4140 6290
364 416 485 487 5η

1432 420 1539 481 DE
1582 418 1956 481 MANUELE
1999 418 2388 480 COMNENO
2431 418 2577 480 LIB.
2624 419 2697 479 V.

3663 429 3783 488 518

377 559 546 633 μόνον
578 556 833 633 ἆναρσίως
866 552 1014 636 ἔχειν
1062 551 1386 627 Ῥωμαίοις,
1436 550 1581 608 ἀλλὰ
1629 552 1720 607 καὶ
1765 526 1875 606 των
1924 552 2022 626 βα-

2135 565 2447 623 eorumque
2476 550 2865 623 grassationes
2898 553 3287 611 intolerabiles
3337 557 3522 625 ratus,
3570 557 3782 619 litteris

378 646 605 703 σιλικῶν
680 644 1081 723 ἀνεπιστρόιρως
1155 641 1397 699 ἀπειλῶν
1469 663 1527 697 τε
1601 640 1692 696 καὶ
1759 639 2022 701 ἐντολῶν.

376 735 714 796 Μετάλλοιοῖ
752 735 934 790 τοίνυν
983 733 1079 797 τὰς
1139 733 1223 789 ἐπ’
1271 733 1455 794 αὐτοῖς
1515 731 1685 806 ῥοπὰς
1746 728 2021 806 βασιλεὺς,

373 828 459 882 καὶ
492 831 576 880 νῦν
613 827 705 898 μέν
742 830 842 881 τοῦ
889 824 1026 879 κατὰ
1086 822 1360 899 Κέρκυραν
1407 821 1756 895 μεμνημένος
1807 820 2021 896 ἔμπειρ-

371 916 696 990 οιλήματος,
773 919 865 968 νῦν
942 911 990 969 δ’
1039 912 1215 969 ἄλλου
1266 918 1457 989 πεῖραν
1497 906 1793 984 λαμϐάνων
1830 913 2021 981 κακοῦ,

367 1006 520 1068 αὖθις
575 1003 623 1059 δ’
682 1004 866 1078 ἑτέρου
924 1002 1014 1058 καὶ
1079 1002 1330 1077 χείρονος
1388 1002 1868 1076 πανουργεύματος
1922 1001 2022 1068 τὴν

367 1092 574 1149 ἐκεῖνου
601 1089 1037 1168 διαρδὲιπίζοντος
1080 1090 1292 1165 ψυχήν,
1352 1089 1427 1151 εἰς
1478 1091 1649 1163 θυμὸν
1689 1086 2023 1164 ἐρῥόχθησεν

368 1181 548 1258 ὥσπερ
607 1181 712 1235 ὕπὸ
772 1178 1064 1249 Καικίουῆ
1118 1177 1417 1254 ἀπαρκτίου
1476 1177 1629 1250 ἅλμη
1689 1174 2023 1252 καταιγιδῶ-

367 1271 454 1335 δες
491 1270 583 1326 καὶ
642 1268 831 1345 ἄγριον
900 1270 1180 1330 πνέοντος.
1251 1268 1357 1325 Καὶ
1425 1263 1614 1336 ἐπειδὴ
1685 1266 1753 1322 τὰ
1813 1265 2021 1321 τούτων

366 1362 698 1433 ἆτοπήματα
730 1356 1039 1434 ὑπέραντλά
1082 1359 1136 1413 οἳ
1193 1354 1467 1424 ἐδέδοκτο,
1525 1356 1825 1431 γράμματα
1873 1354 2025 1432 ἐφοί-

366 1470 474 1507 των
503 1451 641 1505 κατὰ
692 1453 865 1504 πᾶσαν
915 1447 1183 1523 ἐπαρχίαν
1238 1447 1554 1519 Ῥωμαϊκήν
1612 1448 1711 1513 τήν
1763 1449 1872 1500 τῶν
1928 1448 2025 1501 Βε-

370 1539 595 1595 νετίκων
656 1540 992 1613 κατάσχεσιν
1056 1536 1412 1605 ἐπιτείνοντα,
1480 1535 1571 1592 καὶ
1634 1536 1733 1604 τήν
1814 1533 2022 1608 ἡμέραν

370 1627 807 1705 διασημαίνοντα
861 1629 980 1693 καθ’
1036 1627 1105 1698 ἣν
1189 1625 1298 1682 ἔδει
1353 1630 1514 1682 τοῦτο
1545 1624 1787 1701 γενέσθαι
1840 1624 2026 1678 καὶτὰ

370 1718 584 1775 ἐκείνων
635 1717 870 1775 ἒσεῖσθαι
930 1714 1170 1792 δημόσια
1238 1717 1527 1792 χρήματα.
1587 1713 1876 1783 Ἐνστάσης
1933 1712 2025 1768 οὖν

366 1815 465 1880 τῆς
496 1807 832 1885 προθεσμίας
865 1805 1005 1870 ἃπας
1036 1804 1392 1877 συνείληπτο,
1424 1804 1515 1860 καὶ
1562 1807 1671 1860 τῶν
1728 1803 2024 1876 κτημάτων

367 1895 591 1960 ἐκείνοις
620 1898 690 1951 τὰ
736 1897 830 1971 μὲν
892 1895 1013 1972 εἶχε
1056 1895 1120 1951 τὸ
1173 1894 1455 1971 βασιλικὸν
1511 1891 2020 1971 θησαυροφυλάκιον

370 1987 753 2063 ξυνενεχθέντα
782 1986 1000 2054 ὁπόθεν,
1046 1984 1114 2040 τὰ
1176 1983 1354 2040 πλείω
1399 1981 1456 2039 δὲ
1505 1984 1558 2038 o't
1613 1987 2024 2059 τοπαρχοῦντες

370 2074 738 2148 ὲξιδιώσαντο.
772 2076 838 2134 Οἱ
870 2072 917 2130 δ’
946 2074 998 2129 έν
1056 2077 1126 2149 τῇ
1175 2072 1335 2130 πόλει
1372 2075 1469 2136 τὰς
1518 2071 1759 2145 οἷκήσεις
1800 2070 2020 2148 ἔχοντες

368 2163 667 2237 Βενέτικοι,
712 2165 802 2221 καὶ
859 2163 1067 2220 τούτων
1109 2161 1349 2235 μάλιστα
1387 2163 1439 2218 οἱ
1502 2165 1579 2237 μὴ
1617 2161 1822 2240 γάμοις
1878 2162 2024 2235 ὡμι-

367 2255 623 2329 ληκότες,
660 2254 901 2333 δρασμὸν
940 2254 1317 2332 βουλεύονται,
1348 2254 1437 2310 καὶ
1490 2252 1677 2325 ἐπειδὴ
1731 2258 1847 2317 τοῖς
1894 2274 2025 2309 νεω-

373 2349 515 2425 ρίοις
555 2347 790 2421 ένώρμει
842 2352 942 2415 τῆς
997 2343 1215 2407 πόλεως
1274 2349 1401 2408 ναῦς
1466 2348 1576 2400 τῶν
1642 2342 2022 2421 τριαρμενίων,

366 2438 434 2506 ἦς
467 2436 534 2507 δὴ
617 2432 1133 2510 πολυχανδεστέραν
1161 2435 1197 2506 ἢ
1234 2433 1446 2508 μᾶλλον
1495 2434 1558 2489 τὸ
1611 2445 1838 2509 μεγεθος
1887 2453 2024 2506 προ-

376 2528 690 2606 φερεοτέραν
748 2523 810 2580 οὕ
876 2545 1013 2580 ποτε
1066 2529 1261 2600 καιροῦ
1315 2524 1679 2600 ναυλοχήσειν
1742 2525 1829 2596 [Ρ.
1896 2523 2017 2595 112]

378 2613 614 2690 ἐλέγετο,
665 2617 871 2685 ταύτης
929 2614 1122 2677 νυκτὸς
1179 2608 1463 2675 ἐπιϐάντες
1518 2613 1615 2674 τάς
1673 2633 1731 2668 τε
1785 2612 2025 2686 ἀγκύρας

378 2704 640 2778 άνίμησαν
690 2704 887 2761 καὶτὰ
944 2701 1116 2778 λαίφη
1176 2708 1290 2765 τοῖς
1321 2702 1545 2776 ἀνέμοις
1615 2697 2024 2762 διαπετάσαντες

381 2793 764 2865 ἀπενόστησαν.
840 2788 1178 2862 Κατεδίωξαν
1258 2792 1353 2867 μὶν
1422 2792 1512 2846 οὗν
1584 2789 1758 2846 ὀπίσω
1811 2790 2023 2845 τούτων

379 2885 508 2955 νῆες
566 2885 830 2962 πυροόροι
882 2883 974 2938 καὶ
1033 2883 1282 2957 τριήρεις
1343 2880 1621 2956 βασιλικαὶ
1686 2879 1891 2954 πλήρει
1929 2879 2026 2934 ἀν-

384 2970 528 3048 δρῶν
562 2972 614 3027 οἳ
664 2970 787 3034 τοὺς
841 2970 1233 3048 έτεροστόμους
1281 2969 1530 3033 πελέκεις
1569 2970 1655 3025 ἐπὶ
1701 2973 1808 3024 τῶν
1858 2965 2027 3042 ὣμων

375 3062 654 3140 ἀνέχουσι,
728 3061 828 3119 Καὶ
903 3062 1281 3137 προσήγγισαν
1350 3060 1444 3133 μὲν
1513 3063 1594 3132 τῷ
1657 3056 1862 3130 πλοίῳ,
1929 3057 2028 3113 οὐκ

372 3151 609 3227 ἳσχυσαν
641 3148 688 3206 δ’
717 3152 747 3207 ὃ
775 3172 827 3206 τι
858 3152 949 3206 καὶ
983 3148 1253 3225 δράσαιεν,
1283 3148 1375 3203 καὶ
1419 3152 1516 3204 τοῦ
1567 3148 1876 3221 πνεύματος
1935 3147 2027 3220 μὲν

364 3243 466 3312 τήν
499 3247 606 3312 νῆα
635 3239 947 3316 ἐπείγοντος
1003 3241 1080 3303 ὡς
1130 3236 1392 3294 ’ίπτασθαι
1450 3235 1646 3296 δοκεῖν.
1698 3236 1760 3292 οὐ
1808 3235 2027 3292 ναυτίλ-

2134 642 2194 697 in
2221 657 2425 697 omnes
2455 640 2784 713 provincias
2841 642 3036 699 missis
3082 642 3329 701 Venetos
3377 661 3579 704 omnes
3626 655 3783 707 certa

2132 732 2224 786 die
2255 732 2659 804 comprehendi
2691 749 3004 806 eorumque
3064 741 3211 791 bona
3268 736 3551 808 publicari
3604 741 3777 811 jube-

2130 826 2234 877 ret.
2271 822 2426 887 Quod
2453 837 2584 878 cum
2609 823 2681 878 ad
2704 822 3082 879 constitutum
3106 828 3337 896 tempus
3360 828 3575 884 factum
3604 832 3778 900 esset,

2130 927 2447 983 eorumque
2477 912 2630 968 bona
2660 912 2870 984 partim
2903 913 2963 968 in
2997 914 3196 969 fiscum
3255 915 3449 986 relata,
3499 919 3714 989 partim
3749 938 3783 976 a

2132 1001 2471 1069 praesidibus
2502 1002 2930 1073 provinciarum
2963 1011 3244 1076 occupata
3298 1012 3512 1073 essent,
3571 1011 3780 1067 Veneti

2129 1092 2226 1161 qui
2258 1092 2317 1146 in
2351 1091 2491 1148 urbe
2522 1090 2885 1162 habitabant,
2918 1093 3154 1149 cmlibes
3205 1094 3263 1149 in
3315 1097 3540 1167 primis,
3586 1099 3778 1170 fugam

2131 1180 2412 1236 adornant
2446 1198 2460 1249 ;
2496 1180 2739 1251 navique
2786 1182 2972 1238 tribus
3030 1193 3233 1239 ornata
3263 1184 3405 1241 velis
3432 1199 3604 1243 noctu
3636 1205 3778 1245 oon-

2130 1286 2355 1338 scensa,
2386 1287 2498 1341 qua
2556 1271 2720 1326 nulla
2775 1288 3034 1344 unquam
3096 1275 3281 1344 major
3334 1275 3679 1334 aediﬁcatum
3711 1278 3783 1335 iri

2131 1362 2398 1429 creditur,
2432 1362 2696 1418 abierunt
2732 1380 2745 1431 ;
2779 1380 2928 1435 quos
2969 1381 3102 1420 cum
3160 1366 3540 1439 imperatoriae
3601 1385 3781 1426 naves

2132 1451 2370 1506 armatis
2427 1451 2582 1508 224
2649 1453 2852 1522 plenae,
2915 1454 3199 1526 ancipites
3256 1472 3489 1513 secures
3554 1467 3783 1531 gestare

2130 1540 2341 1606 solitis,
2374 1546 2885 1612 persequerentur,
2916 1544 3137 1615 adepta:
3164 1545 3405 1616 quidem
3435 1545 3567 1605 illos
3599 1554 3739 1605 sunt
3766 1566 3780 1607 :

2128 1630 2226 1685 sed
2262 1630 2333 1684 ob
2365 1628 2527 1685 navis
2569 1630 2940 1687 altitudinem
2996 1640 3051 1688 et
3099 1633 3460 1692 velocitatem
3522 1640 3780 1696 secundo

2127 1723 2299 1775 vento
2321 1716 2571 1773 volantis
2602 1719 2784 1791 magis
2815 1736 2992 1791 quam
3019 1724 3330 1790 currentis,
3370 1730 3427 1780 et
3481 1733 3775 1784 vectorum

2126 1805 2454 1875 audaciam,
2486 1822 2545 1863 re
2572 1806 2783 1864 infecta
2812 1809 3052 1865 domum
3110 1813 3293 1867 redire
3349 1820 3489 1869 sunt
3543 1823 3779 1875 coactis.

2125 1893 2330 1951 Veneti
2361 1911 2635 1967 pr03pero
2668 1913 2842 1953 cursu
2872 1897 3139 1955 Venetiae
3170 1899 3440 1972 pervecti,
3498 1919 3652 1959 anno
3682 1921 3776 1961 se-

2128 1989 2341 2054 quente
2393 1984 2580 2041 classe
2638 1984 2943 2050 instructa,
3006 1986 3224 2043 insulas
3281 1989 3668 2061 invaserunt;
3709 2009 3776 2049 ac

2126 2073 2401 2129 Euboeam
2450 2073 2697 2146 ingressi
2752 2076 3035 2147 Euripum
3095 2076 3467 2149 obsederunt,
3498 2084 3555 2137 et
3610 2088 3779 2154 parte

2128 2163 2383 2232 quadam
2414 2162 2543 2233 ejus
2572 2166 2854 2234 occupata
2884 2162 3079 2235 ignem
3121 2164 3383 2221 tedificiis
3432 2166 3782 2238 injecerunt.

2127 2252 2274 2309 Vere
2306 2253 2560 2309 instante
2585 2253 2720 2308 inde
2752 2252 2963 2311 Chium
2998 2254 3372 2328 appulerunt.
3406 2257 3530 2322 Qua
3585 2276 3647 2317 re
3676 2275 3783 2316 au-

2128 2342 2245 2399 dita
2298 2340 2526 2398 Manuel
2616 2358 2896 2416 magnum
2983 2344 3192 2401 ducem
3244 2348 3779 2419 Contostepbanum

2127 2432 2547 2498 Andronicum,
2605 2447 2740 2488 cum
2801 2433 3045 2489 navibus
3113 2435 3348 2517 circiter
3404 2454 3469 2493 CL
3523 2437 3777 2512 ablegat,

2129 2521 2283 2593 quod
2317 2537 2423 2577 nec
2452 2523 2664 2578 Veneta
2711 2521 2920 2578 classis
2976 2525 3166 2579 minor
3223 2529 3369 2594 erat,
3428 2543 3780 2599 summaque

2128 2609 2427 2682 diligentia
2456 2613 2514 2665 et
2541 2611 2696 2666 omni
2732 2616 3015 2682 apparatu
3049 2617 3114 2666 ut
3143 2613 3214 2667 ad
3249 2629 3523 2683 magnum
3554 2616 3774 2673 bellum

2128 2705 2186 2758 et
2215 2705 2417 2758 contra
2445 2701 2645 2758 hostes
2709 2702 3005 2759 Romanos
3064 2703 3349 2760 instructa
3404 2711 3550 2776 erat,
3583 2708 3782 2763 multis

2128 2793 2305 2848 etiam
2362 2791 2739 2848 auxiliaribus
2798 2792 3192 2848 Sclavinorum
3253 2794 3503 2851 navibus
3560 2797 3783 2852 ascitis.
3834 2788 3838 2792 ’

2129 2882 2405 2938 Caeterum
2435 2883 2506 2938 ad
2538 2882 2787 2954 primam
2826 2882 3039 2938 famam
3074 2882 3458 2955 expeditionis
3489 2885 3782 2943 Romano-

2131 2989 2257 3029 rum
2291 2972 2504 3027 turbati
2563 2972 2623 3026 in
2681 2986 2854 3028 naves
2918 2986 2981 3026 se
3018 2971 3408 3040 contulerunt,
3443 2975 3588 3031 etin
3632 2975 3781 3032 alias

2131 3061 2280 3119 225
2316 3060 2539 3116 insulas
2570 3060 2819 3115 subinde
2875 3060 3147 3132 fugiendo
3207 3062 3584 3133 transieruni,
3619 3070 3684 3119 ut
3723 3069 3781 3122 et

2128 3150 2275 3222 ipsis
2296 3149 2645 3206 mutationes
2677 3149 2978 3206 laboriosa:
3009 3153 3224 3218 essent,
3259 3154 3315 3206 et
3351 3151 3600 3208 Romani
3629 3168 3780 3226 aagre

2134 3242 2351 3296 ferrent
2400 3239 2696 3313 negotium
2757 3240 2956 3296 minus
3014 3240 3259 3297 feliciter
3314 3245 3628 3300 succedere
3681 3261 3786 3301 nec

373 3332 579 3400 λεσθαι,
633 3328 955 3390 ἀπειπόντες
1006 3325 1062 3383 δέ
1124 3325 1364 3401 μάλιστα
1418 3327 1557 3402 πρὸς
1611 3327 1674 3381 τὸ
1729 3331 1833 3396 τῆς
1889 3326 2019 3397 νηὸς

2136 3330 2248 3386 sibi
2278 3329 2576 3402 pugnandi
2635 3333 2977 3402 potestatem
3034 3331 3107 3386 ab
3168 3330 3332 3388 hoste
3380 3332 3527 3389 ﬁeri.
3558 3333 3783 3390 Andro-

372 3417 507 3494 ὕψος
554 3421 802 3495 ἀτεχνῶς
842 3411 1128 3472 ἀναϐαῖνον
1185 3415 1367 3490 ἀέριον
1407 3415 1499 3471 καὶ
1540 3415 1603 3471 τὸ
1654 3412 2025 3489 ἀπονενοημέ-

376 3531 466 3565 νον
496 3514 605 3566 τῶν
638 3507 1017 3584 ἐμπλεόντων.
1050 3506 1154 3564 Καὶ
1210 3507 1334 3561 τότε
1384 3507 1478 3579 μὲν
1507 3508 1542 3575 ἠ
1570 3506 1764 3580 πατρὶς
1810 3505 2026 3561 Βενετία

377 3600 493 3676 εἶχε
520 3598 752 3661 τούτους
804 3594 1301 3666 εύθυπλοήσανταςο
1360 3596 1497 3650 κατὰ
1554 3592 1613 3650 δὲ
1666 3595 1757 3650 τὸν
1807 3593 2028 3650 ἐπιόντα

378 3688 614 3745 ἱνιαυτὸν
658 3684 857 3743 στόλον
902 3684 1249 3761 κρατύναντες
1297 3685 1393 3746 τὰς
1439 3686 1639 3754 νήσους
1689 3683 2024 3761 ἐπήρχοντο,

387 3776 436 3840 ἒς
484 3775 540 3833 at
591 3778 694 3848 τὴν
754 3769 990 3834 Εὔϐοιαν
1046 3771 1456 3837 εἴσπλεύσαντες
1522 3772 1882 3849 ἐπολιόρκουν
1936 3775 2027 3829 τὸν

380 3865 633 3940 Εὔριπον,
664 3867 759 3922 καὶ
811 3863 976 3939 μέρος
1029 3885 1085 3919 τι
1128 3863 1325 3919 τούτου
1379 3868 1673 3939 κατασχεῖν
1723 3860 2025 3936 δεδυνημέ-

377 3976 459 4012 νοι
489 3961 596 4032 πῦρ
625 3961 744 4017 τοῖς
783 3951 1101 4015 οἴκοπέδοις
1158 3952 1398 4030 ὑφῆψαν.
1459 3953 1665 4027 Ἕαρος
1715 3942 1761 4007 δ’
1794 3952 2028 4030 ὑποφαί-

376 4066 563 4108 νοντος
594 4044 795 4102 ἐκεῖθεν
838 4044 1155 4118 ἀνήχθησαν
1211 4042 1301 4097 καὶ
1360 4043 1497 4114 πρὸς
1552 4043 1652 4112 τὴν
1707 4049 1869 4112 νῆσον
1928 4045 2025 4112 τήν

375 4132 512 4189 Χίον
551 4138 814 4205 κατῆραν.
855 4129 1007 4187 Ἐπεὶ
1067 4127 1124 4183 δὲ
1178 4126 1408 4183 πύθοιτο
1464 4130 1631 4183 ταῦτα
1686 4128 1716 4183 ὁ
1772 4127 2027 4204 βασιλεὺς

377 4221 660 4291 Μανουήλ,
694 4216 915 4276 στέλλει
943 4219 1035 4274 τὸν
1097 4219 1261 4292 μέγαν
1316 4215 1482 4274 δοῦκα
1524 4218 1616 4272 τὸν
1662 4217 2029 4291 Κοντοστέιοαο

375 4332 461 4365 νον
490 4307 836 4386 Ἀνδρόνικον
879 4307 1003 4383 περὶ
1062 4323 1167 4362 που
1216 4307 1311 4369 τὰς
1366 4305 1554 4361 ἑκατὸν
1614 4326 1707 4361 και
1743 4308 2032 4376 πεντήκον-

377 4425 441 4460 τα
511 4405 757 4480 τριήρεις
833 4399 1053 4478 ἔχοντα,
1130 4398 1215 4455 ὅτι
1295 4398 1436 4473 μηδὲ
1494 4403 1602 4455 τῶν
1657 4399 1951 4456 Βενετίκων
2002 4402 2029 4456 ὁ

378 4491 571 4555 στόλος
601 4492 669 4561 ἦν
706 4488 1042 4565 ἐνδεέστερος
1100 4485 1137 4558 ἤ
1199 4485 1389 4551 ἄλλως
1443 4488 1505 4542 τὸ
1553 4486 2028 4563 κατετπουδασμέο

379 4602 464 4636 νον
519 4578 665 4657 ἔχων
752 4580 830 4654 μὴ
916 4571 1405 4653 κατηκριϐιημένον
1487 4574 1540 4630 έν
1626 4572 1811 4631 ἅπασι·
1896 4580 2031 4652 πρὸς

380 4673 477 4748 γὰρ
553 4672 738 4748 ἀγῶνα
818 4666 984 4744 μέγαν
1062 4667 1155 4721 καὶ
1231 4666 1632 4742 ἀνταγωνιστὰς

380 4759 801 4834 ἑτοιμασάμενοι
876 4757 932 4812 εῦ
1008 4754 1379 4831 ἁπανταχόθεν
1466 4755 1848 4827 ἠρμόσθησαν,
1941 4757 2030 4813 καὶ

377 4846 734 4925 συμμαχίδας
765 4844 867 4901 οὐκ
896 4843 1093 4920 ὀλίγας
1126 4852 1261 4915 νῆας
1293 4842 1569 4922 ἐπήγοντο
1602 4842 1709 4899 ἂπὸ
1765 4851 1869 4915 τῆς
1919 4851 2026 4902 τῶν

383 4935 700 5005 Σθλαϐίνων
758 4933 1170 5012 ἐκπορισθείσας
1227 4937 1416 5010 χώρας
1475 4934 1720 4996 ἐκείνοις.
1778 4937 1921 5011 Πρὸς
1974 4937 2031 4994 δὲ

372 5031 471 5100 τὴν
503 5031 733 5106 πρώτην
764 5026 1189 5088 ἀποκναίσαντες
1241 5026 1411 5096 ἀκοήν
1457 5032 1559 5096 τῆς
1612 5029 1721 5080 τῶν
1786 5029 2027 5100 Ῥωμαῖ.

369 5123 484 5175 κῶν
546 5123 693 5189 νηῶν
758 5114 1066 5178 ἀποπλοίας
1130 5116 1280 5189 παρὰ
1328 5114 1520 5185 κώπην
1575 5113 1763 5184 ἲζανον
1831 5119 2027 5183 πάντες

368 5209 458 5266 καὶ
516 5205 932 5283 κατεδάρθανον.
998 5203 1194 5261 Τοίνυν
1254 5201 1510 5267 λύσαντες
1568 5204 1630 5259 ἐκ
1694 5205 1832 5262 Χίου
1888 5209 2026 5282 πρὸς

2132 3421 2299 3476 nicus
2354 3436 2487 3476 vero
2542 3419 2783 3477 Maleam
2847 3437 3033 3492 usque
3111 3430 3442 3492 provectus,
3519 3439 3653 3480 cum
3725 3441 3789 3481 se

2131 3527 2199 3567 ea
2229 3510 2393 3582 sequi
2425 3514 2684 3566 cerneret
2735 3526 2862 3581 quas
2917 3509 3147 3581 assequi
3208 3526 3325 3566 non
3386 3517 3601 3582 posset,
3648 3530 3779 3569 con-

2131 3617 2294 3657 verso
2334 3616 2506 3655 cursu
2536 3600 2592 3656 in
2625 3609 2855 3672 portum
2890 3598 3272 3671 Byzantinum
3328 3601 3519 3655 rediit.
3589 3604 3782 3656 Enim-

2131 3705 2264 3745 vero
2320 3688 2546 3757 Veneti,
2604 3704 2738 3743 cun:
2788 3704 2927 3744 suos
2991 3687 3140 3744 bello
3230 3704 3437 3761 parum
3501 3690 3780 3760 proﬁcere

2131 3779 2415 3845 viderent,
2448 3793 2583 3833 cum
2614 3792 2747 3849 rege
2796 3776 3005 3833 Sicilire
3060 3793 3257 3848 pacem
3309 3777 3594 3846 fecerunt,
3637 3780 3779 3834 utsi

2133 3883 2295 3923 arma
2317 3866 2401 3922 eis
2423 3863 2967 3929 inferrentur,illius
2986 3863 3215 3919 auxiliis
3258 3870 3457 3920 contra
3486 3864 3781 3921 Romanos

2133 3955 2598 4011 defenderentur.
2631 3953 2712 4008 Ea
2743 3953 2896 4007 fama
2951 3952 3241 4023 impulsus
3294 3954 3631 4025 imperator,
3663 3971 3778 4011 non

2133 4046 2372 4117 ignarus
2394 4059 2541 4115 saepe
2567 4057 2635 4097 ex
2662 4041 2772 4097 levi
2804 4058 2982 4098 causa
3039 4058 3274 4111 magnas
3332 4042 3685 4099 mutationes
3725 4049 3786 4100 et

2134 4136 2399 4203 ingentes
2427 4131 2789 4189 calamitates
2846 4145 2976 4188 esse
3032 4136 3213 4199 ortas,
3245 4131 3553 4204 antiquum
3594 4135 3784 4191 foedus

2134 4241 2266 4282 cum
2288 4223 2523 4281 Venetis
2554 4220 2870 4278 renovavit.
2930 4221 3002 4277 Et
3059 4236 3396 4292 quanquam
3454 4238 3551 4278 eos
3582 4240 3616 4278 a
3646 4240 3788 4296 pace

2135 4312 2430 4372 Siciliensi
2469 4311 2715 4369 avellere
2773 4326 2889 4367 non
2922 4313 3163 4382 poterat,
3196 4314 3392 4366 tamen
3452 4295 3786 4383 petentibus

2134 4405 2364 4461 veniam
2389 4402 2569 4471 dedit,
2605 4417 2785 4471 eaque
2830 4399 3089 4456 restituit
3111 4399 3328 4469 omnia,
3361 4415 3488 4471 quae
3508 4402 3578 4456 de
3607 4418 3787 4470 more,

2138 4499 2201 4549 ut
2258 4491 2502 4549 Romani
2552 4490 2726 4554 cives,
2793 4488 3213 4545 obtinuerant:
3274 4496 3328 4543 et
3372 4488 3657 4560 quidquid
3718 4491 3788 4546 de

2135 4598 2333 4639 eorum
2365 4582 2577 4654 opibus
2608 4580 2665 4635 in
2696 4578 2905 4634 iiscum
2938 4578 3183 4634 relatum
3216 4580 3360 4644 erat,
3395 4577 3635 4633 reddere
3667 4594 3784 4635 non

1722 4667 2025 4740 Ῥωμαίους

2139 4673 2294 4729 226
2326 4670 2613 4727 recusavit
2645 4688 2661 4739 ;
2693 4668 2791 4725 sed
2849 4668 2962 4738 ipsi
3019 4666 3196 4724 aliam
3226 4665 3683 4722 commodiorem
3733 4674 3789 4722 et

2141 4762 2432 4818 utiliorem
2466 4759 2750 4815 rationem
2778 4757 2990 4828 secuti,
3035 4764 3096 4813 ut
3150 4755 3374 4812 strenui
3429 4761 3485 4810 et
3544 4755 3788 4813 solertes

2139 4853 2508 4920 mercatores,
2540 4847 2763 4904 omissa
2794 4846 3054 4918 pecuniae
3113 4862 3231 4901 suae
3290 4844 3637 4917 repetitione
3689 4861 3790 4918 pe-

2138 4939 2404 5013 pigerunt
2432 4943 2494 4993 ut
2553 4937 2666 4991 sibi
2731 4933 3067 5007 quindecim
3126 4934 3252 4988 auri
3307 4934 3630 4991 centenarii
3684 4951 3791 5007 pro

2138 5028 2470 5087 confiscatis
2542 5024 2713 5082 bonis
2786 5024 3064 5080 darentur
3117 5041 3133 5095 ;
3194 5040 3324 5095 quae
3384 5040 3618 5081 summa
3674 5041 3792 5083 non

2137 5119 2338 5189 simul,
2407 5117 2509 5175 sed
2569 5113 2833 5188 pluribus
2889 5112 3272 5187 pensionibus
3357 5115 3443 5171 eis
3502 5114 3798 5188 persoluta

2137 5216 2246 5269 est.

367 5300 556 5377 ἑτέρας
614 5299 820 5368 νήσους
883 5289 1220 5369 μενέϐαινυν,
1275 5293 1538 5351 κακείνων
1596 5294 2019 5373 ἀπανιστάμενοι
2074 5301 2167 5357 καὶ
2222 5300 2307 5356 ἀεὶ
2363 5297 2644 5376 φεύγοντες
2699 5292 2898 5354 ἄλλαις
2981 5290 3340 5368 προσέπλεον,
3400 5292 3479 5354 ὡς
3534 5292 3795 5367 πράγμα-

366 5408 430 5455 τα
470 5384 622 5466 ἔχειν
682 5384 968 5447 κάκείνους
1024 5382 1120 5447 τὰς
1178 5384 1381 5454 νήσους
1436 5378 1783 5458 ἀμείϐοντας,
1841 5389 1929 5443 καὶ
1983 5390 2295 5464 Ῥωμαίους
2330 5389 2409 5442 ’ἓν
2461 5384 2625 5457 δεινῷ
2681 5383 2926 5448 τίθεσθαι
2994 5381 3081 5438 ὅτι
3139 5384 3215 5455 μὴ
3277 5380 3505 5456 εὖρόησέ
3556 5401 3735 5457 σφισιν
3768 5381 3797 5438 ὁ

368 5476 599 5553 πλοῦ,ἤ
646 5479 779 5552 γοῦν
836 5472 1175 5551 ἀντίπρωροι
1230 5479 1346 5538 τοῖς
1404 5472 1710 5537 Βενετίκοις
1767 5476 2037 5554 ἒγένοντο.
2096 5482 2187 5542 Ὠς
2228 5476 2285 5535 δὲ
2346 5476 2513 5553 μέχρι
2574 5474 2664 5531 καὶ
2724 5472 2888 5530 αὐτοῦ
2946 5470 3170 5531 Μαλέου
3225 5471 3517 5552 πεφθακὼς
3571 5467 3795 5547 Ἀνδρό-

369 5586 513 5630 νικος
568 5566 641 5638 ἧν
695 5560 917 5621 διώκων
969 5559 1228 5637 ἄντικρυς
1281 5563 1348 5619 τὰ
1405 5562 1649 5638 ἀκίχητα
1704 5563 1741 5633 ἤ
1798 5572 1899 5636 τῆς
1954 5569 2187 5648 Ἀργοῦς
2245 5566 2424 5623 ὀπίσω
2480 5561 2923 5640 ποντοπορεύων,
2981 5561 3229 5636 πρύμναν
3286 5558 3662 5635 κρουσάμενος
3716 5562 3796 5630 τῷ

373 5651 555 5729 λιμένι
585 5651 872 5733 προσέσχε
897 5657 996 5721 τῆς
1027 5650 1268 5715 πόλεως.
1303 5653 1365 5708 Oi
1419 5649 1476 5708 δὲ
1525 5650 1799 5710 Βενέτικοι
1844 5656 1908 5712 τὸ
1962 5645 2365 5732 διάπολέμων
2419 5656 2630 5718 ἑαυτοῖς
2684 5651 2971 5727 ἐπαμύνειν
3033 5651 3227 5708 οῦκουν
3284 5648 3360 5711 εἷς
3410 5645 3607 5733 ἀγαθὸν
3655 5664 3796 5733 προτ-

372 5737 543 5804 6αῖνον
572 5731 816 5823 ὁρῶντες
853 5742 987 5815 μετὰ
1009 5746 1108 5798 τοῦ
1159 5741 1329 5817 ῥηγὸς
1376 5741 1693 5800 ἰσπείσαντο
1755 5743 2036 5821 Σικελίας,
2091 5749 2167 5804 ’ἶν’
2224 5731 2463 5813 ιντεῦθεν
2525 5745 2856 5822 εὖθυωροῖτο
2912 5740 3132 5804 τούτοις
3178 5739 3245 5796 τὰ
3287 5742 3390 5807 τῆς
3436 5731 3649 5808 ἀμύνῃς
3697 5731 3790 5802 τιςῖ
