4140 6290
409 386 528 448 519
1729 376 2040 439 NICE'l‘JE

2123 375 2514 439 ΞΗΟΝΙΔΤᾹΞ
3709 384 3834 448 820

411 514 598 598 ἔχοιεν
634 515 730 570 τὸν
783 509 1238 587 ἐπικουρήσοντα,
1299 507 1348 564 ei
1403 509 1673 582 Ῥωμαῖοι
1723 509 1838 563 κατ’
1899 507 2078 563 αὐτῶν
2136 506 2361 565 ἐπίοιεν.
2426 509 2488 566 Ὀ
2544 506 2602 564 δὶ
2661 507 2918 586 βασιλεὺς
2977 509 3077 565 οὔκ
3119 511 3558 587 ἀφροντιστήσας
3611 517 3820 574 τούτων

409 595 520 664 των
580 601 934 678 ἀκουσμάτων
992 595 1135 674 (ᾔδει
1194 599 1292 674 γὰρ
1353 597 1428 660 ὠς
1486 597 1576 652 καὶ
1635 597 1816 676 φαύλη
1877 597 2022 652 αἰτία
2077 595 2350 659 πολλάκις
2411 603 2832 672 παρεμπεσοῦσα
2888 597 3117 655 πολλῶν
3156 601 3500 674 πραγμάτων
3566 603 3827 678 ὠδινήκει

411 691 716 770 μεταϐολὰς
779 693 867 748 καὶ
935 690 1218 769 συμφορὰς
1281 690 1532 745 ἀπέτεκεν
1589 690 1950 766 ὑπερόγκους)
2037 689 2171 762 πρὸς
2247 690 2342 751 τάς
2400 689 2670 762 προτέρας
2758 690 2892 764 μετά
2983 694 3090 745 τῶν
3173 693 3468 748 Βενετίκων
3555 697 3820 770 ξυνθήκας

405 781 730 859 ἀπέϐλεψεν,
783 783 856 843 ὡς
903 781 1026 850 ἐνῆν
1091 783 1204 853 μὲν,
1255 780 1634 855 ἠγωνισμένος
1681 779 1958 851 ἀκυρῶσαι
2016 778 2112 841 τὰς
2169 778 2306 851 μετά
2359 783 2456 834 τοῦ
2543 780 2714 854 ῥηγὸς
2801 778 3056 834 Σικελίας
3111 781 3320 838 τούτων
3384 781 3616 850 σπονδὰς
3688 790 3817 844 τοῦ-

405 898 516 932 των
571 853 638 930 δὲ.
691 874 767 946 μὴ
825 870 1197 942 ἀθετουμένων
1258 868 1347 924 καὶ
1406 869 1579 930 οὕτως
1637 868 1830 928 αὐτοὺς
1901 866 2359 938 ἐπισπασάμενος,
2441 867 2532 924 καὶ
2609 869 2947 939 ἀνεξικακίαν
3023 869 3371 944 αἰτουμένοις
3453 875 3542 930 καὶ
3625 877 3813 954 φιλίαν

408 962 852 1036 προσεπινείμας.
905 963 1041 1017 Ὅσα
1099 957 1276 1014 τοίνυν
1331 953 1493 1029 ἔθιμα
1551 959 1617 1027 ἧν
1676 957 1860 1019 αὐτοῖς
1920 955 2262 1018 ἰσοπολίταις
2343 957 2462 1011 οὖσι
2545 958 2867 1030 Ῥωμαίοις,
2966 956 3431 1034 ἀνανεωσάμενος,
3517 961 3640 1018 οὐδὲ
3713 971 3814 1022 τοῦ

402 1054 702 1112 ἀποδοῦναι
761 1055 888 1130 γοῦν
946 1050 1216 1128 ἀπέσχετο
1273 1049 1410 1123 ’ἀπερ
1463 1057 1560 1117 τῆς
1626 1047 1807 1109 οὐσίας
1863 1053 2010 1121 σφῶν
2068 1049 2104 1117 ἡ
2163 1045 2438 1123 βασίλειος
2498 1049 2635 1122 γάζα
2693 1045 2921 1125 ἔστεγεν.
2985 1050 3051 1107 Οἱ
3109 1047 3166 1105 δὲ
3222 1053 3320 1118 τήν
3377 1049 3665 1126 κιρδαλεαν
3727 1057 3803 1120 ὡς

400 1142 640 1222 ἔμποροι
725 1141 855 1217 μηδ’
914 1142 1100 1202 αὐτοῖς
1156 1139 1247 1194 καί
1307 1139 1524 1214 βασιλεῖ
1590 1137 1854 1214 ἀργαλέαν
1927 1137 2266 1213 τραπόμενοι
2339 1138 2429 1192 ’τὸν
2511 1139 2604 1210 μὲν
2682 1135 2986 1212 ἀναδασμὸν
3026 1143 3134 1194 τῶν
3213 1139 3424 1196 οἰκείων
3496 1145 3803 1218 χρημάτων

399 1237 612 1310 χαίρειν
680 1231 882 1298 εἶάσαν,
955 1229 1266 1307 σοφιστικόν
1331 1250 1383 1282 τι
1449 1229 1536 1282 καὶ
1607 1225 1934 1302 δραστήριον
2001 1225 2370 1295 ὲννοήσαντες,
2443 1226 2504 1281 ἐκ
2561 1224 2618 1281 δὲ
2674 1227 2974 1307 συμφώνου
3050 1227 3380 1300 συνήλθοσαν
3457 1228 3582 1286 δέκα
3662 1235 3798 1308 πρὸς

387 1330 504 1386 τοῖς
565 1322 723 1378 πέντε
778 1321 1010 1396 χρυσίου
1063 1319 1331 1392 λήψεσθαι
1394 1318 1715 1390 κεντηνάρια
1769 1317 1880 1380 ἄνθ’
1939 1317 2014 1370 ὧν
2070 1314 2358 1370 ἀπώλεσαν
2408 1316 2716 1393 χρημάτων
2783 1314 3171 1377 παντοδαπῶν.
3267 1317 3371 1376 Καὶ
3427 1320 3580 1398 εἶχον
3632 1325 3800 1377 ταῦτα

387 1415 501 1488 οὐχ
528 1413 662 1487 ἅμα,
698 1408 970 1474 πολλάκις
1001 1407 1057 1462 δὲ
1089 1407 1506 1486 χορηγούμενα.

396 1559 3806 1584 W

1637 1729 2064 1827 ΤΟΜΟΣ
2157 1731 2562 1828 ΕΚΤΟΣ

1309 1935 1452 1992 ΤΗΣ
1495 1933 1877 1990 ΒΑΣΙΛΕΙΑΣ
1920 1932 2271 1988 ΜΑΝΟΥΗΛ
2307 1932 2442 1989 ΤΟΥ
2479 1933 2889 1991 ΚΟΜΝΗΝΟΥ.

2061 2106 2132 2120 c—v

1609 2228 1975 2322 LIBER
2060 2227 2556 2324 SEXTUS.

1312 2436 1562 2493 RERUM
1599 2437 1645 2494 A
1683 2436 2024 2494 MANUELE
2063 2437 2412 2496 COMNENO
2451 2438 2860 2496 GESTABUM.

2225 2755 2290 2806 α’.
2330 2749 2491 2807 Ἀλλ’
2548 2749 2692 2807 οὕτω
2754 2751 2848 2826 μὶν
2901 2755 3070 2808 ταῦτα
3127 2750 3379 2824 διήνυστο
3434 2758 3515 2828 τῷ
3577 2755 3800 2831 βασιλεῖ

2145 2837 2433 2910 Μανουῆλ·
2494 2841 2522 2894 ὁ
2555 2835 2612 2894 δὲ
2661 2839 2830 2915 λόγος
2882 2836 3224 2914 προϐαινέτω
3269 2848 3388 2906 τοῖς
3440 2841 3648 2921 ἐφεξῆς,
3707 2849 3798 2903 καὶ

2147 2924 2350 2983 διδότω
2379 2931 2448 3002 τῇ
2485 2929 2696 3003 ἱστορίᾳ
2734 2929 2808 2991 ὡς
2865 2928 3088 2985 ἕκαστον
3147 2927 3264 3010 ἔχει
3303 2930 3395 2986 καὶ
3456 2934 3662 3008 χρόνου
3708 2937 3798 2992 καὶ

461 2760 639 2816 1.Ηοο
668 2754 900 2828 negotio
921 2751 1182 2808 confecto
1229 2749 1463 2805 Manuel
1512 2753 1714 2806 contra
1744 2751 2036 2807 sultanum
2071 2754 2118 2819 Α

385 2850 582 2908 educit
612 2847 826 2918 ecpias,
864 2843 1161 2898 hominem
1192 2841 1436 2908 inquieti
1471 2839 1713 2911 ingenii,
1756 2840 2034 2898 Romana-

385 2955 518 2998 rum
569 2933 992 3009 provinciarum
1061 2935 1371 3000 perpetuas
1460 2929 1827 2984 incursiones
1910 2931 2032 2985 suis

379 3031 823 3094 Turcarumquc
842 3021 1048 3092 Opibus
1071 3018 1353 3089 augendis
1386 3017 1729 3073 utilissimas
1752 3017 2028 3088 judican-

379 3123 518 3174 tem.
551 3115 736 3180 Quare
772 3109 915 3165 nihil
963 3107 1062 3164 otii
1087 3106 1526 3162 concedendum
1547 3107 1622 3169 ei,
1647 3107 1746 3161 sed
1779 3107 2028 3162 subinde

378 3205 560 3263 armis
599 3199 858 3256 vicissim
888 3196 1298 3252 lacessvndum
1329 3211 1458 3249 esse
1491 3196 1733 3266 putavit.
1779 3195 2027 3250 Proinde

377 3295 539 3352 nulla
565 3292 797 3352 fmdera,
831 3287 1003 3342 nulla:
1031 3287 1302 3350 induciae,
1345 3284 1662 3355 legationes
1727 3285 1896 3340 nullae
1927 3301 2023 3341 ex-

377 3383 704 3455 peditiones
738 3392 938 3433 eorum
970 3373 1369 3439 morabantur,
1395 3388 1529 3427 cum
1565 3378 1807 3444 uterque
1834 3375 2023 3429 audax

375 3471 523 3528 227
551 3473 606 3524 et
637 3466 770 3523 belli
804 3463 1050 3536 cupidus
1083 3461 1376 3517 levissima
1425 3461 1495 3516 de
1525 3475 1705 3516 causa
1735 3461 1808 3517 ad
1855 3478 2021 3518 arma

374 3560 540 3617 alteri
570 3555 869 3614 inferenda
903 3557 1250 3610 moveretur.
1309 3549 1462 3605 Nihil
1521 3549 1705 3620 igitur
1755 3552 1841 3605 eis
1897 3556 2020 3606 erat

376 3647 670 3719 antiquius
703 3661 875 3717 quam
913 3647 1192 3714 perpetuo
1242 3640 1300 3694 in
1359 3641 1538 3694 armis
1577 3655 1724 3706 esse,
1761 3639 2017 3710 legiones

366 3737 726 3802 contrahere,
761 3735 912 3789 inter
942 3747 1070 3787 sese
1099 3731 1414 3787 decertare.
1458 3729 1572 3784 lloc
1598 3735 1826 3784 tantum
1861 3729 2015 3785 inter

367 3845 466 3884 eos
495 3828 784 3890 intererat,
841 3821 994 3894 quod
1055 3821 1329 3875 sultanus
1389 3832 1598 3889 magno
1657 3818 1900 3875 consilio
1956 3823 2013 3876 et

367 3913 722 3990 providentia
779 3910 966 3967 omnia
1043 3908 1508 3963 administrabat.
1568 3911 1635 3962 At
1697 3907 2012 3978 imperator

363 4020 644 4078 generoso
677 4001 950 4074 praeditus
978 3998 1194 4063 animo,
1229 4013 1362 4052 acer
1389 4011 1442 4050 In
1479 3995 1687 4067 pugnis
1726 4001 1784 4052 et
1832 4013 2008 4052 manu

2142 3016 2491 3091 πράγματος.
2526 3019 2645 3074 Ἐπῖ
2680 3018 2785 3092 γὰρ
2827 3017 2926 3073 οὐκ
2971 3021 3036 3089 ἦν
3086 3018 3323 3096 ἡσυχίαν
3371 3021 3463 3076 τὸν
3506 3021 3800 3081 σουλτάνον

2142 3106 2500 3174 ἀσπάσασθαι,
2559 3105 2694 3178 ἃπαξ
2756 3105 3066 3179 ἐπιτήδειον
3127 3109 3301 3182 ἑαυτῷ
3373 3111 3510 3187 πρὸς
3565 3131 3795 3187 χρημα-

2137 3195 2332 3269 τισμὸν
2373 3195 2462 3250 καὶ
2523 3201 2641 3258 τοῖς
2709 3196 2979 3270 Τοῦρκοις
3047 3194 3105 3253 δὲ
3170 3197 3320 3262 ὅλως
3383 3200 3784 3274 ἀνυσιμώτατον

2137 3282 2331 3360 γνόντα
2368 3283 2432 3338 τὸ
2480 3283 2561 3339 ἀεὶ
2615 3284 2704 3340 ἐπὶ
2769 3285 2837 3341 τά
2897 3285 3190 3360 Ῥωμαίωι
3254 3289 3378 3361 ὅρια
3441 3289 3791 3365 ἐκκεχόσθαι,

2137 3369 2294 3444 ἔξεισι
2355 3373 2446 3427 καὶ
2503 3372 2669 3429 πάλιν
2728 3376 2844 3429 κατ’
2885 3376 3052 3430 αὐτοῦ
3103 3376 3376 3450 βασιλεύς.
3423 3378 3500 3435 Τά
3545 3377 3778 3436 πλεῖστα

2135 3459 2316 3534 μέντοι
2366 3458 2482 3516 οὔδ’
2546 3461 2708 3526 αὺτὸς
2775 3461 2858 3518 εὛα
2923 3464 3016 3519 τὸν
3086 3468 3413 3542 Περσάρχην
3477 3465 3775 3538 καθεύδειν,

2131 3547 2256 3606 ἀλλ’
2289 3549 2387 3604 ὅσα
2415 3549 2506 3605 καὶ
2537 3552 2675 3627 θῆρα
2731 3553 2996 3625 ὠμηστὴν
3049 3552 3466 3631 ἐφυπνώττοντα
3505 3558 3779 3634 ἐξηγρίαι-

2129 3662 2212 3696 νεν
2291 3641 2604 3696 ὑπονῦσσων
2679 3643 2766 3698 καὶ
2843 3648 2940 3698 τοῦ
3013 3643 3204 3699 κοίτου
3279 3645 3470 3718 ἀνίστη
3513 3649 3600 3703 καὶ
3641 3649 3778 3723 πρὸς

2131 3730 2319 3805 μάχην
2395 3729 2664 3806 ἠρέθιζεν.
2743 3732 2910 3805 Ἀτὰρ
2986 3730 3104 3788 οὐδ’
3176 3733 3458 3810 ἀνακωχαὶ
3506 3735 3768 3810 πολέμων

2127 3815 2240 3874 οὐδ’
2272 3819 2567 3895 ἐκεχειρίαι
2609 3824 2716 3876 τῶν
2767 3821 3084 3895 ἀντιτάξεων
3133 3819 3360 3877 σπονδαί
3401 3843 3462 3878 τε
3509 3825 3599 3879 καὶ
3645 3825 3774 3896 ξυν-

2125 3915 2288 3978 θῆκαι
2341 3909 2432 3962 καὶ
2487 3906 2964 3983 διακηρυκεύματα
3017 3905 3292 3986 πρέσϐεων
3351 3911 3610 3989 ἀπεῖργον
3665 3913 3762 3977 τάς

2120 3999 2240 4052 κατ’
2311 3997 2580 4070 ἀλλήλων
2655 3997 2962 4064 έπελεύσεις
3033 3999 3123 4055 καὶ
3195 3999 3561 4080 ἀπετείχιζον·
3637 4001 3772 4059 ἀλλ’

364 4105 664 4158 strenuus,
724 4089 951 4162 quoties
1009 4087 1206 4142 hostes
1261 4087 1524 4156 ingruere
1581 4093 1634 4141 et
1685 4086 2008 4154 provincias

2123 4081 2286 4160 ἄμφω
2324 4086 2463 4161 πρὸς
2512 4086 2872 4162 θερμουργίαν
2928 4083 3074 4151 ὄντες
3129 4085 3437 4164 ὶπιῤῥεπεῖς
3486 4089 3578 4145 καὶ
3634 4091 3774 4166 πρὸς

365 4186 513 4240 male
546 4187 793 4237 tractare
819 4177 1110 4243 audiebat,
1145 4176 1370 4245 primus
1418 4191 1566 4246 equo
1602 4190 1918 4230 conscenso
1949 4175 2010 4232 in

363 4271 631 4330 militiam
663 4267 1090 4341 egrediebatur.
1125 4264 1435 4320 Durilzeum
1472 4270 1668 4319 autem
1720 4263 2012 4320 instaura-

361 4368 528 4418 turus
563 4358 861 4414 sultanum
893 4356 964 4412 ad
1001 4353 1212 4409 bellum
1273 4353 1624 4420 concitavit;
1685 4353 1783 4423 qui
1842 4353 2010 4418 quasi

357 4452 656 4524 ignoraret
687 4447 826 4520 quid
860 4445 936 4501 ibi
971 4449 1190 4515 ageret,
1209 4459 1312 4514 per
1333 4441 1556 4512 legatos
1587 4457 1823 4496 causam
1857 4441 2014 4499 illius

365 4539 742 4614 profectionis
770 4533 1120 4596 sciscitatur,
1152 4541 1393 4602 oratque
1448 4535 1511 4584 ut
1569 4529 1700 4584 inde
1727 4529 2009 4588 discedat.

362 4635 703 4702 Imperator,
733 4627 828 4682 cui
861 4623 1072 4681 sullani
1106 4620 1499 4676 dissimulatio
1533 4635 1602 4675 ex
1653 4620 1739 4674 eis
1799 4619 2009 4677 litteris

359 4720 690 4786 subolebat,
722 4715 978 4772 vicicsim
1005 4728 1066 4768 se
1089 4729 1204 4767 non
1230 4725 1429 4780 parum
1454 4707 1651 4764 mirari
1695 4709 2010 4767 simulabat

357 4811 523 4866 illum
561 4815 786 4864 tantum
818 4820 980 4861 suum
1041 4805 1145 4858 iter
1195 4800 1441 4872 ejusque
1489 4798 1710 4854 itineris
1771 4815 2005 4856 causam

358 4899 648 4970 ignorare.
685 4894 852 4951 Urbis
902 4898 1100 4947 autem
1163 4890 1648 4946 instaurationem
1694 4905 2006 4961 aggressus

357 4987 482 5056 ipse
507 4987 730 5048 primus
754 4999 888 5036 saxa
930 4979 1192 5034 humeris
1243 4986 1468 5050 portare
1490 4977 1698 5048 cmpit;
1733 4993 1914 5049 eaque
1945 4995 2006 5034 re

357 5077 606 5131 aliorum
631 5071 982 5127 alacritatem
1041 5067 1122 5122 ita
1177 5066 1464 5134 excitavit,
1497 5073 1560 5120 ut
1611 5082 1816 5120 murus
1849 5067 2000 5123 228

356 5161 656 5217 celerrime
687 5159 745 5213 in
778 5161 959 5212 altum
994 5158 1239 5209 eductus
1277 5155 1423 5209 vallo
1471 5155 1830 5210 extrinsecus
1874 5172 2002 5210 mu-

357 5249 602 5313 niretur,
634 5250 692 5301 et
727 5245 886 5300 intra
917 5240 1134 5298 moenia
1195 5245 1348 5312 putei
1396 5240 1725 5312 complures
1759 5250 1818 5296 ut
1864 5242 2000 5298 alla-

352 5343 458 5397 tim
492 5355 639 5412 aqua
669 5341 1026 5408 suppeteret,
1085 5333 1490 5388 ell‘oderentur.
1538 5335 1609 5388 At
1661 5335 1848 5388 Persae
1881 5351 1996 5390 non

353 5429 654 5485 ferendum
688 5443 812 5482 esse
843 5426 974 5495 rati,
1005 5422 1054 5478 si
1080 5420 1321 5492 Dcrylaei
1353 5421 1574 5492 campis
1614 5421 1992 5492 pellerentur,

351 5519 409 5574 in
452 5518 667 5588 quibus
699 5531 902 5588 greges
932 5517 989 5569 et
1019 5516 1282 5568 armenta
1324 5525 1524 5564 eorum
1584 5512 1992 5580 pascebantur,

349 5613 407 5664 et
428 5607 486 5663 in
523 5607 664 5663 urbe
699 5602 1034 5677 praesidium
1091 5597 1490 5665 collocaretur,
1548 5597 1693 5655 laxis
1749 5600 1992 5658 habenis

349 5701 553 5758 contra
582 5696 871 5754 Romanos
902 5691 1237 5751 ferebantur
1266 5705 1283 5758 ;
1316 5686 1730 5760 obsorvatoque
1785 5705 1991 5749 eorum

2121 4171 2368 4246 πόλεμον
2399 4174 2638 4238 εὐπετεῖς
2663 4176 2752 4229 καὶ
2816 4178 3014 4247 μικρὰς
3067 4175 3239 4232 ἐνίοτε
3284 4180 3769 4258 παρεισφρησασης

2117 4261 2294 4324 αἰτίας
2318 4261 2595 4334 ἀλλήλοις
2643 4263 3054 4338 ἀντεπεξῄεσαν,
3111 4266 3200 4322 καὶ
3259 4267 3326 4336 ἦν
3374 4264 3534 4343 ἔργον
3583 4267 3770 4330 αὐτοῖς

2114 4352 2184 4406 τὰ
2239 4349 2482 4424 μάλιστα
2536 4351 3002 4428 περισπούδαστον
3048 4357 3082 4424 ἡ
3121 4354 3433 4422 πανοπλίας
3485 4354 3764 4432 περίδυσις

2112 4439 2205 4504 καὶ
2237 4442 2270 4508 ὴ
2305 4444 2411 4496 τῶν
2459 4443 2750 4516 ταγμάτων
2810 4444 3094 4516 συναγωγὴ
3145 4443 3235 4499 καὶ
3291 4445 3356 4500 τὸ
3413 4448 3582 4500 ταῦτα
3629 4466 3766 4519 συμ-

2113 4529 2348 4584 πεσόντα
2413 4527 2922 4600 διαπληκτίζεσθαιο
2976 4531 3126 4588 Κατὰ
3173 4536 3340 4589 τοῦτο
3390 4530 3450 4588 δὲ
3493 4531 3766 4606 ἀλλήλων

2115 4615 2471 4690 διήλλαττον,
2497 4618 2578 4674 ὅτι
2613 4621 2640 4674 ὁ
2677 4619 2771 4692 μὶν
2837 4618 3134 4684 σουλτάνος
3181 4621 3263 4677 ἀεὶ
3323 4634 3768 4697 προμηθευτικος

2111 4706 2201 4761 καὶ
2236 4705 2592 4782 βουλευτικὸς
2622 4704 2798 4762 ἐδόκει
2839 4728 2923 4770 τις
2978 4708 3117 4763 εἶναι
3161 4709 3252 4763 καὶ
3298 4710 3366 4765 τὰ
3414 4704 3548 4787 ἔργα
3595 4715 3770 4768 ποιῶν

2115 4793 2250 4866 μετὰ
2278 4796 2615 4870 σκέμματος,
2648 4795 2738 4850 καὶ
2799 4795 3094 4852 ἐτολύπευε
3149 4797 3246 4859 τὰς
3291 4796 3477 4874 μάχας
3522 4795 3612 4854 διὰ
3655 4803 3766 4856 τῶν

2109 4881 2198 4937 ὕπ’
2265 4881 2425 4938 αὐτὸν
2482 4887 2809 4964 στρατηχῶν
2867 4883 3298 4964 πεφυλαγμένως
3357 4885 3442 4955 (οὐ
3499 4887 3603 4962 γάρ
3653 4888 3764 4943 πού

2105 4991 2192 5033 τις
2223 4971 2381 5026 αὐτὸν
2434 4972 2690 5028 ἐθεάσατο
2751 4972 2838 5028 ἐπί
2902 4973 3158 5047 μετώπου
3216 4973 3500 5049 ἱστάμενον
3549 4975 3764 5056 φάλαγ-

2104 5081 2204 5136 γος
2246 5061 2281 5130 ἢ
2327 5061 2420 5115 τὸν
2473 5063 2719 5135 κάματον
2775 5067 2893 5125 τοῖς
2955 5064 3317 5140 στρατιώταις
3377 5061 3768 5144 συνδιαφέρον-

2103 5153 2209 5222 τα).
2241 5150 2270 5204 ὁ
2315 5146 2372 5204 δὲ
2421 5147 2679 5224 βασιλεὺς
2729 5151 2975 5228 γενναίαν
3033 5151 3180 5229 ἔχων
3233 5154 3334 5223 τήν
3388 5151 3546 5231 φύσιν
3602 5153 3762 5232 ὀξύρο

2105 5239 2274 5314 ῥοπος
2348 5237 2402 5294 ἐν
2475 5245 2592 5302 τοῖς
2667 5239 2946 5314 πολέμοις
3017 5243 3320 5317 ἓγείκνυτο,
3395 5240 3486 5298 καὶ
3534 5241 3631 5305 τὰς
3673 5240 3766 5300 διὰ

2101 5327 2288 5402 χειρὸς
2356 5327 2574 5403 πράξεις
2641 5325 2970 5406 δραστήριος
3027 5331 3120 5403 ἦν,
3171 5331 3263 5387 καὶ
3321 5332 3515 5410 φήμης
3572 5327 3762 5386 διαδο-

2101 5417 2284 5487 θείσης
2325 5415 2600 5481 πολλάκις
2657 5415 2906 5476 ἐσϐαλεῖν
2955 5440 3062 5476 που
3117 5420 3246 5483 τοὺς
3301 5419 3607 5494 πολεμίους
3663 5415 3762 5476 καὶ

2103 5507 2285 5569 κακῶς
2323 5504 2529 5564 τιθέναι
2580 5509 2681 5578 τὴν
2737 5509 2826 5564 ὑπ’
2882 5509 3074 5584 ἐκείνῳ
3131 5508 3314 5590 ἀρχὴν
3375 5513 3595 5586 πρῶτος
3661 5509 3754 5566 τὸν

2099 5597 2266 5655 ἳππον
2313 5595 2556 5656 ἀνέϐαινε
2613 5602 2703 5657 καὶ
2757 5601 3046 5678 ἀπεθαῤῥει
3102 5604 3202 5674 τὴν
3254 5601 3456 5673 ἔξοδον.
3515 5600 3767 5673 Θελήσας

2103 5688 2200 5747 οὖν
2247 5690 2310 5746 τὸ
2356 5688 2656 5766 Δορύλαιον
2712 5691 3019 5763 ἀνακτίσαι,
3071 5693 3380 5769 προσεξῆψέ
3420 5711 3480 5750 τε
3516 5689 3606 5746 καὶ
3654 5711 3766 5748 πα-
