4140 6290
322 354 444 419 531

1408 345 1508 406 DE
1550 339 1934 409 MANUELE
1978 344 2359 408 GOMNBNO
2399 345 2552 407 LIB.
2597 340 2702 406 VI.

336 485 534 563 ρεθηξε
562 481 627 539 τὸ
664 474 931 557 βάρϐαρον
982 476 1064 545 εἷς·
1119 478 1366 552 πόλεμον
1426 476 1687 546 ἐντεῦθεν,
1745 477 1837 532 ὅτε
1891 475 1980 532 καὶ

2113 479 2167 535 ιιι
2191 480 2435 553 petenda
2481 477 2808 538 necessaria
2836 492 3073 552 egressu
3116 473 3320 533 obvios
3351 488 3619 548 quosque
3647 488 3747 563 oc-

336 576 442 644 τὴν
499 568 768 650 βασιλίως
812 567 868 631 ἐς
923 569 985 624 τὸ
1017 565 1316 643 Δορύλαιον
1357 563 1533 645 ἄφιξιν
1566 567 1779 643 ἀγνοεῖν
1808 564 1986 623 πλατ-

340 664 597 737 τόμενος,
664 652 1221 733 διαπρεσϐευσάμενος
1285 657 1385 726 τὴν
1434 656 1607 712 αἰτίαν
1665 654 1988 713 ἐπυνθάνετο

342 751 437 809 καὶ
492 753 782 825 παρῃτεῖτο
840 747 999 803 αὐτὸν
1085 745 1284 803 ἐκεῖθεν
1353 746 1767 802 ἀπαναστεῦσαι.
1824 746 1883 799 '0
1933 741 1990 799 δὲ

347 839 613 918 κέρτομόν
643 858 696 893 τι
732 835 822 893 καὶ
852 837 1080 913 σεσηρὸς
1127 834 1330 912 ἐνορῶν
1390 837 1480 898 οἷς
1533 837 1601 891 τά
1628 839 1726 891 τοῦ
1756 832 1988 891 σουλτά-

345 951 440 987 νου
469 927 773 1005 γράμματα
801 923 1024 1000 διεξῄει,
1053 924 1106 980 ἐν
1142 921 1293 1001 μέρει
1350 921 1417 995 δὴ
1478 922 1541 980 οὺ
1569 928 1671 980 τοῦ
1725 922 1989 999 τυχόντος

343 1018 549 1076 ἐτίθετο
609 1015 888 1090 θαύματος
950 1014 1101 1076 ὅπως
1154 1013 1247 1069 τὸν
1312 1011 1479 1093 μέχρι
1536 1012 1627 1068 καὶ
1687 1011 1991 1086 Δορυλαίου

341 1105 549 1183 δρόμον
583 1104 787 1161 ἐκείνου
852 1101 1089 1179 ἠγνόησε
1144 1103 1235 1158 καὶ
1284 1103 1384 1172 τὴν
1441 1101 1618 1160 αἰτίαν
1699 1100 1991 1159 πλάττεται

343 1197 420 1271 μή
466 1191 686 1251 εἰδέναι.
746 1192 896 1249 Ἐπεὶ
954 1188 1012 1247 δὲ
1067 1192 1158 1246 καὶ
1213 1192 1313 1261 τήν
1370 1191 1532 1248 πόλιν
1613 1188 1992 1264 ἀνοικοδομεῖν

343 1280 1018 1356 ἱπεϐάλετο,νωτοφορεῖν
1068 1280 1197 1342 τοὺς
1254 1278 1442 1345 λίθους
1496 1281 1792 1357 ἀρξάμενον
1852 1280 1995 1337 οὕτω

348 1374 439 1431 καὶ
496 1373 624 1434 τοὺς
682 1369 888 1432 ἄλλους
942 1369 1246 1447 ἠρρἑωσεν
1304 1370 1378 1435 ὡς
1436 1369 1652 1447 ἀπτὲρῳ
1715 1368 1876 1449 τάχει
1931 1371 1993 1426 τὸ

339 1469 530 1544 τεῖχος
589 1462 944 1540 ἀνεγερθῆναι
1001 1458 1091 1515 καὶ
1141 1455 1652 1532 προσεπιϐληθῆναί
1706 1462 1757 1515 οἱ
1828 1458 1999 1536 χαράι

339 1575 504 1628 κωμα
560 1547 755 1623 ἔξωθεν
796 1549 887 1605 καὶ
948 1549 1322 1629 ἀνορυχθῆναι
1371 1549 1597 1627 φρεάτια
1661 1547 1859 1613 ἔσωθεν
1918 1549 1998 1612 εἰς

344 1643 600 1707 πλείονας
632 1638 843 1698 ὑδάτων
900 1638 1209 1710 ἀντλήσεις.
1261 1640 1348 1696 Ἐν
1404 1635 1559 1712 δεινῷ
1597 1636 1654 1693 δὲ
1686 1639 1737 1695 οἳ
1796 1641 1996 1713 Πὲρσαι

348 1735 625 1809 τιθέμενοι
655 1730 807 1807 εἲπερ
838 1733 949 1786 τῶν
994 1727 1304 1805 Λορυλαίου
1361 1724 1562 1784 πεδίων
1618 1728 1994 1800 ἀπανασταῖεν,

352 1824 404 1881 ἐν
431 1825 519 1887 οἷς
551 1820 756 1897 ἐθέριζε
783 1819 851 1876 τὰ
878 1817 1084 1876 τούτων
1116 1815 1344 1874 αἰπόλια
1379 1817 1472 1873 καὶ
1514 1816 1778 1887 βουκόλια
1832 1819 1994 1882 πόαις

350 1911 718 1988 ἐνσκιρτῶντα
799 1914 919 1971 ταῖς
1001 1905 1386 1982 λειμωνίτισι,
1478 1906 1565 1962 καὶ
1627 1904 1999 1980 δομηθήσεται

351 2000 514 2066 πόλις
570 2000 663 2058 καὶ
716 1997 954 2080 φρουρὸς
1021 1993 1361 2074 ἔγκαθεσθείη
1431 1994 1638 2076 φάλαγξ
1690 1997 1996 2071 Ῥωμαϊκή.

350 2090 505 2153 ὅλαις
539 2088 724 2161 ἡνίαις
764 2088 904 2143 κατὰ
932 2085 1220 2159 Ῥωμαίων
1276 2084 1555 2161 ἐφέροντο,
1609 2085 1701 2142 καὶ
1746 2090 1843 2148 τὰς
1910 2085 1998 2142 ἐπὶ

348 2180 598 2255 σιτισμὸν
654 2174 876 2252 ἐξόδους
933 2175 1151 2232 ἐκείνων
1209 2178 1501 2251 τηροῦντες
1573 2177 1673 2247 τὴν
1751 2173 1997 2246 ξυλευσιν

349 2273 601 2350 ἀνεῖργον
658 2270 749 2325 καὶ
807 2266 1039 2344 ἀνῄρουν
1093 2268 1220 2332 τοὺς
1275 2265 1328 2322 ἐν
1386 2266 1595 2346 χερσίν.
1654 2267 1711 2321 '0
1742 2266 2001 2342 βασιλεὺς

349 2359 408 2419 δέ
432 2362 496 2419 τὸ
527 2357 701 2418 δεινὸν
733 2361 901 2414 τοῦτο
930 2356 1141 2432 ῥαόνως
1206 2356 1415 2413 ἱοὶσιιτο⁸
1472 2356 1667 2412 τακτὸν
1720 2358 1824 2432 γὰρ
1884 2356 2005 2433 ὁρί-

353 2470 448 2514 σας
478 2450 668 2527 καιρὸν
705 2452 823 2510 τοῖς
853 2445 944 2503 ἐπὶ
974 2445 1251 2520 συλλογήν
1292 2444 1493 2518 ἐξιοῦσι
1533 2450 1639 2501 τῶν
1668 2446 2002 2523 ἀναγκαίων,

2098 569 2385 627 cidebant.
2421 570 2481 626 Id
2514 568 2950 627 incommodum
2980 564 3287 637 imperator
3307 562 3473 621 facile
3501 561 3747 632 avertit;

2099 676 2229 715 nam
2281 662 2435 716 certo
2492 663 2748 729 tempore
2790 658 2862 715 ad
2921 656 3296 730 quaerendum
3356 656 3746 710 commeatum

2098 751 2377 821 prafinito
2408 751 2659 825 datoque
2708 749 2849 807 tuba
2877 749 3068 822 signo,
3100 747 3321 820 primas
3368 744 3517 803 vallo
3547 745 3751 803 relicto

2100 841 2216 896 dux
2247 844 2374 897 erat
2419 856 2618 897 eorum
2650 840 2750 913 qui
2802 838 3131 897 necessaria
3181 834 3645 910 conquirebant;
3682 850 3749 892 ac

2101 928 2346 986 minime
2372 930 2444 985 ab
2493 930 2575 987 eis
2606 930 2900 999 recedens,
2950 926 3262 1000 aliquando
3294 924 3516 996 vesperi
3544 931 3598 980 et
3626 940 3747 980 cre-

2101 1018 2348 1091 pusculo
2372 1021 2611 1078 demum
2656 1020 2717 1076 in
2747 1028 2931 1078 castra
2970 1016 3376 1075 revertebatur.
3411 1017 3592 1082 Quam
3624 1031 3748 1074 rem

2103 1109 2284 1166 Persea
2323 1108 2570 1166 moleste
2624 1108 2894 1175 ferentes,
2935 1114 2990 1166 et
3019 1108 3080 1165 in
3133 1102 3347 1164 bellum
3376 1104 3608 1175 intenti,
3639 1104 3755 1162 fru-

2102 1202 2232 1257 ctus
2295 1205 2352 1257 et
2405 1216 2565 1258 casas
2620 1198 3028 1266 incendebant,
3086 1213 3159 1254 ne
3223 1195 3489 1254 hostibus
3537 1196 3756 1253 cibaria

2102 1296 2489 1360 suppeterent.
2544 1289 2768 1346 Accidit
2840 1288 2990 1345 229
3068 1294 3260 1344 autem
3325 1284 3635 1357 aliquando
3691 1290 3756 1341 ut

2103 1378 2438 1448 imperatori
2456 1377 2652 1435 cibum
2684 1385 2943 1448 captura,
2982 1381 3041 1434 et
3068 1375 3285 1433 malum
3317 1375 3608 1433 Persicum
3641 1375 3759 1432 cul-

2106 1466 2242 1523 tello
2271 1468 2544 1539 purganti
2573 1467 2936 1524 nuntiaretur
2966 1466 3171 1523 Persas
3201 1465 3262 1521 in
3308 1464 3756 1524 frumentatores

2105 1556 2313 1614 fecisse
2368 1557 2673 1629 impetum.
2717 1560 2905 1624 Quare
2942 1571 3114 1627 pomo
3161 1554 3405 1626 abjecto,
3464 1564 3520 1613 et
3577 1556 3759 1613 armis

2107 1661 2351 1717 propere
2407 1647 2676 1718 sumptis,
2732 1661 2877 1716 equo
2932 1660 3251 1702 conscenso
3306 1645 3621 1718 egreditur.
3677 1648 3758 1705 Eo

2105 1731 2230 1787 viso
2288 1731 2546 1800 Barbari,
2604 1732 2698 1804 qui
2748 1732 3055 1804 phalangis
3114 1731 3300 1787 instar
3355 1732 3755 1804 constiterant,

2108 1823 2280 1898 paulo
2311 1830 2442 1897 post
2470 1824 2592 1882 acie
2618 1823 2914 1883 dissoluta
2949 1825 3200 1897 fugaque
3228 1824 3534 1894 simulata,
3561 1825 3755 1885 subito

2107 1914 2375 1971 conversi
2404 1930 2503 1973 eos
2544 1915 2646 1987 qui
2684 1915 3181 1987 persequebantur
3210 1913 3522 1972 credebant.
3560 1915 3760 1973 Solent

2108 2003 2266 2060 enim
2299 2003 2549 2062 subinde
2596 2004 2919 2061 calcaribus
2945 2019 3126 2076 equos
3156 2020 3414 2076 pungere
3445 2022 3462 2073 ;
3493 2004 3594 2077 qui
3621 2021 3757 2062 cum

2106 2093 2325 2164 impetu
2359 2095 2647 2162 feruntur,
2678 2096 2927 2167 sagittas
2953 2112 2989 2152 ιι
3016 2103 3175 2167 tergo
3204 2095 3487 2153 emittunt
3517 2115 3533 2165 ;
3561 2100 3759 2152 muta-

2112 2187 2282 2255 taque
2311 2183 2503 2241 subito
2534 2202 2737 2257 pugnae
2771 2184 2932 2255 facie,
2978 2184 3082 2258 qui
3104 2184 3360 2251 fugiebat
3395 2184 3551 2256 fugat
3570 2193 3628 2242 et
3671 2185 3761 2242 in-

2111 2279 2450 2345 sequentem
2500 2274 2806 2333 interimit.
2840 2275 3095 2349 Dorylaso
3151 2276 3499 2346 instaurata,
3530 2279 3589 2334 et
3633 2293 3762 2349 quas

2112 2363 2185 2418 ad
2214 2363 2341 2434 eius
2395 2364 2788 2421 defensionem
2839 2365 3212 2437 pertinerent,
3269 2365 3446 2422 rebus
3491 2366 3765 2423 omnibus

2110 2450 2420 2518 instructo,
2459 2452 2727 2511 discessit
2774 2461 2877 2523 ;et
2920 2452 3134 2513 Subleo
3164 2469 3396 2526 quoque
3443 2454 3763 2533 instaurata

354 2541 523 2603 αὐτὸς
550 2535 942 2615 προσημαίνων
979 2541 1048 2611 τῇ
1102 2534 1370 2613 σάλπιγγι
1408 2539 1627 2610 πρῶτος
1673 2540 1771 2591 τοῦ
1826 2536 2003 2612 χάρα-

2113 2545 2171 2599 et
2198 2542 2443 2607 munito,
2473 2541 2807 2613 ceterisque
2855 2541 3030 2599 rebus
3059 2558 3233 2614 qnam
3286 2544 3503 2614 optime
3529 2544 3764 2602 ordina-

368 2648 464 2690 κος
495 2626 816 2684 ἀπανίστατο
848 2626 937 2682 καὶ
970 2625 1161 2703 ἠγεῖτο
1205 2631 1307 2694 τῆς
1364 2621 1569 2695 ἐξόδου.
1604 2623 1811 2682 Ούκοῦν
1880 2624 2003 2682 ούδὶ

2114 2629 2210 2697 tis,
2241 2629 2302 2685 in
2334 2629 2536 2687 urbem
2585 2629 3009 2703 imperatricem
3040 2631 3232 2688 rediit.

368 2718 509 2794 πρὸς
576 2716 752 2793 βραχὺ
812 2719 922 2771 τῶν
981 2715 1047 2771 τὰ
1104 2711 1388 2785 ἐπιτήδεια
1442 2711 1726 2792 διφώντων
1803 2713 2197 2789 μεθιστάμενος
2249 2715 2418 2772 ὶνίοτε
2493 2716 2618 2792 περὶ
2678 2713 2943 2793 βουλυτὸν
3008 2714 3045 2786 ἤ
3100 2716 3191 2772 καὶ
3262 2718 3479 2793 βαθεῖαν
3538 2719 3763 2796 ἓσπεραν

366 2806 652 2864 ἐπανὲλυεν
707 2806 782 2868 εἷς
836 2806 899 2861 τὸ
956 2802 1338 2882 στρατόπεδον.
1408 2804 1637 2881 Πέρσαις
1698 2803 1744 2862 δ’
1795 2801 1962 2881 ἔμελε
2016 2808 2110 2881 μὲν
2175 2807 2268 2861 καὶ
2306 2804 2572 2878 πολέμων
2636 2806 2772 2879 πρὸς
2802 2809 2992 2874 ταῦτα,
3022 2806 3114 2862 καὶ
3155 2810 3400 2885 συνεχῶς
3432 2807 3762 2879 ἐκονίζοντοι

374 2891 733 2972 παρεδίδοσαν
790 2892 847 2951 δὶ
898 2895 988 2951 καὶ
1035 2895 1167 2970 πυρί
1223 2894 1352 2961 τοὺς
1405 2895 1648 2972 καρποὺς
1708 2897 1799 2953 καὶ
1854 2897 1950 2961 τάς
2003 2897 2204 2968 σκηνὰς
2257 2895 2628 2971 ἐνεπίμπρων,
2687 2894 2839 2960 ὅπως
2905 2897 2981 2970 μὴ
3041 2892 3322 2970 εὓποροῖεν
3370 2898 3638 2972 Ῥωμαῖοι
3695 2898 3766 2957 δι’

375 2986 453 3040 ὧν
474 2983 1009 3063 τράφήσονται.’οτὶ
1064 2979 1123 3038 δὲ
1178 2982 1313 3059 πρὸς
1371 2983 1606 3040 ἐστίασιν
1656 2987 2002 3059 τραπομένου
2058 2989 2155 3040 τοῦ
2216 2982 2485 3060 βασιλέως
2539 2982 2720 3058 μῆλόν
2773 3004 2833 3040 τε
2891 2984 3151 3058 Περσικὸν
3224 2986 3506 3063 μαχαιρίῳ
3563 2988 3770 3046 ἀπολε-

362 3073 617 3144 πίζοντος
661 3070 929 3149 ἐπιδρομή
986 3093 1071 3134 τις
1127 3071 1445 3149 ἀπήγγελτο
1506 3076 1739 3149 Περσικὴ
1800 3074 1941 3131 κατά
1991 3079 2099 3132 τῶν
2150 3075 2217 3131 τά
2276 3075 2522 3150 βιώσιμα
2579 3072 2984 3149 συλλεγόντων,
3035 3075 3127 3130 καὶ
3179 3074 3341 3149 ῥίψας
3392 3078 3493 3147 τὴν
3554 3077 3775 3155 ὀπώραν

355 3162 555 3220 αὐτίκα
618 3163 708 3220 καὶ
760 3163 853 3218 τὸν
914 3162 1171 3233 ἀκινάκην
1229 3163 1672 3238 περιζωσάμενος
1751 3163 1842 3221 καὶ
1908 3162 2132 3238 περιδὺς
2209 3166 2300 3221 τὸν
2360 3165 2590 3239 θώρακα
2649 3164 2740 3220 καὶ
2825 3164 2920 3220 τὸν
2981 3162 3159 3219 *ίππον
3217 3160 3421 3229 ἀναϐὰς
3463 3167 3771 3243 ἐξώρμησε.

355 3254 456 3310 Καὶ
516 3253 571 3309 οἱ
621 3247 897 3328 Βάρϐαροι
929 3252 1065 3308 κατά
1119 3251 1395 3331 φάλαγγας
1449 3252 1679 3309 ’ἰστασθα
1727 3249 2203 3328 σχηματιζόμενα
2260 3254 2377 3327 μετ’
2437 3253 2503 3309 ού
2567 3251 2716 3310 πολὺ
2802 3252 3006 3309 τούτου
3061 3252 3387 3331 ἐποφθέντος
3446 3257 3546 3325 τήν
3627 3259 3775 3328 τάξιν

361 3339 545 3417 ἔλυον,
578 3343 677 3400 εἴτ’
713 3339 1132 3417 ἀποδιδράσκειν
1168 3340 1536 3416 πλαττόμενοι
1590 3344 1719 3407 τοὺς
1786 3341 2039 3408 ἐπιόντας
2098 3341 2369 3414 ἴπληττον
2428 3341 2595 3400 πάλιν
2627 3344 3092 3419 ὑποστρεφόμενοι
3146 3343 3240 3400 καὶ
3295 3345 3391 3400 τὸν
3436 3346 3537 3416 τῆς
3564 3353 3777 3423 τροπῆς

357 3434 546 3510 καιρὸν
603 3431 679 3495 εἲς
762 3433 825 3487 τὸ
887 3431 1110 3506 βάλλειν
1185 3434 1247 3488 τὸ
1306 3430 1651 3507 ἐπικείμενον
1731 3432 1822 3488 καὶ
1914 3428 2284 3489 καταϐάλλειν
2365 3430 2749 3506 διατιθέμενοι.
2807 3435 3001 3495 Ἵππος
3048 3434 3149 3509 γάρ
3209 3433 3379 3510 συχνά
3442 3436 3774 3513 κεντρίζεται

358 3521 504 3596 παρά
528 3519 835 3595 Πέρσαιςοὸ
866 3517 924 3576 δὲ
949 3521 1166 3576 κόπτων
1221 3522 1369 3596 θαμά
1419 3521 1483 3577 τὸ
1559 3518 1790 3578 δάπεδον
1846 3518 2117 3597 ῥαγδαίως
2166 3521 2406 3599 φέρεται,
2464 3521 2556 3577 καὶ
2616 3522 2645 3577 6
2718 3520 2934 3596 Πέρσης
2999 3520 3061 3575 τὸ
3116 3518 3280 3596 βέλος
3336 3519 3482 3596 ἔχων
3539 3523 3592 3579 ἐν
3649 3532 3766 3581 ταῖν

368 3616 554 3687 χεροῖν
590 3609 768 3666 ὀπίσω
799 3612 961 3666 τοῦτο
993 3610 1207 3687 ἀφίησι,
1238 3611 1329 3665 καὶ
1365 3609 1456 3665 τὸν
1490 3611 1748 3685 ὁρμῶντα
1795 3611 1998 3689 φθάσας
2056 3611 2220 3675 αὐτὸς
2271 3608 2534 3686 ἀνῄρηκε,
2563 3609 2654 3666 καὶ
2696 3610 2788 3666 τὸν
2826 3607 2937 3679 ἢδη
2968 3608 3429 3683 καταληψόμενον
3451 3609 3769 3683 κατέλαϐεν,

362 3700 557 3778 α’ἱφνης
589 3698 979 3778 μεταμειιρθεὶς
1008 3700 1035 3755 6
1066 3696 1404 3774 διωκόμενος
1436 3700 1513 3762 εἰς
1543 3697 1830 3757 διώκοντα.
1865 3699 2014 3756 Ἐπεὶ
2055 3698 2113 3755 δὲ
2147 3697 2436 3756 ἂνεπόλισε
2464 3702 2527 3754 τὸ
2559 3697 2858 3774 Δορύλαιον
2911 3698 3003 3754 καὶ
3058 3698 3127 3754 τά
3156 3697 3232 3760 εἰς
3263 3695 3514 3775 φυλακὴν
3570 3701 3770 3758 τούτου

366 3787 588 3853 τελείως
645 3784 1102 3865 ἀπηκριϐώσατο,
1167 3786 1228 3844 ἐκ
1282 3793 1391 3845 τῶν
1441 3786 1615 3845 ἐκεῖσε
1684 3792 1862 3866 μερῶν
1920 3788 2297 3856 ἀπανίσταται,
2361 3787 2437 3847 εἷς
2495 3783 2555 3843 δὲ
2608 3787 2673 3843 τὸ
2716 3781 2992 3843 Σούϐλεον
3061 3785 3135 3849 ὡς
3166 3788 3291 3865 εἶχε
3333 3789 3776 3864 παραγενόμενος

366 3878 619 3957 ἀνήγειρέ
645 3898 706 3936 τε
734 3879 961 3937 κάκεῖνο,
991 3878 1082 3935 καὶ
1113 3883 1352 3959 φρουρᾶς
1393 3874 1681 3953 μετέδωκε.
1716 3879 1822 3936 Καὶ
1852 3877 1920 3936 τὰ
1948 3876 2143 3948 λοιπὰ,
2176 3876 2251 3939 ὡς
2305 3874 2465 3949 ᾤετο,
2522 3875 2757 3951 ἀρίστως
2811 3872 3245 3951 διαπραξάμενος
3285 3874 3360 3940 εἷς
3380 3879 3482 3947 τήν
3519 3877 3777 3955 βασιλίδα

369 3967 532 4026 πόλιν
569 3969 920 4046 ὑπέστρεψεν.

1684 4114 1800 4169 κατ’
1832 4108 2014 4169 ἀλλ-έ-

436 4110 598 4172 Ἀλλ’
629 4110 784 4170 οὔπω
807 4112 1009 4193 χρόνος
1042 4115 1262 4191 συχνὸς,
1321 4114 1411 4170 καὶ
1475 4114 1625 4177 αὖθις
1684 4114 1800 4169 κατ’
1832 4110 2003 4184 ἀλλή-

2194 4112 2310 4170 Nec
2340 4110 2525 4168 multo
2558 4113 2691 4186 post
2738 4112 3027 4219 renovatis
3065 4110 3480 4188 simultatibus,
3533 4120 3777 4191 uterque

371 4200 485 4261 λων
519 4204 617 4265 τὰς
657 4205 883 4281 γνώμας
915 4200 1302 4283 ἐφλέγμαινον.
1335 4206 1431 4278 Τῷ
1460 4224 1547 4260 τοι
1602 4201 1692 4258 καὶ
1745 4199 2022 4274 ἀλλήλοις

375 4290 759 4349 ἀντενεκάλουν
815 4314 874 4348 τε
928 4292 1019 4348 καὶ
1072 4299 1416 4370 προσῆπτον,
1490 4290 1744 4368 βασιλεὺς
1806 4291 1900 4365 μὲν
1956 4289 2019 4346 τὸ

375 4383 511 4459 πρὸς
541 4386 633 4440 τὸν
668 4378 950 4460 εὐεργέτην
997 4381 1290 4459 ἀχάριστον
1330 4383 1418 4439 καὶ
1475 4380 1539 4437 τὸ
1596 4381 1851 4455 ἀμνημον
1912 4384 2017 4436 τῶν

371 4469 845 4549 προηγησαμένων
879 4468 1133 4527 εὐποιιῶν
1180 4472 1267 4529 καὶ
1310 4478 1409 4543 τῆς
1470 4471 1547 4534 εἰς
1602 4470 1665 4527 τὸ
1695 4466 1885 4545 ἄρχειν
1911 4472 2020 4525 τῶν

368 4560 668 4642 ὁμοφύλων
698 4560 890 4637 ἐκείνῳ
918 4561 1174 4627 παντοίας
1209 4561 1528 4637 συνάρσεως,
1589 4562 1616 4617 6
1674 4558 1731 4616 δὲ
1787 4558 2018 4616 σουλτάν

366 4650 431 4707 τὸ
459 4648 755 4733 πρόχειρον
800 4649 876 4714 εἷς
932 4648 1398 4727 παρασπόνδησιν,
1450 4653 1541 4705 καί
1592 4649 1655 4705 τὸ
1687 4646 1875 4730 φιλίας
1929 4648 2018 4704 εύ-

365 4738 547 4805 κόλως
595 4738 885 4813 ἀποπηδᾷν
941 4742 1030 4798 καὶ
1089 4742 1338 4820 συγγὲειν
1414 4738 1474 4797 ἐκ
1553 4742 1650 4795 τοῦ
1715 4736 2017 4814 παραυτίκα

365 4829 491 4892 τοὺς
518 4829 651 4908 ὑπὲρ
712 4827 937 4905 είρήνης
991 4826 1236 4894 τεθέντας
1297 4827 1552 4905 θεσμοὺς,
1592 4827 1682 4884 καὶ
1736 4828 1798 4882 τὸ
1855 4822 2018 4884 πλεί-

366 4938 514 4982 σταις
567 4920 664 4993 μὶν
725 4916 930 4975 ἐκεῖνον
988 4919 1224 4996 ἐπαίρειν
1281 4916 1631 4998 φιλοδωριῶν
1692 4914 2014 4994 ὑποσχέσεσι

362 5009 454 5064 καὶ
543 5008 860 5085 βασιλικαῖς
929 5007 1323 5085 δποσημαίνειν
1375 5009 1573 5071 ταύτας
1636 5011 1868 5088 γραφαῖς
1924 5005 2014 5063 καὶ

362 5097 587 5179 βαφαῖς,
622 5097 789 5175 ὀλίγα
842 5094 900 5154 δὲ
958 5104 1240 5176 χορηγεῖν.
1302 5097 1400 5155 Διά
1456 5102 1623 5154 ταῦτα
1673 5098 1854 5153 τοίνυν
1918 5097 2015 5160 τάς

354 5205 413 5244 τε
454 5184 624 5252 οὔσας
678 5187 985 5263 συνεκρότει
1041 5185 1292 5262 δυνᾶμεις
1318 5187 1346 5243 6
1390 5185 1667 5265 βασιλεὺς,
1698 5186 1787 5243 καὶ
1820 5185 2014 5242 νεωστῖ

361 5275 447 5336 ἐπῖ
480 5278 711 5347 ταύταις
762 5273 939 5341 ἄλλας
992 5277 1322 5335 συνέταττεν·
1374 5274 1753 5353 ἐστρατολόγει
1812 5270 1870 5331 δὲ
1924 5273 2014 5331 καὶ

359 5367 566 5439 ξενικὸν
599 5366 713 5425 οὗκ
738 5360 950 5443 ὀλίγον,
998 5366 1088 5423 καὶ
1127 5369 1287 5424 τοῦτο
1319 5365 1379 5422 ἐκ
1431 5369 1528 5422 τοῦ
1557 5363 1746 5441 γένους
1780 5363 2016 5439 μάλιστα

2129 4219 2260 4259 cum
2291 4200 2472 4259 altero
2520 4199 2916 4274 expostulans,
2949 4198 3268 4272 imperator
3298 4202 3528 4263 sultano
3558 4207 3773 4265 imme—

2128 4307 2350 4348 morem
2381 4297 2437 4347 et
2463 4287 2758 4362 ingratum
2800 4306 2902 4361 pro
2931 4291 3113 4346 tantis
3145 4290 3440 4349 beneficiis
3463 4299 3519 4351 et
3540 4294 3775 4355 auxiliis

2127 4381 2410 4451 animum,
2444 4377 2655 4453 quibus
2706 4394 2950 4450 regnum
2984 4378 3043 4435 in
3086 4381 3396 4451 papulares
3447 4381 3500 4438 ei
3556 4384 3775 4441 conﬁr-

2126 4476 2363 4534 masset,
2422 4469 2685 4524 sultanus
2743 4466 3076 4538 imperatori
3123 4466 3332 4525 violata
3386 4476 3557 4543 pacta
3611 4480 3666 4528 et
3710 4472 3773 4530 in

2127 4556 2497 4615 dissolvenda
2568 4555 2824 4613 amicitia
2891 4554 3046 4613 280
3120 4554 3434 4625 levitatem,
3492 4563 3551 4616 et
3619 4560 3776 4632 pacis

2125 4645 2557 4703 conditionibus
2588 4653 2800 4703 temere
2821 4643 3196 4718 abrogandis,
3225 4650 3285 4703 et
3313 4645 3513 4704 inanes
3544 4664 3778 4721 magno-

2126 4753 2257 4792 rum
2331 4751 2638 4793 munerum
2710 4733 3177 4808 pollicitationes,
3252 4750 3377 4808 qua
3468 4735 3774 4796 rubricatis

2125 4825 2362 4899 quidem
2416 4823 2623 4881 litteris
2679 4822 3153 4895 inscriberentur,
3212 4825 3315 4882 sed
3373 4824 3584 4899 exigua
3639 4843 3778 4900 prm-

2123 4914 2418 4985 herentur,
2494 4912 2820 4985 objiciebat.
2896 4912 2996 4970 His
3085 4913 3157 4970 de
3222 4915 3410 4971 causis
3465 4916 3778 4990 imperator

2124 5011 2179 5062 et
2204 5014 2424 5062 veteres
2467 5000 2663 5076 copias
2700 4999 3008 5075 colligebat
3037 5009 3091 5059 et
3123 5019 3298 5060 novas
3329 5006 3774 5077 conscribebat;

2124 5101 2178 5151 et
2240 5094 2454 5152 auxilio
2512 5089 2814 5164 peregrina
2870 5088 3030 5148 haud
3081 5108 3261 5166 parva
3326 5095 3675 5163 accersebat,
3742 5114 3779 5153 ε,

2122 5183 2339 5241 Latinis
2371 5182 2738 5257 potissimum
2769 5183 2825 5238 et
2852 5180 3082 5255 Scythis
3112 5182 3182 5238 ad
3216 5184 3433 5240 Istrum
3464 5180 3778 5242 incolenti-

2123 5273 2272 5344 bus;
2304 5279 2619 5345 coactoque
2668 5268 2889 5343 ingenti
2946 5269 3194 5328 exercitu
3254 5270 3340 5329 ita
3394 5289 3458 5330 se
3514 5274 3775 5346 parabat,

2124 5361 2289 5435 quasi
2320 5362 2607 5419 Persicam
2654 5368 2883 5434 gentem
2909 5375 3214 5417 eversurus
3245 5365 3402 5417 esset
3431 5366 3489 5419 et
3518 5360 3777 5419 Iconium

357 5461 464 5513 τῶν
535 5456 797 5515 Λατίνων
850 5454 939 5510 καὶ
991 5455 1082 5510 ἀπ’
1135 5454 1312 5510 αὐτῶν
1369 5451 1436 5523 δὴ
1514 5456 1622 5508 τῶν
1681 5450 2003 5527 παριστρίωι

2124 5468 2260 5509 cum
2311 5451 2456 5525 ipsis
2513 5449 2799 5506 mcenibus
2857 5449 3205 5522 abrepturus
3244 5454 3300 5505 et
3354 5449 3571 5507 sultani
3601 5453 3777 5521 caput

357 5506 621 5614 ages:
635 5506 953 5612 eis};
996 5506 1304 5621 ‘gipaaz
1326 5506 1390 5598 τι
1410 5506 1644 5598 “etiam
1690 5506 2003 5619 aptat...

2124 5506 2899 5614 pedihu‘siconculcaturus.
2967 5506 3159 5594 Rebus
3219 5538 3292 5594 ad
3347 5506 3772 5610 expeditionem

353 5635 670 5712 στράτευμα
702 5630 783 5697 ὥς
805 5627 1074 5706 ἀφανίσων
1124 5628 1280 5708 ἐπῄει
1331 5631 1394 5688 τὸ
1450 5631 1709 5707 Περσικὸν
1766 5630 1858 5686 καὶ
1915 5627 2017 5687 αύ-

671 5758 943 5819 ΡΑτεοε.
990 5756 1100 5817 Ga.
1134 5754 1450 5817 CXXXIX.

2126 5629 2473 5693 necessariis
2502 5630 3137 5702 praeparatismagnum
3168 5626 3453 5699 templum
3483 5627 3689 5685 divina
3718 5629 3775 5677 et

3453 5745 3527 5802 17
