4140 6290
425 373 545 433 523

1729 363 2034 426 NIGETE
2077 363 2510 426 ΟΗΟΝΙΑΤᾸΞ

3717 363 3837 426 ὕὲι

428 503 735 560 ineffabilia
784 500 1086 573 Sapientia:
1116 499 1416 572 ingressus
1465 499 1720 557 numinis
1759 513 1928 570 opem
1961 497 2069 552 im-

2186 500 2302 556 τοῖς
2333 493 2652 565 ἂναρπάσων
2705 494 2913 570 τείχεσι
2971 495 3035 550 τὸ
3067 493 3311 564 Ἰκόνιον,
3347 494 3434 549 καὶ
3478 493 3572 550 τὸν
3605 492 3846 552 σουλτά-

431 596 746 666 plorat;et
788 593 1086 647 victoriam
1153 597 1278 645 orat
1333 589 1429 644 ille
1487 589 1742 661 quidem,
1811 589 1908 643 sed
1963 601 2079 642 non

429 681 724 750 impetrat,
779 684 842 734 ut
890 676 1026 733 belli
1067 681 1308 734 eventus
1349 678 1562 742 docuit,
1623 677 1815 734 Persis
1856 673 2078 746 judicio

429 773 528 824 Dei
561 767 726 823 nobis
756 765 1148 836 inexplicabili
1189 781 1546 822 concessam.
1579 765 1732 821 Urbe
1781 765 2080 836 digressus

428 875 531 930 per
562 857 861 927 Phrygiam
895 863 953 912 et
987 857 1319 911 Laodiceam
1351 856 1600 922 Chonas,
1620 855 1758 910 olim
1791 854 2077 918 Palassae,

428 947 629 1002 urbem
654 961 925 1017 magnam
957 955 1008 1001 et
1029 944 1526 1014 beatam,patriam
1560 942 2076 1016 meam,perrenit;

429 1043 484 1092 et
513 1037 691 1092 tndem
724 1034 1066 1106 Archangeli
1103 1033 1533 1105 magnitudine,
1557 1031 1996 1105 pulchritudine
2025 1035 2082 1085 et

429 1123 681 1180 mirabili
711 1124 952 1179 artificio
979 1123 1262 1193 insignem
1286 1119 1855 1194 ingressus,Lampin
1886 1119 2078 1175 disce-

429 1214 514 1269 dit
565 1221 623 1269 et
653 1213 903 1269 Gelenas
933 1211 1279 1284 ingreditur,
1313 1211 1410 1266 ubi
1461 1210 1698 1268 Mtendri
1733 1210 1916 1266 fontes
1945 1215 2080 1262 sunt

427 1309 489 1358 in
557 1319 730 1374 quem
801 1303 1050 1376 Marsyas
1119 1301 1330 1356 ﬂuvius
1381 1301 1696 1371 ﬂuit;quo
1763 1301 1906 1356 281
1973 1297 2080 1354 hoc

429 1394 710 1465 Marsyam
769 1392 977 1463 Apollo
1007 1389 1332 1447 excoriasse
1378 1391 1579 1456 fertur,
1613 1391 1800 1445 lurore
1831 1387 2078 1459 quodam

431 1483 502 1538 de
533 1481 772 1537 canendi
805 1481 1005 1551 peritia
1031 1495 1226 1536 secum
1261 1487 1474 1536 certare
1498 1495 1728 1535 ausum.
1761 1479 1900 1534 Inde
1927 1477 2079 1534 Cho-

431 1587 524 1626 ma
571 1575 628 1626 et
681 1569 1168 1641 Myriocephalum
1225 1570 1457 1624 transit.
1487 1567 1798 1624 Castellum
1831 1571 1996 1622 vetus
2023 1569 2082 1622 et

431 1659 725 1714 desertum
757 1659 814 1713 id
846 1656 1151 1723 est,cuivel
1185 1673 1396 1712 nomen
1419 1673 1488 1712 ex
1517 1674 1579 1712 re
1607 1653 2082 1723 estinditum,vel

431 1765 523 1805 res
547 1763 755 1804 nomen
789 1749 1094 1803 subsecuta
1118 1756 1232 1817 est;
1250 1763 1380 1804 nam
1413 1747 1490 1804 ibi
1513 1764 1666 1818 saepe
1695 1746 1874 1802 multa
1899 1744 2084 1800 millia

2187 606 2280 640 νον
2313 583 2628 660 ληψόμενος
2691 587 3035 662 ὑποχείριον,
3083 584 3174 640 καὶ
3222 585 3360 640 κατὰ
3411 589 3512 640 τοῦ
3541 586 3838 662 τραχήλου

2185 677 2378 728 τοῦτον
2409 677 2664 744 πατήσων
2691 673 2742 730 ἐν
2801 679 2880 746 τῷ
2933 675 3209 729 ὑποθεῖναι
3241 670 3398 744 δίκην
3439 671 3693 748 θρανίδος
3721 679 3844 736 ταῖς

2190 764 2406 838 βάσεσιν
2466 761 2677 819 ἑαυτοῦ.
2739 761 2962 836 Ἀμέλει
3018 783 3106 818 τοι
3179 763 3249 817 τὰ
3305 763 3442 836 πρὸς
3499 764 3602 834 τὴν
3653 758 3838 832 ἔξοδον

2186 855 2611 928 ἑτοιμασάμενος
2677 852 2862 908 εἷ’σεισι
2918 853 3010 908 τὸν
3063 851 3231 927 μέγαν
3289 853 3422 907 νεὼν
3476 852 3533 914 ’ὂς
3579 853 3685 907 ἀπὸ
3735 859 3839 922 τῆς

2187 943 2332 1008 θείας
2367 943 2458 998 καὶ
2491 941 2734 1019 ἀῤῥήτου
2765 941 2969 1016 Σοφίας
3027 942 3362 1014 ὠνόμασται,
3419 941 3508 996 καὶ
3564 941 3627 996 τὸ
3679 946 3837 995 Θεῖον

2185 1029 2525 1086 ἐπικαλεῖται
2583 1031 2877 1105 συνέριθον,
2934 1031 3024 1084 καί
3077 1031 3178 1098 τήν
3241 1031 3398 1099 νίκην
3455 1028 3681 1084 αἰτεῖται
3745 1029 3842 1101 μὲν

2186 1119 2408 1191 ἐκεῖθεν,
2472 1119 2533 1175 οὗ
2589 1117 2807 1195 δέχεται
2866 1117 2944 1189 δέ,
3005 1119 3082 1181 ὡς
3135 1119 3199 1174 τὸ
3254 1122 3352 1174 τοῦ
3389 1116 3640 1190 πολέμου
3669 1118 3840 1191 πέρας

2188 1210 2447 1288 ὑπέφηνε,
2509 1211 2884 1283 μετατεθεῖσαν
2964 1208 3100 1283 πρὸς
3165 1207 3228 1262 τὸ
3305 1205 3602 1262 ἀντίπαλον
3655 1203 3844 1285 ἀνειρί-

2184 1319 2334 1360 κτοις
2365 1301 2500 1372 ἡμῖν
2535 1303 2732 1363 θεϊκοῖς
2775 1298 3053 1372 κρίμασιν.
3113 1298 3356 1371 Ἀπάρας
3413 1296 3508 1350 οὖν
3546 1301 3646 1364 τῆς
3679 1294 3838 1368 βασι-

2188 1386 2342 1448 λίδος
2365 1392 2473 1443 τῶν
2505 1387 2742 1456 πόλεων,
2777 1387 3018 1463 Φρυγίαν
3057 1407 3114 1442 τε
3177 1386 3268 1440 καὶ
3327 1382 3650 1442 Λαοδίκειαν
3683 1381 3840 1438 διελ-

2186 1477 2292 1531 θὼν
2325 1478 2626 1557 ἀφικνεῖται
2657 1477 2712 1538 ἐς
2743 1478 2964 1545 Χώνας,
3019 1473 3183 1531 πόλιν
3239 1471 3540 1548 εὐδαίμονα
3595 1472 3685 1528 καὶ
3740 1478 3844 1545 μέ-

2187 1564 2391 1640 γάλην.
2475 1565 2648 1621 πάλαι
2703 1566 2800 1628 τὰς
2883 1564 3170 1626 Κολασσᾶς
3227 1566 3328 1638 (t),
3385 1564 3488 1632 τήν
3549 1561 3684 1634 ἐμοῦ
3743 1564 3840 1616 τοῦ

2191 1652 2540 1732 συγγραφέως
2599 1653 2855 1729 πατρίδα.
2916 1655 3018 1711 Καὶ
3079 1653 3170 1708 τὸν
3259 1651 3661 1728 ἀρχαγγελικὸν
3717 1650 3844 1704 ναὸν

2191 1745 2391 1810 εἰσιὼν,
2445 1744 2656 1822 μεγέθει
2692 1744 2941 1819 μέγιστον
3001 1743 3091 1798 καὶ
3119 1741 3314 1798 κάλλει
3355 1741 3652 1798 κάλλιστον
3713 1740 3843 1796 ὄντα

433 1837 824 1893 Romanorum
874 1837 1132 1907 capitum
1183 1837 1494 1906 perierunt,
1546 1843 1609 1890 ut
1638 1835 1897 1892 dicturus
1927 1849 2072 1890 sum.

2191 1833 2279 1888 καὶ
2339 1833 2637 1906 θαυμασίας
2694 1835 2882 1908 χειρὸς
2941 1833 3148 1888 ἅπαντα
3230 1830 3411 1908 ἔργον,
3474 1830 3671 1886 ἐκεῖθεν
3727 1829 3840 1902 ἐξε-

2189 1922 2208 1934 ι
2243 1923 2252 1934 ι
2417 1922 2435 1934 ι
2524 1931 2531 1934 .
2571 1925 2581 1934 ι
2779 1921 2804 1934 ιι
3061 1922 3075 1934 ι
3194 1920 3232 1934 1‘
3361 1925 3405 1934 --
3441 1919 3460 1934 \
3575 1920 3588 1934 ι
3715 1913 3740 1934 Ἰ
3778 1929 3794 1934 -

433 1929 667 1995 Semper
709 1937 900 1982 autem
932 1931 1096 1981 caute
1141 1924 1541 1997 instructaque
1589 1925 1709 1980 acie
1741 1924 2080 1996 procedebat

436 2022 494 2072 et
547 2015 760 2071 vallum
818 2014 1262 2080 communiebat,
1323 2031 1507 2086 neque
1541 2029 1784 2085 usquam
1837 2015 2079 2069 fortuna:

434 2105 743 2161 temeritati
775 2120 835 2160 se
863 2103 1280 2159 committebat.
1322 2105 1538 2160 Tamen
1572 2109 1636 2158 ut
1663 2103 1891 2158 tardius
1927 2104 2085 2158 ince-

442 2197 624 2259 deret,
675 2194 942 2263 jumenta
1005 2191 1352 2259 efﬁciebant,
1425 2209 1458 2246 a
1533 2191 1744 2263 quibus
1803 2190 2084 2246 machinae

443 2281 836 2350 trahebantur,
867 2290 918 2336 et
971 2297 1090 2352 quae
1122 2297 1218 2338 eas
1247 2281 1485 2336 curabat
1539 2281 1858 2337 imbelltum
1904 2279 2088 2336 homi-

441 2385 582 2425 num
617 2370 942 2426 multitudo.
977 2369 1252 2425 Caeterum
1285 2367 1470 2424 Persae
1501 2368 1752 2424 subinde
1781 2384 1842 2424 se
1891 2374 2086 2424 osten-

440 2461 643 2515 dentes
697 2457 916 2514 levibus
973 2457 1184 2530 praeliis
1221 2457 1510 2514 Romanos
1566 2457 1924 2514 lacessebant
1968 2475 1982 2525 ;
2033 2460 2091 2512 et

437 2564 696 2621 gramen,
755 2564 867 2620 qua
910 2549 1160 2603 eundern
1207 2546 1290 2604 eis
1357 2552 1502 2617 erat,
1570 2547 1960 2618 demetebant,
2028 2554 2092 2602 ut

437 2638 714 2709 pabulum
759 2638 1038 2708 jumentis
1083 2637 1353 2705 deesset;
1401 2641 1460 2692 et
1508 2653 1684 2709 aquas
1733 2637 2087 2700 inliciebant,

433 2727 595 2782 Unde
645 2727 884 2782 Romani
937 2727 1139 2782 morbo
1170 2725 1406 2782 ccsliaco
1455 2741 1806 2797 magnopere
1864 2727 2092 2797 afﬂige-

431 2816 638 2872 bantur
668 2823 720 2870 et
752 2814 1229 2871 absumebantur.

2189 1922 2356 1985 λάσας
2387 1922 2466 1985 εἷς
2507 1925 2726 1996 Λάμπιν
2779 1921 2930 1977 ’ίκετο
2987 1922 3080 1976 καὶ
3138 1920 3299 1994 μόλιν
3361 1919 3652 1988 Κελαινὰς,
3713 1913 3839 1982 ἔνθα

2189 2017 2286 2067 τοῦ
2317 2009 2633 2087 Μαιάνδρου
2665 2012 2797 2067 εἰσὶν
2826 2013 2884 2068 αἱ
2911 2009 3149 2074 ἐκδόσεις
3197 2010 3286 2066 καὶ
3345 2012 3373 2066 ὁ
3429 2009 3684 2084 Μαρσύας
3754 2007 3841 2084 ῥεῖ

2191 2104 2441 2175 ποταμὸς
2473 2097 2769 2176 ἐμϐάλλων
2803 2103 2880 2164 εἷς
2927 2100 3255 2176 Μαίανδρον,
3303 2101 3394 2156 καὶ
3453 2101 3482 2154 ὁ
3545 2097 3837 2156 Ἀπόλλων

2193 2188 2427 2265 ἐκδεῖραι
2471 2191 2729 2264 Μαρσύαν
2759 2190 2870 2246 ἐκεῖ
2923 2211 3029 2246 που
3090 2187 3306 2266 λέγεται
3365 2189 3604 2262 καθάπερ
3653 2187 3844 2260 μύωπι

2195 2278 2546 2354 οἶστρηθέντα
2579 2280 2740 2356 βιαίῳ
2777 2281 2867 2335 καὶ
2923 2280 3044 2355 περὶ
3097 2285 3197 2348 τῆς
3254 2275 3447 2348 ἀοιδῆς
3501 2275 3694 2352 ἐρίζειν
3746 2275 3847 2350 ἀρ-

2195 2369 2421 2442 ξάμενον
2479 2371 2616 2443 πρὸς
2673 2369 3021 2428 Ἀπόλλωνα.
3079 2369 3335 2425 Κάκεῖθεν
3409 2366 3484 2430 εἷς
3539 2367 3602 2422 τὸ
3667 2365 3847 2438 Χῶμα

2196 2457 2368 2522 ἐλθὼν
2432 2457 2513 2530 τῷ
2571 2458 2974 2540 Μυριοκεφάλῳ
3065 2455 3362 2537 ἐφίσταται.
3445 2455 3715 2531 Φρούριον
3787 2451 3848 2510 δὶ

2193 2551 2355 2602 τοῦτο
2402 2545 2637 2602 παλαιὸν
2692 2549 2782 2602 καὶ
2831 2547 3112 2618 ἀοίκητον,
3175 2544 3508 2622 προκληθὶν,
3569 2545 3746 2617 οἶμαι,
3815 2543 3845 2598 ’ὀ

2197 2634 2428 2710 ἐγένετο,
2487 2635 2522 2704 ἢ
2582 2637 2804 2712 γεγονὸς
2864 2636 2896 2692 ὅ
2949 2636 3296 2712 προεκλήθη·
3353 2634 3478 2707 περὶ
3535 2635 3643 2709 γὰρ
3710 2631 3843 2688 αὐτὸ

2195 2723 2470 2786 πολλάκις
2530 2728 2749 2801 μυρίαις
2807 2725 3070 2800 κεφαλαῖς
3123 2725 3413 2799 Ῥωμαίων
3477 2718 3688 2792 ἐϐλήθη
3747 2723 3844 2777 θά-

2197 2835 2373 2882 νατος,
2407 2814 2480 2876 ὠς
2539 2814 2707 2886 λέξων
2767 2809 3026 2892 ἔρχομαι.
3087 2813 3194 2872 ’Δεὶ
3257 2813 3316 2870 δὲ
3372 2812 3464 2868 σὺν
3497 2812 3692 2884 κόσμῳ
3751 2811 3842 2866 καὶ

427 2904 571 2973 τάξει
628 2903 756 2964 τοὺς
813 2901 1087 2973 σταθμοὺς
1146 2903 1174 2956 ὁ
1233 2901 1492 2976 βασιλεὺς
1549 2901 1774 2972 ἐτίθετο,
1849 2901 2071 2976 βάλλων
2139 2903 2389 2978 χάρακας
2450 2904 2541 2959 καὶ
2605 2905 2704 2966 τὰς
2784 2905 3040 2978 ἀπάρσεις
3109 2905 3200 2958 σὺν
3287 2901 3439 2977 λόγῳ
3496 2900 3833 2972 ποιούμενος

427 2993 516 3048 καὶ
581 2987 833 3064 μεθόδοις
897 2995 1280 3065 στρατηγικαῖς
1337 2992 1646 3069 χρώμενος,
1705 2989 1755 3045 εἴ
1805 2991 1897 3045 καὶ
1955 2993 2056 3060 τήν
2109 2993 2332 3066 πορείαν
2393 2993 2510 3068 εἶχε
2565 2987 2830 3068 σχολαίαν
2864 2990 2953 3048 διὰ
2981 2993 3049 3050 τὰ
3111 2993 3208 3056 τὰς
3266 2991 3523 3070 μηχανὰς
3574 2987 3838 3068 ἀνέχοντα

431 3080 696 3156 ὑποζύγια
754 3079 999 3140 καὶτοὺς
1039 3079 1126 3132 ἐπὶ
1175 3079 1394 3141 τούτοις
1425 3080 1808 3158 τεταγμένους,
1839 3077 2088 3142 πολλοὺς
2145 3079 2299 3142 ὄντας
2356 3083 2445 3137 καὶ
2499 3081 2826 3158 ἀπομάχους
2891 3083 3108 3144 πάντας.
3149 3079 3330 3140 Ἀλλὰ
3383 3079 3474 3134 καὶ
3531 3081 3582 3134 oi
3633 3081 3832 3151 Πέρσαι

427 3170 894 3246 παραφαινόμενοι
983 3163 1052 3220 δι’
1111 3160 1530 3240 ἀκροϐολισμῶν
1588 3167 1882 3236 ἐπέκειντο,
1932 3173 2021 3222 καί
2067 3169 2494 3242 προϊππεύοντες
2556 3173 2656 3240 τὴν
2699 3173 2836 3233 πόας
2902 3165 3108 3246 ἔκειρον
3175 3171 3274 3237 τήν
3335 3166 3564 3234 ἐνόδιον,
3623 3166 3696 3226 ὡς
3751 3165 3830 3237 μὴ

431 3258 536 3310 εἷεν
583 3260 703 3316 τοῖς
775 3253 1066 3326 Ῥωμαίων
1116 3251 1309 3316 ἵπποις
1359 3253 1540 3332 χιλοξ,
1596 3256 1688 3310 καὶ
1747 3255 1814 3310 τὰ
1871 3253 2036 3311 ὕδατα
2092 3257 2379 3336 ἧχρείουν,
2437 3260 2512 3320 ὡς
2600 3261 2677 3334 μή
2735 3265 2974 3334 καθαροῦ
3033 3263 3210 3332 σπῷεν
3275 3259 3539 3330 Ῥωμαῖοι
3603 3251 3824 3315 ὕδατος.

431 3343 604 3398 Αὐτοὶ
641 3341 820 3416 μέντοι
851 3346 1119 3415 Ῥωμαῖοι
1149 3339 1419 3414 κοιλιακῷ
1457 3363 1548 3398 συν
1561 3343 1839 3418 ισχόμενοι
1869 3347 2144 3419 νοσήματι
2174 3353 2352 3411 κακῶς
2381 3345 2640 3425 ἔπασχον,
2707 3351 2797 3405 καὶ
2847 3351 2916 3420 ἦν
2965 3348 3225 3421 νοσηλεία
3255 3349 3388 3405 αὕτη
3419 3339 3828 3417 ἐπιϐοσκομένη

433 3430 578 3504 μάλα
605 3433 670 3486 τὸ
702 3431 1034 3502 στράτευμα.

503 3523 572 3580 ll.
606 3523 741 3579 Post
766 3523 886 3578 hac
920 3523 1068 3580 bello
1099 3525 1368 3580 sultanus
1407 3523 1654 3581 intendit
1679 3527 1980 3590 animum:
2015 3533 2072 3584 et

2257 3531 2332 3586 B'.
2368 3530 2490 3588 Ἐπὶ
2523 3528 2579 3586 δὲ
2605 3531 2821 3596 τούτοις
2847 3529 3086 3605 ἐμέλησε
3120 3531 3213 3603 μέν
3265 3535 3346 3602 τῷ
3399 3525 3678 3598 σουλτάνῳ
3735 3523 3828 3579 καί

427 3614 654 3686 magnis
689 3615 916 3670 auxiliis
944 3632 1008 3670 ex
1043 3615 1448 3684 Mesopotamia
1487 3619 1543 3670 et
1580 3617 1651 3672 ab
1673 3617 1800 3674 aliis
1824 3624 2066 3690 p0pula-

420 3705 582 3762 ribus
629 3703 754 3761 suis
791 3704 1135 3774 comparatis
1193 3720 1292 3775 per
1338 3703 1561 3775 legatos
1596 3705 1668 3761 ab
1722 3706 2069 3778 imperatore

419 3809 613 3864 pacem
637 3793 819 3864 petiit,
849 3793 918 3848 iis
948 3792 1377 3848 conditionibus
1417 3794 1570 3850 232
1603 3810 1743 3866 quas
1775 3795 1896 3865 ipse
1926 3813 2068 3867 prae-

416 3883 710 3940 scriberet.
743 3884 928 3948 Quare
957 3897 1162 3936 omnes
1195 3881 1254 3937 in
1287 3882 1452 3938 bellis
1479 3885 1791 3954 praesertim
1829 3885 2066 3941 Persicis

415 3971 706 4027 exercitati
763 3977 818 4026 et
856 3979 1020 4026 aetate
1069 3971 1451 4042 provectiores
1507 3972 1754 4028 Manueli
1805 3984 2063 4031 auctores

413 4069 568 4116 erant
605 4061 845 4116 Persicae
875 4059 1186 4132 legationis
1215 4061 1418 4131 cupide
1451 4062 1842 4130 admittendis,
1876 4079 2063 4134 neque

417 4165 580 4218 spem
632 4164 862 4202 omnem
915 4148 1151 4203 incertae
1196 4150 1399 4206 Martis
1429 4151 1567 4205 aleae
1616 4153 2009 4208 committendi
2047 4170 2059 4206 :

416 4239 633 4294 bellum
666 4255 794 4294 esse
841 4239 1053 4309 injcns,
1081 4238 1202 4294 loca
1243 4241 1314 4294 ab
1345 4241 1609 4296 hostibus
1639 4251 1916 4315 occupata
1947 4259 2062 4300 non

417 4327 585 4382 facile
625 4325 858 4382 transiri
903 4344 1096 4398 posse,
1147 4329 1363 4384 Turcas
1391 4329 1770 4386 validissimis
1801 4334 2062 4404 equitum

415 4413 624 4471 turmis
656 4415 888 4479 ﬂorere;
913 4415 982 4470 ad
1011 4415 1124 4471 haec
1155 4415 1311 4472 luem
1343 4417 1402 4472 in
1434 4419 1678 4473 exercitu
1708 4427 2061 4490 grassantem

416 4504 894 4560 considerandam
944 4521 1092 4562 esse.
1126 4507 1339 4560 Verum
1365 4505 1460 4561 ille
1493 4506 1768 4577 neglectis
1830 4525 2064 4579 prorsus

415 4595 706 4652 seniorum
788 4595 1067 4660 consiliis,
1135 4595 1397 4666 cognatis
1463 4612 1597 4652 vero
1676 4597 1794 4654 suis
1861 4601 2062 4670 cnpide

411 4684 647 4753 auditis,
679 4683 864 4754 iisque
896 4685 1257 4755 potissimum
1293 4685 1391 4756 qui
1422 4683 1727 4742 classicum
1760 4703 2062 4762 nunquam

409 4774 734 4838 audierant,
790 4773 978 4829 forma
1033 4777 1089 4829 ct
1127 4790 1267 4830 auro
1326 4774 1685 4848 gemmisque
1743 4779 2060 4848 conspicui,

409 4860 627 4932 legatos
689 4861 804 4916 voti
873 4862 1117 4932 impotes
1161 4861 1406 4920 dimisit.
1448 4863 1730 4921 Cancrum
1793 4865 2058 4924 sultanus

407 4965 534 5004 cum
564 4949 753 5004 denuo
792 4966 991 5020 pacem
1025 4951 1296 5022 petiisset,
1331 4957 1388 5008 ct
1435 4953 1743 5024 imperator
1772 4957 2054 5027 gloriatus

405 5041 560 5094 esset
591 5053 652 5093 se
709 5037 790 5092 illi
824 5039 1002 5094 lconii
1053 5057 1488 5111 responsurum,
1519 5047 1577 5098 in
1607 5045 1898 5115 angustiis
1931 5063 2054 5116 quas

2173 3625 2270 3675 τοῦ
2327 3620 2603 3694 πολέμου,
2659 3623 2749 3677 καὶ
2806 3622 3153 3698 ξυμμαχικὸν
3209 3619 3593 3694 συνεπορίσατο
3641 3615 3826 3671 ἱκανὸν

2176 3711 2280 3765 ἀπό
2339 3731 2397 3766 τε
2445 3718 2547 3782 τῆς
2610 3711 2780 3782 μέσης
2839 3716 2946 3766 τῶν
3031 3715 3293 3784 ποταμῶν
3381 3709 3470 3763 καὶ
3535 3711 3646 3762 τῶν
3709 3703 3822 3762 ἅνω

2175 3795 2476 3876 συμερύλων
2562 3795 2871 3875 βαρϐάρωψ
2961 3795 3515 3873 διαπρεσϐευσάμενος
3599 3791 3658 3849 δὲ
3731 3793 3826 3848 καὶ

2175 3888 2248 3949 εἰς
2283 3887 2511 3963 βασιλέα
2539 3891 2632 3951 τάς
2667 3889 2800 3964 πρὸς
2861 3889 3082 3964 εἰρήνην
3137 3890 3406 3959 συνθήκας
3463 3886 3672 3960 ᾐτεῖτο,
3729 3884 3824 3938 καὶ

2169 3985 2279 4036 τῶν
2308 3979 2492 4054 ἐκείνῳ
2537 3979 2877 4057 βουλητέων,
2936 3983 3102 4036 ὁποῖα
3157 3979 3216 4036 ἄν
3274 3981 3366 4036 καὶ
3423 3981 3576 4048 ὦσιν⁹
3611 3975 3823 4031 ἐπένευε

2170 4071 2270 4138 τήν
2302 4073 2625 4145 περάτωσιν.
2683 4073 2954 4134 ’Ἀπαντες
3007 4072 3191 4126 τοίνυν
3240 4069 3360 4126 ὅσοι
3408 4067 3670 4140 πολέμων
3725 4061 3827 4118 οὐκ

2169 4158 2526 4232 ἀμελέτητοι,
2612 4161 2703 4216 καὶ
2789 4159 3029 4234 μάλιστα
3087 4157 3152 4232 δὴ
3212 4165 3320 4217 τῶν
3372 4161 3674 4232 Περσικῶν,
3731 4153 3822 4208 καὶ

2171 4249 2361 4323 χρόνῳ
2418 4251 2778 4325 προήκοντες,
2835 4250 3186 4324 ἐξελιπάρουν
3247 4251 3338 4304 τὸν
3407 4243 3674 4313 Μανουῆλ
3731 4246 3822 4316 ἀρ-

2171 4340 2336 4392 πάσαι
2367 4341 2466 4408 τήν
2511 4344 2609 4394 τοῦ
2651 4340 2858 4406 Πέρσου
2915 4335 3202 4416 πρεσϐείαν
3261 4339 3350 4394 καὶ
3409 4338 3488 4412 μή
3543 4340 3624 4407 τῷ
3669 4329 3821 4406 κύϐῳ

2167 4431 2266 4482 τοῦ
2296 4425 2548 4502 πολέμου
2576 4430 2672 4493 τάς
2737 4428 2962 4492 ἐλπίδας
2996 4428 3128 4492 ὅλας
3162 4429 3616 4504 ἀποχαρίζεσθαι,
3673 4426 3818 4505 ἀφο-

2175 4523 2350 4591 ρῶντα
2383 4519 2479 4591 μὲν
2507 4520 2594 4574 καὶ
2645 4519 2784 4592 πρὸς
2813 4517 2875 4575 τό
2931 4523 3028 4574 τοῦ
3059 4520 3267 4594 ἀγῶνος
3303 4519 3552 4592 μέγιστον
3602 4517 3692 4571 καὶ
3751 4515 3820 4571 τὰ

2175 4607 2249 4679 μὴ
2297 4607 2504 4682 βάσιμα
2533 4605 2734 4681 ῥᾳδίως
2766 4611 2873 4663 τῶν
2915 4607 3116 4676 τόπων,
3145 4607 3177 4661 ἄ
3207 4607 3258 4662 οἱ
3289 4604 3578 4662 ἀντίπαλοι
3609 4603 3816 4680 προλο-

2171 4694 2443 4768 χίσουσιν,
2477 4691 2925 4770 ὑποϐλεπόμενον
2956 4694 3014 4751 δέ
3044 4695 3154 4772 οὐχ
3181 4697 3346 4765 ἦττον
3413 4695 3505 4750 καὶ
3560 4696 3657 4762 τήν
3713 4699 3818 4750 τῶν

2170 4783 2427 4859 Τούρκων
2485 4787 2862 4859 ἀκμαιοτάτην
2915 4791 3087 4842 πᾶσαν
3141 4786 3232 4840 καὶ
3291 4783 3518 4841 εἷίῖππον
3569 4783 3818 4858 δύναμιν,

2175 4875 2248 4946 μή
2297 4876 2714 4948 παρατρέχοντα
2773 4873 2831 4930 δὲ
2887 4875 2976 4932 καὶ
3031 4877 3130 4945 τὴν
3214 4876 3370 4930 νόσον
3431 4873 3466 4942 ἢ
3526 4875 3699 4944 πιέζει
3758 4873 3818 4928 τὸ

2165 4962 2492 5038 στράτευμα.
2548 4966 2604 5019 Ὀ
2663 4963 2721 5020 δέ
2773 4971 2888 5028 τοῖς
2949 4965 3096 5038 παρά
3131 4969 3238 5020 τῶν
3297 4959 3676 5040 πρεσϐυτέρων
3735 4963 3819 5019 λε-

2162 5051 2416 5126 γομένοις
2451 5051 2581 5126 μηδ’
2630 5053 2776 5117 ’ὀλως
2808 5055 3121 5129 προσσχὼν,
3180 5055 3279 5122 τήν
3339 5051 3387 5108 δ’
3443 5053 3611 5122 ἀκοήν
3677 5051 3816 5122 ὅλην

2161 5141 2490 5204 ἀναπετάσας
2541 5149 2661 5208 τοῖς
2715 5143 2766 5215 ἐξ
2823 5144 3058 5217 αἳματος
3113 5143 3260 5217 αὖτῷ
3305 5145 3669 5218 προσήκουσι,
3725 5142 3816 5197 καὶ

2157 5231 2365 5286 τούτων
2427 5232 2666 5304 μάλιστα
2719 5233 2912 5290 ὁπόσοι
2998 5233 3306 5310 σάλπιγγος
3381 5231 3630 5288 ἐνυαλίου
3682 5235 3819 5302 ἦσαν

2157 5317 2534 5394 ἀπεριήγητοι
2576 5321 2694 5397 ξκαὶ
2751 5323 2851 5392 τὴν
2911 5321 3092 5396 κόμην
3123 5321 3318 5397 ἀγλαοὶ
3349 5321 3442 5378 καὶ
3475 5319 3695 5397 φαιδροὶ
3753 5320 3822 5376 τά

1739 5440 1932 5510 Hier.
1971 5443 2223 5514 Wolﬁi
2255 5453 2472 5521 notae.

474 5565 550 5666 (ξ)
576 5561 1098 5666 Ιξιηὶξολαῗά-ςῇ
1133 5567 1410 5666 ξιιειρὶιοοι*
1466 5569 1777 5632 Choniatas
1827 5581 1955 5648 post
1998 5581 2320 5654 appellatos
2367 5601 2490 5644 esse
2549 5585 2646 5659 qui
2706 5587 2848 5646 olim
2902 5587 3275 5648 Colossenses
3333 5589 3472 5648 dicti
3531 5589 3713 5658 fuere,
3745 5589 3818 5646 ad

402 5655 545 5710 quos
575 5639 818 5710 cpistola
843 5645 909 5696 1).
945 5638 1101 5694 Pauli
1133 5644 1344 5699 exstat.

403 5127 630 5182 Clisura
699 5127 931 5200 Zybrize
985 5130 1367 5200 appellantur,
1429 5149 1528 5204 per
1577 5150 1720 5204 quas
1785 5135 2052 5194 Romanis

400 5217 820 5288 Myriocephalo
887 5217 1168 5288 digressis
1227 5221 1650 5278 transeundum
1719 5233 1861 5290 erat,
1911 5244 2050 5284 suas

399 5304 716 5376 phalanges
763 5305 946 5370 abdit,
979 5311 1045 5360 ut
1089 5306 1364 5380 impetum
1399 5311 1456 5365 in
1510 5327 1610 5368 eos
1639 5319 2050 5382 praetereuntes
