4140 6290
409 365 535 426 525

414 497 693 574 πρόσωπα
744 496 831 550 καὶ
887 492 1102 556 κλοιοῖς

417 583 734 665 διαφανέσιν
788 583 848 639 ἐκ
905 581 1074 646 λίθων
1105 581 1400 660 τηλαυγῶν
1428 584 1517 638 καὶ
1561 581 1912 661 μαργαρίδων
1975 606 2062 640 τις

425 671 646 748 μαλγῶν
685 671 810 734 τοὺς
849 670 1170 748 τραχήλους
1206 668 1605 746 περιδεόμενοι,
1635 672 1763 734 τοὺς
1811 667 2066 746 πρεσϐεις

420 761 721 836 ἀπράκτους
773 759 1107 833 ἀπέπεμψεν.
1139 761 1202 818 Ὀ
1255 757 1312 815 δὲ
1363 759 1658 822 σουλτάνος
1722 760 1822 816 οὐκ
1872 760 2062 829 ἀνῆκεν

417 851 560 912 αὖθις
587 849 653 903 τὰ
682 849 822 923 πρὸς
853 849 1079 922 εἰρήνην
1131 845 1536 925 διαλεγόμενος.
1599 848 1751 905 Ἐπεὶ
1803 846 1860 904 δὲ
1920 849 2066 924 ἑώρα

415 938 490 1006 μή
519 935 924 1012 προχωρούσας
989 937 1082 999 τὰς
1143 932 1442 1010 συμϐάσεις
1507 934 1654 992 ἀλλά
1703 936 1793 992 καὶ
1838 934 2065 1012 βασιλέα

409 1025 566 1081 αὐτὸν
621 1026 760 1080 κατά
805 1027 868 1080 τὸ
927 1026 1156 1083 Ἰκόνιον
1213 1025 1619 1101 ἀποκρινεῖσθαί
1676 1027 1727 1080 οἱ
1789 1024 2063 1102 μεγαλαυ-

409 1119 637 1189 χοῧντα,
686 1110 1200 1189 προκαλαταμϐάνει
1257 1114 1351 1175 τάς
1417 1112 1730 1194 δυσχωρίας
1786 1113 1844 1169 α⁹ί
1911 1114 2063 1170 κλειο

408 1208 595 1279 σοῦραι
677 1207 778 1258 τοῦ
860 1198 1166 1274 Τζυϐρίτζη
1255 1205 1739 1276 κατονομάζονται,
1828 1200 1888 1266 ἀς
1971 1204 2064 1260 καὶ

407 1289 658 1364 ἤμελλον
689 1293 960 1364 Ῥωμαῖοι
995 1292 1129 1365 μετά
1155 1293 1255 1362 τήν
1320 1292 1426 1347 ἀπὸ
1470 1289 1894 1369 Μυριοκεφάλου
1925 1312 2066 1366 παρ-

413 1380 542 1435 ιέναι
592 1379 848 1456 ἃπαρσιν,
907 1380 1123 1436 κάκεῖσε
1201 1382 1297 1442 τάς
1355 1381 1560 1444 οἰκείας
1636 1377 1901 1456 παραϐύει
1961 1382 2063 1460 φά-

407 1467 633 1544 λαγγας,
711 1471 784 1532 ὡς
878 1469 1244 1539 ἀντιτάξαιντο
1329 1469 1627 1542 Ῥωμαίοις
1708 1469 1898 1526 αὐτίκα
1992 1467 2059 1539 δὴ

402 1563 714 1634 παριοῦσιν.
748 1561 901 1615 Ἔστι
934 1555 992 1614 δὲ
1061 1560 1088 1615 6
1120 1559 1288 1621 τόπος
1319 1559 1477 1622 οὗτος
1538 1557 1820 1631 ἐπιμήκης
1851 1556 2058 1627 αὐλὼν,

401 1641 547 1722 ἔχων
605 1647 749 1722 ὀρῶν
812 1641 1153 1720 ὑπερϐολὰς,
1209 1649 1345 1702 κατά
1378 1647 1473 1720 μὲν
1503 1647 1566 1702 τὸ
1614 1647 1828 1722 βόρειον
1884 1646 2061 1719 κλίμα

403 1731 864 1792 ὑποκαταϐαίνων
893 1741 991 1792 τοῦ
1025 1735 1290 1799 ἀνάντους
1341 1736 1523 1810 ἡρέμα
1579 1735 1658 1798 εἷς
1689 1734 1913 1814 γήλοφα
1969 1735 2058 1790 καὶ

1442 365 1545 426 DE
1591 364 1978 426 MANUELE
2017 365 2394 427 COMNENO
2440 368 2586 427 LIB.
2636 370 2741 430 VI.

1189 493 1444 569 χρυσέοις
1525 495 1616 550 καὶ
1699 492 2053 570 περιδεραίοις

2177 499 2330 554 238
2355 498 2607 554 facerent
2631 517 2644 554 :
2667 503 2758 556 est
2780 505 2975 558 autem
3001 503 3050 559 is
3069 505 3233 561 locus
3254 507 3504 578 oblonga
3525 511 3808 568 convallis

3713 381 3832 444 526

2179 588 2489 643 verticibus
2523 589 2813 644 montium
2846 607 3185 663 assurgens,
3219 611 3346 666 quas
3377 597 3446 651 ad
3470 601 3819 670 septentrio~

2178 692 2308 731 nem
2343 677 2514 748 paulo
2546 676 2824 734 declivior
2854 679 2913 734 in
2947 680 3146 750 colles,
3179 684 3237 738 in
3264 686 3616 756 patentiores
3642 687 3818 744 valles

2177 766 2579 836 protenditur;
2635 766 2707 821 ab
2780 767 2960 822 altera
3001 786 3136 826 vero
3185 781 3345 842 parte
3405 773 3540 830 altis
3585 776 3823 848 rupium

2177 855 2507 926 praecipitiis
2538 855 2879 914 includitur.
2916 861 3022 913 Per
3051 860 3226 916 talem
3258 864 3407 917 viam
3465 865 3823 921 transiturus

2172 943 2400 999 Manuel
2450 943 2598 999 nihil
2655 945 2901 1016 providit
2958 949 3113 1018 quod
3165 951 3437 1007 exercitui
3483 954 3814 1026 expediret:

2175 1048 2361 1103 neque
2408 1032 2562 1088 enim
2613 1033 3165 1106 impedimentorum
3214 1039 3668 1110 multitudinem,
3719 1048 3823 1099 aut

2173 1137 2382 1177 currus
2439 1122 2540 1193 qui
2601 1124 2904 1180 machinas
2964 1126 3252 1183 vehebant
3307 1131 3568 1199 removit,
3629 1148 3818 1204 neque

2173 1211 2441 1283 expedita
2471 1211 2706 1268 cohorte
2740 1217 2938 1270 Persas
2969 1230 3035 1270 ex
3064 1219 3359 1274 montanis
3385 1219 3500 1274 illis
3527 1223 3820 1292 angustiis

2173 1303 2417 1374 depulit,
2451 1307 2514 1357 ut
2543 1303 2819 1358 exercitui
2848 1305 2999 1360 viam
3029 1306 3300 1377 aperiret.
3322 1309 3430 1363 Sed
3461 1313 3524 1364 ut
3547 1310 3604 1364 in
3630 1315 3822 1380 paten-

2173 1392 2331 1448 tibus
2361 1393 2605 1463 campis,
2638 1393 2720 1448 ita
2749 1393 2926 1449 etiam
2957 1393 3014 1450 in
3049 1396 3316 1452 faucibus
3347 1397 3463 1454 illis
3501 1398 3609 1454 iter
3655 1401 3811 1469 fecit,

2172 1479 2440 1551 quamvis
2472 1484 2605 1536 ante
2631 1480 2930 1550 audiisset,
2964 1482 3019 1538 id
3054 1485 3205 1554 quod
3251 1485 3419 1557 paulo
3464 1493 3594 1559 post
3645 1488 3809 1558 vidit,

2171 1568 2454 1624 Barbaros
2476 1569 2639 1640 jugis
2671 1573 3089 1643 praeoccupatis
3120 1590 3326 1632 omnes
3365 1577 3668 1647 pharetras
3716 1595 3814 1633 ex-

2173 1657 2509 1727 hausturos,
2527 1674 2701 1714 omne
2720 1661 2969 1714 telorum
2994 1677 3179 1731 genus
3202 1664 3570 1734 conjectures
3594 1669 3652 1723 et
3668 1666 3816 1722 nihil

2171 1745 2524 1801 intentatum
2559 1746 2861 1804 relicturos
2895 1765 3010 1819 quo
3057 1751 3346 1808 Romanos
3379 1753 3654 1810 ulteriore
3681 1771 3820 1826 pro-

401 1826 535 1901 πρὸς
569 1825 778 1900 εὐρείας
809 1825 1230 1898 κοιλαινόμενος
1291 1826 1594 1905 φάραγγας,
1651 1825 1788 1881 κατά
1844 1824 1902 1879 δὲ
1960 1826 2053 1879 θά-

2171 1850 2375 1904 gressu
2409 1834 2803 1906 prohiberent.
2848 1839 3170 1910 Imperator
3216 1840 3559 1912 (Septembri
3611 1824 3812 1898 mense

399 1933 557 1988 τερον
591 1914 757 1988 μὲρος
789 1913 864 1976 εἰς
909 1914 1195 1989 προτομὰς
1253 1913 1529 1990 προνεύων
1587 1919 1798 1988 πετρῶν
1829 1912 1919 1968 καὶ
1979 1911 2058 1977 εἲς

403 2000 752 2079 κρημνώδεις
784 2003 1002 2076 σύμπας
1090 2003 1409 2065 ἀναστάσεις
1459 2001 1870 2079 περιερρωγώς.
1935 2002 2060 2060 Ἐπὶ

404 2092 660 2163 τοιαύτης
717 2090 810 2146 οὖν
875 2091 1096 2164 μὲλλων
1159 2090 1402 2146 ἐλαύνειν
1464 2087 1594 2145 ὁδοῦ
1652 2087 1808 2146 οὐδὲν
1871 2111 1924 2144 τι
1981 2095 2061 2162 τῷ

401 2181 612 2255 στρατῴ
675 2185 926 2235 συνοῖσον
989 2182 1513 2255 προμηθευσάμενος
1593 2178 1858 2258 φαίνεται·
1933 2177 2062 2235 οὔτε

395 2278 499 2354 γάρ
529 2279 591 2334 τὸ
621 2277 768 2334 πολῦ
813 2282 920 2334 τῶν
980 2279 1322 2356 σκευοφόρων
1379 2275 1800 2347 ἀπεσκευάσατο,
1832 2273 1869 2345 ἤ
1927 2280 2056 2350 γοῦν

399 2370 494 2430 τὰς
530 2367 742 2441 ἁμάξας
776 2364 1026 2423 ἐκποδὼν
1066 2363 1216 2432 ἔθετο
1256 2365 1312 2422 α⁹ί
1374 2366 1470 2430 τάς
1507 2366 1886 2442 τειχομάχους
1933 2359 2060 2442 ἔφε-

400 2478 489 2532 ρον
523 2457 808 2532 μηγανάς,
861 2454 988 2511 οὔτε
1047 2457 1154 2529 μὴν
1211 2454 1607 2530 ἀπεπειράσατο
1676 2456 1768 2509 σὺν
1836 2453 2058 2526 εὐζώνῳ

399 2546 633 2621 τάγματι
665 2545 986 2610 ἀπώσασθαι
1051 2546 1180 2608 τοὺς
1241 2548 1448 2620 Πέρσας
1505 2543 1766 2620 πρότερον
1835 2542 1894 2598 ἐκ
1946 2547 2054 2598 τῶν

413 2631 746 2710 ἀμφιλαφῶν
777 2632 995 2688 ἐκείνων
1049 2631 1140 2688 καί
1191 2633 1384 2708 ὀρείων
1441 2631 1694 2707 παρόδων
1723 2633 1813 2688 καὶ
1845 2630 2056 2687 λειᾶναι

411 2723 558 2777 οὕτω
589 2727 669 2796 τῷ
697 2728 908 2799 στρατῷ
971 2725 1070 2793 τὴν
1127 2721 1328 2780 δίοδον.
1363 2722 1518 2779 Ἀλλ’
1548 2722 1624 2787 ὠς
1671 2722 1815 2800 εἶχεν
1846 2722 1934 2776 ἐπὶ
1959 2741 2056 2776 πε-

409 2808 572 2866 δινῶν
601 2813 928 2886 ποιούμενος
985 2817 1074 2888 [Ρ.
1135 2815 1259 2887 117]
1321 2816 1422 2884 τήν
1471 2813 1715 2888 πορείαν,
1748 2812 1892 2867 οὕτω
1921 2811 2055 2866 κάπὶ

406 2907 513 2969 τῆς
550 2899 854 2976 τρυμαλιᾶς
910 2902 1120 2973 ἐκείνης
1155 2899 1527 2959 συνθλίϐεσθαι
1602 2901 1802 2970 εἷ’λετο,
1860 2901 2054 2974 καίπερ

403 2988 546 3064 ἀκοῇ
596 2992 967 3070 προειληφὼς,
1034 2991 1169 3066 μετά
1218 2991 1400 3070 βραχὺ
1459 2988 1517 3046 δὲ
1573 2984 1715 3066 ἔχων
1775 2989 1865 3044 καὶ
1920 2989 2052 3052 τοὺς

397 3076 721 3156 ὀφθαλμοὺς
776 3080 1118 3154 αύτοπείρως
1174 3079 1572 3153 πιστουμένους
1600 3080 1668 3134 τά
1722 3078 2049 3152 ἀκουόμενα,

391 3166 468 3228 ὠς
529 3167 583 3222 οἱ
643 3163 916 3243 βάρϐαροι
968 3167 1473 3248 προκατειληφότες
1562 3168 1658 3231 τάς
1740 3167 2042 3244 ἀκρωρείας

2169 1923 2224 1978 id
2269 1924 2484 1980 factum
2534 1925 2644 1996 est)
2703 1925 2787 1982 sic
2841 1927 3139 1995 processit.
3190 1929 3395 2001 Angeli
3444 1929 3810 1987 Constantini

2166 2013 2279 2068 duo
2311 2011 2417 2067 ﬁlii
2446 2013 2702 2069 Joannes
2732 2018 2789 2070 et
2816 2015 3187 2071 Andronicus
3235 2033 3369 2074 cum
3413 2019 3539 2074 suis
3585 2019 3808 2075 ordini-

2167 2099 2274 2157 bus
2308 2103 2746 2158 antecedebant.
2774 2103 2884 2159 Eos
2909 2104 3287 2162 Macroducas
3309 2108 3728 2164 Constantinus
3753 2115 3810 2163 et

2163 2192 2455 2261 Lapardas
2538 2192 2909 2248 Andronicus
2985 2195 3403 2265 sequebantur.
3484 2198 3546 2252 In
3608 2198 3810 2253 dextro

2164 2297 2342 2336 cornu
2377 2279 2696 2337 Balduinus
2726 2283 3094 2353 imperatoris
3127 2285 3411 2354 sororius,
3463 2285 3520 2341 in
3569 2287 3809 2343 sinistro

2164 2368 2565 2426 Maurozomes
2597 2371 2752 2427 28-1
2780 2371 3121 2430 Theodorus
3151 2375 3414 2431 curabat.
3446 2375 3563 2430 Hos
3608 2380 3809 2433 secuta

2161 2461 2301 2510 unt
2330 2455 2769 2528 impedimenta,
2800 2457 2948 2524 lixae,
2981 2460 3236 2531 calones,
3269 2477 3478 2517 currus
3523 2462 3622 2532 qui
3678 2477 3808 2516 ma-

2160 2545 2366 2600 chinas
2397 2546 2702 2602 vehebant.
2739 2547 2878 2602 Inde
2906 2547 3225 2618 imperator
3253 2551 3376 2620 ipse
3406 2567 3541 2605 cum
3584 2550 3807 2606 delecta

2163 2649 2359 2688 manu.
2399 2634 2732 2689 Extremum
2765 2651 2972 2707 agmen
3005 2635 3218 2693 clausit
3243 2638 3613 2694 Andronicus
3656 2639 3805 2694 Con-

2158 2721 2563 2792 tostcphanus.
2589 2722 2936 2792 Impeditum
2963 2723 3105 2778 illud
3126 2725 3238 2780 iter
3253 2726 3522 2781 cohortes
3545 2725 3801 2781 ﬁliorum

2156 2809 2386 2882 Angeli,
2421 2811 2774 2865 Macroducte
2807 2816 2864 2866 et
2895 2812 3168 2883 Lapardaa
3201 2814 3526 2870 incolumes
3557 2817 3803 2871 transie-

2158 2904 2318 2967 runt,
2349 2899 2503 2972 quod
2539 2900 2836 2970 pedestres
2887 2901 3062 2971 cepias
3115 2902 3401 2959 Barbaros
3449 2919 3481 2958 e
3527 2902 3796 2970 collibus,

2158 2989 2314 3044 unde
2345 2989 2705 3060 pugnabant,
2732 2989 2790 3044 in
2825 2994 3053 3045 montes
3089 2991 3709 3063 repulerunt.Forsitan
3741 2997 3800 3047 et

2156 3077 2392 3149 reliquae
2450 3076 2709 3150 legiones
2768 3078 2940 3134 salva
3011 3079 3406 3148 transiissent,
3457 3080 3508 3136 si
3559 3081 3803 3137 Romani

2153 3168 2509 3225 testudinem
2540 3167 2820 3240 egissent,
2853 3173 2910 3225 et
2941 3174 3316 3242 antegressas
3345 3171 3614 3227 cohortes
3653 3181 3800 3228 stre-

452 3222 464 3228 '
643 3222 668 3242 Γ
718 3223 726 3242 ι
814 3222 912 3243 ‘r"
977 3222 1470 3248 "r"""""‘ar""
1577 3222 1586 3224 -
1619 3222 1657 3231 ⁷*
1749 3222 1752 3223 ⁷
1813 3222 1822 3244 ι
1895 3222 1943 3242 ιν
2026 3222 2039 3230 ν

382 3254 700 3323 ἐπίθωνται,
741 3257 834 3311 καὶ
892 3257 966 3320 ὠς
1026 3263 1198 3313 πᾶσαν
1257 3258 1351 3332 μὶν
1402 3258 1670 3335 φαρὲτραν
1727 3256 2033 3329 ἑκπωματί-

2475 3222 2506 3224 κ-
2553 3222 2609 3240 γυ
2646 3222 2687 3224 η
2863 3222 2906 3225 ,ἡ
2947 3222 3312 3242 πησ-πη-
3352 3222 3612 3227 -__-----
3653 3222 3766 3228 --η

2161 3274 2268 3312 aue
2298 3261 2620 3313 consecutis
2650 3261 2868 3320 essent.
2887 3263 2942 3313 et
2961 3275 3060 3330 per
3101 3260 3433 3330 sagittarios
3484 3263 3796 3316 Persarum

380 3366 557 3416 σουσι,
617 3349 722 3400 πᾶν
779 3343 839 3400 δὶ
924 3345 1090 3422 βέλος
1141 3348 1466 3425 ἀφήσουσιν,
1525 3347 1673 3410 ὅπως
1727 3345 2044 3420 Ῥωμαίους

379 3437 804 3511 τροπωσάμενοι
866 3441 964 3491 τοῦ
1039 3439 1228 3512 πρόσω
1319 3432 1632 3512 προϐαίνειν
1721 3436 2044 3511 ἰπίσχωσιν.

385 3527 620 3601 Ἑπῆγεν
688 3525 782 3580 οὖν
853 3526 1001 3580 οὕτω
1059 3526 1156 3589 τὰς
1215 3525 1504 3604 φάλαγγας
1557 3525 1830 3602 βασιλεύς·
1863 3526 1929 3594 ἧν
1987 3523 2045 3578 δὲ

383 3612 504 3669 τότε
537 3615 647 3687 μὴν
680 3613 709 3667 6
743 3608 1129 3686 σεπτέμϐριος.
1163 3619 1522 3691 Προηγοῦντο
1555 3612 1613 3669 δὲ
1666 3618 1763 3669 τοῦ
1812 3616 2044 3686 στρατοῦ

399 3711 528 3783 μετά
579 3715 692 3766 τῶν
755 3710 972 3766 οἰκείων
1026 3709 1227 3784 τάξεων
1281 3713 1333 3767 οἱ
1366 3708 1461 3766 δύο
1515 3709 2042 3788 υίοὶτοῦἈγγέλου

401 3796 832 3867 Κωνσταντίνου,
892 3797 920 3850 ’ὀ
984 3817 1044 3852 τε
1071 3796 1332 3869 Ἰωάννης
1359 3798 1448 3853 καὶ
1510 3799 1538 3853 6
1587 3795 1959 3872 Ἀνδρόνικος,
2015 3796 2044 3850 6

393 3883 788 3962 Μακροδούκας
845 3884 930 3941 ἐπ’
987 3887 1172 3948 αὐτοῖς
1231 3889 1638 3949 Κωνσταντῖνος
1694 3887 1784 3941 καὶ
1842 3887 1871 3940 6
1933 3889 2046 3943 Λα-

392 3973 598 4050 παρδᾶς
631 3973 1002 4050 Ἀνδρόνικος.
1035 3977 1187 4033 Μετὰ
1227 3973 1284 4030 δὲ
1341 3976 1573 4038 τούτους
1618 3977 1682 4031 τὸ
1743 3975 1837 4050 μὶν
1875 3972 2046 4046 δεξιὸν

391 4062 582 4140 ἐπεῖχε
637 4063 799 4138 κέρας
854 4065 883 4118 6
934 4067 1033 4119 τοῦ
1095 4063 1364 4140 βασιλέως
1424 4061 1850 4142 γυναικάδελφος
1899 4062 2046 4121 Βαλ-

391 4148 627 4222 δουῖνος,
657 4154 720 4208 τὸ
767 4149 816 4206 δ’
871 4152 1152 4229 ἀριστερὸν
1201 4155 1228 4208 6
1286 4157 1672 4228 Μαυροζώμης
1741 4151 2042 4228 Θεόδωρος.

391 4241 513 4299 Ἐπὶ
550 4240 769 4303 τούτοις
801 4240 1024 4298 ε’ίποντο
1071 4243 1140 4298 τά
1180 4244 1483 4322 σκευοφόρα
1534 4241 1624 4298 καὶ
1662 4244 1724 4298 τὸ
1782 4242 2048 4298 οἰκετικὸν

388 4334 488 4385 τοῦ
572 4330 977 4404 στρατεύματος
1060 4331 1118 4384 αἳ
1184 4351 1243 4386 τε
1301 4329 1562 4405 φέρουσαι
1612 4331 1708 4392 τάς
1764 4329 2049 4394 ἑλεπόλεις

393 4419 612 4490 ἅμαξαι,
657 4419 793 4491 μετά
834 4415 890 4473 δὲ
922 4416 1180 4494 βασιλεὺς
1214 4419 1376 4481 αὐτὸς
1407 4418 1494 4474 καὶ
1555 4417 1678 4473 ὅσον
1737 4415 2046 4491 ἒπίλεκτον,

397 4505 638 4578 μεθόῧς
701 4504 1074 4579 ὀπισθοφύλαξ
1133 4503 1208 4560 ὢν
1269 4503 1611 4580 Ἀνδρόνικος
1667 4507 1695 4560 ὁ
1753 4506 2050 4564 Κοντοστέ-

2147 3345 2428 3416 impetum
2461 3347 2900 3417 repressissent.
2932 3347 3042 3402 Sed
3066 3348 3205 3418 quia
3225 3363 3323 3404 eas
3347 3348 3793 3404 commoditates

2149 3434 2550 3506 neglexerunt,
2598 3439 2908 3491 Persarum
2956 3437 3204 3492 densum
3250 3453 3456 3507 agmen
3503 3439 3573 3492 ab
3623 3437 3797 3493 editis

2150 3522 2292 3579 locis
2320 3525 2376 3578 in
2413 3523 2662 3579 humilia
2685 3529 2743 3580 et
2773 3541 2804 3580 e
2835 3523 3080 3580 tumulis
3130 3523 3187 3579 in
3238 3525 3540 3595 planitiem
3592 3542 3803 3597 magna

2148 3629 2201 3667 νι
2245 3613 2536 3682 incubuit,
2582 3617 2640 3668 et
2687 3613 3074 3669 conﬁdentius
3123 3614 3180 3669 in
3231 3619 3461 3669 nostros
3508 3613 3806 3670 invectum

2150 3701 2413 3773 perrupit
2444 3701 2651 3768 aciem,
2685 3706 2742 3756 et
2775 3701 3040 3756 Balduini
3073 3717 3250 3758 cornu
3285 3701 3344 3755 in
3380 3703 3576 3772 fugam
3625 3719 3792 3758 verso

2149 3788 2367 3844 multos
2399 3789 2742 3857 vulneravit,
2792 3790 3013 3846 multos
3060 3790 3290 3846 occidit.
3343 3790 3427 3846 Ibi
3472 3790 3794 3846 Balduinus

2149 3893 2290 3933 suos
2329 3876 2592 3932 laborare
2622 3883 2678 3934 et
2707 3879 2967 3950 undique
3013 3879 3196 3950 premi
3235 3879 3460 3948 videns,
3505 3884 3564 3933 et
3609 3878 3796 3933 imbe-

2149 3974 2380 4031 cillores
2411 3974 2560 4030 235
2591 3990 2720 4029 esse
2749 3991 2926 4046 quam
2977 3981 3042 4030 ut
3087 3975 3397 4032 Persarum
3442 3974 3791 4047 phalangem

2151 4067 2611 4136 perrumperent,
2666 4078 2799 4118 cum
2851 4063 3074 4134 aliquot
3117 4063 3415 4136 equitibus
3458 4063 3518 4119 in
3569 4063 3792 4118 medios

2151 4153 2350 4208 hostes
2384 4151 2714 4208 invehitur:
2750 4151 2851 4208 sed
2891 4153 2964 4208 ab
2999 4152 3072 4207 iis
3103 4153 3536 4208 circumventus
3567 4155 3623 4208 et
3670 4151 3797 4224 ipse

2151 4242 2455 4310 occiditur,
2489 4250 2543 4299 et
2572 4243 2702 4314 ejus
2719 4241 2934 4298 milites
2956 4258 3161 4298 omnes
3183 4243 3502 4300 fortissime
3523 4242 3800 4298 dimican-

2151 4335 2241 4388 tes
2271 4331 2505 4388 cadunt.
2539 4332 2616 4386 Eo
2645 4346 2921 4386 successu
2952 4329 3091 4386 elati
3123 4332 3363 4387 Barbari
3391 4336 3446 4388 et
3467 4330 3796 4404 conglobati

2152 4436 2358 4476 omnes
2411 4420 2536 4474 vias
2591 4420 2873 4474 Romanis
2931 4420 3389 4491 praecluserunt;
3450 4420 3551 4492 qui
3611 4424 3677 4474 ut
3729 4420 3792 4473 in

2155 4508 2465 4581 angustiis,
2497 4509 2646 4565 inter
2678 4525 2741 4564 se
2771 4507 3036 4580 impliciti
3071 4513 3128 4564 et
3153 4509 3254 4564 alii
3284 4509 3430 4564 alios
3470 4508 3798 4580 impedien»

395 4614 578 4670 φανος.
611 4596 761 4652 Ἐπεὶ
813 4592 872 4650 δὲ
899 4596 1107 4669 ἥψαντο
1161 4600 1270 4652 τῶν
1339 4590 1616 4650 δυσϐάτων
1669 4601 1922 4672 πορειῶν,
1978 4597 2047 4652 τὰ

2161 4601 2265 4663 tes,
2299 4599 2646 4654 adversariis
2677 4599 2820 4655 adeo
2869 4613 3075 4655 nocere
3129 4615 3243 4653 non
3294 4601 3582 4670 poterant,
3635 4601 3701 4651 ut
3745 4605 3802 4654 et

399 4683 491 4756 μὲν
523 4683 646 4758 περὶ
674 4683 805 4746 τοὺς
845 4683 996 4747 υἱοὺς
1025 4688 1123 4740 τοῦ
1181 4683 1448 4762 ’Δγγὲλου
1523 4683 1613 4739 καὶ
1677 4685 1770 4741 τὸν
1825 4693 2049 4760 Μακρο-

391 4770 586 4829 δούκαν
664 4772 756 4828 καὶ
815 4773 908 4828 τὸν
961 4771 1246 4848 Λαπαρδὸν
1322 4774 1569 4847 τάγματα
1635 4771 2046 4845 διεληλύθεισαν

389 4862 652 4938 ἀπείρατα
710 4867 914 4918 κακῶν·
975 4863 1030 4918 αἱ
1087 4864 1190 4938 γάρ
1247 4863 1465 4933 πεζικαὶ
1536 4859 1795 4937 δυνάμεις
1847 4859 2048 4939 προϐε-

391 4949 499 5023 ϐλη
513 4954 671 5025 μὲναι
705 4947 989 5007 διεσόϐουν
1021 4953 1150 5015 τοὺς
1191 4948 1509 5027 Βαρϐἀρους
1563 4952 1623 5008 ἐκ
1650 4957 1756 5009 τῶν
1786 4954 2047 5034 γηλόφων

390 5041 863 5116 ἀνασειράζουσαι,
938 5039 1018 5118 ἐφ’
1077 5043 1149 5096 ὧν
1201 5041 1309 5097 ἀπὸ
1365 5046 1463 5097 τοῦ
1501 5040 1663 5116 ὅρους
1701 5046 2047 5114 καθηκόντων

389 5129 710 5192 ἐπιστάντες
749 5130 1047 5206 ἐμάχοντο,
1099 5131 1232 5185 κάπὶ
1290 5131 1354 5188 τὸ
1411 5132 1629 5194 ἄναντες
1692 5131 2048 5208 παλίμποδας

389 5211 805 5286 ἀνεστοίϐαζον.
837 5216 996 5291 Τάχα
1033 5213 1084 5270 δ’
1137 5214 1196 5270 ἄν
1250 5217 1342 5272 καὶ
1380 5216 1448 5272 τὰ
1481 5215 1785 5294 ἐφεπόμενα
1836 5221 2052 5286 τούτοις

395 5305 772 5381 στρατεύματα
802 5294 1153 5379 παρήλθοσαν
1240 5305 1458 5369 ἀπαθῶς
1513 5307 1611 5370 τὰς
1663 5311 1771 5363 τῶν
1827 5315 2047 5384 Περσῶν

393 5394 795 5460 ὲπισυστάσεις,
855 5392 1006 5469 εἴπερ
1061 5390 1220 5470 ἔργον
1269 5391 1450 5460 ἔθεντο
1499 5399 1759 5468 Ῥωμαῖοι
1800 5400 2048 5477 συμφρά-

393 5487 578 5557 ξασθαι
608 5483 704 5540 καὶ
744 5488 862 5546 τοῖς
929 5484 1371 5559 προηγουμένοις
1429 5490 1712 5564 συναπτῶς
1765 5485 2049 5566 ἐφέπεσθαι

391 5573 650 5651 τάγμασι,
685 5571 778 5627 καὶ
827 5569 918 5627 διὰ
971 5577 1079 5629 τῶν
1138 5573 1372 5646 τοξοτῶν
1429 5573 1718 5630 ἀνέκοπτον
1776 5581 1883 5631 τῶν
1929 5575 2050 5633 ἐπι-

400 5662 663 5738 κειμένων
723 5665 948 5735 Περσῶν
978 5661 1046 5717 τά
1075 5663 1220 5736 ὁρμή
1232 5683 1394 5736 ματα.
1426 5667 1538 5720 Νῦν
1567 5659 1627 5717 δὶ
1682 5662 1835 5720 αὐτοί
1863 5686 1922 5722 τε
1950 5675 2048 5738 τῆς

2159 4685 2561 4742 defensoribus
2577 4687 2702 4742 suis
2724 4686 3077 4742 obsisterent
3095 4691 3151 4742 et
3171 4685 3516 4758 urgentibus
3529 4683 3800 4740 hostibus

2161 4775 2390 4832 facilius
2427 4775 2752 4843 interirent,
2813 4792 2917 4831 nec
2976 4775 3048 4831 ab
3107 4780 3362 4832 extremo
3413 4773 3648 4846 agmine
3697 4781 3800 4830 aut

2162 4865 2286 4938 ipso
2318 4865 2666 4936 imperatore
2687 4866 2886 4936 juvari
2913 4868 3013 4922 aut
3043 4865 3309 4922 recedere
3351 4869 3455 4921 aut
3504 4864 3578 4920 ad
3627 4863 3801 4921 alter-

2161 4962 2352 5010 utrum
2385 4953 2539 5010 latus
2583 4952 2873 5009 declinare
2931 4958 3189 5026 possent.
3233 4955 3378 5011 Nam
3421 4971 3650 5024 currus,
3697 4955 3802 5027 qui

2158 5043 2218 5100 in
2253 5043 2442 5100 medio
2472 5042 2875 5114 trahebantur,
2927 5060 3032 5100 nec
3089 5045 3492 5101 antecedentes
3541 5045 3801 5118 legiones

2161 5132 2416 5207 recipere
2474 5148 2603 5190 sese
2657 5137 2760 5188 aut
2812 5133 2997 5190 aciem
3073 5134 3440 5191 commodius
3513 5132 3802 5189 instruere

2161 5223 2570 5296 patiebantur;
2603 5226 2660 5279 et
2687 5222 3060 5295 imperatoris
3091 5240 3468 5298 progressum
3520 5227 3804 5294 tanquam

2159 5311 2312 5369 vallo
2372 5313 2597 5384 ohjecto
2654 5311 3075 5383 impediebant.
3131 5313 3408 5369 Jumenta
3483 5313 3696 5383 pariter
3750 5311 3808 5365 et

2161 5399 2427 5458 homines
2455 5400 2588 5458 telis
2620 5401 2868 5458 Persicis
2899 5402 3348 5470 sternebantur;
3390 5400 3570 5456 valles
3621 5397 3806 5469 plenas

2160 5495 2328 5548 erant
2383 5491 2788 5560 cadaveribus,
2836 5493 3026 5549 saltus
3086 5490 3414 5547 interfectis
3465 5487 3805 5550 scatebant;

2161 5577 2480 5635 manabant
2510 5578 2614 5636 rivi
2647 5581 2974 5652 sanguinis,
3007 5595 3212 5636 cruore
3232 5578 3520 5652 pecudum
3545 5581 3601 5631 et
3625 5572 3809 5630 homi-

2161 5685 2302 5726 num
2335 5669 2631 5742 permisto,
2663 5674 2831 5727 tanta
2864 5669 3186 5733 atrocitate,
3219 5685 3351 5740 quis
3382 5664 3562 5720 nullis
3615 5660 3807 5736 expri-
