4140 6290
409 342 524 401 527

409 562 632 634 regredi
659 561 812 617 236
835 559 1030 614 liceret
1051 563 1215 630 (nam
1242 557 1424 613 Persas
1441 574 1476 612 υ.
1497 561 1657 628 tergo
1669 556 1844 610 etiam
1869 555 2058 610 immi-

407 651 664 720 nebant),
699 650 755 703 in
789 647 1080 718 angustiis
1138 645 1256 701 illis
1320 645 1564 702 Romani
1617 645 1812 701 ovium
1869 644 2056 700 instar

406 743 796 798 caedebantur.
831 739 1046 804 Quodsi
1077 738 1215 810 quid
1248 739 1514 810 generosi
1566 736 1771 806 animi,
1822 736 1872 792 si
1919 737 2053 808 quis

406 831 660 888 audacias
693 831 880 885 t'ome
911 828 971 884 in
1035 829 1258 883 hostem
1320 831 1646 900 supererat,
1699 842 1767 882 ea
1823 841 2054 897 quoque

404 919 706 992 deperdita
735 926 786 974 et
817 918 1052 990 penitus
1099 917 1387 973 exstincta
1436 921 1592 972 sunt.
1645 914 1791 971 Nam
1845 919 2053 987 prater

403 1017 607 1066 cratera
641 1007 794 1064 mala
823 1007 1021 1062 hostes
1051 1011 1228 1079 caput
1255 1005 1578 1063 Andronici
1607 1009 1833 1060 Batazaa
1871 1005 2050 1060 hastae

405 1099 704 1171 prieﬁxum
762 1101 1148 1164 ostentarunt,
1211 1097 1313 1166 qui
1380 1095 1671 1150 Manuelis
1737 1110 1805 1149 ex
1855 1109 2050 1149 sorore

404 1205 582 1259 nepos
611 1203 742 1242 cum
773 1184 1024 1242 exercitu
1086 1201 1153 1240 ex
1212 1183 1608 1256 Paphlagonia
1657 1187 1721 1238 et
1776 1181 2051 1239 Heraclea

401 1277 640 1332 Pontica
670 1275 906 1331 collecto
939 1281 1140 1332 contra
1183 1275 1403 1329 Turcas
1451 1276 1774 1329 Amasenos
1827 1274 2048 1328 misus

401 1367 610 1423 fuerat.
644 1367 846 1437 Itaque
875 1364 1108 1420 Manuel
1139 1365 1458 1436 imperator
1486 1363 1826 1433 hujusmodi
1850 1377 2048 1418 rumo-

399 1457 562 1512 ribus
595 1459 652 1511 et
677 1454 1029 1527 spectaculis
1057 1455 1452 1526 perturbatus,
1483 1458 1608 1508 tum
1641 1452 1796 1524 quod
1820 1453 2047 1522 nepotis

399 1549 575 1616 caput
603 1544 861 1612 videbat,
883 1547 1008 1599 tum
1033 1543 1184 1615 quod
1213 1543 1453 1614 periculi
1479 1558 1592 1614 quo
1614 1543 2046 1596 circumventus

1691 332 2008 394 NlCETxE
2047 331 2467 394 CHONIATA‘I

409 474 490 530 mi
521 470 728 528 litteris
763 469 967 542 possit.
991 469 1135 525 Cum
1157 466 1340 538 igitur
1365 481 1553 538 neque
1577 465 1852 538 progredi
1875 481 2050 536 neque

2178 461 2457 542 συνεχείας
2509 463 2949 538 κατημελήκασι,
3009 464 3099 519 καὶ
3158 465 3210 518 οἱ
3283 462 3480 538 Πέρσαι

3701 334 3821 395 528

3570 461 3822 527 πλείονες
3881 493 3884 496 ~

2178 550 2570 630 ἐπιϐρίσαντες,
2631 555 2735 610 ἂπό
2798 576 2858 610 τε
2910 559 3016 610 τῶν
3081 554 3308 628 ὑψηλῶν
3342 553 3430 608 ἐπὶ
3490 552 3558 608 τὰ
3595 555 3824 609 ταπεινά

2163 641 2416 718 καὶπρὸς
2457 645 2520 698 τὸ
2577 644 2774 720 πρανὲς
2833 643 2892 698 ἐκ
2943 650 3048 698 τῶν
3108 643 3371 722 γηλόφων
3443 639 3817 698 ὑποκαταϐάν-

2161 751 2270 798 τες,
2357 730 2764 807 διαζευγνύουσι
2844 734 2938 796 τὰς
2996 734 3169 807 τάξεις
3224 732 3577 809 συρῥαγέντες
3649 752 3819 808 παρα-

2162 816 2497 895 ϐολώτερον,
2527 824 2617 878 καὶ
2647 824 2936 899 τρέπονται
2965 821 3092 885 τοὺς
3125 824 3247 896 περὶ
3305 823 3396 878 τὸν
3458 819 3812 894 Βαλδουῖνον,

2159 909 2250 964 καὶ
2306 909 2556 974 πολλοὺς
2645 913 2738 984 μὶν
2823 913 3237 986 τιτρώσκουσιν,
3316 912 3418 966 οὐκ
3465 909 3692 988 ὀλίγους
3753 907 3812 965 δὲ

2161 999 2486 1074 ἀναιροῦσιν.
2519 1003 2684 1066 Ἔνθα
2715 999 2782 1071 δὴ
2843 1003 2870 1056 ὁ
2905 999 3234 1064 Βαλδουῖνος
3291 1000 3506 1076 πονηρά
3571 1002 3638 1055 τὰ
3687 1001 3811 1064 καθ’

2159 1088 2318 1144 αὐτὸν
2358 1089 2500 1164 ὀρῶν
2558 1092 2856 1166 πράγματα
2911 1090 3002 1145 καὶ
3057 1091 3125 1146 τὰ
3181 1091 3555 1165 στρατεύματα
3609 1091 3811 1146 ἀτονώ-

2158 1197 2286 1252 τερα
2322 1175 2462 1234 ὥστε
2521 1177 2720 1235 διελεῖν
2799 1181 2930 1242 τοὺς
2983 1178 3288 1254 πολεμίους
3345 1181 3437 1234 καὶ
3495 1179 3807 1255 παρελθεῖν,

2157 1267 2248 1323 καὶ
2305 1269 2564 1332 πάντοθεν
2648 1265 2992 1343 πιεζόμενος,
3065 1265 3350 1326 ἀναλαϐὼν
3407 1271 3603 1332 ἱππέας
3659 1271 3810 1332 τινὰς

2159 1357 2235 1418 εἷς
2263 1357 2358 1419 τὰς
2389 1357 2672 1436 φάλαγγας
2731 1357 2886 1431 διελᾷ
2941 1364 3050 1415 τῶν
3099 1364 3344 1436 Περσῶν,
3383 1359 3688 1424 κυκλωθεὶς
3753 1357 3811 1414 δὲ

2161 1445 2266 1501 ὑπὸ
2289 1453 2396 1501 τῶν
2419 1445 2706 1521 πολεμίων
2735 1449 2896 1510 αὐτός
2927 1469 2986 1504 τι
3022 1449 3393 1504 κατακαίνεται
3451 1447 3542 1504 καὶ
3601 1448 3654 1502 οἱ
3713 1446 3806 1502 σὺν

2161 1533 2312 1608 αὒτῷ
2370 1537 2660 1592 πίπτουσιν
2725 1539 2980 1608 ἅπαντες,
3050 1536 3226 1606 ἀλκῆς
3285 1537 3413 1613 ἔργα
3471 1536 3560 1594 καὶ
3618 1537 3806 1612 χειρὸς

2161 1627 2402 1701 γενναίας
2479 1624 2822 1702 παράδειγμα
2897 1623 3282 1700 ένδειξάμενοι.
3351 1629 3448 1684 Ἐκ
3503 1624 3560 1682 δὲ
3609 1627 3807 1682 τούτου

399 1641 524 1690 erat
555 1633 1019 1705 magnitudinem
1058 1633 1351 1700 cernebat,
1379 1631 1574 1687 animo
1605 1647 1755 1702 aeger
1782 1635 1838 1686 et
1885 1630 2044 1686 dolo-

2161 1713 2356 1770 πλεῖον
2413 1713 2635 1790 ἐπαρθὶν
2689 1717 2754 1771 τὸ
2825 1711 3098 1791 βάρϐαρον
3173 1716 3410 1792 ἀπόρους
3461 1718 3632 1786 πάντη
3672 1719 3809 1774 Ῥω-

399 1739 520 1778 rem
553 1721 786 1779 silentio
817 1727 1039 1793 tegens,
1072 1727 1128 1776 et
1159 1721 1360 1792 mutis,
1389 1721 1540 1792 quod
1565 1721 1752 1787 aiunt,
1772 1717 2044 1791 lacrymis

396 1811 622 1866 luctum
651 1809 1054 1875 dissimulans,
1082 1814 1346 1865 eventum
1371 1809 1772 1879 exspectabat;
1798 1807 2046 1878 etinops

2165 1807 2348 1877 μαίοις
2407 1801 2628 1860 ίποίουν
2676 1805 2774 1868 τὰς
2823 1807 3082 1880 τροχιὰς,
3139 1806 3230 1861 καὶ
3289 1807 3460 1881 βύζην
3487 1805 3804 1878 νενησμένοι

400 1900 651 1971 consilii,
683 1917 798 1971 quo
823 1917 884 1956 se
901 1905 1173 1967 verteret,
1199 1899 1514 1955 nesciebat.
1540 1899 1760 1954 Tamen
1775 1897 2048 1954 Romanae

2161 1893 2409 1970 ἀπεῖργον
2441 1897 2540 1964 τὴν
2573 1892 2829 1952 πάροδον.
2861 1897 2928 1954 Οἱ
2977 1893 3034 1951 δὲ
3088 1896 3354 1969 Ῥωμαῖοι
3405 1898 3495 1952 οἷα
3551 1895 3602 1951 έν
3636 1877 3806 1968 στενῷ

391 1991 650 2064 legiones
683 2007 808 2062 qua:
841 1995 1300 2056 antecesserant,
1321 1989 1660 2060 periculosis
1681 1988 1798 2043 illis
1822 1987 2042 2042 itineri-

2161 1985 2352 2059 χωρίῳ
2411 1983 2724 2058 εἱλούμενοι
2781 1986 2874 2041 καὶ
2928 1985 3206 2057 ἀλλήλοις
3271 1987 3686 2062 περιπίπτοντες
3739 1986 3802 2040 οὗ

387 2079 500 2136 bus
528 2079 840 2151 superatis,
871 2079 932 2134 in
962 2079 1108 2134 colle
1138 2080 1391 2150 quodam
1425 2077 1642 2149 aliquid
1667 2077 1740 2132 ad
1761 2077 2037 2132 securita-

2161 2074 2311 2129 λόγον
2361 2072 2552 2148 δρᾶσαί
2597 2095 2649 2129 τι
2701 2077 2866 2130 κακὸν
2917 2075 3018 2130 οὐκ
3073 2076 3230 2154 εἶχον
3285 2074 3414 2140 τοὺς
3467 2072 3796 2147 πολεμίους,

389 2173 504 2225 tem
539 2169 870 2226 conferente
901 2167 1120 2223 vallum
1155 2168 1515 2224 munierunt.

2161 2163 2290 2220 ἱλλᾶ
2373 2165 2461 2219 καὶ
2545 2171 2663 2228 τοῖς
2773 2166 3260 2240 ἐπιπορευομένοις
3365 2165 3790 2241 προσιστάμενοι

391 2255 646 2332 ἀχρείους
702 2254 980 2315 κάκείνους
1037 2253 1256 2310 ἐποίουν
1309 2253 1388 2318 εἷς
1443 2255 1506 2308 τὸ
1566 2253 1877 2326 ἀμύνεσθαι.
1937 2255 2088 2317 Ὅθεν
2149 2253 2242 2308 καὶ
2302 2251 2430 2328 ῥᾷον
2489 2254 2594 2309 ὑπὸ
2621 2258 2730 2309 τῶν
2770 2253 3122 2329 ἐπικειμένων
3153 2254 3341 2317 αὐτοῖς
3385 2252 3663 2326 ἔθνησκον,
3697 2256 3784 2310 καὶ

382 2347 448 2415 ἦν
483 2344 612 2400 οὐδὲ
671 2345 772 2418 μία
819 2365 904 2407 τις
949 2339 1312 2416 ἐπιϐοηθησις
1379 2343 1483 2398 ἀπὸ
1538 2347 1646 2397 τῶν
1699 2343 2072 2420 ούραγούντων
2129 2342 2426 2419 ταγμάτων
2485 2343 2522 2412 ἢ
2577 2343 2637 2399 ἐκ
2711 2345 2980 2418 βασιλέως
3009 2343 3260 2413 αὖτοῦ,ἤ
3311 2344 3670 2420 ὑποχώρησις
3699 2345 3790 2400 καὶ

385 2431 741 2510 παρέκκλισις
800 2432 886 2488 ἐπὶ
947 2433 1162 2507 θάτερα·
1223 2433 1276 2488 αἱ
1335 2435 1438 2509 γὰρ
1488 2433 1687 2506 ἅμαξαι
1746 2434 1878 2488 κατὰ
1939 2433 2099 2505 μέσον
2193 2429 2540 2506 ἑλισσόμεναι
2629 2434 2994 2505 ὑπονοστῆσαι
3054 2435 3148 2508 μὶν
3207 2431 3466 2508 οὐδαμῶς
3519 2434 3644 2489 εἴων
3697 2434 3796 2496 τὰς

388 2521 812 2600 προηγουμένας
870 2522 1044 2592 τάξεις
1101 2523 1192 2576 καὶ
1264 2521 1650 2594 μετατάξασθαι
1709 2521 1844 2598 πρὸς
1899 2521 1962 2576 τὸ
2021 2521 2319 2595 χρήσιμον,
2377 2527 2496 2586 τοῖς
2567 2520 2626 2578 δὲ
2711 2524 2848 2598 μετὰ
2920 2529 3016 2578 τοῦ
3077 2523 3475 2597 αὐτοκράτορος
3539 2527 3798 2598 στρατεύ-

387 2634 545 2688 μασιν
604 2611 782 2686 ὥσπερ
843 2609 1188 2690 ἀντίφραγμα
1247 2611 1526 2687 γινόμεναι
1583 2612 1684 2680 τήν
1743 2608 1796 2672 ές
1863 2611 1932 2666 τὰ
1987 2609 2178 2683 πρόσω
2207 2609 2432 2685 πορείαν
2487 2611 3124 2687 ἀπετείχιζον.Ἓπιπτε
3161 2611 3336 2668 τοίνυν
3369 2613 3496 2687 βοῦς
3529 2609 3589 2666 ἐκ
3615 2611 3794 2680 τοξεύ-

386 2722 556 2776 ματος
615 2703 906 2776 Περσικοῦ,
965 2699 1053 2754 καί
1109 2707 1234 2774 παρ’
1293 2699 1440 2772 αύτῷ
1499 2701 1717 2775 βοώτης
1765 2699 2067 2774 ἆπὲψυχεν.
2125 2701 2324 2762 Ἵππος
2375 2699 2468 2756 καὶ
2539 2697 2815 2772 ἀναϐάτης
2849 2703 2990 2774 ὁμοῦ
3020 2696 3440 2772 κατεϐέϐληντο.
3477 2701 3552 2758 Αἱ
3583 2703 3792 2775 σήραγ-

382 2813 471 2868 γες
541 2791 728 2865 μεσταὶ
789 2789 1056 2862 σωμάτων
1105 2787 1523 2868 προῦφαίνοντο.
1585 2790 1667 2846 Τὰ
1724 2787 1864 2860 ἄλση
1917 2795 2025 2844 τῶν
2095 2787 2370 2844 πεσόντων
2429 2789 2788 2864 πεπλήρωτο.
2851 2792 3107 2866 Αἱμάτων
3191 2789 3382 2866 ρύακες
3453 2785 3785 2864 προϋϐαινον

379 2880 784 2956 κελαρύζοντες.
847 2882 998 2952 Αἷμα
1058 2879 1380 2958 συνεφύρετο
1443 2878 1656 2953 α’ίματι,
1715 2883 1796 2952 τῷ
1857 2883 1966 2934 τῶν
2021 2878 2330 2952 ὑποζυγίων
2397 2881 2460 2934 τὸ
2521 2880 2789 2955 βρότειον.
2847 2878 3033 2942 Οὕτως
3091 2879 3158 2948 ἦν
3215 2877 3366 2936 δεινὰ
3401 2880 3470 2934 τὰ
3528 2879 3640 2935 ἐκεῖ
3692 2879 3784 2934 καὶ

383 2974 555 3024 πᾶσαν
619 2963 1016 3042 ὑπερϐαίνοντα
1071 2970 1414 3045 συγγραφήν.
1468 2969 1556 3030 Ὠς
1619 2967 1712 3022 οὖν
1771 2967 1894 3022 οὔτε
1950 2971 2264 3042 προχωρεῖν
2315 2965 2436 3038 ἐξῆν
2513 2969 2604 3023 καὶ
2661 2969 2723 3024 τὸ
2787 2970 3062 3039 ἀναζεῦξαι
3125 2966 3183 3024 δὲ
3257 2966 3447 3032 ἄλλως
3529 2967 3787 3024 ἀδύνατον

382 3060 486 3129 (τοί
517 3060 620 3132 γὰρ
677 3057 878 3131 Πέρσαι
907 3058 998 3110 καὶ
1053 3060 1192 3112 κατά
1241 3057 1417 3111 νώτου
1475 3057 1720 3130 ἐγένοντο
1781 3057 1876 3112 καὶ
1927 3059 1994 3112 τὰ
2051 3059 2240 3132 πρόσω
2299 3057 2520 3112 ἐποίουν
2595 3053 2812 3133 ἄϐατα),
2878 3059 2978 3114 ὅσα
3032 3059 3124 3114 καὶ
3209 3059 3538 3132 θρεμμάτων
3597 3055 3785 3131 ἀγέλαι

379 3147 653 3219 Ῥωμαῖοι
706 3145 830 3218 περὶ
881 3144 1156 3218 σταθμοὺς
1214 3145 1310 3206 τὰς
1368 3143 1682 3220 δυσχωρίας
1741 3145 1942 3208 ὲκείνας
1998 3145 2325 3227 ἐφθείροντο.
2415 3147 2592 3204 Ἀλλὰ
2668 3148 2758 3204 καὶ
2834 3148 2885 3204 εἷ’
2935 3149 2988 3205 τί
3043 3170 3150 3206 που
3197 3149 3442 3224 γενναίου
3500 3149 3778 3226 φρονήμα-

379 3257 472 3298 τος
523 3237 657 3304 ἐπῆν
715 3234 874 3288 εἰσέτι
932 3234 1118 3298 αὐτοῖς
1169 3234 1204 3305 ἢ
1266 3239 1440 3308 θυμοῦ
1487 3236 1621 3290 κατὰ
1665 3239 1776 3290 τῶν
1827 3235 2138 3294 ἀντιπάλων
2172 3237 2541 3295 ὑπολέλειπτο
2596 3240 2868 3315 ζώπυρον,
2925 3241 3016 3294 καὶ
3057 3243 3218 3294 τοῦτο
3259 3233 3474 3294 σϐεσθὶν
3505 3235 3777 3312 ἀφῄρητο,

379 3327 472 3379 καὶ
530 3324 794 3378 ἀπέλιπεν
853 3321 1046 3385 αὐτοὺς
1103 3324 1166 3378 τὸ
1224 3323 1502 3399 πρόθυμον
1561 3322 1769 3394 τέλεον,
1829 3323 1887 3379 έκ
1939 3329 2036 3382 τοῦ
2083 3329 2214 3391 τοὺς
2269 3327 2576 3402 πολεμίους
2637 3329 2726 3384 ὑπ’
2781 3326 2902 3402 ὄψιν
2958 3328 3110 3404 ἄγειν
3167 3327 3352 3389 αὐτοῖς
3405 3323 3580 3400 ἕτερον
3632 3345 3774 3397 συμ-

377 3419 544 3490 φορᾶς
597 3409 924 3484 ἐπεισόδιον,
985 3413 1166 3488 αἰχμῇ
1231 3417 1624 3489 περιπαρεῖσαν
1717 3417 1816 3485 τήν
1901 3420 2002 3471 τοῦ
2087 3417 2438 3494 Ἀνδρονίκου
2505 3425 2602 3476 τοῦ
2665 3421 2913 3491 Βατάτζη
2972 3422 3236 3498 κεφαλήν.
3295 3423 3394 3476 Ἦν
3475 3415 3532 3474 δί
3617 3417 3776 3480 οὗτος

380 3501 704 3584 ἀδε)ιιριδεῦς
768 3503 862 3576 μὲν
926 3507 1006 3574 τῷ
1066 3501 1282 3590 βασιλεῖ
1335 3501 1620 3573 Μανουήλ,
1680 3502 1983 3560 ἀπέσταλτο
2043 3505 2099 3563 δὲ
2160 3511 2294 3583 μετὰ
2353 3517 2606 3586 στρατιᾶς
2663 3511 2868 3587 ὅσηπερ
2923 3510 2984 3566 ἐκ
3039 3509 3418 3590 Παφλαγόνων
3472 3509 3698 3577 καὶτῆς
3729 3506 3782 3563 έν

373 3593 569 3667 Πόντῳ
623 3592 946 3668 Ἡρακλείας
1004 3589 1437 3668 έστρατολόγητο
1497 3597 1614 3648 τοῖς
1675 3593 1968 3668 ’Λμασεῦσι
2029 3597 2298 3674 Τούριιοις
2355 3601 2792 3674 ἀντιταξόμενος.
2853 3603 3085 3674 Φήμαις
3143 3589 3350 3656 τοίνυν
3419 3598 3694 3659 τοιαύταις
3755 3597 3784 3651 ὁ

377 3681 633 3760 βασιλεὺς
687 3683 779 3737 καὶ
839 3683 1152 3744 ἀπευκτέοις
1209 3680 1448 3736 τοιοῖσδε
1500 3682 1726 3755 θεάμασι
1796 3685 1858 3738 τὸ
1913 3683 2270 3762 λογιζόμενον
2321 3691 2630 3765 συγχυθεὶς,
2661 3689 2752 3745 καὶ
2798 3691 2896 3760 τὴν
2951 3694 3052 3746 τοῦ
3106 3688 3326 3763 ἀνεψιοῦ
3361 3688 3786 3763 προτεινομένην

372 3775 514 3850 ὁρῶν
576 3775 840 3850 κεφαλὴν,
895 3774 986 3828 καὶ
1043 3773 1106 3828 τὸ
1165 3777 1262 3828 τοῦ
1320 3771 1569 3828 κινδύνου
1636 3773 1686 3829 έν
1751 3776 1796 3848 ᾦ
1857 3775 2184 3847 συνείληπτο
2239 3781 2634 3858 προορώμενος
2666 3779 2909 3856 μέγεθος,
2941 3780 3148 3854 ἀθυμίᾳ
3169 3781 3475 3855 συνείχετο,
3515 3779 3608 3834 καὶ
3639 3779 3783 3854 ἀφα-

380 3868 468 3936 σία
518 3865 727 3921 πέσσων
795 3865 856 3919 τὸ
914 3862 1083 3937 ἄλγος
1139 3861 1228 3918 καὶ
1287 3869 1494 3941 κωφοῖς
1525 3865 1580 3936 (δ
1609 3863 1844 3940 λέγεται)
1903 3864 2126 3942 δάκρυσι
2175 3870 2238 3924 τὸ
2289 3870 2487 3932 ’πένθος
2541 3871 2940 3949 ἀφοσιούμενος
2978 3871 3042 3925 τὸ
3075 3867 3281 3944 μέλλον
3325 3864 3777 3944 ἐκαραδόκει,καὶ

378 3959 476 4025 τὴν
530 3955 756 4030 γνώμην
813 3951 1166 4030 ἀμφιρρεπὴς
1219 3949 1506 4009 ἐδείκνυτο.
1566 3955 1650 4010 Τά
1687 3951 1744 4008 δέ
1801 3975 1861 4028 γε
1917 3961 2354 4033 προπορευθέντα
2403 3961 2690 4033 Ῥωμαίων
2723 3960 2996 4034 τάγματα,
3033 3960 3131 4020 τὰς
3191 3955 3510 4037 ἐπισφαλεῖς
3569 3956 3778 4018 ἐκείνας

376 4046 648 4122 ἀτραποὺς
682 4045 900 4106 ἀπαθῶς
935 4041 1243 4111 διελθόντα,
1277 4042 1628 4114 ἐνηυλίσαντό
1661 4065 1766 4100 που
1797 4045 1886 4100 καὶ
1918 4048 2134 4124 χάρακα
2191 4043 2414 4122 ἔϐαλον,
2472 4051 2726 4127 γηλόφου
2785 4043 3065 4123 λαϐόμενα
3129 4045 3426 4129 ἀσφάλειαν
3491 4045 3550 4102 ἐκ
3581 4046 3779 4120 μέρους

379 4131 760 4210 βραϐεύοντος.

442 4225 542 4280 Ill.
579 4227 646 4280 At
672 4225 857 4280 Persae
887 4223 1048 4278 omni
1079 4223 1453 4280 cententione
1483 4225 1704 4299 copias,
1739 4243 1862 4296 quae
1885 4244 2014 4284 cum

2200 4233 2272 4289 I“.
2339 4232 2405 4289 Οἱ
2456 4228 2514 4286 δὲ
2570 4231 2768 4305 Πέρσαι
2807 4231 2872 4286 τὸ
2927 4235 3030 4286 πᾶν
3065 4229 3336 4308 εἰσέφερον
3381 4236 3484 4300 τῆς
3509 4227 3778 4303 σπουδῆς·

372 4315 724 4386 imperatore
797 4317 984 4381 erant,
1061 4312 1352 4369 debellare
1429 4315 1786 4384 nitebantur,
1865 4319 2020 4388 quod

2163 4320 2194 4373 ἀ
2250 4321 2374 4396 περὶ
2422 4321 2514 4376 τὸν
2597 4318 2828 4396 βασιλέα
2902 4318 3306 4375 καταπαλαῖσαι
3385 4318 3779 4395 στρατεύματα,

371 4405 627 4462 maxima
656 4409 713 4462 et
743 4403 1051 4476 potissima
1095 4411 1258 4474 parte
1315 4402 1622 4475 proﬂigata
1677 4405 1826 4460 237
1893 4406 2020 4462 illas

2161 4414 2204 4471 ις
2279 4409 2326 4463 εἲ
2382 4411 2442 4464 τὸ
2495 4409 2752 4466 πλεῖστον
2805 4406 3260 4484 κατατροπωθείη
3320 4407 3412 4464 καὶ
3465 4409 3775 4481 κράτιστον,

371 4511 604 4568 quoque
634 4511 694 4552 se
719 4493 882 4550 facile
905 4502 1282 4566 superaturos
1307 4493 1614 4564 putabant,
1634 4495 2016 4565 quemadmo-

2161 4497 2344 4552 ἀκεῖνα
2375 4496 2574 4576 ῥᾳδίως
2620 4497 2950 4575 παραλύσειν
3009 4497 3275 4572 οὶόμινοι,
3335 4497 3473 4552 καθὰ
3530 4497 3620 4551 καὶ
3685 4496 3775 4552 ἐπὶ

369 4587 510 4641 dum
544 4585 604 4640 in
635 4583 1008 4656 serpentibus
1051 4582 1320 4638 videmus
1364 4581 1551 4652 capite
1599 4584 1849 4640 contrito
1899 4601 2016 4642 una

2161 4590 2417 4664 ράκοντος
2449 4589 2664 4665 ὁρῶμεν
2692 4590 2979 4664 γινόμενον
3013 4591 3134 4662 (τῆς
3187 4587 3290 4666 γὰρ
3346 4585 3590 4665 κεφαλῆς
3647 4607 3776 4643 συν-

367 4676 542 4730 etiam
577 4674 868 4746 reliquum
904 4671 1165 4744 corporis
1213 4674 1464 4726 tractum
1516 4672 1718 4744 emori,
1769 4679 1826 4729 et
1884 4691 2014 4732 arce

2161 4674 2402 4750 ριϐείσης
2429 4679 2519 4734 καὶ
2552 4681 2580 4733 ὁ
2629 4677 2824 4741 λοιπὸς
2857 4681 3232 4752 συννεκροῦται
3289 4677 3458 4740 ὁλκὸς
3487 4679 3588 4732 τοῦ
3655 4677 3772 4730 σώ-

367 4767 716 4838 expugnata,
751 4764 955 4818 urbem
1009 4760 1278 4816 hostibus
1341 4759 1609 4817 resistere
1655 4779 1770 4818 non
1819 4780 2010 4834 posse.

2161 4770 2317 4840 ατος)
2373 4769 2410 4839 ἢ
2462 4769 2550 4823 καὶ
2611 4766 2692 4822 ἐπ’
2733 4764 3108 4844 ἀκροπόλεως·
3143 4766 3347 4832 ταύτης
3403 4767 3504 4841 γὰρ
3565 4765 3774 4840 ἐξαιρε-

364 4857 682 4922 Imperator
711 4868 842 4906 vero
888 4849 997 4906 etsi
1047 4867 1198 4921 saepe
1255 4849 1540 4907 Barbaros
1597 4867 1665 4907 ex
1727 4855 2014 4924 angustiis

2161 4857 2302 4926 ιίσης
2329 4858 2416 4911 καὶ
2449 4859 2484 4927 ἡ
2553 4856 2728 4925 λοιπή
2769 4855 2936 4919 πόλις
2989 4855 3063 4918 ὠς
3121 4855 3395 4931 κατάκρας
3449 4853 3660 4910 ἁλοῦσα
3707 4855 3775 4909 τὰ

364 4939 481 4994 illis
506 4937 792 5010 depellere
810 4943 898 4994 est
920 4945 1162 4994 conatus
1186 4947 1270 4995 est
1289 4939 1415 4995 suis
1437 4941 1586 4996 viam
1613 4941 2006 5014 complacare,

2161 4945 2362 5002 ίκτιστα
2392 4947 2642 5003 πέπονθε.
2677 4949 2780 5004 Καὶ
2842 4945 3096 5022 βασιλεὺς
3157 4948 3254 5020 μὲν
3306 4943 3581 5007 πολλάκις
3637 4943 3778 5000 ἀπι-

364 5037 561 5087 tamen
594 5045 726 5084 cum
748 5045 882 5084 eum
904 5036 1176 5084 conatum
1203 5030 1423 5088 videret
1443 5047 1559 5087 non
1582 5031 1892 5090 succedere
1915 5051 2008 5092 se-

2161 5037 2410 5110 ειράσατο
2459 5041 2568 5091 τῶν
2636 5034 2806 5091 ἐκεῖσε
2847 5033 3203 5110 δυσπαρόδων
3231 5033 3376 5092 ὁδῶν
3399 5037 3528 5095 τοὺς
3561 5029 3770 5110 βαρϐά-

364 5137 490 5193 quae
511 5134 671 5190 mque
694 5119 1023 5190 periturum,
1039 5121 1434 5177 crescentibus
1451 5122 1701 5178 subinde
1713 5121 2008 5180 Persarum

2161 5145 2246 5186 ους
2279 5131 2630 5199 μεταστῆσαι,
2657 5125 2748 5180 καὶ
2777 5123 2956 5188 πολὺς
3008 5125 3075 5194 ἦν
3130 5125 3452 5200 ἐγκείμενος
3505 5127 3628 5185 τοῖς
3677 5122 3770 5177 ὑπ’

359 5209 601 5276 viribus,
637 5215 697 5262 ut
727 5205 827 5280 qui
859 5223 888 5262 e
920 5209 1218 5280 superiore
1250 5209 1374 5265 loco
1419 5215 1766 5284 pugnarent,
1801 5211 1849 5267 si
1883 5229 2003 5270 ma-

2161 5214 2274 5269 Βτὸν
2303 5213 2648 5290 ἐξομαλίσειν
2677 5215 2776 5284 τήν
2839 5211 3044 5270 δίοδον·
3107 5215 3218 5294 οὐχ
3277 5215 3418 5289 ὁρῶν
3449 5211 3508 5268 δὶ
3535 5215 3602 5268 τὰ
3629 5211 3766 5268 κατά

361 5303 542 5368 neret,
577 5313 642 5352 ac
674 5297 724 5350 si
757 5297 1218 5368 progrederetur,
1239 5313 1372 5353 cum
1401 5299 1604 5370 paucis
1630 5317 1776 5372 quos
1803 5317 2002 5360 secum

2161 5303 2313 5360 ιοπὸν
2343 5299 2730 5382 προϐαίνοντα,
2778 5304 2866 5360 καὶ
2929 5305 3006 5368 ὠς
3069 5303 3358 5360 ἀπολεῖται
3391 5301 3548 5359 οὐδὲν
3609 5307 3762 5375 μεῖον

357 5389 630 5456 habebat,
666 5391 819 5443 recta
849 5387 908 5441 in
940 5385 1138 5442 hostes
1170 5389 1372 5458 fertur,
1407 5393 1756 5462 caeterosque
1807 5403 2004 5452 monet

2161 5395 2292 5450 ένων
2325 5394 2462 5450 κατά
2490 5395 2679 5472 χώραν
2731 5397 2822 5449 οἶα
2867 5398 2974 5449 τῶν
3035 5399 3256 5470 Περσῶν
3307 5391 3767 5469 ἐπικρατεστέρων

357 5488 422 5537 ut
455 5480 700 5551 quisque
747 5477 995 5534 salutem
1048 5483 1288 5550 quaerat,
1342 5485 1406 5534 ut
1462 5483 1688 5552 possit:
1737 5499 1799 5540 se
1841 5487 1998 5544 enim

2161 5483 2192 5540 ιὶ
2223 5486 2519 5562 γινομένων
2550 5484 2626 5548 ὠς
2677 5484 2728 5555 έξ
2791 5480 3120 5558 ὑπερδεξίων
3154 5481 3501 5558 μαχομένων,
3563 5475 3768 5537 ἐσϐάλ-

354 5569 502 5630 uihil
533 5569 670 5627 boni
703 5586 937 5642 sperare
969 5586 1140 5642 posse
1179 5586 1248 5627 ex
1277 5570 1350 5625 iis
1380 5587 1502 5641 quae
1545 5571 1759 5630 videat.
1807 5580 2000 5651 Atque
2031 5611 2050 5651 ι

2161 5596 2196 5631 ιι
2226 5576 2362 5650 πρὸς
2391 5577 2519 5639 τοὺς
2551 5575 2782 5632 ένώπιον
2817 5573 2962 5646 αὐτῷ
3010 5569 3317 5649 πολεμίους
3379 5573 3495 5647 μετ’
3555 5570 3762 5646 ὀλίγων

349 5663 432 5718 ita
461 5664 594 5734 post
624 5657 810 5716 multa
837 5657 1076 5716 vulnera
1106 5663 1162 5715 et
1183 5659 1419 5732 vibices,
1448 5659 1690 5718 ensibus
1711 5665 1767 5719 et
1787 5663 1990 5724 ferreis
2026 5657 2050 5678 ⁸

2161 5670 2207 5721 ὃν
2267 5665 2402 5742 ἀμφ’
2453 5664 2680 5741 ἐκεῖνον,
2735 5664 2830 5721 καὶ
2893 5665 3010 5725 τοῖς
3077 5661 3298 5729 λοιποῖς
3349 5659 3408 5717 δὶ
3468 5661 3760 5731 ὑποτίθησι
