4140 6290
383 418 503 481 529

397 551 589 620 σώζειν
663 552 795 623 σφᾶς
869 543 949 611 ώς
1021 543 1246 610 ἕκαστος
1338 541 1577 600 δύναταιο

394 640 636 722 χρηστὸν
687 637 746 693 ἐκ
811 640 920 692 τῶν
979 634 1032 692 ἐν
1085 637 1206 710 ’ὀψει
1265 639 1566 692 καιανοεῖν.
1625 635 1722 691 Καὶ
1783 632 2038 708 βασιλεὺς

401 721 493 806 μὲν
528 732 598 791 ὡς
655 727 714 784 ἐκ
772 725 1080 804 γαλεάγρας
1134 732 1237 795 τῆς
1294 726 1419 780 τότε
1473 723 1632 780 αὐτὸν
1691 721 2039 799 διειληφυίας

1755 811 1888 886 τραύ
1898 832 2037 884 ματα

398 816 734 899 βαρϐαρικῆς
809 815 1068 887 ἓξώλισθε
1141 814 1425 896 φάλαγγος
1531 815 1663 888 μετὰ

388 909 575 966 πολλὰ
599 909 693 964 καὶ
725 905 1011 980 μώλωπας
1043 909 1313 981 συνεχεῖς,
1345 905 1440 967 οὕς
1471 903 1580 958 ἀπὸ
1609 904 1774 980 ξιφῶν
1813 899 2032 978 ἐπλήγη

387 1000 473 1057 καὶ
527 997 799 1071 σιδηρέων
846 999 1090 1072 κορυνῶν
1146 995 1252 1050 υπὸ
1301 998 1410 1050 τῶν
1455 992 1822 1068 περιστάντων
1871 990 2032 1046 αὐτὸν

390 1091 611 1163 Περσῶν
649 1085 1045 1158 τυπτσόμενος,
1121 1083 1240 1138 ἐπεὶ
1310 1081 1401 1137 καὶ
1441 1081 1584 1137 οὕτω
1634 1079 1705 1136 δι’
1762 1078 1896 1134 ὅλου
1937 1083 2034 1134 τοῦ

385 1179 641 1252 σώματος
712 1174 1147 1248 τετραυμάτιστο
1223 1171 1298 1234 ὡς
1367 1172 1462 1227 τὸν
1525 1173 1617 1244 μὲν
1665 1169 1850 1244 θυρεὸν
1909 1165 2032 1242 περὶ

387 1288 491 1325 που
521 1263 648 1326 τοὺς
706 1264 999 1340 τριάκοντα
1058 1257 1204 1337 ἔχειν
1262 1259 1650 1335 ἐμπεπηγότας
1701 1256 2030 1331 δυψητικοὺς

385 1357 615 1431 αἶ’ματος
648 1353 889 1424 ὀϊστοὺς,
921 1351 1078 1407 αὐτὸν
1112 1348 1167 1406 δὲ
1223 1348 1354 1424 μηδ’
1394 1351 1697 1425 ἀνορθῶσαι
1743 1346 1891 1411 ὅλως
1939 1343 2031 1401 δύ-

383 1457 571 1510 νασθαι
642 1448 1062 1519 περιτραπεῖσαν
1109 1442 1210 1510 τήν
1257 1439 1482 1515 κόρυθα,
1535 1436 1688 1507 Πλὴν
1738 1437 1830 1492 καὶ
1887 1435 2031 1490 οὕτω

380 1533 526 1608 παρᾶ
585 1529 742 1603 δόξαι
790 1530 884 1593 τάς
932 1534 1038 1584 τῶν
1103 1523 1390 1603 βαρϐάρων
1444 1524 1628 1600 διέδρα
1677 1519 1868 1593 λαϐὰς,
1924 1523 2028 1608 ὑπὸ

382 1627 514 1679 Θεοῦ
556 1620 890 1696 φρουρηοεὶς
940 1622 1035 1674 τοῦ
1081 1619 1171 1672 καὶ
1215 1617 1302 1672 ἐπὶ
1351 1615 1594 1694 κεφαλήν
1640 1614 1810 1670 πάλαι
1863 1607 2028 1668 Δα6ὶδ

379 1713 431 1770 ἐν
464 1712 649 1786 ἡμέρᾳ
702 1709 952 1784 πολέμου
1000 1709 1432 1778 ἐπισκιάζοντος,
1478 1707 1552 1769 ὡς
1601 1704 1760 1766 αὐτός
1807 1703 2025 1782 φησινὸ

379 1800 771 1881 φιλόψαλμος.
805 1801 888 1857 Τὰ
921 1796 966 1853 δ’
1000 1796 1143 1854 ἄλλα
1171 1797 1455 1870 Ῥωμαϊκὰ
1490 1795 1741 1871 τάγματα
1765 1791 2029 1868 χειρόνως

381 1891 623 1968 ἔπασχον
656 1890 735 1946 ἀεὶ
783 1887 972 1963 δόρασι
1019 1884 1342 1962 περισταδὸν
1397 1881 1842 1960 λελογχωμὲνοις
1892 1903 2026 1938 νυσ-

381 1983 582 2055 σόμενα
621 1981 713 2036 καὶ
760 1979 972 2054 βέλεσιν
1024 1976 1084 2032 ἐκ
1137 1980 1232 2031 τοῦ
1283 1973 1478 2052 σχεδὸν
1523 1972 1817 2048 διαμπερὲς
1865 1969 2026 2026 ἐλαυ-

381 2072 581 2147 νόμενα
608 2071 698 2126 καὶ
735 2069 822 2124 ὑπ’
854 2067 1120 2139 ἀλλήλων
1180 2065 1230 2122 ἐν
1279 2071 1359 2139 τῷ
1407 2064 1732 2139 συμπίπτειν
1784 2059 2027 2140 διαφθει-

378 2163 604 2239 ρόμενα.
639 2158 758 2216 Εἰσὶ
792 2156 837 2213 δ’
869 2155 921 2213 οῖ
951 2158 1040 2212 καὶ
1069 2155 1271 2226 ταύτην
1314 2155 1408 2228 μὶν
1448 2155 1669 2214 ὰπαθεῖς
1740 2149 2026 2226 παρῆλθον

376 2254 475 2322 τήν
503 2249 754 2329 φάραγγα
795 2245 885 2303 καὶ
925 2245 1050 2308 τοὺς
1098 2244 1178 2300 ἐπ’
1236 2245 1404 2312 αὐτῆς
1457 2243 1780 2316 ἱσταμένους
1823 2239 2026 2311 Ηέρσας

383 2335 676 2411 ἐσόὸησαν,
755 2333 1114 2412 προελθόντες
1191 2331 1247 2389 δὲ
1319 2333 1410 2388 καὶ
1482 2338 1582 2401 τῆς
1663 2332 1776 2404 μετ’
1816 2329 2024 2400 ἐκείνην

382 2433 652 2506 ἁψάμενοι
699 2429 971 2504 σήραγγος
1030 2425 1135 2480 ὓπὸ
1181 2429 1288 2479 τῶν
1341 2423 1509 2478 ἐκεῖσε
1554 2419 1837 2495 πολεμίων
1875 2419 2025 2474 ἀπώο

388 2537 569 2576 Λοντο.
602 2517 698 2581 Εἷς
730 2517 834 2594 γὰρ
865 2515 1001 2572 ἑπτὰ
1050 2511 1312 2576 κοιλάδας
1358 2509 1662 2587 ταφρώδεις
1712 2510 1883 2572 πάσας
1936 2508 2025 2564 καὶ

380 2608 780 2684 ἀγχιτέρμονας
815 2608 850 2676 ἡ
903 2601 1144 2680 πάροδος
1205 2601 1376 2672 ἐκείνη
1442 2599 1744 2676 διὲσχιστο,
1795 2598 2022 2674 εὐρυνο-

391 2697 523 2772 μένη
558 2698 733 2773 βραχῦ
763 2697 853 2752 καὶ
904 2691 1371 2770 συμπτυσσομὲνη
1413 2691 1580 2746 πάλιν
1628 2691 1766 2764 πρὸς
1812 2691 1872 2744 τὸ
1907 2707 2022 2743 στε-

381 2784 633 2860 νόπορον·
693 2785 780 2840 καὶ
823 2785 965 2855 ἦσαν
1021 2783 1178 2838 αὗται
1217 2781 1362 2857 παρὰ
1413 2784 1520 2834 τῶν
1576 2780 1833 2852 Τοῦρκων
1876 2777 2024 2851 ἄκρι-

381 2869 494 2938 6ὦς
527 2872 836 2951 ἐφεστώτων
907 2871 1268 2945 τηρούμεναι.
1345 2868 1503 2927 ’Δλλ’
1583 2867 1698 2922 οὐδ’
1747 2869 1774 2921 ὁ
1825 2865 2019 2928 λοιπὸς

387 2968 574 3039 χῶρος
604 2967 708 3018 τῶν
754 2961 1033 3036 πολεμίων
1085 2958 1335 3029 ἐσπάνιζε
1383 2963 1652 3032 καθαρῶς,
1712 2954 1838 3010 ἁλλ’
1881 2953 2020 3016 ἃπας

366 3051 577 3109 τούτων
606 3052 960 3127 πεπλήρωτο,
1007 3051 1146 3107 Τότε
1200 3047 1258 3104 δὲ
1305 3049 1394 3104 καὶ
1447 3047 1649 3120 ἀνέμου
1697 3044 2014 3105 πνεύσαντος

367 3144 454 3198 καὶ
488 3145 607 3197 θῖνα
650 3142 870 3219 βαθεῖαν
927 3139 986 3196 ἐκ
1026 3146 1128 3210 τῆς
1185 3137 1356 3194 ἐκεῖσε
1407 3133 1752 3212 ψαμμώδους
1807 3155 2018 3208 μετεω-

369 3232 619 3308 ρίσαντος
682 3237 786 3307 γῆς
843 3227 1045 3303 σύρδην
1107 3226 1484 3302 ἐμπίπτουσαν
1545 3224 1826 3300 ἀμφότερα
1879 3244 2019 3296 συμο

1446 414 1544 474 DE
1588 412 1960 476 MANUELE
2003 411 2387 474 COMNENO
2435 414 2582 476 LIB.
2628 415 2734 478 VI.

1682 542 1850 618 μηδὲν
1940 541 2040 618 γὰρ
2071 547 2127 612 Α
2159 546 2338 604 clavis
2359 547 2533 614 facta,
2559 563 2628 604 ex
2665 547 2968 606 barbarica
3022 547 3120 604 illa
3171 547 3475 618 phalange,
3515 551 3793 620 tanquam

3681 381 3800 477 530

2143 635 2432 708 decipula,
2491 641 2583 693 est
2631 637 2885 709 elapsus,
2940 637 3022 693 sic
3083 638 3319 706 quidem
3379 643 3498 692 toto
3552 654 3792 708 corpore

2143 725 2616 794 convulneratus,
2650 731 2717 782 ut
2755 736 2921 784 scuto
2959 729 3087 797 ejus
3116 727 3346 784 circiter
3401 744 3511 782 xxx
3570 731 3792 800 sagittae

2140 815 2513 884 inhaererent,
2529 820 2584 871 et
2613 816 2739 887 ipse
2759 815 3050 872 cassidem
3066 817 3372 874 decussam
3392 817 3654 873 attollere
3674 835 3789 872 non

2141 909 2359 977 posset.
2385 906 2594 962 Tamen
2624 905 2712 962 vel
2745 907 2831 962 sic
2860 906 2980 962 Deo
3025 907 3388 977 defendente,
3453 911 3552 978 qui
3606 909 3666 963 in
3697 909 3791 963 die

2141 994 2279 1050 belli
2304 999 2479 1067 caput
2506 997 2656 1066 ejus,
2691 996 3186 1067 quemadmadum
3239 996 3380 1051 olim
3422 996 3674 1063 Davidis,
3726 1005 3790 1053 ut

2137 1085 2348 1156 ipsein
2383 1085 2626 1142 Psalmis
2684 1086 2920 1153 fatetur,
2990 1086 3373 1153 custodiebat,
3435 1087 3785 1144 mirabiliter

2138 1173 2521 1231 Barbarorum
2582 1191 2794 1231 manus
2874 1175 3027 1232 288
3087 1175 3314 1246 effugit.
3364 1175 3590 1231 Caetera:
3649 1192 3782 1234 vero

2140 1263 2398 1335 legiones
2427 1263 2679 1320 subinde
2709 1265 2875 1336 pejus
2898 1263 3315 1320 tractabantur.
3347 1264 3492 1320 Nam
3524 1269 3576 1320 et
3600 1265 3786 1321 ferra-

2137 1356 2210 1409 tis
2244 1353 2426 1410 hastis
2460 1355 2716 1424 undique
2757 1355 3162 1425 pungebantur
3202 1362 3253 1410 et
3279 1355 3492 1425 jaculis
3520 1357 3788 1422 peteban-

2137 1447 2252 1507 tur,
2287 1448 2344 1498 et
2373 1443 2619 1500 invicem
2663 1443 2776 1514 ipsi
2815 1460 2943 1500 sese
2993 1443 3269 1515 prestrati
3322 1445 3769 1501 conculcabant.

2135 1534 2353 1598 Quodsi
2381 1534 2480 1604 qui
2514 1533 2620 1588 has
2651 1549 2885 1604 quoque
2931 1535 3150 1600 fauces,
3201 1535 3470 1590 Barbarie
3525 1536 3626 1607 qui
3682 1553 3782 1592 eas

2133 1623 2471 1680 insederant
2500 1622 2708 1694 pulsis,
2749 1629 3118 1695 supererant,
3171 1626 3231 1680 in
3291 1624 3476 1681 altera
3528 1625 3677 1681 valle
3707 1628 3780 1681 ab

2137 1712 2771 1768 hostibusinteribant.
2806 1715 2860 1768 Is
2891 1714 3043 1768 enim
3077 1714 3360 1768 transitus
3405 1714 3464 1768 in
3511 1731 3581 1770 vu
3643 1731 3780 1786 pro-

2135 1805 2346 1858 fundas
2404 1802 2588 1858 valles
2635 1802 2787 1856 inter
2848 1817 2976 1857 sese
3024 1801 3246 1857 vicinas
3331 1802 3676 1869 findebatur,
3719 1808 3777 1858 et

2136 1892 2304 1948 initio
2323 1891 2496 1963 paulo
2510 1891 2678 1947 latior
2696 1908 2900 1946 rursus
2916 1891 2972 1945 in
2991 1890 3296 1960 angustias
3313 1890 3775 1962 complicabatur,

2141 1984 2230 2039 Ere
2256 1997 2414 2046 vero,
2446 1996 2648 2036 omnes
2677 1984 2944 2036 accurate
2969 1996 3002 2034 a
3039 1979 3247 2034 Turcis
3277 1979 3776 2049 custodiebantur,

2139 2077 2315 2144 atque
2361 2072 2502 2126 adeo
2533 2075 2738 2126 caetero
2776 2085 3008 2142 quoque
3056 2068 3182 2125 loca
3227 2069 3547 2126 Turcarum
3607 2069 3779 2140 plena

2136 2165 2319 2218 erant.
2380 2159 2463 2215 Ad
2497 2159 2621 2215 haec
2681 2157 2950 2231 procellis
2998 2174 3306 2214 arenarum
3354 2167 3526 2215 vento
3572 2161 3630 2215 in
3677 2175 3776 2216 eos

2137 2251 2409 2322 impulsis
2427 2251 2596 2306 ambo
2626 2249 2913 2306 exercitus
2955 2249 3173 2320 impetu
3215 2250 3537 2321 congressi,
3596 2249 3779 2306 veluti

2138 2345 2312 2399 noctu
2347 2347 2405 2397 et
2437 2342 2494 2395 in
2529 2339 2896 2396 densissimis
2937 2339 3194 2395 tenebris
3251 2341 3591 2412 pugnabant
3622 2356 3635 2396 :
3673 2354 3778 2397 nec

2136 2434 2255 2490 ullo
2287 2431 2626 2488 discrimine
2654 2429 2828 2486 amici
2888 2433 2990 2484 aut
3039 2429 3282 2497 inimici,
3341 2431 3494 2485 obvii
3555 2430 3774 2501 quique

2138 2522 2619 2588 trucidabantur;
2653 2522 2970 2590 eodemque
3011 2519 3138 2574 loco
3169 2518 3339 2574 Turei
3391 2523 3448 2573 et
3497 2519 3770 2587 Romani,

2129 2615 2394 2685 jumenta
2423 2613 2479 2664 et
2508 2608 3093 2678 hominesjacebant,
3127 2611 3193 2662 ut
3245 2606 3413 2662 vallis
3463 2607 3564 2661 illa
3619 2606 3768 2660 nihil

2133 2705 2288 2760 esset
2317 2699 2474 2754 aliud
2495 2697 2601 2752 nisi
2617 2695 3044 2767 amplissimum
3064 2696 3351 2765 quoddam
3384 2699 3442 2750 et
3461 2710 3768 2750 commune

2131 2793 2545 2853 Romanorum,
2578 2787 2988 2852 Barbarorum,
3023 2786 3418 2855 jumentorum
3479 2783 3768 2854 pecudum

2132 2896 2243 2953 que
2268 2875 2626 2949 sepulcrum.
2662 2874 2865 2928 Plures
2895 2877 3085 2928 tamen
3131 2872 3372 2928 Romani
3405 2871 3766 2939 ceciderunt,

2132 2965 2448 3041 praesertim
2481 2962 2866 3018 illustrissimi
2884 2961 3479 3032 quiqueimperatoris
3505 2961 3760 3032 cognati.

2133 3059 2410 3116 Utautem
2445 3053 2596 3111 289
2630 3051 2802 3107 tnrbo
2832 3051 2928 3106 ille
2959 3051 3230 3108 discussa
3258 3050 3504 3122 caligine
3530 3049 3763 3120 quievit,

2129 3142 2423 3215 conspecti
2450 3140 2682 3212 quidam
2717 3143 2858 3194 sunt
2889 3137 3026 3210 (heu
3082 3139 3360 3194 miserum
3417 3137 3768 3210 spectalum)

2131 3249 2316 3306 usque
2341 3233 2410 3288 ad
2441 3230 2673 3287 lumbos
2692 3233 2749 3285 et
2767 3229 2918 3286 colla
2955 3229 3334 3285 cadaveribus
3366 3229 3762 3300 circumsepti,

370 3326 551 3378 πεσεῖν
603 3317 818 3397 ἐγένετο
875 3318 940 3374 τὰ
997 3317 1392 3394 στρατεύματα,
1448 3317 1538 3370 καὶ
1593 3315 1668 3377 ὡς
1726 3313 1777 3368 ἐν
1826 3332 2020 3368 νυκτο-

2131 3293 2237 3394 qni.
2254 3321 2551 3394 supplices
2581 3320 2900 3374 tendebant
2932 3335 3140 3374 manus
3169 3325 3227 3375 et
3255 3323 3420 3391 gestu
3446 3293 3765 3374 miserabili

370 3410 542 3488 μαχίᾳ
573 3409 663 3465 καὶ
703 3409 884 3464 σκύτει
922 3406 1238 3485 ψηλαφητῷ
1267 3404 1540 3477 ἀλλήλοις
1595 3402 2009 3479 προσφερόμενα

361 3506 478 3563 τοῖς
517 3499 744 3575 ἐχθροῖς
804 3498 928 3558 τοὺς
985 3496 1180 3575 φίλους
1232 3495 1706 3572 ἐπικατέσφαττον,
1762 3494 1852 3547 καὶ
1911 3491 2011 3546 οὐκ

367 3590 416 3664 ἐξ
492 3587 786 3667 ὁμοφύλου
863 3583 1152 3660 διακρίνειν
1230 3583 1572 3664 ἀλλόφυλον,
1616 3581 1760 3638 άλλᾶ
1809 3581 2008 3655 ΙΙέρσαι

367 3680 454 3735 καὶ
527 3681 801 3751 Ῥωμαῖοι
877 3669 1327 3749 συμϐεϐλημένοι
1401 3673 1491 3727 καὶ
1564 3673 1680 3726 καθ’
1730 3673 2006 3746 ὁμογενῶν

369 3767 607 3824 ἐσπῶντο
639 3767 707 3823 τά
761 3767 888 3845 ξίφη
943 3763 1034 3819 καὶ
1073 3764 1164 3819 τὸν
1223 3763 1514 3838 προσιόντα
1570 3760 1883 3816 κατέκαινὸν
1936 3761 2010 3820 ὡς

357 3855 646 3931 πολέμιον,
693 3855 768 3918 ώς
824 3854 918 3916 τᾶς
971 3851 1210 3931 τάφρους
1264 3853 1429 3915 τάφον
1478 3847 1568 3905 ἕνα
1617 3851 1860 3927 γενέσθαι
1917 3849 2006 3903 καὶ

359 3949 678 4022 πάμμικτον
737 3942 1106 4018 πολυάνδριον
1161 3940 1252 3997 καὶ
1307 3942 1567 4012 σκήνωμα
1629 3941 1812 3994 κοινὸν
1868 3941 2009 3994 Ῥω-

359 4038 533 4112 μαίων
566 4059 628 4094 τε
688 4036 778 4091 καὶ
842 4029 1130 4112 βαρϐάρων
1188 4031 1278 4087 καὶ
1332 4032 1520 4086 ἳππων
1569 4031 1658 4085 καὶ
1717 4031 1862 4106 βοῶν
1917 4030 2008 4084 καὶ

357 4124 496 4183 ὄνων
546 4123 1041 4206 ἆχῦηφοροὖντων.
1099 4123 1327 4178 Ἐπεσον
1385 4118 1474 4174 οὖν
1530 4119 1745 4194 ἀριθμῷ
1785 4117 2010 4180 πλείους

358 4217 658 4291 Ῥωμαῖοι,
715 4213 806 4271 καὶ
851 4211 1089 4283 μάλιστα
1139 4215 1245 4266 τῶν
1303 4207 1362 4264 ἐκ
1414 4213 1510 4264 τοῦ
1569 4207 1758 4285 γένους
1795 4213 1874 4281 τῷ
1907 4210 2011 4282 βασι

362 4305 523 4378 σιλεῖ,
555 4305 647 4360 καὶ
704 4302 912 4358 τούτων
969 4304 1052 4363 οἷς
1103 4297 1247 4356 πολῦ
1300 4301 1362 4355 τὸ
1414 4297 1702 4370 ἐπίσημον.
1746 4298 1836 4359 Ὧς
1885 4295 2006 4367 δὶὴ

359 4396 501 4456 κόνις
534 4393 820 4468 ἐλώφησεν
915 4412 971 4446 τε
1005 4387 1183 4466 ἀχλὺς
1217 4386 1426 4459 ἐκείνην
1478 4387 1567 4442 καὶ
1619 4385 1848 4461 άορασία
1899 4383 2006 4440 διε-

361 4481 644 4550 σκέδαστο,
724 4478 1042 4535 ώπτάνοντό
1114 4498 1256 4540 τινες
1333 4479 1453 4556 (φεῖ)
1526 4478 1623 4529 τοῖ’)
1715 4475 2008 4530 ἀπευκτέου

359 4573 684 4650 πράγματος
721 4569 813 4624 καὶ
877 4568 1176 4644 ὁράματος)
1225 4563 1332 4628 ἕως
1381 4564 1524 4637 ἶξῦος
1579 4563 1670 4618 καὶ
1722 4563 2008 4641 τραχήλου

2121 3410 2432 3481 aclugubri
2464 3425 2601 3465 voce
2625 3409 3097 3480 przetereuntium
3130 3425 3299 3479 opem
3330 3408 3750 3479 implorabant:

2121 3503 2218 3557 sed
2254 3516 2421 3556 nemo
2453 3503 2579 3554 erat
2609 3498 2707 3569 qui
2749 3497 3016 3554 auxiliari
3071 3506 3286 3567 posset.
3342 3498 3485 3553 Nam
3536 3499 3754 3568 quique

2119 3605 2284 3646 suam
2309 3587 2533 3644 cladem
2564 3587 2795 3643 illorum
2840 3586 3115 3657 exemplis
3147 3588 3470 3653 metientes,
3521 3588 3580 3641 in
3627 3587 3758 3641 vita:

2120 3677 2375 3750 periculo
2432 3675 2586 3730 haud
2651 3680 2856 3747 sponte
2912 3674 3404 3730 immisericordes
3476 3677 3640 3730 erant
3700 3680 3757 3729 et

2119 3767 2258 3838 fuga
2289 3763 2534 3820 salutem
2569 3779 2826 3835 querere
2857 3763 3211 3834 satagebant.
3274 3762 3594 3834 Imperator
3623 3778 3756 3818 vero

2119 3857 2226 3912 sub
2260 3856 2384 3928 pyri
2407 3854 2706 3926 sylvestris
2725 3853 3098 3909 umbravires
3147 3851 3458 3908 exhaustas
3509 3853 3751 3922 reeipie-

2121 3944 2242 4014 bat,
2278 3943 2404 4000 sine
2443 3943 2750 4013 armigero,
2811 3941 2938 3996 sine
2995 3941 3270 4007 satellite,
3321 3942 3449 3998 sine
3520 3943 3759 3998 custode

2119 4034 2260 4090 ullo.
2293 4032 2403 4087 Sed
2436 4031 2674 4102 quidam
2713 4031 3012 4101 gregarius
3053 4046 3232 4101 eques
3286 4032 3414 4100 ejus
3467 4031 3742 4087 misertus

2121 4122 2271 4179 ultro
2311 4120 2548 4186 accedit,
2581 4119 2748 4190 eique
2777 4135 2878 4190 pro
2935 4117 3086 4174 virili
3144 4119 3474 4176 ministrare
3542 4121 3756 4188 studet,

2119 4217 2175 4268 et
2204 4211 2430 4284 galeam
2455 4209 2567 4265 huc
2597 4213 2770 4281 atque
2800 4208 2940 4266 illuc
2973 4211 3276 4265 cadentem
3311 4210 3488 4282 capiti
3511 4209 3758 4280 reponit.

2123 4305 2349 4358 Interea
2379 4299 2548 4356 Persa
2579 4298 2812 4370 quidam
2847 4298 3117 4369 accurrit,
3143 4304 3200 4354 et
3252 4300 3413 4355 freno
3470 4299 3757 4370 prehenso

2122 4408 2255 4447 eum
2288 4389 2622 4446 abstrahere
2653 4390 2866 4454 studet,
2899 4389 3052 4458 quod
3089 4404 3259 4443 nemo
3291 4393 3414 4443 erat
3445 4389 3544 4458 qui
3605 4389 3761 4444 obsi-

2124 4479 2450 4536 steret.Sed
2482 4476 2868 4534 eumManuel
2925 4477 3172 4546 impacto
3231 4478 3288 4530 in
3349 4483 3525 4546 caput
3584 4476 3761 4532 hasne

2124 4568 2426 4638 fragmine,
2486 4567 2639 4639 quod
2701 4565 2887 4622 adhuc
2927 4565 3218 4636 reliquum
3269 4565 3543 4633 habebat,
3589 4565 3760 4619 humi

363 4661 750 4738 συνισχημὲνοι
822 4663 938 4720 τοῖς
1011 4658 1318 4731 πτώμασιν,
1397 4653 1449 4708 οἳ
1521 4651 1611 4706 καὶ
1673 4657 1862 4727 χεῖρας
1913 4655 2008 4728 μὲν

2131 4657 2450 4730 prostravit.
2487 4655 2662 4711 Paulo
2693 4659 2822 4726 post
2844 4654 3016 4709 etiam
3067 4653 3163 4708 alii
3201 4653 3383 4708 Persas
3414 4660 3747 4720 accurrunt,

357 4747 594 4812 ἱκέτιδας
628 4743 838 4823 ὤρεγον
886 4745 974 4801 καὶ
1035 4746 1314 4824 σχήμασιν
1366 4741 1634 4803 ἐλεεινοῖς
1682 4742 1773 4796 καὶ
1820 4748 2020 4818 φωναῖς

357 4842 551 4917 γοερὸν
629 4837 976 4914 ὒπηχοόσαις
1054 4832 1466 4911 προύκαλοῦντο
1539 4831 1674 4894 τοὺς
1723 4832 2022 4906 παριόντας

359 4930 434 4992 εἷς
468 4929 718 5004 ἀρωγὴν,
752 4923 941 4982 οὐδένα
1001 4923 1058 4980 δὲ
1099 4923 1191 4978 τὸν
1247 4922 1470 4995 ἀμύνειν
1517 4919 1812 4996 δυνάμενον
1865 4923 2020 4998 εἶχὸν

363 5016 494 5074 οὐδὲ
523 5018 615 5073 τὸν
650 5017 915 5086 σώζονταο
979 5015 1169 5075 πάντες
1217 5011 1318 5088 γάρ
1382 5014 1464 5073 οἷς
1522 5009 1761 5090 ἔπασχον
1821 5010 2017 5066 ἐκεῖνοι

356 5109 457 5178 τήν
534 5105 738 5162 οἰκείαν
813 5102 1256 5180 προτυποῦμενοι
1338 5101 1654 5179 συμφορὰν,
1731 5101 1820 5155 τὸν
1895 5103 2018 5176 περὶ

356 5202 549 5273 ψυχῆς
613 5193 928 5270 τρέχοντες,
977 5189 1222 5246 ἀκούσιοί
1275 5209 1430 5250 τινες
1479 5189 1613 5258 ἦσαν
1673 5190 2019 5262 ἀνοικτίρμοο

355 5307 458 5356 νες,
491 5285 584 5340 καὶ
613 5284 690 5346 ὡς
743 5283 950 5357 τάχους
1006 5283 1161 5354 εἶχον
1217 5278 1415 5348 σώζειν
1474 5278 1697 5342 ἑαυτοὺς
1741 5275 2015 5336 ἔσπευδον.

357 5377 419 5433 Ὀ
452 5373 510 5430 δὲ
546 5369 805 5450 βασιλεὺς
863 5368 1136 5436 Μανουήλ
1189 5368 1341 5422 σκιάν
1402 5365 1646 5421 ὑπελθὼν
1687 5366 2014 5441 ἀχλαδηφο.

364 5469 589 5540 ροῦντος
660 5455 883 5534 δένδρου
935 5452 1304 5529 ἀνελάμϐανεν
1360 5456 1546 5510 ἑαυτὸν
1600 5453 1688 5509 καὶ
1735 5461 2014 5530 καμοῦσαν

2133 4746 2232 4818 qui
2265 4762 2397 4800 eum
2417 4745 2572 4800 240
2602 4745 2788 4800 virum
2822 4759 3025 4816 capere
3047 4742 3536 4807 conabantur,sed
3552 4747 3608 4798 et
3636 4743 3768 4799 illos

2132 4833 2297 4890 facile
2357 4833 2718 4905 propulsavit
2769 4837 3000 4902 arrepta
3057 4831 3221 4886 hasta
3272 4831 3603 4888 assistentis
3651 4834 3764 4890 sibi

2130 4921 2344 4994 equitis
2389 4929 2442 4975 et
2473 4937 2587 4975 uno
2618 4937 2685 4975 ex
2739 4921 3010 4976 hostibus
3069 4920 3390 4976 transﬁxo:
3446 4921 3571 4993 ipse
3629 4940 3764 4979 vero

2129 5031 2308 5087 eques
2338 5012 2538 5070 stricto
2563 5028 2701 5069 ense
2721 5011 2881 5067 alteri
2913 5015 3092 5084 caput
3146 5013 3484 5083 amputavit.
3552 5016 3769 5075 Deinde

2129 5103 2260 5160 aliis
2283 5120 2315 5158 x
2349 5103 2625 5158 Romanis
2659 5101 2940 5156 militibus
2971 5102 3770 5176 accuarentibusindedigre--

2130 5192 2309 5258 ditur,
2341 5191 2694 5263 conjungere
2725 5207 2787 5246 se
2819 5206 2953 5246 eum
2980 5190 3312 5262 legionibus
3344 5208 3470 5262 quae
3505 5199 3770 5250 anteces—

2130 5283 2606 5356 serantcupiens.
2639 5285 2744 5340 Sed
2783 5299 2986 5340 rursus
3020 5283 3260 5355 paulum
3314 5301 3681 5356 progressus,
3715 5293 3769 5343 et

2127 5372 2449 5427 Turcarum
2476 5386 2721 5428 occursu
2768 5376 2824 5426 et
2868 5372 3210 5427 cadaverum
3273 5373 3492 5428 acervis
3540 5372 3598 5428 in
3640 5376 3770 5445 Iviis

2123 5460 2444 5531 jacentium
2483 5461 2933 5531 impediebatur.

367 5551 618 5627 συνέλεγε
684 5551 786 5618 τήν
842 5548 1020 5624 ἰσχὺν,
1087 5548 1162 5620 μὴ
1231 5543 1377 5620 ἔχων
1442 5547 1780 5614 ὑπασπιστήν
1840 5547 2244 5619 συνιστάμενον,
2305 5550 2379 5621 μὴ
2441 5547 2744 5628 δορυφόρον
2801 5549 3184 5623 ἐπισπόμενον,
3248 5549 3388 5622 mea
3450 5557 3773 5628 σωματοφά.

367 5641 504 5698 λακα
538 5640 898 5720 ἐφεπόμενον.
931 5634 1083 5695 Ἰδὼν
1117 5632 1172 5690 δέ
1209 5655 1291 5694 τις

1340 5633 1497 5688 αὐτὸν
1554 5635 1641 5688 καὶ
1694 5634 1960 5711 οἶκτείρας
2009 5636 2069 5691 ἐκ
2123 5643 2220 5692 τοῦ
2277 5644 2386 5694 τῶν
2443 5641 2651 5696 ἱππέων
2693 5641 2988 5714 τάγματος,
3046 5639 3134 5693 καὶ
3195 5639 3354 5700 οὗτος
3400 5645 3506 5693 τῶν
3559 5642 3768 5712 ἀγανῶν

369 5734 457 5787 καὶ
496 5729 732 5786 πολλῶν
764 5725 1073 5802 Ῥωμαίων,
1126 5723 1405 5803 ἐφίσταταῖ
1463 5725 1514 5778 οἱ
1570 5724 1867 5800 προθῦμως
1925 5727 2062 5782 κατά
2116 5729 2427 5805 προαίρεσιν
2481 5730 2569 5784 καὶ
2630 5727 2895 5784 διακονεῖν
2952 5730 3180 5801 αἱρεῖται
3249 5728 3313 5780 τά
3371 5725 3585 5793 δυνατὰ,
3646 5728 3764 5783 ὅθεν
