4140 6290
371 405 488 468 531
1679 399 1988 462 ΝΙΟΕΤΔΕ
2029 401 2454 464 ΟΗΟΝῘΑΤΑΞ
3663 402 3779 462 532

373 537 464 590 καὶ
493 537 591 604 τὴν
619 535 812 604 κυνέην
846 535 1074 610 ἑτέρωσε
1125 530 1477 608 βαλλομένην
1534 537 1604 608 τῇ
1663 531 1870 588 ἐκείνου
1927 533 2209 606 ἐφήρμοσε
2263 532 2502 613 κεφαλῇ.
2573 537 2660 592 Ἐν
2720 538 2808 608 ίΡ.
2868 536 2992 608 120]
3061 534 3108 606 ᾧ
3163 530 3220 588 δὲ
3273 535 3394 598 καθ’
3452 533 3482 588 ὅ
3537 532 3783 610 εἰρήκει-

380 647 478 700 μεν
518 623 736 699 δένδρον
795 625 823 678 ὁ
884 621 1140 698 βασιλεὺς
1199 624 1558 698 ἀνεκώχευεν,
1618 620 1934 698 ἐπιδραμών
1993 642 2076 684 τις
2133 624 2348 698 Ηέρσης
2405 623 2622 704 ἐφεῖλκε
2675 628 2867 678 τοῦτον
2919 625 3018 678 τοῦ
3073 620 3308 696 χαλινοῦ
3367 622 3506 678 κατά
3559 620 3782 690 πολλὴν

377 719 474 769 τοῦ
501 714 844 774 κωλύσοντος
875 710 1125 786 ἐρημίαν⁶
1161 713 1190 766 ὁ
1222 709 1280 766 δὲ
1337 712 1550 782 πλήξας
1607 711 1766 766 αὐτὸν
1821 713 1959 767 κατά
2013 711 2256 790 κεφαλῆς
2311 717 2391 785 τῷ
2445 719 2543 769 τοῦ
2597 711 2824 789 δόρατος
2882 714 3133 786 τμήματι
3165 711 3370 787 δεῖχεν
3429 709 3506 768 ἔτι
3552 710 3604 766 ἐν
3659 717 3778 766 ταῖν

377 807 588 878 χεροῖν,
651 801 726 862 εἷς
785 808 888 877 γῆν
949 796 1171 859 ἔϐαλλε.
1231 802 1359 857 Μετ’
1412 801 1473 856 ού
1522 799 1668 856 πολὺ
1723 798 1768 856 δ’
1819 794 1990 878 ἕτεροι
2047 801 2244 876 Πέρσαι
2303 801 2536 879 ζωγρίαν
2597 801 2738 859 ἑλεῖν
2797 803 3160 880 ὀριγνώμενοι
3219 799 3304 856 ἐπ’
3349 801 3510 856 αὐτὸν
3581 800 3776 872 ῗενται,

379 891 578 968 ῥαδίως
642 889 699 948 δὶ
748 893 838 947 καὶ
889 891 1117 953 τούτους
1173 889 1398 946 ἐώσατο·
1459 892 1712 968 βασιλεὺς
1775 893 1869 966 μὲν
1927 893 2031 970 γὰρ
2109 891 2174 947 τὸ
2227 897 2324 947 τοῦ
2408 898 2739 956 συνεστῶτος
2806 893 3043 949 ἱππότου
3111 890 3240 968 δόρυ
3315 891 3782 969 ἀγκοινησάμενος

377 977 644 1056 διαπείρει
697 982 790 1037 ’ὲνα
842 985 954 1036 τῶν
1013 981 1270 1036 ἐπιόντων
1325 979 1432 1043 ἕως
1497 983 1587 1036 καὶ
1645 983 1722 1045 εἰς
1777 981 1936 1037 αὑτὸν
1993 983 2240 1054 θάνατον,
2277 982 2436 1045 αὐτὸς
2469 981 2516 1037 δ’
2561 985 2589 1038 ὁ
2645 983 2886 1054 ἱππότης
2927 983 2992 1038 τὸ
3045 982 3197 1060 ξίφος
3247 981 3586 1055 σπασάμενος
3645 983 3783 1036 ἀπο-

375 1077 676 1146 καρατομεῖ
727 1070 927 1143 ἓτερον.
991 1068 1432 1124 Συναλισθέντων
1483 1068 1541 1124 δὲ
1593 1069 1684 1124 καὶ
1737 1071 1859 1145 περὶ
1915 1072 2011 1126 τὸν
2073 1069 2299 1147 βασιλέα
2355 1071 2549 1147 έτέρων
2639 1071 2967 1146 ὁπλοφόρων
3028 1067 3156 1126 δέκα
3229 1070 3522 1144 Ῥωμαίων
3581 1068 3780 1134 ἐκεῖθεν

385 1155 684 1233 μετέϐαινε,
746 1157 1010 1232 συμμίξαι
1068 1157 1407 1233 γλιχόμενος
1464 1163 1580 1220 τοῖς
1652 1161 2144 1234 προηγησαμένοις
2190 1158 2482 1234 τάγμασιν.
2543 1158 2699 1218 Ἀλλ’
2749 1157 2930 1222 ἀὖθις
2989 1158 3184 1232 μικρόν
3255 1178 3307 1212 τι
3363 1152 3574 1232 προϐάς
3623 1157 3788 1216 ὑπότε

383 1248 645 1324 Τούρκων
704 1255 806 1318 τῆς
860 1250 1049 1324 πρόσω
1101 1248 1326 1323 πορείας
1376 1247 1633 1322 ε’ἰργεται,
1693 1249 1782 1302 καὶ
1837 1254 1954 1311 τοῖς
2014 1253 2121 1304 τῶν
2171 1247 2444 1303 πεσόντων
2509 1247 2619 1321 οὐχ
2671 1248 2833 1317 ἦττον
2888 1251 3098 1320 νεκροῖς
3153 1245 3498 1320 ἀπερύκεται,
3562 1244 3615 1300 οἳ
3662 1247 3784 1320 περί

376 1340 474 1399 τὰς
510 1335 670 1402 ὀδοὺς
701 1337 1076 1413 αἰθριάζοντες
1109 1337 1443 1414 ἀπέφραττον
1473 1337 1636 1398 αὑτὰς
1669 1334 1917 1412 σωρηδὸν
1949 1338 2327 1411 προκείμενοι.

475 1429 562 1482 Vl.
589 1428 1022 1484 Faucibusistis
1043 1428 1536 1499 etpraeterﬂuente
1563 1443 1736 1483 amne
1767 1445 2032 1498 εδει-θευ-

2215 1427 2287 1483 Δ“.
2321 1425 2497 1488 Μόλις
2525 1423 2581 1481 δὲ
2609 1425 2676 1481 τὰ
2733 1423 2903 1481 ἐκεῖσε
2952 1423 3286 1499 δυσπόρευτα
3333 1423 3514 1500 χωρία
3561 1425 3652 1480 καὶ
3693 1423 3784 1480 τὸν

383 1519 626 1588 peratis,
663 1517 870 1572 alicubi
905 1533 1084 1589 super
1113 1517 1394 1573 cadavera
1453 1517 1792 1588 equitando,
1855 1517 2030 1573 aliam

387 1605 711 1662 Romanam
747 1622 986 1662 manum
1019 1606 1194 1678 cogit,
1228 1623 1354 1677 quae
1386 1607 1456 1660 ad
1491 1612 1871 1677 conspectum
1904 1607 2033 1677 ejus

395 1695 666 1751 accurrit.
695 1695 777 1750 Ibi
805 1695 1090 1750 Joannem
1116 1693 1588 1750 Cantacuzenum
1641 1695 1834 1766 neptis
1867 1693 2036 1750 mari-

389 1788 514 1838 tum
549 1799 732 1838 unum
765 1797 898 1838 cum
933 1783 1134 1838 multis
1167 1787 1404 1837 strenue
1449 1781 1752 1850 dimicare,
1809 1788 1867 1837 et
1895 1783 2034 1838 dum

391 1870 606 1926 frustra
651 1871 864 1926 auxilia
921 1872 1368 1941 circumspecta,
1429 1870 1629 1926 sterni-
1667 1886 1733 1926 ac
1793 1869 2034 1942 spoliari

393 1962 569 2016 videt.
603 1963 781 2016 Persae
801 1975 934 2014 vero
963 1959 1064 2030 qui
1097 1958 1263 2014 illum
1298 1957 1649 2026 occiderant,
1686 1965 1746 2012 ut
1783 1959 2035 2031 impera-

393 2057 577 2105 torem
611 2048 900 2120 prmterire
927 2048 1198 2103 viderunt
1227 2048 1438 2120 (neque
1468 2046 1622 2102 enim
1655 2046 1832 2102 latere
1879 2053 2037 2118 pote-

397 2137 525 2210 rat),
555 2138 614 2192 in
647 2136 945 2193 cohortem
973 2135 1322 2205 conglobati,
1365 2137 1778 2207 imperatorem
1831 2139 1894 2190 ut
1941 2135 2038 2205 opi

399 2245 556 2284 mam
605 2228 854 2300 praedam
899 2225 1209 2298 petebant:
1261 2242 1432 2297 quem
1493 2239 1556 2280 se
1608 2241 1739 2280 mox
1795 2229 1895 2282 aut
1949 2240 2041 2281 ca-

398 2321 602 2389 pturos
631 2324 732 2372 aut
767 2315 1176 2372 interfecturos
1207 2314 1620 2386 opinabantur.
1656 2314 1840 2370 Erant
1861 2315 1900 2369 ii
1932 2313 2040 2370 viri

398 2405 592 2462 eximii
613 2410 669 2462 et
700 2404 877 2460 armis
900 2403 1182 2474 insignes,
1213 2408 1271 2458 et
1297 2419 1498 2459 omnes
1554 2404 1722 2475 equis
1777 2403 2040 2459 Arabicis

396 2493 730 2552 insidebant
763 2511 774 2548 :
804 2495 950 2550 24‘!
988 2492 1088 2565 qui
1118 2496 1322 2566 praeter
1348 2491 1464 2547 alia
1484 2496 1829 2548 ornamenta
1843 2492 2039 2563 splen-

395 2583 700 2638 didissima
731 2581 984 2652 prolixas
1009 2580 1183 2636 tricas
1212 2597 1282 2635 ex
1311 2579 1541 2648 equinis
1573 2579 1708 2651 pilis
1740 2583 2038 2635 contextae

395 2677 450 2728 et
481 2688 722 2728 sonoras
746 2669 914 2726 nolas
945 2671 1016 2726 de
1043 2669 1212 2726 collis
1269 2670 1662 2740 dependentes
1719 2669 2034 2726 habebant.

397 2760 612 2816 Verum
657 2759 995 2832 imperator,
1045 2757 1256 2814 animis
1305 2773 1546 2813 suorum
1597 2757 1878 2823 excitatis,
1933 2756 2039 2812 ho-

401 2849 575 2905 stium
607 2848 888 2919 impetum
921 2846 1087 2904 facile
1117 2845 1456 2918 propulsat;
1494 2861 1560 2902 ac
1579 2845 2042 2916 subindepaula-

400 2941 506 2994 tim
541 2938 977 3010 progrediendo,
1011 2941 1068 2992 et
1113 2952 1270 2991 nunc
1309 2951 1468 2991 more
1510 2935 1645 2991 belli
1691 2950 1850 2990 nunc
1898 2935 2044 2990 citra

403 3027 752 3098 sanguinem
783 3029 994 3080 Persas
1013 3024 1435 3095 praetereundo,
1467 3039 1713 3094 quorum
1741 3021 1840 3076 alii
1871 3027 2044 3093 atque

405 3125 502 3180 alii
534 3125 601 3178 ad
635 3140 766 3179 eum
798 3122 1144 3193 capiendum
1177 3121 1588 3192 properabant,
1641 3123 1942 3190 exoptatus
1973 3118 2044 3172 ad

407 3214 664 3282 legiones
721 3229 847 3282 qua:
905 3215 1337 3265 antecesserant
1419 3207 1698 3278 pervenit,
1762 3223 1876 3262 non
1929 3215 2045 3262 tam

407 3315 574 3355 suam
592 3298 774 3354 vicem
790 3297 1056 3352 dolentes
1081 3313 1255 3368 quam
1275 3295 1438 3352 illius
1471 3294 1729 3366 periculo
1745 3293 2043 3350 sollicitas.

405 3391 516 3444 Sed
549 3393 858 3458 antequam
881 3403 978 3441 eas
1004 3385 1447 3457 adipisceretur,
1483 3400 1692 3455 aquam
1733 3401 1765 3439 e
1821 3387 2048 3456 praeter-

411 3477 626 3532 ﬂuente
659 3474 832 3530 fluvio
854 3475 1123 3529 haustam
1155 3471 1348 3528 alierri
1375 3471 1681 3543 sibijussit
1710 3491 1725 3540 ;
1760 3487 2047 3543 quasum-

407 3567 518 3621 mis
549 3565 728 3620 labris
759 3567 990 3635 gustata
1010 3566 1067 3618 et
1095 3561 1298 3631 ett‘usa,
1323 3561 1476 3632 quod
1505 3577 1575 3617 ex
1607 3560 2050 3631 insuavisapore

405 3657 538 3712 tabo
571 3655 842 3710 infec.am
873 3651 1262 3724 cognovisset,
1293 3666 1424 3706 cum
1457 3649 1711 3722 suspirio
1741 3667 1752 3705 :
1787 3672 1816 3700 «
1854 3649 2053 3705 Infeli-

405 3745 566 3815 citer,
617 3743 813 3816 inquit
864 3740 1324 3796 Christianorum
1382 3740 1728 3810 sanguinem
1774 3739 1970 3795 libavi.
2001 3759 2030 3790 ι)

407 3835 491 3891 lbi
524 3834 754 3903 quidam
789 3831 977 3886 audax
1005 3835 1062 3884 et
1091 3829 1463 3898 importunus
1495 3827 1755 3895 homo,et
1776 3829 1874 3883 illo
1896 3843 2050 3883 acer-

409 3923 650 3978 bissimo
679 3925 937 3991 temqore
989 3917 1348 3973 acerbior:«
1408 3915 1530 3972 Non
1589 3933 1765 3984 nunc,
1833 3917 2046 3988 inquit,

409 4013 744 4083 imperator,
777 4025 892 4064 non
923 4022 1082 4063 nunc
1113 4006 1390 4076 primum,
1422 4006 1534 4064 sed,
1557 4005 1694 4060 olim
1726 4009 1785 4061 et
1809 4021 1965 4076 saepe
1993 4013 2048 4060 et

411 4101 482 4156 ad
541 4099 874 4154 ebrietatem
934 4111 1122 4165 usque
1175 4094 1636 4150 Christianorum
1697 4094 2043 4165 sanguinem

413 4187 826 4252 hausisti,dum
857 4185 1010 4240 242
1045 4199 1326 4254 pauperes
1349 4183 1613 4238 subditos
1649 4182 2045 4238 exactionibus

409 4293 582 4334 vexas
610 4279 668 4330 et
699 4271 986 4344 deglubis.
1017 4296 1036 4320 ι
1067 4271 1212 4326 Eum
1241 4271 1694 4326 conviciatorem
1710 4269 1938 4325 Manuol
1971 4270 2052 4326 ita

411 4381 576 4436 aequo
606 4363 801 4418 animo
830 4359 965 4415 tulit
995 4375 1062 4416 ac
1091 4360 1140 4414 si
1171 4361 1388 4414 surdus
1427 4363 1580 4414 esset
1606 4375 1628 4420 ;
1661 4363 1874 4414 etcum
1899 4359 2054 4414 vidu-

411 4454 564 4522 os,in
581 4453 796 4525 quibus
817 4451 1045 4522 signata
1065 4463 1207 4520 pecu
1221 4447 1315 4503 nia
1331 4451 1458 4503 erat
1473 4452 1660 4516 erat,a
1678 4447 1870 4502 Persis
1882 4447 2052 4516 diripi

409 4543 487 4599 let
517 4542 729 4600 effundi
750 4541 988 4608 videret,
1019 4542 1308 4593 Romanos
1329 4536 1594 4591 hortatus
1623 4540 1796 4592 estut
1832 4537 2050 4607 impetu

411 4633 468 4687 in
506 4633 786 4688 Barbaros
821 4629 972 4684 facto
1005 4625 1312 4698 pecuniam
1333 4625 1494 4679 illam
1525 4624 1638 4695 ipsi
1675 4625 1864 4695 potius
1893 4623 2054 4679 debi-

411 4727 530 4776 tam
552 4721 890 4791 arriperent.
921 4717 1067 4771 Tum
1099 4729 1304 4768 rursus
1337 4713 1486 4768 idem
1533 4711 1630 4768 ille
1685 4713 2056 4784 impudenter

413 4811 473 4865 in
506 4811 914 4880 imperatorem
955 4805 1218 4858 invectus
1249 4817 1264 4858 :
1298 4825 1326 4852 ‹‹
1357 4801 1870 4873 Ultro,inquil,ista
1893 4803 2054 4874 prius

417 4897 692 4952 Romanis
716 4896 908 4950 danda
929 4893 1180 4958 [uit,non
1214 4892 1494 4956 nunc,ubi
1539 4908 1672 4947 cum
1714 4891 2056 4948 difficultate

415 4991 471 5039 et
501 4983 780 5053 sanguine
810 4981 1064 5052 paranda
1091 4979 1420 5047 est.Quodsi
1444 4981 1530 5035 vir
1549 4981 1716 5036 fortis
1737 4986 1912 5050 est,ut
1931 4979 2056 5052 glo-

415 5071 935 5137 riaturetchlamys
949 5069 1280 5138 postulat,in
1297 5074 1552 5140 raptores
1565 5069 1768 5124 Persas
1782 5073 2064 5141 impetum

415 5159 806 5228 faciat,iisque
841 5155 1061 5211 fortiter
1091 5155 1256 5210 caesis
1273 5157 1506 5228 rapinas
1533 5163 1852 5228 recupcret.
1881 5179 1909 5208 ››
1943 5159 2056 5212 Ta-

414 5249 536 5305 cuit
563 5253 622 5303 et
645 5249 715 5302 ad
750 5262 815 5300 ea
849 5245 1024 5300 verba
1047 5243 1638 5317 hominisimporluni
1670 5247 2058 5315 Manuel,sine

415 5337 533 5393 ullo
568 5351 888 5399 murmure,
923 5349 1036 5387 non
1067 5347 1236 5388 secus
1257 5339 1431 5404 atque
1460 5335 1600 5390 olim
1639 5337 1810 5392 David
1841 5337 2058 5393 Semeis

413 5425 800 5496 intemperiae
835 5419 1256 5476 tulit.'l‘andem
1291 5425 1796 5494 Contostephanus
1828 5442 2061 5499 quoque

2141 1514 2296 1592 ἐγγύς
2349 1535 2455 1570 που
2511 1513 2884 1592 παραρρέοντα
2939 1513 3182 1586 ποταμὸν
3253 1509 3508 1586 διελθὼν,
3565 1513 3788 1589 ἐνιαχοῦ

2137 1607 2245 1659 τῶν
2321 1607 2661 1678 θνησιμαίων
2739 1598 3028 1659 ἐπιϐαίνων
3105 1604 3194 1657 καὶ
3271 1600 3480 1656 τούτων
3557 1603 3788 1676 ὕπερθεν

2141 1693 2532 1766 ἱππαζόμενος,
2566 1693 2803 1768 ἀθροίζει
2833 1693 2923 1748 καὶ
2955 1690 3096 1748 ἄλλο
3140 1712 3192 1746 τι
3234 1695 3422 1766 στῖφος
3479 1691 3790 1764 Ῥωμαϊκὸν

2141 1783 2279 1838 κατὰ
2309 1784 2430 1840 θέαν
2463 1783 2628 1839 αὐτοῦ
2687 1779 3019 1858 συνδραμὸν,
3053 1781 3144 1837 ὅτε
3193 1781 3284 1835 καὶ
3343 1775 3650 1855 ἀναϐλέψας
3689 1781 3790 1854 ὁρᾷ

2143 1877 2262 1937 τοῖς
2293 1871 2601 1948 ὀφθαλμοῖς
2635 1871 2728 1926 τὸν
2758 1869 2842 1927 ἐπ’
2879 1871 3073 1946 ἀνεψιᾷ
3120 1864 3391 1947 γαμϐρὸν,
3431 1867 3524 1924 τόν
3574 1872 3784 1926 Καντα-

2144 1959 2408 2030 κουζηνὸν
2450 1961 2728 2030 Ἰωάννην,
2787 1955 2881 2014 ἕνα
2933 1957 3070 2032 πρὸς
3123 1955 3349 2019 πλείους
3399 1953 3788 2029 διαμιλλώμε-

2144 2070 2236 2104 νον
2279 2048 2368 2103 καὶ
2429 2045 2688 2122 ἀνδρείως
2749 2047 2934 2108 αὐτοῖς
2989 2045 3452 2124 προσφερόμενον,
3497 2045 3587 2099 καὶ
3635 2065 3788 2120 περι-

2147 2133 2484 2210 ϐλεπόμενον
2523 2140 2616 2209 μὲν
2659 2137 2706 2191 εἳ
2771 2157 2856 2200 τις
2911 2133 3194 2212 ἐπαρήξων
3249 2133 3438 2208 ἐκείνῳ
3493 2133 3793 2206 ἐλεύσεται,

2147 2226 2206 2281 ἐκ
2237 2223 2293 2281 δὲ
2351 2231 2448 2280 τοῦ
2509 2223 2717 2298 μηδένα
2776 2225 2868 2280 τὸν
2939 2223 3219 2298 ἀμύνοντα
3269 2223 3598 2300 παρεστάναι
3663 2223 3798 2296 μετά

2151 2315 2335 2392 βραχὺ
2367 2315 2631 2370 πίπτοντά
2656 2335 2716 2369 τε
2765 2315 2855 2370 καὶ
2905 2311 3326 2386 σκυλευόμενον.
3382 2313 3449 2370 Οἱ
3501 2311 3559 2368 δὲ
3603 2316 3798 2368 τοῦτον

2149 2401 2510 2466 ἀπεκτονότες
2569 2398 2764 2478 Πέρσαι
2820 2403 2895 2467 ὡς
2951 2399 3094 2458 εἶδον
3153 2403 3414 2476 παριόντα
3469 2401 3564 2457 τὸν
3619 2401 3794 2457 αὑτο-

2149 2493 2386 2566 κράτορα
2429 2489 2580 2566 (οὐδὲ
2634 2493 2735 2568 γὰρ
2793 2492 2859 2560 ἦν
2915 2489 3146 2564 λαθεῖν),
3203 2489 3655 2566 συγκροτηθέντες
3715 2489 3791 2552 είς

2149 2579 2373 2654 σπείραν
2403 2580 2477 2644 ὡς
2535 2580 2610 2642 εἷς
2657 2582 2879 2653 θήραμα
2924 2581 3058 2656 μέγα
3101 2579 3193 2634 τὸν
3257 2577 3482 2655 βασιλέα
3525 2577 3781 2653 ἐπῄεσαν·

2149 2667 2324 2741 ᾤοντο
2353 2669 2455 2746 γὰρ
2505 2669 2694 2724 αὐτίκα
2741 2666 2808 2740 δὴ
2857 2668 3008 2742 μάλα
3056 2672 3252 2724 τοῦτον
3301 2669 3543 2744 αἱρήσειν
3573 2669 3607 2737 ἢ
3641 2668 3792 2723 ἀναι-

2073 2791 2120 2856 Β
2153 2762 2360 2834 ρήσειν.
2390 2763 2561 2815 Ἦσαν
2596 2757 2642 2814 δ’
2673 2756 2824 2814 οὗτοι
2881 2759 3074 2821 πάντες
3124 2752 3406 2832 Ἀραϐίοις
3456 2751 3654 2833 ἕποχοι
3697 2755 3796 2813 ἳπ-

2150 2869 2277 2912 ποις
2351 2849 2440 2904 καὶ
2514 2848 2650 2903 κατά
2723 2847 2846 2904 Θέαν
2917 2851 3025 2902 τῶν
3099 2846 3328 2904 πολλῶν
3384 2848 3798 2926 ὑπερφέροντες·

2147 2936 2446 3010 ὁπλισμοῖς
2503 2958 2564 2992 τε
2617 2937 2724 3013 γὰρ
2779 2935 3095 3011 ἐκπρεπέσιν
3187 2936 3465 3007 έκάζοντο,
3523 2937 3612 2991 καὶ
3670 2933 3798 2999 τοὺς

2143 3025 2345 3084 ’ἰππους
2368 3025 2712 3096 ἠσκημένους
2779 3027 2934 3099 εἶχον
2988 3023 3185 3088 ἄλλοις
3241 3046 3298 3080 τε
3355 3025 3589 3098 κόσμοις
3649 3025 3797 3098 λαμ·

2147 3116 2460 3189 προτάτοις,
2489 3113 2635 3169 ἀλλά
2665 3111 2730 3184 δὴ
2780 3114 2870 3168 καὶ
2922 3113 3268 3189 ἐπαυχενίοις
3319 3111 3679 3190 ἀγλαϊσμασιν
3729 3113 3787 3166 ἐκ

2147 3207 2358 3278 τριχῶν
2389 3204 2767 3280 συγκειμένοις
2812 3202 3067 3276 ἱππείων,
3126 3203 3179 3266 ἐς
3225 3203 3404 3258 ἱκανὸν
3455 3201 3780 3273 καθιεμένων

2148 3294 2236 3348 καὶ
2293 3293 2768 3366 περιηρτημένους
2825 3291 3070 3368 ἐχουσῶν
3122 3291 3431 3367 ἡχητικοὺς
3503 3287 3783 3352 κώδωνας.

2149 3379 2416 3442 Βασιλεὺς
2452 3377 2496 3434 δ’
2539 3381 2845 3452 ἀναστήσας
2901 3380 2968 3436 τά
3021 3387 3130 3437 τῶν
3182 3381 3307 3455 περὶ
3365 3381 3522 3438 αὐτὸν
3579 3377 3791 3455 φρονή-

2155 3491 2297 3544 ματα
2351 3471 2449 3538 τήν
2499 3473 2610 3524 τῶν
2663 3467 2946 3542 πολεμίων
3011 3467 3291 3525 έπέλευσιν
3359 3469 3593 3530 εὐπετῶς
3649 3468 3793 3522 ἀπο-

2147 3559 2426 3635 κρούεται,
2475 3560 2554 3614 ἀεὶ
2613 3556 2670 3613 δὲ
2719 3560 2858 3613 κατά
2919 3559 3097 3634 βραχὺ
3154 3555 3467 3634 προϐαίνων
3524 3563 3640 3620 τοῖς
3693 3555 3798 3630 ἔμ-

2149 3649 2404 3722 προσθεν·
2437 3648 2526 3702 καὶ
2557 3652 2647 3702 νῦν
2696 3649 2788 3722 μὲν
2844 3647 3095 3720 πολέμου
3137 3647 3290 3721 νόμῳ
3337 3646 3557 3722 ἐνιαχοῦ
3605 3643 3663 3701 δὲ
3705 3647 3794 3700 καὶ

2153 3735 2420 3810 ἀναιμωτὶ
2495 3736 2853 3811 παριππεύων
2927 3735 3055 3798 τοὺς
3131 3734 3356 3810 Πέρσας,
3433 3734 3639 3798 ἄλλους
3711 3733 3796 3789 ἐπ’

2149 3824 2350 3890 ἄλλοις
2377 3824 2658 3887 συνιόντας
2690 3825 2779 3879 καὶ
2836 3825 3037 3886 πάντας
3085 3820 3379 3879 συλλαϐεῖν
3429 3823 3590 3878 αὐτὸν
3641 3822 3800 3878 σπεύ-

2153 3911 2346 3976 δοντας
2395 3913 2750 3987 τρισάσμενος
2837 3912 3114 3990 ἐφίσταται
3199 3914 3288 3968 καὶ
3365 3911 3626 3975 ἀσπάσιος
3684 3915 3802 3976 τοῖς

2149 3999 2525 4078 προωδευκόσι
2601 4005 2889 4076 τάγμασιν,
2967 4001 3030 4056 ού
3107 3999 3320 4074 μᾶλλον
3397 4001 3520 4076 περὶ
3615 4001 3799 4063 αὐτοῖς

2159 4088 2602 4165 δυσχεραίνουσιν
2635 4088 2669 4159 ἤ
2701 4087 2784 4144 ἐπ’
2815 4089 2962 4162 αὐτῷ
2997 4091 3071 4164 μή
3106 4089 3421 4169 τραινομένῳ
3469 4091 3799 4165 ἀγωνιῶσιν.

2159 4176 2326 4238 Οὔπω
2360 4175 2418 4234 δὲ
2447 4179 2717 4253 συμμίξας
2746 4178 2985 4246 τούτοις,
3037 4178 3164 4234 ἀλλ’
3207 4177 3380 4234 ἐκεῖσε
3431 4173 3508 4234 ἔτι
3559 4177 3633 4232 ὢν
3678 4173 3801 4244 ἔνθα

2154 4269 2400 4342 ποταμὸν
2433 4265 2753 4344 παραρῥέειν
2815 4269 2844 4322 ὁ
2903 4268 3072 4342 Λόγος
3131 4266 3340 4341 ε’ἰρηκε,
3390 4265 3531 4341 δίψει
3579 4268 3799 4342 συνέχε-

2155 4377 2264 4424 ται,
2297 4355 2386 4412 καὶ
2421 4354 2486 4427 δὴ
2540 4355 2766 4412 αἰτεῖται
2825 4360 2934 4410 τῶν
2989 4357 3342 4430 καρεστώτων
3391 4357 3508 4411 τινὰ
3561 4352 3802 4412 λαϐόντα

2159 4443 2369 4518 ὑδρεῖον
2429 4443 2577 4520 ὕδωρ
2635 4444 2932 4520 ἀρύσασθαι
2984 4443 3072 4498 καί
3132 4445 3183 4500 οἱ
3241 4445 3573 4520 ἀποκομίσαι
3631 4451 3801 4503 πιεῖν.

2164 4536 2381 4597 Σπάσας
2436 4535 2613 4590 τοίνυν
2679 4539 2777 4590 τοῦ
2837 4531 3032 4598 ὕδατος
3093 4535 3218 4589 ὅσον
3297 4537 3358 4590 ἄν
3437 4537 3539 4606 τὴν
3593 4535 3804 4591 ἐκείνου

2159 4623 2355 4680 ἐδίανεν
2387 4625 2658 4700 ὑπερῴαν,
2687 4625 2748 4680 τὸ
2791 4623 2985 4679 λοιπὸν
3038 4624 3246 4700 ἐξέχεεν
3293 4625 3384 4680 οἶα
3433 4627 3508 4700 μή
3555 4629 3654 4681 τοῦ
3703 4647 3804 4680 πο-

2159 4717 2342 4780 θέντος
2400 4711 2580 4784 ἡδέως
2625 4711 2713 4768 διὰ
2767 4717 2865 4768 τοῦ
2923 4713 3218 4791 οἷσοφάγου
3273 4711 3804 4776 κατολισθαίνοντος,

2159 4801 2709 4879 Ιιολυπραγμονήσας
2741 4799 2797 4856 δέ
2839 4802 2900 4857 τὸ
2951 4803 3116 4858 ποτὸν
3171 4803 3260 4857 καὶ
3315 4800 3591 4877 λυθρῶδες
3641 4808 3806 4858 τοῦτο

2159 4893 2496 4961 κατανοήσας
2552 4889 2768 4963 ᾤμωξε,
2825 4889 2917 4945 καὶ
2966 4891 3087 4945 εἶπε
3137 4892 3212 4964 μὴ
3270 4889 3515 4966 εὐτυχῶς
3569 4890 3806 4964 ἀπογεύ-

2161 4981 2352 5034 σασθαι
2380 4983 2478 5034 τοῦ
2501 4983 2608 5034 τῶν
2642 4982 2976 5053 Χριστιανῶν
3019 4977 3276 5052 α’ίματος.
3301 4979 3590 5056 Παρεστὼς
3637 4977 3694 5036 δέ
3721 5000 3806 5041 τις

2160 5070 2296 5143 ἀνὴρ
2323 5067 2516 5140 ἰταμὸς
2546 5069 2632 5122 καὶ
2670 5067 2888 5143 θρασὺς,
2921 5068 2996 5130 ὡς
3029 5063 3214 5140 ἔδειξε,
3247 5069 3335 5123 καὶ
3367 5073 3464 5123 τοῦ
3511 5070 3634 5124 τότε
3682 5089 3805 5123 καιο-

2163 5161 2263 5230 ροῦ
2295 5154 2724 5231 δοσκολώτερος,
2761 5157 3192 5231 ἀνερυθριάστως
3243 5155 3458 5228 ἔφησεν,
3512 5183 3532 5208 ι
3569 5159 3806 5232 Ἄπαγε,

2165 5243 2391 5322 βασιλεῦ
2429 5243 2623 5300 οὔκουν
2682 5251 2870 5316 ταῦτα,
2925 5246 3074 5321 οὐχί·
3125 5245 3186 5300 ού
3236 5246 3336 5320 γὰρ
3389 5245 3480 5300 νῦν
3535 5247 3618 5321 [Ρ.
3681 5249 3805 5321 121]

2161 5333 2418 5407 πρώτως,
2448 5333 2593 5390 ἀλλὰ
2620 5333 2791 5390 πάλαι
2821 5334 2912 5389 καὶ
2943 5333 3216 5396 πολλάκις
3247 5333 3335 5389 καὶ
3365 5334 3442 5397 εἷς
3491 5334 3804 5409 κραιπάλην

2163 5422 2250 5476 καὶ
2310 5422 2618 5502 ἀκραιφνῶς
2665 5425 3056 5499 Χριστιανικῶν
3111 5423 3358 5496 αἱμάτων
3417 5425 3626 5500 κρατὴρ
3693 5422 3808 5479 ἐκε-

410 5512 780 5569 Andronicus
807 5508 1121 5566 incolumis
1151 5507 1395 5576 advenit,
1441 5511 1539 5580 qui
1595 5517 1917 5570 extremum
1949 5530 2045 5586 ag-

2163 5510 2328 5586 ρᾶσθη
2389 5534 2497 5585 σοι,
2551 5513 2936 5586 καλαμωμένώ
2991 5533 3050 5567 τε
3103 5512 3192 5566 καὶ
3273 5509 3685 5590 ἐπιφυλλίζοντι
3743 5516 3806 5570 τὸ

415 5619 546 5658 men
579 5601 828 5658 ducebat
857 5616 876 5654 :
907 5603 964 5653 et
984 5597 1082 5653 alii
1113 5597 1343 5668 quidam
1372 5599 1525 5668 apud
1552 5599 1878 5658 Manuolem
1919 5619 2052 5675 gra-

417 5691 577 5764 tiosi,
607 5691 912 5750 vulnerum
942 5691 1224 5758 expertes,
1253 5695 1692 5744 concurrerunt.

2163 5598 2428 5670 ὕπήκοον.
2465 5602 2686 5658 »Οὕτω
2731 5600 2778 5656 δ’
2829 5603 3037 5676 ἱλαρῶς
3089 5601 3182 5655 τὸν
3238 5603 3540 5677 κατήγορον
3601 5602 3800 5658 ἐκεῖνον

2161 5689 2250 5744 καὶ
2310 5687 2562 5764 λοίδορον
2622 5691 2914 5764 ὑπήνεγκεν
2981 5687 3286 5761 ἄνθρωπον,
3362 5689 3436 5751 ὡς
3503 5691 3557 5746 εἷ’
3605 5693 3681 5765 μὴ
3739 5695 3808 5762 ἦν
