4140 6290
311 367 438 430 533
1382 357 1486 417 ns
1531 355 1908 418 MANUELE
1953 353 2342 418 ροηδεΝο
2385 355 2540 418 LIB.
2586 357 2692 416 vr.
3635 358 3757 436 534

355 495 578 552 ἀκούων
632 489 759 567 μηδ’
807 486 952 567 ἔχων
1000 487 1268 565 ἑλιγμοὺς
1322 487 1374 543 ἐν
1417 492 1498 560 τῷ
1544 487 1793 560 στόματι.
1853 488 2028 562 Ὁρῶν
2085 482 2142 542 δὲ
2196 487 2286 541 καὶ
2340 486 2468 551 τοὺς
2526 487 3012 565 θησαυροφύλακας
3048 486 3316 550 θυλάκους
3349 486 3760 562 διασπωμένους

336 585 448 644 ὑπὸ
504 587 724 659 Περσῶι
771 580 861 636 καὶ
908 579 1046 636 κατὰ
1091 584 1193 654 γῆς
1239 577 1506 652 χεόμενον
1556 577 1644 631 καὶ
1696 576 2071 649 ἁρπαζόμενον
2119 577 2210 630 τὸν
2262 575 2340 638 εἷς
2389 575 2636 649 νόμισμα
2673 576 3012 649 κεκομμένον
3058 577 3263 651 χρυσόν
3294 598 3352 631 τε
3380 575 3471 633 καί
3500 574 3760 654 ἄργυρον,

346 675 512 752 ἐνῆγε
565 673 693 734 τοὺς
772 671 1034 731 συνόντας
1109 668 1422 740 Ῥωμαίους
1496 665 1826 722 ὲπεισπεσεῖν
1901 671 2018 727 τοῖς
2088 661 2384 741 βαρϐάροις
2448 667 2539 720 καὶ
2599 666 2901 736 κτήσασθαι
2955 666 3023 720 τά
3077 667 3340 741 χρήματα
3395 672 3615 742 Περσῶν
3676 665 3759 722 δι-

349 751 645 838 καιότερον.
725 758 936 820 Συστάς
1011 755 1068 812 δὲ
1142 754 1295 818 αὖθις
1371 757 1398 809 ὁ
1470 753 1646 828 λῆρος
1704 754 1906 815 ἐκεῖνος
1963 755 2100 828 ἀνὴρ
2159 751 2552 827 διελοιδορεῖτο
2612 751 2845 816 ἀναιδῶς
2913 752 3132 828 βασιλεῖ
3184 759 3408 810 τοιαῦτα
3454 754 3757 814 κελεύοντι.

351 857 639 926 «Ἐχρῆν,
676 872 704 900 υ
766 847 968 924 λέγων,
1031 870 1054 898 ι
1091 845 1352 905 ἑκουσίως
1405 843 1495 898 καὶ
1553 844 1818 920 πρότερον
1882 840 2090 898 διδόναι
2150 844 2448 917 Ῥωμαίοις
2506 844 2686 914 ταυτὶ,
2743 843 2872 922 ούχὶ
2933 841 2992 898 δὲ
3044 844 3258 906 πάντως
3317 843 3453 914 νυνὶ,
3511 845 3676 900 ὁπότε
3721 847 3756 914 ἠ

344 949 532 1011 κτῆσις
594 936 874 1013 δυσχερὴς
946 934 1037 990 καὶ
1116 934 1234 1006 μεθ’
1298 932 1549 1007 αἳματος.
1608 931 1671 990 Εἰ
1748 930 1793 986 δ’
1869 932 2032 994 αὐτὸς
2105 931 2243 1007 ἀνήρ
2318 931 2459 987 ἐστιν
2523 931 2740 1008 ἰσχύος,
2795 934 2988 994 ὁποῖος
3049 930 3266 1007 εὔχεται
3321 935 3480 1001 εἶναι,
3538 931 3576 1003 ἥ
3630 939 3758 1008 γοῦν

341 1024 628 1103 ἀναξυρίδα
689 1024 1016 1101 περίκειται,
1073 1028 1187 1084 τοῖς
1245 1019 1618 1098 χρυσοσύλαις
1677 1020 1966 1097 συῤῥαγεὶς
2025 1021 2255 1096 Πέρσαις
2329 1021 2422 1076 καὶ
2499 1020 2770 1098 συγκόψας
2846 1020 3070 1084 τούτους
3129 1020 3569 1097 θαρραλεώτερον
3631 1019 3762 1076 ἐπα-

339 1116 642 1176 νασωσάτω
706 1113 964 1188 Ῥμαίοις
1035 1110 1103 1167 τὰ
1168 1110 1538 1186 ἁρπαζόμενα.
1599 1134 1628 1162 κ
1691 1109 1929 1165 Ἐσιώπα
2007 1107 2063 1165 δὲ
2135 1110 2268 1165 κάπὶ
2341 1111 2562 1172 τούτοις
2645 1117 2762 1174 τοῖς
2831 1111 3062 1186 ῥήμασι,
3126 1111 3214 1166 ὑπ’
3287 1107 3481 1165 ὀδόντα
3546 1112 3759 1185 γρύζων

343 1206 484 1284 μηδὲ
545 1204 916 1282 τονθορύζων,
972 1198 1119 1257 ἀλλά
1176 1201 1353 1279 φέρων
1413 1200 1512 1269 τήν
1567 1203 1664 1254 τοῦ
1721 1200 1995 1274 κερτόμου
2052 1198 2376 1276 προπέτειαν
2436 1201 2516 1262 ὡς
2578 1195 2746 1254 Δαόὶδ
2809 1199 2981 1256 πάλαι
3039 1200 3231 1272 Σεμεεὶ
3284 1200 3382 1268 τὴν
3451 1198 3758 1258 αὐθάδειαν.

339 1299 477 1372 Ὃψὶ
509 1293 566 1351 δὶ
595 1295 687 1349 καὶ
719 1295 748 1349 6
781 1292 1217 1368 Κοντοστέφανος
1247 1286 1598 1362 Ἀνδρόνικος
1631 1284 1882 1356 ἀϐλαϐὴς
1930 1295 2133 1364 παρῆν,
2192 1287 2253 1350 ὃς
2311 1291 2504 1372 ἠγεῖτο
2533 1293 2642 1344 τῶν
2675 1287 3004 1345 τελευταίων
3061 1289 3284 1359 τάξεων,
3318 1287 3406 1344 καὶ
3448 1287 3622 1364 ἓτεροι
3650 1293 3758 1342 τῶν

347 1369 658 1458 δυναμένων
691 1383 831 1458 μέγα
859 1381 1006 1456 παρά
1033 1383 1112 1451 τῷ
1144 1377 1406 1447 Μανουὴλ
1437 1376 1680 1451 ἀπλῆγες
1701 1375 2220 1454 συνδεδραμήκασιν.
2315 1369 2321 1373 ’

418 1508 494 1563 Ε’.
527 1506 679 1562 Ἐπεί
711 1500 767 1556 δὲ
793 1500 882 1570 νὺξ
932 1497 1143 1569 ἐπῆλθε
1192 1497 1284 1553 καὶ
1331 1498 1526 1559 σκότος
1573 1497 1782 1572 ἡμέρας
1815 1492 1996 1550 διάδο-

2183 1496 2244 1552 γ.
2278 1497 2388 1554 Ubi
2445 1513 2556 1552 nox
2602 1495 2866 1568 praelium
2914 1497 3171 1564 diremit,
3224 1512 3430 1552 omnes
3486 1497 3765 1553 sederunt

351 1614 453 1670 χον
505 1594 600 1648 τὸν
628 1589 878 1662 πόλεμον
936 1583 1186 1656 ἔπαυσεν,
1239 1583 1534 1657 ἀδημονῶν
1581 1583 1717 1644 ἆπας
1761 1585 2002 1652 καθῆστο

2126 1584 2329 1655 rietes,
2363 1583 2562 1656 capita
2588 1585 2862 1640 manibus
2912 1583 3311 1652 sustinentes;
3341 1589 3398 1641 et
3441 1584 3583 1641 dum
3618 1600 3764 1656 pm-

355 1683 530 1757 ὑποίῳ
557 1687 638 1754 τῷ
678 1687 781 1749 τῆς
829 1677 1019 1755 χειρὸς
1066 1674 1242 1749 κοίλῳ
1291 1673 1452 1751 ῥίψας
1490 1675 1589 1743 τὴν
1619 1670 1885 1751 κεφαλὴν,
1913 1671 2004 1726 καὶ

2126 1691 2248 1730 iens
2296 1672 2612 1729 discrimen
2663 1677 2958 1742 reputant,
2989 1689 3049 1729 se
3074 1673 3218 1729 vivis
3249 1689 3365 1730 non
3409 1675 3760 1730 adnumera-

349 1773 440 1828 τὸν
484 1769 756 1826 ἐνεστῶτα
809 1763 1058 1822 κίνδυνον
1115 1765 1513 1842 φανταζόμενος
1571 1761 1633 1816 οὐ
1689 1766 1811 1824 τοῖς
1870 1763 2002 1828 ζῶσι

2126 1767 2269 1832 Μυῒ,
2309 1778 2375 1819 eo
2407 1761 2776 1835 potissimum
2811 1763 3014 1829 territi,
3075 1763 3224 1832 quod
3257 1763 3496 1820 Barbari
3536 1764 3757 1820 circum

353 1855 636 1914 συνέτατεν
691 1854 906 1925 ἑαυτὸν,
957 1851 1047 1907 καὶ
1109 1848 1329 1925 μάλισθ’
1378 1850 1464 1904 ὅτι
1516 1847 1607 1904 τὸν
1661 1846 1878 1925 χάρακα
1908 1866 2006 1901 πε-

2126 1852 2329 1908 vallum
2368 1853 2521 1908 248
2580 1853 2933 1908 cursitantes
2974 1851 3286 1924 populares
3339 1868 3498 1921 suos,
3531 1853 3632 1925 qui
3671 1852 3759 1907 vel

352 1946 697 2024 ριτρέχοντες
741 1940 1086 2017 διαπρυσίοις
1128 1937 1424 1995 ἀνεκάλουν
1473 1941 1677 2015 φωναῖς
1711 1937 1762 1990 οἱ
1792 1930 2004 2024 Βάρϐα-

2126 1941 2390 2013 religione
2423 1945 2648 1996 mutata
2689 1939 2778 1996 vel
2833 1941 2965 1996 aliis
3013 1941 3086 1996 de
3115 1941 3311 1997 causis
3361 1942 3501 1996 olim
3532 1944 3599 1996 ad
3645 1941 3762 1996 Ro-

352 2023 593 2111 potrob;
645 2033 932 2106 ὁμοεθνεῖς
990 2029 1195 2098 αὐτοῖς,
1256 2028 1308 2083 οἳ
1367 2026 1502 2082 κατά
1553 2025 1802 2104 χρείανῆ
1840 2023 2004 2098 μετά-

2126 2047 2318 2088 nanos
2367 2047 2432 2086 se
2470 2029 2858 2094 contulerant,
2900 2045 3031 2086 cum
3100 2030 3372 2085 maximis
3398 2028 3758 2086 clamoribus

351 2137 491 2189 θεσιν
547 2122 783 2184 πίστεως
830 2119 967 2194 πρὸς
1015 2119 1317 2190 Ῥωμαίους
1365 2115 1772 2190 προὺχώρησαν
1809 2112 2002 2182 πάλαι,

2126 2120 2494 2177 :tortabantur
2528 2124 2593 2175 ut
2623 2135 2690 2174 ea
2722 2123 2888 2175 nocte
2917 2119 3132 2174 castris
3162 2118 3538 2187 excederent;
3589 2135 3761 2174 mane

347 2212 438 2268 καὶ
485 2209 766 2285 παρῄνουν
818 2204 1051 2280 ἐξελθεῖν
1100 2203 1358 2282 αὒτονυχὶ
1414 2206 1511 2259 τοῦ
1560 2201 1885 2278 στρατηγίου
1929 2201 2004 2263 ὡς

2126 2211 2268 2268 anim
2299 2226 2504 2266 omnes
2535 2209 2638 2280 qui
2697 2209 2758 2265 in
2810 2208 2884 2265 iis
2915 2213 3115 2265 essent
3146 2208 3449 2280 perituros.
3484 2208 3621 2264 Eam
3655 2225 3760 2263 no-

351 2299 752 2372 ἀπολουμένων
821 2292 993 2370 ἄρδην
1058 2292 1225 2351 ἕωθεν
1291 2291 1483 2347 αὐτίκα
1539 2295 1647 2346 τῶν
1716 2289 1767 2346 έν
1833 2287 2002 2361 αὐτῷ.

2126 2305 2265 2357 item
2323 2300 2404 2354 ita
2456 2302 2773 2371 exegerunt
2829 2297 3098 2368 Romani,
3147 2303 3306 2353 metu
3363 2295 3669 2368 pallentes,
3701 2300 3764 2352 ut

352 2387 761 2464 Διενυκτὲρευον
821 2384 912 2440 οὖν
971 2385 1239 2456 Ῥώμαῖοι
1293 2381 1432 2437 κατά
1486 2381 1728 2457 φρήτρας
1779 2378 1869 2434 καὶ
1909 2377 2005 2434 λο-

2126 2387 2358 2446 :ribules
2387 2403 2521 2444 cum
2553 2387 2887 2454 tribulibus,
2920 2387 3095 2443 amici
3125 2403 3257 2443 cum
3289 2386 3497 2443 amicis
3527 2403 3588 2443 se
3621 2403 3761 2443 con-

361 2475 530 2556 γάδας
585 2481 705 2538 τοῖς
755 2472 955 2553 φύλοις
1006 2470 1149 2550 φῦλα
1198 2469 1666 2546 συναγειρόμενοι,
1716 2467 2008 2556 *βαπτόμε-

2126 2479 2442 2549 iungerent.
2475 2478 2551 2531 At
2577 2476 2895 2547 imperator
2923 2491 3059 2531 cum
3091 2475 3536 2547 ignavissimum
3568 2475 3761 2532 consi-

361 2554 448 2622 νοι
477 2567 611 2640 πρὸς
663 2563 851 2639 ὦχρον
908 2562 1011 2617 ὑπὸ
1071 2559 1248 2631 δέους,
1291 2558 1366 2620 εἷς
1421 2559 1538 2613 οἷον
1569 2557 1637 2611 τὰ
1663 2554 1870 2612 πέταλα
1896 2560 2004 2610 τῶν

369 2651 600 2728 δένδρων
631 2656 767 2708 κατά
808 2651 997 2724 καιρὸν
1033 2649 1124 2704 τὸν
1158 2645 1478 2726 φυλλοχόον
1511 2645 2004 2722 μεταμορφάζεται.

363 2741 537 2804 Αὐτὸς
593 2738 649 2796 δὲ
690 2742 718 2795 6
765 2743 980 2814 κρατῶν
1036 2737 1385 2812 ἀγενεστάτας
1446 2734 1649 2811 βουλὰς
1677 2731 1890 2789 ὤδενεν.
1918 2733 2005 2794 Ὧς

363 2829 424 2887 δὲ
453 2831 650 2894 ταύτας
699 2828 978 2885 ἀποτεκὼν
1039 2827 1118 2890 είς
1171 2825 1340 2896 ἀκοὴν
1393 2830 1500 2880 τῶν
1561 2822 1654 2878 σὺν
1712 2821 1899 2894 ἐκείνῳ
1923 2820 2008 2893 ἐξ·

360 2923 543 3000 ἑφερε,
598 2920 689 2974 καὶ
744 2918 810 2987 ἦν
860 2919 924 2974 τὸ
986 2916 1365 2992 ὑφηγούμενον
1421 2912 1653 2988 λαθραία
1709 2914 1883 3000 φυγὴν.
1917 2913 2008 3000 καὶ

358 2996 636 3066 τοσούτων
687 3011 880 3083 ψυχῶν
929 3007 1008 3071 εἰς
1055 3003 1446 3081 αἰχμαλωσίαν
1475 3004 1566 3058 καὶ
1598 3004 1824 3058 θάνατον
1856 2996 2012 3057 ἔκδο-

362 3119 466 3168 σις,
501 3093 795 3168 ἔκπλήττει
853 3095 980 3158 τοὺς
1032 3093 1436 3170 ἀκροωμένους,
1487 3092 1577 3147 καὶ
1648 3090 1861 3165 μᾶλλον
1920 3091 2011 3146 τὸν

359 3187 824 3262 Κοντοστέφανον,
873 3185 949 3250 ὡς
991 3181 1181 3258 ἀνδρὸς
1228 3181 1703 3261 ἀλλοφρονοῦντος
1738 3180 1825 3236 καὶ
1859 3199 2016 3251 περι-

363 3273 730 3355 στρεφομένου
763 3269 1054 3347 σκοτοδίνῃ
1086 3271 1328 3346 ἀτεχνῶς
1376 3270 1740 3348 φθεγγόμενος
1771 3269 2012 3343 ῥήματα.

363 3368 438 3428 Ού
496 3368 661 3441 μόνον
719 3363 778 3422 δὶ
837 3365 890 3420 οἱ
956 3365 1090 3438 πρὸς
1144 3362 1328 3436 σκέψιν
1384 3365 1480 3416 τοῦ
1524 3362 1780 3432 ποιητέον
1823 3359 2016 3416 συνελ-

325 3459 550 3525 ’θόντες
610 3456 822 3533 βαρέως
883 3454 1116 3530 ἤνεγκαν
1169 3454 1236 3509 τά
1290 3450 1658 3524 ἠνωτισμένα,
1717 3449 1862 3506 ἀλλὰ
1925 3450 2014 3506 καὶ

366 3569 449 3609 τις
515 3546 709 3618 ἔξωθεν
765 3544 934 3606 ἑστὼς
999 3549 1099 3613 τῆς
1167 3547 1370 3611 σκηνῆς
1434 3541 1492 3596 ἐκ
1557 3545 1666 3596 τῶν
1722 3539 2013 3615 ἀγνώστων

371 3637 460 3693 καὶ
513 3640 624 3691 τῶν
665 3634 940 3690 πλείστων
997 3637 1368 3707 στρατιωτῶν,
1427 3631 1501 3693 ὡς
1552 3633 1615 3685 τὸ
1650 3629 1934 3706 βασιλικὸν
1965 3626 2017 3690 ἒς

378 3724 466 3786 ούς
493 3723 708 3795 ἐδέξατο
749 3722 991 3796 σκέμμα,
1044 3721 1263 3794 ὑψώσας
1306 3720 1406 3788 τήν
1454 3719 1639 3798 φωνὴν
1689 3717 1782 3773 καὶ
1814 3715 2018 3772 διωλύ-

371 3836 486 3889 γιον
517 3814 851 3886 ἀνοιμώξας,
876 3835 905 3863 ‹‹
934 3815 1065 3877 Φεῦ,
1091 3833 1120 3861 ››
1151 3811 1317 3878 εἶπεν,
1344 3833 1369 3861 ιι
1405 3809 1568 3863 ὁποῖα
1595 3805 1661 3876 δὴ
1693 3807 1782 3861 καὶ
1814 3809 1841 3862 6
1870 3809 2022 3882 βασι-

370 3903 492 3967 λεὺς
523 3902 818 3975 Ῥωμαίων
865 3900 941 3962 εἰς
991 3902 1114 3954 νοῦν
1168 3893 1414 3953 ἐϐάλετο.
1450 3920 1480 3949 ››
1509 3896 1606 3952 Καὶ
1637 3896 1773 3972 πρὸς
1818 3895 2019 3952 ἐκεῖνον

367 3995 467 4062 τήν
498 3997 595 4048 τοῦ
626 3991 801 4061 λόγου
841 3988 1072 4064 στρέψας
1103 3989 1306 4063 ὁρμήν,
1340 4009 1364 4041 α
1392 3986 1540 4064 Οὐχὶ
1573 3985 1658 4058 σὺ,
1693 4009 1720 4038 ››
1770 3984 1956 4063 φησὶν,
1991 3986 2018 4039 6

372 4081 460 4138 διὰ
505 4088 606 4152 τῆς
665 4081 884 4154 ἐρήμης
941 4076 1143 4147 ταύτης
1195 4076 1286 4132 καὶ
1343 4081 1528 4145 στενῆς
1585 4071 1715 4130 ὁδοῦ
1761 4073 2018 4148 ἓκθλίψας

370 4174 516 4244 ἡμᾶς
573 4169 665 4224 καὶ
724 4167 800 4229 είς
857 4169 942 4241 [Ρ.
1004 4167 1126 4238 122]
1167 4161 1443 4220 ἀπώλειαν
1490 4161 1840 4234 διηθήσας,ἢ
1878 4162 2021 4232 μᾶλ-

2113 2566 2259 2622 lium
2290 2566 2360 2620 de
2382 2563 2749 2621 clandestina
2787 2565 2927 2634 fuga
2954 2570 3014 2620 et
3044 2569 3129 2620 tot
3157 2564 3417 2620 millibus
3449 2565 3576 2620 neci
3607 2565 3764 2634 obji-

2113 2653 2339 2712 ciendis
2385 2652 2723 2722 proceribus
2779 2653 3120 2722 aperuisset,
3167 2651 3480 2718 auditores,
3507 2658 3562 2708 et
3614 2651 3762 2708 Con-

2119 2742 2497 2812 tostephanus
2528 2740 2586 2795 in
2633 2739 2857 2810 primis,
2887 2739 3336 2810 obstupuerunt,
3367 2738 3536 2810 quasi
3587 2737 3764 2794 verba.

2117 2829 2371 2887 hominis
2402 2845 2608 2902 parum
2639 2832 2768 2884 sani
2798 2827 3150 2900 loqueretur.
3183 2827 3298 2884 Nec
3329 2827 3402 2883 iis
3443 2827 3634 2883 solum
3662 2828 3761 2900 qui

2119 2922 2180 2977 in
2247 2918 2562 2976 consilium
2621 2917 2870 2973 adhibiti
2929 2919 3176 2986 fuerant,
3235 2932 3365 2973 eam
3437 2917 3758 2973 orationem

2120 3011 2370 3083 graviter
2423 3008 2723 3064 tulerunt:
2783 3006 2888 3062 sed
2943 3005 3184 3077 quidam
3241 3005 3522 3062 obscurus
3569 3006 3760 3074 miles,

2122 3099 2223 3171 qui
2253 3105 2410 3153 extra
2454 3094 2900 3152 tabernaculum
2955 3099 3206 3162 steterat,
3245 3096 3446 3152 audito
3477 3096 3605 3166 ejus
3638 3112 3764 3166 pro-

2123 3187 2334 3260 posito,
2367 3203 2497 3242 cum
2529 3185 2746 3256 ingenti
2777 3185 3033 3255 suspirio
3072 3191 3128 3241 et
3157 3185 3272 3241 alta
3301 3201 3470 3242 voce:
3514 3209 3543 3237 «
3590 3186 3760 3253 Quid,

2122 3277 2332 3349 inquit,
2383 3274 2779 3331 Romanorum
2804 3275 3136 3346 imperatori
3159 3274 3216 3330 in
3237 3278 3490 3331 mentem
3511 3275 3714 3331 venit?
3732 3297 3762 3326 »

2122 3367 2192 3422 Et
2218 3368 2286 3422 ad
2337 3366 2532 3438 ipsum
2595 3381 2950 3422 conversus:
2989 3388 3016 3416 «
3051 3365 3178 3422 Non
3213 3375 3295 3432 tu,
3326 3366 3542 3438 inquit,
3572 3366 3622 3421 is
3679 3381 3764 3432 es,

2123 3455 2225 3528 qui
2255 3456 2314 3510 in
2343 3456 2633 3511 desertam
2657 3463 2712 3511 et
2731 3459 3048 3526 angustam
3073 3455 3244 3512 istam
3269 3455 3420 3510 viam
3447 3455 3768 3522 nosintru-

2124 3544 2250 3601 sisti
2279 3552 2333 3600 et
2359 3544 2421 3600 in
2451 3543 2751 3600 interitum
2778 3544 2934 3600 244
2963 3543 3334 3615 ρνωοὶρὶιειειὶ
3353 3544 3381 3599 ?
3411 3548 3468 3599 et
3513 3559 3767 3600 concur-

2125 3633 2384 3690 rentibus
2429 3632 2560 3688 istis
2617 3631 2873 3704 scopulis
2929 3639 2982 3687 et
3015 3632 3314 3688 montibus
3367 3649 3474 3687 nos
3527 3633 3767 3689 omnino

2123 3723 2490 3795 oppressurie
2515 3721 2689 3779 veluti
2723 3723 2996 3778 mortario
3026 3722 3386 3778 contudieti?
3433 3723 3568 3794 quid
3599 3723 3769 3778 nobis

2124 3812 2207 3868 rei
2237 3819 2319 3866 est
2349 3827 2483 3866 cum
2517 3812 2630 3867 ista
2656 3810 2804 3867 valle
2832 3809 3027 3866 luctus
3083 3815 3140 3866 et
3195 3811 3454 3867 faucibus
3512 3809 3772 3866 inferni?

2125 3916 2228 3957 cur
2259 3901 2401 3955 istos
2455 3899 2690 3970 iniquos
2743 3916 2982 3970 asperos
3033 3900 3295 3957 tramites
3343 3899 3770 3971 penetramus?

2126 3988 2269 4060 quid
2310 4004 2416 4044 nos
2457 3987 2728 4059 privatim
2789 3989 2860 4043 de
2907 3989 3177 4044 Barbarie
3224 3988 3387 4059 queri
3434 4003 3771 4060 possumus,

2126 4077 2225 4151 qui
2255 4077 2521 4134 violentis
2571 4075 2703 4132 istis
2733 4077 3092 4133 anfractibus
3140 4083 3311 4148 atque
3362 4077 3653 4150 angustiis
3684 4077 3774 4134 in-

2130 4166 2292 4222 festis
2320 4182 2424 4222 nos
2479 4164 2894 4222 irretiverunt?
2949 4169 3008 4221 et
3054 4170 3113 4220 tu
3169 4182 3275 4222 nos
3333 4171 3609 4238 tanquam
3641 4181 3775 4221 oves

374 4257 468 4315 λον
522 4257 690 4315 οἱονεί
758 4277 866 4312 τινι
931 4253 1095 4330 ὅλμῳ
1159 4252 1408 4316 ἐκπιέσας
1463 4258 1580 4313 τοῖς
1648 4252 2017 4324 συμπίπτουσι

2133 4255 2472 4312 mactationi
2528 4255 2854 4312 destinatas
2887 4256 3084 4327 prodis
3108 4255 3136 4311 ?
3167 4278 3195 4307 ››
3229 4255 3327 4312 His
3356 4256 3550 4313 verbis
3581 4255 3777 4312 animo

373 4349 588 4412 τούτοις
655 4343 948 4408 σκοπέλοις
1011 4344 1102 4400 καὶ
1158 4348 1276 4400 τοῖς
1332 4346 1588 4398 πεσοῦσιν
1656 4341 1900 4419 ἀτεχνῶς
1947 4341 2017 4421 ἐφ

2136 4345 2393 4402 emollito
2421 4362 2488 4402 ac
2512 4347 2706 4416 potius
2734 4345 3100 4402 consauciato
3153 4345 3460 4402 consilium
3511 4344 3776 4410 mutavit,

371 4441 518 4512 ἡμᾶς
581 4437 774 4512 Speci;
843 4434 906 4493 Τί
967 4436 1102 4506 ἡμῖν
1157 4435 1248 4487 καὶ
1304 4435 1373 4504 τῇ
1429 4427 1648 4486 κοιλάδι
1703 4431 1872 4505 ταύτῃ
1931 4436 2017 4486 τοῦ

2135 4443 2190 4490 et
2220 4450 2349 4490 eam
2368 4433 2704 4506 sequiviam
2736 4432 2990 4489 instituit
3013 4451 3182 4506 quam
3210 4440 3444 4505 tempus
3465 4439 3778 4507 pateretur.

372 4526 733 4600 κλαυθμῶνος
783 4524 872 4578 καὶ
933 4526 1012 4594 τῷ
1068 4520 1279 4593 στομίῳ
1334 4523 1432 4574 τοῦ
1484 4515 1616 4588 ᾅδου
1673 4518 1923 4595 ἄντικρυς
1980 4521 2072 4575 καὶ
2128 4525 2208 4592 τῷ
2264 4519 2550 4595 παρελθεῖν
2602 4520 2699 4582 τὰς
2745 4519 3068 4595 ἀνωμάλους
3123 4521 3320 4584 τούτας
3375 4521 3464 4576 καὶ
3519 4521 3778 4596 τραχείας

375 4614 638 4693 τροχιάς;
687 4617 762 4667 ’Ἢ
817 4609 872 4666 τί
925 4607 1069 4665 ’ἰδιον
1116 4609 1327 4684 ἰπάγειν
1384 4612 1503 4668 τοῖς
1565 4603 1862 4682 βαρϐάροις
1912 4605 2197 4681 ἐπίκλημα
2261 4606 2516 4683 εἴχομεν,
2571 4605 2625 4662 ο’ί
2685 4609 2813 4671 τοὺς
2870 4608 3088 4683 χώρους
3146 4609 3271 4669 τούς
3328 4609 3541 4669 στενούς
3587 4629 3647 4664 τε
3685 4611 3775 4665 καὶ

380 4691 586 4778 βιαίους
618 4701 707 4756 καὶ
742 4697 1000 4760 σκολιοὺς
1030 4697 1468 4772 περικαθίσαντες
1499 4697 1646 4768 ἡμᾶς
1679 4695 2035 4770 ἒσαγήνευσαν
2061 4715 2077 4768 ;
2131 4697 2221 4752 καὶ
2269 4701 2361 4751 νῦν
2407 4696 2557 4757 ὅπως
2587 4694 3004 4773 καταπροδίδως
3045 4697 3119 4760 ὡς
3149 4691 3396 4771 πρόϐατα
3426 4703 3635 4774 σφαγῆς
3663 4703 3783 4760 τοῖς

379 4790 599 4867 ἐχθροῖς
629 4810 643 4860 ;
682 4815 704 4842 ι
737 4789 971 4850 Τούτοις
1002 4785 1307 4861 μαλαχθείς
1336 4785 1434 4854 τήν
1463 4785 1649 4858 ψυχὴν
1678 4783 1775 4839 εἶτ’
1825 4783 1916 4840 οὖν
1961 4784 2066 4848 ἓως
2119 4782 2340 4859 καρδίας
2399 4783 2629 4864 δηχθεὶς
2671 4786 2746 4848 εἰς
2776 4787 2955 4860 ἑτέραν
2984 4785 3242 4860 ἐτραπετο
3274 4788 3364 4841 καί
3393 4788 3491 4856 τήν
3526 4785 3662 4841 κατά
3688 4787 3780 4842 τὸν

379 4882 564 4956 καιρὸν
599 4879 804 4934 ἐκεῖνον
838 4876 962 4946 ἑλᾷν
987 4875 1189 4932 εἳλετο.

453 4993 612 5054 Ἀλλ’
664 4996 693 5050 6
734 4993 951 5066 σπέρμα
1002 4990 1404 5066 ἐγκαταλείπων
1454 4990 1626 5046 πάλαι
1659 4993 1740 5062 τῷ
1788 4989 2006 5066 ἰσραῆλ

2215 4993 2524 5050 Enimvero
2566 4991 2618 5048 is
2648 4993 2751 5064 qui
2782 4991 2921 5049 olim
2955 4991 3154 5050 Ieraeli
3201 5009 3397 5050 semen
3432 4994 3684 5064 reliquit,
3717 5011 3790 5050 ne

379 5084 470 5139 'iva
503 5085 578 5157 μή
611 5085 687 5146 εἷς
717 5081 879 5143 τέλος
918 5080 1259 5160 ἀφαντωθείη
1306 5080 1370 5135 τὸ
1418 5078 1622 5136 ἐκείνου
1654 5077 2017 5155 κληρούχημε

2146 5098 2256 5138 sua
2301 5098 2430 5139 sors
2476 5082 2734 5155 penitus.
2791 5085 3052 5139 Sodomis
3102 5091 3156 5139 et
3213 5083 3546 5140 Gomorrth
3585 5082 3791 5151 instar,

384 5176 459 5237 ὡς
518 5172 745 5248 Σόδομα
801 5172 1025 5248 γεγονὸς
1079 5169 1168 5226 καὶ
1227 5169 1498 5242 όμοιωθὶν
1561 5170 1636 5231 ὡς
1689 5168 2017 5244 Γόμορῥα,ί

2144 5172 2514 5240 aboleretur;
2556 5172 2658 5244 qui
2703 5171 2948 5245 castigat
2993 5176 3050 5228 et
3080 5189 3287 5228 rursus
3346 5171 3612 5228 medetur
3645 5188 3659 5239 ;
3692 5170 3794 5242 qui

379 5261 654 5321 παιδεύων
711 5261 805 5317 καὶ
859 5258 1024 5316 πάλιν
1074 5259 1328 5332 ἰώμενος,
1387 5260 1416 5313 6
1471 5260 1755 5314 πατάσσων
1805 5258 1894 5313 καὶ
1937 5261 2017 5331 ζῇι

2145 5260 2396 5330 percutit
2425 5269 2480 5317 et
2534 5260 2730 5317 vivere
2761 5261 2901 5317 facit
2929 5279 2945 5331 ;
2979 5261 3078 5334 qui
3112 5261 3384 5317 baculum
3424 5265 3793 5332 peccatorum

383 5359 580 5423 ποιῶν,
633 5353 663 5407 6
718 5351 796 5425 μὴ
853 5350 954 5417 τήν
1002 5343 1201 5423 ῥάϐδον
1255 5352 1363 5403 τῶν
1418 5345 1763 5422 ἁμαρτωλῶν
1811 5348 1895 5402 ἐπὶ
1945 5347 2036 5402 τὸν

382 5441 592 5517 κλῆρον
620 5443 731 5494 τῶν
767 5434 988 5492 δικαίων
1021 5435 1096 5496 εἰς
1138 5432 1297 5496 τέλος
1341 5432 1442 5489 έῶν
1486 5433 1644 5494 οὗτος
1686 5435 1775 5488 καὶ
1823 5436 1947 5490 τότε
1973 5435 2035 5488 τὸ

389 5533 540 5605 ἅγιον
573 5527 731 5594 ἔθνος
761 5525 1207 5597 κατοικτειρτςσας
1236 5523 1325 5577 καὶ
1351 5524 1427 5597 μή
1450 5523 1768 5578 ἀπώσασθαι
1801 5522 2036 5592 θελήσας

385 5617 576 5676 ἱπίπαν
609 5615 855 5691 κάμπτει
903 5613 1002 5682 τὴν
1052 5614 1149 5668 τοῦ
1197 5609 1493 5667 σουλτάνου
1540 5611 1725 5689 ψυχὴν
1760 5609 1836 5674 είς
1867 5609 2038 5683 ἀξύμι

2145 5364 2262 5404 non
2299 5355 2574 5420 perpetuo
2604 5350 2663 5404 in
2695 5357 2909 5406 sortem
2934 5349 3230 5419 justorum
3264 5349 3520 5420 grassari
3550 5346 3710 5411 sinit,
3742 5346 3794 5399 is

2146 5441 2273 5491 tum
2299 5452 2537 5508 quoque
2567 5436 2754 5494 sancti
2797 5438 2888 5494 sui
2919 5437 3118 5509 populi
3143 5436 3438 5502 misertus,
3468 5450 3641 5506 quem
3675 5449 3792 5487 non

2148 5525 2382 5596 penitus
2422 5526 2733 5596 repudiare
2762 5525 3008 5592 volebat,
3033 5524 3249 5580 sultani
3270 5523 3533 5578 animum
3557 5519 3630 5575 sd
3659 5519 3793 5573 inu-

2147 5613 2369 5671 sitatam
2397 5613 2764 5672 clementiam
2799 5615 2996 5684 flectit,
3029 5617 3092 5668 ut
3121 5613 3223 5686 qui
3254 5612 3477 5666 dudum
3509 5604 3793 5665 Manuelis
