4140 6290
415 387 532 450 I35

1719 383 2036 448 NlGETxE
2091 383 2513 447 οΗοΝιΑτΑι

3703 391 3826 453 536

415 525 690 583 virtutem
723 523 1047 592 verebatur,
1081 539 1236 580 nunc
1291 521 1420 592 ejus
1451 520 1782 578 calamitate
1825 518 2060 590 frange-

2179 513 2348 598 φυλον
2375 514 2527 574 ἔλεον
2557 517 2620 575 τὸ
2649 517 2986 590 καινότατον,
3019 519 3108 578 καὶ
3158 521 3216 584 ὃς
3267 521 3366 592 τὴν
3412 525 3508 577 τοῦ
3551 519 3828 597 βασιλέως

419 621 584 674 retur
617 631 630 674 :
659 617 761 669 aut
791 621 854 669 ut
890 611 1024 669 olim
1057 629 1159 688 per
1188 611 1410 668 Cbusin
1469 607 1869 682 AchitOphelis
1927 623 2068 662 con—

422 705 551 760 silia
580 703 797 770 evertit,
858 707 916 758 et
949 703 1210 758 animum
1243 699 1546 757 Absaionis
1597 697 1862 765 mutavit,
1895 701 1958 753 ut
1999 711 2068 752 ea

421 797 766 864 sequeretur
798 808 926 864 qua:
987 790 1304 862 perniciem
1337 789 1387 845 ei
1449 789 1696 844 allatura
1751 789 1937 853 erant,
1987 783 2070 839 ita.

419 885 543 938 tum
578 897 812 956 quoque
857 885 1168 936 Persarum
1201 879 1350 936 245
1418 877 1740 950 principem
1773 881 2066 932 transver-

417 987 550 1028 sum
583 971 721 1044 egit,
753 973 816 1026 ut
865 986 1172 1041 procerum
1206 967 1470 1024 consiliis
1499 965 1816 1038 impulsus,
1849 965 2070 1036 quibus

415 1065 680 1136 tempore
713 1060 872 1134 pacis
896 1061 967 1116 ab
991 1059 1345 1130 imperatore
1379 1057 1628 1130 pecunia
1646 1055 1944 1120 attinebat,
1969 1069 2072 1126 per

418 1149 642 1222 legatos
699 1150 852 1206 ultro
914 1149 1073 1222 prior
1129 1145 1410 1204 divinitus
1471 1161 1674 1218 pacem
1733 1144 2072 1216 imperatori

419 1237 668 1306 offerret,
722 1253 898 1309 quam
958 1235 1006 1292 is
1065 1239 1309 1310 urgente
1365 1235 1711 1294 necessitate
1781 1233 2070 1306 petiturus

419 1333 563 1396 erat,
591 1332 648 1384 et
677 1327 977 1400 pactiones
1001 1343 1230 1396 rursus,
1255 1329 1320 1380 ut
1353 1327 1506 1390 ante,
1541 1323 1852 1394 ﬂagitaret.
1887 1327 2073 1378 Persae

419 1434 552 1474 vero
585 1417 803 1473 sultani
845 1415 1090 1472 consilio
1125 1416 1384 1472 nondum
1413 1414 1724 1486 patefacto,
1752 1417 1944 1469 castra
1985 1411 2070 1466 di-

421 1507 614 1564 luculo
652 1511 1056 1578 oppugnatum
1105 1505 1289 1568 ibant,
1325 1519 1443 1559 uno
1503 1503 1721 1574 impetu
1783 1501 2076 1558 Romanos

423 1595 657 1654 delendi
680 1612 784 1668 spe
799 1601 1098 1666 concepta.
1133 1595 1333 1666 Itaque
1363 1607 1495 1650 cum
1521 1592 1822 1648 barbarico
1851 1591 2074 1661 ejuiatu

2171 605 2370 681 ἀρετὴν
2422 605 2748 682 αἰδούμενος
2805 609 3093 686 πρότερον,
3147 609 3270 666 τότε
3327 610 3420 666 καὶ
3469 615 3588 673 ταῖς
3617 609 3828 670 ἐκείνου

2174 703 2481 774 συμφοραῖς
2512 699 2822 754 ἐπικλᾶται·
2868 696 2906 768 ἤ
2955 703 3083 776 γοῦν
3115 701 3143 754 ὁ
3193 696 3282 754 διὰ
3331 701 3500 756 Χουσὶ
3532 701 3632 769 τήν
3667 705 3832 778 Ἀχι-

2171 779 2336 841 τόϐελ
2365 787 2648 862 ἀκυρώσας
2709 787 2942 864 βουλὴν,
3001 789 3212 850 καὶτὰς
3261 787 3450 867 φρένας
3508 788 3832 854 ἀλλοιώσας

2171 877 2268 930 τοῦ
2327 871 2658 951 Ἀϐεσαλὼμ
2714 877 2788 941 ὡς
2833 883 2954 944 τοῖς
3009 879 3126 933 καθ’
3185 881 3376 934 ἑαυτοῦ
3433 878 3523 934 καὶ
3579 877 3826 955 χείροσιν

2177 963 2622 1044 ἐπαγγέλλεσθαι,
2679 967 2840 1028 αὐτὸς
2896 967 2984 1022 καὶ
3040 967 3166 1024 τότε
3212 969 3304 1024 τὸν
3355 969 3678 1048 Περσάρχην
3713 967 3828 1040 ἐξέ-

2174 1075 2369 1128 κρουσε
2443 1060 2540 1112 τοῦ
2613 1057 2972 1127 καθήκοντος.
3047 1058 3385 1134 ΙῘαρασυρεῖς
3485 1059 3588 1135 γὰρ
3665 1059 3826 1123 οὗτος

2173 1149 2291 1208 ταῖς
2343 1151 2450 1200 τῶν
2514 1145 2852 1224 μεγιστάνων
2911 1149 3078 1204 αὐτοῦ
3139 1149 3601 1222 ὑποθημοσύναις,
3671 1147 3826 1226 οἵπερ

2177 1233 2485 1306 ἂπῆντλουν
2543 1235 2875 1318 ἀμφοτέραις
2925 1235 2986 1292 ἐκ
3038 1235 3333 1312 βασιλέως,
3390 1239 3525 1294 κατᾶ
3585 1237 3676 1296 τὸν
3725 1247 3826 1312 τῆς

2178 1321 2403 1398 εἲρήνης
2467 1325 2654 1398 καιρὸν
2734 1328 2800 1381 τὰ
2879 1327 3167 1402 χρήματα,
3250 1325 3469 1402 πέμψας
3539 1323 3828 1403 πρεσϐείαν

2177 1409 2421 1482 εἰρηνικὰ
2460 1409 2766 1490 διαλέγεται
2813 1413 2902 1468 καὶ
2949 1415 3048 1484 τήν
3095 1415 3492 1491 συνομολογίαν
3535 1415 3609 1479 ὡς
3639 1417 3832 1493 πρώην

2179 1499 2330 1567 αὖθις
2387 1503 2654 1575 ἐπιζητεῖ,
2713 1504 3038 1582 προφθάνων
3113 1507 3234 1562 οἷον
3303 1508 3674 1582 προαιρετῶς,
3733 1511 3831 1564 τοῦ

2176 1591 2490 1668 κρείττονος
2573 1593 2982 1668 ἐποτρύνοντος,
3045 1597 3140 1650 τὸν
3209 1595 3550 1671 ἀναγκαστῶς
3615 1597 3670 1659 ές
3735 1599 3832 1662 τὰς

425 1687 835 1759 obequitarent
859 1691 917 1740 et
949 1685 1164 1740 milites
1193 1684 1352 1739 intra
1379 1685 1597 1738 vallum
1641 1681 1874 1754 sagittis
1894 1682 2072 1737 conii-

2181 1677 2478 1755 συμϐάσεις
2513 1681 2788 1757 βλέψαντα
2843 1683 3062 1742 ἄνακτα.
3113 1685 3182 1742 Οἱ
3221 1682 3280 1740 δί
3311 1683 3377 1756 δὴ
3425 1687 3622 1761 Πέρσαι
3657 1689 3828 1762 μήπω

426 1783 642 1844 cerent,
673 1777 924 1832 Joannes
973 1771 1336 1830 Constantini
1365 1771 1568 1844 Angeli
1603 1769 1760 1830 ﬁlius
1791 1785 1922 1828 cun:
1969 1785 2072 1826 sua

2179 1775 2286 1828 τῶν
2345 1773 2484 1826 κατὰ
2535 1773 2736 1828 σκοπὸν
2791 1777 2871 1844 τῷ
2939 1771 3217 1847 σουλτάνῳ
3281 1773 3646 1850 έκφανθέντων
3715 1775 3828 1852 ἃμα

425 1865 681 1935 cohorte,
709 1865 882 1934 jussu
907 1862 1300 1935 imperatoris,
1332 1861 1406 1917 ad
1433 1859 1753 1918 Turcorum
1785 1861 2072 1932 impetum

2179 1857 2254 1934 έῳ
2321 1863 2701 1936 προσήλαυνον
2765 1863 2840 1924 ὡς
2907 1861 3322 1938 κυκλωσόμενοι
3390 1863 3700 1938 Ῥωμαίους
3739 1867 3832 1922 καὶ

428 1913 681 1935 --_----,
709 1913 882 1934 ,πη
907 1913 1300 1935 ---τῃ---νη
1336 1913 1406 1917 __
1445 1913 1468 1917 _
1491 1913 1644 1918 η---
1665 1913 1753 1918 -φ
1787 1913 1995 1932 Mr---
2017 1913 2071 1916 γ-

423 1954 862 2026 reprimendum
902 1954 1216 2025 egreditur.
1273 1951 1381 2016 Qui
1441 1965 1574 2006 cum
1625 1950 1792 2006 irrito
1835 1955 2072 2020 conatu,

2184 1913 2530 2026 ὥῒσπερΓὸψόν
2563 1953 2816 2026 εὐτρεπὲς
2851 1953 2942 2006 καὶ
2988 1953 3108 2008 καθ’
3157 1913 3338 2028 όρμῆν
3375 1913 3620 2026 μίανΓοῖα
3647 1913 3830 2031 θὲρες,

419 2043 584 2100 nullo
639 2043 772 2099 iorti
831 2041 1084 2098 facinore
1129 2041 1304 2108 edito,
1337 2039 1624 2106 rediisset,
1690 2039 2072 2096 Macroducas

2185 2038 2528 2120 λαφύξοντες,
2579 2038 2614 2110 ἤ
2663 2039 2742 2104 ὡς
2795 2039 3332 2116 ἐγκαταλελειμμένα
3379 2043 3462 2098 ώᾶι
3499 2045 3590 2099 καὶ
3619 2047 3833 2102 νοσσιὰν

421 2132 840 2189 Constantinus
888 2130 1200 2186 orientales
1233 2129 1432 2201 capias
1460 2127 1677 2186 educit.
1713 2129 1826 2184 Sed
1855 2128 1906 2184 is
1937 2143 2076 2201 quo-

422 2239 540 2296 que
569 2237 684 2278 non
719 2221 904 2276 multo
955 2229 1086 2294 post
1139 2221 1200 2274 in
1231 2225 1425 2276 castra
1455 2235 1518 2276 se
1548 2220 1788 2290 recepit.
1845 2218 2074 2276 Interea

423 2312 692 2368 ultanus
723 2311 998 2381 Gabram,
1031 2311 1558 2366 honoratissimum
1601 2308 1754 2364 inter
1809 2323 1949 2364 suos
1973 2323 2070 2364 sa-

419 2406 642 2474 trapos,
695 2399 766 2456 ad
799 2399 1208 2472 imperatorem
1240 2399 1460 2466 mittit;
1494 2399 1666 2470 cujus
1690 2399 1868 2469 jussu
1899 2397 2072 2454 Turoi

424 2503 762 2562 oppugnare
790 2487 1006 2544 vallum
1039 2489 1354 2556 desistunt,
1388 2493 1446 2543 et
1476 2487 1724 2544 Romani
1757 2485 1904 2542 clam
1935 2487 2074 2543 sub-

426 2581 637 2636 ducere
667 2593 790 2634 sese
831 2579 1126 2634 desinunt.
1187 2577 1240 2633 Is
1273 2577 1491 2634 Gabras
1523 2577 1680 2634 κιο
1736 2575 2072 2646 imperatori

425 2669 803 2726 Bai-berorum
837 2683 998 2724 more
1045 2667 1336 2723 submisse
1367 2671 1598 2722 adorato
1629 2667 1783 2722 dono
1831 2665 2073 2722 adducit

420 2775 638 2831 equum
689 2758 964 2823 Nisaeum,
997 2757 1172 2814 frenis
1231 2757 1520 2828 argenteis
1559 2761 1854 2826 ornatum,
1897 2757 2070 2811 exiis

421 2851 520 2921 qui
551 2850 623 2906 ad
657 2863 898 2921 pompas
926 2845 1204 2916 aluntur;
1239 2852 1298 2904 et
1329 2848 1570 2920 longum
1605 2846 1917 2917 ancipitem
1952 2847 2071 2916 gla-

417 2938 604 3010 dium,
664 2953 730 2994 ac
789 2953 1118 2994 sermonem
1176 2937 1246 2992 de
1307 2935 1710 3008 paciﬁcatione
1765 2935 2069 3005 interjicit,

420 3028 616 3083 animo
674 3027 798 3098 ejus
857 3027 931 3082 ob
989 3029 1288 3097 acceptam
1347 3026 1597 3090 cladem,
1649 3025 1710 3080 ui
1759 3024 2072 3096 apparebat

411 3119 598 3188 tristi,
658 3118 822 3190 prius
865 3117 1143 3173 mollibus
1201 3115 1394 3170 verbis
1447 3131 1578 3186 quas
1637 3115 1696 3170 in
1749 3131 1946 3171 aurem
1987 3113 2072 3171 illi

419 3208 650 3264 dicebat
681 3207 946 3274 delinito,
979 3209 1036 3260 et
1064 3205 1282 3260 doloris
1314 3203 1626 3260 acerbitate
1675 3203 1834 3259 velut
1869 3205 2073 3260 incan-

2183 2129 2398 2206 έρήμην
2469 2131 2781 2204 ἀπάξοντες.
2841 2131 3281 2207 Περιστείχοντες
3339 2132 3516 2188 τοίνυν
3571 2134 3662 2189 τὸν
3717 2135 3832 2212 χά-

2184 2241 2320 2300 ρακα
2347 2221 2478 2286 τοὺς
2523 2221 2672 2283 ἐντὸς
2723 2223 3092 2296 κατετόξευον,
3149 2221 3339 2300 κύκλῳ
3394 2223 3832 2300 περιελαύνοντες

2181 2311 2270 2367 καὶ
2333 2306 2677 2386 βαρϐαρικῶς
2738 2311 3122 2382 ἀλαλάζοντες.
3201 2312 3468 2376 Βασιλεὺς
3527 2312 3619 2369 οὖν
3675 2313 3827 2390 ἐγκε-

2182 2399 2395 2456 λεύεται
2421 2401 2640 2474 Ἰωάννῃ
2685 2404 2764 2472 τῷ
2817 2405 2915 2455 τοῦ
2973 2399 3246 2478 ’Δγγέλου
3295 2401 3704 2459 Κωνσταντίνου
3731 2405 3831 2478 υἱῷ

2186 2487 2320 2563 μετᾶ
2373 2493 2471 2545 τοῦ
2531 2489 2786 2552 συνόντος
2841 2487 3025 2562 έκείνῳ
3073 2492 3352 2568 τάγματος
3409 2499 3526 2554 τοῖς
3595 2493 3824 2570 Πέρσαις

2179 2573 2536 2652 προσϐαλεῖν·
2607 2579 2636 2633 ὁ
2701 2575 2759 2633 δὲ
2817 2579 2956 2634 κατᾶ
3015 2581 3117 2650 τὴν
3205 2579 3498 2656 βασιλικὴν
3565 2581 3826 2660 ἐπιταγὴν

2180 2667 2488 2724 ἀναπελεῖν
2541 2669 2666 2731 τοὺς
2723 2668 3000 2742 Τούρκους
3053 2673 3326 2742 πειρᾶται,
3381 2668 3533 2727 οὐδὲν
3567 2670 3624 2727 δέ
3653 2695 3707 2730 τι
3736 2673 3826 2730 καὶ

2182 2755 2380 2834 δράσας
2423 2761 2660 2836 γενναῖον
2717 2756 3093 2838 παλίστροφος
3155 2759 3377 2833 γίνεται.
3411 2761 3504 2816 Ἐκ
3549 2757 3607 2816 δὲ
3635 2761 3830 2817 τούτου

2182 2849 2210 2904 ὁ
2241 2843 2630 2920 Μακροδούκας
2675 2851 3080 2910 Κωνσταντῖνος
3121 2849 3222 2917 τὴν
3275 2849 3364 2905 ὑπ’
3429 2848 3588 2905 αὐτὸν
3659 2851 3836 2928 έξάγει

2183 2939 2436 3014 στρατιὰν
2465 2937 2524 2994 ἐκ
2569 2941 2678 2993 τῶν
2731 2940 2880 3012 ἑῴων
2937 2937 3486 3016 στρατολογουμένην
3514 2942 3834 3018 ταγμάτων’

2181 3027 2327 3083 ἀλλὰ
2355 3029 2444 3082 καὶ
2479 3027 2638 3090 οὗτος
2691 3027 2885 3103 μικρόν
2939 3049 2992 3083 τι
3049 3027 3233 3105 φανεὶς
3267 3029 3648 3101 ὐπενόστησεν.
3681 3033 3746 3088 Ὀ
3778 3029 3837 3086 δὶ

2182 3137 2246 3194 γε
2318 3116 2642 3182 σουλτάνος·
2687 3119 2892 3190 πέμπει
2967 3119 3103 3194 πρὸς
3183 3119 3408 3193 βασιλέα
3491 3116 3692 3192 Γαϐρᾶν
3763 3119 3830 3173 τὰ

2183 3211 2374 3282 πρῶτα
2411 3209 2519 3262 τῶν
2550 3206 2678 3280 παρ’
2729 3207 2876 3279 αὖτῷ
2923 3206 3012 3262 καὶ
3083 3209 3448 3284 τετιμημένον
3475 3210 3538 3264 τὰ
3578 3204 3824 3282 μέγιστα·

421 3293 698 3350 tumentis
716 3295 1072 3366 quibusdam
1091 3294 1374 3366 mitigata.
1399 3296 1542 3348 Cum
1563 3296 1756 3349 autem
1781 3295 2072 3350 thoracem

2185 3297 2248 3352 τὸ
2282 3293 2328 3350 δ’
2361 3295 2466 3350 ἀπὸ
2515 3293 2674 3351 τοῦδε
2723 3293 2775 3350 οἵ
2831 3317 2890 3351 τε
2943 3297 3182 3370 Τοῦρκοι
3239 3297 3297 3352 ἐκ
3347 3294 3710 3372 παραγγελίας
3735 3300 3836 3351 τοῦ

422 3383 796 3454 imperatoris
849 3381 1004 3438 {ulva
1051 3385 1212 3438 veste
1269 3387 1488 3438 tectum
1547 3381 1792 3438 vidisset
1836 3399 1850 3438 :
1887 3405 1914 3434 κ
1969 3385 2072 3440 [ste

2188 3380 2559 3460 προσϐάλλειν
2635 3381 2966 3460 περιστάδην
3039 3383 3341 3457 ἀπέστησαν
3405 3387 3492 3441 καὶ
3563 3386 3841 3458 Ῥωμαῖοι

428 3469 607 3538 color,
658 3471 872 3542 inquit,
923 3469 1256 3542 imperator,
1299 3485 1511 3542 pugnas
1541 3473 1806 3541 tempore
1839 3470 2072 3526 minime

2185 3479 2287 3530 τοῦ
2320 3473 2706 3552 ὑπεξέρχεσθαι
2738 3473 3022 3552 λήγουσιν.
3059 3477 3323 3550 Ὀφθῆναι
3385 3473 3442 3531 δὲ
3487 3477 3566 3548 τῷ
3617 3471 3842 3552 βασιλεῖ

430 3561 774 3618 commodus
806 3569 912 3630 est,
945 3561 1048 3618 sed
1106 3560 1277 3632 plane
1327 3559 1754 3632 inauspicatus.
1789 3581 1812 3610 ι
1865 3561 1927 3617 Id
1980 3561 2076 3617 di-

427 3655 588 3709 ctum
645 3654 964 3725 imperator
991 3652 1200 3725 exiguo
1251 3655 1310 3708 et
1365 3657 1562 3708 coacto
1625 3651 1746 3706 risu
1807 3653 2074 3723 excepit;

427 3757 666 3814 eamque
685 3747 900 3800 vestem
925 3757 1184 3815 purpura
1213 3747 1269 3798 et
1299 3757 1442 3796 auro
1477 3743 1754 3796 intextam
1781 3740 1866 3796 illi
1894 3741 2076 3812 dedit,

425 3843 774 3908 acceptoque
805 3849 944 3890 ense
991 3839 1050 3890 et
1078 3849 1228 3905 equo
1261 3847 1464 3904 pacem
1500 3832 1818 3888 conscribit
1853 3849 2076 3904 suaque

2189 3561 2411 3638 μέλλων
2472 3559 2684 3637 Γαϐρᾶς
2747 3565 2964 3640 βαθεῖαν
3017 3565 3108 3620 καὶ
3187 3561 3524 3642 βαρϐαρικὴν
3579 3564 3838 3640 ἀπονέμει

2185 3655 2356 3727 τιμὴν
2400 3654 2491 3709 καὶ
2557 3653 2948 3728 προσκύνησιν,
3015 3657 3105 3710 καὶ
3171 3655 3286 3730 ἃμα
3339 3657 3506 3711 ἳππον
3572 3657 3833 3733 προσάγει

2188 3740 2361 3820 δῶρον
2421 3747 2650 3800 Νισαῖον
2703 3743 3172 3820 ἀργυροχάλινον,
3229 3745 3287 3800 ἐκ
3341 3749 3448 3801 τῶν
3505 3746 3839 3824 φατνιζομέ-

2185 3853 2290 3888 νων
2325 3831 2401 3895 εἷς
2451 3833 2697 3906 πομπὰς,
2751 3833 2841 3888 καὶ
2897 3837 3180 3910 περιμῆκη
3252 3837 3480 3912 ἂμφήκη
3537 3835 3836 3914 μάχαιραν,

423 3943 600 3983 manu
659 3923 982 3992 subsignat.
1045 3923 1199 3980 Inter
1228 3928 1465 3979 caeteras
1494 3922 1883 3988 conditiones,
1927 3939 2072 3996 quas

2181 3925 2270 3978 καὶ
2307 3922 2472 3998 λόγον
2517 3927 2658 3978 κινεῖ
2713 3923 2836 4000 περὶ
2895 3923 3164 3996 σπονδῶν,
3218 3923 3543 4000 διομαλίσας
3572 3925 3834 4004 πρότερον

420 4017 480 4072 id
509 4021 742 4088 tempus
774 4013 1180 4086 scrupulosius
1210 4014 1512 4085 exquirere
1545 4027 1662 4068 non
1693 4013 1940 4079 sinebat,
1973 4013 2072 4068 illa

2183 4011 2374 4089 λόγοις
2407 4012 2640 4075 ἁπαλοῖς
2671 4013 2768 4081 τὴν
2823 4013 2910 4068 ἐπὶ
2951 4019 3068 4075 τοῖς
3119 4009 3388 4089 συμϐᾶσιν
3421 4015 3834 4095 ὑπεμφαινομέο

422 4123 654 4180 quoque
701 4111 846 4173 erat,
899 4109 964 4161 ut
1019 4103 1342 4174 Dorylaeum
1394 4109 1454 4160 et
1503 4103 1786 4159 Bubleum
1837 4101 2071 4159 castella

2179 4122 2276 4172 νην
2307 4099 2592 4176 ἀχθηδόνα
2633 4105 2732 4157 τοῦ
2785 4101 3072 4178 βασιλέως,
3122 4103 3212 4159 καὶ
3263 4104 3615 4167 καταστείλας
3641 4105 3704 4160 τὸ
3731 4103 3830 4160 τοῦ

423 4201 842 4253 averterentur.

2179 4191 2385 4254 πάθους
2439 4188 2776 4266 φλεγμαῖνον
2837 4193 2928 4247 οἷά
2981 4213 3120 4248 τισιν
3181 4191 3502 4267 ἐπᾷσμασιν,
3561 4195 3641 4256 οἷς
3691 4193 3830 4270 πρός

425 4286 488 4340 τὸ
537 4281 631 4346 οὖς
685 4281 872 4355 ἐκείνῳ
927 4281 1276 4358 ὑπεψιθύρισε
1333 4283 1564 4356 ῥήμασι.
1623 4279 1961 4353 Θεασάμενος
2021 4277 2078 4334 δὲ
2153 4274 2363 4354 Γαϐρᾶς
2435 4277 2504 4349 ἥν
2563 4277 2686 4354 εἶχε
2743 4277 2980 4336 στολάδα
3009 4281 3098 4336 ἐπὶ
3143 4287 3239 4338 τοῦ
3269 4283 3514 4360 θώρακος
3550 4280 3828 4359 βασιλεὺς,

421 4377 527 4446 τὴν
555 4375 750 4450 χροιὰν
797 4369 1191 4452 χολοϐάφινον,
1226 4399 1253 4426 ‹‹
1288 4373 1402 4431 Ούκ
1431 4367 1777 4446 εὐσύμϐολον
1829 4369 1892 4424 τὸ
1940 4375 2147 4445 χρῶμα
2191 4373 2354 4425 τοῦτο
2385 4391 2410 4423 e
2465 4371 2646 4449 φησὶν,
2685 4393 2709 4425 α
2743 4373 2788 4425 ὧ
2822 4371 3068 4447 βασιλεῦ,
3101 4373 3248 4428 ἀλλὰ
3289 4373 3380 4428 καὶ
3423 4373 3546 4430 λίαν
3575 4375 3710 4430 κατᾶ
3737 4375 3832 4443 νήν

391 4463 572 4540 ’ὥραν
621 4469 719 4520 τὸὖ
766 4461 1016 4538 πολέμου
1064 4467 1182 4525 ταῖς
1234 4463 1453 4537 ἀγαθαῖς
1504 4461 1701 4534 τύχαις
1750 4459 2110 4536 ἀντιπρᾶττον
2162 4463 2260 4534 (2).
2297 4483 2325 4512 ››
2374 4459 2548 4524 Αὐτὸς
2597 4459 2644 4514 δ’
2695 4459 2780 4516 ἐπὶ
2811 4467 2929 4524 τοῖς
2962 4461 3274 4537 εῗρημένοις
3301 4463 3519 4526 τούτοις
3553 4463 3736 4540 βραχύ
3783 4484 3836 4517 τι

423 4555 514 4610 καὶ
585 4549 939 4631 βεϐιασμένον
994 4547 1297 4627 μειδιάσας,
1347 4551 1444 4619 τὴν
1517 4549 1880 4622 έπιθωράκιον
1945 4547 2148 4618 στολὴν
2200 4545 2404 4610 ἀποδὺς
2455 4546 2644 4622 ἐκείνῳ
2698 4547 2888 4604 δίδωσι
2937 4552 3195 4628 πορφύρᾳ
3242 4551 3332 4607 καὶ
3381 4557 3573 4630 χρυσῷ
3623 4550 3836 4623 διηνθι-

427 4643 649 4718 σμένην.
685 4643 790 4702 Τὸν
826 4639 872 4698 δ’
907 4639 1082 4698 τίππον
1113 4639 1204 4696 καὶ
1235 4641 1298 4696 τὸ
1329 4639 1484 4715 ξίφος
1514 4635 1802 4711 δεξάμενος
1833 4635 2135 4716 έγγράφους
2185 4637 2392 4692 τίθεται
2419 4639 2514 4700 τὰς
2548 4634 2804 4710 σπονδὰς,
2835 4639 2926 4694 καὶ
2978 4642 3075 4709 τὴν
3110 4647 3273 4716 χεῖρα
3302 4643 3520 4704 τούτοις
3555 4637 3832 4717 βραϐεύει.

426 4735 584 4804 Ἐνῆν
621 4731 678 4788 δὲ
707 4739 784 4806 τῷ
814 4731 1152 4809 γραμματίῳ
1181 4729 1271 4785 καὶ
1303 4727 1448 4784 ἄλλα
1481 4729 1575 4802 μὲν
1627 4727 1727 4781 ὃσα
1773 4727 1800 4781 ὁ
1849 4727 2036 4802 καιρὸς
2084 4725 2335 4783 έπέταττε
2385 4729 2520 4783 κατᾶ
2565 4723 2734 4802 μηδὲν
2775 4723 3336 4806 ἀκριϐολογούμενος,
3369 4727 3516 4786 ἀλλᾶ
3547 4728 3618 4804 δὴ
3647 4731 3734 4786 καὶ
3769 4731 3832 4786 τὸ

427 4831 869 4900 καταπραφῆναι
898 4821 964 4878 τὰ
994 4821 1228 4900 φρούρια
1254 4821 1316 4876 τό
1347 4839 1406 4875 τε
1438 4817 1735 4893 Δορύλαιον
1769 4817 1856 4872 καὶ
1889 4817 1950 4874 τὸ
1983 4811 2278 4876 Σούϐλεον.

502 4915 650 4969 247
709 4912 943 4967 Manuel
998 4927 1131 4968 cum
1165 4927 1364 4982 pacem
1398 4907 1546 4965 nihil
1595 4907 1942 4964 insidiarum
1975 4907 2072 4962 ha-

2257 4907 2446 4967 Οὕτως
2473 4904 2566 4960 οὖν
2593 4905 2838 4982 εὖρηκὼς
2896 4908 2990 4962 τὸν
3029 4903 3311 4984 Βάρϐαρον
3351 4907 3416 4964 τὰ
3447 4910 3583 4984 πρὸς
3611 4909 3833 4982 εἷρτςνην

435 5003 572 5060 bere
599 5005 658 5057 et
715 5000 940 5057 sincere
997 5017 1194 5057 secum
1243 5015 1414 5073 agere
1467 4997 1786 5056 Barbarum
1839 4997 2072 5066 videret,

2187 4992 2410 5064 ἀληθῶς
2437 4993 2752 5067 λαλήσαντα
2795 4997 2886 5052 καὶ
2939 4999 3012 5070 μή
3065 4996 3146 5054 ἐπ’
3197 4999 3366 5074 ὀργὴν
3415 4996 3612 5062 δόλους
3645 4995 3836 5054 διαλο-

435 5091 550 5148 alia
579 5091 670 5146 via
700 5090 940 5145 domum
967 5090 1154 5145 redire
1181 5089 1455 5157 instituit,
1487 5091 1554 5142 ut
1581 5092 1878 5157 aspectum
1907 5087 2072 5142 inter«

2187 5083 2500 5160 γιζόμενον,
2534 5085 2764 5160 αἱρεῖται
2823 5082 2893 5140 δι’
2949 5083 3128 5158 ἄλλης
3185 5085 3315 5142 ὀδοῦ
3367 5093 3704 5162 πορευθῆναι
3741 5089 3834 5144 καὶ

431 5181 710 5238 tectorum
741 5177 1074 5234 declinaret.
1099 5179 1172 5233 At
1207 5178 1310 5234 vim
1341 5178 1520 5233 duces
1547 5177 1622 5233 ob
1656 5177 1714 5234 id
1745 5175 1944 5248 ipsum
1975 5191 2072 5246 po-

2193 5175 2268 5246 μή
2325 5174 2426 5242 τὴν
2483 5174 2652 5245 αὐτὴν
2703 5174 3092 5251 ἀναμετρήσιιν
3146 5174 3298 5242 αὖθις
3355 5177 3421 5246 ἢν
3452 5171 3666 5232 ἰϐάδισε
3695 5177 3832 5250 πρό-

432 5267 734 5325 tissimum
761 5267 962 5322 eodem
1022 5281 1158 5322 eum
1199 5266 1578 5334 reducebant,
1609 5268 1678 5320 ut
1717 5263 2072 5321 miserabilia

2185 5281 2370 5334 τερον,
2427 5261 2669 5318 ἐκκλῖναι
2734 5265 2864 5327 τοὺς
2917 5265 3178 5328 πεσόντας
3229 5265 3582 5340 βουλόμενος.
3641 5267 3710 5325 Oi.
3777 5267 3834 5321 δὲ

431 5358 532 5414 illa
561 5355 898 5430 spectacula
926 5355 1110 5412 oculis
1138 5354 1486 5424 intueretur,
1517 5371 1646 5427 quea
1675 5353 1914 5426 quidem
1948 5352 2072 5408 nul-

2188 5353 2288 5424 τῇς
2349 5348 2481 5407 ὁδοῦ
2531 5352 2799 5429 ἡγεμόνες
2846 5355 2964 5409 κατ’
2993 5351 3125 5410 αὐτὸ
3171 5357 3333 5410 τοῦτο
3369 5353 3582 5429 μᾶλλον
3615 5353 3702 5412 ἐπὶ
3733 5357 3832 5426 τήν

1756 5509 1950 5580 Hier.
2003 5507 2256 5578 Wolﬁi
2307 5512 2524 5580 notae.

513 5649 590 5722 (2)
649 5645 852 5723 Nescio
875 5645 1052 5723 __quid
1085 5645 1190 5703 hoc
1232 5645 1397 5723 Esive
1426 5661 1690 5723 sccmm_a
1729 5645 1846 5701 sive
1877 5661 2076 5723 σαρκαο
2187 5643 2611 5723 pallentem_,an
2633 5651 2997 5723 veroinnuat
3017 5665 3201 5723 aurea
3221 5667 3385 5708 arma
3413 5651 3842 5723 periculosiora

441 5716 604 5796 σμὸς,
635 5719 748 5776 sibi
803 5716 960 5788 velit,
993 5723 1190 5776 utrum
1222 5719 1408 5774 rideat
1435 5716 1757 5774 Manuslem
1807 5723 1868 5770 ut
1915 5716 2076 5771 metu
2187 5733 2316 5778 esse
2345 5716 2577 5788 ferreis,
2611 5721 2768 5789 quod
2801 5738 2902 5792 spe
2931 5721 3146 5791 praedm
3177 5723 3380 5794 plures
3411 5716 3696 5779 alliciant.
