4140 6290
345 361 468 424 531

358 495 540 553 ἐκεῖσε
598 493 860 569 προῆγον,
931 487 1005 547 ’ίν’

370 581 634 660 βασιλεὺς
690 583 754 637 τὰ
806 577 1129 655 οἰκτρότατα
1187 577 1364 636 ἔκεῖνα
1421 576 1681 650 θεάματα.
1743 578 1845 634 Καὶ
1913 578 2018 652 γὰρ

369 675 438 744 ἦν
476 671 697 742 ἀληθῶς
745 666 987 742 δακρύων
1048 668 1170 738 ἄξια
1223 668 1289 724 τὰ
1348 667 1619 741 ὁρώμενα,
1652 666 1686 735 ἢ
1719 665 2014 737 ἀληθέστε·

375 783 466 839 ρον
493 761 659 816 εἰπεῖν
692 759 863 831 μείζω
907 761 1000 816 τοῦ
1049 754 1487 824 ἀνακλαυσθῇναι
1517 753 1608 811 διὰ
1635 755 1696 812 τὸ
1725 759 1822 810 τοῦ
1847 759 2017 812 κακοῦ

372 851 614 924 μέγεθος.
661 847 731 903 Αἳ
788 867 848 904 τε
892 848 997 921 γὰρ
1057 847 1331 924 φάραγγες
1386 845 1463 908 είς
1517 842 1768 900 ίσόπεδον
1800 839 2014 901 ἀνέϐαιο

364 961 477 1011 νον,
523 939 614 993 καὶ
670 937 719 992 οἱ
761 933 1012 999 κοιλάδες
1052 935 1127 999 εἷς
1185 933 1464 997 κολωνοὺς
1509 933 1889 1010 ἆνηγείροντο,
1926 933 2015 990 καὶ

357 1028 426 1086 τὰ
490 1025 635 1098 ἄλση
694 1031 813 1088 τοῖς
871 1026 1223 1099 θνησιμαίοις
1300 1022 1655 1081 ἐκεκάλυπτο.
1716 1028 1893 1086 ’Ἅπας
1961 1021 2018 1080 δὶ

360 1116 604 1190 κείμενος
653 1115 946 1190 ἀποσυρείς
1000 1115 1070 1183 ἦν
1127 1112 1190 1170 τὸ
1248 1111 1423 1189 δερμα
1473 1120 1576 1183 τῆς
1629 1111 1871 1191 κεφαλῆς
1918 1117 2013 1186 (3),

359 1204 562 1264 πολλοὶ
631 1202 690 1261 δὶ
754 1204 847 1261 καὶ
912 1201 1038 1268 τοὺς
1109 1201 1442 1282 ἰθυφάλλους
1515 1201 2012 1273 ἀπεκαυλίσθησαν.

358 1293 615 1370 Ἐλέγετο
662 1289 719 1347 δὲ
759 1290 887 1355 τοὺς
921 1290 1126 1366 Πέρσας
1171 1294 1340 1348 τοῦτο
1398 1290 1782 1371 τεχνάσασθαι,
1814 1291 1901 1345 ἳνα
1937 1293 2013 1364 μὴ

1403 355 1503 414 DE
1545 354 1933 418 MANUELE
1977 353 2365 416 COMNENO
2407 355 2556 415 LIB.
2603 355 2706 416 Vl.

1089 489 1398 568 ὀφθαλμοῖς
1469 485 1695 552 οῗκείοις
1751 485 2014 562 ἐπόψοιτο

2131 487 2201 546 lis
2257 489 2530 562 lacrymis
2580 489 2727 547 atis
2764 488 3054 560 deplorari
3105 491 3347 560 queant.
3379 488 3526 545 Nam
3573 490 3773 548 fauces

3657 356 3778 420 538

2122 585 2435 651 exmquatm
2485 583 2674 644 erant,
2721 578 2900 635 valles
2940 578 2998 634 in
3048 577 3310 634 tumulos
3361 579 3768 651 assurgebant,

2124 669 2310 726 saltus
2341 669 2718 726 cadaveribus
2754 668 3184 742 operiebantur.
3233 669 3550 724 Prostratis
3580 669 3772 726 omni-

2124 759 2236 815 bus
2278 760 2430 815 cutis
2459 761 2666 829 capitis
2696 760 2956 814 detracta
2987 763 3132 822 erat,
3165 757 3467 814 nonnullis
3497 759 3771 830 pudenda

2123 848 2299 904 etiam
2335 849 2590 919 precise.
2635 848 2766 904 Ideo
2801 849 3016 903 factum
3049 865 3081 902 a
3112 847 3300 902 Persis
3348 846 3673 914 dicebatur,
3709 852 3772 905 ut

2123 936 2490 994 circumcisis
2536 954 2570 992 a
2621 936 2970 993 Christianis
3013 953 3129 992 non
3184 935 3478 992 distinctis
3528 937 3770 995 victoria

2123 1041 2338 1096 anceps
2368 1030 2561 1093 esset;
2597 1041 2730 1082 nam
2761 1041 2830 1082 ex
2862 1031 3107 1096 utroque
3133 1024 3390 1080 exercitu
3425 1023 3591 1080 multi
3622 1025 3770 1082 ceci-

2123 1115 2348 1171 derant.
2405 1115 2582 1172 Nemo
2630 1115 2810 1186 igitur
2842 1113 3118 1186 prrsteriit
3160 1113 3304 1185 quin
3347 1112 3774 1170 lamentaretur

2122 1209 2182 1261 et
2211 1203 2562 1260 nominatim
2595 1203 2912 1260 familiares
2958 1206 3133 1274 atque
3164 1203 3384 1259 amicos
3417 1219 3558 1260 suos
3590 1203 3771 1260 inter-

2125 1293 2308 1350 fectos
2339 1293 2739 1364 compellaret.

364 1388 461 1442 τοῦ
518 1377 858 1457 ἆκροϐύστου
916 1382 946 1438 ὁ
1002 1379 1373 1457 εμπερίτομος
1427 1376 1811 1436 διαστέλλοιτο
1868 1381 1956 1436 καὶ
2014 1382 2048 1448 ἡ
2107 1380 2231 1451 νίκη
2292 1379 2465 1443 οὕτως
2525 1381 2610 1450 εἲη
2656 1379 2982 1456 ἆμφιπαλής
3029 1381 3120 1436 καὶ
3169 1380 3537 1454 ἀμφήριστος,
3586 1379 3661 1440 ὡς
3713 1379 3764 1450 ἐξ

363 1471 628 1545 ἑκατέρων
677 1471 785 1526 τῶν
835 1467 1218 1546 στρατοπέδων
1267 1463 1722 1539 καταϐληθέντων
1767 1467 2019 1527 πολλῶν.
2071 1467 2262 1533 Οὐδεὶς
2306 1469 2488 1525 τοίνυν
2542 1469 2718 1548 χωρὶς
2769 1466 3016 1544 δακρύων
3083 1469 3172 1524 καὶ
3227 1474 3547 1542 στεναγμῶν
3612 1466 3773 1522 ἀντὶ-

369 1561 668 1638 παρῆλθεν,
726 1557 874 1617 ἀλλὰ
926 1562 1066 1635 μέγα
1121 1559 1316 1624 πάντες
1388 1557 1716 1616 ἀνέκλαυσαν
1799 1557 1888 1614 καὶ
1965 1559 2226 1633 ὀνομαστὶ
2299 1557 2424 1621 τοὺς
2481 1554 2844 1622 ἀπολωλότας
2900 1559 3145 1634 ἑταίρους
3199 1559 3289 1615 καὶ
3339 1559 3588 1629 συνήθεις
3645 1553 3771 1612 ἒκᾶ-

369 1653 552 1710 λεσαν.

437 1739 598 1798 Ἀλλ’
629 1740 856 1798 ἐνταῦθα
905 1743 1002 1794 τοῦ
1033 1737 1216 1814 λόγου
1246 1739 1555 1814 γενόμενος.
1590 1736 1762 1794 ἐκεῖνο
1791 1733 1908 1816 ἔχω
1939 1738 2019 1795 εἰ-

2199 1743 2315 1797 Ηοο
2346 1741 2472 1798 loco
2503 1740 2646 1796 illud
2700 1741 2759 1796 in
2792 1747 3042 1797 mentem
3087 1740 3232 1796 mihi
3263 1740 3439 1807 venit,
3471 1755 3563 1795 res
3614 1739 3772 1794 futu-

362 1834 506 1899 πεῖν,
539 1828 614 1892 ὡς
649 1825 1022 1904 δυσφύλακτον
1047 1828 1110 1886 τὸ
1143 1825 1350 1903 μὲλλον
1374 1833 1490 1890 τοῖς
1519 1828 1825 1904 ἀνθρώποις
1854 1829 2016 1900 ἡμῖν,

366 1919 456 1976 καὶ
514 1917 614 1974 ούκ
668 1915 728 1972 ἄν
786 1937 870 1979 τις
924 1915 1126 1992 ῥᾳδίως
1185 1915 1479 1990 ἐξαναλύξῃ
1529 1917 1593 1972 τὸ
1645 1915 1819 1987 ἰπιὸν,
1860 1917 1904 1973 εἰ
1940 1918 2016 1990 μή

361 2014 441 2083 τῷ
467 2009 530 2065 τὸ
562 2013 716 2066 Θεῖοι
747 2007 807 2064 ἐκ
851 2005 1110 2082 λιπαρίας
1164 2006 1392 2073 ἰλεωθὶν
1446 2007 1724 2064 ἀπώσαιτο
1761 2008 1832 2064 τὰ
1875 2004 2021 2063 δεινᾶ

365 2103 402 2172 ἢ
449 2099 510 2157 in
557 2099 756 2158 τούτου
808 2097 886 2161 εἶς
943 2101 1105 2156 τοῦτο
1165 2097 1504 2173 μετακλινεῖ,
1558 2099 1926 2174 καταμιγνύον
1956 2099 2018 2154 τὸ

368 2197 468 2260 τῆς
499 2192 766 2262 κινήσεως
815 2189 1104 2268 ἀκραιφνὶς
1161 2190 1251 2244 καὶ
1305 2193 1384 2261 τῷ
1441 2188 1811 2266 φιλανθρώπῳ
1841 2209 2022 2260 καπη-

367 2278 525 2337 λεῦον
582 2280 647 2338 τὸ
704 2279 960 2355 ἄκρατον.
1019 2277 1285 2339 Βασιλεὺς
1361 2276 1464 2354 γὰρ
1530 2277 1691 2348 ἡνίκα
1756 2278 1822 2347 ἦν
1885 2278 2021 2335 κατὰ

371 2373 590 2442 Περσῶν
641 2367 1011 2442 ἰκστρατεύειν
1058 2366 1418 2442 προθέμενος,
1459 2367 1632 2424 ἐδόκει
1670 2368 1788 2424 καθ’
1819 2366 2019 2429 ὕπνους

371 2459 499 2534 ὀρᾷν
557 2457 632 2522 ὡς
687 2457 763 2520 είς
821 2454 1152 2533 στρατηγίδα
1207 2463 1313 2527 νῆα
1371 2453 1543 2531 ἐμϐὰς
1600 2456 1760 2520 αὐτός
1817 2477 1875 2512 τε
1929 2457 2020 2512 καὶ

376 2549 558 2625 συχνοὶ
606 2552 718 2604 τῶν
778 2544 1100 2617 ἐπιτηδείων
1161 2548 1259 2617 τήν
1323 2544 1662 2622 Προποντίδα
1713 2546 2018 2621 ἀνελέγετο,

375 2639 565 2714 αἴφνης
617 2634 673 2693 δὶ
732 2641 1024 2710 συμπεσεῖν
1097 2637 1166 2691 τὰ
1235 2635 1289 2707 ἐξ
1355 2636 1630 2711 Εὐρώπης
1693 2636 1784 2690 καὶ
1839 2635 2022 2698 Ἀσίας

373 2723 502 2798 ὄρη,
549 2725 625 2786 ὥς
684 2725 1039 2802 ἀφανισθῆναι
1101 2725 1195 2795 μὲν
1256 2729 1356 2793 τῆς
1411 2724 1542 2794 νηὸς
1573 2721 1927 2797 θραυσθείσης
1961 2722 2021 2779 τὸ

383 2814 620 2884 ἔμπλεον
653 2809 814 2884 ἅπαν,
875 2812 1034 2870 αὐτὸν
1097 2809 1152 2868 δὲ
1213 2811 1377 2886 μόλις
1419 2810 1708 2882 ἐκδοθῆναι
1737 2817 1806 2887 τῇ
1839 2811 2023 2887 χέρσῳ

385 2907 505 2962 ταῖς
536 2903 689 2975 χερσὶ
738 2902 1063 2977 νηχόμενον.
1119 2904 1252 2960 Καθ’
1299 2904 1359 2972 ἢν
1412 2899 1470 2958 δὲ
1517 2899 1724 2976 ἡμέραν
1765 2906 1872 2958 τῶν
1904 2901 2025 2957 ἐπι-

387 2989 604 3067 σφαλῶν
658 2989 868 3046 ἐκείνων
922 2986 1170 3047 ἐπέϐαινε
1225 2987 1453 3066 τρίϐων,
1497 2991 1631 3065 ἀνήρ
1664 3011 1747 3053 τις
1785 2988 2026 3066 προσελ-

381 3079 488 3142 θὼν
553 3081 636 3153 [Ρ.
670 3083 792 3154 124]
847 3080 995 3153 αὐτῷ
1055 3079 1378 3156 δίγλωττος,
1436 3081 1498 3136 τὸ
1545 3081 1696 3156 γένος
1727 3081 2021 3154 Ῥωμαῖος,

2124 1847 2222 1886 ras
2252 1829 2568 1887 difficulter
2597 1830 2667 1886 ab
2708 1829 3046 1887 hominibus
3077 1845 3249 1901 posse
3282 1828 3612 1900 praecaveri,
3670 1843 3771 1883 ne-

2123 1937 2237 1991 que
2292 1919 2458 1976 facile
2511 1935 2862 1991 quemquam
2919 1918 3176 1990 pericula
3234 1917 3386 1974 248
3433 1932 3772 1983 evasurum,

2125 2010 2236 2066 nisi
2289 2008 2532 2065 numine
2561 2014 2792 2065 exorato
2842 2008 3123 2064 divinitus
3172 2007 3541 2065 custodiatur
3586 2005 3770 2062 malo-

2125 2115 2373 2171 rumque
2413 2099 2674 2156 levamen
2721 2098 3013 2170 impetret.
3069 2097 3217 2153 Nam
3266 2098 3602 2170 imperator,
3634 2112 3769 2152 cum

2126 2189 2316 2246 Persis
2370 2189 2580 2246 inferre
2609 2188 2828 2245 bellum
2887 2189 3210 2256 statuisset,
3264 2189 3323 2243 in
3373 2187 3598 2244 somnis
3659 2186 3775 2242 sibi

2125 2280 2285 2335 visus
2317 2284 2406 2335 est
2435 2295 2757 2335 conscensa
2802 2278 3176 2351 imperatoria
3206 2294 3350 2334 nave
3381 2293 3515 2333 cum
3566 2275 3770 2332 multis

2126 2368 2512 2426 familiaribus
2544 2368 2914 2441 Pr0pontidis
2955 2384 3116 2424 oram
3150 2367 3378 2439 legere;
3412 2367 3606 2423 subito
3638 2381 3770 2421 vero

2125 2459 2362 2529 Europae
2392 2462 2450 2513 et
2477 2456 2623 2513 Asiae
2653 2462 2878 2513 montes
2913 2457 3258 2523 concidisse,
3281 2457 3568 2526 tractaque
3602 2470 3766 2523 nave,

2125 2549 2346 2604 cmteris
2374 2548 2652 2605 omnibus
2685 2548 2960 2616 sublatis,
2996 2565 3058 2602 se
3092 2547 3180 2602 vix
3215 2547 3487 2602 manibus
3516 2547 3573 2600 in
3608 2545 3772 2600 littus

2125 2643 2411 2694 enatasse.
2447 2640 2569 2704 Quo
2609 2643 2804 2693 autem
2837 2637 2930 2692 die
2963 2638 3321 2707 periculosas
3353 2635 3486 2691 illas
3529 2635 3652 2690 vias
3685 2634 3776 2688 in—

2127 2743 2436 2798 gressurus
2464 2731 2606 2789 erat,
2658 2725 2833 2780 homo
2865 2724 3106 2796 quidam
3152 2724 3402 2778 duarum
3438 2724 3767 2794 linguarum

2129 2816 2369 2888 peritus,
2386 2813 2945 2879 nationeRomanus,
2963 2817 3349 2885 cognomento
3372 2810 3768 2881 MaurOpulus,

2126 2906 2175 2960 ei
2210 2905 2355 2959 dixit
2384 2920 2447 2960 se
2476 2905 2666 2959 visum
2699 2905 2759 2959 in
2790 2903 3011 2958 somnis
3060 2902 3190 2974 Cyri
3220 2900 3402 2957 aed3m
3434 2901 3681 2973 ingredi,
3712 2905 3770 2956 et

2125 2995 2261 3050 dum
2294 2993 2641 3050 Genitricem
2674 2993 2774 3049 Dei
2820 2992 3092 3064 placaret,
3129 3008 3327 3047 vocem
3362 3007 3431 3045 ex
3459 3007 3524 3046 ea
3555 2991 3772 3047 editam

2128 3083 2348 3151 audire,
2382 3099 2510 3154 quea
2541 3083 2794 3138 diceret:
2830 3104 2856 3131 ‹‹
2886 3086 3053 3137 Nunc
3084 3081 3143 3136 ir:
3176 3097 3411 3137 summo
3434 3079 3776 3136 discrimine

374 3168 681 3239 τοὺπίκλην
737 3168 1162 3244 Μαυρόπουλος,
1221 3167 1371 3239 δόξαι
1427 3170 1481 3225 οἱ
1535 3167 1699 3250 ἔφατο
1737 3171 1855 3224 κατ’
1889 3169 2016 3246 ὅναρ

2131 3153 2755 3242 νει-ςαιυιίίωρετειίοιυ,
2786 3175 2843 3227 et
2871 3171 3006 3242 quis
3036 3171 3088 3226 ei
3147 3187 3272 3226 meo
3323 3170 3561 3226 nomine
3610 3185 3778 3240 opem

375 3256 468 3311 τὸν
519 3255 578 3312 ἐκ
626 3262 723 3312 τοῦ
792 3258 972 3332 Κύρου
1052 3256 1385 3333 παρώνυμον
1445 3257 1568 3312 ναὸν
1625 3254 1908 3327 εἰσελθεῖν,
1969 3255 2018 3315 ἰν

375 3343 431 3401 δὲ
454 3351 533 3420 τῷ
563 3345 840 3402 ἱλεοῦσθαί
873 3348 924 3400 οἱ
952 3347 1050 3414 τὴν
1085 3346 1266 3400 εἰκόνα
1305 3354 1407 3416 τῆς
1457 3348 1809 3422 Θεομήτορος
1838 3348 2024 3421 φωνην

377 3433 751 3509 ἐξικνουμένην
853 3433 1054 3499 ἐκεῖθεν
1130 3434 1505 3505 ἐνωτισθῆναι,
1582 3433 1848 3510 λέγουσαν
1952 3435 2027 3498 ὡς

376 3548 403 3576 α
437 3524 664 3598 Ἀρτίως
695 3521 749 3579 ἒν
781 3525 1059 3598 μεγίστοις
1109 3523 1344 3597 μάλιστα
1386 3521 1660 3590 κινδύνοις
1688 3525 1716 3580 ὁ
1748 3525 2024 3599 βασιλεὺς,

372 3613 460 3671 καί
491 3613 572 3676 τίς
629 3611 988 3670 ἀπελεύσεταί
1050 3633 1146 3687 μοι
1194 3615 1372 3688 τούτῳ
1433 3613 1746 3688 συνέριθοςς
1783 3638 1804 3666 ι
1854 3617 2026 3691 Εἰρη-

375 3702 528 3765 κότος
588 3699 646 3758 δὲ
703 3723 846 3766 τινος
908 3703 1152 3778 ἀοράτως
1215 3726 1242 3752 ‹‹
1294 3701 1608 3766 Ἀπελθέτω
1668 3706 1961 3780 Γεώργιος,
1995 3727 2024 3756 ›ι

2133 3260 2324 3320 feret?
2359 3283 2387 3312 ››
2418 3263 2560 3318 Cum
2603 3258 2843 3333 quidam
2875 3276 2942 3315 ex
2971 3261 3216 3315 obscuro
3265 3259 3549 3315 dixisset:
3598 3281 3626 3308 ‹‹
3664 3259 3781 3313 Ab-

2134 3359 2220 3408 eat
2279 3352 2581 3422 Georgius,
2614 3371 2643 3400 ››
2692 3349 2853 3406 illam
2893 3349 3302 3420 respondisse:
3338 3372 3364 3398 ‹‹
3409 3349 3635 3404 Tardus
3684 3347 3778 3402 hic

2135 3448 2240 3496 est.
2276 3462 2304 3490 »
2348 3439 2452 3495 Illo
2504 3439 2716 3495 iterum
2748 3439 3014 3493 dicente:
3064 3461 3090 3487 «
3123 3438 3305 3492 Abeat
3352 3438 3713 3504 Theodorus,
3748 3456 3778 3485 »

2135 3545 2202 3584 eo
2233 3543 2464 3600 quoque
2494 3527 2794 3597 repudiato
2827 3526 3077 3596 denique
3110 3530 3379 3580 maestam
3417 3524 3778 3580 exclamasse

2137 3618 2429 3674 neminem
2480 3618 2702 3671 malum
2734 3614 2816 3670 illi
2855 3613 3172 3669 imminens
3222 3629 3542 3683 praecavere
3585 3627 3780 3684 posse.

2137 3711 2324 3776 Atque
2355 3704 2477 3760 haec
2507 3704 2815 3760 hactenus.

377 3815 402 3843 α
431 3793 623 3862 Νωθής
658 3793 840 3861 οὗτος,
878 3816 904 3842 n
935 3791 1126 3848 εἰπεῖν.
1163 3792 1426 3850 Ιίἀκείνου
1457 3790 1514 3848 δὲ
1540 3791 1707 3850 πάλιν
1740 3793 2142 3867 ἐπενεγκόντος,
2176 3817 2204 3846 ι(
2239 3791 2452 3849 Ἀτιίτω
2484 3789 2786 3864 Θεόδωρος,
2823 3815 2850 3842 ››
2881 3789 3129 3864 καὶπρὸς
3158 3794 3349 3844 τοῦτον
3381 3786 3782 3862 ἄπανήνασθαι,

373 3882 532 3946 τέλος,
552 3879 611 3938 δὲ
644 3881 780 3955 μετᾶ
817 3881 1163 3959 περιαλγείας
1192 3881 1516 3962 φθέγξασθαι
1548 3883 1624 3945 ὡς
1654 3880 1832 3946 οὐδεὶς
1858 3884 2157 3963 προφθάσει
2180 3882 2242 3938 τὸ
2274 3880 2543 3960 φυόμενον
2575 3880 2758 3954 ἐκείνῳ
2786 3882 2972 3938 κακόν.
3007 3881 3109 3937 Καὶ
3136 3884 3302 3935 ταῦτα
3335 3880 3430 3953 μὲν
3468 3877 3631 3938 οὕτω.

437 3973 498 4041 ζ’.
531 3971 683 4030 Μετὰ
746 3968 806 4026 δὲ
859 3972 922 4027 τὸ
981 3966 1382 4040 ὑποκαταϐἧναι
1439 3971 1533 4034 τὰς
1592 3970 1904 4048 δυσχωρίας
1935 3972 2024 4028 ἐν·

371 4060 573 4117 ἔκειντο
603 4061 694 4115 καὶ
726 4059 892 4116 πάλιν
928 4061 980 4116 οἱ
1025 4060 1223 4135 Πέρσαι
1251 4062 1558 4133 Ῥωμαίοις
1585 4061 1646 4118 ἐκ
1673 4067 1780 4118 τῶν
1805 4057 2022 4119 ὄπισθεν

372 4146 809 4227 ἒπιῳιινόμενοι*
847 4149 1141 4222 μεταμέλῳ
1199 4149 1303 4224 γὰρ
1360 4148 1577 4224 ἐλέγετο
1624 4151 1905 4226 πληγῆναι
1935 4152 2026 4208 τὸν

375 4239 584 4313 Πέρσην
637 4237 722 4292 ὅτι
773 4239 834 4292 τὸ
893 4237 945 4294 ἐν
1007 4257 1165 4312 χερσι
1221 4242 1436 4316 παρῆκε
1467 4241 1712 4312 θήραμα,
1744 4239 2023 4306 κάντεῦθεν

372 4323 619 4382 ἐνδοῦναι
675 4331 791 4382 τοῖς
850 4325 1080 4388 οἰκείοις
1135 4325 1312 4383 ἐκεῖνα
1365 4327 1608 4382 ἐπιοῦσιν
1663 4325 2026 4384 ἐνδείκνυσθαι

2209 3972 2298 4030 νι.
2316 3977 2628 4044 Postquam
2645 3977 2835 4028 autem
2857 3987 2924 4027 ex
2938 3972 3225 4042 angustiis
3243 3975 3568 4038 evaserunt,
3594 3970 3779 4025 Persa;

2133 4065 2425 4122 Romanos
2455 4063 2664 4118 iterum
2697 4070 2910 4134 atergo
2943 4066 3081 4118 sunt
3113 4061 3320 4118 adorti.
3351 4060 3583 4117 Persam
3617 4060 3777 4117 enim

2135 4153 2479 4226 pcenituisse
2511 4153 2770 4209 ferebant
2791 4153 2940 4224 quod
2975 4153 3127 4208 249
3161 4156 3424 4222 paratam
3459 4151 3714 4224 praedam
3749 4168 3780 4207 e

2137 4244 2411 4300 manibus
2442 4242 2762 4308 amisisset,
2795 4247 2852 4297 et
2882 4242 3005 4298 suis
3027 4243 3389 4298 concessisse
3421 4249 3484 4297 ut
3510 4241 3784 4297 Romanis

2137 4335 2508 4390 ostenderent
2543 4349 2610 4389 ea
2657 4349 2786 4404 quae
2817 4333 2990 4388 etiam
3043 4341 3175 4388 ante
3211 4348 3410 4404 pacem
3448 4333 3631 4388 facere
3682 4347 3788 4404 po-

372 4415 468 4470 ὅσα
523 4415 615 4471 καὶ
674 4415 779 4489 πρὸ
838 4419 942 4470 τῶν
1003 4412 1250 4471 σπονδῶν
1311 4414 1433 4487 ἐξῆν
1473 4413 1909 4490 διαπράττεσθαι.
1951 4419 2021 4477 Οὐ

2139 4423 2408 4480 tuissent.
2467 4423 2591 4481 Non
2624 4426 2822 4478 tamen
2876 4426 2998 4476 toto
3051 4424 3329 4490 exercitu,
3369 4426 3429 4476 ut
3477 4426 3601 4476 tum
3649 4437 3783 4475 cum

371 4503 592 4561 πανσυδί
642 4502 700 4559 δὲ
747 4504 837 4560 καὶ
887 4505 961 4568 ὡς
1011 4506 1174 4575 ἡνίκα
1223 4505 1290 4560 τὰ
1334 4501 1649 4578 δυσέμϐολα
1680 4507 1865 4582 χωρία
1891 4511 2028 4565 Ῥω-

379 4600 527 4665 μαῖοι
554 4593 876 4670 διήρχοντο,
930 4595 986 4648 οὶ
1043 4597 1280 4666 Τοῦρκοι
1333 4594 1688 4669 παρείποντο,
1719 4594 1865 4652 ἀλλά
1894 4598 2028 4653 κατὰ

371 4681 760 4745 διαλειπούσας
861 4683 1169 4758 συμμορίας
1272 4682 1706 4754 ἐπηκολούθουν·
1799 4687 1851 4740 οἱ
1923 4688 2026 4764 γὰρ

366 4773 643 4848 κράτιστοι
718 4772 805 4828 καὶ
883 4771 1134 4828 πλεῖστοι
1207 4778 1327 4836 ταῖς
1400 4777 1508 4828 τῶν
1598 4775 1810 4830 σκύλων
1884 4775 2023 4846 ὠφε-

369 4860 543 4924 λείαις
617 4865 887 4940 ὶμφορτοι
955 4863 1242 4936 γενόμενοι
1325 4866 1426 4928 τῆς
1510 4860 1696 4919 οἷ’καδε
1760 4866 2027 4939 φερούσης

369 4950 600 5024 ἥψαντο.
637 4949 790 5020 Πλὴν
847 4951 937 5007 καὶ
998 4953 1052 5005 οἱ
1110 4952 1480 5026 παρεπόμενοι
1538 4951 1732 5008 ἐκεῖνοι
1780 4953 2027 5017 πολλοὺς

373 5037 693 5116 διέφθειρον,
755 5043 847 5093 καί
896 5037 1122 5101 τούτους
1176 5040 1416 5097 πάλιστα
1473 5041 1665 5097 ὁπόσοι
1695 5043 2025 5117 τραυματίαι

367 5149 427 5184 τε
457 5130 544 5185 καὶ
593 5129 904 5203 ἀπόμαχοι,
953 5129 1148 5202 καίπερ
1209 5133 1306 5185 τοῦ
1366 5129 1636 5206 βασιλέως
1689 5131 1819 5197 τοὺς
1857 5131 2024 5190 πολε-

370 5222 564 5293 μικοὺς
621 5225 732 5278 τῶν
801 5220 1096 5296 ἡγεμόνων
1166 5221 1252 5276 καὶ
1341 5218 1706 5296 δραστηρίους
1773 5221 2026 5301 ούραγεῖν

2144 4513 2444 4586 angustias
2493 4513 2806 4569 transirent
2855 4511 3120 4578 Romani,
3177 4511 3639 4575 assectabantur,
3683 4510 3786 4564 sed

2135 4619 2204 4658 ex
2226 4602 2546 4658 intervallis
2563 4607 2618 4658 et
2639 4601 2922 4672 sejunctis
2941 4601 3300 4657 cohortibus.
3329 4600 3474 4656 Nam
3501 4599 3784 4669 plerique,

2136 4693 2342 4765 optimi
2374 4693 2591 4766 quique
2623 4693 2964 4764 praesertim,
2999 4691 3296 4748 manubiis
3341 4691 3539 4746 onusti
3576 4691 3782 4747 domos

2137 4800 2278 4840 suas
2304 4785 2658 4852 repetebant.
2693 4781 3090 4838 Nihilominus
3124 4785 3320 4837 tamen
3352 4780 3432 4836 illi
3467 4780 3571 4853 qui
3604 4779 3782 4852 tergis

2135 4871 2499 4927 inhzsrebant
2530 4871 2746 4927 multos
2775 4870 3137 4939 occidebant,
3170 4869 3500 4928 vulneratos
3541 4885 3782 4943 praeser-

2135 4964 2242 5019 tim
2274 4967 2451 5034 atque
2481 4961 2770 5028 imbelles,
2804 4977 3071 5033 quamvrs
3121 4964 3430 5034 imperator
3477 4961 3786 5018 bellicosos

2135 5057 2192 5108 et
2225 5058 2496 5109 strenuos
2529 5051 2708 5109 duces
2738 5058 3066 5109 extremum
3098 5069 3308 5125 agmen
3354 5053 3625 5109 claudere
3649 5053 3787 5122 jus-

2136 5140 2334 5197 sisset.
2357 5139 2470 5198 Ubi
2503 5139 2730 5197 Chonas
2764 5145 3169 5212 pervenerunt,
3193 5141 3407 5212 cupide
3437 5141 3787 5213 quieverunt

2137 5232 2202 5284 ut
2233 5229 2430 5286 hostes
2463 5245 2577 5288 non
2610 5229 2864 5302 amplius
2893 5230 3096 5287 visuri.
3139 5230 3463 5302 Imperator
3490 5245 3622 5286 vero
3652 5227 3783 5284 uni-

1705 5340 1900 5408 Hier.
1943 5342 2194 5411 Wolﬁi
2246 5353 2456 5413 notae.

441 5491 518 5554 (3)
550 5487 657 5541 Hic
707 5484 1330 5555 apertiusrconsilium
1385 5487 1710 5541 Turcorum
1745 5485 2028 5553 declarat,

377 5553 678 5615 ostentare
711 5553 814 5612 eos
843 5553 1115 5620 voluisse,
1164 5557 1397 5613 nullum
1449 5559 1697 5613 Turcam
1729 5557 1832 5612 sed
1862 5557 2028 5612 Chri-

379 5631 598 5686 stianos
631 5626 922 5682 duntaxat
952 5626 1220 5696 periisse.
1245 5628 1390 5692 Quia
1413 5645 1546 5684 vero
1579 5626 1780 5682 Turcis
1811 5626 2028 5686 addere

2143 5491 2424 5563 praeputia
2443 5508 2556 5546 non
2588 5495 2876 5562 poterant,
2900 5492 3247 5547 Christianis
3273 5508 3339 5547 ea
3369 5492 3783 5563 prrscidergnt;

2139 5567 2194 5617 et
2223 5561 2372 5634 quos
2416 5561 2669 5618 viventes
2702 5580 2815 5618 non
2851 5568 3176 5636 potuerant.
3210 5565 3516 5636 defunctos
3547 5562 3605 5616 in
3635 5561 3784 5615 Tur-

2140 5633 2762 5691 castranslormarunt
2791 5633 2994 5706 utique
3025 5633 3260 5690 ludibrii
3293 5649 3488 5689 causa.
