4140 6290
367 312 482 376 539

1677 315 2000 380 NICETJE
2039 312 2462 380 ΟΗΟΝΙΑΤΑΞ

3655 327 3780 397 540

367 451 579 523 cuique
635 451 788 507 male
819 451 1060 508 habenti
1109 456 1382 510 staterem
1415 454 1690 510 viaticum
1753 450 1921 542 dedit
1943 449 2014 542 ad
2049 502 2054 516 ι

2141 447 2501 520 ἐπιτάξαντος.
2553 455 2642 518 Ὦς
2701 453 2758 511 δὶ
2795 459 2932 512 κατὰ
2988 459 3082 522 τάς
3139 463 3340 525 Χώνας
3397 465 3784 542 παρεγένοντο,

371 542 642 596 morbum
675 557 776 612 pro
803 545 1060 612 tempore
1091 544 1436 610 curandum,
1469 544 1685 600 Cbonis
1721 538 2014 598 Philadel-

379 629 576 702 phiam
611 629 934 698 descendit,
965 637 1139 702 atque
1169 631 1246 686 ibi
1287 633 1354 688 ad
1389 633 1776 688 valetudinem
1811 649 1844 687 a
1889 629 2028 686 belli

380 718 660 773 aerumnis
719 720 1094 774 recreandam
1140 720 1362 792 aliquot
1418 721 1544 778 dies
1601 725 2026 787 commoratus,

381 803 696 878 praemissis
724 805 782 861 in
803 807 1004 862 urbem
1042 809 1262 866 nuntiis
1289 817 1585 882 acceptam
1617 811 1842 866 cladem
1879 809 2027 880 Cpo-

378 894 578 950 litanis
631 911 732 964 per
779 893 1005 951 litteras
1065 897 1450 969 signiﬁcavit;
1496 900 1554 954 in
1605 898 1822 970 quibus
1871 911 2030 952 nunc

377 981 530 1038 idem
566 983 678 1038 sibi
709 984 863 1054 quod
915 983 1178 1042 Romano
1211 987 1450 1056 Diogeni
1481 987 1767 1044 accidisse
1813 1001 2026 1057 quere-

375 1072 572 1138 batur,
623 1071 720 1144 qui
757 1071 909 1128 bello
938 1077 1271 1130 Sarracenis
1321 1075 1480 1132 illato
1513 1092 1786 1148 magnam
1831 1073 2028 1144 copia-

379 1179 510 1218 rum
545 1167 766 1232 partem
797 1163 1092 1220 amisisset
1115 1169 1172 1220 et
1203 1165 1328 1238 ipse
1358 1172 1564 1236 captus
1593 1167 1836 1221 luisset:
1875 1179 2028 1218 nunc

381 1251 738 1308 sultanicum
801 1251 988 1308 fmdus
1041 1255 1196 1311 250
1239 1255 1572 1323 extollebat,
1617 1261 1674 1310 et
1724 1254 2028 1310 sultanum

377 1355 578 1412 pacem
635 1341 940 1410 expetiisse
983 1343 1255 1412 jactabat,
1313 1361 1485 1400 aurea
1525 1344 1680 1400 bulla
1721 1344 2028 1412 consigna-

379 1435 494 1484 tam
529 1429 852 1500 pactionem
901 1437 1222 1500 ostentans,
1256 1450 1289 1488 a
1335 1433 1564 1488 sultano
1611 1431 2027 1502 subscriptam,

381 1517 548 1588 quasi
573 1522 730 1574 metu
765 1518 824 1574 id
844 1519 1092 1575 fecisset.
1113 1520 1507 1576 Nihilominus
1529 1527 1720 1576 tamen
1746 1519 2026 1575 Subleum

380 1606 442 1662 in
472 1606 726 1662 transitu
776 1625 842 1663 ex
878 1609 1094 1664 sultani
1139 1610 1434 1666 voluntate
1470 1611 1669 1678 diruit,
1701 1609 1802 1666 sed
1851 1609 2028 1679 Dorye

381 1695 550 1752 laeum
609 1713 1002 1768 nequaquam.
1056 1698 1244 1763 Quare
1291 1716 1324 1754 a
1372 1699 1608 1756 sultano
1663 1715 1760 1769 per
1809 1696 2030 1770 legatos

2133 536 2360 610 ἅσμενοι
2423 539 2592 598 ἐκεῖσε
2647 545 2709 599 τὸ
2765 547 2890 620 γόνυ
2945 543 3209 624 ἔκαμψαν,
3271 551 3347 614 ὠς
3415 536 3592 608 οὐκέτι
3659 555 3786 620 τοὺς

2131 628 2435 704 πολεμίους
2467 631 2748 706 ὀψόμενοι.
2797 635 3024 692 Βασιλιῖ
3053 635 3110 693 δὲ
3139 640 3228 694 καὶ
3263 641 3462 696 τούτου
3493 641 3784 716 ἐμέλησεν,

2133 717 2341 791 ἑκάστῳ
2405 726 2758 798 καχεκτοῦντι
2823 733 3062 800 στατῆρα
3148 725 3426 786 διαδοῦναι
3499 731 3786 808 ἀργύρεον,

2132 808 2457 880 νοσοκομίας
2505 807 2720 885 ἐφόδιον
2769 813 3124 888 πρόσκαιρον.
3159 813 3410 882 Καταϐἁς
3443 816 3502 875 δὲ
3531 821 3606 882 εἷς
3647 825 3788 878 Φιλ-

2134 892 2421 970 αδέλφειαν
2481 899 2689 972 ἡμέρας
2757 903 2908 963 τινας
2983 901 3156 960 ἐκεῖσε
3209 903 3477 982 διότριψε,
3539 911 3637 978 τήν
3691 915 3789 967 τοῦ

2136 987 2391 1058 σώματος
2469 985 2704 1044 διάθεσιν
2789 991 3190 1066 ἀνακτώμενος,
3266 998 3650 1072 καθῃρημένην
3709 1004 3790 1062 οἷς

2135 1073 2413 1165 ἐπεπόνθει
2465 1079 2601 1133 κατά
2639 1079 2751 1165 -τὸν
2805 1079 3075 1154 πόλεμον.
3139 1085 3538 1160 Προεκπέμψας
3593 1087 3640 1144 δ’
3695 1089 3794 1165 ἀγ-

2134 1163 2334 1240 γέλους
2388 1167 2456 1221 τά
2509 1163 2896 1240 συμϐεϐηκότα
2954 1175 3123 1227 ταῦτα
3169 1179 3288 1235 τοῖς
3345 1163 3792 1234 Κωνσταντινοιι-

2133 1253 2388 1316 πολίταις
2419 1257 2674 1330 παρίστα,
2705 1257 2796 1312 νῦν
2827 1259 2922 1331 μὲν
2951 1269 3265 1332 ταυτοπαθῆ
3297 1284 3418 1328 πως
3449 1266 3635 1322 ἑαυτὸν
3663 1269 3795 1326 Ῥω-

2139 1347 2292 1415 μανῷ
2321 1347 2400 1416 τῷ
2423 1345 2660 1420 Διογένει
2689 1349 3096 1422 κατονομάζων,
3121 1350 3237 1405 ἐπεὶ
3269 1353 3360 1407 καὶ
3389 1355 3545 1420 οὗτος
3575 1357 3604 1410 ὁ
3637 1357 3796 1432 βασι-

2136 1431 2260 1495 λεὺς
2283 1433 2418 1488 κατᾶ
2441 1438 2548 1490 τῶν
2581 1437 2832 1510 Τούρκων
2867 1437 3156 1514 ἐξενεγκὼν
3187 1461 3322 1496 ποτε
3367 1441 3617 1516 πόλεμον
3639 1431 3708 1500 τό
3737 1467 3796 1500 τε

2133 1521 2278 1579 πολὺ
2325 1531 2427 1594 τῆς
2475 1531 2728 1602 στρατιᾶς
2772 1523 3082 1586 ἀπεϐάλετο
3135 1531 3227 1586 κάῖ
3261 1534 3428 1598 αὐτὸς
3463 1535 3796 1612 συλληφθεὶς

2135 1613 2363 1689 ἀπήχθη
2425 1614 2814 1692 αἷτχμάλωτος,
2883 1621 2974 1672 νῦν
3035 1616 3093 1674 δὲ
3148 1622 3246 1684 τὰς
3307 1625 3444 1696 μετᾶ
3499 1629 3598 1680 τοῦ
3638 1625 3804 1681 σουλ-

2135 1702 2300 1758 τάνου
2359 1701 2590 1768 σπονδὰς
2649 1705 3011 1782 [ὑπεξαίρωη
3095 1709 3185 1764 καὶ
3269 1713 3512 1768 κάτωθεν
3567 1717 3645 1782 (4)
3701 1719 3802 1784 τῆς

383 1784 670 1858 pactionis
711 1794 796 1840 est
839 1787 1201 1858 admonitus,
1245 1788 1446 1844 mirari
1495 1803 1556 1844 se
1595 1788 1824 1842 dicente
1871 1786 2027 1856 quod

2141 1791 2328 1846 ἑαυτοῦ
2385 1793 2624 1864 σημαίας
2685 1793 3186 1870 μεγαλορῥημονῶν
3247 1799 3409 1862 αὐτὰς
3455 1808 3804 1875 περατῶσαι,

385 1872 704 1945 Dorylasum
759 1875 1018 1930 nondum
1049 1891 1315 1931 eversum
1365 1883 1536 1932 esset.
1600 1876 1702 1932 Ille
1759 1891 1910 1942 vero,
1962 1891 2026 1930 se

383 1979 591 2036 parum
623 1979 691 2018 ea
719 1979 920 2019 curare
959 1980 1087 2035 quia
1138 1965 1482 2021 necessitate
1513 1965 1668 2020 facta
1696 1968 1886 2020 essent
1929 1979 2018 2020 re-

384 2053 700 2122 spondens,
745 2051 990 2122 Dorylaai
1039 2054 1330 2108 avertendi
1377 2054 1732 2109 mentionem
1793 2052 2033 2108 minime

381 2141 626 2204 ferebat,
650 2139 811 2196 illam
837 2141 1044 2211 opinor
1073 2147 1289 2212 partem
1324 2143 1584 2214 Delphici
1619 2143 1860 2210 oraculi,
1883 2143 2034 2214 quod

388 2229 688 2300 Epicyuidi
719 2234 809 2286 est
837 2231 1154 2297 redditum,
1187 2237 1419 2288 secutus
1445 2248 1458 2288 :

455 2346 613 2412 Iura,
644 2361 792 2402 mors
822 2348 978 2419 rapit
1035 2346 1128 2403 hos
1156 2348 1348 2418 etiam,
1382 2349 1482 2421 qui
1533 2349 1740 2420 [altera
1771 2357 2033 2416 servant;

388 2481 456 2521 ea
483 2480 620 2521 vero
653 2481 784 2537 quae
813 2472 1139 2538 sequuntur
1170 2467 1458 2542 neglexit:

382 2586 771 2654 Jurisjurandi
799 2585 894 2642 sed
921 2585 1046 2656 filia
1077 2589 1318 2642 nominis
1347 2603 1572 2657 expers,

387 2657 599 2712 Trunca
609 2657 806 2730 pedum
816 2675 1209 2730 manuumque,
1225 2661 1514 2716 celerrima
1533 2658 1624 2714 sed
1641 2667 1824 2730 tamen
1837 2658 2029 2720 instat,

384 2729 1251 2802 Persequiturqueiurandum
1277 2733 1505 2802 stirpem
1533 2729 1787 2802 funditus
1814 2743 2032 2786 omnem

387 2801 660 2856 Hauserit.
695 2803 770 2856 At
801 2801 1009 2857 soboles
1037 2801 1310 2856 servantis
1339 2801 1542 2870 [cetera
1572 2803 1730 2872 ﬂoret

385 2877 514 2927 Post
541 2872 746 2928 obitum
773 2875 970 2943 magis,
1003 2875 1064 2928 in
1092 2889 1240 2929 seros
1271 2873 1520 2930 rediviva
1551 2875 1782 2944 nepotes.

2135 1879 2324 1956 ἀνέμῳ
2355 1883 2812 1956 ἀναπεπταμένης
2871 1885 2958 1940 καὶ
3019 1887 3158 1960 πρὸς
3213 1889 3274 1944 τὸ
3333 1894 3438 1944 τῶν
3489 1889 3802 1948 ἀντιπάλων

2135 1973 2438 2050 ἀφορώσης
2471 1972 2723 2046 μέτωπον
2755 1972 2832 2036 ὡς
2879 1968 3052 2052 φόϐον
3103 1975 3440 2034 ἀντιπίπτειν
3472 1979 3560 2035 καὶ
3587 1983 3793 2055 τρόμον

2153 2063 2362 2125 αὐτοῖς.
2395 2060 2474 2118 Ού
2527 2061 2635 2134 μὴν
2693 2060 2839 2116 ἀλλὰ
2893 2063 2957 2118 τὸ
3017 2065 3113 2136 μὶν
3169 2061 3441 2122 Σούϐλεον
3473 2069 3798 2144 ἐπιπαριὼν.

2143 2153 2278 2209 κατὰ
2328 2153 2390 2208 τὸ
2449 2150 2730 2224 σουλτάνῳ
2797 2149 2992 2207 δοκοῦν
3041 2151 3202 2218 αὐτὸς
3247 2157 3519 2232 καθαιρεῖ,
3551 2159 3613 2213 τὸ
3653 2155 3712 2214 δέ
3745 2181 3806 2234 γε

2141 2241 2444 2318 Δορύλαιον
2475 2237 2744 2314 οὒδαμοῢ.
2797 2243 2958 2304 ’Ὀθεν
3013 2241 3232 2306 στείλας
3265 2244 3294 2299 ὁ
3337 2243 3640 2309 σουλτάνος
3671 2267 3806 2322 πρε-

2139 2327 2320 2386 σϐείαν
2375 2335 2486 2385 τῶν
2541 2349 2600 2384 τε
2686 2331 2964 2400 συνθηκῶν
3053 2329 3212 2387 αὐτὸν
3269 2333 3659 2408 ἀνεμίμνησκε,
3709 2336 3802 2392 καὶ

2139 2419 2431 2493 θαυμάζειν
2463 2415 2646 2492 ἔλεγεν
2705 2417 2856 2482 ὅπως
2917 2419 2994 2492 μὴ
3053 2418 3112 2483 ἐς
3171 2418 3332 2496 δεῦρο
3397 2423 3708 2498 καθῄρηται
3737 2425 3802 2479 τὸ

2141 2509 2461 2585 Δορύλαιον.
2503 2509 2565 2566 Ὀ
2619 2507 2676 2563 δὲ
2707 2507 2872 2582 ὀλίγα
2901 2515 3020 2572 τοῖς
3049 2513 3169 2566 κατ’
3201 2511 3444 2588 ἀνάγκην
3477 2513 3797 2589 γενομένοις

2139 2599 2229 2654 τὸν
2257 2603 2381 2654 νοῦν
2439 2599 2735 2674 προσέχειν
2787 2597 2977 2670 εἰπὼν,
3033 2597 3389 2678 κατεδαφίσαι
3432 2599 3498 2672 δὴ
3529 2603 3594 2656 τὸ
3625 2603 3799 2676 Δορύ-

2143 2693 2297 2743 λαιον
2360 2685 2473 2742 οὐδ’
2533 2685 2721 2760 ἄκροις
2779 2685 2880 2741 ὠσί
2937 2685 3290 2764 παρεδέχετο,
3345 2689 3516 2746 ἐκεῖνο
3551 2689 3798 2767 ἀτεχνῶς

2136 2782 2245 2832 τῶν
2294 2781 2398 2846 τῆς
2447 2777 2652 2840 Πυθίας
2707 2777 2846 2850 πρὸς
2881 2777 2972 2832 τὸν
3031 2775 3392 2850 Ἐπικυδίδην
3425 2777 3566 2834 ἐπῶν
3597 2779 3796 2836 ἀποτε-

2145 2865 2384 2939 μόμενος
2415 2865 2506 2919 καὶ
2537 2865 2622 2938 [Ρ.
2663 2865 2786 2938 125]
2819 2865 3047 2930 αἰνὲσας·

1277 2992 1305 3020 ‹‹
1337 2970 1539 3041 Ὂμνυ,
1571 2967 1686 3023 ἐπεὶ
1717 2966 1946 3028 θάνατός
1976 2985 2038 3042 γε
2083 2963 2172 3018 καὶ
2203 2958 2428 3037 εὔορκον
2464 2959 2612 3034 μένει
2641 2959 2832 3036 ἄνδρα,
2865 2987 2893 3015 n

388 3064 456 3120 τὰ
485 3061 542 3120 δὲ
573 3065 784 3144 ἐφεξῆς,
819 3061 850 3118 ά
881 3087 1038 3142 φασιν
1069 3067 1233 3136 οὕτω,
1265 3068 1642 3146 παρεπισχὼν,

1273 3187 1301 3238 «ς
1329 3163 1683 3238 ξᾼλλίᾷρκου
1709 3167 1835 3224 πάϊς
1867 3161 2008 3238 tati};
2043 3163 2335 3238 ἐνώνυμος⁸
2371 3155 2484 3238 οὐδ’
2514 3155 2600 3238 ξπι
2629 3163 2810 3238 χεῖρες

1275 3231 1414 3292 Οὐδὲ
1443 3228 1630 3308 πόδες,
1660 3233 1923 3308 κραιπνὸς
1953 3232 2010 3308 δὲ
2038 3228 2594 3308 μετερχεταιηεῖσόκε
2623 3228 2796 3284 πᾶσαν

1276 3301 1626 3380 Συμμάρψλας
1663 3304 1828 3380 όλέσῃ
1860 3301 2049 3380 γενεὴν
2075 3301 2177 3360 καῖ’
2195 3301 2352 3380 ῥῖκον
2387 3303 2610 3380 ἅπαντα.

1277 3373 1506 3451 Ἀνδρὸς
1535 3373 1595 3432 ’δ’
1627 3373 1852 3448 εὐόρκόυ
1874 3373 2040 3451 ’γενεῆ
2078 3375 2396 3448 μετόπισθεν
2429 3373 2690 3444 ἀμείνων,
2725 3397 2754 3424 ››

392 3501 672 3558 Caeterum
722 3503 894 3556 Persa
925 3505 1245 3574 Atapacum
1295 3503 1500 3559 ducem
1534 3519 1668 3560 cum
1714 3503 1940 3558 delecta
1967 3519 2034 3558 ex

2141 3501 2198 3556 Ὁ
2231 3497 2289 3553 δὲ
2318 3519 2382 3572 γε
2413 3499 2623 3572 Πέρσης
2683 3501 2878 3570 μοῖραν
2941 3498 3248 3554 ἀπόλεκτον
3306 3506 3406 3568 τῆς
3467 3496 3607 3570 ὅλης
3638 3495 3805 3552 αὐτοῦ

387 3589 546 3647 omni
578 3589 830 3646 exercitu
863 3593 938 3646 IV
967 3597 1024 3647 et
1052 3591 1152 3647 XX
1185 3592 1438 3648 millium
1471 3609 1644 3648 manu
1679 3592 1929 3662 ablegat,
1964 3597 2028 3648 ut

391 3681 460 3736 ad
495 3695 650 3735 mare
681 3695 866 3752 usque
913 3697 1116 3737 omnes
1150 3683 1325 3738 urbes
1355 3687 1413 3737 et
1461 3681 1786 3753 provincias
1845 3687 2032 3736 vastat

393 3786 460 3824 ac
490 3769 710 3826 nemini
732 3774 948 3839 parcat,
973 3770 1202 3843 sibique
1228 3787 1436 3842 aquam
1469 3773 1778 3840 marinam,
1801 3787 2026 3826 remum

398 3859 546 3917 251
611 3867 666 3915 et
723 3876 955 3916 arenam
1025 3865 1310 3932 apportet.
1366 3863 1420 3916 ls
1465 3862 1638 3932 jussa
1707 3877 2032 3932 exsequens

393 3949 734 4005 Mmandrias
767 3951 943 4006 urbes
973 3949 1184 4007 subitis
1215 3955 1271 4006 et
1301 3951 1638 4022 improvisis
1676 3949 2033 4006 incursioni—

395 4039 506 4094 bus
565 4037 972 4094 miserabiliter
1029 4039 1359 4110 populatur,
1393 4039 1616 4096 Tralles
1663 4048 1722 4094 et
1773 4039 2034 4110 Phrygia

389 4125 756 4180 Antiochiam
817 4127 1108 4182 deditione
1147 4128 1320 4199 capit,
1357 4129 1534 4183 [.uma
1575 4127 1920 4182 Pentachira
1977 4130 2034 4181 et

391 4213 534 4268 alias
575 4213 926 4268 munitiones
975 4215 1026 4268 vi
1077 4221 1432 4286 expugnatas
1481 4216 1710 4285 spoliat,
1743 4220 1800 4270 et
1833 4215 2034 4270 ordine

391 4317 733 4374 progressus
763 4317 926 4358 oram
958 4303 1304 4360 maritimam
1337 4319 1565 4376 quoque
1596 4308 1804 4359 vastat.

2139 3591 2390 3662 στρατιᾶς
2451 3583 2784 3656 ἀποδιελὼν,
2847 3586 2924 3652 είς
2979 3585 3244 3666 χιλιάδας
3301 3586 3470 3643 εἷ’κοσι
3517 3587 3653 3660 πρὸς
3683 3591 3805 3648 ταῖς

2138 3679 2390 3750 τέσσαρσι
2467 3675 2864 3748 μετρουμένην,
2951 3677 3042 3731 καὶ
3131 3679 3430 3752 στρατηγὸν
3515 3675 3652 3750 αὗτῇ
3707 3676 3802 3731 τὸν

2139 3767 2445 3824 Ἀτάπακον
2503 3763 2801 3835 ἒπιστησας
2863 3765 3066 3837 πέμπει
3149 3765 3246 3829 τὰς
3329 3765 3460 3841 ἄχρι
3517 3763 3795 3836 θαλάττης

2139 3855 2338 3917 πολαις
2397 3853 2488 3908 καὶ
2544 3854 2734 3928 χώρας
2799 3857 3164 3930 πορθήσονσα,
3223 3855 3500 3934 φείσασθαι
3563 3851 3796 3930 μηδαμῆ

2145 3942 2420 4018 μηδεμιᾶς
2479 3941 2810 4016 ἐπισκήψας,
2888 3941 3220 4018 ἀποκομίσαι
3303 3965 3362 4000 τε
3439 3946 3590 4016 αὐτῷ
3654 3941 3800 4019 ὕδωρ

2144 4031 2432 4096 θαλάττιον
2489 4032 2580 4086 καὶ
2639 4031 2832 4102 κώπην
2893 4031 2981 4086 καὶ
3041 4032 3312 4105 ψάμαθον.
3345 4033 3406 4089 Ὁ
3437 4029 3496 4087 δὶ
3531 4032 3600 4086 τά
3629 4029 3810 4086 ἐπιτε-

2141 4118 2383 4196 ταγμένα
2471 4117 2668 4182 διδοὺς
2719 4116 2933 4195 πέρατι,
2999 4121 3096 4183 τὰς
3175 4119 3548 4195 Μαιανδρικάς
3635 4121 3800 4177 ἐπιὼν

2143 4209 2336 4272 πόλεις
2367 4207 2534 4283 ἰδῄου
2577 4207 2836 4282 οἶκτρῶς,
2897 4203 3128 4271 ἐσϐολὰς
3181 4210 3518 4285 ἀκηρύκτους
3549 4209 3639 4266 καὶ
3671 4209 3805 4288 ἐφό-

2149 4301 2276 4364 δους
2335 4301 2684 4375 ἀπρούπτους
2771 4299 3076 4372 τιθέμενος,
3161 4303 3544 4376 Παρεστήσατο
3603 4297 3661 4354 δὲ
3713 4300 3806 4354 καὶ

397 4389 494 4451 τὰς
553 4386 823 4464 Τράλλεις
887 4391 988 4458 τήν
1043 4390 1206 4446 πόλιν
1265 4393 1354 4446 καὶ
1409 4393 1510 4460 τὴν
1565 4391 1673 4446 καδι
1751 4389 1992 4464 Φρυγίαν
2049 4387 2416 4465 Ἀντιόχειαν,
2471 4389 2538 4444 τὰ
2595 4389 2792 4464 Λοῦμά
2875 4409 2934 4443 τε
2980 4387 3069 4444 καὶ
3151 4390 3244 4444 τὸν
3323 4389 3658 4464 Πεντάχειρα
3719 4387 3810 4442 aui

393 4473 532 4551 ἕτερ’
591 4476 724 4533 ἄττα
779 4477 1023 4553 ἐρύματα
1079 4479 1349 4552 κατάκρας
1409 4477 1552 4534 ἑλὼν
1620 4476 1958 4536 ἐσκύλευσεν.
2011 4476 2156 4552 Ὀδῷ
2211 4477 2270 4534 δὲ
2325 4479 2534 4552 προϊὼν
2591 4478 2682 4533 καὶ
2739 4477 2839 4540 τὰς
2897 4475 3434 4552 παραθαλαττιδὶους
3499 4477 3810 4550 ἐλυμήνατο

396 4567 607 4641 χώρας.

462 4658 581 4714 VII.
598 4659 821 4724 Quibus
835 4659 1006 4716 rebus
1019 4659 1588 4731 auditisimperator,
1606 4674 1741 4716 cum
1770 4659 1904 4716 aliis
1917 4659 2040 4732 plu-

2221 4664 2294 4716 Z’.
2363 4655 2624 4718 Βασιλεὺς
2692 4654 2750 4711 δὲ
2805 4659 2973 4710 ταῦτα
3046 4655 3434 4728 ἑνωτισάμὲνος
3493 4653 3691 4718 ἄλλαις
3745 4660 3810 4711 τε

396 4747 561 4803 rimis
587 4750 804 4804 artibus
838 4766 984 4806 usus
1025 4753 1134 4816 est,
1169 4756 1292 4804 tum
1323 4749 1450 4805 sine
1483 4749 1744 4805 buccinis
1793 4759 1846 4805 et
1887 4749 2045 4806 tubis

396 4853 429 4890 e
479 4837 730 4890 tentorio
763 4838 992 4908 prodiit.
1041 4839 1206 4894 Nunc
1237 4838 1394 4894 enim
1443 4838 1660 4894 talibus
1694 4837 1868 4894 rebus
1927 4853 2042 4894 non

397 4939 526 4978 esse
557 4939 729 4993 opus,
758 4926 860 4980 sed
891 4927 1142 4982 arcubus
1173 4931 1230 4982 et
1263 4927 1468 4996 hastis,
1503 4935 1566 4983 ut
1603 4927 1914 4983 insolentes
1945 4926 2044 4981 ho-

401 5010 805 5066 stesitomanis
837 5013 1147 5083 provinciis
1179 5017 1502 5086 exigantur.
1527 5024 1608 5071 Ac
1639 5017 1761 5086 ipse
1783 5015 1891 5070 sibi
1924 5031 2040 5070 non

401 5099 732 5153 exeundum
755 5101 1239 5166 ratus,Joannem
1269 5103 1560 5159 Batatzem
1575 5107 1846 5176 nepotem
1865 5119 2040 5159 suum

401 5187 582 5255 misit,
613 5187 800 5244 virum
829 5193 1066 5244 cautum
1106 5194 1161 5244 et
1191 5195 1517 5262 strenuum,
1561 5197 1620 5246 et
1652 5193 1861 5246 Ducam
1893 5195 2040 5247 Con-

402 5275 752 5343 stantinum,
805 5275 1232 5332 adolescentem
1281 5279 1471 5334 adhuc
1519 5295 1662 5350 pene
1693 5278 2036 5344 imberbem,

2153 4744 2437 4807 πλείσταις
2471 4743 2724 4820 μεθόδοις
2771 4742 3047 4820 ἐχρήσατο
3097 4745 3186 4799 καὶ
3241 4743 3308 4814 δὴ
3355 4744 3446 4800 καὶ
3491 4749 3570 4816 τῷ
3606 4747 3680 4817 μή
3715 4743 3802 4799 ἐπὶ

2157 4834 2414 4910 βυκάναις
2477 4835 2565 4888 καὶ
2627 4831 2890 4908 σάλπιγγι
2943 4835 3044 4901 τῆς
3097 4839 3304 4903 σκηνῆς
3363 4833 3632 4906 προϊέναι,
3675 4857 3704 4884 ‹‹
3737 4831 3808 4887 Οὖ

2153 4923 2337 4996 χρεία,
2367 4947 2393 4974 ε(
2421 4921 2622 4996 λέγων,
2651 4945 2678 4973 ››
2705 4921 2970 4977 τοιούτων
2994 4921 3114 4996 ἄρτι
3134 4927 3322 4992 τινῶν,
3357 4919 3501 4976 ἀλλά
3525 4921 3694 4993 τόξων
3717 4920 3810 4975 καὶ

2153 5007 2420 5085 δοράτων,
2477 5009 2572 5066 ’ἱνα
2621 5010 2751 5072 τοὺς
2807 5013 3100 5084 μισοῦντας
3155 5012 3326 5083 ἡμᾶς,
3369 5008 3423 5064 o'i
3456 5011 3612 5083 (κατὰ
3645 5003 3812 5064 Δαϐἱό

2153 5097 2346 5167 εἰπεῖν)
2406 5099 2625 5174 ἤχησαν
2677 5099 2768 5154 καὶ
2825 5099 2961 5174 ἦραν
3016 5095 3282 5177 κεφαλὰς,
3329 5103 3438 5154 τὼν
3485 5099 3810 5171 Ῥωμαϊκῶν

2149 5187 2608 5260 ἀποπεμψώμεθα
2635 5193 2862 5264 χωρῶν.
2897 5211 2924 5238 ››
2957 5186 3060 5244 Καὶ
3111 5186 3271 5249 αὐτὸς
3305 5187 3401 5260 μὶν
3441 5188 3539 5256 τῆν
3567 5185 3644 5247 εἷς
3673 5185 3815 5244 τοὺς

2155 5275 2460 5350 πολεμίους
2506 5276 2706 5352 ἀπᾶραι
2758 5273 3014 5350 οὐδαμῶς
3049 5273 3354 5348 ἐδικαίωσε,
3387 5273 3605 5331 στέλλει
3637 5271 3692 5329 δὲ
3723 5275 3816 5330 τὸν

1787 5406 1956 5468 llier.
1991 5405 2202 5468 Wolfii
2232 5411 2421 5468 notae.

485 5539 564 5612 (4)
596 5540 699 5592 Καὶ
747 5537 1007 5612 κάτωθεν.
1063 5539 1126 5596 Et
1171 5541 1326 5610 infra
1364 5539 1634 5594 vexillum
1681 5556 1842 5612 suum
1899 5545 2058 5595 vento

406 5611 743 5684 expansum,
767 5615 820 5668 et
848 5611 1090 5668 hostium
1113 5617 1350 5682 frontem
1378 5620 1642 5683 spectans,
1675 5617 1738 5665 ut
1769 5611 1816 5667 ii
1841 5617 1988 5667 metu
2008 5614 2060 5666 et

2171 5547 2401 5667 εηεηιοηρ
2459 5545 2895 5614 corriperentur,
2945 5553 3140 5610 pacem
3199 5543 3487 5609 confecisse
3539 5539 3822 5596 sultamtm

2171 5631 2201 5667 η
2230 5617 2348 5667 oria
2387 5621 2532 5667 atur.

2167 5617 2532 5680 gloriabatur.
