4140 6290
283 380 403 440 841

1358 373 1461 435 DE
1505 372 1900 436 MANUELE
1945 372 2318 434 COMNENO
2362 374 2514 436 LIB.
2557 374 2662 436 VI.

3591 379 3710 438 542

291 507 524 583 ἀνεψιὸν
583 507 824 576 Ἰωὲννην
876 505 968 560 τὸν
1033 506 1336 576 Βατάτζην,
1389 509 1470 578 τῷ
1526 501 1836 580 δραστηρίῳ
1892 501 1945 559 ἰν

2075 508 2157 562 led
2191 505 2342 562 virili
2376 506 2709 564 maturitate
2731 509 3137 580 praditum,et
3156 508 3494 566 Micbaelem
3517 510 3712 581 Aspis-

301 596 495 671 δᾴοντι
525 597 834 672 χρώμενον,
874 593 966 648 καὶ
1003 594 1096 649 τὸν
1131 591 1329 649 δούκαν
1382 596 1800 664 Κωνσταντῖνον,
1830 613 1956 649 νεα-

305 688 429 742 νίαν
460 685 578 759 ἃρτι
613 684 916 754 ὑπεηνήτην
949 683 1039 738 καὶ
1069 683 1206 738 κατὰ
1234 687 1343 737 τῶν
1400 687 1580 759 φυτῶν
1637 683 1703 738 τά
1760 682 1948 756 εὐγενῆ

309 778 660 851 καρπογονεῖν
714 773 819 846 πρὸ
877 769 1025 846 ὥρας
1080 772 1279 847 ἐπαγγε
1311 770 1607 844 λλόμενον,
1663 765 1742 826 ἔτι
1775 768 1831 826 δὲ
1862 773 1955 827 τὸν

315 861 604 933 Ἀσπιέτην
661 859 918 935 Μιχαὴλ,
976 860 1161 916 πολλά
1228 860 1553 936 παραινέσας
1618 859 1802 922 αὐτοῖς
1862 859 1956 915 σὺν

311 950 568 1022 εὐϐουλίᾳ
609 951 699 1006 καὶ
728 950 872 1022 τάξει
920 950 981 1005 τὸ
1039 951 1497 1025 πραχθησόμενον
1559 951 1696 1005 ἅπαν
1755 955 1957 1020 ποιεῖν,

307 1043 413 1118 πρὸ
446 1038 503 1096 δὶ
531 1039 740 1096 τούτων
777 1040 854 1112 μή
887 1037 1263 1116 προσπελάσαι
1311 1040 1617 1096 παντάπασι
1646 1045 1762 1100 τοίς
1824 1039 1958 1115 βαρ-

307 1125 522 1206 ϐάροις⁹
555 1127 604 1184 εἶ
638 1130 713 1200 μὴ
747 1127 910 1203 πείρᾳ
937 1133 1116 1202 γνοῖεν
1166 1123 1381 1202 ἀκριϐεῖ
1434 1127 1698 1204 πρότερον
1761 1127 1958 1183 ὁπόσοι

309 1219 410 1276 εἶεν
437 1219 502 1274 τὸ
529 1218 748 1286 πλῆθος
795 1217 885 1271 καὶ
921 1216 996 1278 ὡς
1057 1221 1250 1288 νικῷεν
1303 1217 1502 1279 αὐτοὺς
1563 1216 1958 1291 μαχεσάμενοι.

315 1308 414 1362 Καὶ
475 1302 674 1379 Πέρσαι
745 1305 839 1378 μὶν
896 1303 1065 1380 πέρας
1118 1312 1219 1374 τῆς
1285 1302 1482 1384 ἒιρόδου
1543 1307 1641 1374 τήν
1697 1303 1961 1360 θάλατταν

319 1397 537 1468 θέμενοι
571 1394 707 1468 μετά
747 1393 1013 1465 πλείστης
1065 1394 1146 1450 ὅτι
1207 1392 1358 1457 λείας
1417 1393 1665 1463 ἀνέλυον,
1742 1395 1962 1449 κάκεῖνα

317 1486 560 1558 κείροντε
589 1487 673 1546 οἷς
707 1484 843 1538 κατά
872 1486 970 1554 τὴν
1004 1481 1234 1547 κάθοδον
1296 1484 1358 1538 οὐ
1425 1479 1788 1558 προσέϐαλον·
1822 1483 1876 1536 οἱ
1916 1479 1964 1536 δ’

320 1575 460 1649 ἀμφὶ
489 1573 584 1628 τὸν
615 1572 888 1642 Βατάτζην
916 1573 1011 1635 τὰς
1058 1569 1313 1645 δυνάμεις
1372 1567 1752 1640 ἀναλαϐόντες,
1811 1570 1962 1633 ὅσαις

315 1684 374 1719 τε
398 1662 595 1726 αὐτοὺς
635 1662 662 1715 ὁ
693 1659 949 1738 βασιλεὺς
979 1658 1246 1740 ἐφωδίασε
1303 1662 1392 1716 καὶ
1463 1661 1582 1716 όσαι
1639 1661 1774 1716 κατά
1827 1660 1962 1734 πάρ-

318 1749 444 1806 οδον
495 1748 876 1823 ξυνελέγησαν,
923 1747 1157 1819 ἤλαυνον
1211 1749 1339 1815 εὐθὺ
1413 1749 1510 1806 τοῦ
1567 1748 1782 1805 ’ὶέλίου
1873 1748 1964 1803 καὶ

2061 600 2200 663 tem,
2251 595 2503 664 multum
2558 595 2827 653 hortatus
2881 603 2942 653 ut
2993 597 3312 668 prudenter
3368 603 3427 652 et
3477 603 3705 669 tempe-

2061 684 2206 740 stive
2235 685 2432 740 omnia
2488 685 2990 755 administrarent,
3025 703 3130 742 nec
3187 687 3354 758 prius
3416 685 3704 743 Barbaros

2061 773 2403 830 invaderent
2435 791 2606 846 quam
2637 791 2946 832 numerum
2973 791 3176 832 eorum
3207 775 3620 846 cognovissent
3647 779 3706 831 et

2061 861 2358 930 victorian:
2395 878 2572 934 penes
2617 879 2679 919 se
2712 864 2832 919 fore
2863 863 3299 919 intellexissent.
3333 864 3514 919 Persae
3551 879 3708 932 vero,

2065 967 2316 1022 quorum
2343 951 3008 1008 cxcursionisterminus
3031 968 3191 1008 mare
3215 951 3344 1019 fuit,
3367 968 3502 1008 cum
3519 953 3718 1024 opima

2065 1041 2260 1112 praeda
2300 1041 2631 1098 recedentes
2688 1057 2756 1097 ea
2815 1057 3048 1114 quoque
3099 1042 3156 1096 in
3209 1041 3400 1097 reditu
3453 1040 3716 1114 populati

2066 1134 2228 1196 sunt,
2260 1146 2392 1200 qua:
2421 1135 2557 1186 ante
2588 1146 2703 1186 non
2754 1131 3080 1194 attigerant.
3111 1129 3379 1186 Batatzes
3407 1147 3544 1186 vero
3575 1148 3711 1187 cum

2067 1218 2252 1288 cOpiis
2282 1225 2338 1274 et
2367 1219 2439 1274 ab
2479 1221 2828 1290 imperatore
2859 1219 3014 1276 αξη
3045 1221 3300 1292 acceptis
3329 1223 3387 1275 et
3416 1219 3475 1274 in
3507 1219 3714 1275 itinere

2069 1306 2329 1364 collectis
2377 1314 2533 1365 recta
2563 1309 2828 1379 Uyelium
2887 1315 2944 1365 et
2996 1309 3442 1365 Limmocbirem
3502 1309 3716 1380 oppida

2071 1400 2387 1471 petierunt,
2411 1416 2525 1469 qua
2557 1399 2695 1456 olim
2727 1398 3000 1454 Maeandri
3024 1397 3286 1455 ﬂuminis
3310 1414 3456 1470 pons
3471 1397 3716 1454 fuit.Sed

2075 1504 2208 1543 cum
2251 1486 2667 1559 speculatores,
2695 1503 2844 1558 quos
2873 1485 2931 1540 in
2963 1487 3234 1541 omnibus
3264 1486 3374 1542 viis
3403 1485 3719 1541 constitue-

2071 1581 2179 1645 rat,
2201 1576 2527 1632 'l‘urcornm
2555 1575 3022 1646 discessum,qui
3049 1575 3289 1647 quidem
3309 1575 3368 1629 in
3393 1575 3720 1647 propinquo

2072 1671 2288 1729 essent.
2321 1663 2742 1737 signiﬁcarent,
2787 1666 3046 1719 exercitu
3077 1664 3136 1718 in
3170 1665 3320 1720 duas
3364 1664 3550 1720 diviso
3583 1680 3721 1735 par-

2072 1761 2160 1812 tes
2191 1755 2474 1826 majorem
2506 1754 2564 1810 in
2590 1752 2820 1810 insidiis
2851 1752 3113 1822 collocat,
3143 1769 3260 1824 qua
3288 1752 3483 1808 hostes
3506 1751 3724 1807 transi-

318 1845 414 1897 τοῦ
447 1839 858 1940 Λειμμόχειρῖς
886 1843 991 1893 τῶν
1044 1838 1376 1940 πολιχνίων,
1431 1837 1613 1894 καθ’ἃ
1676 1838 1800 1914 περὶ
1862 1859 1964 1893 πο-

2075 1843 2193 1902 turi
2246 1849 2430 1911 erant,
2467 1841 2711 1898 alteram
2745 1841 2900 1898 ultra
2955 1841 3198 1896 fluvium
3250 1841 3422 1911 juxta
3460 1846 3714 1895 veterem

321 1932 481 2002 ταμῷ
508 1931 592 2000 τῷ
623 1924 924 2002 Μαιάνδρῳ
982 1925 1154 1982 πάλαι
1203 1928 1337 1983 ποτὶ
1391 1928 1599 2003 γέφυρα
1651 1928 1967 2002 περιήγετο.

2083 1940 2315 2006 pontem
2339 1933 2662 2004 dispersam
2685 1936 3037 2010 exspectare,
3070 1935 3127 1985 et
3143 1936 3368 1984 turmas
3398 1929 3719 1985 Turcarum

322 2017 472 2074 Ἐπεί
503 2013 562 2072 δὲ
583 2016 637 2070 οἱ
668 2016 888 2085 σκοποὶ,
939 2017 1037 2078 οὖς
1097 2014 1200 2090 ἄρα
1253 2017 1281 2071 ὁ
1339 2017 1618 2086 Βατάτζης
1673 2015 1968 2086 κατάστησε

2085 2039 2219 2078 cum
2279 2023 2523 2094 captivis
2551 2022 2898 2092 trajecturas
2936 2019 3161 2074 fortiter
3207 2019 3476 2074 invadere
3525 2018 3716 2088 jubet.

327 2107 668 2168 καταπάσας
699 2106 798 2171 τάς
843 2107 1066 2162 ὁποιοῦν
1126 2108 1393 2184 φερούσας
1452 2103 1633 2176 ὁδους,
1691 2104 1968 2181 ἀπήγγελ-

2085 2115 2230 2172 Cum
2289 2129 2422 2169 vero
2451 2114 2621 2168 Turci
2651 2129 2722 2168 ex
2773 2111 3074 2182 superiore
3107 2109 3232 2165 loco
3289 2107 3424 2165 telis
3470 2108 3632 2180 petiti
3662 2108 3721 2163 in

335 2195 430 2252 λον
463 2197 566 2265 την
591 2199 701 2250 τῶν
748 2194 1011 2269 Τούρκων
1068 2193 1342 2268 ἀνάζευξιν
1401 2193 1490 2250 καὶ
1549 2194 1624 2256 ὡς
1678 2192 1739 2248 οὐ
1787 2193 1968 2268 πρόσω

2088 2202 2332 2258 ﬂumine
2364 2206 2776 2272 mergerentur,
2807 2204 3104 2270 Atapacus
3126 2213 3261 2254 eum
3285 2197 3604 2253 fortissima
3627 2212 3724 2252 co-

329 2283 440 2356 ἤδη
504 2284 640 2340 εἰσὶν
693 2283 1063 2360 ἔφορμῶντες,
1123 2285 1200 2346 είς
1233 2281 1328 2339 δύο
1376 2283 1834 2358 ἀποτμηματίσας
1882 2283 1968 2352 τήν

2088 2291 2253 2347 borte
2277 2307 2411 2348 cum
2445 2289 2724 2345 Romanis
2747 2289 3141 2360 congreditur,
3173 2291 3240 2342 ut
3270 2287 3394 2342 suis
3425 2285 3726 2357 trajicien-

330 2374 585 2450 στρατιάν
614 2374 677 2428 τὸ
711 2374 806 2445 μὶν
838 2372 1007 2428 πλέον
1051 2373 1253 2444 ταύτης
1285 2373 1361 2436 είς
1423 2372 1631 2449 λόχους
1687 2375 1968 2443 καθίστησι

2089 2381 2144 2436 di
2180 2379 2438 2452 spatium
2479 2379 2780 2451 praeberet,
2813 2393 2884 2432 ne
2915 2376 3170 2449 singulis
3218 2380 3577 2432 antevertere
3621 2390 3725 2429 cu-

326 2465 462 2520 κατά
488 2463 584 2526 τάς
619 2459 801 2531 ὁδοὺς,
833 2459 891 2524 εἷς
925 2457 1128 2536 ἔμελλε
1168 2463 1382 2536 τέμνειν
1443 2463 1505 2518 τὸ
1563 2461 1859 2536 πολέμιον,
1917 2462 1968 2517 τε

2091 2469 2386 2543 pientibus
2409 2473 2464 2523 et
2496 2468 2724 2539 longior
2755 2483 2915 2522 mora
2943 2466 3347 2531 intercederet,
3366 2469 3423 2520 et
3446 2465 3547 2535 qui
3581 2463 3726 2519 vado

325 2551 383 2608 δὶ
411 2550 606 2608 λοιπὸν
639 2552 698 2614 ές
728 2554 826 2615 τάς
889 2547 1024 2626 μετά
1069 2553 1170 2622 τήν
1231 2553 1467 2609 παλαιὰν
1522 2553 1756 2633 γέφυραν
1815 2547 1968 2608 ἐκδά-

2091 2559 2451 2624 aberrarent,
2486 2556 2801 2612 crudeliter
2839 2555 3160 2610 interirent.
3197 2555 3280 2609 Ita
3309 2554 3410 2608 diu
3445 2553 3725 2608 acerrime

327 2663 439 2704 σεις
503 2645 602 2697 τοῦ
674 2645 933 2714 ποταμοῦ
989 2638 1304 2718 διασπείρας
1383 2645 1703 2718 προσμένειν
1771 2642 1968 2699 ἐκέλευ¹

2093 2645 2446 2712 dimicando,
2469 2649 2527 2699 et
2548 2643 2713 2699 fortis
2740 2642 3498 2713 animipromptissimeque
3523 2656 3736 2695 manus

337 2729 560 2806 μερίδος
593 2731 739 2793 τινὸς
774 2730 879 2786 ἀπὸ
910 2735 1018 2786 τῶν
1049 2730 1305 2808 Τούρκων
1341 2734 1477 2806 μετά
1523 2741 1624 2802 τῆς
1691 2733 1968 2808 αἰχμαλωτ

2093 2735 2347 2792 facinora
2392 2731 2622 2805 egregia
2671 2731 2918 2798 edendo,
2966 2737 3030 2786 ut
3087 2730 3263 2785 etiam
3309 2729 3461 2784 ultra
3517 2732 3736 2784 ﬂumen

331 2820 452 2882 σίας
505 2818 820 2891 περαίωσιν,
879 2820 972 2875 καὶ
1030 2825 1323 2890 τηνικαῦτα
1379 2819 1510 2895 μηδ’
1568 2821 1713 2884 ὅλως
1769 2820 1968 2898 κατορ-

2094 2823 2383 2879 Romanos
2439 2827 2592 2876 stare
2639 2820 2926 2890 cognovit.
2979 2823 3038 2874 et
3094 2817 3378 2888 quidquid
3426 2815 3734 2871 Persarum

331 2904 548 2983 ῥωδεῖν,
609 2903 753 2961 ἀλλὰ
805 2905 1115 2984 θαρραλέως
1171 2915 1574 2984 προσυπαντᾷν.
1656 2912 1752 2966 Καὶ
1787 2911 1815 2965 ὁ
1865 2912 1960 2982 μὲν

2095 2908 2823 2977 transiretoccidere,258
2846 2911 3030 2964 tracta
3052 2905 3354 2962 alacritate
3375 2910 3432 2962 et
3453 2920 3732 2976 generoso

335 2995 411 3057 ὡς
440 2993 662 3069 ἄμεινόν
694 2998 746 3051 οἱ
778 2994 1020 3069 δέδοκτο,
1054 3001 1142 3072 [Ρ.
1179 3001 1303 3073 126]
1331 3000 1478 3055 οὕτω
1533 2997 1599 3070 δὴ
1658 3000 1723 3056 τὰ
1777 3000 1968 3056 οἰκεῖοι

2094 3003 2194 3057 illo
2224 2999 2436 3072 spiritu
2469 2996 2770 3054 debilitsto
2799 3013 2919 3052 sua:
2950 2995 3124 3051 saluti
3156 2993 3494 3060 consulit,et
3524 3009 3733 3065 propo-

343 3081 655 3140 διεσκεύασε
724 3087 1058 3162 στράτευμα·
1127 3088 1179 3144 οἳ
1237 3085 1294 3143 δὲ
1346 3093 1580 3164 Τοῦρκοι
1639 3089 1715 3150 ὡς
1773 3087 1968 3164 εί¹χοντ‹

2097 3089 2426 3146 sitoitinere
2439 3086 2729 3143 declinato
2742 3087 3016 3157 superius
3045 3082 3490 3152 abscedit,aliud
3514 3081 3728 3137 vadum

335 3178 436 3229 τοῦ
488 3169 798 3245 διαϐαίνειν,
982 3175 1305 3250 ὑπερδεξίων
1369 3177 1700 3252 βαλλόμενοι
1759 3179 1836 3240 είς
1896 3178 1968 3234 τὸε

2098 3177 2476 3250 quaesiturus.
2507 3174 2649 3239 Quia
2677 3191 2809 3231 vero
2865 3177 3079 3230 ﬂumen
3140 3188 3433 3244 nusquam
3490 3168 3730 3226 transiri

326 3263 586 3337 ποταμὸν
644 3268 987 3328 συνωθοῦντο
1045 3265 1136 3321 καὶ
1195 3265 1583 3343 ἀπεπνίγοντο,
1637 3273 1694 3324 '0
1775 3265 1833 3323 δὶ
1923 3288 1968 3342 γι

2096 3273 2345 3341 poterat,
2375 3275 2541 3338 capto
2573 3282 2642 3321 ex
2672 3269 2784 3321 tem
2797 3281 2930 3336 pore
2956 3262 3201 3319 consilio
3233 3270 3398 3316 scuto
3425 3276 3526 3333 pro
3563 3258 3735 3314 lintre

325 3353 641 3416 Ἀτάπακος
703 3355 837 3425 μετά
894 3357 1002 3408 τῶν
1070 3354 1209 3430 ἀμφ’
1258 3355 1418 3410 αὑτὸν
1473 3354 1857 3411 εὖοπλοτάτων
1904 3355 1968 3414 είς

2089 3356 2292 3426 utitur,
2323 3355 2460 3410 leva
2490 3371 2708 3425 equum
2734 3355 2898 3424 juxta
2928 3357 3225 3408 natantem
3256 3349 3504 3419 ducit,et
3531 3347 3734 3404 dextra

333 3440 510 3518 λόχον
593 3443 968 3516 συσπειραθεῖς
1041 3443 1130 3498 καὶ
1221 3445 1544 3519 συστραφείς
1619 3444 1968 3522 ἀγχωμάλως

2087 3445 2352 3519 gladium
2383 3461 2486 3517 pro
2526 3442 2924 3516 gubernaculo
2956 3440 3246 3496 sustinens
3279 3438 3534 3494 natando
3586 3453 3736 3509 pau-

338 3531 642 3599 Ῥωμαίοις
684 3530 1076 3605 συμπλέκεται,
1130 3535 1220 3588 καῖ
1273 3534 1335 3590 τὸ
1389 3533 1685 3611 ἐντίμαχον
1748 3535 1968 3592 ἐντεῦθει

2089 3535 2252 3590 latim
2295 3534 2684 3605 progreditur.
2731 3531 2974 3587 Mortem
3005 3535 3201 3585 tamen
3234 3528 3449 3584 evitare
3479 3542 3595 3582 non
3626 3542 3732 3596 po-

337 3625 574 3676 κακῶσαι
613 3619 955 3696 βουλόμενος
1002 3623 1092 3676 καὶ
1134 3626 1253 3684 τοῖς
1311 3623 1628 3701 ὁμογενέσιν
1682 3623 1968 3700 ἐκεχειρίαι

2089 3624 2224 3681 tuit.
2269 3621 2415 3678 Nam
2472 3638 2606 3677 cum
2663 3619 2722 3675 in
2790 3619 3123 3675 ulteriorem
3186 3617 3370 3688 ripam
3429 3615 3731 3680 evasisset,

345 3706 543 3764 διδόναι
600 3716 701 3780 τῆς
759 3713 856 3764 τοῦ
913 3714 1164 3782 ποταμοῦ
1221 3713 1593 3785 περαιώσεως,
1625 3713 1700 3776 ὡς
1735 3716 1810 3786 μή
1844 3714 1968 3790 φθά-

2088 3710 2318 3766 tumulo
2350 3725 2666 3765 conscenso
2697 3709 2830 3779 quis
2873 3709 2951 3763 sit
2995 3707 3287 3780 praedicat,
3320 3709 3378 3760 et
3405 3701 3734 3774 arroganti-

341 3816 442 3852 νειν
473 3796 698 3852 ἑκάστου
724 3799 1178 3872 προθυμουμένου
1234 3797 1458 3874 βραδεῖα
1511 3800 1604 3874 μὲν
1661 3803 1696 3870 ἡ
1738 3796 1968 3856 διαϐασιι

2088 3801 2201 3855 bus
2232 3797 2424 3854 verbis
2453 3805 2639 3853 semet
2660 3798 2852 3869 ipsum
2874 3797 3270 3866 celebrat,quo
3304 3793 3500 3864 plures
3529 3791 3726 3846 Turczs

337 3883 556 3958 γίνοιτο,
585 3881 734 3950 δεινή
769 3881 826 3937 δὲ
854 3886 889 3953 ἡ
929 3889 1039 3939 τῶν
1093 3885 1486 3959 σφαλλομένων
1541 3887 1809 3946 ἀπῶλεια.
1865 3891 1965 3966 Ἐφ

2089 3907 2155 3946 eo
2204 3892 2577 3945 conﬂuerent.
2610 3886 2823 3943 Verum
2880 3904 2994 3942 non
3050 3887 3122 3942 ab
3174 3884 3383 3939 illustri
3444 3882 3640 3953 aliquo
3670 3883 3728 3935 et

337 3971 511 4026 ἰκανὸν
550 3972 644 4043 μὲν
687 3972 780 4026 οὖν
813 3972 1084 4048 ἀντισχὼν
1132 3972 1380 4046 έκθῦμως
1429 3972 1692 4050 ἒμάγετο,
1737 3973 1968 4052 ἂνδρείοι

2091 3984 2228 4035 noto
2259 3977 2540 4040 Romano,
2562 3976 2662 4031 sed
2696 3976 2768 4031 ab
2799 3974 2980 4030 Alano
3020 3974 3275 4045 quodam
3308 3971 3612 4027 occiditur.
3649 3969 3728 4023 Ex

337 4061 686 4136 φρονήματος
741 4059 832 4114 καὶ
889 4061 1080 4135 χειρὸς
1136 4063 1507 4136 γενναιοτάτης
1564 4058 1692 4139 ἔργα
1751 4062 1960 4127 δεικνύς

2091 4086 2158 4125 eo
2190 4067 2370 4123 Persae
2427 4065 2608 4120 eﬂ'use
2667 4064 2960 4136 fugientes
3005 4062 3266 4134 plerique
3325 4062 3386 4116 in
3447 4058 3732 4115 Meandro

339 4149 425 4210 Ὠς
469 4146 526 4203 δὲ
585 4149 749 4222 μάθοι
807 4149 897 4203 καί
959 4149 1098 4204 κατά
1141 4152 1244 4220 την
1300 4152 1524 4224 περαίαν
1579 4158 1676 4208 τοῦ
1734 4157 1968 4228 ποταμοί

2093 4157 2570 4226 submerguntur,
2589 4153 2894 4226 perpaucis
2924 4170 2992 4208 ex
3023 4157 3108 4208 tot
3139 4150 3398 4207 millibus
3429 4164 3731 4206 conserva-

335 4238 646 4312 Ῥωμαίους
678 4237 957 4315 ἐφεστάναι
1005 4239 1096 4293 καὶ
1149 4240 1388 4316 ἀναιρεῖν
1445 4242 1506 4297 ca
1558 4237 1836 4298 διαϐαῖνον
1890 4248 1968 4299 τοί

2094 4247 2189 4304 tis.
2227 4247 2282 4300 ld
2319 4247 2555 4309 factum,
2589 4244 2633 4298 si
2667 4242 2805 4314 quid
2839 4240 3020 4307 aliud,
3054 4257 3174 4297 rem
3214 4239 3529 4296 Romanam
3557 4234 3737 4293 erexit

340 4330 605 4405 Περσικοῦ
661 4329 1084 4400 στρατεύματος,
1140 4329 1473 4386 κατακλᾶται
1533 4332 1598 4386 τὸ
1683 4333 1964 4407 πρόθυμον

2093 4341 2150 4392 et
2179 4341 2482 4391 Persarum
2543 4331 2914 4388 insolentiam
2972 4331 3266 4401 repressit.
3302 4327 3530 4384 Alacres
3575 4327 3730 4382 enim

335 4419 424 4474 καὶ
457 4423 552 4474 τοῦ
582 4416 820 4490 ἀκμαίου
847 4416 1051 4472 ἐκείνου
1112 4421 1511 4494 μεθαρμοσθεὶς
1581 4423 1828 4494 λήματος
1887 4423 1968 4490 τήι

2095 4424 2540 4488 invebebantur,
2589 4427 2645 4476 et
2677 4421 2968 4476 Romanos
2999 4427 3162 4489 terga
3192 4419 3451 4484 daturos,
3488 4433 3550 4472 se
3599 4431 3734 4470 vero

340 4501 608 4581 σωτηρίαν
641 4506 818 4576 ἑαυτῷ
843 4502 1142 4576 διατιθησι,
1195 4509 1286 4562 καὶ
1349 4507 1414 4578 δὴ
1474 4511 1574 4578 τήν
1622 4509 1968 4584 προκειμένη·

2095 4519 2277 4569 totam
2337 4528 2514 4583 prope
2573 4510 2904 4582 Phrygiam,
2951 4524 3129 4580 quam
3180 4506 3296 4561 late
3346 4505 3634 4560 Meander
3663 4503 3736 4557 ad

343 4593 691 4669 παραλλάξας
756 4594 976 4667 πορείαν
1039 4595 1291 4668 ἀνωτέρω
1386 4599 1718 4673 μεταχωρεῖ,
1808 4597 1958 4654 ἀναδι

2100 4617 2260 4657 mare
2292 4616 2475 4672 usque
2505 4600 2660 4656 254
2692 4594 3397 4668 protenditur,deleturos
3429 4596 3735 4664 putabant.

344 4687 455 4762 φῶν
482 4684 663 4754 ἑτίραν
698 4683 1009 4758 περαίωσιν.
1041 4685 1133 4746 Ὠς
1167 4683 1226 4740 δὶ
1275 4684 1483 4761 ἄπορος
1531 4688 1599 4756 ἧν
1655 4689 1682 4742 ὁ
1741 4689 1988 4762 ποταμὸς

338 4773 857 4848 πανταχόθεν,τοὺς
909 4769 1301 4836 ἐπιδιώκοντας
1359 4772 1576 4843 δεδιὼς,
1631 4777 1730 4846 τήν
1792 4775 1989 4832 ἀσπίδα

339 4863 556 4924 ὑποθεὶς
615 4865 694 4932 τῷ
757 4858 912 4916 ὕδατι
949 4862 1025 4923 ὡς
1083 4861 1326 4936 κελητίῳ
1377 4864 1544 4940 ταύτῃ
1605 4865 1834 4941 ἐχρίτο,
1867 4867 1989 4940 ἀρί-

334 4971 472 5012 στως
530 4950 916 5012 ἀντικαταστᾶς
975 4955 1052 5022 τῷ
1081 4957 1182 5020 τῆς
1235 4953 1470 5027 ἀνάγκης
1507 4954 1635 5023 ὀξεῖ.
1699 4956 1800 5012 Καὶ
1875 4955 1991 5012 τοί-

339 5041 542 5112 νυντῇ
597 5040 692 5111 μὲν
748 5035 875 5108 λαιᾷ
901 5039 993 5092 τὸν
1052 5039 1221 5094 ἳππον
1281 5041 1530 5117 κατέχω)
1593 5045 1994 5124 παρανηχόμε-

334 5152 444 5196 νον,
477 5131 546 5201 τῇ
571 5123 718 5199 δεξιᾷ
761 5123 817 5180 δὲ
863 5128 962 5196 τὴν
1024 5129 1234 5199 σπάθην
1294 5133 1507 5206 γυμνὴν
1565 5128 1840 5207 δεδωκὼς,
1903 5135 1992 5189 καὶ

2100 4693 2164 4746 In
2197 4689 2305 4744 hoc
2346 4689 2540 4760 prmlio
2597 4685 2860 4759 Aspietes
2910 4684 3117 4741 cecidit
3177 4685 3282 4739 hoc
3343 4685 3532 4738 modo.
3564 4683 3739 4736 Persa

2098 4779 2337 4850 quidam
2369 4795 2500 4832 cum
2526 4777 2714 4848 ipsum
2739 4778 2811 4832 ob
2845 4775 3181 4830 ﬁrmitatem
3212 4790 3508 4829 armorum
3530 4779 3586 4827 et
3606 4788 3739 4827 scu-

2099 4873 2225 4922 tum
2259 4868 2329 4923 ad
2356 4865 2527 4936 pedes
2559 4882 2748 4938 usque
2770 4864 3095 4919 demissum
3125 4862 3432 4918 vulnerare
3463 4878 3577 4918 non
3605 4877 3740 4932 pos-

2101 4965 2209 5024 set,
2230 4958 2450 5027 impetu
2483 4954 2541 5008 in
2573 4970 2788 5025 equum
2812 4951 3293 5025 ejusinvebitur;
3330 4951 3428 5024 qui
3454 4950 3745 5007 lethaliter

2101 5063 2159 5102 ιη
2195 5047 2380 5100 fronte
2413 5059 2721 5117 percussus
2781 5043 3132 5115 regreditur,
3167 5047 3226 5098 et
3284 5043 3344 5098 in
3396 5040 3752 5114 posteriores

2104 5135 2278 5208 pedes
2310 5140 2534 5191 erectus
2568 5149 2850 5188 sessorem
2880 5134 2937 5188 in
2993 5132 3215 5188 ﬂumen
3262 5130 3607 5204 praecipitat.

332 5223 660 5298 προσποιῶν
723 5217 774 5272 ὲν
831 5222 910 5290 τῷ
968 5220 1274 5291 παραυτίκα
1323 5221 1524 5293 ταύτην
1578 5223 1622 5278 εί
1679 5223 1860 5290 οἷάκα,
1917 5223 2164 5280 ἐσάλευεν
2222 5225 2367 5279 οὕτω
2414 5223 2552 5278 κατά
2607 5222 2787 5299 βραχὺ
2848 5227 2946 5279 τοῦ
3002 5225 3252 5294 ποταμοῦ
3339 5217 3612 5275 διαπλέων
3687 5217 3750 5269 τὸ

332 5311 596 5386 πέλαγος.
631 5305 714 5362 Οὖ
793 5307 900 5376 μὴν
933 5305 986 5367 ἐς
1015 5305 1175 5368 τέλος
1248 5307 1533 5380 ἐξέπλευσε
1569 5312 1632 5366 τὸ
1709 5314 1907 5376 θανεῖν.
1986 5313 2080 5376 Εἰς
2127 5315 2228 5389 γὰρ
2303 5315 2365 5368 τὸ
2416 5313 2702 5386 ἀντιπέραν
2755 5311 2864 5385 ἤδη
2941 5311 3226 5387 γενόμενος
3303 5309 3387 5364 ἐπί
3418 5331 3470 5364 τι
3503 5306 3752 5383 γήλοφον

330 5401 555 5468 ἄνεισιν,
637 5394 828 5450 ἑαυτὸν
859 5394 1004 5458 ὅστις
1080 5395 1220 5451 ἐστῖν
1295 5397 1555 5470 εὔσημῶν
1603 5402 1692 5456 καῖ
1773 5401 2021 5476 μεγάλης
2095 5401 2349 5477 γλώττης
2405 5402 2608 5474 κόμπῳ
2659 5402 2970 5480 χρώμενος,
3029 5401 3178 5461 ὅπως
3255 5399 3563 5472 συναχθῶσι
3665 5393 3756 5448 καὶ

335 5485 506 5566 ἕτεροι
590 5486 837 5556 Τοδρκοι
915 5484 1028 5550 μετ’
1063 5483 1270 5546 αὐτῶ.
1298 5484 1516 5550 οὐδενὸς
1547 5485 1605 5542 6::

1676 5494 1786 5544 τῶν
1864 5489 2151 5562 ἐπισήμων
2224 5489 2506 5544 καὶαῦτὸν
2585 5489 2808 5546 είδότων

2887 5489 3176 5562 Ῥωμαίων
3249 5485 3756 5562 προσπελάσαντος,

332 5579 474 5636 ἀλλὰ
508 5593 664 5635 τινος
705 5574 816 5626 τῶν
891 5571 1192 5648 ἐπικούρων
1245 5575 1494 5632 Ἀλανῶν
1572 5577 1970 5652 ἐπιδραμόντος
2044 5581 2181 5637 ὅπου
2230 5579 2328 5647 τὴν
2388 5580 2579 5648 καινὴν
2630 5579 2860 5651 εἰρεσίαν
2939 5577 3159 5656 σχάζειν
3216 5573 3470 5648 ἔμελλεν,
3531 5573 3760 5641 ἀναιρεῖν

332 5691 421 5726 ται
451 5658 811 5743 ἀμφιστόμῳ
882 5659 1168 5720 κνώδοντι.
1202 5666 1298 5721 Ἐκ
1327 5663 1384 5720 δὲ
1456 5665 1652 5723 τούτου
1727 5667 1984 5740 ἀκόσμως
2015 5691 2073 5725 τε
2123 5667 2331 5741 Πέρσης
2362 5665 2586 5730 ἕκαστος
2659 5654 3018 5742 ἀπεδίδρασκε
3091 5665 3180 5720 καί
3256 5659 3560 5734 Μαίανδρος
3631 5654 3757 5714 τοὺς
