4140 6290
392 376 513 437 543
1715 366 2028 434 ΝΙΟΕΤΕ
2065 365 2488 430 ΕΗΟΝῙΛΤᾸΕ
3686 372 3810 432 5H.

395 505 655 571 πλείονας
684 502 986 580 είσεδὲχετο
1060 506 1161 580 (ὅ),
1238 504 1314 570 ὡς
1391 507 1619 583 βραχεῖς
1692 503 1753 560 ἐκ
1778 506 1887 559 τῶν
1913 497 2186 557 τοσούτων
2222 496 2495 579 χιλιάδων
2573 495 2929 570 διασωθῆναι.
2972 497 3076 558 Καί
3105 502 3266 556 τοῦτο
3296 500 3359 557 τδ
3432 492 3615 581 ἔργον,
3651 499 3807 581 εἷ’περ

393 615 445 650 τι
478 591 643 665 ἄλλο,
675 590 948 667 ἀναρρωσε
1025 591 1118 664 μὶν
1148 590 1215 647 τὰ
1267 593 1556 667 Ῥωμαίων
1628 591 1941 666 πράγματα,
1995 587 2215 650 καθεῖλε
2289 585 2346 645 δὲ
2389 586 2457 643 τὰ
2532 592 2747 665 Περσῶν
2826 589 3171 667 φρυάγματα’
3205 587 3282 652 ὧς
3309 589 3409 664 γάρ
3441 589 3503 645 ού
3581 586 3805 664 δεξομέ-

401 702 507 738 νων
534 686 669 761 σιρᾶς
697 685 805 736 τῶν
878 679 1168 754 Ῥωμαίων
1253 682 1552 759 γεγηθότες
1624 680 1880 753 ἐπῄεσαν,
1956 676 2065 761 καὶ-
2121 677 2197 738 ὡς
2271 682 2444 732 πᾶσαν
2485 675 2831 756 ἄφανίσοντες
2864 682 3062 755 μικροῦ
3127 680 3227 749 τήν
3279 677 3522 757 Φρυγίαν
3552 678 3644 735 καὶ
3685 682 3808 760 φθε-

396 759 613 846 ροῦντες
641 768 848 839 ὁπόσην
920 767 1091 825 ἔπεισι
1125 767 1432 846 Μαίανδρος
1506 766 1901 844 ἀπυλσρῥόας,
1977 759 2261 820 ἐσϐάλλων
2295 765 2370 830 είς
2446 765 2735 833 θάλασσαν.
2815 766 3004 825 Πίπτει
3081 765 3137 823 δὲ
3210 767 3346 825 κατὰ
3419 772 3613 825 τοῦτον
3699 759 3805 825 τὸν

393 856 637 932 πόλεμον
664 857 968 929 ’Δσπιέτης
1043 857 1093 929 ἐξ
1171 859 1348 923 αἰτίας
1377 856 1641 917 τοιᾶσδε..
1717 858 1932 931 Πέρσης
2005 856 2393 921 ἀντικαταστὰς
2466 857 2755 935 ’Δσπιέτῃ,
2827 857 3089 931 πλήττειν
3137 859 3241 916 οὐκ
3314 854 3459 937 ἔχων
3512 864 3651 917 κατὰ
3704 866 3804 918 τοῦ

400 950 653 1023 σώματος
686 951 774 1024 (τὰ
797 950 900 1025 γὰρ
933 948 1077 1005 ὅπλα
1107 950 1175 1019 ἦν
1208 949 1412 1026 ἰσχυρᾶ
1439 951 1530 1005 καὶ
1585 951 1622 1020 ἡ
1681 947 1842 1010 ἀσπὶς
1920 946 1973 1007 ἐς
2046 944 2217 1008 πόδας
2291 948 2621 1019 καθήκουσα)
2679 945 2768 1003 ἐπῖ
2842 947 2933 1005 τὸν
3001 944 3173 1004 ’ίππον
3251 949 3296 1022 ᾧ
3370 948 3439 1019 ἦν
3516 948 3807 1021 Ἀσπιέτης

397 1036 605 1117 ἔποχος
635 1041 795 1113 θυμῷ
826 1039 1065 1118 φέρεται·
1097 1040 1189 1095 καὶ
1221 1036 1289 1109 δὴ
1325 1040 1401 1101 ὡς
1476 1037 1691 1115 ἐπλήγη
1766 1034 1980 1112 καιρίαν
2011 1035 2150 1090 κατὰ
2175 1038 2284 1089 τῶν
2303 1032 2612 1110 προσώπων
2639 1033 2667 1089 ὁ
2692 1031 2887 1106 ἵππος,
2964 1034 3039 1097 είς
3092 1034 3336 1091 τούπίσω
3359 1057 3418 1091 τε
3448 1036 3804 1114 ἀναχάζεται,

397 1130 492 1185 καὶ
516 1130 642 1191 τοὺς
660 1129 892 1205 πρόσθεν
932 1125 1104 1191 πόδας
1139 1128 1469 1206 μετεωρίσας
1502 1126 1833 1203 μετεωρίσας
1862 1120 2292 1181 ἐπικαταϐάλλει
2313 1122 2405 1180 τὸν
2434 1118 2707 1195 ἀναϐάτην
2737 1123 2814 1187 είς
2842 1123 2937 1180 τὸν
2965 1124 3244 1200 ποταμόν.

474 1230 623 1286 VIII.
657 1229 792 1288 Post
820 1229 979 1286 hunc
1009 1245 1339 1286 successum
1363 1226 1595 1285 Manuel
1614 1225 1832 1284 bellum
1854 1225 2044 1282 Persis

2223 1225 2304 1281 ΙΨ.
2363 1222 2487 1279 Ἐπὶ
2543 1220 2601 1278 δέ
2656 1219 2796 1296 τῷδε
2836 1226 2916 1296 τῷ
2973 1218 3118 1299 ἔργῳ
3148 1225 3235 1280 καὶ
3265 1220 3451 1301 ἕτερον
3482 1227 3511 1281 ὁ
3544 1224 3813 1302 βασιλεὺς

403 1319 602 1388 infert,
632 1320 733 1392 qui
763 1320 835 1375 ad
870 1318 1168 1375 Lacerium
1200 1323 1256 1375 et
1313 1316 1629 1375 Panasium
1671 1314 1961 1383 incolunt,
1990 1318 2047 1370 et

2180 1312 2344 1369 ινύσαι
2431 1313 2791 1387 προθέμενος,
2842 1310 3001 1383 ἔξεισι
3066 1312 3201 1369 κατὰ
3260 1313 3424 1389 μέρος
3506 1316 3643 1370 κατᾶ
3688 1320 3803 1370 τῖον

404 1408 755 1464 Panasianis
811 1407 1134 1481 proﬂigatis
1209 1406 1555 1463 Lacerianos
1631 1405 1876 1460 invadit.
1938 1401 2046 1459 Sed

402 1499 751 1572 priusquam
785 1498 856 1554 ad
888 1496 1087 1553 hostes
1116 1501 1357 1552 ventum
1403 1499 1582 1563 esset,
1613 1495 1869 1551 Catidem
1903 1492 2051 1548 Lao-

407 1588 705 1645 dicensem
738 1585 1094 1658 speculatum
1125 1585 1327 1653 mittit,
1361 1585 1463 1657 qui
1492 1590 1559 1640 ut
1604 1585 1928 1641 Turcarum
1957 1596 2052 1637 res

409 1694 473 1735 se
502 1677 781 1733 haberent
811 1693 986 1749 quam
1019 1675 1316 1733 celerrime
1338 1675 1720 1733 renuntiaret.
1754 1674 1806 1731 Is
1834 1689 1966 1730 vero
1991 1673 2055 1728 ut

410 1764 637 1833 Turcis,
670 1768 869 1821 contra
897 1781 1045 1837 quos
1074 1765 1395 1838 imperator
1414 1769 1480 1821 ut
1501 1769 1764 1837 paratam
1798 1760 2053 1835 praedam

408 1856 551 1924 ibat,
609 1858 888 1911 terrorem
948 1855 1255 1921 incuteret,
1314 1853 1684 1927 imperatoris
1745 1851 2057 1927 praesentia

413 1941 684 1999 nuntiata
739 1941 877 1997 facit
921 1945 985 1997 ut
1040 1941 1375 2013 diffugiant.
1432 1940 1821 2005 Quamobrem
1878 1942 2058 2001 iratus

411 2031 729 2104 imperator
786 2046 998 2086 nasum
1049 2028 1137 2085 illi
1193 2030 1495 2103 praecidit:
1529 2031 1628 2087 sed
1662 2030 1861 2087 hostes
1897 2030 2061 2088 nulla

414 2120 788 2177 festinatione
843 2120 1079 2191 assequi
1112 2120 1323 2192 potuit.
1357 2118 1482 2176 Alio
1533 2136 1760 2192 quoque
1802 2124 2062 2194 tempore

420 2210 639 2265 Turcos
669 2225 771 2282 per
798 2208 1191 2265 Andronicum
1218 2208 1497 2281 Angelum
1516 2225 1823 2283 aggressus
1854 2226 2062 2283 parum

421 2314 697 2371 prospere
757 2298 911 2356 255
980 2300 1281 2370 pugnavit.
1337 2300 1441 2355 Cui
1489 2314 1621 2355 cum
1680 2300 2061 2358 Orientalium

424 2391 723 2460 copiarum
757 2392 978 2459 partem
1010 2389 1292 2458 optimam
1309 2388 1558 2445 dedisset
1587 2388 1912 2463 etlegatum
1944 2393 2067 2448 Ma-

426 2476 660 2535 nuelem
689 2478 1153 2534 Cantacuzenum
1188 2477 1571 2549 adjunxisset,
1589 2480 1777 2536 virum
1802 2481 1860 2536 in
1891 2481 2067 2537 rebus

427 2567 700 2641 gerendis
731 2571 1060 2634 strenuum,
1093 2583 1211 2623 una
1261 2583 1394 2623 cum
1427 2567 1558 2624 aliis
1588 2567 1920 2625 illustribus
1952 2568 2066 2627 Ro-

425 2659 643 2727 manis,
674 2659 900 2716 Turcos
920 2658 1290 2715 Cbaracenos
1310 2658 1490 2730 jussit
1519 2658 1808 2719 invadere.
1840 2659 1896 2717 Is
1925 2660 2070 2717 Cba-

433 2764 534 2805 rax
559 2749 714 2805 inter
746 2748 1011 2823 Lampom
1046 2753 1103 2805 et
1132 2747 1450 2821 Graosgala
1478 2748 1622 2805 situs
1652 2753 1742 2807 est
1792 2749 2073 2808 Androni-

430 2854 529 2897 cus
557 2837 738 2910 c0piis
770 2837 1092 2911 assumptis
1122 2839 1182 2893 in
1242 2837 1644 2911 Graosgaiacte
1676 2840 1929 2912 primum
1988 2856 2077 2896 ca-

434 2927 1343 2999 strametatur,deindejumentis
1365 2938 1417 2983 et
1440 2927 2079 3003 reliquisimpedimen-

429 3017 508 3074 tis
538 3018 619 3074 ibi
651 3016 869 3073 relictis
898 3016 1209 3072 Characem
1228 3016 1484 3074 cumlevi
1505 3022 1802 3075 armatura
1829 3017 2074 3075 invadit.

431 3106 544 3163 Sed
598 3105 759 3161 nullo
792 3105 1046 3161 facinore
1076 3105 1231 3162 edito
1263 3107 1419 3179 quod
1478 3111 1640 3163 tanto
1696 3107 1948 3165 exercitu
1983 3104 2075 3162 di-

434 3212 616 3267 gnum
666 3201 839 3261 esset,
889 3197 1073 3267 raptis
1127 3200 1354 3250 tantum
1402 3196 1724 3269 pecudibus
1773 3200 1831 3253 et
1878 3196 2079 3270 paucis

437 3283 642 3340 Turcis
669 3282 999 3355 pastoribus
1025 3283 1317 3352 abductis,
1341 3286 1603 3356 trepidus
1661 3286 1796 3343 inde
1843 3286 2077 3358 refugit.

434 3373 580 3429 Nam
613 3389 745 3428 cum
779 3389 841 3429 se
871 3377 1044 3429 noctu
1076 3373 1275 3430 Turcaa
1305 3392 1439 3431 cum
1490 3374 1844 3432 clamoribus
1876 3383 2078 3432 osten-

437 3464 682 3530 dissent,
712 3479 826 3519 non
862 3468 1117 3536 quantus
1147 3481 1344 3523 eorum
1376 3472 1532 3526 esset
1563 3485 1845 3524 numerus
1875 3482 2077 3540 exspe-

438 3552 635 3621 ctavit,
663 3569 776 3610 non
799 3570 939 3611 suos
967 3555 1037 3610 ad
1071 3573 1328 3628 pugnam
1361 3558 1771 3624 instruxit,sed
1791 3573 2009 3631 equum
2025 3559 2081 3613 et

440 3642 711 3700 manibus
742 3648 797 3701 et
825 3643 1066 3714 pedibus
1099 3650 1154 3700 et
1184 3662 1322 3701 voce
1351 3647 1425 3701 ad
1480 3645 1903 3703 velocissimum
1938 3663 2080 3702 cur-

440 3751 574 3791 sum
599 3734 880 3801 incitavit,
904 3752 1009 3792 nec
1040 3737 1100 3792 in
1130 3741 1323 3793 castra
1344 3737 1444 3794 sed
1475 3738 1707 3796 Cbonas
1733 3736 2077 3811 prOperavit.

439 3828 507 3881 Et
536 3826 676 3897 quia
703 3842 920 3897 equum
954 3842 1180 3883 currere
1224 3826 1449 3882 diutius
1504 3844 1672 3899 posse
1718 3827 1977 3894 videbat,
2010 3841 2083 3883 ne

439 3913 521 3970 ibi
551 3916 786 3989 quidem
820 3932 1058 3973 cursum
1082 3915 1435 3982 inbibet,sed
1454 3915 1710 3990 Phrygia
1734 3917 2082 3973 Laodiceam

2160 1402 2211 1460 ἐν
2263 1402 2511 1480 Λακερίῳ
2564 1401 2654 1457 καὶ
2713 1404 2966 1477 Πανασίῳ
3014 1403 3495 1474 κατασκηνούντων
3554 1406 3801 1480 Περσῶν.

2162 1491 2265 1549 Καὶ
2323 1493 2385 1561 εὴ
2443 1491 2745 1565 ἀναστήσας
2774 1492 2902 1556 τοὺς
2945 1491 3079 1549 κατᾶ
3134 1493 3198 1548 τὺ
3256 1494 3543 1561 Πανάσιον,
3593 1491 3721 1557 τοὺς
3754 1491 3805 1549 ἐι

2164 1581 2414 1657 Αακερίῳ
2484 1579 2717 1656 μέτεισιν
2774 1578 2979 1639 ἔπειτα.
3039 1582 3154 1659 Ιιρὸ
3225 1581 3282 1639 δὶ
3331 1587 3429 1639 τοῦ
3457 1588 3566 1639 τῶν
3599 1583 3807 1663 χώρων

2166 1668 2315 1732 ἐντὸς
2344 1669 2723 1746 γενέσθαικαθ⁹
2751 1670 2843 1736 οὕς
2868 1670 3162 1745 ηὐλίζοντο
3206 1673 3258 1727 οἱ
3315 1671 3606 1747 πολέμιοι,
3655 1671 3811 1730 στίλ-

2166 1759 2250 1816 λει
2305 1759 2397 1815 τὸν
2437 1757 2706 1817 Λαοδικέα
2765 1757 2998 1833 Κατίδην
3054 1759 3108 1817 ἐν
3159 1760 3239 1826 οἷς
3265 1759 3376 1818 ἐστι
3406 1762 3472 1818 τὶ
3498 1768 3608 1818 τῶν
3641 1761 3811 1839 Toup-

2166 1872 2276 1907 κων
2352 1848 2819 1925 κατασκεψόμενον
2879 1850 2969 1906 καὶ
3042 1852 3215 1929 τάχος
3300 1851 3487 1924 ἐκείνῳ
3574 1851 3814 1927 ἀπαγγε-

2170 1942 2375 1998 λοῦντα
2438 1941 2499 1997 τὸ
2553 1940 2762 2016 ὁραθὲν.
2831 1939 2895 2000 Ὀ
2945 1938 3003 1997 δὲ
3059 1943 3142 2015 [Ρ.
3204 1945 3327 2018 127]
3389 1934 3633 1999 διασοϐεῖ
3685 1940 3816 2004 τοὺς

2172 2029 2401 2107 Πέρσας,
2442 2028 2494 2094 ἐς
2526 2030 2619 2092 οὓς
2652 2029 2869 2106 ἐξώρμα
2908 2032 2939 2087 ά
2972 2029 3228 2107 βασιλεὺς
3258 2032 3332 2095 ὡς
3365 2031 3442 2095 είς
3492 2030 3641 2088 λείαν
3677 2028 3818 2087 ἐτοίο

2176 2144 2283 2198 μην
2323 2120 2415 2178 καὶ
2443 2121 2525 2177 ὅτι
2555 2120 2843 2199 ἐγγύτατον
2880 2123 3122 2197 θήραμα,
3154 2122 3244 2180 καὶ
3302 2123 3401 2193 τὴν
3459 2121 3626 2179 αὐτοῦ
3681 2140 3821 2196 παρ-

2176 2212 2359 2269 ουσίαν
2416 2209 2595 2284 δήλην
2680 2210 2912 2276 ἐκείνοις
2991 2212 3197 2284 τίθησι,
3261 2208 3586 2287 διαθροῆσαι
3646 2210 3821 2275 θέλων

2174 2301 2301 2365 τοὺς
2370 2301 2576 2377 Πέρσας
2629 2306 2709 2375 τῷ
2766 2298 3035 2373 βασιλέως
3067 2302 3316 2377 ὀνόματι.
3352 2300 3558 2374 Καὶτῷ
3590 2301 3685 2376 μὶν
3715 2320 3823 2379 χα-

2177 2389 2418 2464 λεπήνας
2478 2391 2679 2454 ἐκεῖνος
2737 2391 2827 2446 καὶ
2884 2389 3021 2467 πρὸς
3080 2391 3246 2467 ὀργὴν
3300 2389 3594 2471 ἐξενεχθεὶς
3663 2387 3822 2460 δίκην

2179 2480 2409 2553 ἐπέθηκε
2454 2481 2554 2552 τήν
2613 2479 2851 2554 ἐκτομὴν
2907 2487 3008 2550 τῆς
3067 2480 3233 2555 ῥινός’
3302 2479 3464 2545 αὐτὸς
3542 2476 3600 2537 δὶ
3682 2476 3824 2554 μηδὶ

2183 2572 2367 2649 βραχύ
2389 2592 2443 2627 τι
2480 2573 2606 2647 γοῦν
2634 2566 2851 2638 ἀναδὺς,
2884 2568 3014 2626 ἀλλ’
3044 2566 3376 2647 ἐπιταχύνας
3414 2569 3490 2632 ὡς
3551 2570 3726 2645 εἶχεν,
3758 2568 3822 2625 οὐ

2182 2662 2408 2718 κατόπιν
2466 2657 2592 2730 ἥκει
2637 2657 2726 2716 καὶ
2785 2656 2933 2715 οὕτω
2996 2665 3105 2716 τῶν
3151 2657 3460 2734 πολεμὶων.
3508 2656 3686 2717 Ἀλλὰ
3735 2658 3825 2714 καί

2178 2749 2380 2808 ἂλλοτέ
2452 2771 2586 2806 ποτε
2656 2747 2729 2806 δι’
2784 2745 3132 2826 Ἀνδρονίκου
3207 2752 3309 2805 τοῦ
3383 2748 3651 2827 Ἀγγέλου
3707 2752 3827 2810 τοῖς

2180 2839 2445 2915 Τούρκοις
2489 2836 2729 2907 ἐπέθετο,
2787 2834 2882 2895 κᾶν
2929 2836 3041 2911 οὐχ
3081 2836 3157 2902 ὡς
3208 2835 3398 2912 ἄριστα
3444 2835 3536 2892 καὶ
3583 2836 3709 2893 τότε
3761 2834 3828 2891 τά

2180 2931 2317 2986 κατά
2360 2929 2451 2985 τὸν
2517 2927 2764 3002 πόλεμον
2819 2927 2964 3000 αὐτῷ
3021 2926 3334 2998 ὑπηντίασε.
3382 2931 3477 3001 Τῷ
3519 2926 3622 3002 γὰρ
3671 2922 3826 3000 ἀνδρὶ

2180 3020 2360 3093 τούτῳ
2415 3022 2521 3074 τῶν
2581 3018 2733 3091 ἑῴων
2780 3015 3075 3093 ταγμάτων
3137 3016 3167 3073 δ
3193 3016 3246 3074 τί
3279 3037 3379 3095 περ
3410 3016 3693 3091 κράτιστον
3720 3033 3829 3069 πα-

2186 3106 2403 3185 ραδοὺς,
2458 3108 2545 3162 καὶ
2599 3109 2978 3183 συνεκπέμψας
3028 3105 3175 3179 αύτῷ
3221 3106 3315 3163 τὸν
3386 3101 3817 3171 Καντακουζηνὸν

2186 3199 2464 3268 Μανουὴν,
2497 3193 2663 3273 ἄνδρα
2687 3197 2811 3273 περῖ
2869 3196 2965 3262 τὰς
3018 3198 3239 3272 πράξεις
3299 3196 3495 3274 ἀγαθὸν
3548 3192 3637 3249 καὶ
3688 3210 3816 3267 γεν-

2182 3294 2352 3354 ναῖον,
2402 3286 2494 3342 καὶ
2533 3287 2749 3360 ἑτέρους
2813 3289 2921 3341 τῶν
2963 3283 3049 3343 ἐπὶ
3112 3282 3275 3356 δόξης
3332 3280 3634 3357 Ῥωμαίων,
3685 3277 3829 3335 κατὰ

2182 3381 2289 3432 τῶν
2345 3374 2396 3431 ἐν
2441 3379 2522 3448 τῷ
2577 3376 2794 3450 Χάρακι
2849 3374 3107 3449 Τούρκών
3166 3373 3379 3451 ἀφίησι·
3429 3377 3601 3429 κεῖται
3654 3365 3714 3426 δὶ
3802 3368 3832 3422 ὁ

2182 3465 2362 3539 Χάραξ
2422 3466 2582 3527 οὗτος
2653 3463 2847 3538 μεταξὺ
2905 3462 3143 3538 Λάμπης
3198 3464 3428 3520 καὶτοῦ
3486 3468 3586 3532 τῆς
3663 3458 3837 3534 Γραὸς

2186 3553 2486 3618 Γάλακτος.
2519 3552 2629 3617 Τὰς
2676 3549 2930 3627 δυνάμεις
2975 3554 3155 3609 τοίνυν
3211 3547 3500 3609 ἀναλαϐὼν
3560 3546 3836 3625 Ἀνδρόνι-

2185 3668 2281 3712 κος
2301 3650 2492 3722 πρῶτα
2520 3646 2613 3720 μέν
2644 3643 2719 3708 εἷς
2746 3644 2808 3700 τὸ
2837 3651 2937 3715 τῆς
2982 3644 3151 3712 Γραὸς
3212 3637 3595 3719 παρεμϐάλλει
3658 3638 3831 3709 Γάλα,

2188 3733 2370 3791 ἔπειτα
2417 3731 2463 3788 δ’
2514 3732 2685 3788 ἐκεῖσε
2740 3733 2807 3788 τὰ
2867 3731 3134 3811 ὑποζύγια
3159 3731 3275 3807 ικαὶ
3323 3732 3422 3801 τὴν
3466 3727 3644 3801 ἄλλην
3686 3728 3832 3783 ἀπο-

2185 3827 2380 3896 σκευὴν
2439 3822 2800 3896 καταθέμενος
2857 3821 3055 3879 ἄνεισιν
3110 3820 3165 3887 ἐς
3216 3820 3390 3878 νέωτα
3417 3820 3556 3897 πρὸς
3605 3818 3699 3875 τὸν
3725 3814 3838 3874 Χά-

2189 3934 2345 3992 ρακα,
2401 3913 2619 3991 κούφως
2670 3912 3027 3987 ὠπλισμὲνην
3084 3905 3229 3988 ἔχων
3289 3911 3390 3980 τὴν
3454 3907 3726 3985 στρατιάν.
3759 3903 3838 3964 Ού

443 4006 761 4061 contendit.
816 4005 1121 4063 Enimvero
1199 4006 1485 4062 exercitus
1553 4005 1854 4078 inOpinata
1911 4003 2072 4060 ducis

2187 4012 2428 4085 γενναῖον
2469 4001 2525 4063 δὲ
2550 4027 2603 4061 τι
2643 4002 2840 4079 δράσας
2881 4002 2993 4060 οὐδ’
3042 4003 3186 4080 ἄξιον
3222 4007 3321 4059 τοῦ
3363 4001 3629 4059 τοσούτου
3676 4018 3845 4072 στρα-

446 4095 713 4150 absentia
742 4100 1148 4153 consternatus
1180 4099 1303 4153 acie
1331 4094 1525 4152 soluta
1554 4096 1735 4151 effuse
1760 4094 2072 4167 iugit,25ﬂ

2191 4098 2483 4174 τεύματος,
2544 4094 2574 4152 ὅ
2634 4099 2934 4166 τηνικαῢνα
2997 4093 3256 4169 ἐπήγετο,
3308 4092 3462 4150 ἀλλὰ
3514 4090 3844 4166 συμμετρή-

450 4184 773 4256 pecudibus
800 4188 858 4239 et
887 4184 1130 4256 captivis
1157 4185 1410 4242 omissis.
1446 4184 1703 4240 Forsitan
1736 4183 1908 4240 etiam
1942 4182 2072 4239 inte]

2195 4210 2289 4252 σας
2335 4188 2399 4245 τὸ
2449 4182 2604 4263 ἔργον
2655 4181 3024 4261 ϐοσκημάτων
3072 4186 3337 4262 ἁρπαγαῖς
3389 4181 3480 4239 καὶ
3527 4181 3842 4255 ποιμνίταις

453 4288 583 4328 sese
603 4275 928 4329 certassent
958 4273 1225 4340 Romani,
1256 4276 1395 4348 quia
1428 4290 1537 4331 nox
1589 4271 1783 4329 adhuc
1809 4276 1955 4344 erat,
1977 4272 2068 4329 nis

2199 4277 2408 4353 ὀλίγοις
2441 4275 2735 4351 Τούρκοις,
2764 4272 3024 4351 περιδεὴς
3076 4273 3275 4330 ἐκεῖθεν
3333 4272 3642 4330 ἆπονοστεῖ.
3677 4270 3849 4353 ,Ἐπι-

455 4360 1155 4419 ManuelCantacuzenus
1215 4364 1414 4419 stricto
1470 4378 1610 4419 ense
1668 4360 2005 4432 obstitisset,
2040 4378 2070 4418 e

2198 4352 2464 4445 φανέντων
2516 4363 2621 4440 γὰρ
2678 4363 2738 4419 ἐκ
2793 4366 2901 4420 τῶν
2968 4364 3189 4427 ’ὀπισθεν
3269 4362 3457 4424 νυκτὸς
3553 4352 3847 4445 βαρβάρων

454 4449 723 4523 fugitivos
753 4450 988 4523 obliquo
1017 4451 1211 4523 gladio
1231 4449 1673 4523 perculisset,ac
1703 4456 1857 4506 stare
1880 4451 2093 4521 jussis-

453 4544 542 4596 set
572 4549 957 4614 prosequente
1013 4542 1266 4597 nemine.
1299 4540 1391 4595 sic
1422 4539 1659 4597 tandem
1692 4540 1836 4595 faeda
1863 4543 1921 4596 et
1954 4557 2096 4614 prae-

454 4646 591 4703 ceps
621 4629 722 4686 illa.
755 4633 886 4704 fuga
918 4628 1189 4687 nonnihil
1241 4644 1575 4700 compressa
1604 4636 1713 4685 est.
1765 4631 1887 4697 Qua
1943 4629 2094 4686 indi-

452 4725 665 4792 gnatus
694 4718 1014 4793 imperator
1046 4734 1253 4794 parum
1286 4717 1476 4773 adfuit
1505 4720 1648 4790 quin
1696 4719 2092 4776 Andronicum

2196 4458 2357 4510 τινῶν
2406 4454 2497 4510 καὶ
2545 4453 2889 4528 βοησάντων,
2950 4453 3027 4524 μὴ
3073 4450 3359 4525 ἀναμείνας
3407 4448 3444 4519 ἢ
3497 4449 3560 4505 τὸ
3628 4444 3848 4515 πλῆθος

2200 4547 2308 4601 τῶν
2362 4542 2626 4599 ἐπιόντων
2669 4540 3014 4615 κατεξετάσαι
3078 4539 3115 4611 ἢ
3184 4537 3314 4601 τοὺς
3380 4536 3468 4594 ὑπ’
3536 4535 3695 4592 αὐτὸν
3776 4531 3856 4595 είς

2205 4632 2393 4712 μᾶχην
2443 4630 2940 4704 καταστησάμενος,
2995 4627 3138 4690 ἄνεῖς
3194 4628 3287 4685 τὸν
3338 4625 3706 4703 ὑπεκφέροντα
3755 4621 3854 4677 ’ἱπ-

2201 4709 2323 4777 πον’
2350 4718 2441 4775 καὶ
2487 4720 2643 4797 χερσὶ
2692 4717 2783 4774 καὶ
2830 4715 2959 4773 ποσὶ
3004 4715 3094 4773 καὶ
3148 4719 3303 4793 φωνῇ
3349 4714 3485 4788 πρὸς
3515 4711 3576 4768 τὸ
3599 4709 3852 4785 φέρεσθαι

457 4808 727 4865 muliebri
758 4810 960 4865 habitu
996 4827 1095 4881 per
1122 4809 1325 4864 urbem
1342 4808 1696 4864 circumduci
1719 4810 2072 4881 juberet.Se<

2203 4810 2365 4880 όξὲως
2433 4806 2725 4885 διήγειρεν,
2785 4806 2846 4862 οὗ
2920 4806 3020 4875 τὴν
3065 4802 3121 4869 ἐς
3191 4805 3517 4879 στρατήγιον
3587 4798 3853 4878 φέρουσαν

460 4900 526 4950 ut
550 4912 790 4952 suorum
832 4914 1053 4963 amans,
1084 4897 1448 4964 cognationis
1506 4897 1729 4953 ratione
1760 4897 1980 4966 habita,
2002 4897 2072 4955 ire

2206 4897 2432 4967 ὁδεύων,
2510 4895 2636 4952 ἀλλ’
2685 4895 2811 4952 εὐθὺ
2874 4901 2977 4965 τῆς
3021 4898 3127 4951 τῶν
3182 4895 3383 4951 Χωνῶν
3443 4888 3724 4966 ὡρμηκὼς
3754 4886 3861 4942 πό-

457 4983 788 5055 imperavit,
816 4985 1142 5055 praesertim
1169 5002 1303 5041 cum
1324 4986 1386 5041 in
1433 5002 1499 5041 ea
1532 5002 1727 5059 pugna
1753 4986 2072 5058 paucissim

2208 4990 2368 5052 λεως.
2424 4984 2576 5043 Ἰδὼν
2646 4984 2703 5042 δὲ
2756 4986 2850 5043 τὸν
2906 4985 3074 5042 ἳππον
3117 4982 3209 5040 καὶ
3269 4980 3603 5060 πορρωτέρω
3653 4981 3861 5054 χωρεῖν

457 5070 823 5129 cecidissent.
857 5073 1015 5131 Nihil
1072 5074 1132 5129 in
1185 5089 1253 5129 ea
1308 5074 1674 5147 expeditione
1723 5076 2068 5133 memorabil

2207 5077 2406 5156 ἔχοντα
2437 5073 2551 5133 οὐδ’
2582 5074 2753 5132 ἐκεῖσε
2780 5075 2873 5131 τὸν
2920 5073 3122 5151 δρόμον
3170 5074 3404 5144 ἳστησιν,
3464 5068 3592 5129 ἀλλ’
3644 5067 3699 5131 ἐς
3756 5066 3857 5135 τήν

461 5166 692 5233 gestum
722 5166 834 5231 est,
864 5162 1016 5233 quod
1047 5167 1105 5218 et
1133 5163 1329 5219 subito
1386 5164 1633 5220 eductus
1663 5170 1755 5221 est
1809 5165 2064 5222 exercitu

2210 5167 2262 5224 ἐν
2316 5164 2543 5243 Φρμγίᾳ
2590 5163 2912 5223 Λαοδίκειαν
2971 5163 3103 5222 ὅλον
3136 5164 3397 5220 συντείνει
3449 5160 3515 5217 τὸ
3545 5159 3857 5235 πρόθυμον.

462 5255 518 5307 et
547 5250 789 5307 celerius
810 5251 1110 5307 reductus.
1143 5251 1316 5308 Persa
1344 5268 1479 5309 vero
1510 5253 1749 5326 quidam
1773 5256 1954 5310 arduo
1978 5254 2067 5311 loc

2209 5256 2286 5314 Τὸ
2340 5252 2397 5312 δὲ
2461 5253 2769 5330 στράτευμα
2814 5254 2952 5327 πρὸς
3006 5255 3106 5324 τὴν
3165 5250 3362 5328 ἂθρόαν
3422 5250 3520 5306 τοῦ
3580 5243 3861 5322 ἡγεμόνος

466 5345 768 5413 occupato,
795 5339 1010 5397 multos
1057 5342 1530 5413 praetereuntium
1588 5342 1982 5400 Romanorum
2016 5362 2072 5401 ss

2210 5344 2514 5426 ἀφάντωσιν
2577 5343 2906 5424 ἐκταραχθὶν
2991 5340 3268 5398 διαλύεται
3353 5346 3454 5409 τῆς
3550 5336 3854 5406 συντάξεως

470 5428 634 5502 gittis
687 5428 1005 5501 interemit,
1065 5430 1245 5487 etiam
1317 5431 1581 5488 thoraces
1633 5435 2097 5506 penetrantibus.

2207 5434 2299 5490 καὶ
2348 5435 2439 5491 σὺν
2491 5430 2667 5491 οὐδενὶ
2722 5434 2917 5508 κόσμῳ
2976 5431 3231 5507 τρέπεται
3289 5429 3426 5504 πρὸς
3485 5429 3688 5505 φυγήν,
3754 5427 3869 5479 τῶν

1756 5551 1949 5620 Hier.
2009 5551 2284 5620 Wolfii.
2348 5556 2562 5623 notae.

543 5686 617 5757 (5)
651 5680 961 5761 Μαίανδρος
982 5684 1109 5745 τοὺς
1141 5679 1400 5745 πλείονας
1433 5680 1733 5759 εἰσεδέχετο
1764 5685 1921 5741 Adde
1947 5682 2066 5759 ἓτερ

2180 5687 2212 5741 i‘s
2243 5685 2575 5765 ἐφονεύοντο,
2598 5686 2704 5743 alii
2728 5687 3139 5743 occidebantur.
