4140 6290
449 343 568 401 547

1769 335 1826 394 Ν
1834 331 2086 395 ιιὶΕΤιΕ
2127 333 2548 395 ΟΗΟΝΙΑΤᾸΞ

3737 335 3862 396 518

454 474 684 548 imperii
717 471 994 546 principio
1025 470 1300 526 diadema
1327 485 1588 541 purpura
1605 471 1661 525 et
1687 483 1875 540 equus
1906 466 2100 523 aureis

2220 464 2355 540 φωτὶ
2385 469 2603 536 ποιητῷ
2651 463 2883 540 βαδίζων
2950 462 3038 520 διά
3095 472 3199 534 τῆς
3247 466 3511 521 Βιθυνῶν-
3575 467 3609 534 ἡ
3671 462 3728 520 δὲ
3789 465 3866 527 ὡς

455 563 709 638 phaleris
739 569 1002 620 ornatus.
1035 559 1107 615 Ut
1134 574 1312 631 prope
1342 559 1495 616 259
1521 557 1946 627 Claudiopolim
1969 573 2104 612 ven-

455 659 577 710 tum
610 659 720 720 est,
753 651 991 708 Barbari
1026 651 1276 706 adventu
1309 649 1437 720 ejus
1461 665 1529 704 ex
1561 647 1788 704 vexillis
1826 651 1884 702 et
1911 646 2102 720 splen-

456 743 594 798 dore
623 757 920 798 armorum
963 740 1194 812 cognito
1247 739 1402 810 fugas
1445 755 1508 795 se
1555 738 1954 804 mamdarunt,
2004 735 2103 792 illo

458 848 632 904 quam
675 831 1016 904 longissime
1075 833 1482 902 persequente.
1530 827 1655 883 Non
1689 827 1882 882 minus
1912 833 2102 882 autem

455 924 584 992 ejus
617 922 872 977 adventu
905 918 1128 976 obsessi
1155 919 1403 989 jamjam
1433 919 1808 988 desperantes
1863 915 2102 970 recreati

453 1015 592 1066 sunt
624 1025 802 1083 quam
837 1013 1024 1064 nautae
1051 1012 1184 1080 post
1208 1005 1456 1062 multum
1484 1005 1806 1078 remigandi
1831 1004 2105 1060 sudorem

454 1101 711 1156 secundo
742 1105 932 1165 vento,
968 1105 1067 1152 aut
1112 1112 1244 1152 vere
1289 1095 1631 1151 dulcissimo
1663 1099 1794 1166 post
1853 1091 2107 1165 asperri-

457 1205 610 1245 mam
645 1188 902 1244 hiemem
926 1191 1025 1242 aut
1056 1185 1298 1242 alterius
1329 1185 1462 1240 mali
1496 1183 1764 1256 principii
1795 1183 1921 1237 leto
1951 1181 2107 1238 exitu

455 1277 726 1334 homines
745 1275 1052 1332 exhilarari
1083 1273 1292 1330 solent.

2213 552 2404 608 ἐπίπαν
2473 559 2594 616 ταῖς
2679 553 3010 630 ξυναγκείαις
3074 553 3444 622 πεπύκνωται,
3501 554 3593 608 καὶ
3653 553 3864 630 ἄπορός

2211 639 2322 696 ἐστι
2355 641 2622 716 πολλαχῆ
2655 665 2736 714 τῳ
2756 650 2856 712 τῆς
2889 642 3030 714 ὕλης
3063 647 3369 719 συνηρεφεῖ.
3405 641 3471 699 Εἴ
3492 639 3549 697 δὶ
3609 664 3714 698 που
3769 646 3862 700 καὶ

2211 730 2404 805 χρείας
2454 731 2749 802 ἰκανούσης
2804 729 2975 787 ὲδεῖτο
3027 729 3468 800 διαναπαύεσθαι,
3517 733 3710 807 γήϊνον
3743 734 3868 810 εἶχε

2209 823 2309 891 τὴν
2339 821 2622 896 καθέδραν,
2674 825 2766 878 καί
2831 823 3010 902 κάρφη
3076 819 3503 896 ὑποϐεϐλημένη
3548 825 3639 878 καὶ
3698 847 3868 901 φορυ-

2212 913 2304 974 τὸς
2357 913 2711 987 ὑποκείμενος
2767 913 2955 987 ἐκείνῳ
3038 915 3137 984 τήν
3195 916 3484 990 στρωμνήν
3533 912 3871 993 ἐσχεδίαζεν.

2214 1001 2336 1057 Ὀτὶ
2367 999 2423 1056 δὲ
2481 1003 2635 1058 ὑετοῦ
2700 1003 3119 1080 κατενεχθέντος
3175 1007 3266 1059 καί
3331 1007 3428 1058 τοῦ
3475 1007 3714 1075 σταθμοῦ
3773 1026 3868 1081 γε·

2215 1093 2454 1166 νομένου
2513 1093 2649 1150 κατὰ
2697 1094 2946 1174 φάραγγα
3003 1093 3286 1170 τεναγώδη
3365 1091 3568 1158 ἄνωθέν
3629 1115 3688 1150 τε
3744 1101 3870 1157 ταῖς

2218 1181 2466 1259 σταγόσιν
2527 1181 2777 1259 ἒτὲγγετο
2831 1184 2922 1238 καὶ
2977 1185 3068 1239 τὸν
3117 1183 3283 1238 ὕπνον
3340 1180 3594 1238 διεσπᾶτο
3649 1189 3729 1256 τῷ
3769 1185 3871 1254 τήν

2220 1265 2447 1325 στιϐάδα
2525 1271 2890 1350 ύποτρέχογτι
2937 1273 3159 1345 νάματι.
3205 1271 3354 1329 Κάπῖ
3410 1277 3528 1334 τοῖς
3591 1272 3870 1334 τοιούτοις

459 1366 710 1438 ἠγαπᾶτο
747 1361 961 1438 μᾶλλον
993 1362 1084 1418 καὶ
1113 1364 1282 1437 ἠγᾶτο
1341 1361 1376 1430 ἢ
1428 1365 1518 1416 ὅτε
1593 1357 1891 1434 διαδήματι
1962 1361 2262 1414 ὶταινιοῦτο
2335 1360 2422 1414 καὶ
2483 1359 2784 1434 περιέκειτο
2835 1361 2934 1430 τὴν
3014 1357 3314 1436 ἁλουργίδα
3363 1361 3453 1416 καὶ
3531 1361 3625 1416 τὸν
3691 1359 3870 1416 ἲππον

459 1450 705 1509 ἀνέϐαινε
753 1454 844 1508 τὸν
923 1451 1366 1528 χρυσοφάλαρον.
1443 1451 1532 1515 Ὠς
1589 1448 1646 1504 ὂὶ
1719 1450 1944 1526 ἤγγισεν
2021 1449 2084 1504 οὗ
2161 1450 2244 1523 [Ρ.
2278 1450 2404 1520 129]
2433 1445 2718 1524 ἐπορεύετο
2749 1449 2838 1504 καὶ
2903 1447 3054 1505 ὦπτο
3127 1453 3243 1512 τοῖς
3317 1449 3439 1524 περὶ
3516 1450 3614 1518 τήν
3691 1448 3878 1508 Κλαυ-

460 1541 746 1598 διούπολιν
822 1540 1175 1612 ἐσκηνωκόσι.
1251 1534 1574 1614 Βαρϐάροις,
1635 1541 1690 1594 οἱ
1751 1539 1844 1612 μὲν
1908 1537 1960 1600 ἐς
2036 1537 2212 1612 φυγὴν
2286 1537 2483 1602 ἐκεῖθεν
2559 1537 2752 1593 αὐτίκα
2824 1536 3110 1614 ὥρμησαν.
3144 1539 3448 1614 ἐγνωκότες
3523 1540 3622 1608 τήν
3701 1539 3873 1595 αὑτοῦ

461 1627 674 1685 ἕλευσιν
723 1627 783 1685 ἔκ
811 1650 869 1686 τε
905 1635 1012 1684 τῶν
1059 1629 1299 1702 σημείων
1349 1633 1456 1683 τῶν
1515 1629 1808 1706 ταγμάτων
1867 1627 1957 1682 καὶ
1997 1633 2100 1696 τῆς
2153 1630 2260 1680 τῶν
2319 1624 2506 1681 ὃπλων
2575 1626 2999 1700 λαμπηότητος,
3067 1628 3232 1690 αὐτὸς
3271 1627 3318 1683 δ’
3373 1628 3615 1686 ἐπέκειτο
3654 1625 3876 1684 διώκων

461 1720 515 1782 ἐς
547 1720 672 1776 ’ὸσον
705 1720 772 1788 ἧν
805 1717 1018 1798 ἐφικτὸν
1050 1718 1124 1780 ὡς
1165 1719 1499 1793 προσωτάτω
1536 1723 1637 1786 τῆς
1673 1717 1872 1792 μάχης.
1909 1715 2062 1770 Οὕτω
2141 1711 2186 1770 δ’
2261 1713 2523 1775 ἀσπάσιος
2557 1713 2754 1786 ἐπέστη
2829 1721 2952 1779 τοῖς
3027 1715 3077 1770 ἐν
3151 1715 3323 1790 ἐκείνῃ
3373 1721 3444 1791 τῇ
3518 1715 3680 1772 πόλει
3727 1718 3876 1774 Ῥω-

463 1807 648 1880 μαίοις
673 1806 1027 1881 ἀπειρηκόσιν
1059 1803 1166 1875 ἤδη
1199 1808 1336 1876 πρὸς
1363 1807 1430 1860 τὰ
1456 1809 1563 1858 τῶν
1592 1804 1846 1880 Τούρκων
1897 1807 2244 1880 φρονήματα,
2320 1805 2394 1866 ὡς
2469 1803 2594 1859 οὐδὲ
2659 1806 2878 1866 ναύταις
2954 1804 3117 1880 οὖρος
3190 1805 3636 1878 προσκεκμηκόσι
3747 1811 3876 1868 ταῖς

459 1898 670 1951 κώπαις
701 1896 790 1951 καὶ
839 1893 1097 1951 πλεῖστον
1171 1895 1356 1958 αὐταῖς
1413 1891 1749 1970 ἑνιδρώσασι,
1788 1893 1878 1948 καὶ
1954 1889 2046 1970 ἔαρ
2121 1890 2343 1964 ¹ἥδιστον
2403 1893 2538 1966 μετὰ
2612 1899 2898 1969 χειμῶνος
2969 1891 3354 1971 κατήφειαν,ἤ
3425 1891 3610 1970 ’ἕτερόν
3636 1913 3690 1949 τι
3765 1901 3877 1950 τῶν

461 1987 560 2041 ὃσα
589 1984 648 2042 ἐκ
680 1984 944 2060 λυπηρῶν
979 1984 1166 2060 ἀρχῶν
1195 1984 1271 2046 εἷς
1301 1985 1669 2059 χρηστοτέραν
1708 1979 2014 2058 μεταϐαίνει
2046 1986 2389 2042 κατάστασιν.

1627 2343 2053 2441 ΤΟΜΟΣ
2136 2346 2728 2446 ΕΒΔΟΜΟΣ

1399 2542 1538 2598 THE
1571 2542 1946 2598 ΒΑΣΙΛΕΙΑΣ
1980 2544 2317 2601 ΜΑΝΟΥΗΛ
2359 2545 2492 2601 ΤΟΥ
2523 2547 2929 2604 ΚΟΜΝΙΙΝΟΥ.

1645 2793 2014 2887 LIBER
2083 2793 2685 2890 SEPTIMUS

1233 2997 1540 3063 RERUM
1581 2998 1638 3062 A
1679 2997 2111 3064 MANUELE
2150 2999 2562 3067 COMNENO
2605 3001 3087 3070 GESTARUM

531 3307 582 3360 1.
615 3306 783 3361 Nunc
815 3305 915 3360 illa
963 3306 1138 3361 etiam
1190 3307 1491 3362 referenda
1539 3314 1697 3365 sunt.
1763 3312 2104 3382 Imperator,

2290 3319 2355 3368 α’.
2393 3310 2584 3366 Δοτέον
2641 3317 2722 3384 τῷ
2782 3311 2940 3390 λόγῳ
2981 3312 3223 3374 κάκεῖνα.
3277 3315 3340 3372 '0
3395 3309 3650 3388 βασιλεὺς
3705 3312 3875 3374 οὗτος

461 3394 600 3466 quia
631 3399 832 3464 gentes
863 3393 1030 3450 sinus
1061 3395 1205 3450 Ionii
1255 3395 1406 3450 bello
1438 3403 1629 3468 petere
1685 3413 1801 3452 non
1861 3402 2106 3468 poterat,

2225 3401 2302 3472 μὴ
2333 3398 2483 3475 ἒχων
2531 3399 2688 3474 νόμῳ
2743 3401 2996 3474 πολέμου
3043 3403 3182 3458 κατὰ
3229 3409 3338 3460 τῶν
3395 3401 3558 3468 ἐθνῶν
3619 3399 3878 3458 ὶπελθεῖν

461 3483 580 3539 imo
613 3481 803 3554 potius
829 3481 1194 3540 incursiones
1221 3500 1420 3539 earum
1461 3485 1523 3539 in
1556 3483 1843 3540 Romanas
1874 3487 2110 3557 provin-

2223 3489 2394 3544 ὁπόσα
2450 3488 2658 3546 κόλπον
2707 3491 3064 3569 ἀμφινέμεται
3111 3493 3204 3548 τὸν
3265 3492 3477 3564 Ἰόνιον,
3561 3492 3597 3562 ἢ
3659 3489 3877 3563 μᾶλλον

463 3574 582 3630 cias
611 3580 887 3646 perpetuo
915 3575 1177 3644 timebal,
1235 3576 1384 3631 haud
1427 3576 1669 3647 ignarus
1715 3577 1914 3648 copias
1955 3578 2110 3634 Occi.

2220 3580 2320 3648 τὴν
2365 3580 2504 3634 κατὰ
2557 3579 2844 3652 Ῥωμαίων
2897 3573 3092 3657 ἔφοδον
3139 3579 3348 3638 τούτων
3403 3581 3510 3655 πρὸ
3569 3577 3876 3657 ἀφθαλμῶν

457 3663 718 3720 dcntales
764 3665 916 3720 209
981 3663 1252 3720 Romanis
1324 3681 1450 3720 esse
1515 3664 1684 3737 longe
1755 3667 2108 3736 superiores.

461 3755 781 3824 praesertim
811 3771 946 3811 vero
980 3752 1374 3811 formidabiles
1413 3770 1512 3810 eas
1557 3755 1677 3811 fore
1723 3757 1772 3811 si
1821 3757 1880 3812 in
1931 3772 2106 3813 unum

462 3843 1082 3914 conspirarent,multo
1105 3847 1238 3898 ante
1255 3859 1314 3899 se
1338 3844 1545 3915 quovis
1569 3846 1740 3900 modo
1757 3851 1960 3901 contra
1979 3845 2110 3900 illas

465 3932 782 3990 muniebat.
816 3931 962 3988 Nam
977 3933 1299 3989 Orientales
1330 3933 1568 4004 quidem
1625 3934 1906 3990 Barbaros
1933 3934 2110 3990 licere

463 4021 574 4076 sibi
605 4025 664 4076 et
693 4022 941 4092 pecunia
971 4020 1280 4076 conciliare
1329 4025 1388 4076 et
1418 4021 1598 4076 armis
1626 4022 1778 4078 intra
1801 4023 1948 4077 lines
1973 4039 2110 4079 suos

463 4109 786 4166 continere:
828 4110 926 4164 sed
960 4108 1412 4164 occidenlalium
1461 4109 1726 4181 gentium
1779 4109 2113 4164 multitudi-

461 4211 595 4251 nem
629 4196 831 4252 timere
867 4212 948 4262 se,
979 4197 1132 4266 quod
1179 4197 1283 4252 viri
1329 4197 1563 4268 superbi
1616 4200 1756 4267 sint,
1813 4198 2112 4267 indomiti,

463 4284 839 4354 sanguinarii,
873 4301 980 4340 nec
1001 4289 1230 4340 tantum
1263 4287 1474 4358 opibus
1505 4291 1562 4342 et
1583 4285 1762 4342 armis
1791 4286 2108 4352 abundent,

461 4373 562 4430 sed
583 4372 1053 4430 irreconciliabili
1075 4373 1248 4430 etiam
1271 4373 1401 4429 odio
1423 4378 1718 4430 Romanos
1753 4390 2110 4446 persequan-

459 4468 575 4520 tur.
608 4463 855 4519 Proinde
912 4461 1206 4528 Venetias,
1252 4463 1539 4529 Genuam,
1571 4464 1761 4526 Pisas,
1809 4467 2108 4519 Anconam

460 4557 518 4608 et
551 4551 810 4624 reliquos
839 4569 949 4608 orte
981 4551 1289 4608 maritimae
1315 4550 1539 4606 accolas
1587 4551 1871 4608 Romanis
1914 4551 2111 4608 conci-

461 4642 662 4710 liabat,
683 4640 1071 4713 jurejurando
1101 4638 1486 4706 devinciebat,
1518 4639 1712 4696 omnis
1741 4640 1968 4712 generis
1988 4641 2112 4696 ofﬁ-

460 4731 568 4786 ciis
600 4729 892 4786 alliciebat
921 4733 978 4784 et
1008 4729 1067 4784 in
1099 4729 1244 4784 urbe
1271 4727 1930 4800 imperatricebospitiis
1957 4728 2116 4786 exci-

463 4817 680 4891 piebat.
710 4819 775 4872 Et
809 4817 949 4888 quia
994 4817 1300 4873 verebatur
1343 4831 1416 4873 ne
1467 4816 1601 4888 quis
1649 4817 2112 4874 Occidentalium

461 4907 880 4978 regumopibus
895 4909 2116 4980 auctisRomanosinvaderet,potentiorum

463 4994 696 5063 injuriis
727 4995 1004 5050 obnoxios
1035 4995 1278 5068 populos
1311 4999 1562 5068 pecunia
1594 4998 1907 5067 reﬁciebat,
1935 4999 1996 5054 in
2029 5017 2118 5054 ιιι·-

467 5081 582 5140 mis
629 5084 935 5140 exercebat
980 5093 1034 5139 et
1071 5087 1144 5140 ad
1203 5085 1601 5142 resistendum
1659 5087 1977 5143 animabat.
2035 5092 2117 5144 Ac

468 5171 649 5228 Italos
680 5175 882 5229 contra
908 5173 1222 5230 Alcmanire
1254 5190 1450 5246 regem
1475 5175 1860 5240 Fridericum.
1893 5177 1994 5248 qui
2021 5193 2120 5233 eos

470 5277 591 5317 suae
641 5261 881 5319 ditionis
927 5262 1112 5319 facere
1162 5264 1413 5320 maxime
1457 5264 1750 5338 cupiebat,
1779 5251 2110 5338 sape-26!

469 5350 802 5420 concitavit,
835 5351 936 5422 per
967 5349 1186 5422 legatos
1215 5351 1476 5408 hortatus
1525 5357 1590 5410 ut
1621 5354 1798 5411 fortes
1845 5357 2005 5412 viros
2054 5373 2118 5412 se

471 5438 798 5510 praeberent
827 5445 884 5495 et
915 5441 1068 5511 regis
1113 5439 1276 5496 dolos
1325 5446 1615 5507 caverent,
1669 5459 1845 5514 quem
1895 5460 2119 5502 coronae

467 5526 820 5599 accipiendis
839 5529 1030 5600 gratia
1059 5544 1208 5600 sape
1235 5531 1484 5586 veterem
1531 5529 1772 5588 Romam
1813 5531 2121 5606 ingressu-

465 5632 596 5680 rum
625 5616 917 5691 impediit,
952 5634 1104 5693 papa
1151 5633 1254 5692 per
1292 5616 1515 5675 litteras
1565 5619 1788 5678 monito
1837 5637 1909 5680 ne
1957 5639 2120 5682 suam

2223 3665 2368 3742 ἔχων
2429 3668 2511 3723 ἀεὶ
2559 3667 2650 3722 καὶ
2705 3667 2903 3740 κρίνων
2971 3665 3204 3746 φοϐεράν
3245 3669 3336 3725 καὶ
3379 3667 3744 3738 δυσάντητον,
3797 3667 3884 3722 οἷα

2222 3754 2382 3818 εἰδὼς
2429 3758 2525 3820 τὰς
2583 3760 2690 3811 τῶν
2758 3757 3051 3831 Ῥωμαίων
3119 3755 3375 3831 δυνάμεις
3435 3757 3772 3832 άπροσφυεῐς
3829 3755 3881 3824 ἐξ

2219 3843 2522 3900 ἀντιπάλου
2581 3851 2770 3914 στῆναι
2824 3850 2946 3908 ταῖς
3004 3846 3274 3920 ἑσπερίαις
3324 3845 3416 3901 καὶ
3483 3842 3738 3920 ἄντικρυς
3781 3842 3886 3918 χύ-

2221 3953 2350 4008 τρας
2383 3933 2520 4008 πρὸς
2562 3928 2820 4004 λέϐητας,
2851 3935 2925 3994 ὡς
2957 3933 3071 4005 ἰξὸν
3102 3935 3193 3990 καὶ
3250 3935 3313 3990 τὸ
3371 3933 3553 3998 (iidem
3609 3930 3882 4002 διαθήκην

2223 4022 2360 4076 κατᾶ
2387 4019 2678 4094 Ῥωμαίων
2709 4023 2800 4077 καὶ
2823 4025 3219 4100 συμφρονήσειν
3265 4023 3413 4085 ὅλως
3477 4023 3606 4082 τοὺς
3665 4015 3877 4092 δυσμό-

2225 4122 2310 4174 θεν
2348 4111 2439 4165 καὶ
2471 4111 2608 4186 πρὸς
2642 4113 2768 4185 μίαν
2794 4114 3088 4186 τραπέσθαι
3140 4113 3447 4186 σύμπνοιαν
3509 4107 3882 4180 ὑπεϐλὲπετο,

2223 4197 2314 4252 καὶ
2369 4198 2641 4260 παντοίως
2697 4197 3133 4272 ἀσφαλιζόμενος
3219 4198 3504 4274 πόρρωθεν
3587 4198 3716 4260 τοὺς
3780 4199 3880 4272 μὶν

2222 4285 2360 4342 κατὰ
2387 4287 2487 4355 τὴν
2541 4283 2616 4342 ἕω
2666 4282 2982 4363 Βαρϐάρους
3032 4287 3218 4360 ἐξεῖναί
3275 4289 3326 4342 οἱ
3377 4287 3574 4365 ἔφασκε
3623 4289 3888 4361 χρήμασι

2221 4375 2359 4447 πρὸς
2415 4373 2600 4452 φιλίαν
2663 4376 2953 4449 ὑπάγεσθαι
3007 4377 3098 4431 καὶ
3159 4373 3250 4430 διὰ
3331 4375 3520 4451 μάχης
3571 4375 3890 4448 συμπείθειν

2221 4467 2330 4518 τῶν
2363 4462 2581 4518 οἰκείων
2609 4462 2752 4539 ὅρων
2781 4466 2857 4538 μή
2886 4464 3233 4541 ἑκκεχύσθαι,
3279 4467 3378 4534 τήν
3445 4485 3510 4539 γε
3563 4464 3670 4537 μὴν
3729 4463 3889 4520 ἐσπε-

2225 4551 2344 4628 ρίαν
2428 4549 2659 4609 δεδιέναι
2743 4552 3055 4630 πολλαχῶς
3149 4553 3369 4622 ἐθνικῆν
3451 4552 3884 4630 πολυσπέρειαν.

2229 4643 2552 4718 ὑψαυχενεῖν
2579 4665 2638 4699 τε
2667 4643 2772 4720 γὰρ
2793 4643 2921 4708 τοὺς
2950 4641 3145 4718 ἄνδρας
3200 4643 3292 4700 καὶ
3340 4645 3404 4699 τὸ
3470 4649 3684 4720 φρονεῖν
3747 4643 3890 4699 εἶναι

2227 4731 2649 4800 ἀταπεινώτους,
2689 4733 2752 4788 τὸ
2781 4753 2840 4788 τε
2893 4730 3224 4807 φιλαίματον
3295 4731 3384 4787 διὰ
3445 4731 3680 4806 μελέτης
3735 4727 3886 4806 ἔχειν

2221 4821 2329 4886 ἀεὶ,
2359 4821 2562 4894 καὶμὴ
2621 4821 2786 4893 μόνον
2819 4821 3057 4878 πλοῦτον
3125 4823 3212 4894 [Ρ.
3271 4823 3399 4895 430]
3448 4816 3890 4896 περιϐεϐλῆσθίπι

2219 4907 2394 4965 πολὺν
2445 4909 2537 4964 καὶ
2588 4907 2973 4988 σιδηροφορεῖν
3023 4911 3221 4973 πάντας
3281 4909 3358 4972 εἲς
3403 4908 3673 4983 πόλεμον,
3733 4908 3884 4965 ἀλλὰ

2223 4997 2313 5052 καὶ
2380 4998 2444 5052 τὸ
2498 4995 2722 5053 δύσνουν
2777 4999 2990 5074 τρὲφειν
3021 4997 3179 5054 «κατὰ
3225 4999 3518 5072 Ῥωμαίων
3573 4997 3883 5071 ἀκοίμητον

2223 5087 2314 5140 καὶ
2347 5084 2666 5164 φιλεχθρεῖν
2698 5088 2778 5142 ἀεὶ
2817 5087 3182 5144 κατᾶτούτων
3237 5085 3325 5142 καὶ
3385 5086 3544 5160 λοξὸν
3595 5089 3730 5160 ορᾷν
3787 5087 3885 5142 καὶ

2227 5173 2637 5252 σφοδρύνεσθαι.
2685 5175 2906 5249 Ἀμέλει
2955 5177 3205 5234 Βενετίαν
3264 5174 3360 5231 καὶ
3415 5177 3666 5242 Γινουαν,
3717 5175 3890 5232 Πίσαν

2223 5284 2283 5320 τε
2323 5265 2415 5320 καὶ
2471 5265 2564 5322 τὸν
2629 5267 2899 5342 Ἀγκῶνα,
2947 5266 3038 5320 καὶ
3093 5265 3194 5320 ὅσα
3243 5264 3390 5340 παρὰ
3433 5265 3702 5322 θάλατταν
3759 5260 3890 5336 ἔθνη

2224 5351 2379 5426 ἕτερα
2411 5352 2754 5434 διακὲχυται,
2784 5352 2943 5432 φίλια
2971 5354 3270 5426 Ῥωμαίοις
3327 5353 3502 5410 ἐτίθει
3531 5352 3896 5428 κατεμπεδῶν

2229 5443 2417 5520 ὅρκοις
2453 5443 2544 5500 καὶ
2601 5441 2975 5506 παντοδαπαῖς
3033 5441 3463 5522 φιλοφροσύναις
3504 5442 3884 5516 ὑποποιούμε-

2227 5554 2337 5602 νος,
2395 5533 2489 5589 καὶ
2545 5537 2890 5608 καταγωγαῖς
2951 5531 3090 5588 αὐτὰ
3149 5529 3500 5607 δεξιούμενος
3564 5531 3619 5588 ἰν
3674 5537 3744 5608 τῇ
3807 5531 3898 5607 ἆρ-

2228 5621 2408 5703 χούσῃ
2475 5626 2583 5678 οῶν
2649 5621 2888 5680 πόλεων.
2948 5619 3338 5696 Ὑφορώμενος
3405 5619 3466 5677 δὶ
3524 5643 3730 5697 μηπως
3787 5625 3898 5676 τῶν
