4140 6290
336 377 458 437 549

1391 373 1490 431 DE
1538 373 1926 434 MANUELE
1969 370 2342 435 COMNENO
2385 376 2536 436 LIB.
2584 377 2710 438 VII.

3633 389 3750 447 550

339 511 468 580 παρ’
541 506 722 568 αὐτοῖς
782 504 1092 580 λεγομένων
1153 507 1339 581 ῥηγῶν
1421 505 1582 580 ἱσχύν
1637 526 1720 566 τις
1769 501 1992 581 περιδὺς

2108 505 2354 578 gloriam
2394 509 2558 566 alteri
2591 512 2753 568 daret
2789 529 2928 570 neve
2957 514 3176 571 limites
3207 521 3440 587 patrum
3473 519 3752 575 transfer-

348 597 589 671 μείζονα,
641 596 754 650 εἶτα
804 594 938 649 κατὰ
984 595 1276 668 Ῥωμαίων
1333 594 1482 669 ἐπίῃ,
1531 593 1834 670 χρημάτων
1901 594 1988 648 ἀνι

346 682 616 760 ελάμόανε
657 683 884 752 δόσεσιν,
946 685 1252 758 ἐσωμάσκει
1299 707 1356 742 τε
1412 686 1502 741 καὶ
1561 685 1789 760 ἐπέθηγε
1852 685 1988 759 πρὸς

354 774 662 840 ἀνθόπλισιν
713 776 776 829 τὸ
826 776 1150 830 ὑποπίπτειν
1217 772 1518 830 κινδυνεῦον
1577 775 1729 850 γένος
1761 771 1989 852 ἃρχοντι

353 862 690 938 ὑπερέχοντι.
724 863 1042 925 Ἰταλιώτας
1101 861 1192 918 οὖν
1224 863 1498 928 πολλάκις
1552 862 1688 918 κατὰ
1733 866 1828 917 τοῦ
1887 860 1990 936 ρη-

343 954 435 1027 γός
468 951 808 1024 Ἀλαμανίας
839 956 938 1007 τοῦ
979 949 1320 1027 Φρεὸερίχου
1370 950 1727 1008 ἁνΟώπλισεν.
1786 951 1846 1008 Ὀ
1890 951 1984 1023 μὲν

336 1043 434 1118 γὰρ
467 1041 834 1108 ὑποκλιθῆναί
866 1043 921 1096 οἱ
951 1044 1179 1098 τούτους
1216 1045 1305 1097 καὶ
1357 1043 1422 1097 τὰ
1459 1042 1577 1107 καθ’
1631 1040 1826 1103 αὑτοὺς
1858 1040 1985 1096 ἐπι-

333 1130 542 1204 τρίψειν
572 1129 760 1203 ἐκείνῳ
793 1128 882 1186 διὰ
923 1130 1181 1187 πλείστου
1239 1131 1461 1195 ἐτίθετο·
1513 1132 1541 1185 ὁ
1602 1127 1658 1185 δὲ
1725 1128 1984 1198 Μανουὴλ

333 1219 565 1292 πέμπων
635 1217 883 1298 ἐνίσχυεν
929 1218 1167 1282 ἐκείνους
1216 1221 1306 1275 καὶ
1363 1219 1743 1295 κραταιοῦσθαι
1801 1217 1987 1274 ὑπετί-

337 1310 436 1379 θει,
467 1309 558 1363 καὶ
588 1308 684 1370 τας
723 1314 822 1364 τοῦ
885 1307 1058 1384 ρηγὸς
1111 1307 1515 1387 δολοφροσύνας
1571 1307 1724 1384 ἐνῆγε
1778 1306 1982 1387 φυλάτ-

335 1401 534 1455 τεσθαι.
608 1397 786 1456 Ἀλλά
832 1400 921 1454 καὶ
985 1403 1086 1471 τήν
1169 1396 1533 1476 πρεσϐυτέραν
1591 1400 1813 1473 Ῥώμην
1871 1400 1981 1454 εἰσ-

341 1489 469 1544 ιέναι
535 1489 623 1542 καὶ
695 1491 987 1566 πεφθῆναι
1071 1490 1162 1544 τὸν
1249 1488 1407 1545 αὐτὸν
1501 1489 1640 1564 ῥῆγα
1708 1489 1980 1552 πολλάκις

336 1573 738 1650 ἐπιϐαλόμενον
770 1577 987 1653 ἀπεῖρξε
1013 1583 1111 1633 τοῦ
1165 1577 1590 1654 ἐγχειρήματος,
1624 1603 1652 1630 ‹‹
1697 1603 1724 1631 ι(
1756 1580 1848 1649 Μὴ
1873 1576 1983 1633 δώ-

339 1689 444 1730 σεις
476 1668 645 1742 ἑτέρῳ
672 1669 772 1738 τήν
817 1665 972 1739 δόξαν
1004 1689 1121 1737 σου,
1149 1693 1176 1719 ››
1202 1671 1422 1742 γράφων
1452 1674 1533 1742 τῷ
1554 1669 1770 1740 πάππα,
1795 1691 1817 1719 ε
1841 1665 1981 1743 μηδὲ

335 1761 580 1832 πατὲρων
640 1757 762 1833 ὅρια
818 1757 1059 1832 μέταιρε,
1121 1761 1196 1832 μή
1256 1779 1372 1819 πως
1429 1760 1491 1814 τὸ
1561 1760 1976 1833 ἀπρομήοευτον

335 1845 554 1923 ὕστερον
603 1841 785 1922 ἔργοις
840 1845 1026 1909 αὺτοῖς
1083 1849 1273 1903 ὁποῖόν
1333 1848 1472 1904 ἐστιν
1520 1848 1770 1924 ἐπιγνοὺς
1822 1870 1976 1920 τηνι-

335 1941 502 1992 καῦτα
558 1937 778 2010 πλήττῃ
838 1938 936 2006 τὴν
993 1938 1180 2013 ψυχὴν
1244 1936 1536 2011 μεταμέλῳ
1585 1936 1675 1992 δια
1726 1941 1826 2008 τήν
1884 1942 1980 1993 τοῦ

337 2025 542 2088 εἰκότος
575 2024 898 2101 ὀλιγωρίαν,
957 2026 1122 2081 ὁπότε
1176 2027 1239 2081 τὸ
1298 2028 1459 2082 κακὸν
1511 2029 1816 2082 παντάπασι
1867 2028 1987 2082 ἀθε-

337 2114 618 2189 ράπευτον.
681 2138 712 2166 ››
769 2115 874 2170 Καὶ
920 2117 985 2183 ἦν
1044 2114 1104 2169 ἐκ
1148 2115 1345 2170 τούτου
1438 2122 1538 2185 τῆς
1619 2113 1989 2191 μεγαλοδόξου

335 2204 559 2276 Ῥώμης
615 2201 1067 2275 ἀποκλειόμενος,
1111 2205 1249 2268 meat
1286 2225 1370 2268 τις
1398 2203 1633 2273 ἄοπλος,
1683 2209 1711 2260 ὁ
1768 2203 1990 2281 μυριάσι

338 2297 582 2367 γαυριῶν
623 2293 1060 2368 στρατευμάτων.
1103 2296 1256 2351 Ἐστι
1316 2293 1362 2350 δ’
1421 2295 1509 2350 ὅτε
1564 2298 1631 2351 τὰ
1682 2297 1776 2369 μὶν
1830 2296 1990 2372 τείχη

343 2379 702 2438 Μεδιολάνων
753 2382 846 2436 ὕπ’
923 2380 1246 2455 Ἀλαμανῶν
1309 2385 1776 2463 κατεστραφησαν,
1827 2387 1879 2440 οἱ
1939 2383 1996 2441 Si

338 2475 438 2536 τῆς
465 2470 684 2534 πόλεως
729 2472 934 2541 ταύτης
987 2473 1273 2549 οῒκήτορες
1325 2477 1821 2553 κατασοφισάμενοι
1863 2475 1993 2538 τοὺς

339 2555 555 2634 ἔνορκον
638 2559 878 2635 ἀνάγκην
948 2559 1137 2638 σφίσιν
1213 2559 1597 2638 ἐπενεγκόντας
1681 2565 1758 2635 μή
1816 2561 1876 2618 ἅν
1933 2565 1996 2618 τὸ

338 2655 525 2730 τεῖχος
583 2649 950 2724 ἂναδομήσειν
1011 2652 1163 2724 ποτὶ,
1211 2652 1278 2708 τὰ
1319 2654 1413 2725 μὲν
1447 2659 1639 2728 πρῶτα
1683 2652 1775 2708 ἐπὶ
1805 2654 1998 2731 τάφρῳ

342 2739 519 2810 ᾤκουν
587 2740 774 2816 βαθείᾳ
822 2740 915 2795 καὶ
975 2741 1202 2815 ὀρυκτῇ,
1263 2745 1339 2814 μὴ
1398 2741 1674 2816 ἐπιορκεῖν
1737 2742 1797 2798 ἐκ
1841 2741 2000 2798 τοῦδε

351 2829 622 2902 λέγοντες,
663 2827 844 2884 ἔπειτα
905 2829 962 2885 δὲ
1015 2830 1090 2893 ὡς
1143 2832 1406 2905 πρότερον
1462 2832 1530 2887 τὰ
1585 2832 1747 2906 τείχη
1783 2831 1996 2887 ἀνεκαί·

355 2937 503 2970 νισαν
550 2921 646 2972 τοῦ
714 2918 976 2991 βασιλέως
1024 2916 1184 2974 τοῦδε
1232 2920 1529 2997 γενομένου
1588 2919 1998 2995 συλλήπτορας.

362 3003 482 3060 Ἐπὶ
511 3006 725 3068 τούτοις
782 3027 840 3082 γε
898 3009 1005 3081 μὴν
1046 3009 1138 3063 τὸν
1205 3009 1428 3079 Μόντης
1487 3011 1763 3084 Φεραὶντης
1798 3010 2002 3086 μαρκέ-

360 3115 496 3164 σιον,
537 3093 775 3170 εὐγενείᾳ
801 3097 891 3151 καὶ
942 3097 1188 3170 εὐτεκνίᾳ
1251 3102 1512 3171 κομῶντα
1565 3100 1657 3154 καὶ
1711 3099 1851 3173 μέγα
1905 3097 2004 3154 δυ-

352 3183 600 3257 νάμενον,
651 3184 727 3246 εἰς
780 3185 942 3264 φίλον
1002 3186 1300 3260 Ῥωμαίοις
1359 3187 1629 3263 ἐγγράψας
1688 3193 1850 3244 τοῦτο
1909 3189 2004 3262 μὶν

2101 599 2208 661 ret,
2264 613 2336 652 ne
2391 599 2742 656 temeritatis
2793 607 2852 657 et
2906 602 3273 675 negligentiae
3333 611 3454 661 turn
3515 608 3749 664 demum

2100 684 2425 755 paeniteret,
2459 704 2591 743 cum
2649 699 2883 762 accepta
2915 691 3068 747 mala
3099 694 3310 765 corrigi
3343 710 3459 750 non
3493 701 3750 767 possent.

2101 774 2186 827 lta
2215 773 2440 844 inclytae
2502 777 2685 833 Roma
2720 780 2878 835 aditu
2938 786 3219 852 tanquam
3270 783 3512 840 inermis
3556 785 3749 841 exclu-

2098 879 2200 917 sus
2226 870 2312 919 est
2342 865 2392 920 is
2419 867 2517 938 qui
2552 869 2792 925 armatis
2841 869 3170 942 legionibus
3199 873 3563 930 efferebatur.
3592 878 3746 942 Quo-

2097 951 2231 1007 dam
2264 956 2526 1026 tempore
2574 956 2882 1013 Mediolani
2918 960 3134 1016 moenia
3177 966 3316 1016 sunt
3346 962 3418 1017 ab
3448 963 3744 1020 Alemanis

2097 1040 2293 1096 diruta
2321 1060 2341 1097 :
2371 1044 2472 1098 sed
2505 1044 2656 1101 cives
2692 1047 3079 1116 jurejurando
3126 1049 3314 1104 adacti
3347 1066 3410 1106 se
3442 1067 3740 1123 nunquam

2095 1144 2164 1185 ea
2212 1130 2656 1200 instauraturos,
2690 1136 2769 1191 ita
2815 1137 3060 1194 victores
3091 1137 3392 1194 eluserunt
3441 1146 3505 1196 ut
3535 1143 3738 1196 urbem

2096 1218 2380 1292 principio
2414 1224 2704 1292 profunda
2735 1227 2890 1282 fossa
2919 1228 3305 1292 munirent,se
3334 1234 3500 1301 pacta
3523 1234 3580 1285 et
3609 1247 3745 1286 con-

2094 1314 2260 1363 venta
2291 1309 2504 1366 violare
2537 1320 2834 1384 negantes.
2869 1316 3090 1372 Deinde
3129 1317 3497 1388 imperatoris
3527 1319 3741 1376 auxilio

2091 1395 2220 1450 freti
2252 1397 2380 1468 ipsa
2436 1402 2653 1457 mmnia
2685 1411 3089 1475 reposuerunt.
3124 1407 3210 1461 Ad
3263 1407 3381 1462 haec
3411 1408 3742 1464 Montister-

2093 1486 2199 1540 rati
2234 1487 2587 1559 marchione,
2631 1491 2755 1547 viro
2787 1492 3088 1550 nobilitate
3116 1496 3460 1552 auctoritate
3490 1500 3547 1552 et
3590 1497 3742 1554 felici

2091 1574 2289 1630 sobole
2329 1576 2569 1648 insigni,
2601 1584 2726 1635 tum
2755 1581 2968 1654 amplis
3018 1585 3365 1640 muneribus
3413 1591 3538 1642 tum
3569 1588 3744 1642 Maria

2092 1663 2230 1733 filia,
2267 1669 2332 1719 ut
2359 1682 2537 1735 supra
2567 1669 2894 1740 expositum
2919 1674 3164 1743 est,ejus
3197 1674 3317 1729 filio
3347 1675 3641 1746 desponsa
3669 1676 3743 1732 ad

2089 1755 2484 1811 Romanorum
2516 1759 2835 1816 amicitiam
2860 1763 3350 1836 adjuncto,magis
3381 1766 3556 1821 etiam
3589 1768 3748 1838 prin-

2089 1843 2232 1910 cipis
2260 1843 2665 1902 Alemanorum
2737 1849 2980 1906 consilia
3024 1851 3210 1922 fregit.
3261 1854 3365 1916 Qui
3401 1854 3744 1926 Moguntina

2091 1932 2383 2002 episcopo,
2415 1937 2756 1994 cancellario
2789 1955 2914 2009 suo,
2959 1956 3095 1996 cum
3133 1942 3362 2012 magnis
3394 1944 3576 2013 copiis
3605 1944 3748 2000 mis-

2101 2020 2423 2090 so,ltalicas
2474 2026 2644 2081 urbes
2693 2044 2727 2082 a
2759 2044 2910 2099 papa
2967 2028 3202 2085 avulsas
3259 2030 3412 2086 262
3471 2030 3596 2087 sine
3628 2030 3744 2088 ullo

2102 2116 2258 2166 metu
2293 2113 2615 2184 subigebat.
2653 2115 2869 2172 Verum
2895 2117 3305 2174 Montisferrati
3340 2120 3600 2176 marchio
3631 2120 3745 2176 lar-

2101 2199 2419 2272 gitionibus
2448 2201 2815 2274 imperatoris
2859 2206 3151 2276 impulsus
3181 2208 3508 2264 Conradum
3537 2209 3747 2279 filium,

2105 2289 2398 2347 hominem
2431 2292 2775 2362 formosum,
2812 2295 3038 2362 fortem,
3083 2298 3411 2365 cordatum,
3449 2299 3669 2356 viribus
3698 2308 3752 2355 et

2104 2382 2272 2434 aetate
2331 2379 2653 2452 ﬂorentem,
2684 2399 2816 2438 cum
2866 2385 3048 2460 copiis
3101 2395 3302 2444 contra
3351 2389 3756 2460 Moguntinum

2107 2466 2304 2524 mittit.
2351 2470 2680 2526 Commisso
2712 2471 2908 2542 prmlio
2934 2459 3195 2529 Alemani
3229 2476 3301 2530 ab
3330 2459 3596 2548 equitatu
3627 2494 3758 2548 pro-

2107 2553 2383 2627 ﬂigantur
2416 2575 2430 2625 ;
2463 2562 2520 2612 et
2551 2559 2699 2614 inter
2745 2561 2890 2616 alios
2939 2562 3063 2632 ipse
3124 2564 3502 2635 Moguntinus
3551 2571 3758 2637 captus

2105 2643 2350 2701 forsitan
2408 2646 2749 2715 Byzantium
2809 2649 3030 2705 missus
3088 2657 3263 2718 esset,
3299 2653 3412 2708 nisi
3445 2654 3760 2725 imperator

2107 2737 2243 2787 ante
2288 2733 2550 2790 obiisset.
2587 2736 2705 2793 Nec
2751 2735 2867 2792 ulla
2902 2737 3008 2793 fuit
3038 2739 3176 2794 urbs
3221 2739 3420 2807 Italian,
3454 2747 3552 2796 aut
3584 2745 3757 2799 etiam

2109 2820 2180 2876 ab
2211 2819 2376 2876 Italia
2407 2824 2768 2886 remotior,in
2802 2842 2918 2896 qua
2940 2826 3383 2898 imperatornon
3417 2845 3594 2884 unum.
3616 2848 3758 2887 con-

2105 2910 2369 2982 juratum
2427 2916 2484 2966 et
2531 2912 2828 2970 hominem
2878 2915 2988 2970 sibi
3031 2917 3262 2973 fidelem
3312 2917 3568 2976 haberet.
3604 2919 3762 2978 Unde

2111 3017 2238 3070 quae
2271 3001 2330 3056 in
2380 3002 2752 3061 conclavibus
2811 3005 3208 3063 Romanorum
3260 3009 3572 3066 adversarii
3615 3011 3764 3069 clam

2114 3089 2626 3160 consultabant,ea
2657 3095 2855 3148 omnia
2897 3096 3270 3153 resciscebat.
3294 3096 3621 3170 Aliquando
3644 3102 3769 3171 ejus

2115 3179 2294 3250 legati
2327 3181 2540 3252 negotii
2571 3183 2880 3253 cujusdam
2913 3201 3090 3240 causa
3118 3188 3412 3241 Anconam
3449 3189 3772 3259 missi,sive

352 3269 672 3346 δωρήμασιν
717 3271 928 3349 ἁδροῖς,
958 3279 1120 3331 τοῦτο
1166 3273 1223 3330 δὲ
1279 3281 1358 3348 τῷ
1407 3277 1498 3333 τὸν
1553 3278 1667 3332 υἱὸν
1700 3276 1863 3332 αὐτοῦ
1918 3278 1999 3332 τὸι

2120 3273 2182 3323 ut
2212 3272 2494 3340 quosdam
2538 3272 2612 3327 ad
2658 3271 3030 3344 imperatoris
3061 3276 3381 3334 amicitiam
3413 3279 3770 3336 attraherent

349 3361 609 3435 νεώτερον
663 3362 976 3418 συνευνάσαι
1027 3367 1096 3438 τῇ
1157 3363 1332 3436 οἰκείᾳ
1391 3368 1619 3442 θυγατρί
1677 3371 1746 3440 τῇ
1808 3369 2010 3441 Μαρίᾳ,

352 3451 424 3511 ὡς
475 3449 653 3526 ὀλίγῳ
710 3451 978 3528 πρότερον
1025 3451 1274 3526 εἷ’πομεν,
1343 3448 1421 3508 ἔτι
1457 3453 1671 3527 μᾶλλον
1700 3456 1909 3530 ἡκύρου
1947 3458 2013 3510 τὰ

356 3535 647 3595 διαϐούλια
673 3544 773 3596 τοῦ
837 3541 1217 3620 ἀρχτιγοῦντος
1258 3540 1606 3616 Ἀλαμανῶν.
1642 3551 1796 3600 Ὠστε
1828 3546 1854 3599 ὁ
1915 3546 2010 3617 μὲν

351 3629 439 3683 τὸν
474 3629 703 3698 οἰκεῖον,
759 3629 834 3691 ὡς
892 3633 928 3699 ἠ
985 3632 1232 3686 Λατίνων
1295 3631 1553 3706 βούλεται
1588 3636 1763 3710 φωνὴ,
1827 3655 2013 3708 καγκε·

355 3714 560 3791 λάριον,
603 3718 680 3779 ὡς
711 3716 759 3772 δ’
791 3717 1066 3790 ’Έλληνες
1092 3717 1330 3791 ε’ίποιεν,
1363 3718 1659 3796 λογοθέτην
1699 3723 1784 3794 (ἦν
1830 3720 1885 3777 δὲ
1917 3721 2016 3777 οὗ-

357 3807 499 3868 τοςό
535 3806 856 3880 Μαγέντζης
913 3807 1238 3877 ἐπίσκοπος)
1303 3811 1522 3882 πέμψας
1585 3811 1721 3882 μετά
1747 3809 2011 3882 πλείστης

356 3888 636 3968 δυνάμεως
689 3894 786 3956 τὰς
845 3895 1124 3959 Ἰταλικάς
1205 3897 1518 3953 ὑπεποιεῖτο
1582 3898 1794 3966 πόλεις,
1876 3899 2009 3954 ἀπο-

356 3987 504 4037 σπῶν
534 3983 700 4045 αὐτὰς
733 3982 794 4039 ἐκ
818 3985 916 4039 τοῦ
946 3983 1140 4041 πάππα
1196 3985 1287 4040 καὶ
1335 3987 1472 4042 κατᾶ
1527 3987 1828 4064 παρρησίαν
1853 3987 2006 4043 ἃνεύ-

352 4075 507 4130 θυνον
561 4075 1088 4153 ὑπονοσφιζόμενος·
1155 4074 1412 4149 βασιλεὺς
1478 4074 1534 4132 δὶ
1584 4078 1674 4132 τὸν
1717 4080 2008 4153 μαρκέσιον

352 4162 664 4238 χρημάτων
754 4163 1116 4240 ὑποσχέσεσιν
1165 4162 1463 4240 ἒλαφρίσας
1519 4167 1694 4221 πείθει
1759 4173 1837 4239 τῷ
1891 4175 2008 4226 M1-

348 4251 573 4325 γέντζης
623 4252 924 4308 ἀντίπαλον
973 4251 1242 4331 διαφεῖναι
1288 4255 1385 4309 τὸν
1445 4253 1644 4310 οἰκεῖον
1691 4257 1805 4311 υἱὸν
1866 4256 2010 4332 Κορο

350 4335 540 4410 ῥάδον,
600 4337 770 4394 καλὸν
833 4335 963 4395 ὄντα
1021 4338 1155 4395 ἰδεῖν
1215 4341 1306 4395 καὶ
1375 4343 1477 4411 τήν
1545 4340 1686 4416 ὣραν
1743 4343 2010 4423 εὐπρεπῆ,

347 4423 569 4501 ἀνδρίας
645 4448 704 4482 τε
783 4429 872 4483 καὶ
958 4431 1225 4491 συνέσεως
1301 4428 1354 4492 ἐς
1440 4428 1520 4484 ὅτι
1587 4431 1872 4505 κράτιστον
1920 4441 2012 4495 καὶ

347 4516 644 4590 ἀκρότατον
698 4519 946 4588 ἥκοντα,
1019 4521 1109 4574 καὶ
1173 4519 1486 4591 ἀκμάζοντα
1544 4517 1706 4595 ῥώμῃ
1767 4522 2022 4595 σώματος

350 4607 451 4662 Καὶ
527 4606 865 4679 συμπλοκῆς
977 4607 1284 4684 γενομένης
1337 4608 1464 4670 τοὺς

347 4694 640 4769 ενροῦσατο
663 4695 994 4776 ἱππομαχίᾳ
1033 4698 1395 4772 τρεψάμενος,
1440 4698 1590 4752 ἐνίων
1625 4695 1681 4753 δὲ
1737 4700 1826 4754 καὶ
1881 4721 2010 4776 κρα-

342 4783 624 4855 τήσας,ἒν
671 4787 761 4850 οἷς
813 4788 1110 4859 ἠριθμεῖτο
1172 4785 1261 4840 καὶ
1331 4788 1358 4841 ὁ
1413 4787 1736 4861 Μαγὲντζης
1791 4786 2014 4845 ἒπίκσο⁹

342 4895 468 4937 πος.
528 4875 680 4931 Τάχα
741 4871 787 4929 δ’
837 4873 899 4929 ἄν
941 4875 1104 4938 οὗτος
1154 4875 1245 4930 καὶ
1306 4877 1358 4940 ἐς
1418 4879 1715 4946 Βυζάντιον
1771 4881 1838 4950 ἦν
1887 4869 2017 4956 ἄναξ

343 4965 632 5040 πεμφθεὶς,
695 4965 748 5018 εἶ
815 4966 890 5037 μή
953 4963 1212 5039 βασιλεὺς
1286 4965 1336 5039 ἐξ
1427 4967 1726 5041 ἀνθρώπων
1774 4968 2011 5057 ἐγένετο.

347 5051 508 5109 Ἀλλ’
541 5050 668 5107 οὐδὲ
697 5072 780 5115 τις
811 5054 878 5122 ἦν
907 5059 1012 5108 τῶν
1040 5057 1129 5128 [Ρ.
1193 5057 1316 5128 131]
1379 5055 1765 5112 Ἰταλιωτίδων
1800 5056 1836 5129 ἤ
1905 5050 2013 5127 ’τῶᾷ

346 5138 424 5195 ἔτι
449 5138 784 5216 πορρωτέρω
815 5141 1034 5198 πόλεων
1066 5143 1184 5198 καθ’
1218 5143 1287 5212 ἢν
1332 5145 1360 5199 ὁ
1423 5145 1676 5220 βασιλεὺς
1712 5145 1876 5212 οὗτος
1914 5149 2012 5205 οὐκ

347 5229 499 5306 εἶχεν
529 5229 742 5302 ὀμοτήν
780 5230 980 5287 οἰκεῖον
1038 5233 1128 5287 καί
1177 5232 1479 5310 φρονοῦντα
1534 5235 1587 5288 οἱ
1626 5237 1808 5293 πιστά.
1842 5239 2012 5311 ’Δμέι-

350 5317 433 5375 λει
462 5320 554 5375 καὶ
589 5317 690 5374 ὅσα
721 5318 798 5381 εἰς
858 5321 926 5375 τὰ
979 5324 1205 5394 ταμιεῖα
1266 5327 1376 5377 τῶν
1434 5325 1699 5397 ταμιείων
1753 5325 2010 5390 εἰσιόντες

349 5407 400 5462 ἐν
459 5408 692 5485 κρυπτῷ
755 5407 1002 5484 ἐτύρευον
1084 5410 1178 5465 καὶ
1269 5407 1562 5487 ἐτύρϐαζον
1631 5415 1823 5470 ὁπόσοι
1902 5421 2011 5472 τῶν

349 5495 457 5554 ἐκεῖ
511 5496 826 5572 Ῥωμαίοις
883 5499 1217 5574 ἀντίφρονες,
1278 5502 1515 5558 ἀκουστᾶ
1562 5503 1629 5571 ἦν
1683 5501 1871 5577 ἐκείνῳ
1917 5506 2007 5560 καὶ

348 5579 595 5644 ἔκπυστα.
636 5583 883 5642 Ἀλλοτε
938 5584 993 5643 δέ
1043 5607 1178 5643 ποτε
1232 5590 1367 5645 κατὰ
1417 5591 1510 5646 τὸν
1569 5591 1818 5667 Ἀγκῶνα
1869 5595 2004 5663 ἧκον

351 5673 408 5728 ἔκ
437 5676 715 5751 βασιλέως
747 5675 908 5746 τινες,
961 5674 1157 5746 δεῆσαν
1209 5675 1373 5751 οὕτω,
1414 5680 1550 5735 κατὰ
1592 5681 1782 5760 χρείαν
1836 5703 2007 5759 πραγ-

2115 3374 2263 3429 quos
2292 3359 2477 3416 Lizios
2510 3366 2735 3430 vocant,
2767 3363 2887 3418 sive
2918 3368 2982 3418 ut
3009 3365 3229 3438 aliquid
3277 3367 3442 3422 aliud
3491 3369 3767 3425 Romanis

2117 3447 2258 3502 utile
2287 3449 2798 3517 conﬁcerent,cum
2822 3451 2878 3505 id
2903 3453 3766 3525 expedivissenl,Alemanorum

2117 3552 2214 3590 rex
2243 3536 2330 3592 ira
2389 3537 2600 3609 plenus
2647 3539 2844 3610 copias
2901 3541 2973 3595 ad
3004 3543 3343 3597 vastandam
3387 3560 3512 3600 eam
3567 3546 3770 3602 urbem

2114 3624 2298 3679 mittit
2328 3631 2387 3679 et
2423 3627 2582 3682 cives
2612 3628 2958 3698 puniendos,
2991 3629 3088 3700 qui
3121 3646 3254 3684 cum
3299 3631 3647 3703 imperatore
3676 3633 3774 3689 fos-

2114 3714 2226 3766 dus
2275 3713 2551 3781 facerent,
2585 3716 2834 3788 ejusque
2881 3716 3104 3788 legatos
3145 3718 3203 3773 in
3257 3718 3520 3774 fraudem
3572 3722 3777 3793 utique

2113 3815 2276 3854 suam
2307 3801 2378 3854 ad
2410 3803 2582 3856 urbes
2614 3820 2645 3855 a
2672 3818 2740 3856 se
2772 3803 3112 3859 alienandas
3145 3806 3590 3876 reccpissent.Is
3614 3826 3775 3865 exer-

2113 3887 2262 3942 citus
2292 3891 2529 3947 Ancona
2562 3891 2719 3946 263
2753 3890 3046 3946 hostiliter
3075 3891 3462 3950 circumsesso.
3493 3896 3777 3954 Romano-

2115 3993 2244 4035 rum
2291 3976 2508 4047 legatos
2544 3980 2675 4033 dedi
2713 3979 2826 4034 sibi
2854 3979 3206 4048 postulabat.
3256 3985 3606 4040 Anconitani
3637 4003 3773 4044 vero

2113 4082 2212 4121 eas
2243 4067 2433 4122 minas
2464 4066 2542 4121 ita
2573 4067 2943 4135 audiverunt,
2975 4068 3193 4125 vallum
3224 4071 3545 4129 obductum
3579 4091 3775 4131 arma—

2115 4143 2354 4227 tamque
2383 4155 2568 4210 aciem
2603 4156 2682 4211 ita
2711 4156 3054 4224 timuerunt,
3090 4165 3153 4214 ut
3194 4158 3415 4231 legatos
3455 4179 3570 4219 non
3604 4166 3780 4221 modo

2114 4259 2233 4300 non
2267 4244 2656 4316 prodiderint,
2688 4246 2789 4300 sed
2817 4248 3168 4320 contemptis
3227 4249 3525 4308 Alemanis
3558 4255 3798 4324 pericu--

2118 4330 2240 4390 lum
2302 4335 2448 4391 illud
2510 4336 2736 4392 fortiter
2781 4336 3106 4406 tolerarint,
3155 4343 3211 4395 et
3242 4341 3419 4399 ducta
3470 4343 3777 4400 obsidione

2116 4418 2387 4481 insolitos
2413 4441 2647 4497 quoque
2700 4424 2862 4481 cibos
2893 4427 3203 4494 gustarinl.
3247 4431 3609 4502 Imperatorii
3641 4449 3773 4490 vero

2114 4512 2312 4586 legati,
2345 4512 2556 4586 populo
2589 4531 2693 4585 pro
2726 4513 3005 4570 concione
3036 4515 3398 4589 interrogato
3449 4536 3520 4574 an
3558 4521 3776 4579 auxilia

1550 4608 1863 4684 Ἀλαμανοὺ
1920 4613 1994 4667 ἀπ

2126 4605 2236 4660 sibi
2293 4621 2584 4662 accersere
2627 4605 2843 4672 liceret,
2877 4621 3008 4662 cum
3069 4607 3318 4679 populus
3377 4611 3778 4680 respondisset

2120 4693 2294 4762 licere
2326 4695 2588 4767 quidem,
2609 4696 2705 4750 sed
2740 4695 3048 4765 pecuniam
3080 4696 3139 4750 in
3182 4702 3439 4771 promptu
3474 4714 3589 4755 non
3621 4718 3770 4774 esse,

2122 4786 2233 4858 ipsi
2262 4787 2443 4842 Deum
2478 4787 2678 4841 testati
2732 4785 3104 4842 afﬁrmarunt
3135 4786 3542 4860 imperatorem
3577 4808 3780 4852 omnes

2125 4875 2258 4932 belli
2322 4876 2617 4946 impensas
2667 4876 3122 4947 persoluturum,
3155 4881 3212 4933 et
3244 4895 3316 4936 ne
3362 4885 3780 4942 cunctarentur

2123 4966 2340 5022 hortati
2370 4968 2506 5020 sunt
2537 4979 2550 5019 :
2577 4962 2791 5035 alioqui
2849 4965 3190 5035 gravissima
3215 4984 3452 5040 quisque
3492 4969 3564 5025 ab
3597 4972 3782 5030 hosti-

2124 5055 2230 5112 bus
2260 5054 2630 5120 toleraturos,
2665 5051 2942 5109 uxoribus
2989 5059 3046 5110 et
3075 5054 3279 5113 liberis
3325 5059 3383 5114 in
3438 5060 3778 5118 servitutem

2124 5142 2414 5208 abductis,
2445 5141 2692 5214 pecunia
2721 5148 2775 5196 et
2825 5142 2996 5198 rebus
3045 5143 3317 5200 omnibus
3377 5145 3638 5219 direptis.
3673 5149 3777 5204 Ita.

2123 5250 2236 5305 que
2265 5252 2297 5288 a
2336 5231 2588 5304 quodam
2649 5229 2860 5287 comite
2904 5232 3215 5290 Guilielmo
3265 5238 3324 5290 et
3368 5235 3541 5293 vidua
3573 5237 3776 5306 nobili,

2121 5339 2249 5393 quas
2277 5337 2461 5394 nuper
2489 5319 2747 5376 defuncti
2782 5322 2975 5377 mariti
3018 5323 3232 5388 Opibus
3265 5325 3614 5394 potiebatur,
3649 5342 3779 5381 ma-

2119 5427 2234 5483 gno
2266 5411 2460 5466 fenore
2491 5415 2732 5480 accepta
2770 5411 3016 5480 pecunia
3046 5418 3104 5466 et
3162 5412 3396 5468 auxiliis
3429 5413 3778 5469 introductis

2118 5498 2438 5554 libertatem
2465 5497 2620 5552 264
2650 5513 2768 5552 sua:
2801 5497 3020 5552 civitati
3053 5502 3387 5555 restitutam
3411 5508 3553 5557 sunt
3582 5508 3778 5571 gralu‘

2117 5587 2241 5643 lati.
2274 5589 2396 5652 Quo
2453 5600 2730 5642 successu
2784 5585 2952 5642 laetus
3009 5585 3328 5654 imperator
3377 5590 3773 5645 Anconitanos

2117 5677 2465 5744 collaudat;
2498 5682 2552 5731 et
2597 5674 2835 5732 civitate
2879 5679 3136 5732 Romana
3184 5676 3418 5734 donatis
3465 5675 3662 5730 omnia
3708 5687 3773 5729 se
