4140 6290
393 357 509 417 551
1715 344 2024 409 NICETE
2062 347 2266 409 CHON
2275 348 2492 413 IATE
3692 360 3811 421 552

399 492 672 562 praestare
699 484 844 541 velle
876 480 1192 553 pollicetur,
1240 497 1367 553 quae
1397 488 1452 538 et
1497 478 1623 553 ipse
1662 479 1901 536 honeste
1929 479 2026 535 dar

2132 478 2386 552 Lprimum.
2445 482 2513 538 Oi
2573 482 2668 557 μὶν
2727 483 2820 539 οῦν
2870 484 2939 541 τὰ
2998 488 3135 542 κατὰ
3198 488 3396 544 σκοπὸν
3475 488 3815 565 έξεπέραινον

399 585 456 634 et
485 576 571 632 illi
602 584 749 631 recte
782 580 973 645 petere
1008 572 1232 641 possint
1266 586 1280 624 :
1312 570 1556 640 aurique
1587 569 1756 638 longe
1786 567 1917 641 plus
1945 569 2026 624 mi

2166 568 2255 623 καὶ
2308 570 2376 624 τὰ
2424 567 2814 649 διατεταγμένα
2871 574 3053 653 σφίσιν
3111 574 3357 633 ίδίδοσαν
3416 579 3638 654 πόρατι,
3704 580 3817 637 ε’ἰτε

400 664 478 720 sit
514 676 691 734 quam
723 660 1148 731 impenderunt.
1179 658 1368 729 Atque
1402 657 1553 713 hunc
1600 672 1694 713 res
1743 655 2026 712 Auconitat

2162 658 2226 713 τὸ
2255 659 2331 721 εἰς
2360 658 2545 739 φιλίαν
2596 660 2803 718 ἐκείνου
2847 664 3070 721 ἑλκύσαι
3118 665 3271 730 τινλς
3326 668 3417 737 ἦν,
3477 667 3570 731 οὕς
3600 667 3817 739 λιζίους

395 767 523 809 rum
581 752 802 806 exitum
854 748 1200 818 habuerunt,
1257 746 1359 818 qui
1390 746 1628 819 quidem
1673 748 1882 801 natura
1927 760 2026 800 ess

2163 749 2347 823 φασὶν,
2401 750 2509 806 εἴτε
2564 773 2616 808 τι
2691 750 2875 829 ἓτερον
2929 756 3231 831 Ῥωμαίοις
3297 756 3603 835 ὠφέλιμον
3655 759 3685 814 ὁ
3752 757 3814 815 δέ

393 847 728 901 constantes
758 855 864 897 nec
887 840 1061 896 fidem
1088 854 1221 895 cum
1254 840 1487 895 fortuna
1525 841 1756 894 mutare
1773 835 2022 893 videban

2159 858 2222 914 γε
2277 838 2375 914 ῥὴξ
2428 844 2537 896 τῶν
2593 841 2927 915 Ἀλαμανῶν
2976 846 3156 920 θυμοῦ
3223 845 3669 923 ὑποπίμπλαται,
3716 847 3812 904 καὶ

393 937 506 989 tur.
540 932 683 988 Nam
736 946 842 986 cur
894 928 1114 1001 alioqui
1171 928 1348 985 vicini
1387 928 1541 997 regis
1597 928 2026 983 Alemannoruu

2160 928 2366 1002 πέμπει
2394 929 2526 991 τοὺς
2561 932 2656 987 τὸν
2712 933 2966 1010 Ἀγκῶνα
3003 938 3379 1013 πορθήσοντας
3431 936 3523 992 καὶ
3577 937 3809 1012 τισομέ-

395 1025 711 1099 potentiam
742 1031 795 1080 et
842 1023 1028 1080 edicta
1059 1022 1434 1093 sprevissent,
1467 1021 1632 1093 eique
1660 1021 2026 1076 Romanorun

2160 1037 2284 1080 νους
2312 1019 2440 1082 τοὺς
2472 1017 2589 1076 ἐκεῖ
2640 1020 2731 1077 καὶ
2759 1020 3123 1094 κολάσοντας,
3155 1027 3243 1088 οἷς
3301 1023 3622 1082 σπένδονται
3672 1029 3812 1085 Ῥω-

401 1118 812 1189 imperatorem
864 1111 1047 1169 tantis
1095 1111 1346 1168 marium
1400 1115 1459 1167 et
1505 1115 1791 1167 terrarum
1849 1108 2053 1179 spatiis

402 1208 736 1278 sejunctum
793 1201 1201 1274 praetulissent,
1227 1201 1343 1258 nisi
1401 1200 1696 1256 notionem
1729 1197 2054 1255 honestatis

401 1298 666 1353 innatam
717 1294 1072 1360 habuissent,
1112 1307 1331 1364 magna
1358 1290 1679 1346 animorum
1729 1287 2053 1345 constantia

396 1387 646 1461 praediti,
681 1384 860 1442 nullis
888 1381 1329 1440 adversitatibus
1372 1378 1772 1436 labefactanda
1798 1377 1828 1433 ?
1855 1378 2045 1443 Quan-

399 1493 579 1552 quam
604 1474 746 1531 illud
779 1473 953 1530 etiam
1009 1469 1390 1528 Anconitanis
1434 1467 1609 1540 objici
1651 1482 1824 1540 posse
1864 1467 2051 1535 video,

402 1566 555 1640 quod
585 1563 820 1620 avaritia
862 1561 1102 1633 impulsi
1154 1558 1228 1616 ab
1275 1575 1341 1615 eo
1370 1557 1465 1613 cui
1526 1572 1642 1614 non
1692 1556 1772 1613 ita
1827 1555 2051 1627 pridem

399 1660 728 1729 paruerunt,
788 1652 856 1709 ad
912 1650 1076 1706 illum
1130 1647 1447 1707 defecerint
1519 1646 1617 1720 qui
1678 1645 2052 1718 cupiditatem

399 1760 600 1803 eorum
633 1749 687 1798 et
715 1742 912 1798 sordes
938 1738 1268 1812 expleverit.

395 1832 650 1907 λημένων
681 1830 718 1900 ἢ
745 1834 823 1900 τῷ
854 1828 1113 1906 βληθέντι
1152 1825 1298 1904 παρὰ
1324 1830 1433 1881 τῶν
1457 1824 1744 1899 πολεμίων
1775 1821 2060 1895 έξέστησαν
2114 1822 2318 1902 χάρακι
2375 1821 2411 1892 ἤ
2468 1829 2548 1897 τῷ
2602 1824 2804 1901 ἀρεϊκῷ
2843 1826 3033 1900 έκείνῳ
3100 1829 3238 1902 πρὸς
3267 1826 3389 1892 δέος
3419 1829 3800 1902 συνεπιλήθηο

392 1944 486 1978 σαν
515 1918 857 1996 περιζώματι
911 1916 1050 1973 ὥστε
1103 1915 1167 1972 οὐ
1239 1915 1404 1989 μόνον
1461 1912 1524 1970 οὐ
1580 1911 1902 1988 προῦδωκαν
1961 1910 2054 1975 οὕς
2118 1913 2169 1966 οἱ
2225 1909 2527 1986 Ἀλαμανοὶ
2585 1912 2865 1971 έπέκειντο
2896 1914 3292 1991 ἐξαιτούμενοι,
3324 1917 3473 1975 ἀλλὰ
3528 1919 3619 1975 καὶ
3690 1940 3799 1994 μα.

390 2013 526 2087 κρὰν
586 2011 800 2088 χαίρειν
869 2004 1051 2061 εἴασαν
1109 2002 1366 2080 γενναίως
1420 2003 1515 2057 τὸν
1575 2001 1839 2076 παρόντες
1924 1997 2270 2080 διαφέροντες
2351 1999 2625 2061 κίνδυνον.
2680 2004 3130 2078 Ἐπιτεινομένης
3214 2004 3275 2062 δὶ
3320 2014 3423 2078 τῆς
3474 2006 3803 2082 πολιορκίας

390 2100 481 2155 καὶ
512 2096 884 2179 χρονιζόντων
910 2100 1019 2150 τῶν
1068 2091 1353 2166 πολεμίων
1393 2092 1599 2164 ἥψαντο
1655 2093 1763 2146 τῶν
1808 2089 1994 2179 ἀήθων
2049 2089 2140 2145 καὶ
2208 2090 2346 2179 πρὸς
2402 2090 2436 2146 ἄ
2510 2093 2586 2166 μὴ
2634 2095 2792 2168 θέμις
2868 2093 3270 2172 τρεχεδειπνεῖν
3339 2103 3650 2178 σιτοφαγεῖν
3722 2098 3801 2153 εἷ’.

388 2177 570 2245 ωθότα
596 2187 894 2260 ἄνθρωπον.
956 2186 1023 2241 Οἳ
1073 2186 1175 2239 τοῦ
1236 2179 1505 2258 βασιλέως
1557 2180 1739 2236 τοίνυν
1787 2178 1853 2235 τὸ
1905 2177 2122 2250 πλῆθος
2182 2178 2661 2255 ἰκκλησιάσαντες,
2723 2184 2771 2240 εἰ
2819 2183 3019 2256 ἔξεστιν
3078 2186 3267 2248 αὐτοῖς
3297 2177 3621 2263 έπικουρίαν
3689 2187 3798 2244 εἰσ-

391 2284 624 2356 ενεγκεῖν
692 2278 1063 2333 ἐπυνθάνοντο.
1120 2278 1241 2331 Τῶν
1301 2270 1361 2328 δὲ
1406 2271 1670 2328 εἰπόντων
1724 2270 1916 2341 έξεῖναι
1960 2271 2078 2344 μὶν,
2141 2274 2449 2352 χρημάτων
2523 2272 2570 2329 δ’
2627 2274 2847 2332 αὐτόθεν
2903 2276 2980 2350 μὴ
3050 2277 3323 2354 εὐπορεῖν,
3383 2278 3541 2334 αὐτοὶ
3599 2276 3798 2336 διετεί·

390 2389 545 2425 νοντο
583 2368 674 2423 καὶ
722 2368 851 2422 Θεὸν
883 2368 981 2422 τοῦ
1037 2363 1209 2438 λόγου
1264 2361 1563 2431 πεποίηντο
1625 2359 1870 2434 μάρτυρα
1914 2360 2006 2416 καὶ
2077 2363 2153 2434 μή
2215 2361 2439 2436 μέλλειν
2502 2363 2717 2442 ἐνῆγον,
2792 2365 2869 2428 ὡς
2947 2365 3204 2443 βασιλεὺς
3291 2369 3430 2424 ἅπαν
3495 2371 3790 2441 καταθήσει

388 2459 452 2514 τὸ
515 2460 613 2513 τοῦ
642 2453 892 2528 πολέμου
924 2450 1239 2526 δαπάνημα,
1265 2452 1302 2523 ἢ
1336 2454 1445 2526 μὴν
1502 2447 1895 2525 ἀπεκδέχεσθαι
1963 2455 2096 2529 σφᾶς
2149 2450 2218 2506 τὰ
2262 2450 2558 2510 ἀνύποιστα
2595 2452 2902 2530 προύλεγον
2935 2454 3040 2512 ὑπὸ
3068 2461 3177 2512 τῶν
3222 2459 3324 2529 τήν
3381 2458 3546 2514 πόλιν
3579 2455 3795 2527 διειλη-

390 2547 592 2626 φότων,
666 2541 873 2602 παίδων
955 2543 1049 2617 μὲν
1124 2543 1213 2598 καὶ
1289 2544 1553 2617 γυναικῶν
1620 2538 2010 2615 ἀπαγομένων,
2068 2541 2374 2615 χρημάτων
2437 2540 2495 2598 δὶ
2550 2544 2635 2598 καὶ
2712 2546 3053 2623 πραγμάτων
3136 2547 3551 2622 ἁρπαζομένων.
3613 2549 3801 2605 Ἔνθεν

383 2656 470 2693 τοι
546 2634 635 2690 καὶ
714 2631 1103 2709 μετάπεμπτόν
1126 2651 1246 2687 τινα
1276 2632 1481 2695 τιθέασι
1511 2630 1733 2704 κόμητα
1761 2626 2058 2703 Γιλίελμον
2090 2626 2335 2704 τοῦνομα
2407 2631 2498 2687 καὶ
2575 2643 2803 2708 γυναῖκα
2872 2638 2978 2690 τῶν
3052 2635 3279 2712 εὐγενῶν
3326 2636 3390 2692 οὐ
3437 2635 3545 2713 πρὸ
3577 2635 3796 2694 πολλοῦ

395 2729 488 2801 μὲν
550 2728 763 2800 θανάτῳ
842 2719 1242 2796 σπανιζομένην
1307 2726 1407 2777 τοῦ
1474 2720 1789 2795 ὁμευνέτου,
1851 2721 2040 2797 γενικὴ
2100 2717 2159 2775 δὲ
2212 2722 2314 2791 τήν
2371 2719 2531 2798 ἰσχὺν
2559 2724 2646 2779 καὶ
2706 2725 2808 2793 τὴν
2866 2722 3074 2781 ἐκείνου
3129 2725 3520 2802 κληρουμένην
3591 2728 3800 2803 ἀρχὴν,

385 2816 474 2873 καὶ
503 2817 721 2880 τούτοις
752 2814 887 2892 ἁδρὰ
914 2813 981 2870 τά
1010 2811 1222 2888 δόματα
1250 2813 1563 2883 στήσαντες,
1638 2810 1923 2874 κάντεῦθεν
2001 2810 2094 2865 σὺν
2171 2808 2350 2867 οὐδενὶ
2423 2812 2576 2886 πόνῳ
2604 2814 2668 2868 τὸ
2717 2811 2994 2888 πολέμιον
3042 2815 3508 2892 ἀποτρεψάμενοι,
3583 2816 3662 2880 ὡς
3738 2816 3796 2874 ix

390 2906 590 2983 βάθους
620 2905 895 2976 Θαλάσσης
926 2909 1026 2973 τῆς
1058 2902 1233 2958 αὐτῶν
1292 2898 1698 2974 ἂνανηξαμένης
1796 2898 2014 2962 πόλεως
2069 2893 2290 2975 ἕχαίρον
2329 2900 2429 2970 τὴν
2506 2898 2818 2977 έλευθερίαν
2894 2903 3323 2978 ἀνασωσάμενοι.
3402 2904 3670 2969 Βασιλεὺς
3742 2903 3789 2962 δ’

386 2995 476 3053 ἐπὶ
503 2997 718 3058 τούτοις
751 2996 849 3050 ὃσα
893 2992 1038 3055 εἰκὸς
1113 2991 1425 3068 εὐφρανθείς
1497 2988 1627 3052 τούς
1696 3008 1755 3044 τε
1828 2989 2169 3065 Ἀγκωνίτας
2242 2989 2485 3054 ἐπαίνοις
2555 2993 2661 3045 τῶν
2736 2991 3045 3070 γεγονότων
3116 2989 3421 3067 ἀμείϐεται,
3497 2996 3587 3050 καὶ
3662 3001 3783 3060 τοῖς

382 3084 727 3147 ἰσοπολίταις
754 3088 834 3155 τῷ
862 3081 1001 3156 γένει
1032 3081 1321 3153 Ῥωμαίων
1353 3077 1600 3154 ἐγκρίνας
1642 3078 1849 3133 ἅπαντα
1884 3078 2227 3155 ὑπισχνεῖται
2261 3077 2531 3153 παρέξειν,
2564 3081 2664 3136 ὅσα
2717 3081 2771 3135 οἱ
2808 3081 3037 3159 ἀμεμφῆ
3067 3101 3126 3137 τε
3155 3083 3243 3138 καὶ
3285 3080 3481 3138 δυνατὰ
3509 3083 3786 3148 κάκείνους

381 3171 501 3228 δέον
540 3173 727 3228 αἲτεῖν.
756 3168 938 3227 Ἀλλᾶ
966 3168 1136 3224 καὶτὸ
1167 3166 1395 3243 χρυσίον
1419 3164 1838 3222 πολλαπλάσιον
1861 3164 2134 3244 πέπομφε.
2170 3166 2274 3223 Καὶ
2306 3166 2382 3230 εἷς
2408 3166 2533 3223 τόδε
2568 3168 2664 3243 μὶν
2707 3172 2816 3225 τῶν
2868 3172 3212 3244 ’Δγκωνιτῶν
3241 3169 3490 3228 ἰτελεύτα
3516 3173 3581 3228 τὰ
3607 3175 3775 3248 πράγ-

382 3283 543 3336 ματα,
577 3262 730 3339 φύσει
762 3261 825 3316 τὸ
853 3259 1046 3315 πιστὸν
1069 3256 1218 3333 ἔχειν
1249 3254 1513 3327 δοξαντων
1538 3256 1628 3312 καὶ
1664 3257 1739 3328 μή
1771 3257 1910 3331 πρὸς
1949 3256 2014 3311 τὸ
2043 3262 2357 3331 συμπῖπτον
2399 3264 2500 3328 τῆς
2529 3258 2709 3334 τύχης
2743 3259 2839 3323 τὰς
2872 3260 3092 3335 γνώμας
3124 3256 3590 3335 μετακυϐεύεσθαι.
3627 3260 3770 3337 Ε’ἰπῃ

375 3354 482 3429 γὰρ
514 3350 574 3406 ἄν
596 3372 679 3414 τις
705 3351 856 3411 ὅπως
892 3346 991 3404 τοῦ
1026 3345 1119 3420 μὶν
1154 3344 1213 3402 ἐκ
1238 3347 1494 3421 γειτόνων
1531 3344 1719 3408 αὐτοῖς
1758 3343 2019 3401 δυνάστου
2058 3347 2147 3402 καὶ
2175 3349 2470 3423 κατάρχειν
2503 3346 2796 3425 ἀξιωτέρου
2835 3352 3326 3423 παρηγκωνίσαντο
3354 3353 3418 3407 τὸ
3475 3350 3767 3426 ἐπίταγμα,

374 3442 434 3503 ’ὀς
464 3439 605 3496 ἐστιν
638 3440 666 3496 ὁ
696 3442 806 3495 τῶν
838 3436 1164 3509 Ἀλαμανῶν
1192 3434 1313 3512 ῥῆξ,
1379 3435 1473 3490 τὸν
1521 3431 1579 3489 δὲ
1629 3435 1764 3507 μετὰ
1818 3432 2038 3504 πολλὴν
2093 3435 2462 3510 ὀπτανόμενον
2528 3443 2633 3511 γῆν
2682 3437 2773 3494 καὶ
2831 3434 2934 3515 ὅρη
2968 3440 3217 3496 σκιόεντα
3253 3441 3544 3514 Ῥωμαίων
3575 3441 3776 3498 ἄνακτα

374 3530 749 3605 ἡγαπτξκεσαν,
782 3530 863 3603 [Ρ.
899 3528 1022 3599 132]
1062 3525 1108 3580 εί
1144 3525 1218 3598 μή
1250 3541 1336 3583 τις
1363 3523 1545 3585 αὐτοῖς
1578 3522 1917 3603 ἐμπεφυκυῖα
1947 3526 2013 3593 ἦν
2058 3523 2358 3604 αὐτόφυτος
2401 3523 2707 3597 συνείδησις
2735 3524 2972 3601 τάγαθοῦ
3001 3528 3098 3582 κᾶν
3137 3534 3254 3592 τοῖς
3278 3526 3476 3594 δεινοῖς
3503 3529 3783 3601 ἀπτόητος

377 3617 615 3693 ὅρμησις
643 3617 732 3673 καὶ
763 3617 900 3692 πρὸς
939 3615 1002 3670 τὸ
1029 3619 1137 3669 τῶν
1166 3613 1504 3689 πραγμάτων
1537 3611 1645 3688 οὐχ
1674 3612 1868 3686 ὅμοιον
1926 3612 2009 3668 ἀεὶ
2071 3607 2338 3688 βεϐηκυῖα
2391 3614 2484 3670 καὶ
2547 3618 2623 3691 μὴ
2669 3614 2998 3680 εὐτίνακτος.
3032 3617 3140 3689 Βῖη
3170 3615 3217 3673 δ’
3247 3616 3309 3673 ἄν
3352 3615 3540 3695 ἕτερον
3569 3618 3785 3683 τούτοις

375 3707 473 3763 οὐκ
503 3706 865 3783 ἀρεσκόμενον
898 3704 1312 3779 ἀνθυπενεγκεῖν
1343 3702 1419 3765 ὡς
1517 3704 1743 3772 ἣττονες
1840 3696 1989 3765 ὄντες
2094 3699 2318 3777 κέρδους
2370 3703 2427 3758 οἱ
2484 3704 2811 3779 Ἀγκωνῖται
2850 3705 2941 3762 καὶ
2974 3706 3357 3784 ἆγυρτεύοντες
3431 3709 3523 3763 καὶ
3556 3709 3693 3785 πρὸς
3718 3710 3784 3765 τὸ

373 3792 561 3852 λαϐεῖν
595 3801 756 3873 χεῖρα
829 3792 1179 3870 προτείοντες
1254 3791 1562 3862 ἀπέστησαν
1643 3791 1736 3865 μὲν
1808 3793 1906 3846 τοῦ
1980 3792 2112 3867 χθές
2184 3810 2244 3847 τε
2315 3790 2408 3847 καὶ
2506 3794 2703 3868 πρώην
2761 3791 2815 3855 ἐς
2858 3795 3105 3869 ἡγεμόνα
3133 3799 3282 3874 σφῶν
3309 3796 3782 3873 ἀποτεταγμένου,

371 3884 547 3941 ὀπίσω
581 3882 627 3941 δ’
658 3882 1024 3962 ἐπορεύθησαν
1053 3879 1252 3950 ἂλλου,
1279 3882 1340 3944 ’ὸς
1367 3881 1593 3958 ἤνεγκεν
1621 3878 1806 3945 αὐτοῖς
1836 3881 1935 3950 τήν
1964 3879 2253 3955 ἐπιθυμίαν
2302 3880 2392 3937 καὶ
2449 3882 2512 3936 τὸ
2560 3880 2856 3958 κερδαλέον
2912 3885 3003 3939 καὶ
3034 3884 3286 3957 κάπηλον
3324 3884 3649 3963 έθεράπευσε
3677 3890 3779 3943 τοῦ

367 3977 743 4052 φρονήματος.

2169 1105 2354 1181 μαίοις
2408 1108 2499 1164 καὶ
2557 1112 2693 1167 κατὰ
2744 1116 2844 1182 τήν
2899 1114 3102 1171 ἑαυτῶν
3159 1112 3499 1191 εἰσδέχονται
3556 1111 3812 1193 πρέσϐεις

2162 1194 2314 1253 οὐδὲν
2337 1197 2519 1272 ἓτερον
2561 1201 2646 1256 ὃτι
2705 1202 2782 1275 μὴ
2839 1203 2908 1258 τὰ
2955 1204 3071 1259 κατ’
3125 1203 3291 1260 αὐτοῦ
3330 1201 3546 1276 δηλαδή
3596 1205 3811 1278 μετιόν-

2159 1305 2256 1350 τας
2287 1288 2377 1343 καὶ
2408 1288 2598 1351 πόλεις
2658 1291 2755 1353 τὰς
2811 1291 2922 1347 έκεῖ
2980 1295 3341 1366 μεθιστῶντας
3394 1294 3498 1362 τῆς
3544 1293 3601 1356 ἐς
3647 1295 3811 1353 αὐτὸν

2163 1377 2376 1440 εὐνοίας
2407 1380 2497 1434 καὶ
2530 1379 2784 1443 πίστεως.
2815 1381 2915 1437 Καὶ
2972 1382 3033 1438 τὸ
3104 1384 3200 1457 μὲν
3252 1384 3495 1464 πεμφθὲν
3534 1383 3594 1440 ἐκ
3636 1384 3811 1463 ρηγὸς

2162 1466 2469 1540 στράτευμα
2524 1467 2600 1531 ὡς
2645 1467 2947 1542 πολεμίους
3008 1470 3136 1532 τοὺς
3222 1471 3550 1547 Ἀγκωνίτας
3601 1476 3812 1549 μετήρ·

2164 1573 2351 1630 χοντο,
2384 1557 2471 1610 καὶ
2505 1558 2901 1632 περιζώοαντες
2949 1561 3049 1629 τὴν
3109 1559 3275 1617 πόλιν
3319 1559 3566 1637 άπῂτουν
3612 1557 3811 1618 ἐκδοῦ-

2160 1642 2245 1698 ναί
2301 1664 2449 1724 σφισι
2492 1646 2618 1708 τοὺς
2686 1642 2937 1722 πρέσϐεις
2974 1648 3292 1723 Ῥωμαίων·
3353 1650 3403 1707 οἱ
3474 1648 3521 1706 δ’
3592 1650 3810 1725 Ἀγκω·

2088 1710 2135 1775 Β
2164 1737 2306 1789 νῖται
2346 1710 2532 1797 ὀὓτως
2586 1736 2723 1805 ἦσαν
2788 1710 3129 1812 εὐγνώμονες
3179 1738 3440 1815 ἀκροαταὶ
3492 1744 3602 1796 τῶν
3645 1710 3813 1811 fimi-

440 4121 590 4179 205
622 4120 692 4176 ΙΙ.
735 4122 809 4175 At
837 4117 1171 4190 imperatori
1228 4132 1318 4174 res
1346 4116 1426 4172 ita
1452 4112 1880 4171 administranti
1900 4113 2013 4170 cri-

2200 4115 2273 4171 B'.
2297 4113 2389 4186 Τῷ
2413 4112 2469 4170 ’ὀὶ
2502 4112 2721 4190 βασιλεῖ
2747 4120 2915 4173 ταῦτα
2970 4116 3115 4174 οὕτω
3170 4116 3537 4194 διοικουμένῳ
3567 4117 3781 4196 χλευα-

363 4208 504 4265 mini
537 4207 782 4264 dabatur
811 4224 846 4263 a
867 4206 1324 4278 Romanis,quod
1347 4221 1418 4262 ex
1442 4204 1762 4261 ambitione
1794 4202 2021 4275 longiu-

358 4314 479 4371 qua
506 4292 857 4353 desideraret
884 4300 939 4352 et
969 4296 1166 4352 oculos
1210 4295 1270 4352 iu
1304 4299 1562 4351 extrema
1611 4297 1893 4349 terrarum
1926 4306 2019 4348 ex-

358 4388 642 4455 tenderet,
676 4384 858 4442 mulla
886 4385 1179 4451 audacter,
1223 4390 1442 4442 temere
1474 4381 1662 4439 multa
1715 4390 1929 4455 ageret,
1961 4388 2019 4437 et

361 4476 511 4534 ultra
540 4477 754 4534 limites
784 4494 818 4533 a
840 4474 1241 4549 superioribus
1288 4472 1739 4545 imperatoribus
1769 4472 2018 4545 pratini'

361 4571 449 4624 tos
497 4566 745 4624 multum
803 4571 1163 4639 evagaretur,
1212 4568 1268 4620 et
1319 4562 1623 4634 pecuniam
1675 4578 1708 4617 a
1763 4559 2013 4616 subditis

356 4657 559 4715 acerbe
582 4662 641 4714 et
679 4657 1073 4730 periujuriam
1134 4659 1395 4711 exactam
1428 4650 1710 4708 inutiliter
1738 4649 2015 4722 dilapida-

358 4752 462 4804 ret.
496 4748 706 4803 Verum
753 4761 1057 4818 perperam
1095 4743 1206 4800 ista
1255 4740 1846 4812 reprehendebantur,
1896 4756 2011 4797 non

355 4837 429 4893 ab
458 4835 618 4891 inani
672 4834 864 4892 studio
895 4834 1169 4891 novitatis
1217 4833 1492 4906 profecta,
1541 4832 1638 4887 sed
1681 4831 2012 4886 Latinarum

355 4926 619 4998 gentium
672 4929 851 4991 metu,
904 4941 1145 4995 quarum
1201 4924 1355 4982 vires
1411 4920 1887 4995 inexpugnabiles
1918 4936 2014 4977 cs-

354 5018 482 5072 sent
509 5029 674 5085 ;qua
705 5013 755 5068 si
786 5015 1243 5085 conspirassent,
1276 5011 1579 5070 verebatur
1633 5028 1706 5069 ne
1738 5010 2011 5067 torrentis

352 5103 540 5161 instar
590 5105 852 5158 nostrum
898 5101 1210 5172 imperium
1259 5109 1566 5160 vastarent.
1617 5102 1691 5158 Ea
1740 5101 1813 5157 de
1842 5115 2013 5157 causa

355 5194 442 5254 vel
489 5193 761 5266 exiguum
797 5192 1053 5250 fomitem
1103 5199 1168 5249 ut
1205 5192 1400 5265 magni
1468 5191 1726 5251 incendii
1773 5207 2009 5249 causam

353 5288 695 5355 suspectum
724 5281 975 5339 habebat
1005 5288 1098 5351 ;et
1129 5282 1482 5339 suborientia
1508 5281 2010 5339 incommodoxum

354 5374 581 5433 semina
621 5373 819 5429 statim
880 5370 1250 5443 exslirpabat,
1285 5372 1491 5444 optimi
1533 5371 1796 5445 agricolae
1828 5387 2009 5442 more,

2122 4201 2252 4290 σμοὶ
2312 4204 2456 4279 παρᾶ
2508 4204 2794 4280 Ῥωμαίων
2853 4202 3201 4282 ἐπετρίϐοντο
3283 4209 3359 4273 ὡς
3446 4210 3776 4290 ὅπερορίους

2122 4288 2280 4358 δῆθεν
2367 4291 2659 4367 ἐπιθυμίας
2747 4291 2836 4351 διὰ
2889 4295 2954 4351 τὸ
3024 4295 3292 4372 φίλαυτον
3354 4288 3608 4379 τρέφοντι
3679 4299 3773 4359 καὶ

2120 4380 2439 4461 ὀφθαλμοὺς
2494 4381 2576 4439 ἔπ’
2631 4382 2770 4459 ἄκρα
2835 4392 2939 4461 γῆς
2981 4384 3288 4461 ἐκτείνοντι,
3327 4390 3420 4445 καὶ
3460 4391 3561 4446 ὅσα
3590 4393 3772 4467 θερμὰ

2118 4471 2209 4527 καὶ
2238 4469 2517 4547 τολμηρὰ,
2592 4477 2760 4530 ταῦτα
2816 4471 3294 4551 διαπραττομένῳ,
3344 4480 3434 4536 καὶ
3490 4485 3597 4537 τῶν
3641 4482 3768 4553 i86-

2117 4581 2220 4617 νων
2256 4559 2523 4637 βάλλοντι
2552 4562 2832 4641 πόρῥωθεν
2888 4565 2982 4628 οὕς
3023 4567 3077 4622 οἱ
3115 4571 3307 4642 πρώην
3357 4564 3548 4643 ἔτεμον
3612 4571 3776 4647 βασι-

2120 4648 2255 4719 λεῖς,
2320 4651 2407 4707 καὶ
2476 4652 2613 4723 πρὸς
2694 4654 2973 4729 χρήσιμον
3058 4654 3211 4712 οὐδὲν
3267 4657 3634 4716 ἀπαντλοῦντι
3708 4661 3779 4719 τὰ

2117 4740 2386 4819 χρήματα
2443 4737 2475 4795 ἅ
2542 4738 2798 4817 συλλέγει
2853 4742 2915 4798 τὸ
2975 4745 3063 4800 ὑπ’
3128 4744 3309 4821 ἀρχὴν
3363 4747 3776 4822 καλαμώμενος

2117 4829 2463 4906 ἀπογραφαῖς
2515 4850 2575 4885 τε
2622 4830 2712 4887 καὶ
2772 4832 2963 4912 φόροις
3057 4831 3367 4891 ἐκδαπανῶν
3426 4838 3774 4909 ἀσυνήθεσιν.

2115 4920 2191 4981 Οὐ
2231 4918 2415 4982 καλῶς
2448 4915 2505 4974 δὲ
2547 4920 2885 5005 παντάπασιν
2921 4920 3112 4998 ἐκείνῳ
3164 4924 3233 4980 τά
3285 4924 3470 4982 τοιάδε
3534 4927 3774 5005 προσέρο

2116 5007 2307 5089 ῥπτον,
2348 5008 2430 5064 ὅτι
2491 5004 2622 5081 μηδ’
2668 5011 2733 5079 ἦν
2801 5012 3125 5086 καινοτομία
3178 5034 3261 5077 τις
3319 5013 3529 5091 ἄλογος
3587 5014 3641 5081 ἐς
3707 5018 3772 5074 τὸ

2114 5096 2373 5161 παντελὲς
2436 5097 2504 5152 τὰ
2569 5095 2932 5174 πραττόμενα,
3000 5100 3144 5158 ἀλλᾶ
3199 5102 3267 5158 τὰ
3357 5104 3463 5160 τῶν
3522 5105 3771 5163 Λατίνων

2114 5189 2245 5268 γένη
2305 5190 2449 5263 ὁρῶν
2532 5184 2753 5264 ἄμαχον
2820 5188 2978 5265 ἰσχὺν
3061 5192 3412 5266 περικείμενα
3463 5191 3653 5250 ἐδεδίει
3705 5197 3770 5253 τὸ

2116 5277 2419 5353 σύμπνουν,
2467 5276 2541 5340 ὡς
2600 5274 2753 5355 ἔφην,
2808 5280 2884 5352 μή
2943 5279 3301 5338 κατακλύσειε
3365 5283 3432 5339 τὰ
3504 5283 3770 5359 ἡμέτερα,

2117 5367 2298 5445 ὥσπερ
2359 5366 2448 5424 καὶ
2517 5364 2823 5443 χείμαρρος
2892 5367 2944 5440 ἐξ
2994 5368 3186 5448 ὀλίγου
3223 5371 3386 5447 μέγας
3420 5372 3604 5450 φανεὶς
3660 5395 3770 5430 πα-

355 5463 456 5537 qui
515 5463 716 5533 spinas
765 5462 954 5519 adhuc
1001 5465 1229 5517 teneras
1285 5477 1342 5518 et
1397 5462 1712 5534 degeneres
1770 5462 2005 5519 frutices

2132 5457 2336 5553 >ασύρει
2391 5453 2556 5553 γήδια
2612 5461 2893 5553 γεωργῶν.
2947 5460 3046 5517 Διά
3100 5479 3187 5516 τοι
3225 5465 3388 5516 τοῦτο
3428 5461 3519 5519 καὶ
3571 5464 3635 5519 τὸ
3670 5485 3765 5538 μι·

353 5568 602 5612 runcare
659 5550 828 5609 solet.
885 5556 1078 5624 Atque
1136 5550 1241 5606 hoc
1280 5551 1406 5622 ejus
1443 5550 1603 5608 obitu
1661 5550 2005 5608 declaratum

2132 5549 2239 5626 ιρὸν
2301 5544 2654 5624 ὑφορώμενος
2729 5540 2965 5621 ἔναυσμα
3017 5548 3093 5611 ὡς
3171 5553 3381 5624 πυρσοῦ
3453 5551 3765 5627 παραίτιον,

347 5648 461 5715 est,
502 5658 635 5703 cum
691 5641 932 5715 sapienti
989 5640 1369 5715 gubernatore
1398 5640 1616 5700 amisso
1668 5641 2001 5713 reipublicae

2132 5639 2338 5716 mach
2385 5632 2444 5691 δὶ
2489 5634 2581 5691 καὶ
2636 5632 2714 5699 είς
2772 5635 3037 5713 μεγίστην
3115 5633 3416 5717 προϐαῖνον
3492 5641 3763 5717 πυρκαϊὰν
