4140 6290
251 331 372 393 553

246 463 347 519 καὶ
440 461 521 526 εἷς
604 459 934 538 ἐμπρησμὸν
991 460 1194 534 ἔκτοτε,

249 552 406 627 τύχῃ
439 547 770 627 λαϐόμενον,
822 551 911 608 καὶ
967 552 1107 630 πρὸς
1163 555 1335 627 μόνην
1367 553 1601 629 ὗποψίαν
1635 555 1912 634 φυομένην

255 642 363 709 τὴν
432 644 539 697 τῶν
594 640 908 697 λυπούντων
966 639 1146 719 ἀρχὴν
1221 643 1539 722 ἀπεμάχετο
1604 643 1741 699 κατὰ
1786 641 1919 703 τοὺς

259 729 516 806 ἀρίστους
570 740 679 789 τῶν
740 730 1027 807 γηπόνων,
1088 729 1144 785 οίί
1219 734 1321 797 τὰς
1379 733 1611 798 ἀκάνθας
1665 733 1760 794 τὰς
1817 733 1917 802 τήν

261 819 489 893 πρασιάν
565 818 982 894 λυμαινομένας
1076 822 1269 897 νεαρὰς
1362 816 1442 878 ἔτι
1518 823 1756 879 ἐκσπῶσι
1828 822 1920 877 καὶ

263 904 718 986 καταστρέφουσιν
774 908 1046 986 ἀρτιθαλῆ
1107 916 1216 966 τῶν
1267 908 1503 987 δένδρων
1561 912 1628 967 τὰ
1692 913 1767 985 μὴ
1818 931 1921 983 κη-

257 999 514 1074 πεύσιμα.
573 1002 682 1056 Καὶ
734 1005 898 1056 τοῦτο
955 1006 1138 1082 σαφῶς
1185 1001 1425 1074 ὑπέδειξε
1481 1004 1550 1058 τὰ
1614 1005 1919 1078 μετέπειτα,

258 1088 420 1158 ἠνίκα
448 1090 551 1159 τὴν
588 1090 684 1163 μὲν
740 1088 968 1145 ἐνταῦθα
1025 1093 1173 1162 ζωὴν
1228 1093 1392 1155 αὐτὸς
1453 1092 1822 1168 μετηλλάχει,
1851 1094 1918 1149 τὰ

257 1175 314 1233 δέ
389 1200 454 1255 γε
519 1180 817 1256 πράγματα
905 1176 1246 1253 κυϐερνήτην
1340 1179 1691 1240 ἂποϐαλοντα
1757 1185 1920 1263 σοφὸν

262 1272 461 1344 μικροῦ
524 1269 590 1324 τὸ
643 1276 748 1339 τῆς
802 1268 1085 1345 βασιλείας
1146 1272 1350 1351 σκάφος
1408 1268 1683 1330 ἐϐάπτισε.
1745 1274 1820 1330 Τὸ
1872 1270 1918 1327 δ’

258 1358 350 1412 οὗν
404 1361 514 1413 τῶν
567 1355 787 1432 δασμῶν
839 1359 1218 1433 ἐπιτεταμένον
1260 1359 1378 1415 οὐδ’
1433 1361 1594 1426 αὐτὸς
1650 1362 1725 1424 ὡς
1794 1382 1918 1436 μετ-

252 1444 479 1501 εδίωκεν
511 1448 922 1523 ἀποκρύψομαι.
983 1447 1147 1505 Ἀλλ’
1208 1447 1324 1505 οὐδ’
1384 1449 1468 1506 ὅτι
1519 1453 1574 1505 αἱ
1621 1451 1788 1527 ἀρχαὶ
1821 1449 1919 1521 δη-

257 1535 565 1608 μοσιώναις
622 1531 1041 1611 προύϐέϐληντο
1089 1535 1536 1615 παραδράμοιμι,
1594 1539 1778 1616 ὣσπερ
1828 1538 1919 1595 καὶ

245 1628 317 1682 τὸ
378 1630 566 1683 ποθεῖν
621 1629 876 1701 νεώματα
944 1628 995 1684 ἐν
1083 1630 1341 1706 ἀρούραις
1421 1632 1510 1687 καί
1583 1631 1662 1705 τῷ
1728 1634 1920 1691 ἑαυτοῦ

245 1716 477 1793 ἀρότρῳ
504 1714 810 1796 διασχιζειν
861 1714 1123 1791 αὔλακας,
1176 1720 1232 1791 ἒξ
1289 1721 1362 1775 ὧν
1404 1722 1555 1794 αὐτῷ
1586 1719 1917 1798 ἀνδρομεγές

1306 332 1412 393 DE
1455 329 1832 394 MANUELE
1874 327 2250 391 COMNENO
2292 329 2442 390 LIB.
2490 329 2622 393 VII.

1280 463 1346 534 ἤν
1404 466 1714 541 εὖπρήστου
1773 461 1912 534 ὕλης

2040 464 2112 520 ris
2146 481 2291 538 pene
2323 464 2592 521 demersa
2613 468 2721 522 est.
2756 468 2837 521 Ac
2866 482 3001 523 eum
3027 467 3248 527 tributa
3287 487 3673 546 exaggerasse

3545 342 3663 403 554

2026 560 2082 610 et
2102 553 2480 625 magistratus
2498 554 2829 627 publicanis
2853 556 3184 616 vendidisse
3197 564 3253 615 et
3275 561 3672 621 lertilissimos

2026 657 2195 715 agros
2215 643 2341 698 suis
2366 643 2573 699 aratris
2602 644 2955 716 proscidisse
3002 648 3155 704 266
3179 664 3283 706 nec
3331 650 3457 722 ipse
3499 653 3672 711 dissi-

2029 730 2255 788 mulare
2287 749 2544 804 possum.
2580 733 2690 789 Sed
2750 736 2997 806 pecunia
3055 736 3162 793 hoc
3218 741 3389 796 modo
3434 742 3676 800 collecta

2029 837 2144 876 non
2177 827 2299 877 tam
2333 823 2391 877 in
2422 822 2733 880 thesauros
2777 825 3137 894 referebatur
3193 845 3364 900 quam
3426 836 3671 904 utraque

2029 925 2205 965 manu
2237 909 2557 967 liberaliter
2580 912 3010 984 eﬂundebatur,
3047 918 3258 988 partim
3286 918 3342 974 in
3377 926 3669 977 monaste-

2028 999 2133 1064 ria,
2168 1015 2363 1056 sacras
2423 1000 2575 1057 aedes
2631 1006 2687 1057 et
2745 1020 3030 1076 pauperes
3087 1007 3397 1076 Romanos,
3459 1011 3671 1081 partim

2026 1103 2158 1144 vero
2182 1094 2239 1144 et
2263 1091 2512 1147 maxima
2533 1092 2765 1163 quidem
2805 1111 2871 1149 ex
2896 1099 3078 1167 parte,
3112 1097 3162 1152 in
3208 1098 3396 1155 varias
3445 1104 3670 1172 gentes,

2032 1177 2262 1235 Latinas
2279 1182 2620 1252 prasertim.
2654 1183 2807 1239 Nam
2842 1201 2907 1240 ex
2960 1186 3375 1243 munificentiae
3423 1194 3676 1247 ostenta-

2027 1269 2185 1324 tione
2210 1271 2391 1327 eti'use
2413 1274 2726 1344 spargebat
2747 1279 2803 1330 et
2827 1274 3166 1333 insumebat
3188 1295 3254 1333 ea
3277 1295 3404 1351 quas
3431 1283 3676 1354 utraque

2029 1374 2209 1414 manu
2231 1359 2565 1434 collegerat,
2599 1366 2655 1418 et
2714 1364 3116 1423 acerbissimos
3173 1375 3467 1425 exactores
3517 1387 3671 1440 quae-

2028 1452 2214 1504 stores
2245 1450 2611 1521 designabat.
2641 1453 2704 1507 In
2731 1453 2896 1523 justa
2953 1460 3302 1527 sumptuum
3363 1464 3523 1529 parte
3576 1459 3680 1516 illa

2030 1538 2217 1610 neptis
2247 1539 2376 1609 ejus
2406 1540 2731 1611 Tbeodora,
2795 1546 2988 1616 cujus,
3022 1550 3087 1601 ut
3125 1546 3265 1613 dixi,
3298 1549 3675 1606 consuetudi-

2029 1644 2100 1683 ne
2132 1628 2422 1698 utebatur,
2455 1632 2721 1702 quamvis
2777 1648 2983 1705 expers
3044 1635 3419 1707 diadematis,
3478 1644 3675 1696 tamen

2029 1717 2307 1774 comitatu
2333 1720 2504 1790 plane
2527 1720 2684 1792 regio
2717 1723 3006 1791 utebatur,
3041 1724 3250 1781 mulier
3297 1728 3679 1797 superciliosa

246 1808 358 1876 θης
414 1801 743 1862 ἀνέϐλαστεν
818 1803 1079 1883 ἄσταχυς.
1128 1809 1226 1866 Ἠν
1298 1806 1356 1864 δὲ
1414 1811 1479 1865 τὰ
1547 1809 1919 1887 συλλεγόμενοι

2040 1810 2089 1862 et
2121 1822 2424 1880 arrogans,
2457 1825 2584 1880 quae
2617 1809 2898 1881 palatium
2929 1810 3043 1868 nisi
3100 1814 3385 1885 exquisite
3432 1832 3676 1888 perpur~

250 1898 531 1973 χρήματα
606 1895 668 1951 οὐ
742 1895 1001 1953 ττθσοῦτον
1078 1898 1383 1971 ἀποθήκαις
1450 1900 1816 1977 ἀποτιθέμενα
1880 1901 1915 1972 ἢ

254 1990 435 2064 μυχῷ
483 1992 589 2061 γῆς
648 1985 1177 2062 ἐγκατορυττόμενα,
1232 1989 1356 2045 ’ὀσον
1414 1990 1748 2069 ἀμφοτέραις
1785 1990 1923 2047 ἀπο-

250 2079 562 2153 κενούμενα
619 2080 709 2134 καὶ
765 2077 1002 2159 ἂφειδῶς
1055 2082 1406 2158 παρεχόμενα
1463 2084 1551 2138 καὶ
1595 2088 1787 2157 μοναῖς
1829 2085 1923 2158 μὲν

251 2170 356 2225 καὶ
402 2170 652 2243 τεμένεσι
709 2170 801 2224 καὶ
873 2168 1169 2243 Ῥωμαίοις
1242 2169 1683 2246 ἐλασσουμένοις,
1741 2174 1809 2228 τὰ
1866 2171 1924 2228 δὲ

250 2260 495 2317 πλεῖστα
568 2265 687 2322 ταῖς
742 2265 850 2316 τῶν
910 2258 1077 2316 ἐθνῶν
1139 2261 1572 2338 μεταγγιζόμενα
1644 2284 1944 2339 πανσπερο·

252 2350 436 2426 μίαις,
510 2348 605 2404 καὶ
693 2347 932 2422 μάλιστα
1030 2354 1151 2413 ταῖς
1253 2356 1566 2413 Λατινικαϊς
1671 2349 1923 2426 ἔκρέοντα

250 2439 593 2515 ὄμηγύρεσι.
682 2436 1035 2513 Φιλοδωρίας
1093 2440 1191 2513 γὰρ
1255 2438 1608 2513 μεταδιώκων
1659 2440 1919 2512 ἐπίδειξιν

252 2526 488 2589 ἀσώτως
546 2524 835 2599 ἐσκόρπιζε
892 2525 981 2582 καὶ
1039 2526 1331 2598 ἀγήλισκεν
1388 2530 1523 2605 ἅπερ
1582 2528 1920 2605 ἀμφοτέραις

257 2616 543 2693 συνέλεγε,
595 2616 724 2678 τοὺς
782 2615 964 2691 ἄκρως
1014 2618 1378 2692 κερματιστὰς
1431 2619 1754 2697 φροντιστὰς
1814 2624 1919 2673 τῶν

258 2704 484 2762 οἰκείων
545 2704 798 2782 ἐφιστῶν.
862 2704 1041 2779 Μέρος
1120 2703 1177 2762 δὲ
1248 2714 1350 2777 τῆς
1407 2704 1650 2779 δαπάνης
1709 2708 1920 2782 καίριον

259 2795 402 2863 ἦσαν
458 2794 553 2849 καὶ
607 2793 726 2848 ὅσοι
801 2794 918 2849 καθ’
988 2796 1127 2869 αἷμα
1186 2798 1520 2867 συνήπτοντο
1589 2797 1679 2851 καὶ
1738 2795 1923 2860 ἄλλως

269 2882 578 2954 ᾠκείωντο.
637 2882 837 2938 Αὐτίκα
890 2882 1072 2938 τοίνυν
1133 2886 1167 2954 ἡ
1227 2884 1423 2958 ἀνεψιὰ
1463 2882 1922 2961 Θεοδώρα,ᾖκαὶ

276 2973 379 3046 (ὡς
465 2967 694 3048 ἔφημεν)
771 2970 1086 3044 ἐπλησίαζε,
1173 2972 1617 3048 βασιλικωτάτης
1707 2981 1927 3050 μετεῖχε

276 3058 632 3139 δορυφορίας,
687 3061 773 3115 καὶ
833 3063 941 3136 μὴν
1001 3062 1061 3117 οὐ
1124 3059 1480 3137 διαδουμένη,
1528 3064 1619 3119 καὶ
1663 3069 1772 3119 τῶν
1825 3066 1923 3138 ἆρ-

269 3150 446 3230 χείων
512 3149 859 3225 βαρουμένων
909 3151 1159 3228 παριέναι
1214 3151 1402 3222 ἤθελε,
1460 3152 1551 3207 καὶ
1600 3153 1737 3209 κατὰ
1765 3175 1925 3233 φυσι-

440 3216 538 3312 μὲν
586 3216 842 3311 ¹ἰδιάτητα
901 3216 1132 3316 σοέαρᾶν
1193 3239 1426 3297 ἕλκουσα
1498 3243 1583 3315 [Ρ.
1646 3216 1787 3318 133]Ι
1827 3244 1924 3312 τὴν
1959 3216 2001 3284 C

267 3329 442 3409 ὀφρὺν
492 3329 584 3385 καὶ
632 3330 739 3384 ἄνω
784 3330 847 3385 τὸ
897 3325 1054 3404 ὄμμα
1098 3331 1365 3403 τείνουσα,
1413 3332 1475 3387 τὸ
1525 3328 1583 3386 δὲ
1612 3330 1779 3388 πλέον
1808 3330 1929 3409 ἀγέ-

269 3440 459 3496 ρωχον
496 3418 797 3495 βλέπουσα.
851 3421 954 3477 Καὶ
995 3422 1022 3476 ὁ
1082 3418 1141 3477 ἐκ
1185 3422 1387 3493 ταύτης
1434 3420 1492 3478 δὲ
1536 3424 1825 3499 γενόμενος
1850 3430 1930 3497 τῷ

269 3506 498 3583 βασιλεῖ
563 3514 693 3571 παῖς
766 3510 857 3564 καὶ
941 3507 1130 3588 ἐφεξῆς
1222 3505 1401 3587 ἕτεροι
1468 3510 1599 3574 ὅλας
1658 3511 1929 3576 θαλάσσας

269 3599 587 3678 χρημάτων
638 3597 714 3661 είς
775 3599 999 3663 ἑαυτοὺς
1062 3599 1457 3680 μετωχέτευον.
1492 3600 1735 3664 Εὕκολος
1767 3598 1823 3657 δὲ
1853 3597 1929 3658 ὥν

271 3690 610 3767 εὖχείρωτος
710 3693 827 3751 τοῖς
926 3697 1349 3765 κατευναστῆρσι
1432 3692 1525 3746 καὶ
1602 3690 1932 3764 θαλαμηπό-

275 3776 401 3837 λοις
437 3775 737 3851 ἐκτομίαις,
795 3776 942 3834 ἀλλὰ
1000 3777 1065 3849 δὴ
1124 3779 1215 3834 καὶ
1265 3784 1380 3842 τοῖς
1423 3779 1529 3834 ἀπὸ
1557 3785 1721 3856 γενῶν
1753 3781 1932 3856 ἕτερ’)-

271 3867 548 3945 γλώττων
613 3862 1141 3943 ὑποϐαρϐαρίζουσιν
1206 3869 1518 3944 ὑπηρέταις,
1577 3871 1708 3925 ὧνὸ
1753 3869 1936 3934 σίελος

265 3962 365 4013 τοῦ
432 3955 602 4031 λόγου
659 3957 1102 4031 προηκοντίζετο,
1159 3964 1276 4022 τοῖς
1336 3958 1620 4037 ρυηφενέσι
1672 3959 1763 4015 καὶ
1808 3961 1936 4015 τού-

262 4068 402 4109 τους
468 4044 743 4102 ἐνέταττεν
802 4047 1041 4111 εὐπετῶς
1096 4047 1163 4101 τὰ
1220 4044 1408 4103 πολλὰ
1483 4050 1543 4103 τὸ
1602 4047 1693 4111 οὖς
1752 4048 1935 4111 αὐτοῖς

265 4132 621 4206 ὖποκλίνων,
675 4135 764 4191 καὶ
823 4135 957 4211 ’άπερ
1024 4137 1279 4208 ἠτοῦντο,
1340 4136 1548 4213 ῥᾳόνως
1604 4136 1935 4214 ἐκπερατῶν.

267 4225 407 4284 Τισῖ
459 4224 644 4280 τοίνυν
698 4223 758 4280 ἐκ
803 4225 1009 4280 τούτων
1056 4223 1227 4288 οὕτως
1283 4223 1454 4300 εὐρόει
1483 4226 1551 4281 τὰ
1575 4226 1709 4281 κατά
1754 4226 1939 4301 βίοτον

262 4315 341 4377 ὡς
402 4314 665 4388 σωρείαις
717 4313 1022 4388 χρημάτων
1074 4312 1465 4385 ἐνευοηνεῖσοαι
1502 4314 1592 4369 καὶ
1648 4319 1763 4377 τοῖς
1802 4316 1940 4373 κατὰ

259 4403 487 4479 κόσμον
544 4406 676 4457 πᾶσι
733 4402 1107 4479 περιρρεῖσθαι
1167 4401 1450 4480 λαμπροῖς
1506 4403 1601 4459 ’ἶσα
1655 4404 1745 4460 καὶ
1782 4425 1938 4479 μεγι-

263 4500 435 4549 στᾶσι
490 4489 761 4565 μεγίστων
820 4491 1007 4564 ἐθνῶν,
1065 4492 1153 4548 καὶ
1193 4496 1361 4549 ταῦτα
1416 4489 1666 4555 παιδείας
1725 4494 1936 4565 ἀπάσης

2032 1901 2233 1970 gutum
2267 1898 2493 1971 ingredi
2526 1901 2855 1956 recusabat.
2918 1902 3028 1957 Sed
3087 1907 3145 1958 et
3195 1904 3311 1960 tilio
3345 1920 3414 1961 ex
3443 1922 3512 1962 ea
3543 1923 3677 1978 pro-

2032 1990 2226 2043 creato
2258 1991 2314 2043 et
2344 1987 2475 2044 aliis
2507 1987 2777 2061 pluribus
2807 1993 2933 2046 tota
2965 1990 3148 2047 maria
3179 1995 3436 2065 pecunia:
3473 1995 3679 2052 afﬂue-

2033 2079 2503 2137 bant.Eunuchis
2536 2098 2769 2154 quoque
2801 2082 3183 2142 cubiculariis
3223 2085 3469 2160 aliisque
3504 2088 3679 2145 mini-

2033 2168 2172 2225 stris
2203 2185 2272 2226 ex
2304 2171 2626 2243 peregrinis
2657 2172 2800 2228 ortis
2842 2173 3202 2244 nationibus,
3237 2177 3676 2249 semibarbaris,

2033 2258 2136 2331 qui
2166 2260 2496 2332 expeditius
2527 2261 2814 2333 spuebant
2871 2280 3045 2335 quam
3099 2264 3512 2337 loquebantur,
3561 2274 3683 2325 erat

2035 2347 2222 2403 facilis
2255 2354 2310 2404 et
2340 2349 2655 2422 benignus,
2689 2368 2903 2424 eosque
2951 2352 3010 2410 in
3070 2354 3317 2411 divitum
3368 2373 3680 2414 numerum

2035 2438 2339 2507 referebat,
2370 2443 2436 2494 ut
2466 2440 2688 2496 acervis
2729 2442 3113 2513 pecuniarum
3172 2449 3230 2500 et
3278 2447 3442 2503 omni
3473 2464 3684 2520 genere

2034 2528 2182 2584 267
2207 2532 2682 2585 ornamentorum
2708 2534 2989 2602 tanquam
3012 2533 3400 2590 maximarum
3420 2538 3680 2608 gentium

2035 2633 2304 2689 proceres
2335 2618 2831 2687 circumﬂuerent,
2864 2619 3041 2691 idque
3071 2638 3205 2677 cum
3235 2625 3427 2680 omnis
3472 2626 3678 2681 erudi-

2033 2706 2213 2762 tionis
2244 2710 2507 2775 expertes
2538 2705 2748 2777 lingum
2808 2707 3017 2763 Grecae
3077 2712 3317 2782 vestigia
3370 2714 3452 2769 ita
3484 2729 3677 2784 perse-

2035 2797 2352 2864 querentur
2375 2794 2712 2864 utspeculaa
2756 2799 2811 2851 et
2870 2812 3040 2868 rupes
3099 2804 3422 2855 extremum
3466 2818 3678 2857 sonum

2036 2882 2418 2954 pastoralium
2440 2882 2815 2940 canticorum.
2863 2884 2959 2941 llis
2980 2890 3258 2958 tanquam
3283 2889 3680 2948 observantis-

2037 2972 2205 3029 simis
2239 2977 2296 3028 et
2327 2972 2689 3029 ﬁdelissimis
2723 2973 3009 3030 ministris
3039 2991 3153 3031 non
3198 2978 3370 3034 modo
3421 2996 3684 3038 summos

2038 3060 2423 3134 magistratus
2451 3062 2737 3133 tradebat,
2762 3065 2861 3119 sed
2923 3079 3026 3135 pro
3075 3065 3357 3124 tribunali
3409 3069 3563 3140 juris
3605 3070 3687 3125 di-

2038 3152 2208 3206 cendi
2241 3150 2594 3223 provinciam
2630 3152 2688 3207 in
2722 3152 2919 3209 causis
2977 3153 3369 3225 difﬁcillimis,
3421 3174 3552 3229 quas
3595 3159 3686 3215 vel

2040 3240 2414 3313 peritissimis
2444 3239 2641 3313 legum
2676 3242 2973 3314 negotium
3011 3243 3389 3315 facesserent,
3422 3248 3688 3320 assigna-

2040 3330 2159 3387 bat.
2193 3334 2335 3385 Cum
2367 3328 2565 3402 aliqua
2622 3331 2920 3402 provincia
2974 3332 3357 3391 describenda
3424 3345 3547 3393 erat
3604 3337 3685 3411 (id

2041 3424 2233 3475 autem
2268 3420 2443 3476 ﬁebat
2485 3419 2743 3492 saepius),
2801 3420 3136 3477 istiusmodi
3197 3427 3380 3481 coetus
3440 3427 3688 3482 eruditis

2039 3510 2503 3582 praeponebatur.
2534 3509 2751 3574 Quodsi
2784 3512 3019 3582 quando
3059 3511 3276 3568 nobilis
3330 3513 3540 3586 aliquis
3570 3519 3686 3573 Re-

2041 3614 2256 3654 manus
2281 3597 2365 3653 eis
2397 3599 2849 3670 adiungebatur,
2876 3599 2964 3655 vir
2995 3600 3254 3671 prudens
3284 3605 3339 3656 et
3386 3604 3684 3673 cordatus,

2043 3687 2091 3743 is
2121 3704 2188 3743 ea
2226 3689 2294 3742 de
2327 3703 2505 3742 causa
2537 3687 2877 3743 mittebatur
2908 3692 2972 3743 ut
3000 3687 3412 3759 descriptionis
3466 3706 3683 3747 munus

2045 3778 2231 3833 obiret
2259 3782 2615 3848 caterosque
2646 3776 2874 3833 labores
2906 3777 3216 3850 colligendi
3268 3779 3467 3835 tributi
3506 3782 3681 3838 susti-

2046 3871 2247 3922 neret:
2299 3866 2585 3920 barbarus
2638 3881 2772 3921 vero
2844 3866 3150 3936 pecuniam
3234 3866 3576 3941 accipiebat,
3633 3878 3689 3926 et

2047 3972 2246 4013 saccos
2267 3954 2602 4025 obsignatos
2630 3956 2700 4009 ad
2758 3955 3172 4026 imperatorem
3234 3956 3515 4013 mittebat.
3574 3959 3688 4016 Sed

2048 4047 2326 4119 pleraque
2367 4047 2569 4099 contra
2621 4044 2964 4099 eveniebant
3020 4061 3197 4115 quam
3252 4047 3527 4118 sperabat
3570 4047 3687 4104 ille.

2046 4135 2191 4191 Nam
2223 4136 2361 4189 dum
2396 4133 2687 4189 Romanos
2719 4132 3023 4205 peculatus
3079 4143 3382 4207 suspectos
3431 4138 3689 4205 cavebat,

2049 4242 2163 4281 non
2196 4224 2610 4281 animadvertit
2640 4239 2701 4280 se
2732 4239 2937 4280 avaros
2995 4224 3281 4282 Barbaros
3338 4226 3695 4298 locupletare

2048 4318 2105 4371 et
2134 4315 2557 4371 homunciones
2614 4311 2878 4369 infelices
2952 4314 3144 4386 beare,
3233 4319 3407 4387 atque
3461 4317 3695 4374 interim

2047 4404 2338 4460 Romanos
2371 4422 2404 4460 a
2432 4419 2494 4460 se
2527 4403 2872 4471 alienare,ut
2899 4401 3033 4458 fidei
3065 4411 3120 4458 et
3162 4408 3373 4460 natura
3427 4405 3617 4462 insitae
3638 4411 3697 4461 et

2049 4492 2313 4549 doctrina
2330 4496 2679 4564 comparata:
2713 4491 2865 4548 268
2898 4490 3398 4548 obliviscerentur.
3453 4494 3698 4566 Cognita

265 4583 668 4661 ἐστερημένοις
713 4581 803 4638 καὶ
855 4590 1038 4659 φωνῆς
1087 4582 1411 4655 Ἑλληνίδος
1454 4584 1520 4639 τὰ
1568 4582 1700 4660 ἴχνη
1768 4605 1929 4658 μετα-

2051 4583 2208 4639 enim
2240 4580 2603 4654 imperatoris
2628 4582 2698 4636 de
2731 4596 2794 4638 se
2825 4580 3179 4653 suspicione,
3226 4583 3379 4653 quod
3441 4582 3696 4638 ministri

270 4672 581 4730 διώκουσιν
639 4673 715 4736 ὡς
769 4674 824 4728 αἱ
884 4674 1106 4729 σκοπιαί
1157 4694 1216 4730 τε
1271 4675 1361 4729 καὶ
1393 4674 1447 4729 αἱ
1478 4674 1667 4750 πέτραι
1711 4676 1845 4750 πρὸς
1874 4676 1941 4730 τὰ

268 4766 389 4819 τῶν
423 4763 707 4835 ποιμένων
743 4760 1037 4837 αὐλήματα
1081 4762 1143 4818 τὸ
1189 4769 1291 4833 τῆς
1334 4765 1514 4838 ἠχοῦς
1546 4762 1941 4841 ὗστὲρόφωνον.

273 4853 433 4910 Κάττί
491 4850 712 4913 τούτοις
772 4851 846 4913 ὡς
918 4853 1267 4914 πιστοτάτοις
1340 4851 1505 4907 αὐτοῦ
1559 4852 1649 4907 καὶ
1717 4852 1943 4927 θερμοῖς

273 4941 589 5014 θεράπουσι
652 4938 888 5012 μάλιστα
939 4943 1219 5005 πεποιθὼς
1270 4940 1331 4995 οὗ
1392 4941 1557 5014 μόνον
1618 4939 1801 5003 αὐτοῖς
1848 4940 1943 5003 τὰς

278 5030 556 5105 μεγίστας
588 5027 760 5103 ἀρχὰς
808 5027 1122 5104 ἐγχειρίζει,
1173 5029 1320 5086 ἀλλά
1363 5029 1455 5085 καὶ
1486 5031 1724 5106 κρίσεσιν
1758 5030 1947 5107 ἐφίστα

278 5117 639 5178 δικαστικαῖς
698 5118 766 5173 ὧν
853 5119 952 5193 ὀψὲ
1034 5119 1124 5174 καὶ
1177 5115 1524 5197 νομοτρίϐεῖς
1578 5118 1768 5195 ἄνδρες
1826 5119 1945 5197 ἐφί-

273 5227 479 5264 κοιντο
512 5203 598 5263 ἄν.
649 5212 850 5277 Δεῆσαν
910 5206 967 5263 δὲ
995 5207 1083 5263 καί
1112 5212 1220 5264 τῶν
1271 5207 1552 5285 ἐπαρχιῶν
1609 5231 1756 5273 τινας
1806 5209 1949 5266 ἀπο-

275 5296 595 5373 γράφεσθαι
670 5297 851 5370 (τοῦτο
909 5295 966 5353 δὲ
1031 5299 1292 5374 συχνάκις
1366 5297 1593 5373 ἐγίνετο)
1651 5300 1678 5353 ὁ
1733 5296 1951 5355 τοιόσδε

284 5386 467 5459 χορὸς
495 5390 596 5440 τοῦ
656 5384 891 5461 λογίμου
948 5386 1318 5464 προὺτίθεντο.
1360 5386 1430 5445 Εἴ
1461 5384 1518 5443 δέ
1547 5409 1652 5442 που
1682 5389 1771 5443 καὶ
1806 5408 1950 5462 παρ-

284 5473 579 5550 εζεῦγνυτό
654 5495 738 5537 τις
812 5476 997 5539 αὐτοῖς
1096 5476 1318 5556 εὐγενὴς
1413 5478 1689 5551 Ῥωμαῖος
1792 5476 1950 5552 ἀνὴρ,

288 5561 520 5640 βάπτων
555 5563 690 5627 ὅλος
737 5563 814 5626 εἷς
870 5569 994 5621 νοῦν
1059 5566 1151 5621 καὶ
1207 5568 1390 5643 γέμων
1443 5569 1782 5648 φρονήσεως,
1814 5567 1953 5622 κατὰ

623 5749 884 5809 ΡΔΤΒΟῙ..
932 5749 1040 5812 Gn.
1087 5749 1403 5815 CXXXIX.

2052 4671 2246 4744 potius
2278 4688 2343 4726 ac
2374 4669 2555 4742 bajuli
2589 4674 2848 4742 quaestus
2878 4687 3051 4741 quam
3102 4670 3301 4726 ﬁdeles
3361 4674 3697 4742 procurato-

2054 4776 2148 4816 res
2181 4760 2602 4827 iudicarentur,
2632 4764 2691 4815 et
2748 4759 2873 4815 bini
2922 4759 2981 4814 in
3038 4758 3368 4830 provincias
3398 4761 3699 4816 mitteren-

2053 4853 2170 4918 tur,
2206 4848 2354 4904 servi
2389 4847 2576 4921 magis
2626 4864 2802 4919 quam
2863 4849 3283 4920 gubernatores
3335 4848 3587 4922 imperii,
3641 4849 3698 4905 id

2055 4938 2247 4994 solum
2281 4938 2531 5010 agebant
2562 4938 2713 5009 quod
2766 4937 2825 4993 in
2885 4937 3177 4994 mandatis
3237 4942 3599 5011 acceperant,
3648 4942 3705 4995 et

2056 5032 2338 5084 extortam
2364 5027 2674 5099 pecuniam
2707 5030 2987 5099 tanquam
3050 5028 3109 5084 in
3169 5028 3497 5101 manipulos
3539 5027 3702 5083 colli-

2057 5120 2247 5188 gatam
2289 5117 2362 5172 ad
2393 5116 2710 5173 barbarum
2742 5116 2912 5172 illum
2967 5133 3183 5189 magna
3238 5119 3542 5187 praeditum
3597 5135 3704 5172 au-

2059 5207 2326 5265 ctoritate
2352 5212 2408 5264 et
2439 5206 2708 5279 plurimis
2760 5207 3039 5263 Romanis
3098 5208 3402 5280 praelatum
3436 5207 3591 5263 velut
3643 5207 3704 5262 in

2060 5314 2250 5355 aream
2284 5297 2701 5369 congerebant,
2735 5307 2943 5353 caetera
2985 5315 3117 5354 vero
3177 5298 3552 5370 negligebant
3587 5312 3599 5352 :
3634 5312 3707 5352 ne

2061 5387 2250 5441 dicam
2282 5388 2351 5442 ad
2385 5386 2800 5456 imperatorem
2833 5402 3017 5456 pauca
3047 5390 3104 5441 et
3132 5385 3312 5441 veluti
3362 5384 3710 5457 quisquilias

2061 5478 2415 5550 pervenisse,
2466 5475 2601 5531 illos
2657 5492 2793 5531 vero
2854 5475 3126 5547 pleraque
3184 5476 3503 5532 suti‘uratos
3559 5490 3708 5529 esse.

2061 5565 2276 5623 Fidelis
2309 5564 2467 5623 enim
2500 5564 2647 5620 servi
2689 5581 2909 5621 munus
2957 5568 3078 5620 erat
3138 5564 3362 5621 scilicet
3408 5581 3473 5622 ex
3528 5560 3713 5615 farina

3314 5744 3392 5805 18
