  <div class='ocr_page' id='page_1' title='image "/cluster/home/n/w/nwhite01/storage/ocr_20150623/139/mdp.39015078384214/285.png"; bbox 0 0 4140 6290; ppageno 0'>
   <div class='ocr_carea' id='block_1_1' title="bbox 473 374 2530 448">
    <p class='ocr_par' dir='ltr' id='par_1_1' title="bbox 473 374 2530 448">
     <span class='ocr_line' id='line_1_1' title="bbox 473 374 2530 448; baseline 0.005 -14"><span class='ocrx_word' id='word_1_1' title='bbox 473 379 552 448; x_wconf 67' lang='lat'><strong>55</strong></span> <span class='ocrx_word' id='word_1_2' title='bbox 1757 374 2068 442; x_wconf 69' lang='lat' dir='ltr'>NICETE</span> <span class='ocrx_word' id='word_1_3' title='bbox 2110 376 2530 444; x_wconf 67' lang='lat' dir='ltr'>CHONIATB</span> 
     </span>
    </p>
   </div>
   <div class='ocr_carea' id='block_1_2' title="bbox 3727 379 3854 445">
    <p class='ocr_par' dir='ltr' id='par_1_2' title="bbox 3727 379 3854 445">
     <span class='ocr_line' id='line_1_2' title="bbox 3727 379 3854 445; baseline -0.008 -2"><span class='ocrx_word' id='word_1_4' title='bbox 3727 379 3854 445; x_wconf 68' lang='lat'>556</span> 
     </span>
    </p>
   </div>
   <div class='ocr_carea' id='block_1_3' title="bbox 441 511 2089 592">
    <p class='ocr_par' dir='ltr' id='par_1_3' title="bbox 441 513 2085 592">
     <span class='ocr_line' id='line_1_3' title="bbox 441 513 2085 592; baseline -0.005 -12"><span class='ocrx_word' id='word_1_5' title='bbox 441 521 555 580; x_wconf 92' lang='lat' dir='ltr'><strong>sibi</strong></span> <span class='ocrx_word' id='word_1_6' title='bbox 585 521 841 592; x_wconf 88' lang='lat' dir='ltr'><strong>primum</strong></span> <span class='ocrx_word' id='word_1_7' title='bbox 872 531 1054 591; x_wconf 87' lang='lat' dir='ltr'><strong>panes</strong></span> <span class='ocrx_word' id='word_1_8' title='bbox 1075 513 1378 585; x_wconf 87' lang='lat' dir='ltr'><strong>conﬁcere,</strong></span> <span class='ocrx_word' id='word_1_9' title='bbox 1407 515 1618 574; x_wconf 83' lang='lat' dir='ltr'><strong>deinde</strong></span> <span class='ocrx_word' id='word_1_10' title='bbox 1647 515 1818 572; x_wconf 84' lang='lat' dir='ltr'><strong>etiam</strong></span> <span class='ocrx_word' id='word_1_11' title='bbox 1851 515 2085 588; x_wconf 69' lang='lat' dir='ltr'><strong>collegas</strong></span> 
     </span>
    </p>
   </div>
   <div class='ocr_carea' id='block_1_4' title="bbox 2196 511 3855 592">
    <p class='ocr_par' dir='ltr' id='par_1_4' title="bbox 2199 511 3855 591">
     <span class='ocr_line' id='line_1_4' title="bbox 2199 511 3855 591; baseline 0 -22"><span class='ocrx_word' id='word_1_12' title='bbox 2199 519 2362 573; x_wconf 88' lang='grc' dir='ltr'>τοῦτο</span> <span class='ocrx_word' id='word_1_13' title='bbox 2417 515 2804 591; x_wconf 81' lang='grc' dir='ltr'>ξυνεπέμπετο,</span> <span class='ocrx_word' id='word_1_14' title='bbox 2864 514 3014 578; x_wconf 75' lang='grc' dir='ltr'>ὅπως</span> <span class='ocrx_word' id='word_1_15' title='bbox 3075 514 3103 570; x_wconf 99' lang='lat'>6</span> <span class='ocrx_word' id='word_1_16' title='bbox 3161 512 3255 587; x_wconf 74' lang='grc' dir='ltr'>μὲν</span> <span class='ocrx_word' id='word_1_17' title='bbox 3325 513 3662 590; x_wconf 81' lang='grc' dir='ltr'>ἀπογράφων</span> <span class='ocrx_word' id='word_1_18' title='bbox 3701 511 3855 570; x_wconf 80' lang='grc' dir='ltr'>ἔσται</span> 
     </span>
    </p>
   </div>
   <div class='ocr_carea' id='block_1_5' title="bbox 440 608 1004 684">
    <p class='ocr_par' dir='ltr' id='par_1_5' title="bbox 440 608 1004 684">
     <span class='ocr_line' id='line_1_5' title="bbox 440 608 1004 684; baseline -0.011 -15"><span class='ocrx_word' id='word_1_19' title='bbox 440 611 662 684; x_wconf 90' lang='lat' dir='ltr'><strong>aliquid</strong></span> <span class='ocrx_word' id='word_1_20' title='bbox 693 608 1004 682; x_wconf 80' lang='lat' dir='ltr'>impertiri.</span> 
     </span>
    </p>
   </div>
   <div class='ocr_carea' id='block_1_6' title="bbox 2193 601 3855 677">
    <p class='ocr_par' dir='ltr' id='par_1_6' title="bbox 2193 601 3855 677">
     <span class='ocr_line' id='line_1_6' title="bbox 2193 601 3855 677; baseline -0.001 -18"><span class='ocrx_word' id='word_1_21' title='bbox 2193 606 2285 660; x_wconf 87' lang='grc' dir='ltr'>καὶ</span> <span class='ocrx_word' id='word_1_22' title='bbox 2313 603 2635 663; x_wconf 84' lang='grc' dir='ltr'>τολυπεύων</span> <span class='ocrx_word' id='word_1_23' title='bbox 2667 609 2763 670; x_wconf 79' lang='grc' dir='ltr'>τὰς</span> <span class='ocrx_word' id='word_1_24' title='bbox 2795 607 3098 674; x_wconf 70' lang='grc' dir='ltr'>ὑποθέσεις,</span> <span class='ocrx_word' id='word_1_25' title='bbox 3130 603 3180 676; x_wconf 78' lang='grc' dir='ltr'>ἐξ</span> <span class='ocrx_word' id='word_1_26' title='bbox 3214 604 3286 658; x_wconf 84' lang='grc' dir='ltr'>ὢν</span> <span class='ocrx_word' id='word_1_27' title='bbox 3317 601 3571 674; x_wconf 74' lang='grc' dir='ltr'>ἤμελλον</span> <span class='ocrx_word' id='word_1_28' title='bbox 3604 603 3658 658; x_wconf 78' lang='grc' dir='ltr'>οἱ</span> <span class='ocrx_word' id='word_1_29' title='bbox 3689 604 3855 677; x_wconf 84' lang='grc' dir='ltr'>φόροι</span> 
     </span>
    </p>
   </div>
   <div class='ocr_carea' id='block_1_7' title="bbox 437 689 3857 776">
    <p class='ocr_par' dir='ltr' id='par_1_7' title="bbox 437 689 3857 776">
     <span class='ocr_line' id='line_1_7' title="bbox 437 689 3857 776; baseline -0.002 -24"><span class='ocrx_word' id='word_1_30' title='bbox 437 699 776 772; x_wconf 75' lang='grc' dir='ltr'>συνάγεσθαι,</span> <span class='ocrx_word' id='word_1_31' title='bbox 836 697 864 751; x_wconf 89' lang='lat'>6</span> <span class='ocrx_word' id='word_1_32' title='bbox 916 693 972 750; x_wconf 75' lang='grc' dir='ltr'>δὲ</span> <span class='ocrx_word' id='word_1_33' title='bbox 1019 694 1094 757; x_wconf 88' lang='grc' dir='ltr'>ὡς</span> <span class='ocrx_word' id='word_1_34' title='bbox 1148 691 1616 769; x_wconf 75' lang='grc' dir='ltr'>κερδοσυλλέκτης</span> <span class='ocrx_word' id='word_1_35' title='bbox 1686 691 2002 770; x_wconf 88' lang='grc' dir='ltr'>προεδρεύει</span> <span class='ocrx_word' id='word_1_36' title='bbox 2065 694 2156 748; x_wconf 81' lang='grc' dir='ltr'>καὶ</span> <span class='ocrx_word' id='word_1_37' title='bbox 2215 696 2283 750; x_wconf 75' lang='grc' dir='ltr'>τὰ</span> <span class='ocrx_word' id='word_1_38' title='bbox 2347 695 2637 772; x_wconf 82' lang='grc' dir='ltr'>φασκώλια</span> <span class='ocrx_word' id='word_1_39' title='bbox 2717 692 2976 776; x_wconf 78' lang='grc' dir='ltr'>σφραγῖδι</span> <span class='ocrx_word' id='word_1_40' title='bbox 3037 690 3454 767; x_wconf 84' lang='grc' dir='ltr'>διασημαίνεται</span> <span class='ocrx_word' id='word_1_41' title='bbox 3511 689 3544 746; x_wconf 76' lang='grc' dir='ltr'>ἃ</span> <span class='ocrx_word' id='word_1_42' title='bbox 3599 689 3857 764; x_wconf 75' lang='grc' dir='ltr'>ἤμελλον</span> 
     </span>
    </p>
   </div>
   <div class='ocr_carea' id='block_1_8' title="bbox 435 780 3853 864">
    <p class='ocr_par' dir='ltr' id='par_1_8' title="bbox 435 780 3853 864">
     <span class='ocr_line' id='line_1_8' title="bbox 435 780 3853 864; baseline -0.001 -21"><span class='ocrx_word' id='word_1_43' title='bbox 435 787 772 864; x_wconf 75' lang='grc' dir='ltr'>εἰσφέρεσθαι</span> <span class='ocrx_word' id='word_1_44' title='bbox 833 784 1070 860; x_wconf 86' lang='grc' dir='ltr'>βασιλεῖ.</span> <span class='ocrx_word' id='word_1_45' title='bbox 1139 785 1220 842; x_wconf 79' lang='grc' dir='ltr'>Τὰ</span> <span class='ocrx_word' id='word_1_46' title='bbox 1280 783 1512 850; x_wconf 81' lang='grc' dir='ltr'>πλεῖστα</span> <span class='ocrx_word' id='word_1_47' title='bbox 1573 783 1753 858; x_wconf 86' lang='grc' dir='ltr'>μέντοι</span> <span class='ocrx_word' id='word_1_48' title='bbox 1811 784 1948 860; x_wconf 82' lang='grc' dir='ltr'>πρὸς</span> <span class='ocrx_word' id='word_1_49' title='bbox 2006 783 2317 840; x_wconf 86' lang='grc' dir='ltr'>τούναντίον</span> <span class='ocrx_word' id='word_1_50' title='bbox 2402 787 2555 860; x_wconf 85' lang='grc' dir='ltr'>αύτῷ</span> <span class='ocrx_word' id='word_1_51' title='bbox 2632 786 2969 862; x_wconf 87' lang='grc' dir='ltr'>περιίστατο,</span> <span class='ocrx_word' id='word_1_52' title='bbox 3056 783 3144 839; x_wconf 85' lang='grc' dir='ltr'>καὶ</span> <span class='ocrx_word' id='word_1_53' title='bbox 3193 781 3427 853; x_wconf 81' lang='grc' dir='ltr'>ἠθέτητό</span> <span class='ocrx_word' id='word_1_54' title='bbox 3495 781 3548 836; x_wconf 72' lang='grc' dir='ltr'>οἱ</span> <span class='ocrx_word' id='word_1_55' title='bbox 3607 780 3853 846; x_wconf 85' lang='grc' dir='ltr'>ἐντεῦθεν</span> 
     </span>
    </p>
   </div>
   <div class='ocr_carea' id='block_1_9' title="bbox 431 869 3854 950">
    <p class='ocr_par' dir='ltr' id='par_1_9' title="bbox 431 869 3854 950">
     <span class='ocr_line' id='line_1_9' title="bbox 431 869 3854 950; baseline -0.001 -19"><span class='ocrx_word' id='word_1_56' title='bbox 431 876 500 932; x_wconf 83' lang='grc' dir='ltr'>τὰ</span> <span class='ocrx_word' id='word_1_57' title='bbox 566 876 875 949; x_wconf 77' lang='grc' dir='ltr'>σκέμματαο</span> <span class='ocrx_word' id='word_1_58' title='bbox 939 871 1249 946; x_wconf 80' lang='grc' dir='ltr'>Ῥωμαίους</span> <span class='ocrx_word' id='word_1_59' title='bbox 1317 873 1422 949; x_wconf 84' lang='grc' dir='ltr'>γὰρ</span> <span class='ocrx_word' id='word_1_60' title='bbox 1490 875 1564 936; x_wconf 82' lang='grc' dir='ltr'>ὡς</span> <span class='ocrx_word' id='word_1_61' title='bbox 1629 871 2044 948; x_wconf 83' lang='grc' dir='ltr'>κλεμματιστᾶς</span> <span class='ocrx_word' id='word_1_62' title='bbox 2108 872 2502 950; x_wconf 79' lang='grc' dir='ltr'>ἐκτρεπόμενος</span> <span class='ocrx_word' id='word_1_63' title='bbox 2584 875 2691 931; x_wconf 71' lang='grc' dir='ltr'>εἴτε</span> <span class='ocrx_word' id='word_1_64' title='bbox 2756 869 3232 947; x_wconf 76' lang='grc' dir='ltr'>ὓποϐλεπόμενος,</span> <span class='ocrx_word' id='word_1_65' title='bbox 3311 869 3596 926; x_wconf 75' lang='grc' dir='ltr'>ἐλάνθανεν</span> <span class='ocrx_word' id='word_1_66' title='bbox 3663 870 3854 926; x_wconf 71' lang='grc' dir='ltr'>ἐαυτὸν</span> 
     </span>
    </p>
   </div>
   <div class='ocr_carea' id='block_1_10' title="bbox 437 957 3854 1040">
    <p class='ocr_par' dir='ltr' id='par_1_10' title="bbox 437 957 3854 1040">
     <span class='ocr_line' id='line_1_10' title="bbox 437 957 3854 1040; baseline -0.001 -21"><span class='ocrx_word' id='word_1_67' title='bbox 437 963 922 1040; x_wconf 80' lang='grc' dir='ltr'>ἐρασιχρημάτους</span> <span class='ocrx_word' id='word_1_68' title='bbox 990 957 1227 1032; x_wconf 74' lang='grc' dir='ltr'>ὀλϐίζων</span> <span class='ocrx_word' id='word_1_69' title='bbox 1299 957 1614 1038; x_wconf 81' lang='grc' dir='ltr'>Βαρϐάρους</span> <span class='ocrx_word' id='word_1_70' title='bbox 1681 963 1772 1018; x_wconf 85' lang='grc' dir='ltr'>καὶ</span> <span class='ocrx_word' id='word_1_71' title='bbox 1867 961 1924 1018; x_wconf 78' lang='grc' dir='ltr'>εὖ</span> <span class='ocrx_word' id='word_1_72' title='bbox 1977 966 2154 1018; x_wconf 90' lang='grc' dir='ltr'>ποιῶν</span> <span class='ocrx_word' id='word_1_73' title='bbox 2240 961 2504 1038; x_wconf 80' lang='grc' dir='ltr'>ἀνδράρια</span> <span class='ocrx_word' id='word_1_74' title='bbox 2555 961 2950 1037; x_wconf 85' lang='grc' dir='ltr'>κακοδαίμονα,</span> <span class='ocrx_word' id='word_1_75' title='bbox 3014 961 3105 1017; x_wconf 86' lang='grc' dir='ltr'>καί</span> <span class='ocrx_word' id='word_1_76' title='bbox 3169 964 3268 1016; x_wconf 87' lang='grc' dir='ltr'>τοῦ</span> <span class='ocrx_word' id='word_1_77' title='bbox 3333 960 3470 1014; x_wconf 83' lang='grc' dir='ltr'>κατὰ</span> <span class='ocrx_word' id='word_1_78' title='bbox 3536 960 3693 1036; x_wconf 83' lang='grc' dir='ltr'>φύσιν</span> <span class='ocrx_word' id='word_1_79' title='bbox 3758 959 3854 1015; x_wconf 82' lang='grc' dir='ltr'>καὶ</span> 
     </span>
    </p>
   </div>
   <div class='ocr_carea' id='block_1_11' title="bbox 449 1045 3855 1131">
    <p class='ocr_par' dir='ltr' id='par_1_11' title="bbox 449 1045 3855 1131">
     <span class='ocr_line' id='line_1_11' title="bbox 449 1045 3855 1131; baseline -0.001 -22"><span class='ocrx_word' id='word_1_80' title='bbox 449 1049 700 1109; x_wconf 79' lang='grc' dir='ltr'>παιδείαν</span> <span class='ocrx_word' id='word_1_81' title='bbox 753 1055 1004 1131; x_wconf 78' lang='grc' dir='ltr'>χρηστοῦ</span> <span class='ocrx_word' id='word_1_82' title='bbox 1069 1050 1158 1106; x_wconf 89' lang='grc' dir='ltr'>κοὶ</span> <span class='ocrx_word' id='word_1_83' title='bbox 1229 1055 1426 1107; x_wconf 81' lang='grc' dir='ltr'>πιστοῦ</span> <span class='ocrx_word' id='word_1_84' title='bbox 1491 1053 1628 1122; x_wconf 88' lang='grc' dir='ltr'>πρὸς</span> <span class='ocrx_word' id='word_1_85' title='bbox 1694 1052 1792 1120; x_wconf 83' lang='grc' dir='ltr'>τὴν</span> <span class='ocrx_word' id='word_1_86' title='bbox 1858 1050 2231 1126; x_wconf 78' lang='grc' dir='ltr'>ἀντικειμένην</span> <span class='ocrx_word' id='word_1_87' title='bbox 2279 1053 2507 1129; x_wconf 75' lang='grc' dir='ltr'>γνώμῆν</span> <span class='ocrx_word' id='word_1_88' title='bbox 2560 1053 2688 1118; x_wconf 83' lang='grc' dir='ltr'>τοὺς</span> <span class='ocrx_word' id='word_1_89' title='bbox 2762 1050 3021 1116; x_wconf 83' lang='grc' dir='ltr'>ἐνδαποὺς</span> <span class='ocrx_word' id='word_1_90' title='bbox 3067 1052 3357 1119; x_wconf 87' lang='grc' dir='ltr'>καθιστῶν,</span> <span class='ocrx_word' id='word_1_91' title='bbox 3391 1045 3507 1104; x_wconf 80' lang='grc' dir='ltr'>ἐπεὶ</span> <span class='ocrx_word' id='word_1_92' title='bbox 3550 1047 3640 1104; x_wconf 78' lang='grc' dir='ltr'>καί</span> <span class='ocrx_word' id='word_1_93' title='bbox 3681 1049 3746 1104; x_wconf 84' lang='grc' dir='ltr'>τὸ</span> <span class='ocrx_word' id='word_1_94' title='bbox 3776 1049 3855 1112; x_wconf 84' lang='grc' dir='ltr'>εἰς</span> 
     </span>
    </p>
   </div>
   <div class='ocr_carea' id='block_1_12' title="bbox 436 1139 2405 1216">
    <p class='ocr_par' dir='ltr' id='par_1_12' title="bbox 436 1139 2405 1216">
     <span class='ocr_line' id='line_1_12' title="bbox 436 1139 2405 1216; baseline 0 -18"><span class='ocrx_word' id='word_1_95' title='bbox 436 1141 635 1204; x_wconf 79' lang='grc' dir='ltr'>αὐτοὺς</span> <span class='ocrx_word' id='word_1_96' title='bbox 728 1141 1086 1216; x_wconf 87' lang='grc' dir='ltr'>καχύποπτον</span> <span class='ocrx_word' id='word_1_97' title='bbox 1180 1145 1277 1196; x_wconf 86' lang='grc' dir='ltr'>τοῦ</span> <span class='ocrx_word' id='word_1_98' title='bbox 1373 1139 1646 1216; x_wconf 89' lang='grc' dir='ltr'>βασιλέως</span> <span class='ocrx_word' id='word_1_99' title='bbox 1731 1139 1930 1196; x_wconf 86' lang='grc' dir='ltr'>ἐκεῖνοι</span> <span class='ocrx_word' id='word_1_100' title='bbox 2023 1143 2405 1216; x_wconf 79' lang='grc' dir='ltr'>γνωρίζοντες,</span> 
     </span>
    </p>
   </div>
   <div class='ocr_carea' id='block_1_13' title="bbox 2489 1139 3856 1216">
    <p class='ocr_par' dir='ltr' id='par_1_13' title="bbox 2489 1139 3856 1216">
     <span class='ocr_line' id='line_1_13' title="bbox 2489 1139 3856 1216; baseline -0.005 -17"><span class='ocrx_word' id='word_1_101' title='bbox 2489 1144 2576 1198; x_wconf 85' lang='grc' dir='ltr'>καὶ</span> <span class='ocrx_word' id='word_1_102' title='bbox 2648 1142 2723 1208; x_wconf 87' lang='grc' dir='ltr'>ὡς</span> <span class='ocrx_word' id='word_1_103' title='bbox 2808 1140 3071 1216; x_wconf 73' lang='grc' dir='ltr'>ὑπηρέται</span> <span class='ocrx_word' id='word_1_104' title='bbox 3136 1139 3305 1196; x_wconf 83' lang='grc' dir='ltr'>πλέον</span> <span class='ocrx_word' id='word_1_105' title='bbox 3372 1139 3464 1194; x_wconf 86' lang='grc' dir='ltr'>καὶ</span> <span class='ocrx_word' id='word_1_106' title='bbox 3534 1139 3856 1214; x_wconf 83' lang='grc' dir='ltr'>προαγωγοὶ</span> 
     </span>
    </p>
   </div>
   <div class='ocr_carea' id='block_1_14' title="bbox 435 1225 3859 1306">
    <p class='ocr_par' dir='ltr' id='par_1_14' title="bbox 435 1225 3859 1306">
     <span class='ocr_line' id='line_1_14' title="bbox 435 1225 3859 1306; baseline -0.002 -18"><span class='ocrx_word' id='word_1_107' title='bbox 435 1231 748 1306; x_wconf 79' lang='grc' dir='ltr'>λημμάτων</span> <span class='ocrx_word' id='word_1_108' title='bbox 815 1228 956 1302; x_wconf 70' lang='grc' dir='ltr'>ἤπερ</span> <span class='ocrx_word' id='word_1_109' title='bbox 1016 1227 1278 1306; x_wconf 81' lang='grc' dir='ltr'>ἀσφαλεῖς</span> <span class='ocrx_word' id='word_1_110' title='bbox 1334 1230 1402 1283; x_wconf 82' lang='grc' dir='ltr'>τὰ</span> <span class='ocrx_word' id='word_1_111' title='bbox 1461 1230 1536 1292; x_wconf 88' lang='grc' dir='ltr'>εἰς</span> <span class='ocrx_word' id='word_1_112' title='bbox 1601 1228 1780 1285; x_wconf 85' lang='grc' dir='ltr'>πίστιν</span> <span class='ocrx_word' id='word_1_113' title='bbox 1817 1231 2128 1305; x_wconf 82' lang='grc' dir='ltr'>κρινόμενοι</span> <span class='ocrx_word' id='word_1_114' title='bbox 2180 1236 2297 1292; x_wconf 83' lang='grc' dir='ltr'>τοῖς</span> <span class='ocrx_word' id='word_1_115' title='bbox 2357 1229 2596 1296; x_wconf 77' lang='grc' dir='ltr'>ἐθνικαῖς</span> <span class='ocrx_word' id='word_1_116' title='bbox 2657 1231 3060 1304; x_wconf 86' lang='grc' dir='ltr'>συντάττονται,</span> <span class='ocrx_word' id='word_1_117' title='bbox 3115 1229 3255 1284; x_wconf 76' lang='grc' dir='ltr'>κατὰ</span> <span class='ocrx_word' id='word_1_118' title='bbox 3319 1225 3514 1284; x_wconf 82' lang='grc' dir='ltr'>σύνδυο</span> <span class='ocrx_word' id='word_1_119' title='bbox 3573 1225 3859 1302; x_wconf 85' lang='grc' dir='ltr'>ἐκπεμπό-</span> 
     </span>
    </p>
   </div>
   <div class='ocr_carea' id='block_1_15' title="bbox 438 1316 3852 1396">
    <p class='ocr_par' dir='ltr' id='par_1_15' title="bbox 438 1316 3852 1396">
     <span class='ocr_line' id='line_1_15' title="bbox 438 1316 3852 1396; baseline -0.001 -21"><span class='ocrx_word' id='word_1_120' title='bbox 438 1341 612 1394; x_wconf 79' lang='grc' dir='ltr'>μενοι,</span> <span class='ocrx_word' id='word_1_121' title='bbox 653 1319 690 1389; x_wconf 78' lang='grc' dir='ltr'>ἤ</span> <span class='ocrx_word' id='word_1_122' title='bbox 733 1324 864 1396; x_wconf 89' lang='grc' dir='ltr'>γοῦν</span> <span class='ocrx_word' id='word_1_123' title='bbox 929 1319 1004 1380; x_wconf 83' lang='grc' dir='ltr'>ὡς</span> <span class='ocrx_word' id='word_1_124' title='bbox 1075 1337 1308 1394; x_wconf 89' lang='grc' dir='ltr'>πακοροι</span> <span class='ocrx_word' id='word_1_125' title='bbox 1375 1318 1466 1373; x_wconf 88' lang='grc' dir='ltr'>καὶ</span> <span class='ocrx_word' id='word_1_126' title='bbox 1532 1319 1850 1394; x_wconf 87' lang='grc' dir='ltr'>παράσειροι</span> <span class='ocrx_word' id='word_1_127' title='bbox 1907 1323 2005 1374; x_wconf 88' lang='grc' dir='ltr'>τοῦ</span> <span class='ocrx_word' id='word_1_128' title='bbox 2063 1326 2162 1390; x_wconf 82' lang='grc' dir='ltr'>τῆς</span> <span class='ocrx_word' id='word_1_129' title='bbox 2215 1320 2397 1396; x_wconf 79' lang='grc' dir='ltr'>ἀρχῆς</span> <span class='ocrx_word' id='word_1_130' title='bbox 2457 1321 2776 1392; x_wconf 81' lang='grc' dir='ltr'>λογίζονται</span> <span class='ocrx_word' id='word_1_131' title='bbox 2817 1316 3080 1396; x_wconf 72' lang='grc' dir='ltr'>ἅρματος,</span> <span class='ocrx_word' id='word_1_132' title='bbox 3119 1318 3183 1374; x_wconf 85' lang='grc' dir='ltr'>τὸ</span> <span class='ocrx_word' id='word_1_133' title='bbox 3225 1316 3638 1392; x_wconf 81' lang='grc' dir='ltr'>διατεταγμένον</span> <span class='ocrx_word' id='word_1_134' title='bbox 3683 1317 3852 1389; x_wconf 86' lang='grc' dir='ltr'>μόνον</span> 
     </span>
    </p>
   </div>
   <div class='ocr_carea' id='block_1_16' title="bbox 430 1404 3853 1485">
    <p class='ocr_par' dir='ltr' id='par_1_16' title="bbox 430 1404 3853 1485">
     <span class='ocr_line' id='line_1_16' title="bbox 430 1404 3853 1485; baseline -0.002 -19"><span class='ocrx_word' id='word_1_135' title='bbox 430 1409 680 1480; x_wconf 68' lang='grc' dir='ltr'>ἐποίουν,</span> <span class='ocrx_word' id='word_1_136' title='bbox 751 1409 1055 1484; x_wconf 82' lang='grc' dir='ltr'>θερίζοντες</span> <span class='ocrx_word' id='word_1_137' title='bbox 1118 1409 1206 1462; x_wconf 87' lang='grc' dir='ltr'>καὶ</span> <span class='ocrx_word' id='word_1_138' title='bbox 1279 1404 1630 1482; x_wconf 77' lang='grc' dir='ltr'>δεσμεύοντες</span> <span class='ocrx_word' id='word_1_139' title='bbox 1697 1409 1771 1470; x_wconf 86' lang='grc' dir='ltr'>ὡς</span> <span class='ocrx_word' id='word_1_140' title='bbox 1833 1406 2120 1485; x_wconf 84' lang='grc' dir='ltr'>δράγματα</span> <span class='ocrx_word' id='word_1_141' title='bbox 2183 1409 2251 1464; x_wconf 82' lang='grc' dir='ltr'>τὰ</span> <span class='ocrx_word' id='word_1_142' title='bbox 2286 1409 2554 1485; x_wconf 88' lang='grc' dir='ltr'>κέρματα,</span> <span class='ocrx_word' id='word_1_143' title='bbox 2617 1411 2706 1465; x_wconf 77' lang='grc' dir='ltr'>καὶ</span> <span class='ocrx_word' id='word_1_144' title='bbox 2773 1411 2848 1472; x_wconf 84' lang='grc' dir='ltr'>ὡς</span> <span class='ocrx_word' id='word_1_145' title='bbox 2909 1409 2984 1472; x_wconf 89' lang='grc' dir='ltr'>εἰς</span> <span class='ocrx_word' id='word_1_146' title='bbox 3050 1408 3236 1464; x_wconf 77' lang='grc' dir='ltr'>ἅλωνα</span> <span class='ocrx_word' id='word_1_147' title='bbox 3295 1409 3700 1482; x_wconf 69' lang='grc' dir='ltr'>συμφοροῦντες</span> <span class='ocrx_word' id='word_1_148' title='bbox 3758 1405 3853 1460; x_wconf 84' lang='grc' dir='ltr'>τὸν</span> 
     </span>
    </p>
   </div>
   <div class='ocr_carea' id='block_1_17' title="bbox 434 1495 2296 1571">
    <p class='ocr_par' dir='ltr' id='par_1_17' title="bbox 434 1495 2296 1571">
     <span class='ocr_line' id='line_1_17' title="bbox 434 1495 2296 1571; baseline -0.002 -15"><span class='ocrx_word' id='word_1_149' title='bbox 434 1499 524 1556; x_wconf 82' lang='grc' dir='ltr'>ἐπὶ</span> <span class='ocrx_word' id='word_1_150' title='bbox 587 1496 818 1554; x_wconf 81' lang='grc' dir='ltr'>πολλῶν</span> <span class='ocrx_word' id='word_1_151' title='bbox 879 1497 1271 1571; x_wconf 77' lang='grc' dir='ltr'>καθιστάμενον</span> <span class='ocrx_word' id='word_1_152' title='bbox 1339 1495 1544 1553; x_wconf 73' lang='grc' dir='ltr'>ἐκεῖνον</span> <span class='ocrx_word' id='word_1_153' title='bbox 1617 1498 1705 1552; x_wconf 83' lang='grc' dir='ltr'>καὶ</span> <span class='ocrx_word' id='word_1_154' title='bbox 1768 1496 2039 1554; x_wconf 86' lang='grc' dir='ltr'>πλείστων</span> <span class='ocrx_word' id='word_1_155' title='bbox 2111 1497 2296 1553; x_wconf 78' lang='grc' dir='ltr'>ἃλλων</span> 
     </span>
    </p>
   </div>
   <div class='ocr_carea' id='block_1_18' title="bbox 3543 1489 3854 1570">
    <p class='ocr_par' dir='ltr' id='par_1_18' title="bbox 3543 1489 3854 1570">
     <span class='ocr_line' id='line_1_18' title="bbox 3543 1489 3854 1570; baseline -0.013 -18"><span class='ocrx_word' id='word_1_156' title='bbox 3543 1489 3854 1570; x_wconf 76' lang='grc' dir='ltr'>Βάρϐαρον,</span> 
     </span>
    </p>
   </div>
   <div class='ocr_carea' id='block_1_19' title="bbox 2393 1497 3434 1572">
    <p class='ocr_par' dir='ltr' id='par_1_19' title="bbox 2393 1497 3434 1572">
     <span class='ocr_line' id='line_1_19' title="bbox 2393 1497 3434 1572; baseline -0.004 -18"><span class='ocrx_word' id='word_1_157' title='bbox 2393 1498 2681 1572; x_wconf 87' lang='grc' dir='ltr'>Ῥωμαίων</span> <span class='ocrx_word' id='word_1_158' title='bbox 2777 1498 3024 1570; x_wconf 77' lang='grc' dir='ltr'>ἀντάξιον</span> <span class='ocrx_word' id='word_1_159' title='bbox 3114 1497 3434 1572; x_wconf 83' lang='grc' dir='ltr'>κρινόμενον</span> 
     </span>
    </p>
   </div>
   <div class='ocr_carea' id='block_1_20' title="bbox 421 1581 3860 1666">
    <p class='ocr_par' dir='ltr' id='par_1_20' title="bbox 421 1581 3860 1666">
     <span class='ocr_line' id='line_1_20' title="bbox 421 1581 3860 1666; baseline -0.001 -24"><span class='ocrx_word' id='word_1_160' title='bbox 421 1587 502 1642; x_wconf 77' lang='grc' dir='ltr'>τὰ</span> <span class='ocrx_word' id='word_1_161' title='bbox 541 1585 588 1641; x_wconf 80' lang='grc' dir='ltr'>δ’</span> <span class='ocrx_word' id='word_1_162' title='bbox 627 1584 775 1642; x_wconf 79' lang='grc' dir='ltr'>ἄλλὰ</span> <span class='ocrx_word' id='word_1_163' title='bbox 813 1581 1179 1662; x_wconf 77' lang='grc' dir='ltr'>παρέϐλεπον,</span> <span class='ocrx_word' id='word_1_164' title='bbox 1233 1584 1322 1642; x_wconf 73' lang='grc' dir='ltr'>’ίνα</span> <span class='ocrx_word' id='word_1_165' title='bbox 1364 1589 1440 1661; x_wconf 85' lang='grc' dir='ltr'>μή</span> <span class='ocrx_word' id='word_1_166' title='bbox 1498 1585 1723 1663; x_wconf 83' lang='grc' dir='ltr'>λέγοιμι</span> <span class='ocrx_word' id='word_1_167' title='bbox 1791 1587 1866 1650; x_wconf 87' lang='grc' dir='ltr'>ὡς</span> <span class='ocrx_word' id='word_1_168' title='bbox 1937 1587 2155 1663; x_wconf 83' lang='grc' dir='ltr'>βασιλεῖ</span> <span class='ocrx_word' id='word_1_169' title='bbox 2214 1587 2310 1661; x_wconf 79' lang='grc' dir='ltr'>μὶν</span> <span class='ocrx_word' id='word_1_170' title='bbox 2365 1588 2575 1664; x_wconf 78' lang='grc' dir='ltr'>βραχέα</span> <span class='ocrx_word' id='word_1_171' title='bbox 2619 1587 2712 1644; x_wconf 86' lang='grc' dir='ltr'>καὶ</span> <span class='ocrx_word' id='word_1_172' title='bbox 2779 1589 2893 1643; x_wconf 83' lang='grc' dir='ltr'>οἷοι</span> <span class='ocrx_word' id='word_1_173' title='bbox 2944 1587 3289 1666; x_wconf 82' lang='grc' dir='ltr'>ἀφαιρέματα</span> <span class='ocrx_word' id='word_1_174' title='bbox 3340 1588 3452 1640; x_wconf 90' lang='grc' dir='ltr'>τῶν</span> <span class='ocrx_word' id='word_1_175' title='bbox 3501 1581 3690 1640; x_wconf 79' lang='grc' dir='ltr'>ἄλλων</span> <span class='ocrx_word' id='word_1_176' title='bbox 3742 1583 3860 1638; x_wconf 74' lang='grc' dir='ltr'>εἷσ-</span> 
     </span>
    </p>
   </div>
   <div class='ocr_carea' id='block_1_21' title="bbox 444 1672 3860 1755">
    <p class='ocr_par' dir='ltr' id='par_1_21' title="bbox 444 1672 3860 1755">
     <span class='ocr_line' id='line_1_21' title="bbox 444 1672 3860 1755; baseline -0.001 -21"><span class='ocrx_word' id='word_1_177' title='bbox 444 1681 628 1755; x_wconf 75' lang='grc' dir='ltr'>ιςγετο,</span> <span class='ocrx_word' id='word_1_178' title='bbox 695 1677 761 1733; x_wconf 82' lang='grc' dir='ltr'>τὰ</span> <span class='ocrx_word' id='word_1_179' title='bbox 824 1674 881 1732; x_wconf 75' lang='grc' dir='ltr'>δὶ</span> <span class='ocrx_word' id='word_1_180' title='bbox 936 1674 1114 1732; x_wconf 81' lang='grc' dir='ltr'>πλείω</span> <span class='ocrx_word' id='word_1_181' title='bbox 1171 1676 1365 1733; x_wconf 77' lang='grc' dir='ltr'>ἐκεῖνοι</span> <span class='ocrx_word' id='word_1_182' title='bbox 1422 1675 1900 1754; x_wconf 84' lang='grc' dir='ltr'>παρενοσφίζοντο,</span> <span class='ocrx_word' id='word_1_183' title='bbox 1953 1680 2051 1732; x_wconf 92' lang='grc' dir='ltr'>τοῦ</span> <span class='ocrx_word' id='word_1_184' title='bbox 2101 1675 2307 1752; x_wconf 78' lang='grc' dir='ltr'>ἀγαθοῦ</span> <span class='ocrx_word' id='word_1_185' title='bbox 2344 1679 2432 1732; x_wconf 81' lang='grc' dir='ltr'>καὶ</span> <span class='ocrx_word' id='word_1_186' title='bbox 2501 1681 2696 1733; x_wconf 88' lang='grc' dir='ltr'>πιστοῦ</span> <span class='ocrx_word' id='word_1_187' title='bbox 2755 1677 2904 1751; x_wconf 76' lang='grc' dir='ltr'>παρὰ</span> <span class='ocrx_word' id='word_1_188' title='bbox 2963 1674 3181 1751; x_wconf 82' lang='grc' dir='ltr'>βασιλεῖ</span> <span class='ocrx_word' id='word_1_189' title='bbox 3236 1672 3438 1730; x_wconf 84' lang='grc' dir='ltr'>δούλου</span> <span class='ocrx_word' id='word_1_190' title='bbox 3502 1673 3557 1730; x_wconf 89' lang='grc' dir='ltr'>ἐν</span> <span class='ocrx_word' id='word_1_191' title='bbox 3608 1673 3860 1746; x_wconf 82' lang='grc' dir='ltr'>πρώτοις</span> 
     </span>
    </p>
   </div>
   <div class='ocr_carea' id='block_1_22' title="bbox 438 1761 3858 1843">
    <p class='ocr_par' dir='ltr' id='par_1_22' title="bbox 438 1761 3858 1843">
     <span class='ocr_line' id='line_1_22' title="bbox 438 1761 3858 1843; baseline -0.001 -21"><span class='ocrx_word' id='word_1_192' title='bbox 438 1768 614 1840; x_wconf 67' lang='grc' dir='ltr'>ἑαυτῷ</span> <span class='ocrx_word' id='word_1_193' title='bbox 640 1765 902 1843; x_wconf 83' lang='grc' dir='ltr'>φύροντος</span> <span class='ocrx_word' id='word_1_194' title='bbox 933 1763 1226 1842; x_wconf 78' lang='grc' dir='ltr'>ἐγκρυφίας</span> <span class='ocrx_word' id='word_1_195' title='bbox 1272 1765 1333 1821; x_wconf 87' lang='grc' dir='ltr'>ἐκ</span> <span class='ocrx_word' id='word_1_196' title='bbox 1383 1771 1490 1822; x_wconf 86' lang='grc' dir='ltr'>τῶν</span> <span class='ocrx_word' id='word_1_197' title='bbox 1534 1765 1868 1840; x_wconf 79' lang='grc' dir='ltr'>ἀλοωμένων</span> <span class='ocrx_word' id='word_1_198' title='bbox 1917 1770 2104 1842; x_wconf 89' lang='grc' dir='ltr'>πυρῶν</span> <span class='ocrx_word' id='word_1_199' title='bbox 2151 1766 2247 1822; x_wconf 68' lang='lat' dir='ltr'><strong>ei&#39;t&#39;</strong></span> <span class='ocrx_word' id='word_1_200' title='bbox 2297 1763 2388 1821; x_wconf 79' lang='grc' dir='ltr'>οὖν</span> <span class='ocrx_word' id='word_1_201' title='bbox 2443 1767 2740 1842; x_wconf 82' lang='grc' dir='ltr'>χρυσίνων,</span> <span class='ocrx_word' id='word_1_202' title='bbox 2779 1766 2871 1822; x_wconf 85' lang='grc' dir='ltr'>καὶ</span> <span class='ocrx_word' id='word_1_203' title='bbox 2924 1764 3211 1840; x_wconf 80' lang='grc' dir='ltr'>μετέπειτα</span> <span class='ocrx_word' id='word_1_204' title='bbox 3244 1761 3624 1838; x_wconf 84' lang='grc' dir='ltr'>μεταδιδόντος</span> <span class='ocrx_word' id='word_1_205' title='bbox 3652 1762 3858 1838; x_wconf 80' lang='grc' dir='ltr'>καὶτῷ</span> 
     </span>
    </p>
   </div>
   <div class='ocr_carea' id='block_1_23' title="bbox 437 1855 792 1932">
    <p class='ocr_par' dir='ltr' id='par_1_23' title="bbox 437 1855 792 1932">
     <span class='ocr_line' id='line_1_23' title="bbox 437 1855 792 1932; baseline 0.006 -22"><span class='ocrx_word' id='word_1_206' title='bbox 437 1855 792 1932; x_wconf 86' lang='grc' dir='ltr'>συνάρχοντι.</span> 
     </span>
    </p>
   </div>
   <div class='ocr_carea' id='block_1_24' title="bbox 505 1939 2089 2023">
    <p class='ocr_par' dir='ltr' id='par_1_24' title="bbox 505 1945 2089 2019">
     <span class='ocr_line' id='line_1_24' title="bbox 505 1945 2089 2019; baseline 0.001 -18"><span class='ocrx_word' id='word_1_207' title='bbox 505 1951 558 2001; x_wconf 90' lang='grc'>3.</span> <span class='ocrx_word' id='word_1_208' title='bbox 594 1946 674 2001; x_wconf 86' lang='lat' dir='ltr'><strong>Ab</strong></span> <span class='ocrx_word' id='word_1_209' title='bbox 707 1945 816 2002; x_wconf 89' lang='lat' dir='ltr'><strong>hoc</strong></span> <span class='ocrx_word' id='word_1_210' title='bbox 843 1945 1191 2018; x_wconf 86' lang='lat' dir='ltr'><strong>imperatore</strong></span> <span class='ocrx_word' id='word_1_211' title='bbox 1247 1947 1428 2002; x_wconf 86' lang='lat' dir='ltr'><strong>turris</strong></span> <span class='ocrx_word' id='word_1_212' title='bbox 1486 1945 1590 2003; x_wconf 90' lang='lat' dir='ltr'><strong>illa</strong></span> <span class='ocrx_word' id='word_1_213' title='bbox 1651 1963 1766 2003; x_wconf 86' lang='lat' dir='ltr'>non</span> <span class='ocrx_word' id='word_1_214' title='bbox 1816 1947 2013 2019; x_wconf 86' lang='lat' dir='ltr'>procul</span> <span class='ocrx_word' id='word_1_215' title='bbox 2057 1963 2089 2003; x_wconf 80' lang='grc' dir='ltr'>ιι</span> 
     </span>
    </p>
   </div>
   <div class='ocr_carea' id='block_1_25' title="bbox 2196 1939 3856 2023">
    <p class='ocr_par' dir='ltr' id='par_1_25' title="bbox 2267 1939 3856 2023">
     <span class='ocr_line' id='line_1_25' title="bbox 2267 1939 3856 2023; baseline -0.004 -21"><span class='ocrx_word' id='word_1_216' title='bbox 2267 1951 2336 2018; x_wconf 88' lang='grc' dir='ltr'>γ’.</span> <span class='ocrx_word' id='word_1_217' title='bbox 2367 1947 2568 2023; x_wconf 80' lang='grc' dir='ltr'>Ἑργον</span> <span class='ocrx_word' id='word_1_218' title='bbox 2609 1947 2707 2000; x_wconf 90' lang='grc' dir='ltr'>τοῦ</span> <span class='ocrx_word' id='word_1_219' title='bbox 2764 1942 3036 2022; x_wconf 87' lang='grc' dir='ltr'>βασιλέως</span> <span class='ocrx_word' id='word_1_220' title='bbox 3074 1942 3270 1999; x_wconf 91' lang='grc' dir='ltr'>τούτου</span> <span class='ocrx_word' id='word_1_221' title='bbox 3327 1943 3416 1997; x_wconf 83' lang='grc' dir='ltr'>καὶ</span> <span class='ocrx_word' id='word_1_222' title='bbox 3483 1943 3512 1997; x_wconf 92' lang='lat'>6</span> <span class='ocrx_word' id='word_1_223' title='bbox 3573 1943 3648 2015; x_wconf 82' lang='grc' dir='ltr'>μή</span> <span class='ocrx_word' id='word_1_224' title='bbox 3707 1939 3856 1996; x_wconf 82' lang='grc' dir='ltr'>πολὺ</span> 
     </span>
    </p>
   </div>
   <div class='ocr_carea' id='block_1_26' title="bbox 440 2034 2090 2108">
    <p class='ocr_par' dir='ltr' id='par_1_26' title="bbox 440 2034 2090 2108">
     <span class='ocr_line' id='line_1_26' title="bbox 440 2034 2090 2108; baseline -0.001 -16"><span class='ocrx_word' id='word_1_225' title='bbox 440 2035 777 2092; x_wconf 83' lang='lat' dir='ltr'>continente</span> <span class='ocrx_word' id='word_1_226' title='bbox 809 2034 868 2090; x_wconf 92' lang='lat' dir='ltr'>in</span> <span class='ocrx_word' id='word_1_227' title='bbox 893 2035 1039 2091; x_wconf 88' lang='lat' dir='ltr'><strong>mari</strong></span> <span class='ocrx_word' id='word_1_228' title='bbox 1061 2040 1356 2092; x_wconf 85' lang='lat' dir='ltr'><strong>exstructa</strong></span> <span class='ocrx_word' id='word_1_229' title='bbox 1376 2040 1488 2106; x_wconf 88' lang='lat' dir='ltr'><strong>est,</strong></span> <span class='ocrx_word' id='word_1_230' title='bbox 1522 2053 1648 2108; x_wconf 70' lang='lat' dir='ltr'><strong>quae</strong></span> <span class='ocrx_word' id='word_1_231' title='bbox 1685 2034 1945 2092; x_wconf 82' lang='lat' dir='ltr'>Damalis</span> <span class='ocrx_word' id='word_1_232' title='bbox 1963 2035 2090 2108; x_wconf 91' lang='lat' dir='ltr'><strong>pri-</strong></span> 
     </span>
    </p>
   </div>
   <div class='ocr_carea' id='block_1_27' title="bbox 439 2122 2093 2194">
    <p class='ocr_par' dir='ltr' id='par_1_27' title="bbox 439 2122 2093 2194">
     <span class='ocr_line' id='line_1_27' title="bbox 439 2122 2093 2194; baseline 0 -14"><span class='ocrx_word' id='word_1_233' title='bbox 439 2125 758 2192; x_wconf 88' lang='lat' dir='ltr'><strong>dem,nunc</strong></span> <span class='ocrx_word' id='word_1_234' title='bbox 778 2122 988 2179; x_wconf 83' lang='lat' dir='ltr'><strong>Arcula</strong></span> <span class='ocrx_word' id='word_1_235' title='bbox 1004 2125 1243 2192; x_wconf 83' lang='lat' dir='ltr'><strong>dicitur,</strong></span> <span class='ocrx_word' id='word_1_236' title='bbox 1271 2129 1327 2180; x_wconf 91' lang='lat' dir='ltr'>et</span> <span class='ocrx_word' id='word_1_237' title='bbox 1343 2125 1523 2181; x_wconf 80' lang='lat' dir='ltr'><strong>altera</strong></span> <span class='ocrx_word' id='word_1_238' title='bbox 1543 2124 1724 2180; x_wconf 89' lang='lat' dir='ltr'><strong>turris</strong></span> <span class='ocrx_word' id='word_1_239' title='bbox 1781 2141 1812 2180; x_wconf 85' lang='grc' dir='ltr'>ο</span> <span class='ocrx_word' id='word_1_240' title='bbox 1860 2125 2093 2194; x_wconf 82' lang='lat' dir='ltr'><strong>regione</strong></span> 
     </span>
    </p>
   </div>
   <div class='ocr_carea' id='block_1_28' title="bbox 430 2211 2093 2286">
    <p class='ocr_par' dir='ltr' id='par_1_28' title="bbox 430 2211 2093 2286">
     <span class='ocr_line' id='line_1_28' title="bbox 430 2211 2093 2286; baseline -0.001 -16"><span class='ocrx_word' id='word_1_241' title='bbox 430 2215 603 2286; x_wconf 79' lang='lat' dir='ltr'><strong>juxta</strong></span> <span class='ocrx_word' id='word_1_242' title='bbox 625 2213 1002 2284; x_wconf 85' lang='lat' dir='ltr'><strong>Manganium</strong></span> <span class='ocrx_word' id='word_1_243' title='bbox 1025 2213 1536 2280; x_wconf 88' lang='lat' dir='ltr'><strong>monasterium,eo</strong></span> <span class='ocrx_word' id='word_1_244' title='bbox 1556 2211 1803 2270; x_wconf 80' lang='lat' dir='ltr'><strong>consilio</strong></span> <span class='ocrx_word' id='word_1_245' title='bbox 1827 2218 1891 2268; x_wconf 90' lang='lat' dir='ltr'>ut</span> <span class='ocrx_word' id='word_1_246' title='bbox 1907 2214 2093 2270; x_wconf 84' lang='lat' dir='ltr'><strong>ferrea</strong></span> 
     </span>
    </p>
   </div>
   <div class='ocr_carea' id='block_1_29' title="bbox 443 2302 2091 2375">
    <p class='ocr_par' dir='ltr' id='par_1_29' title="bbox 443 2302 2091 2375">
     <span class='ocr_line' id='line_1_29' title="bbox 443 2302 2091 2375; baseline -0.001 -16"><span class='ocrx_word' id='word_1_247' title='bbox 443 2311 646 2359; x_wconf 88' lang='lat' dir='ltr'><strong>catena</strong></span> <span class='ocrx_word' id='word_1_248' title='bbox 673 2303 951 2375; x_wconf 89' lang='lat' dir='ltr'><strong>utrinque</strong></span> <span class='ocrx_word' id='word_1_249' title='bbox 991 2307 1222 2360; x_wconf 86' lang='lat' dir='ltr'><strong>extenta</strong></span> <span class='ocrx_word' id='word_1_250' title='bbox 1274 2303 1540 2360; x_wconf 89' lang='lat' dir='ltr'><strong>barbaris</strong></span> <span class='ocrx_word' id='word_1_251' title='bbox 1600 2302 1849 2358; x_wconf 80' lang='lat' dir='ltr'>navibus</span> <span class='ocrx_word' id='word_1_252' title='bbox 1897 2303 2091 2358; x_wconf 79' lang='lat' dir='ltr'>aditus</span> 
     </span>
    </p>
   </div>
   <div class='ocr_carea' id='block_1_30' title="bbox 439 2390 2090 2448">
    <p class='ocr_par' dir='ltr' id='par_1_30' title="bbox 439 2390 2090 2448">
     <span class='ocr_line' id='line_1_30' title="bbox 439 2390 2090 2448; baseline -0.001 0"><span class='ocrx_word' id='word_1_253' title='bbox 439 2392 502 2448; x_wconf 90' lang='lat' dir='ltr'>in</span> <span class='ocrx_word' id='word_1_254' title='bbox 532 2391 658 2448; x_wconf 91' lang='lat' dir='ltr'><strong>loca</strong></span> <span class='ocrx_word' id='word_1_255' title='bbox 687 2390 852 2448; x_wconf 85' lang='lat' dir='ltr'><strong>urbis</strong></span> <span class='ocrx_word' id='word_1_256' title='bbox 878 2391 1030 2447; x_wconf 68' lang='grc' dir='ltr'>τοι)</span> <span class='ocrx_word' id='word_1_257' title='bbox 1087 2390 1202 2447; x_wconf 87' lang='lat' dir='ltr'><strong>arci</strong></span> <span class='ocrx_word' id='word_1_258' title='bbox 1259 2391 1450 2448; x_wconf 87' lang='lat' dir='ltr'><strong>vicina</strong></span> <span class='ocrx_word' id='word_1_259' title='bbox 1505 2395 1560 2448; x_wconf 85' lang='lat' dir='ltr'>et</span> <span class='ocrx_word' id='word_1_260' title='bbox 1612 2396 1870 2448; x_wconf 87' lang='lat' dir='ltr'><strong>tractum</strong></span> <span class='ocrx_word' id='word_1_261' title='bbox 1921 2391 2090 2446; x_wconf 90' lang='lat' dir='ltr'><strong>illum</strong></span> 
     </span>
    </p>
   </div>
   <div class='ocr_carea' id='block_1_31' title="bbox 439 2479 2092 2552">
    <p class='ocr_par' dir='ltr' id='par_1_31' title="bbox 439 2479 2092 2552">
     <span class='ocr_line' id='line_1_31' title="bbox 439 2479 2092 2552; baseline 0.001 -17"><span class='ocrx_word' id='word_1_262' title='bbox 439 2495 674 2536; x_wconf 89' lang='lat' dir='ltr'><strong>omnem</strong></span> <span class='ocrx_word' id='word_1_263' title='bbox 708 2496 896 2551; x_wconf 87' lang='lat' dir='ltr'><strong>usque</strong></span> <span class='ocrx_word' id='word_1_264' title='bbox 928 2480 1002 2536; x_wconf 86' lang='lat' dir='ltr'>ad</span> <span class='ocrx_word' id='word_1_265' title='bbox 1031 2479 1438 2537; x_wconf 89' lang='lat' dir='ltr'><strong>Blacherniam</strong></span> <span class='ocrx_word' id='word_1_266' title='bbox 1476 2480 1692 2552; x_wconf 79' lang='lat' dir='ltr'><strong>regiam</strong></span> <span class='ocrx_word' id='word_1_267' title='bbox 1728 2479 2092 2536; x_wconf 81' lang='lat' dir='ltr'><strong>interclude-</strong></span> 
     </span>
    </p>
   </div>
   <div class='ocr_carea' id='block_1_32' title="bbox 438 2569 2092 2642">
    <p class='ocr_par' dir='ltr' id='par_1_32' title="bbox 438 2569 2092 2642">
     <span class='ocr_line' id='line_1_32' title="bbox 438 2569 2092 2642; baseline 0.001 -17"><span class='ocrx_word' id='word_1_268' title='bbox 438 2574 619 2626; x_wconf 86' lang='lat' dir='ltr'><strong>retur.</strong></span> <span class='ocrx_word' id='word_1_269' title='bbox 655 2569 1142 2642; x_wconf 85' lang='lat' dir='ltr'><strong>Magniﬁcentiam</strong></span> <span class='ocrx_word' id='word_1_270' title='bbox 1198 2569 1327 2641; x_wconf 82' lang='lat' dir='ltr'><strong>ejus</strong></span> <span class='ocrx_word' id='word_1_271' title='bbox 1387 2575 1682 2626; x_wconf 78' lang='lat' dir='ltr'><strong>testantur</strong></span> <span class='ocrx_word' id='word_1_272' title='bbox 1735 2570 1915 2626; x_wconf 86' lang='lat' dir='ltr'><strong>etiam</strong></span> <span class='ocrx_word' id='word_1_273' title='bbox 1969 2585 2092 2626; x_wconf 88' lang='lat' dir='ltr'><strong>ma-</strong></span> 
     </span>
    </p>
   </div>
   <div class='ocr_carea' id='block_1_33' title="bbox 441 2657 2090 2732">
    <p class='ocr_par' dir='ltr' id='par_1_33' title="bbox 441 2657 2090 2732">
     <span class='ocr_line' id='line_1_33' title="bbox 441 2657 2090 2732; baseline -0.001 -16"><span class='ocrx_word' id='word_1_274' title='bbox 441 2659 603 2716; x_wconf 80' lang='lat' dir='ltr'><strong>xima</strong></span> <span class='ocrx_word' id='word_1_275' title='bbox 633 2657 736 2715; x_wconf 87' lang='lat' dir='ltr'><strong>illa</strong></span> <span class='ocrx_word' id='word_1_276' title='bbox 791 2657 1090 2716; x_wconf 77' lang='lat' dir='ltr'><strong>conclavia</strong></span> <span class='ocrx_word' id='word_1_277' title='bbox 1147 2660 1206 2716; x_wconf 87' lang='lat' dir='ltr'>in</span> <span class='ocrx_word' id='word_1_278' title='bbox 1269 2663 1514 2732; x_wconf 90' lang='lat' dir='ltr'><strong>utroque</strong></span> <span class='ocrx_word' id='word_1_279' title='bbox 1569 2659 1788 2732; x_wconf 87' lang='lat' dir='ltr'><strong>palatio</strong></span> <span class='ocrx_word' id='word_1_280' title='bbox 1845 2663 2090 2726; x_wconf 89' lang='lat' dir='ltr'><strong>structa,</strong></span> 
     </span>
    </p>
   </div>
   <div class='ocr_carea' id='block_1_34' title="bbox 444 2748 2094 2822">
    <p class='ocr_par' dir='ltr' id='par_1_34' title="bbox 444 2748 2094 2822">
     <span class='ocr_line' id='line_1_34' title="bbox 444 2748 2094 2822; baseline -0.001 -17"><span class='ocrx_word' id='word_1_281' title='bbox 444 2749 635 2806; x_wconf 86' lang='lat' dir='ltr'><strong>aureis</strong></span> <span class='ocrx_word' id='word_1_282' title='bbox 664 2749 903 2805; x_wconf 84' lang='lat' dir='ltr'><strong>laminis</strong></span> <span class='ocrx_word' id='word_1_283' title='bbox 937 2748 1286 2822; x_wconf 80' lang='lat' dir='ltr'><strong>refulgentia</strong></span> <span class='ocrx_word' id='word_1_284' title='bbox 1319 2753 1376 2806; x_wconf 91' lang='lat' dir='ltr'>et</span> <span class='ocrx_word' id='word_1_285' title='bbox 1419 2749 1752 2806; x_wconf 86' lang='lat' dir='ltr'><strong>illustribus</strong></span> <span class='ocrx_word' id='word_1_286' title='bbox 1801 2748 2094 2806; x_wconf 89' lang='lat' dir='ltr'><strong>coloribus</strong></span> 
     </span>
    </p>
   </div>
   <div class='ocr_carea' id='block_1_35' title="bbox 438 2837 2094 2910">
    <p class='ocr_par' dir='ltr' id='par_1_35' title="bbox 438 2837 2094 2910">
     <span class='ocr_line' id='line_1_35' title="bbox 438 2837 2094 2910; baseline -0.001 -16"><span class='ocrx_word' id='word_1_287' title='bbox 438 2845 736 2907; x_wconf 85' lang='lat' dir='ltr'><strong>exornata,</strong></span> <span class='ocrx_word' id='word_1_288' title='bbox 769 2837 830 2894; x_wconf 89' lang='lat' dir='ltr'>in</span> <span class='ocrx_word' id='word_1_289' title='bbox 862 2838 1078 2910; x_wconf 87' lang='lat' dir='ltr'><strong>quibus</strong></span> <span class='ocrx_word' id='word_1_290' title='bbox 1108 2837 1262 2894; x_wconf 89' lang='lat' dir='ltr'><strong>bella</strong></span> <span class='ocrx_word' id='word_1_291' title='bbox 1302 2839 1430 2910; x_wconf 88' lang='lat' dir='ltr'><strong>ejus</strong></span> <span class='ocrx_word' id='word_1_292' title='bbox 1483 2854 1616 2894; x_wconf 90' lang='lat' dir='ltr'>cum</span> <span class='ocrx_word' id='word_1_293' title='bbox 1640 2837 1909 2894; x_wconf 89' lang='lat' dir='ltr'><strong>barbaris</strong></span> <span class='ocrx_word' id='word_1_294' title='bbox 1951 2837 2094 2892; x_wconf 87' lang='lat' dir='ltr'><strong>alia-</strong></span> 
     </span>
    </p>
   </div>
   <div class='ocr_carea' id='block_1_36' title="bbox 437 2925 2093 3000">
    <p class='ocr_par' dir='ltr' id='par_1_36' title="bbox 437 2925 2093 3000">
     <span class='ocr_line' id='line_1_36' title="bbox 437 2925 2093 3000; baseline -0.002 -16"><span class='ocrx_word' id='word_1_295' title='bbox 437 2943 551 3000; x_wconf 88' lang='lat' dir='ltr'>que</span> <span class='ocrx_word' id='word_1_296' title='bbox 575 2943 645 2984; x_wconf 79' lang='lat' dir='ltr'><strong>ex</strong></span> <span class='ocrx_word' id='word_1_297' title='bbox 670 2925 923 2984; x_wconf 80' lang='lat' dir='ltr'><strong>utilitate</strong></span> <span class='ocrx_word' id='word_1_298' title='bbox 947 2927 1198 2984; x_wconf 86' lang='lat' dir='ltr'><strong>Romani</strong></span> <span class='ocrx_word' id='word_1_299' title='bbox 1232 2927 1463 3000; x_wconf 89' lang='lat' dir='ltr'><strong>imperii</strong></span> <span class='ocrx_word' id='word_1_300' title='bbox 1488 2927 1900 2983; x_wconf 80' lang='lat' dir='ltr'><strong>administrata</strong></span> <span class='ocrx_word' id='word_1_301' title='bbox 1929 2941 2093 2982; x_wconf 90' lang='lat' dir='ltr'><strong>sum-</strong></span> 
     </span>
    </p>
   </div>
   <div class='ocr_carea' id='block_1_37' title="bbox 443 3014 2094 3088">
    <p class='ocr_par' dir='ltr' id='par_1_37' title="bbox 443 3014 2094 3088">
     <span class='ocr_line' id='line_1_37' title="bbox 443 3014 2094 3088; baseline -0.001 -16"><span class='ocrx_word' id='word_1_302' title='bbox 443 3033 539 3072; x_wconf 91' lang='lat' dir='ltr'>mo</span> <span class='ocrx_word' id='word_1_303' title='bbox 571 3017 798 3088; x_wconf 82' lang='lat' dir='ltr'><strong>depicta</strong></span> <span class='ocrx_word' id='word_1_304' title='bbox 827 3015 1071 3071; x_wconf 84' lang='lat' dir='ltr'><strong>artiﬁcio</strong></span> <span class='ocrx_word' id='word_1_305' title='bbox 1109 3019 1470 3086; x_wconf 86' lang='lat' dir='ltr'><strong>spectantur.</strong></span> <span class='ocrx_word' id='word_1_306' title='bbox 1500 3017 1585 3072; x_wconf 82' lang='lat' dir='ltr'><strong>Ad</strong></span> <span class='ocrx_word' id='word_1_307' title='bbox 1635 3015 1758 3071; x_wconf 68' lang='lat' dir='ltr'><strong>haec</strong></span> <span class='ocrx_word' id='word_1_308' title='bbox 1816 3014 2094 3087; x_wconf 86' lang='lat' dir='ltr'><strong>pleraque</strong></span> 
     </span>
    </p>
   </div>
   <div class='ocr_carea' id='block_1_38' title="bbox 443 3103 2094 3177">
    <p class='ocr_par' dir='ltr' id='par_1_38' title="bbox 443 3103 2094 3177">
     <span class='ocr_line' id='line_1_38' title="bbox 443 3103 2094 3177; baseline -0.002 -15"><span class='ocrx_word' id='word_1_309' title='bbox 443 3104 752 3177; x_wconf 90' lang='lat' dir='ltr'><strong>splendida</strong></span> <span class='ocrx_word' id='word_1_310' title='bbox 781 3104 841 3160; x_wconf 89' lang='lat' dir='ltr'>in</span> <span class='ocrx_word' id='word_1_311' title='bbox 865 3105 1010 3160; x_wconf 86' lang='lat' dir='ltr'><strong>freto</strong></span> <span class='ocrx_word' id='word_1_312' title='bbox 1041 3105 1410 3175; x_wconf 87' lang='lat' dir='ltr'><strong>Propontidis</strong></span> <span class='ocrx_word' id='word_1_313' title='bbox 1468 3104 1734 3172; x_wconf 67' lang='lat' dir='ltr'><strong>aediﬁcia,</strong></span> <span class='ocrx_word' id='word_1_314' title='bbox 1767 3103 1827 3158; x_wconf 90' lang='lat' dir='ltr'>in</span> <span class='ocrx_word' id='word_1_315' title='bbox 1877 3104 2094 3174; x_wconf 88' lang='lat' dir='ltr'><strong>quibus</strong></span> 
     </span>
    </p>
   </div>
   <div class='ocr_carea' id='block_1_39' title="bbox 444 3193 2092 3265">
    <p class='ocr_par' dir='ltr' id='par_1_39' title="bbox 444 3193 2092 3265">
     <span class='ocr_line' id='line_1_39' title="bbox 444 3193 2092 3265; baseline -0.001 -17"><span class='ocrx_word' id='word_1_316' title='bbox 444 3194 828 3264; x_wconf 88' lang='lat' dir='ltr'><strong>imperatores</strong></span> <span class='ocrx_word' id='word_1_317' title='bbox 901 3197 1136 3264; x_wconf 88' lang='lat' dir='ltr'><strong>propter</strong></span> <span class='ocrx_word' id='word_1_318' title='bbox 1213 3193 1365 3249; x_wconf 87' lang='lat' dir='ltr'><strong>aeris</strong></span> <span class='ocrx_word' id='word_1_319' title='bbox 1418 3193 1760 3265; x_wconf 85' lang='lat' dir='ltr'><strong>temperiem</strong></span> <span class='ocrx_word' id='word_1_320' title='bbox 1831 3196 2092 3248; x_wconf 82' lang='lat' dir='ltr'><strong>aestatem</strong></span> 
     </span>
    </p>
   </div>
   <div class='ocr_carea' id='block_1_40' title="bbox 2195 2027 3857 2107">
    <p class='ocr_par' dir='ltr' id='par_1_40' title="bbox 2195 2027 3857 2107">
     <span class='ocr_line' id='line_1_40' title="bbox 2195 2027 3857 2107; baseline -0.001 -19"><span class='ocrx_word' id='word_1_321' title='bbox 2195 2039 2296 2102; x_wconf 84' lang='grc' dir='ltr'>τῆς</span> <span class='ocrx_word' id='word_1_322' title='bbox 2329 2035 2413 2106; x_wconf 86' lang='grc' dir='ltr'>[Ρ.</span> <span class='ocrx_word' id='word_1_323' title='bbox 2449 2035 2571 2107; x_wconf 70' lang='grc'>134]</span> <span class='ocrx_word' id='word_1_324' title='bbox 2629 2033 2908 2104; x_wconf 77' lang='grc' dir='ltr'>θαλάσσης</span> <span class='ocrx_word' id='word_1_325' title='bbox 2962 2027 3114 2088; x_wconf 81' lang='grc' dir='ltr'>ἔνδον</span> <span class='ocrx_word' id='word_1_326' title='bbox 3171 2033 3457 2104; x_wconf 74' lang='grc' dir='ltr'>ἱσταμενος</span> <span class='ocrx_word' id='word_1_327' title='bbox 3515 2031 3723 2106; x_wconf 81' lang='grc' dir='ltr'>πύργος</span> <span class='ocrx_word' id='word_1_328' title='bbox 3752 2035 3857 2100; x_wconf 84' lang='grc' dir='ltr'>τῆς</span> 
     </span>
    </p>
   </div>
   <div class='ocr_carea' id='block_1_41' title="bbox 2194 2121 3858 2199">
    <p class='ocr_par' dir='ltr' id='par_1_41' title="bbox 2194 2121 3858 2199">
     <span class='ocr_line' id='line_1_41' title="bbox 2194 2121 3858 2199; baseline -0.001 -21"><span class='ocrx_word' id='word_1_329' title='bbox 2194 2124 2647 2196; x_wconf 79' lang='grc' dir='ltr'>προσκλυζούσης</span> <span class='ocrx_word' id='word_1_330' title='bbox 2699 2124 2798 2192; x_wconf 79' lang='grc' dir='ltr'>τήν</span> <span class='ocrx_word' id='word_1_331' title='bbox 2845 2124 3068 2199; x_wconf 89' lang='grc' dir='ltr'>χέρσον,</span> <span class='ocrx_word' id='word_1_332' title='bbox 3118 2122 3238 2192; x_wconf 72' lang='grc' dir='ltr'>ἥτις</span> <span class='ocrx_word' id='word_1_333' title='bbox 3291 2121 3602 2194; x_wconf 80' lang='grc' dir='ltr'>ὠνομάζετο</span> <span class='ocrx_word' id='word_1_334' title='bbox 3664 2121 3858 2194; x_wconf 85' lang='grc' dir='ltr'>Δάμα-</span> 
     </span>
    </p>
   </div>
   <div class='ocr_carea' id='block_1_42' title="bbox 2197 2207 3856 2288">
    <p class='ocr_par' dir='ltr' id='par_1_42' title="bbox 2197 2207 3856 2288">
     <span class='ocr_line' id='line_1_42' title="bbox 2197 2207 3856 2288; baseline -0.002 -21"><span class='ocrx_word' id='word_1_335' title='bbox 2197 2212 2308 2283; x_wconf 87' lang='grc' dir='ltr'>λις,</span> <span class='ocrx_word' id='word_1_336' title='bbox 2374 2213 2442 2267; x_wconf 75' lang='grc' dir='ltr'>τά</span> <span class='ocrx_word' id='word_1_337' title='bbox 2505 2217 2596 2267; x_wconf 87' lang='grc' dir='ltr'>νῦν</span> <span class='ocrx_word' id='word_1_338' title='bbox 2659 2209 2717 2268; x_wconf 83' lang='grc' dir='ltr'>δὲ</span> <span class='ocrx_word' id='word_1_339' title='bbox 2774 2211 2987 2288; x_wconf 82' lang='grc' dir='ltr'>Ἀρκλα</span> <span class='ocrx_word' id='word_1_340' title='bbox 3044 2209 3313 2284; x_wconf 81' lang='grc' dir='ltr'>καλεῖται,</span> <span class='ocrx_word' id='word_1_341' title='bbox 3371 2208 3518 2266; x_wconf 87' lang='grc' dir='ltr'>ἀλλὰ</span> <span class='ocrx_word' id='word_1_342' title='bbox 3584 2207 3652 2280; x_wconf 80' lang='grc' dir='ltr'>δὴ</span> <span class='ocrx_word' id='word_1_343' title='bbox 3701 2209 3856 2264; x_wconf 82' lang='grc' dir='ltr'>καὶὸ</span> 
     </span>
    </p>
   </div>
   <div class='ocr_carea' id='block_1_43' title="bbox 2194 2299 3862 2378">
    <p class='ocr_par' dir='ltr' id='par_1_43' title="bbox 2194 2299 3862 2378">
     <span class='ocr_line' id='line_1_43' title="bbox 2194 2299 3862 2378; baseline -0.001 -21"><span class='ocrx_word' id='word_1_344' title='bbox 2194 2302 2563 2377; x_wconf 86' lang='grc' dir='ltr'>ἀντίπορθμος</span> <span class='ocrx_word' id='word_1_345' title='bbox 2621 2303 2782 2365; x_wconf 83' lang='grc' dir='ltr'>οὗτος</span> <span class='ocrx_word' id='word_1_346' title='bbox 2839 2301 3048 2378; x_wconf 79' lang='grc' dir='ltr'>πύργος</span> <span class='ocrx_word' id='word_1_347' title='bbox 3097 2307 3201 2370; x_wconf 78' lang='grc' dir='ltr'>τῆς</span> <span class='ocrx_word' id='word_1_348' title='bbox 3256 2306 3362 2356; x_wconf 90' lang='grc' dir='ltr'>τῶν</span> <span class='ocrx_word' id='word_1_349' title='bbox 3420 2301 3725 2376; x_wconf 85' lang='grc' dir='ltr'>Μαγγάνων</span> <span class='ocrx_word' id='word_1_350' title='bbox 3753 2299 3862 2375; x_wconf 71' lang='grc' dir='ltr'>ἄγ-</span> 
     </span>
    </p>
   </div>
   <div class='ocr_carea' id='block_1_44' title="bbox 2194 2389 3860 2466">
    <p class='ocr_par' dir='ltr' id='par_1_44' title="bbox 2194 2389 3860 2466">
     <span class='ocr_line' id='line_1_44' title="bbox 2194 2389 3860 2466; baseline -0.001 -20"><span class='ocrx_word' id='word_1_351' title='bbox 2194 2411 2361 2466; x_wconf 79' lang='grc' dir='ltr'>χιστα</span> <span class='ocrx_word' id='word_1_352' title='bbox 2391 2389 2596 2466; x_wconf 84' lang='grc' dir='ltr'>δεδομη</span> <span class='ocrx_word' id='word_1_353' title='bbox 2609 2392 2764 2465; x_wconf 82' lang='grc' dir='ltr'>μένος</span> <span class='ocrx_word' id='word_1_354' title='bbox 2818 2398 3011 2465; x_wconf 77' lang='grc' dir='ltr'>μονῆς.</span> <span class='ocrx_word' id='word_1_355' title='bbox 3053 2395 3151 2446; x_wconf 86' lang='grc' dir='ltr'>Ἢν</span> <span class='ocrx_word' id='word_1_356' title='bbox 3195 2389 3252 2446; x_wconf 71' lang='grc' dir='ltr'>δὲ</span> <span class='ocrx_word' id='word_1_357' title='bbox 3283 2389 3486 2454; x_wconf 83' lang='grc' dir='ltr'>σκοπὸς</span> <span class='ocrx_word' id='word_1_358' title='bbox 3516 2393 3596 2463; x_wconf 83' lang='grc' dir='ltr'>τῷ</span> <span class='ocrx_word' id='word_1_359' title='bbox 3625 2389 3860 2453; x_wconf 82' lang='grc' dir='ltr'>τούτους</span> 
     </span>
    </p>
   </div>
   <div class='ocr_carea' id='block_1_45' title="bbox 2194 2477 3858 2558">
    <p class='ocr_par' dir='ltr' id='par_1_45' title="bbox 2194 2477 3858 2558">
     <span class='ocr_line' id='line_1_45' title="bbox 2194 2477 3858 2558; baseline -0.002 -23"><span class='ocrx_word' id='word_1_360' title='bbox 2194 2479 2522 2558; x_wconf 86' lang='grc' dir='ltr'>ἀνεγείραντι</span> <span class='ocrx_word' id='word_1_361' title='bbox 2583 2479 2772 2536; x_wconf 77' lang='grc' dir='ltr'>ἄνακτι</span> <span class='ocrx_word' id='word_1_362' title='bbox 2837 2479 2975 2536; x_wconf 72' lang='grc' dir='ltr'>κατὰ</span> <span class='ocrx_word' id='word_1_363' title='bbox 3028 2480 3216 2554; x_wconf 87' lang='grc' dir='ltr'>καιρὸν</span> <span class='ocrx_word' id='word_1_364' title='bbox 3288 2477 3581 2554; x_wconf 79' lang='grc' dir='ltr'>ἐπαγωγῆς</span> <span class='ocrx_word' id='word_1_365' title='bbox 3639 2477 3858 2534; x_wconf 89' lang='grc' dir='ltr'>πλοίων</span> 
     </span>
    </p>
   </div>
   <div class='ocr_carea' id='block_1_46' title="bbox 2194 2564 3861 2646">
    <p class='ocr_par' dir='ltr' id='par_1_46' title="bbox 2194 2564 3861 2646">
     <span class='ocr_line' id='line_1_46' title="bbox 2194 2564 3861 2646; baseline -0.002 -19"><span class='ocrx_word' id='word_1_366' title='bbox 2194 2564 2550 2646; x_wconf 78' lang='grc' dir='ltr'>Βαρϐαρικῶν</span> <span class='ocrx_word' id='word_1_367' title='bbox 2608 2567 2832 2645; x_wconf 72' lang='grc' dir='ltr'>σιδηρᾶν</span> <span class='ocrx_word' id='word_1_368' title='bbox 2998 2569 3277 2644; x_wconf 60' lang='grc' dir='ltr'>«ἑκατέρων</span> <span class='ocrx_word' id='word_1_369' title='bbox 3333 2567 3524 2624; x_wconf 79' lang='grc' dir='ltr'>ἃλυσιν</span> <span class='ocrx_word' id='word_1_370' title='bbox 3595 2565 3861 2623; x_wconf 79' lang='grc' dir='ltr'>διατείνε-</span> 
     </span>
    </p>
   </div>
   <div class='ocr_carea' id='block_1_47' title="bbox 2195 2653 3854 2733">
    <p class='ocr_par' dir='ltr' id='par_1_47' title="bbox 2195 2653 3854 2733">
     <span class='ocr_line' id='line_1_47' title="bbox 2195 2653 3854 2733; baseline -0.002 -20"><span class='ocrx_word' id='word_1_371' title='bbox 2195 2669 2338 2726; x_wconf 84' lang='grc' dir='ltr'>σθαι,</span> <span class='ocrx_word' id='word_1_372' title='bbox 2393 2658 2482 2714; x_wconf 82' lang='grc' dir='ltr'>καὶ</span> <span class='ocrx_word' id='word_1_373' title='bbox 2525 2653 2721 2714; x_wconf 77' lang='grc' dir='ltr'>ἄϐατον</span> <span class='ocrx_word' id='word_1_374' title='bbox 2777 2656 3017 2722; x_wconf 79' lang='grc' dir='ltr'>ἐντεῦθεν</span> <span class='ocrx_word' id='word_1_375' title='bbox 3073 2657 3312 2733; x_wconf 86' lang='grc' dir='ltr'>γίνεσθαι</span> <span class='ocrx_word' id='word_1_376' title='bbox 3360 2657 3538 2712; x_wconf 86' lang='grc' dir='ltr'>ὁπόσα</span> <span class='ocrx_word' id='word_1_377' title='bbox 3595 2656 3720 2732; x_wconf 83' lang='grc' dir='ltr'>περὶ</span> <span class='ocrx_word' id='word_1_378' title='bbox 3753 2656 3854 2725; x_wconf 81' lang='grc' dir='ltr'>τὴν</span> 
     </span>
    </p>
   </div>
   <div class='ocr_carea' id='block_1_48' title="bbox 2196 2745 3852 2822">
    <p class='ocr_par' dir='ltr' id='par_1_48' title="bbox 2196 2745 3852 2822">
     <span class='ocr_line' id='line_1_48' title="bbox 2196 2745 3852 2822; baseline -0.001 -20"><span class='ocrx_word' id='word_1_379' title='bbox 2196 2746 2496 2822; x_wconf 89' lang='grc' dir='ltr'>ἀκρόπολιν</span> <span class='ocrx_word' id='word_1_380' title='bbox 2570 2746 2708 2821; x_wconf 87' lang='grc' dir='ltr'>μέρη</span> <span class='ocrx_word' id='word_1_381' title='bbox 2767 2753 2868 2817; x_wconf 82' lang='grc' dir='ltr'>τῆς</span> <span class='ocrx_word' id='word_1_382' title='bbox 2918 2745 3136 2808; x_wconf 88' lang='grc' dir='ltr'>πόλεως</span> <span class='ocrx_word' id='word_1_383' title='bbox 3210 2747 3298 2802; x_wconf 84' lang='grc' dir='ltr'>καὶ</span> <span class='ocrx_word' id='word_1_384' title='bbox 3380 2747 3475 2801; x_wconf 86' lang='grc' dir='ltr'>τὸν</span> <span class='ocrx_word' id='word_1_385' title='bbox 3555 2745 3852 2820; x_wconf 86' lang='grc' dir='ltr'>συρόμενον</span> 
     </span>
    </p>
   </div>
   <div class='ocr_carea' id='block_1_49' title="bbox 2195 2833 3855 2912">
    <p class='ocr_par' dir='ltr' id='par_1_49' title="bbox 2195 2833 3855 2912">
     <span class='ocr_line' id='line_1_49' title="bbox 2195 2833 3855 2912; baseline -0.001 -20"><span class='ocrx_word' id='word_1_386' title='bbox 2195 2833 2393 2902; x_wconf 63' lang='grc' dir='ltr'>ἔσωθεν</span> <span class='ocrx_word' id='word_1_387' title='bbox 2453 2837 2616 2892; x_wconf 82' lang='grc' dir='ltr'>ὁλκὸν</span> <span class='ocrx_word' id='word_1_388' title='bbox 2675 2833 2780 2899; x_wconf 74' lang='grc' dir='ltr'>ἕως</span> <span class='ocrx_word' id='word_1_389' title='bbox 2832 2837 2923 2892; x_wconf 85' lang='grc' dir='ltr'>καὶ</span> <span class='ocrx_word' id='word_1_390' title='bbox 2989 2835 3041 2899; x_wconf 81' lang='grc' dir='ltr'>ἐς</span> <span class='ocrx_word' id='word_1_391' title='bbox 3094 2835 3229 2891; x_wconf 80' lang='grc' dir='ltr'>αὐτὰ</span> <span class='ocrx_word' id='word_1_392' title='bbox 3281 2835 3348 2891; x_wconf 80' lang='grc' dir='ltr'>τὰ</span> <span class='ocrx_word' id='word_1_393' title='bbox 3407 2833 3458 2890; x_wconf 77' lang='grc' dir='ltr'>ἰν</span> <span class='ocrx_word' id='word_1_394' title='bbox 3519 2834 3855 2912; x_wconf 88' lang='grc' dir='ltr'>Βλαχέρναις</span> 
     </span>
    </p>
   </div>
   <div class='ocr_carea' id='block_1_50' title="bbox 2199 2921 3857 3002">
    <p class='ocr_par' dir='ltr' id='par_1_50' title="bbox 2199 2921 3857 3002">
     <span class='ocr_line' id='line_1_50' title="bbox 2199 2921 3857 3002; baseline -0.001 -22"><span class='ocrx_word' id='word_1_395' title='bbox 2199 2925 2502 3002; x_wconf 83' lang='grc' dir='ltr'>βασίλειαν.</span> <span class='ocrx_word' id='word_1_396' title='bbox 2563 2923 2910 2982; x_wconf 83' lang='grc' dir='ltr'>Φιλοκαλίαν</span> <span class='ocrx_word' id='word_1_397' title='bbox 2985 2923 3043 2980; x_wconf 77' lang='grc' dir='ltr'>δὲ</span> <span class='ocrx_word' id='word_1_398' title='bbox 3119 2927 3486 3000; x_wconf 82' lang='grc' dir='ltr'>κατηγοροῦσι</span> <span class='ocrx_word' id='word_1_399' title='bbox 3541 2921 3704 2980; x_wconf 86' lang='grc' dir='ltr'>τοῦδε</span> <span class='ocrx_word' id='word_1_400' title='bbox 3759 2927 3857 2980; x_wconf 88' lang='grc' dir='ltr'>τοῦ</span> 
     </span>
    </p>
   </div>
   <div class='ocr_carea' id='block_1_51' title="bbox 2201 3013 3854 3093">
    <p class='ocr_par' dir='ltr' id='par_1_51' title="bbox 2201 3013 3854 3093">
     <span class='ocr_line' id='line_1_51' title="bbox 2201 3013 3854 3093; baseline -0.001 -23"><span class='ocrx_word' id='word_1_401' title='bbox 2201 3013 2469 3090; x_wconf 73' lang='grc' dir='ltr'>βασιλέως</span> <span class='ocrx_word' id='word_1_402' title='bbox 2495 3015 2586 3071; x_wconf 86' lang='grc' dir='ltr'>καὶ</span> <span class='ocrx_word' id='word_1_403' title='bbox 2619 3015 2672 3070; x_wconf 72' lang='grc' dir='ltr'>οἱ</span> <span class='ocrx_word' id='word_1_404' title='bbox 2701 3016 2820 3070; x_wconf 84' lang='grc' dir='ltr'>κατ’</span> <span class='ocrx_word' id='word_1_405' title='bbox 2873 3013 3038 3093; x_wconf 77' lang='grc' dir='ltr'>ἄμφω</span> <span class='ocrx_word' id='word_1_406' title='bbox 3084 3015 3152 3068; x_wconf 81' lang='grc' dir='ltr'>τὰ</span> <span class='ocrx_word' id='word_1_407' title='bbox 3198 3013 3470 3089; x_wconf 81' lang='grc' dir='ltr'>ἀνάκτορα</span> <span class='ocrx_word' id='word_1_408' title='bbox 3499 3013 3854 3088; x_wconf 74' lang='grc' dir='ltr'>ἐπιμήκιστοι</span> 
     </span>
    </p>
   </div>
   <div class='ocr_carea' id='block_1_52' title="bbox 2196 3100 3850 3180">
    <p class='ocr_par' dir='ltr' id='par_1_52' title="bbox 2196 3100 3850 3180">
     <span class='ocr_line' id='line_1_52' title="bbox 2196 3100 3850 3180; baseline 0 -21"><span class='ocrx_word' id='word_1_409' title='bbox 2196 3103 2514 3178; x_wconf 88' lang='grc' dir='ltr'>περίστυλοι</span> <span class='ocrx_word' id='word_1_410' title='bbox 2557 3100 2851 3180; x_wconf 87' lang='grc' dir='ltr'>ἀνδρῶνες,</span> <span class='ocrx_word' id='word_1_411' title='bbox 2903 3101 2995 3166; x_wconf 74' lang='grc' dir='ltr'>οῦς</span> <span class='ocrx_word' id='word_1_412' title='bbox 3043 3102 3205 3164; x_wconf 75' lang='grc' dir='ltr'>αὐτὸς</span> <span class='ocrx_word' id='word_1_413' title='bbox 3254 3105 3558 3180; x_wconf 75' lang='grc' dir='ltr'>ἀνήγειρεν,</span> <span class='ocrx_word' id='word_1_414' title='bbox 3591 3100 3644 3157; x_wconf 76' lang='grc' dir='ltr'>οῗ</span> <span class='ocrx_word' id='word_1_415' title='bbox 3673 3102 3850 3177; x_wconf 75' lang='grc' dir='ltr'>ψηφί-</span> 
     </span>
    </p>
   </div>
   <div class='ocr_carea' id='block_1_53' title="bbox 2196 3189 3842 3270">
    <p class='ocr_par' dir='ltr' id='par_1_53' title="bbox 2196 3189 3842 3270">
     <span class='ocr_line' id='line_1_53' title="bbox 2196 3189 3842 3270; baseline -0.004 -22"><span class='ocrx_word' id='word_1_416' title='bbox 2196 3190 2303 3248; x_wconf 89' lang='grc' dir='ltr'>δων</span> <span class='ocrx_word' id='word_1_417' title='bbox 2348 3199 2568 3270; x_wconf 79' lang='grc' dir='ltr'>χρυσῶν</span> <span class='ocrx_word' id='word_1_418' title='bbox 2619 3193 2887 3258; x_wconf 85' lang='grc' dir='ltr'>ἐπιθέσεσι</span> <span class='ocrx_word' id='word_1_419' title='bbox 2943 3190 3327 3268; x_wconf 86' lang='grc' dir='ltr'>διαυγάζοντες</span> <span class='ocrx_word' id='word_1_420' title='bbox 3376 3196 3624 3248; x_wconf 82' lang='grc' dir='ltr'>τυποῦσιν</span> <span class='ocrx_word' id='word_1_421' title='bbox 3665 3189 3842 3244; x_wconf 78' lang='grc' dir='ltr'>ἃνθεσι</span> 
     </span>
    </p>
   </div>
   <div class='ocr_carea' id='block_1_54' title="bbox 445 3278 2089 3367">
    <p class='ocr_par' dir='ltr' id='par_1_54' title="bbox 445 3281 2089 3355">
     <span class='ocr_line' id='line_1_54' title="bbox 445 3281 2089 3355; baseline 0.001 -17"><span class='ocrx_word' id='word_1_422' title='bbox 445 3282 674 3354; x_wconf 80' lang='lat' dir='ltr'><strong>exigere</strong></span> <span class='ocrx_word' id='word_1_423' title='bbox 705 3281 916 3349; x_wconf 87' lang='lat' dir='ltr'><strong>solent,</strong></span> <span class='ocrx_word' id='word_1_424' title='bbox 949 3286 1014 3338; x_wconf 90' lang='lat' dir='ltr'>ut</span> <span class='ocrx_word' id='word_1_425' title='bbox 1036 3281 1176 3338; x_wconf 90' lang='lat' dir='ltr'><strong>olim</strong></span> <span class='ocrx_word' id='word_1_426' title='bbox 1200 3286 1510 3338; x_wconf 86' lang='lat' dir='ltr'><strong>Persarum</strong></span> <span class='ocrx_word' id='word_1_427' title='bbox 1546 3298 1708 3353; x_wconf 85' lang='lat' dir='ltr'><strong>reges</strong></span> <span class='ocrx_word' id='word_1_428' title='bbox 1731 3283 1898 3340; x_wconf 86' lang='lat' dir='ltr'><strong>Susis</strong></span> <span class='ocrx_word' id='word_1_429' title='bbox 1919 3288 2089 3355; x_wconf 87' lang='lat' dir='ltr'><strong>atque</strong></span> 
     </span>
    </p>
   </div>
   <div class='ocr_carea' id='block_1_55' title="bbox 2196 3278 3852 3367">
    <p class='ocr_par' dir='ltr' id='par_1_55' title="bbox 2209 3278 3852 3367">
     <span class='ocr_line' id='line_1_55' title="bbox 2209 3278 3852 3367; baseline -0.003 -31"><span class='ocrx_word' id='word_1_430' title='bbox 2209 3283 2387 3359; x_wconf 80' lang='grc' dir='ltr'>βαφῆς</span> <span class='ocrx_word' id='word_1_431' title='bbox 2453 3282 2776 3367; x_wconf 87' lang='grc' dir='ltr'>πολυχρόου</span> <span class='ocrx_word' id='word_1_432' title='bbox 2833 3281 2924 3337; x_wconf 85' lang='grc' dir='ltr'>καὶ</span> <span class='ocrx_word' id='word_1_433' title='bbox 2980 3281 3150 3358; x_wconf 75' lang='grc' dir='ltr'>τέχνῃ</span> <span class='ocrx_word' id='word_1_434' title='bbox 3207 3283 3406 3362; x_wconf 83' lang='grc' dir='ltr'>χειρῶν</span> <span class='ocrx_word' id='word_1_435' title='bbox 3449 3278 3716 3367; x_wconf 71' lang='grc' dir='ltr'>θαυμασία</span> <span class='ocrx_word' id='word_1_436' title='bbox 3747 3279 3852 3367; x_wconf 62' lang='grc' dir='ltr'>ὅσα</span> 
     </span>
    </p>
   </div>
   <div class='ocr_carea' id='block_1_56' title="bbox 443 3370 2092 3441">
    <p class='ocr_par' dir='ltr' id='par_1_56' title="bbox 443 3370 2092 3441">
     <span class='ocr_line' id='line_1_56' title="bbox 443 3370 2092 3441; baseline 0.001 -15"><span class='ocrx_word' id='word_1_437' title='bbox 443 3371 779 3441; x_wconf 85' lang='lat' dir='ltr'><strong>Ecbatanis,</strong></span> <span class='ocrx_word' id='word_1_438' title='bbox 811 3370 1181 3427; x_wconf 66' lang='lat' dir='ltr'><strong>exaedificavit</strong></span> <span class='ocrx_word' id='word_1_439' title='bbox 1213 3374 1271 3427; x_wconf 89' lang='lat' dir='ltr'>et</span> <span class='ocrx_word' id='word_1_440' title='bbox 1299 3372 1616 3429; x_wconf 84' lang='lat' dir='ltr'><strong>exornavit.</strong></span> <span class='ocrx_word' id='word_1_441' title='bbox 1649 3372 1794 3428; x_wconf 88' lang='lat' dir='ltr'><strong>Nam</strong></span> <span class='ocrx_word' id='word_1_442' title='bbox 1849 3377 1904 3428; x_wconf 90' lang='lat' dir='ltr'>et</span> <span class='ocrx_word' id='word_1_443' title='bbox 1957 3389 2092 3429; x_wconf 89' lang='lat' dir='ltr'>cum</span> 
     </span>
    </p>
   </div>
   <div class='ocr_carea' id='block_1_57' title="bbox 441 3459 2092 3533">
    <p class='ocr_par' dir='ltr' id='par_1_57' title="bbox 441 3459 2092 3533">
     <span class='ocr_line' id='line_1_57' title="bbox 441 3459 2092 3533; baseline 0.002 -19"><span class='ocrx_word' id='word_1_444' title='bbox 441 3463 676 3532; x_wconf 88' lang='lat' dir='ltr'><strong>tempus</strong></span> <span class='ocrx_word' id='word_1_445' title='bbox 710 3459 1064 3530; x_wconf 87' lang='lat' dir='ltr'><strong>postulabat,</strong></span> <span class='ocrx_word' id='word_1_446' title='bbox 1110 3461 1578 3533; x_wconf 88' lang='lat' dir='ltr'><strong>patientissimus</strong></span> <span class='ocrx_word' id='word_1_447' title='bbox 1625 3466 1750 3518; x_wconf 90' lang='lat' dir='ltr'><strong>erat</strong></span> <span class='ocrx_word' id='word_1_448' title='bbox 1802 3461 2092 3531; x_wconf 87' lang='lat' dir='ltr'><strong>laborum,</strong></span> 
     </span>
    </p>
   </div>
   <div class='ocr_carea' id='block_1_58' title="bbox 443 3549 2091 3621">
    <p class='ocr_par' dir='ltr' id='par_1_58' title="bbox 443 3549 2091 3621">
     <span class='ocr_line' id='line_1_58' title="bbox 443 3549 2091 3621; baseline 0.002 -18"><span class='ocrx_word' id='word_1_449' title='bbox 443 3549 1343 3621; x_wconf 69' lang='grc' dir='ltr'>Γιιὶεοιιὶε,εεειυε,ἱιιεοωηίιε;ει</span> <span class='ocrx_word' id='word_1_450' title='bbox 1364 3565 1498 3606; x_wconf 88' lang='lat' dir='ltr'>eum</span> <span class='ocrx_word' id='word_1_451' title='bbox 1551 3567 1586 3604; x_wconf 91' lang='lat' dir='ltr'>a</span> <span class='ocrx_word' id='word_1_452' title='bbox 1632 3549 1800 3606; x_wconf 83' lang='lat' dir='ltr'><strong>bellis</strong></span> <span class='ocrx_word' id='word_1_453' title='bbox 1833 3552 2091 3621; x_wconf 88' lang='lat' dir='ltr'><strong>vacabat,</strong></span> 
     </span>
    </p>
   </div>
   <div class='ocr_carea' id='block_1_59' title="bbox 434 3637 2092 3713">
    <p class='ocr_par' dir='ltr' id='par_1_59' title="bbox 434 3637 2092 3713">
     <span class='ocr_line' id='line_1_59' title="bbox 434 3637 2092 3713; baseline 0.001 -19"><span class='ocrx_word' id='word_1_454' title='bbox 434 3638 888 3710; x_wconf 83' lang='lat' dir='ltr'><strong>jucunditatise</strong></span> <span class='ocrx_word' id='word_1_455' title='bbox 947 3637 1124 3694; x_wconf 86' lang='lat' dir='ltr'><strong>dabat</strong></span> <span class='ocrx_word' id='word_1_456' title='bbox 1182 3643 1238 3694; x_wconf 91' lang='lat' dir='ltr'>et</span> <span class='ocrx_word' id='word_1_457' title='bbox 1294 3639 1465 3712; x_wconf 85' lang='lat' dir='ltr'><strong>genio</strong></span> <span class='ocrx_word' id='word_1_458' title='bbox 1531 3639 1894 3713; x_wconf 78' lang='lat' dir='ltr'><strong>indulgebat.</strong></span> <span class='ocrx_word' id='word_1_459' title='bbox 1939 3641 2012 3696; x_wconf 89' lang='lat' dir='ltr'><strong>Ac</strong></span> <span class='ocrx_word' id='word_1_460' title='bbox 2043 3639 2092 3696; x_wconf 89' lang='lat' dir='ltr'>si</span> 
     </span>
    </p>
   </div>
   <div class='ocr_carea' id='block_1_60' title="bbox 445 3727 2094 3802">
    <p class='ocr_par' dir='ltr' id='par_1_60' title="bbox 445 3727 2094 3802">
     <span class='ocr_line' id='line_1_60' title="bbox 445 3727 2094 3802; baseline 0.002 -19"><span class='ocrx_word' id='word_1_461' title='bbox 445 3727 576 3799; x_wconf 87' lang='lat' dir='ltr'><strong>quis</strong></span> <span class='ocrx_word' id='word_1_462' title='bbox 621 3728 948 3784; x_wconf 85' lang='lat' dir='ltr'><strong>accuratius</strong></span> <span class='ocrx_word' id='word_1_463' title='bbox 1005 3728 1371 3785; x_wconf 87' lang='lat' dir='ltr'><strong>observasset</strong></span> <span class='ocrx_word' id='word_1_464' title='bbox 1420 3733 1776 3802; x_wconf 88' lang='lat' dir='ltr'><strong>quantopere</strong></span> <span class='ocrx_word' id='word_1_465' title='bbox 1841 3729 2094 3786; x_wconf 87' lang='lat' dir='ltr'><strong>lautitiis</strong></span> 
     </span>
    </p>
   </div>
   <div class='ocr_carea' id='block_1_61' title="bbox 441 3815 2090 3899">
    <p class='ocr_par' dir='ltr' id='par_1_61' title="bbox 441 3815 2090 3899">
     <span class='ocr_line' id='line_1_61' title="bbox 441 3815 2090 3899; baseline 0.001 -27"><span class='ocrx_word' id='word_1_466' title='bbox 441 3815 704 3872; x_wconf 88' lang='lat' dir='ltr'><strong>ciborum</strong></span> <span class='ocrx_word' id='word_1_467' title='bbox 735 3820 795 3872; x_wconf 88' lang='lat' dir='ltr'>et</span> <span class='ocrx_word' id='word_1_468' title='bbox 824 3815 1224 3889; x_wconf 82' lang='lat' dir='ltr'><strong>lyra,cithara,</strong></span> <span class='ocrx_word' id='word_1_469' title='bbox 1257 3815 1627 3890; x_wconf 83' lang='lat' dir='ltr'><strong>symphoniis</strong></span> <span class='ocrx_word' id='word_1_470' title='bbox 1673 3817 2090 3899; x_wconf 65' lang='lat' dir='ltr'><strong>delectaretur,</strong></span> 
     </span>
    </p>
   </div>
   <div class='ocr_carea' id='block_1_62' title="bbox 443 3905 2091 3980">
    <p class='ocr_par' dir='ltr' id='par_1_62' title="bbox 443 3905 2091 3980">
     <span class='ocr_line' id='line_1_62' title="bbox 443 3905 2091 3980; baseline 0 -18"><span class='ocrx_word' id='word_1_471' title='bbox 443 3921 578 3962; x_wconf 89' lang='lat' dir='ltr'>eum</span> <span class='ocrx_word' id='word_1_472' title='bbox 609 3905 667 3962; x_wconf 88' lang='lat' dir='ltr'>in</span> <span class='ocrx_word' id='word_1_473' title='bbox 701 3905 772 3962; x_wconf 91' lang='lat' dir='ltr'>iis</span> <span class='ocrx_word' id='word_1_474' title='bbox 829 3905 972 3962; x_wconf 89' lang='lat' dir='ltr'><strong>solis</strong></span> <span class='ocrx_word' id='word_1_475' title='bbox 1023 3910 1251 3962; x_wconf 76' lang='lat' dir='ltr'><strong>aetatem</strong></span> <span class='ocrx_word' id='word_1_476' title='bbox 1314 3907 1577 3979; x_wconf 81' lang='lat' dir='ltr'><strong>exegisse</strong></span> <span class='ocrx_word' id='word_1_477' title='bbox 1632 3912 1689 3964; x_wconf 88' lang='lat' dir='ltr'>et</span> <span class='ocrx_word' id='word_1_478' title='bbox 1731 3907 2091 3980; x_wconf 86' lang='lat' dir='ltr'><strong>voluptatem</strong></span> 
     </span>
    </p>
   </div>
   <div class='ocr_carea' id='block_1_63' title="bbox 443 3994 2091 4066">
    <p class='ocr_par' dir='ltr' id='par_1_63' title="bbox 443 3994 2091 4066">
     <span class='ocr_line' id='line_1_63' title="bbox 443 3994 2091 4066; baseline 0.002 -16"><span class='ocrx_word' id='word_1_479' title='bbox 443 4010 744 4050; x_wconf 84' lang='lat' dir='ltr'><strong>summum</strong></span> <span class='ocrx_word' id='word_1_480' title='bbox 761 3994 980 4050; x_wconf 90' lang='lat' dir='ltr'><strong>bonum</strong></span> <span class='ocrx_word' id='word_1_481' title='bbox 1003 3995 1742 4066; x_wconf 83' lang='lat' dir='ltr'><strong>statuissejudicasset.Sin</strong></span> <span class='ocrx_word' id='word_1_482' title='bbox 1761 3997 2091 4053; x_wconf 85' lang='lat' dir='ltr'><strong>duristem-</strong></span> 
     </span>
    </p>
   </div>
   <div class='ocr_carea' id='block_1_64' title="bbox 439 4081 2090 4159">
    <p class='ocr_par' dir='ltr' id='par_1_64' title="bbox 439 4081 2090 4159">
     <span class='ocr_line' id='line_1_64' title="bbox 439 4081 2090 4159; baseline 0.004 -23"><span class='ocrx_word' id='word_1_483' title='bbox 439 4081 682 4153; x_wconf 88' lang='lat' dir='ltr'><strong>poribus</strong></span> <span class='ocrx_word' id='word_1_484' title='bbox 699 4099 934 4138; x_wconf 89' lang='lat' dir='ltr'><strong>omnem</strong></span> <span class='ocrx_word' id='word_1_485' title='bbox 954 4083 1390 4153; x_wconf 87' lang='lat' dir='ltr'><strong>jucunditatem</strong></span> <span class='ocrx_word' id='word_1_486' title='bbox 1413 4085 1709 4157; x_wconf 89' lang='lat' dir='ltr'><strong>despicere</strong></span> <span class='ocrx_word' id='word_1_487' title='bbox 1729 4091 1786 4142; x_wconf 92' lang='lat' dir='ltr'>et</span> <span class='ocrx_word' id='word_1_488' title='bbox 1825 4087 2090 4159; x_wconf 86' lang='lat' dir='ltr'><strong>volupta-</strong></span> 
     </span>
    </p>
   </div>
   <div class='ocr_carea' id='block_1_65' title="bbox 443 4171 2093 4248">
    <p class='ocr_par' dir='ltr' id='par_1_65' title="bbox 443 4171 2093 4248">
     <span class='ocr_line' id='line_1_65' title="bbox 443 4171 2093 4248; baseline 0.004 -22"><span class='ocrx_word' id='word_1_489' title='bbox 443 4177 560 4226; x_wconf 88' lang='lat' dir='ltr'>tem</span> <span class='ocrx_word' id='word_1_490' title='bbox 585 4171 644 4226; x_wconf 91' lang='lat' dir='ltr'>in</span> <span class='ocrx_word' id='word_1_491' title='bbox 666 4171 807 4228; x_wconf 88' lang='lat' dir='ltr'><strong>vitio</strong></span> <span class='ocrx_word' id='word_1_492' title='bbox 831 4187 1044 4244; x_wconf 90' lang='lat' dir='ltr'><strong>ponere</strong></span> <span class='ocrx_word' id='word_1_493' title='bbox 1059 4172 1320 4240; x_wconf 88' lang='lat' dir='ltr'><strong>vidisset,</strong></span> <span class='ocrx_word' id='word_1_494' title='bbox 1345 4175 1647 4247; x_wconf 89' lang='lat' dir='ltr'><strong>ingenium</strong></span> <span class='ocrx_word' id='word_1_495' title='bbox 1671 4175 1742 4230; x_wconf 92' lang='lat' dir='ltr'>ad</span> <span class='ocrx_word' id='word_1_496' title='bbox 1776 4181 2093 4248; x_wconf 89' lang='lat' dir='ltr'><strong>utrumque</strong></span> 
     </span>
    </p>
   </div>
   <div class='ocr_carea' id='block_1_66' title="bbox 439 4259 2088 4335">
    <p class='ocr_par' dir='ltr' id='par_1_66' title="bbox 439 4259 2088 4335">
     <span class='ocr_line' id='line_1_66' title="bbox 439 4259 2088 4335; baseline 0.005 -21"><span class='ocrx_word' id='word_1_497' title='bbox 439 4263 710 4331; x_wconf 88' lang='lat' dir='ltr'><strong>paratum</strong></span> <span class='ocrx_word' id='word_1_498' title='bbox 733 4259 982 4316; x_wconf 86' lang='lat' dir='ltr'><strong>miratus</strong></span> <span class='ocrx_word' id='word_1_499' title='bbox 999 4265 1170 4317; x_wconf 88' lang='lat' dir='ltr'><strong>esset.</strong></span> <span class='ocrx_word' id='word_1_500' title='bbox 1195 4261 1499 4335; x_wconf 89' lang='lat' dir='ltr'><strong>Templum</strong></span> <span class='ocrx_word' id='word_1_501' title='bbox 1529 4263 1738 4320; x_wconf 67' lang='lat' dir='ltr'><strong>divinae</strong></span> <span class='ocrx_word' id='word_1_502' title='bbox 1765 4269 1940 4322; x_wconf 66' lang='lat' dir='ltr'><strong>[rente</strong></span> <span class='ocrx_word' id='word_1_503' title='bbox 1957 4284 2088 4322; x_wconf 82' lang='lat' dir='ltr'><strong>ma-</strong></span> 
     </span>
    </p>
   </div>
   <div class='ocr_carea' id='block_1_67' title="bbox 436 4348 2088 4426">
    <p class='ocr_par' dir='ltr' id='par_1_67' title="bbox 436 4348 2088 4426">
     <span class='ocr_line' id='line_1_67' title="bbox 436 4348 2088 4426; baseline 0.005 -22"><span class='ocrx_word' id='word_1_504' title='bbox 436 4349 660 4404; x_wconf 85' lang='lat' dir='ltr'><strong>ximum</strong></span> <span class='ocrx_word' id='word_1_505' title='bbox 687 4353 745 4405; x_wconf 90' lang='lat' dir='ltr'>et</span> <span class='ocrx_word' id='word_1_506' title='bbox 767 4348 1226 4422; x_wconf 88' lang='lat' dir='ltr'><strong>pulcherrimum</strong></span> <span class='ocrx_word' id='word_1_507' title='bbox 1250 4353 1404 4408; x_wconf 74' lang='lat'>270</span> <span class='ocrx_word' id='word_1_508' title='bbox 1427 4371 1460 4408; x_wconf 89' lang='lat' dir='ltr'>a</span> <span class='ocrx_word' id='word_1_509' title='bbox 1496 4352 1790 4410; x_wconf 88' lang='lat' dir='ltr'><strong>Marciano</strong></span> <span class='ocrx_word' id='word_1_510' title='bbox 1836 4355 2088 4426; x_wconf 88' lang='lat' dir='ltr'><strong>impera-</strong></span> 
     </span>
    </p>
   </div>
   <div class='ocr_carea' id='block_1_68' title="bbox 439 4437 2091 4513">
    <p class='ocr_par' dir='ltr' id='par_1_68' title="bbox 439 4437 2091 4513">
     <span class='ocr_line' id='line_1_68' title="bbox 439 4437 2091 4513; baseline 0.004 -19"><span class='ocrx_word' id='word_1_511' title='bbox 439 4443 564 4495; x_wconf 91' lang='lat' dir='ltr'><strong>tore</strong></span> <span class='ocrx_word' id='word_1_512' title='bbox 594 4437 897 4495; x_wconf 88' lang='lat' dir='ltr'><strong>conditum</strong></span> <span class='ocrx_word' id='word_1_513' title='bbox 931 4443 989 4494; x_wconf 89' lang='lat' dir='ltr'>et</span> <span class='ocrx_word' id='word_1_514' title='bbox 1017 4438 1288 4497; x_wconf 89' lang='lat' dir='ltr'><strong>incendio</strong></span> <span class='ocrx_word' id='word_1_515' title='bbox 1337 4441 1714 4513; x_wconf 80' lang='lat' dir='ltr'><strong>absumptum</strong></span> <span class='ocrx_word' id='word_1_516' title='bbox 1761 4441 2091 4500; x_wconf 88' lang='lat' dir='ltr'><strong>instaurare</strong></span> 
     </span>
    </p>
   </div>
   <div class='ocr_carea' id='block_1_69' title="bbox 441 4531 2088 4602">
    <p class='ocr_par' dir='ltr' id='par_1_69' title="bbox 441 4531 2088 4602">
     <span class='ocr_line' id='line_1_69' title="bbox 441 4531 2088 4602; baseline 0.004 -18"><span class='ocrx_word' id='word_1_517' title='bbox 441 4543 778 4602; x_wconf 86' lang='lat' dir='ltr'><strong>aggressus,</strong></span> <span class='ocrx_word' id='word_1_518' title='bbox 805 4546 940 4586; x_wconf 88' lang='lat' dir='ltr'>cum</span> <span class='ocrx_word' id='word_1_519' title='bbox 973 4535 1168 4602; x_wconf 88' lang='lat' dir='ltr'><strong>partes</strong></span> <span class='ocrx_word' id='word_1_520' title='bbox 1216 4531 1502 4601; x_wconf 87' lang='lat' dir='ltr'><strong>quasdam</strong></span> <span class='ocrx_word' id='word_1_521' title='bbox 1560 4547 1625 4586; x_wconf 84' lang='lat' dir='ltr'><strong>ex</strong></span> <span class='ocrx_word' id='word_1_522' title='bbox 1691 4531 2088 4592; x_wconf 75' lang='lat' dir='ltr'><strong>fundamentis</strong></span> 
     </span>
    </p>
   </div>
   <div class='ocr_carea' id='block_1_70' title="bbox 438 4619 2084 4690">
    <p class='ocr_par' dir='ltr' id='par_1_70' title="bbox 438 4619 2084 4690">
     <span class='ocr_line' id='line_1_70' title="bbox 438 4619 2084 4690; baseline 0.004 -16"><span class='ocrx_word' id='word_1_523' title='bbox 438 4620 842 4690; x_wconf 81' lang='lat' dir='ltr'><strong>exstruxisset,</strong></span> <span class='ocrx_word' id='word_1_524' title='bbox 896 4619 1160 4688; x_wconf 88' lang='lat' dir='ltr'><strong>destitit;</strong></span> <span class='ocrx_word' id='word_1_525' title='bbox 1209 4629 1265 4675; x_wconf 82' lang='lat' dir='ltr'>et</span> <span class='ocrx_word' id='word_1_526' title='bbox 1317 4620 1740 4677; x_wconf 83' lang='lat' dir='ltr'><strong>monasterium</strong></span> <span class='ocrx_word' id='word_1_527' title='bbox 1801 4621 1860 4677; x_wconf 92' lang='lat' dir='ltr'>in</span> <span class='ocrx_word' id='word_1_528' title='bbox 1919 4623 2084 4680; x_wconf 88' lang='lat' dir='ltr'><strong>Ponti</strong></span> 
     </span>
    </p>
   </div>
   <div class='ocr_carea' id='block_1_71' title="bbox 441 4707 2086 4781">
    <p class='ocr_par' dir='ltr' id='par_1_71' title="bbox 441 4707 2086 4781">
     <span class='ocr_line' id='line_1_71' title="bbox 441 4707 2086 4781; baseline 0.005 -19"><span class='ocrx_word' id='word_1_529' title='bbox 441 4708 732 4778; x_wconf 80' lang='lat' dir='ltr'><strong>faucibus,</strong></span> <span class='ocrx_word' id='word_1_530' title='bbox 763 4707 890 4764; x_wconf 86' lang='lat' dir='ltr'><strong>loco</strong></span> <span class='ocrx_word' id='word_1_531' title='bbox 929 4710 1030 4780; x_wconf 92' lang='lat' dir='ltr'>qui</span> <span class='ocrx_word' id='word_1_532' title='bbox 1085 4709 1400 4781; x_wconf 85' lang='lat' dir='ltr'><strong>Catascepe</strong></span> <span class='ocrx_word' id='word_1_533' title='bbox 1459 4710 1694 4780; x_wconf 86' lang='lat' dir='ltr'><strong>dicitur,</strong></span> <span class='ocrx_word' id='word_1_534' title='bbox 1753 4712 2086 4770; x_wconf 87' lang='lat' dir='ltr'><strong>archidueis</strong></span> 
     </span>
    </p>
   </div>
   <div class='ocr_carea' id='block_1_72' title="bbox 437 4797 2084 4872">
    <p class='ocr_par' dir='ltr' id='par_1_72' title="bbox 437 4797 2084 4872">
     <span class='ocr_line' id='line_1_72' title="bbox 437 4797 2084 4872; baseline 0.005 -20"><span class='ocrx_word' id='word_1_535' title='bbox 437 4797 737 4852; x_wconf 83' lang='lat' dir='ltr'><strong>Michaelis</strong></span> <span class='ocrx_word' id='word_1_536' title='bbox 770 4797 1006 4855; x_wconf 86' lang='lat' dir='ltr'><strong>nomine</strong></span> <span class='ocrx_word' id='word_1_537' title='bbox 1034 4800 1362 4870; x_wconf 87' lang='lat' dir='ltr'><strong>exstruxit;</strong></span> <span class='ocrx_word' id='word_1_538' title='bbox 1409 4799 1468 4855; x_wconf 89' lang='lat' dir='ltr'>in</span> <span class='ocrx_word' id='word_1_539' title='bbox 1511 4817 1626 4872; x_wconf 92' lang='lat' dir='ltr'>quo</span> <span class='ocrx_word' id='word_1_540' title='bbox 1677 4801 2084 4860; x_wconf 87' lang='lat' dir='ltr'><strong>celeberrimos</strong></span> 
     </span>
    </p>
   </div>
   <div class='ocr_carea' id='block_1_73' title="bbox 441 4888 2082 4957">
    <p class='ocr_par' dir='ltr' id='par_1_73' title="bbox 441 4888 2082 4957">
     <span class='ocr_line' id='line_1_73' title="bbox 441 4888 2082 4957; baseline 0.007 -20"><span class='ocrx_word' id='word_1_541' title='bbox 441 4900 701 4954; x_wconf 80' lang='lat' dir='ltr'><strong>quosque</strong></span> <span class='ocrx_word' id='word_1_542' title='bbox 731 4889 786 4939; x_wconf 87' lang='lat' dir='ltr'>et</span> <span class='ocrx_word' id='word_1_543' title='bbox 819 4888 1336 4955; x_wconf 56' lang='lat' dir='ltr'><strong>praestantissimos</strong></span> <span class='ocrx_word' id='word_1_544' title='bbox 1395 4889 1712 4946; x_wconf 85' lang='lat' dir='ltr'><strong>monachos</strong></span> <span class='ocrx_word' id='word_1_545' title='bbox 1760 4890 2082 4957; x_wconf 86' lang='lat' dir='ltr'><strong>collocavit,</strong></span> 
     </span>
    </p>
   </div>
   <div class='ocr_carea' id='block_1_74' title="bbox 440 4973 2084 5050">
    <p class='ocr_par' dir='ltr' id='par_1_74' title="bbox 440 4973 2084 5050">
     <span class='ocr_line' id='line_1_74' title="bbox 440 4973 2084 5050; baseline 0.007 -24"><span class='ocrx_word' id='word_1_546' title='bbox 440 4988 504 5027; x_wconf 91' lang='lat' dir='ltr'>ea</span> <span class='ocrx_word' id='word_1_547' title='bbox 537 4973 761 5027; x_wconf 89' lang='lat' dir='ltr'><strong>ratione</strong></span> <span class='ocrx_word' id='word_1_548' title='bbox 806 4977 870 5027; x_wconf 89' lang='lat' dir='ltr'>ut</span> <span class='ocrx_word' id='word_1_549' title='bbox 925 4975 1249 5033; x_wconf 86' lang='lat' dir='ltr'><strong>solitariam</strong></span> <span class='ocrx_word' id='word_1_550' title='bbox 1307 4982 1364 5034; x_wconf 89' lang='lat' dir='ltr'>et</span> <span class='ocrx_word' id='word_1_551' title='bbox 1419 4979 1675 5050; x_wconf 88' lang='lat' dir='ltr'><strong>quietam</strong></span> <span class='ocrx_word' id='word_1_552' title='bbox 1728 4980 1902 5035; x_wconf 82' lang='lat' dir='ltr'><strong>vitam</strong></span> <span class='ocrx_word' id='word_1_553' title='bbox 1957 4981 2084 5038; x_wconf 88' lang='lat' dir='ltr'><strong>sine</strong></span> 
     </span>
    </p>
   </div>
   <div class='ocr_carea' id='block_1_75' title="bbox 441 5059 2084 5138">
    <p class='ocr_par' dir='ltr' id='par_1_75' title="bbox 441 5059 2084 5138">
     <span class='ocr_line' id='line_1_75' title="bbox 441 5059 2084 5138; baseline 0.007 -24"><span class='ocrx_word' id='word_1_554' title='bbox 441 5059 559 5114; x_wconf 86' lang='lat' dir='ltr'><strong>ulla</strong></span> <span class='ocrx_word' id='word_1_555' title='bbox 590 5059 981 5118; x_wconf 83' lang='lat' dir='ltr'><strong>sollicitudine</strong></span> <span class='ocrx_word' id='word_1_556' title='bbox 1013 5071 1248 5135; x_wconf 86' lang='lat' dir='ltr'><strong>possent</strong></span> <span class='ocrx_word' id='word_1_557' title='bbox 1279 5067 1506 5138; x_wconf 82' lang='lat' dir='ltr'><strong>degere.</strong></span> <span class='ocrx_word' id='word_1_558' title='bbox 1567 5068 1713 5124; x_wconf 88' lang='lat' dir='ltr'><strong>Cum</strong></span> <span class='ocrx_word' id='word_1_559' title='bbox 1767 5067 1924 5124; x_wconf 84' lang='lat' dir='ltr'><strong>enim</strong></span> <span class='ocrx_word' id='word_1_560' title='bbox 1961 5086 2084 5125; x_wconf 89' lang='lat' dir='ltr'><strong>mo-</strong></span> 
     </span>
    </p>
   </div>
   <div class='ocr_carea' id='block_1_76' title="bbox 433 5147 2086 5228">
    <p class='ocr_par' dir='ltr' id='par_1_76' title="bbox 433 5147 2086 5228">
     <span class='ocr_line' id='line_1_76' title="bbox 433 5147 2086 5228; baseline 0.008 -25"><span class='ocrx_word' id='word_1_561' title='bbox 433 5147 654 5204; x_wconf 89' lang='lat' dir='ltr'><strong>nachos</strong></span> <span class='ocrx_word' id='word_1_562' title='bbox 712 5151 1177 5222; x_wconf 83' lang='lat' dir='ltr'><strong>possessionibus</strong></span> <span class='ocrx_word' id='word_1_563' title='bbox 1235 5157 1293 5210; x_wconf 89' lang='lat' dir='ltr'>et</span> <span class='ocrx_word' id='word_1_564' title='bbox 1353 5156 1600 5228; x_wconf 83' lang='lat' dir='ltr'><strong>negotiis</strong></span> <span class='ocrx_word' id='word_1_565' title='bbox 1687 5157 1952 5214; x_wconf 87' lang='lat' dir='ltr'><strong>turbatos</strong></span> <span class='ocrx_word' id='word_1_566' title='bbox 2028 5163 2086 5216; x_wconf 87' lang='lat' dir='ltr'>et</span> 
     </span>
    </p>
   </div>
   <div class='ocr_carea' id='block_1_77' title="bbox 433 5236 2084 5307">
    <p class='ocr_par' dir='ltr' id='par_1_77' title="bbox 433 5236 2084 5307">
     <span class='ocr_line' id='line_1_77' title="bbox 433 5236 2084 5307; baseline 0.005 -15"><span class='ocrx_word' id='word_1_567' title='bbox 433 5236 860 5307; x_wconf 87' lang='lat' dir='ltr'><strong>tranquillitate</strong></span> <span class='ocrx_word' id='word_1_568' title='bbox 891 5239 1072 5295; x_wconf 86' lang='lat' dir='ltr'><strong>animi</strong></span> <span class='ocrx_word' id='word_1_569' title='bbox 1133 5245 1190 5296; x_wconf 90' lang='lat' dir='ltr'>et</span> <span class='ocrx_word' id='word_1_570' title='bbox 1246 5242 1349 5298; x_wconf 90' lang='lat' dir='ltr'><strong>Dei</strong></span> <span class='ocrx_word' id='word_1_571' title='bbox 1391 5243 1554 5300; x_wconf 87' lang='lat' dir='ltr'><strong>cultu</strong></span> <span class='ocrx_word' id='word_1_572' title='bbox 1613 5244 1876 5301; x_wconf 86' lang='lat' dir='ltr'><strong>excidere</strong></span> <span class='ocrx_word' id='word_1_573' title='bbox 1919 5245 2084 5304; x_wconf 88' lang='lat' dir='ltr'><strong>intel-</strong></span> 
     </span>
    </p>
   </div>
   <div class='ocr_carea' id='block_1_78' title="bbox 435 5323 2083 5406">
    <p class='ocr_par' dir='ltr' id='par_1_78' title="bbox 435 5323 2083 5406">
     <span class='ocr_line' id='line_1_78' title="bbox 435 5323 2083 5406; baseline 0.007 -26"><span class='ocrx_word' id='word_1_574' title='bbox 435 5323 662 5396; x_wconf 86' lang='lat' dir='ltr'><strong>ligeret,</strong></span> <span class='ocrx_word' id='word_1_575' title='bbox 720 5324 913 5382; x_wconf 84' lang='lat' dir='ltr'><strong>nullae</strong></span> <span class='ocrx_word' id='word_1_576' title='bbox 970 5328 1054 5383; x_wconf 91' lang='lat' dir='ltr'>eis</span> <span class='ocrx_word' id='word_1_577' title='bbox 1111 5331 1332 5400; x_wconf 89' lang='lat' dir='ltr'><strong>vineas,</strong></span> <span class='ocrx_word' id='word_1_578' title='bbox 1391 5333 1585 5390; x_wconf 88' lang='lat' dir='ltr'><strong>nullos</strong></span> <span class='ocrx_word' id='word_1_579' title='bbox 1637 5351 1829 5406; x_wconf 85' lang='lat' dir='ltr'><strong>agros,</strong></span> <span class='ocrx_word' id='word_1_580' title='bbox 1890 5335 2083 5392; x_wconf 88' lang='lat' dir='ltr'><strong>nullas</strong></span> 
     </span>
    </p>
   </div>
   <div class='ocr_carea' id='block_1_79' title="bbox 437 5415 2081 5496">
    <p class='ocr_par' dir='ltr' id='par_1_79' title="bbox 437 5415 2081 5496">
     <span class='ocr_line' id='line_1_79' title="bbox 437 5415 2081 5496; baseline 0.008 -28"><span class='ocrx_word' id='word_1_581' title='bbox 437 5415 859 5486; x_wconf 88' lang='lat' dir='ltr'><strong>possessiones,</strong></span> <span class='ocrx_word' id='word_1_582' title='bbox 895 5431 1038 5487; x_wconf 88' lang='lat' dir='ltr'><strong>quas</strong></span> <span class='ocrx_word' id='word_1_583' title='bbox 1070 5434 1174 5474; x_wconf 79' lang='lat' dir='ltr'>nec</span> <span class='ocrx_word' id='word_1_584' title='bbox 1204 5435 1405 5476; x_wconf 87' lang='lat' dir='ltr'><strong>eorum</strong></span> <span class='ocrx_word' id='word_1_585' title='bbox 1466 5423 1748 5493; x_wconf 79' lang='lat' dir='ltr'><strong>professio</strong></span> <span class='ocrx_word' id='word_1_586' title='bbox 1806 5425 2081 5496; x_wconf 85' lang='lat' dir='ltr'><strong>admittit,</strong></span> 
     </span>
    </p>
   </div>
   <div class='ocr_carea' id='block_1_80' title="bbox 435 5501 2082 5586">
    <p class='ocr_par' dir='ltr' id='par_1_80' title="bbox 435 5501 2082 5586">
     <span class='ocr_line' id='line_1_80' title="bbox 435 5501 2082 5586; baseline 0.008 -29"><span class='ocrx_word' id='word_1_587' title='bbox 435 5501 772 5576; x_wconf 87' lang='lat' dir='ltr'><strong>assignavit,</strong></span> <span class='ocrx_word' id='word_1_588' title='bbox 802 5505 902 5559; x_wconf 90' lang='lat' dir='ltr'>sed</span> <span class='ocrx_word' id='word_1_589' title='bbox 927 5521 996 5560; x_wconf 81' lang='lat' dir='ltr'><strong>ex</strong></span> <span class='ocrx_word' id='word_1_590' title='bbox 1027 5506 1168 5563; x_wconf 80' lang='lat' dir='ltr'><strong>fisco</strong></span> <span class='ocrx_word' id='word_1_591' title='bbox 1198 5513 1424 5564; x_wconf 86' lang='lat' dir='ltr'><strong>tantum</strong></span> <span class='ocrx_word' id='word_1_592' title='bbox 1459 5512 1633 5582; x_wconf 87' lang='lat' dir='ltr'><strong>pendi</strong></span> <span class='ocrx_word' id='word_1_593' title='bbox 1677 5513 1858 5582; x_wconf 88' lang='lat' dir='ltr'><strong>jussit</strong></span> <span class='ocrx_word' id='word_1_594' title='bbox 1903 5531 2082 5586; x_wconf 88' lang='lat' dir='ltr'><strong>quan-</strong></span> 
     </span>
    </p>
   </div>
   <div class='ocr_carea' id='block_1_81' title="bbox 425 5593 2084 5670">
    <p class='ocr_par' dir='ltr' id='par_1_81' title="bbox 425 5593 2084 5670">
     <span class='ocr_line' id='line_1_81' title="bbox 425 5593 2084 5670; baseline 0.007 -22"><span class='ocrx_word' id='word_1_595' title='bbox 425 5595 553 5650; x_wconf 88' lang='lat' dir='ltr'>tum</span> <span class='ocrx_word' id='word_1_596' title='bbox 584 5593 652 5649; x_wconf 89' lang='lat' dir='ltr'>ad</span> <span class='ocrx_word' id='word_1_597' title='bbox 688 5593 904 5649; x_wconf 86' lang='lat' dir='ltr'><strong>victum</strong></span> <span class='ocrx_word' id='word_1_598' title='bbox 935 5598 992 5649; x_wconf 89' lang='lat' dir='ltr'>et</span> <span class='ocrx_word' id='word_1_599' title='bbox 1018 5594 1241 5652; x_wconf 88' lang='lat' dir='ltr'><strong>cultum</strong></span> <span class='ocrx_word' id='word_1_600' title='bbox 1293 5614 1442 5670; x_wconf 87' lang='lat' dir='ltr'><strong>opus</strong></span> <span class='ocrx_word' id='word_1_601' title='bbox 1491 5605 1664 5656; x_wconf 89' lang='lat' dir='ltr'><strong>esset.</strong></span> <span class='ocrx_word' id='word_1_602' title='bbox 1716 5603 1961 5659; x_wconf 84' lang='lat' dir='ltr'><strong>Videtur</strong></span> <span class='ocrx_word' id='word_1_603' title='bbox 1992 5602 2084 5658; x_wconf 88' lang='lat' dir='ltr'><strong>ni-</strong></span> 
     </span>
    </p>
   </div>
   <div class='ocr_carea' id='block_1_82' title="bbox 433 5682 2083 5760">
    <p class='ocr_par' dir='ltr' id='par_1_82' title="bbox 433 5682 2083 5760">
     <span class='ocr_line' id='line_1_82' title="bbox 433 5682 2083 5760; baseline 0.004 -18"><span class='ocrx_word' id='word_1_604' title='bbox 433 5682 645 5742; x_wconf 84' lang='lat' dir='ltr'><strong>mirum</strong></span> <span class='ocrx_word' id='word_1_605' title='bbox 671 5682 1036 5742; x_wconf 82' lang='lat' dir='ltr'><strong>immodicam</strong></span> <span class='ocrx_word' id='word_1_606' title='bbox 1063 5685 1440 5760; x_wconf 88' lang='lat' dir='ltr'><strong>cupiditatem</strong></span> <span class='ocrx_word' id='word_1_607' title='bbox 1455 5689 2083 5748; x_wconf 83' lang='lat' dir='ltr'><strong>struendimonasteria</strong></span> 
     </span>
    </p>
   </div>
   <div class='ocr_carea' id='block_1_83' title="bbox 2205 3365 3860 3447">
    <p class='ocr_par' dir='ltr' id='par_1_83' title="bbox 2205 3365 3860 3447">
     <span class='ocr_line' id='line_1_83' title="bbox 2205 3365 3860 3447; baseline -0.002 -22"><span class='ocrx_word' id='word_1_608' title='bbox 2205 3370 2361 3432; x_wconf 84' lang='grc' dir='ltr'>οὗτος</span> <span class='ocrx_word' id='word_1_609' title='bbox 2409 3373 2545 3426; x_wconf 86' lang='grc' dir='ltr'>κατά</span> <span class='ocrx_word' id='word_1_610' title='bbox 2593 3366 2885 3447; x_wconf 73' lang='grc' dir='ltr'>Βαρϐάρων</span> <span class='ocrx_word' id='word_1_611' title='bbox 2935 3369 3230 3446; x_wconf 73' lang='grc' dir='ltr'>ἧνδρίσατο</span> <span class='ocrx_word' id='word_1_612' title='bbox 3277 3370 3314 3441; x_wconf 77' lang='grc' dir='ltr'>ἤ</span> <span class='ocrx_word' id='word_1_613' title='bbox 3359 3369 3540 3432; x_wconf 84' lang='grc' dir='ltr'>ἄλλως</span> <span class='ocrx_word' id='word_1_614' title='bbox 3581 3366 3670 3423; x_wconf 83' lang='grc' dir='ltr'>ἐπὶ</span> <span class='ocrx_word' id='word_1_615' title='bbox 3719 3365 3860 3444; x_wconf 83' lang='grc' dir='ltr'>βέλ-</span> 
     </span>
    </p>
   </div>
   <div class='ocr_carea' id='block_1_84' title="bbox 2201 3456 3857 3533">
    <p class='ocr_par' dir='ltr' id='par_1_84' title="bbox 2201 3456 3857 3533">
     <span class='ocr_line' id='line_1_84' title="bbox 2201 3456 3857 3533; baseline -0.001 -19"><span class='ocrx_word' id='word_1_616' title='bbox 2201 3479 2318 3514; x_wconf 85' lang='grc' dir='ltr'>τιον</span> <span class='ocrx_word' id='word_1_617' title='bbox 2365 3459 2660 3533; x_wconf 89' lang='grc' dir='ltr'>Ῥωμαίοις</span> <span class='ocrx_word' id='word_1_618' title='bbox 2711 3457 3066 3518; x_wconf 82' lang='grc' dir='ltr'>διεσκευάκει.</span> <span class='ocrx_word' id='word_1_619' title='bbox 3117 3457 3289 3518; x_wconf 79' lang='grc' dir='ltr'>Ἀλλὰ</span> <span class='ocrx_word' id='word_1_620' title='bbox 3337 3458 3550 3522; x_wconf 78' lang='grc' dir='ltr'>καὶτὰς</span> <span class='ocrx_word' id='word_1_621' title='bbox 3597 3456 3857 3518; x_wconf 86' lang='grc' dir='ltr'>πλείστας</span> 
     </span>
    </p>
   </div>
   <div class='ocr_carea' id='block_1_85' title="bbox 2202 3545 3853 3624">
    <p class='ocr_par' dir='ltr' id='par_1_85' title="bbox 2202 3545 3853 3624">
     <span class='ocr_line' id='line_1_85' title="bbox 2202 3545 3853 3624; baseline -0.001 -22"><span class='ocrx_word' id='word_1_622' title='bbox 2202 3553 2311 3603; x_wconf 88' lang='grc' dir='ltr'>τῶν</span> <span class='ocrx_word' id='word_1_623' title='bbox 2368 3547 2506 3604; x_wconf 84' lang='grc' dir='ltr'>κατᾶ</span> <span class='ocrx_word' id='word_1_624' title='bbox 2559 3549 2654 3604; x_wconf 87' lang='grc' dir='ltr'>τὸν</span> <span class='ocrx_word' id='word_1_625' title='bbox 2712 3549 2963 3623; x_wconf 86' lang='grc' dir='ltr'>πορθμὸν</span> <span class='ocrx_word' id='word_1_626' title='bbox 3019 3555 3118 3618; x_wconf 81' lang='grc' dir='ltr'>τῆς</span> <span class='ocrx_word' id='word_1_627' title='bbox 3177 3545 3546 3624; x_wconf 85' lang='grc' dir='ltr'>Ηροποντίδος</span> <span class='ocrx_word' id='word_1_628' title='bbox 3580 3545 3853 3620; x_wconf 83' lang='grc' dir='ltr'>λαμπρῶν</span> 
     </span>
    </p>
   </div>
   <div class='ocr_carea' id='block_1_86' title="bbox 2205 3634 3860 3714">
    <p class='ocr_par' dir='ltr' id='par_1_86' title="bbox 2205 3634 3860 3714">
     <span class='ocr_line' id='line_1_86' title="bbox 2205 3634 3860 3714; baseline -0.002 -22"><span class='ocrx_word' id='word_1_629' title='bbox 2205 3634 2561 3712; x_wconf 80' lang='grc' dir='ltr'>οἰκοδομιῶν,</span> <span class='ocrx_word' id='word_1_630' title='bbox 2612 3637 2664 3692; x_wconf 82' lang='grc' dir='ltr'>ἐν</span> <span class='ocrx_word' id='word_1_631' title='bbox 2720 3638 2811 3700; x_wconf 86' lang='grc' dir='ltr'>αῖς</span> <span class='ocrx_word' id='word_1_632' title='bbox 2873 3640 2924 3692; x_wconf 80' lang='grc' dir='ltr'>οἱ</span> <span class='ocrx_word' id='word_1_633' title='bbox 2985 3635 3230 3714; x_wconf 87' lang='grc' dir='ltr'>βασιλεῖς</span> <span class='ocrx_word' id='word_1_634' title='bbox 3272 3637 3558 3712; x_wconf 86' lang='grc' dir='ltr'>Ῥωμαίων</span> <span class='ocrx_word' id='word_1_635' title='bbox 3587 3634 3860 3710; x_wconf 74' lang='grc' dir='ltr'>θερίζουσι</span> 
     </span>
    </p>
   </div>
   <div class='ocr_carea' id='block_1_87' title="bbox 2201 3725 3860 3802">
    <p class='ocr_par' dir='ltr' id='par_1_87' title="bbox 2201 3725 3860 3802">
     <span class='ocr_line' id='line_1_87' title="bbox 2201 3725 3860 3802; baseline -0.001 -21"><span class='ocrx_word' id='word_1_636' title='bbox 2201 3727 2296 3790; x_wconf 75' lang='grc' dir='ltr'>τὰς</span> <span class='ocrx_word' id='word_1_637' title='bbox 2325 3727 2552 3802; x_wconf 85' lang='grc' dir='ltr'>εύωρίας</span> <span class='ocrx_word' id='word_1_638' title='bbox 2596 3726 3022 3801; x_wconf 85' lang='grc' dir='ltr'>μεταδιώκοντες</span> <span class='ocrx_word' id='word_1_639' title='bbox 3073 3728 3146 3788; x_wconf 88' lang='grc' dir='ltr'>ὡς</span> <span class='ocrx_word' id='word_1_640' title='bbox 3206 3728 3258 3782; x_wconf 76' lang='grc' dir='ltr'>οἱ</span> <span class='ocrx_word' id='word_1_641' title='bbox 3313 3725 3486 3784; x_wconf 88' lang='grc' dir='ltr'>πάλαι</span> <span class='ocrx_word' id='word_1_642' title='bbox 3537 3729 3860 3800; x_wconf 85' lang='grc' dir='ltr'>κρατοῦντες</span> 
     </span>
    </p>
   </div>
   <div class='ocr_carea' id='block_1_88' title="bbox 2203 3811 3857 3892">
    <p class='ocr_par' dir='ltr' id='par_1_88' title="bbox 2203 3811 3857 3892">
     <span class='ocr_line' id='line_1_88' title="bbox 2203 3811 3857 3892; baseline -0.002 -21"><span class='ocrx_word' id='word_1_643' title='bbox 2203 3821 2420 3892; x_wconf 88' lang='grc' dir='ltr'>Περσῶν</span> <span class='ocrx_word' id='word_1_644' title='bbox 2471 3817 2539 3872; x_wconf 72' lang='grc' dir='ltr'>τὰ</span> <span class='ocrx_word' id='word_1_645' title='bbox 2577 3818 2754 3872; x_wconf 87' lang='grc' dir='ltr'>Σοῦσά</span> <span class='ocrx_word' id='word_1_646' title='bbox 2799 3837 2859 3872; x_wconf 90' lang='grc' dir='ltr'>τε</span> <span class='ocrx_word' id='word_1_647' title='bbox 2904 3815 2994 3872; x_wconf 85' lang='grc' dir='ltr'>καὶ</span> <span class='ocrx_word' id='word_1_648' title='bbox 3043 3811 3364 3884; x_wconf 76' lang='grc' dir='ltr'>Ἐσϐάτανα,</span> <span class='ocrx_word' id='word_1_649' title='bbox 3408 3813 3569 3878; x_wconf 77' lang='grc' dir='ltr'>οὗτος</span> <span class='ocrx_word' id='word_1_650' title='bbox 3601 3816 3857 3890; x_wconf 77' lang='grc' dir='ltr'>ἀνήγειρε</span> 
     </span>
    </p>
   </div>
   <div class='ocr_carea' id='block_1_89' title="bbox 2201 3903 3855 3981">
    <p class='ocr_par' dir='ltr' id='par_1_89' title="bbox 2201 3903 3855 3981">
     <span class='ocr_line' id='line_1_89' title="bbox 2201 3903 3855 3981; baseline -0.002 -21"><span class='ocrx_word' id='word_1_651' title='bbox 2201 3906 2291 3961; x_wconf 75' lang='grc' dir='ltr'>καὶ</span> <span class='ocrx_word' id='word_1_652' title='bbox 2339 3906 2476 3980; x_wconf 86' lang='grc' dir='ltr'>πρὸς</span> <span class='ocrx_word' id='word_1_653' title='bbox 2530 3906 2736 3978; x_wconf 88' lang='grc' dir='ltr'>κόσμον</span> <span class='ocrx_word' id='word_1_654' title='bbox 2801 3905 3030 3981; x_wconf 79' lang='grc' dir='ltr'>ὑπεξῆρε</span> <span class='ocrx_word' id='word_1_655' title='bbox 3080 3905 3330 3963; x_wconf 79' lang='grc' dir='ltr'>πλείονα.</span> <span class='ocrx_word' id='word_1_656' title='bbox 3385 3905 3488 3962; x_wconf 86' lang='grc' dir='ltr'>Καὶ</span> <span class='ocrx_word' id='word_1_657' title='bbox 3540 3905 3679 3980; x_wconf 83' lang='grc' dir='ltr'>πρὸς</span> <span class='ocrx_word' id='word_1_658' title='bbox 3727 3903 3855 3967; x_wconf 78' lang='grc' dir='ltr'>τοὺς</span> 
     </span>
    </p>
   </div>
   <div class='ocr_carea' id='block_1_90' title="bbox 2202 3993 3860 4070">
    <p class='ocr_par' dir='ltr' id='par_1_90' title="bbox 2202 3993 3860 4070">
     <span class='ocr_line' id='line_1_90' title="bbox 2202 3993 3860 4070; baseline -0.001 -20"><span class='ocrx_word' id='word_1_659' title='bbox 2202 3996 2402 4056; x_wconf 78' lang='grc' dir='ltr'>πόνους</span> <span class='ocrx_word' id='word_1_660' title='bbox 2449 3994 2555 4070; x_wconf 79' lang='grc' dir='ltr'>γὰρ</span> <span class='ocrx_word' id='word_1_661' title='bbox 2620 3993 2840 4070; x_wconf 86' lang='grc' dir='ltr'>ἀντεῖχε</span> <span class='ocrx_word' id='word_1_662' title='bbox 2901 3995 3072 4069; x_wconf 86' lang='grc' dir='ltr'>μάλα,</span> <span class='ocrx_word' id='word_1_663' title='bbox 3123 3999 3317 4070; x_wconf 86' lang='grc' dir='ltr'>καιροῦ</span> <span class='ocrx_word' id='word_1_664' title='bbox 3379 3995 3678 4054; x_wconf 86' lang='grc' dir='ltr'>καλοῦντος</span> <span class='ocrx_word' id='word_1_665' title='bbox 3751 4014 3860 4067; x_wconf 67' lang='grc' dir='ltr'>μου</span> 
     </span>
    </p>
   </div>
   <div class='ocr_carea' id='block_1_91' title="bbox 2202 4077 3857 4163">
    <p class='ocr_par' dir='ltr' id='par_1_91' title="bbox 2202 4077 3857 4163">
     <span class='ocr_line' id='line_1_91' title="bbox 2202 4077 3857 4163; baseline -0.002 -23"><span class='ocrx_word' id='word_1_666' title='bbox 2202 4088 2380 4160; x_wconf 87' lang='grc' dir='ltr'>χθεῖν,</span> <span class='ocrx_word' id='word_1_667' title='bbox 2411 4083 2502 4140; x_wconf 83' lang='grc' dir='ltr'>καὶ</span> <span class='ocrx_word' id='word_1_668' title='bbox 2533 4087 2714 4160; x_wconf 79' lang='grc' dir='ltr'>ψῦχος</span> <span class='ocrx_word' id='word_1_669' title='bbox 2767 4077 2949 4160; x_wconf 75' lang='grc' dir='ltr'>ἕστεγε</span> <span class='ocrx_word' id='word_1_670' title='bbox 3003 4083 3093 4140; x_wconf 79' lang='grc' dir='ltr'>καὶ</span> <span class='ocrx_word' id='word_1_671' title='bbox 3145 4090 3344 4160; x_wconf 86' lang='grc' dir='ltr'>πνῖγος</span> <span class='ocrx_word' id='word_1_672' title='bbox 3394 4081 3548 4163; x_wconf 73' lang='grc' dir='ltr'>ἔφερε</span> <span class='ocrx_word' id='word_1_673' title='bbox 3595 4083 3857 4156; x_wconf 82' lang='grc' dir='ltr'>καὶπρὸς</span> 
     </span>
    </p>
   </div>
   <div class='ocr_carea' id='block_1_92' title="bbox 2201 4171 3858 4253">
    <p class='ocr_par' dir='ltr' id='par_1_92' title="bbox 2201 4171 3858 4253">
     <span class='ocr_line' id='line_1_92' title="bbox 2201 4171 3858 4253; baseline -0.002 -25"><span class='ocrx_word' id='word_1_674' title='bbox 2201 4173 2366 4229; x_wconf 80' lang='grc' dir='ltr'>ὕπνον</span> <span class='ocrx_word' id='word_1_675' title='bbox 2425 4172 2764 4248; x_wconf 79' lang='grc' dir='ltr'>ἂπεμάχετο,</span> <span class='ocrx_word' id='word_1_676' title='bbox 2817 4173 2906 4228; x_wconf 83' lang='grc' dir='ltr'>καὶ</span> <span class='ocrx_word' id='word_1_677' title='bbox 2962 4178 3081 4236; x_wconf 85' lang='grc' dir='ltr'>ταῖς</span> <span class='ocrx_word' id='word_1_678' title='bbox 3147 4178 3377 4253; x_wconf 78' lang='grc' dir='ltr'>τρυφαῖς</span> <span class='ocrx_word' id='word_1_679' title='bbox 3425 4171 3482 4228; x_wconf 74' lang='grc' dir='ltr'>δὲ</span> <span class='ocrx_word' id='word_1_680' title='bbox 3527 4177 3858 4247; x_wconf 85' lang='grc' dir='ltr'>προσανεῖχε</span> 
     </span>
    </p>
   </div>
   <div class='ocr_carea' id='block_1_93' title="bbox 2199 4260 3854 4339">
    <p class='ocr_par' dir='ltr' id='par_1_93' title="bbox 2199 4260 3854 4339">
     <span class='ocr_line' id='line_1_93' title="bbox 2199 4260 3854 4339; baseline -0.001 -21"><span class='ocrx_word' id='word_1_681' title='bbox 2199 4261 2462 4337; x_wconf 87' lang='grc' dir='ltr'>πολέμων</span> <span class='ocrx_word' id='word_1_682' title='bbox 2496 4260 2642 4339; x_wconf 74' lang='grc' dir='ltr'>ἄγων</span> <span class='ocrx_word' id='word_1_683' title='bbox 2689 4261 2903 4338; x_wconf 75' lang='grc' dir='ltr'>σχολὴν</span> <span class='ocrx_word' id='word_1_684' title='bbox 2953 4261 3043 4318; x_wconf 81' lang='grc' dir='ltr'>καὶ</span> <span class='ocrx_word' id='word_1_685' title='bbox 3093 4262 3414 4336; x_wconf 77' lang='grc' dir='ltr'>ἐνησμένιζε</span> <span class='ocrx_word' id='word_1_686' title='bbox 3441 4267 3560 4324; x_wconf 85' lang='grc' dir='ltr'>ταῖς</span> <span class='ocrx_word' id='word_1_687' title='bbox 3589 4261 3854 4317; x_wconf 84' lang='grc' dir='ltr'>ἀνέσεσιν.</span> 
     </span>
    </p>
   </div>
   <div class='ocr_carea' id='block_1_94' title="bbox 2198 4350 3856 4428">
    <p class='ocr_par' dir='ltr' id='par_1_94' title="bbox 2198 4350 3856 4428">
     <span class='ocr_line' id='line_1_94' title="bbox 2198 4350 3856 4428; baseline -0.002 -20"><span class='ocrx_word' id='word_1_688' title='bbox 2198 4353 2261 4408; x_wconf 86' lang='grc' dir='ltr'>Εἰ</span> <span class='ocrx_word' id='word_1_689' title='bbox 2309 4351 2486 4408; x_wconf 80' lang='grc' dir='ltr'>τοίνυν</span> <span class='ocrx_word' id='word_1_690' title='bbox 2537 4351 2950 4428; x_wconf 78' lang='grc' dir='ltr'>περιεργότερον</span> <span class='ocrx_word' id='word_1_691' title='bbox 3021 4355 3212 4407; x_wconf 89' lang='grc' dir='ltr'>τοῦτον</span> <span class='ocrx_word' id='word_1_692' title='bbox 3268 4353 3500 4427; x_wconf 75' lang='grc' dir='ltr'>ἠθρήκει</span> <span class='ocrx_word' id='word_1_693' title='bbox 3547 4371 3652 4422; x_wconf 89' lang='grc' dir='ltr'>τις,</span> <span class='ocrx_word' id='word_1_694' title='bbox 3701 4350 3856 4413; x_wconf 83' lang='grc' dir='ltr'>ὅπως</span> 
     </span>
    </p>
   </div>
   <div class='ocr_carea' id='block_1_95' title="bbox 2197 4435 3854 4516">
    <p class='ocr_par' dir='ltr' id='par_1_95' title="bbox 2197 4435 3854 4516">
     <span class='ocr_line' id='line_1_95' title="bbox 2197 4435 3854 4516; baseline -0.001 -22"><span class='ocrx_word' id='word_1_695' title='bbox 2197 4435 2386 4516; x_wconf 78' lang='grc' dir='ltr'>ἔχαιρε</span> <span class='ocrx_word' id='word_1_696' title='bbox 2441 4439 2750 4514; x_wconf 83' lang='grc' dir='ltr'>καρυκείαις</span> <span class='ocrx_word' id='word_1_697' title='bbox 2811 4439 3119 4516; x_wconf 75' lang='grc' dir='ltr'>βρωμάτων</span> <span class='ocrx_word' id='word_1_698' title='bbox 3173 4439 3264 4495; x_wconf 86' lang='grc' dir='ltr'>καὶ</span> <span class='ocrx_word' id='word_1_699' title='bbox 3322 4445 3438 4502; x_wconf 82' lang='grc' dir='ltr'>τοῖς</span> <span class='ocrx_word' id='word_1_700' title='bbox 3487 4438 3626 4515; x_wconf 78' lang='grc' dir='ltr'>πρός</span> <span class='ocrx_word' id='word_1_701' title='bbox 3660 4440 3854 4514; x_wconf 84' lang='grc' dir='ltr'>λύριον</span> 
     </span>
    </p>
   </div>
   <div class='ocr_carea' id='block_1_96' title="bbox 2195 4527 3860 4606">
    <p class='ocr_par' dir='ltr' id='par_1_96' title="bbox 2195 4527 3860 4606">
     <span class='ocr_line' id='line_1_96' title="bbox 2195 4527 3860 4606; baseline -0.001 -20"><span class='ocrx_word' id='word_1_702' title='bbox 2195 4531 2288 4586; x_wconf 85' lang='grc' dir='ltr'>καὶ</span> <span class='ocrx_word' id='word_1_703' title='bbox 2344 4532 2568 4605; x_wconf 78' lang='grc' dir='ltr'>κιθάραν</span> <span class='ocrx_word' id='word_1_704' title='bbox 2627 4531 2719 4588; x_wconf 85' lang='grc' dir='ltr'>καί</span> <span class='ocrx_word' id='word_1_705' title='bbox 2778 4531 3096 4606; x_wconf 84' lang='grc' dir='ltr'>συμφωνίαν</span> <span class='ocrx_word' id='word_1_706' title='bbox 3149 4527 3306 4603; x_wconf 80' lang='grc' dir='ltr'>ᾠδῶν</span> <span class='ocrx_word' id='word_1_707' title='bbox 3355 4527 3576 4605; x_wconf 78' lang='grc' dir='ltr'>ἔχουσιν</span> <span class='ocrx_word' id='word_1_708' title='bbox 3619 4528 3721 4584; x_wconf 73' lang='grc' dir='ltr'>οὐκ</span> <span class='ocrx_word' id='word_1_709' title='bbox 3749 4528 3860 4584; x_wconf 86' lang='grc' dir='ltr'>ἀπ-</span> 
     </span>
    </p>
   </div>
   <div class='ocr_carea' id='block_1_97' title="bbox 2194 4613 3864 4694">
    <p class='ocr_par' dir='ltr' id='par_1_97' title="bbox 2194 4613 3864 4694">
     <span class='ocr_line' id='line_1_97' title="bbox 2194 4613 3864 4694; baseline -0.002 -19"><span class='ocrx_word' id='word_1_710' title='bbox 2194 4620 2484 4694; x_wconf 84' lang='grc' dir='ltr'>ηχθάνετο,</span> <span class='ocrx_word' id='word_1_711' title='bbox 2535 4621 2684 4674; x_wconf 78' lang='grc' dir='ltr'>εἶπεν</span> <span class='ocrx_word' id='word_1_712' title='bbox 2715 4616 2776 4672; x_wconf 74' lang='grc' dir='ltr'>ἂν</span> <span class='ocrx_word' id='word_1_713' title='bbox 2809 4619 2883 4681; x_wconf 83' lang='grc' dir='ltr'>ὡς</span> <span class='ocrx_word' id='word_1_714' title='bbox 2933 4619 3123 4693; x_wconf 85' lang='grc' dir='ltr'>μόνοις</span> <span class='ocrx_word' id='word_1_715' title='bbox 3165 4617 3410 4681; x_wconf 82' lang='grc' dir='ltr'>ἐννεάσας</span> <span class='ocrx_word' id='word_1_716' title='bbox 3441 4613 3558 4694; x_wconf 74' lang='grc' dir='ltr'>ἔχει</span> <span class='ocrx_word' id='word_1_717' title='bbox 3587 4623 3708 4681; x_wconf 85' lang='grc' dir='ltr'>τοῖς</span> <span class='ocrx_word' id='word_1_718' title='bbox 3735 4638 3864 4672; x_wconf 84' lang='grc' dir='ltr'>τοι-</span> 
     </span>
    </p>
   </div>
   <div class='ocr_carea' id='block_1_98' title="bbox 2199 4701 3864 4783">
    <p class='ocr_par' dir='ltr' id='par_1_98' title="bbox 2199 4701 3864 4783">
     <span class='ocr_line' id='line_1_98' title="bbox 2199 4701 3864 4783; baseline -0.002 -19"><span class='ocrx_word' id='word_1_719' title='bbox 2199 4709 2380 4770; x_wconf 87' lang='grc' dir='ltr'>ούτοις</span> <span class='ocrx_word' id='word_1_720' title='bbox 2411 4707 2502 4764; x_wconf 85' lang='grc' dir='ltr'>καὶ</span> <span class='ocrx_word' id='word_1_721' title='bbox 2533 4705 2744 4777; x_wconf 68' lang='grc' dir='ltr'>ἡδονήν</span> <span class='ocrx_word' id='word_1_722' title='bbox 2777 4707 2840 4762; x_wconf 87' lang='grc' dir='ltr'>τὸ</span> <span class='ocrx_word' id='word_1_723' title='bbox 2891 4705 3059 4783; x_wconf 87' lang='grc' dir='ltr'>πέρας</span> <span class='ocrx_word' id='word_1_724' title='bbox 3107 4706 3315 4782; x_wconf 73' lang='grc' dir='ltr'>ἥγηται</span> <span class='ocrx_word' id='word_1_725' title='bbox 3360 4709 3457 4777; x_wconf 74' lang='grc' dir='ltr'>τῆς</span> <span class='ocrx_word' id='word_1_726' title='bbox 3491 4713 3661 4777; x_wconf 78' lang='grc' dir='ltr'>ζωῆς’</span> <span class='ocrx_word' id='word_1_727' title='bbox 3706 4704 3754 4760; x_wconf 87' lang='grc' dir='ltr'>εἰ</span> <span class='ocrx_word' id='word_1_728' title='bbox 3797 4701 3864 4762; x_wconf 71' lang='grc' dir='ltr'>δὲ</span> 
     </span>
    </p>
   </div>
   <div class='ocr_carea' id='block_1_99' title="bbox 2193 4791 3866 4872">
    <p class='ocr_par' dir='ltr' id='par_1_99' title="bbox 2193 4791 3866 4872">
     <span class='ocr_line' id='line_1_99' title="bbox 2193 4791 3866 4872; baseline -0.001 -20"><span class='ocrx_word' id='word_1_729' title='bbox 2193 4798 2505 4853; x_wconf 87' lang='grc' dir='ltr'>τούναντίον</span> <span class='ocrx_word' id='word_1_730' title='bbox 2557 4795 2706 4869; x_wconf 82' lang='grc' dir='ltr'>αὐτῷ</span> <span class='ocrx_word' id='word_1_731' title='bbox 2756 4791 3099 4870; x_wconf 73' lang='grc' dir='ltr'>προσέϐλεψε</span> <span class='ocrx_word' id='word_1_732' title='bbox 3173 4795 3311 4872; x_wconf 88' lang='grc' dir='ltr'>πρὸς</span> <span class='ocrx_word' id='word_1_733' title='bbox 3387 4801 3562 4851; x_wconf 83' lang='grc' dir='ltr'>πᾶσαν</span> <span class='ocrx_word' id='word_1_734' title='bbox 3631 4796 3866 4851; x_wconf 85' lang='grc' dir='ltr'>ἀταπει-</span> 
     </span>
    </p>
   </div>
   <div class='ocr_carea' id='block_1_100' title="bbox 2191 4884 3861 4962">
    <p class='ocr_par' dir='ltr' id='par_1_100' title="bbox 2191 4884 3861 4962">
     <span class='ocr_line' id='line_1_100' title="bbox 2191 4884 3861 4962; baseline -0.002 -19"><span class='ocrx_word' id='word_1_735' title='bbox 2191 4887 2348 4960; x_wconf 85' lang='grc' dir='ltr'>νώτῳ</span> <span class='ocrx_word' id='word_1_736' title='bbox 2417 4884 2799 4961; x_wconf 86' lang='grc' dir='ltr'>γλυκυθυμίαν</span> <span class='ocrx_word' id='word_1_737' title='bbox 2859 4885 3196 4962; x_wconf 85' lang='grc' dir='ltr'>τυγχάνοντι</span> <span class='ocrx_word' id='word_1_738' title='bbox 3245 4886 3335 4940; x_wconf 86' lang='grc' dir='ltr'>καὶ</span> <span class='ocrx_word' id='word_1_739' title='bbox 3382 4885 3653 4960; x_wconf 82' lang='grc' dir='ltr'>τιθεμένῳ</span> <span class='ocrx_word' id='word_1_740' title='bbox 3707 4885 3861 4962; x_wconf 77' lang='grc' dir='ltr'>παρὰ</span> 
     </span>
    </p>
   </div>
   <div class='ocr_carea' id='block_1_101' title="bbox 2195 4972 3858 5054">
    <p class='ocr_par' dir='ltr' id='par_1_101' title="bbox 2195 4972 3858 5054">
     <span class='ocr_line' id='line_1_101' title="bbox 2195 4972 3858 5054; baseline -0.002 -24"><span class='ocrx_word' id='word_1_741' title='bbox 2195 4975 2400 5054; x_wconf 84' lang='grc' dir='ltr'>φαῦλον</span> <span class='ocrx_word' id='word_1_742' title='bbox 2468 4972 2796 5045; x_wconf 73' lang='grc' dir='ltr'>ἡδυπάθειαν</span> <span class='ocrx_word' id='word_1_743' title='bbox 2876 4972 3156 5031; x_wconf 85' lang='grc' dir='ltr'>δυσκόλων</span> <span class='ocrx_word' id='word_1_744' title='bbox 3231 4975 3562 5030; x_wconf 75' lang='grc' dir='ltr'>ἐπιστάντων</span> <span class='ocrx_word' id='word_1_745' title='bbox 3621 4980 3858 5049; x_wconf 84' lang='grc' dir='ltr'>καιρῶν,</span> 
     </span>
    </p>
   </div>
   <div class='ocr_carea' id='block_1_102' title="bbox 2195 5063 3854 5142">
    <p class='ocr_par' dir='ltr' id='par_1_102' title="bbox 2195 5063 3854 5142">
     <span class='ocr_line' id='line_1_102' title="bbox 2195 5063 3854 5142; baseline -0.002 -21"><span class='ocrx_word' id='word_1_746' title='bbox 2195 5064 2488 5138; x_wconf 78' lang='grc' dir='ltr'>ἐθαύμασεν</span> <span class='ocrx_word' id='word_1_747' title='bbox 2574 5063 2632 5120; x_wconf 76' lang='grc' dir='ltr'>ἄν</span> <span class='ocrx_word' id='word_1_748' title='bbox 2720 5065 2870 5126; x_wconf 80' lang='grc' dir='ltr'>ὅπως</span> <span class='ocrx_word' id='word_1_749' title='bbox 2965 5063 3268 5136; x_wconf 79' lang='grc' dir='ltr'>ἐξήλλακτο</span> <span class='ocrx_word' id='word_1_750' title='bbox 3325 5065 3460 5138; x_wconf 83' lang='grc' dir='ltr'>πρὸς</span> <span class='ocrx_word' id='word_1_751' title='bbox 3539 5063 3854 5142; x_wconf 84' lang='grc' dir='ltr'>ἀμφότερα.</span> 
     </span>
    </p>
   </div>
   <div class='ocr_carea' id='block_1_103' title="bbox 2193 5150 3858 5228">
    <p class='ocr_par' dir='ltr' id='par_1_103' title="bbox 2193 5150 3858 5228">
     <span class='ocr_line' id='line_1_103' title="bbox 2193 5150 3858 5228; baseline -0.002 -17"><span class='ocrx_word' id='word_1_752' title='bbox 2193 5150 2628 5226; x_wconf 73' lang='grc' dir='ltr'>Ἐπιϐαλόμενος</span> <span class='ocrx_word' id='word_1_753' title='bbox 2704 5150 2760 5208; x_wconf 71' lang='grc' dir='ltr'>δὲ</span> <span class='ocrx_word' id='word_1_754' title='bbox 2833 5153 2924 5208; x_wconf 88' lang='grc' dir='ltr'>τὸν</span> <span class='ocrx_word' id='word_1_755' title='bbox 2996 5153 3134 5228; x_wconf 86' lang='grc' dir='ltr'>πρὸς</span> <span class='ocrx_word' id='word_1_756' title='bbox 3211 5152 3484 5210; x_wconf 88' lang='grc' dir='ltr'>θάλασσαν</span> <span class='ocrx_word' id='word_1_757' title='bbox 3535 5159 3638 5224; x_wconf 82' lang='grc' dir='ltr'>τῆς</span> <span class='ocrx_word' id='word_1_758' title='bbox 3698 5152 3858 5228; x_wconf 80' lang='grc' dir='ltr'>ἁγίας</span> 
     </span>
    </p>
   </div>
   <div class='ocr_carea' id='block_1_104' title="bbox 2193 5241 3860 5318">
    <p class='ocr_par' dir='ltr' id='par_1_104' title="bbox 2193 5241 3860 5318">
     <span class='ocr_line' id='line_1_104' title="bbox 2193 5241 3860 5318; baseline 0 -19"><span class='ocrx_word' id='word_1_759' title='bbox 2193 5244 2432 5317; x_wconf 68' lang='grc' dir='ltr'>Εἰρήνης</span> <span class='ocrx_word' id='word_1_760' title='bbox 2491 5241 2880 5316; x_wconf 68' lang='grc' dir='ltr'>οἰκοδομήσειν</span> <span class='ocrx_word' id='word_1_761' title='bbox 2957 5243 3116 5310; x_wconf 87' lang='grc' dir='ltr'>νεὼν,</span> <span class='ocrx_word' id='word_1_762' title='bbox 3191 5241 3250 5297; x_wconf 81' lang='lat' dir='ltr'>6&#39;v</span> <span class='ocrx_word' id='word_1_763' title='bbox 3317 5245 3535 5318; x_wconf 86' lang='grc' dir='ltr'>μεγέθει</span> <span class='ocrx_word' id='word_1_764' title='bbox 3594 5243 3860 5318; x_wconf 88' lang='grc' dir='ltr'>μέγιστον</span> 
     </span>
    </p>
   </div>
   <div class='ocr_carea' id='block_1_105' title="bbox 2191 5329 3858 5407">
    <p class='ocr_par' dir='ltr' id='par_1_105' title="bbox 2191 5329 3858 5407">
     <span class='ocr_line' id='line_1_105' title="bbox 2191 5329 3858 5407; baseline -0.001 -19"><span class='ocrx_word' id='word_1_765' title='bbox 2191 5333 2282 5388; x_wconf 87' lang='grc' dir='ltr'>καὶ</span> <span class='ocrx_word' id='word_1_766' title='bbox 2311 5331 2508 5388; x_wconf 86' lang='grc' dir='ltr'>κάλλει</span> <span class='ocrx_word' id='word_1_767' title='bbox 2553 5329 2852 5388; x_wconf 89' lang='grc' dir='ltr'>κάλλιστον</span> <span class='ocrx_word' id='word_1_768' title='bbox 2901 5329 3071 5386; x_wconf 90' lang='grc' dir='ltr'>πάλαι</span> <span class='ocrx_word' id='word_1_769' title='bbox 3131 5332 3460 5407; x_wconf 86' lang='grc' dir='ltr'>Μαρκιανὸς</span> <span class='ocrx_word' id='word_1_770' title='bbox 3503 5333 3530 5387; x_wconf 90' lang='lat'>6</span> <span class='ocrx_word' id='word_1_771' title='bbox 3584 5331 3720 5386; x_wconf 87' lang='grc' dir='ltr'>πάνυ</span> <span class='ocrx_word' id='word_1_772' title='bbox 3763 5332 3858 5387; x_wconf 80' lang='grc' dir='ltr'>ἀν·-</span> 
     </span>
    </p>
   </div>
   <div class='ocr_carea' id='block_1_106' title="bbox 2193 5417 3858 5501">
    <p class='ocr_par' dir='ltr' id='par_1_106' title="bbox 2193 5417 3858 5501">
     <span class='ocr_line' id='line_1_106' title="bbox 2193 5417 3858 5501; baseline -0.002 -22"><span class='ocrx_word' id='word_1_773' title='bbox 2193 5426 2404 5499; x_wconf 81' lang='grc' dir='ltr'>ῄγειρε,</span> <span class='ocrx_word' id='word_1_774' title='bbox 2461 5425 2569 5495; x_wconf 87' lang='grc' dir='ltr'>πῦρ</span> <span class='ocrx_word' id='word_1_775' title='bbox 2629 5417 3001 5501; x_wconf 8' lang='grc' dir='ltr'>δὶγῄθάλωσε,</span> <span class='ocrx_word' id='word_1_776' title='bbox 3059 5422 3196 5496; x_wconf 82' lang='grc' dir='ltr'>μέρη</span> <span class='ocrx_word' id='word_1_777' title='bbox 3262 5422 3385 5476; x_wconf 82' lang='grc' dir='ltr'>τινὰ</span> <span class='ocrx_word' id='word_1_778' title='bbox 3437 5425 3539 5478; x_wconf 89' lang='grc' dir='ltr'>τοῦ</span> <span class='ocrx_word' id='word_1_779' title='bbox 3595 5420 3858 5478; x_wconf 83' lang='grc' dir='ltr'>τοιούτου</span> 
     </span>
    </p>
   </div>
   <div class='ocr_carea' id='block_1_107' title="bbox 2189 5507 3856 5586">
    <p class='ocr_par' dir='ltr' id='par_1_107' title="bbox 2189 5507 3856 5586">
     <span class='ocr_line' id='line_1_107' title="bbox 2189 5507 3856 5586; baseline -0.002 -18"><span class='ocrx_word' id='word_1_780' title='bbox 2189 5511 2448 5586; x_wconf 86' lang='grc' dir='ltr'>τεμένους</span> <span class='ocrx_word' id='word_1_781' title='bbox 2511 5508 2572 5564; x_wconf 80' lang='grc' dir='ltr'>ἐκ</span> <span class='ocrx_word' id='word_1_782' title='bbox 2641 5510 2854 5585; x_wconf 84' lang='grc' dir='ltr'>βάθρων</span> <span class='ocrx_word' id='word_1_783' title='bbox 2917 5507 3246 5583; x_wconf 86' lang='grc' dir='ltr'>δειμάμενος</span> <span class='ocrx_word' id='word_1_784' title='bbox 3309 5511 3406 5564; x_wconf 84' lang='grc' dir='ltr'>τοῦ</span> <span class='ocrx_word' id='word_1_785' title='bbox 3473 5510 3676 5565; x_wconf 87' lang='grc' dir='ltr'>λοιποό</span> <span class='ocrx_word' id='word_1_786' title='bbox 3748 5516 3856 5580; x_wconf 83' lang='grc' dir='ltr'>τῆς</span> 
     </span>
    </p>
   </div>
   <div class='ocr_carea' id='block_1_108' title="bbox 2190 5594 3854 5676">
    <p class='ocr_par' dir='ltr' id='par_1_108' title="bbox 2190 5594 3854 5676">
     <span class='ocr_line' id='line_1_108' title="bbox 2190 5594 3854 5676; baseline 0 -20"><span class='ocrx_word' id='word_1_787' title='bbox 2190 5597 2489 5674; x_wconf 79' lang='grc' dir='ltr'>ναοδομίας</span> <span class='ocrx_word' id='word_1_788' title='bbox 2546 5598 2840 5656; x_wconf 73' lang='grc' dir='ltr'>ἐπαύσατο.</span> <span class='ocrx_word' id='word_1_789' title='bbox 2929 5594 3202 5671; x_wconf 85' lang='grc' dir='ltr'>Ἱδρύσατο</span> <span class='ocrx_word' id='word_1_790' title='bbox 3286 5597 3344 5654; x_wconf 71' lang='grc' dir='ltr'>δὲ</span> <span class='ocrx_word' id='word_1_791' title='bbox 3429 5601 3854 5676; x_wconf 73' lang='grc' dir='ltr'>φροντιστήριον</span> 
     </span>
    </p>
   </div>
   <div class='ocr_carea' id='block_1_109' title="bbox 2191 5684 3856 5767">
    <p class='ocr_par' dir='ltr' id='par_1_109' title="bbox 2191 5684 3856 5767">
     <span class='ocr_line' id='line_1_109' title="bbox 2191 5684 3856 5767; baseline 0.001 -22"><span class='ocrx_word' id='word_1_792' title='bbox 2191 5689 2336 5766; x_wconf 77' lang='grc' dir='ltr'>ἱερὸν</span> <span class='ocrx_word' id='word_1_793' title='bbox 2371 5686 2494 5767; x_wconf 88' lang='grc' dir='ltr'>περὶ</span> <span class='ocrx_word' id='word_1_794' title='bbox 2519 5706 2624 5743; x_wconf 91' lang='grc' dir='ltr'>που</span> <span class='ocrx_word' id='word_1_795' title='bbox 2653 5684 2716 5741; x_wconf 88' lang='grc' dir='ltr'>τὸ</span> <span class='ocrx_word' id='word_1_796' title='bbox 2741 5691 2838 5742; x_wconf 87' lang='grc' dir='ltr'>τοῦ</span> <span class='ocrx_word' id='word_1_797' title='bbox 2872 5686 3080 5742; x_wconf 86' lang='grc' dir='ltr'>Πόντου</span> <span class='ocrx_word' id='word_1_798' title='bbox 3121 5687 3320 5764; x_wconf 80' lang='grc' dir='ltr'>στόμα,</span> <span class='ocrx_word' id='word_1_799' title='bbox 3377 5687 3453 5754; x_wconf 87' lang='grc' dir='ltr'>εἰς</span> <span class='ocrx_word' id='word_1_800' title='bbox 3507 5688 3675 5745; x_wconf 87' lang='grc' dir='ltr'>τόπον</span> <span class='ocrx_word' id='word_1_801' title='bbox 3727 5687 3856 5747; x_wconf 73' lang='grc' dir='ltr'>τινὰ</span> 
     </span>
    </p>
   </div>
  </div>
