4140 6290
263 395 383 456 55Ἱ

1310 389 1413 449 DE
1454 385 1845 450 MANUELE
1887 383 2267 447 COMNENO
2310 385 2468 446 LIB.
2516 384 2642 446 VII.

3565 397 3684 455 558

269 522 632 594 Κατασκέπην
693 518 1009 597 λεγόμενον,
1067 520 1143 583 εἰς
1201 519 1378 595 ὄνομα
1430 526 1532 578 τοῦ
1588 520 1918 597 ἀρχιστρατ-

2043 519 2484 593 improbasse,et
2502 518 2831 591 exemplum
2856 521 3094 593 prodere
3115 524 3364 596 posteris
3406 523 3689 599 voluisse,

275 616 423 691 ήγου
451 609 709 692 Μιχαὴλ,
740 611 856 665 καθ’
911 608 941 663 ὅ
996 614 1103 665 τῶν
1157 611 1281 666 τότε
1340 616 1623 685 μοναστῶν
1652 611 1928 687 ἡθροικὼς

281 702 408 764 τοὺς
504 698 970 773 ὀνομαστοτάτους
1068 720 1128 755 τε
1199 698 1290 754 καὶ
1376 698 1679 775 ἄκρέμονας
1752 698 1927 767 πάντη

289 787 573 864 μοναδίκὸν
628 788 720 843 καὶ
798 788 1124 863 ἀπράγμονα
1211 789 1451 862 μετιέναι
1509 789 1626 863 βίον
1681 808 1930 862 προεμη-

283 878 520 934 θεύσατο.
584 872 762 938 Εἰδὼς
821 875 924 951 γὰρ
979 876 1043 930 τὸ
1092 875 1469 948 κτηματικοὺς
1519 877 1651 930 εἶναι
1681 875 1771 930 καὶ
1801 893 1932 948 τυρ-

281 962 527 1035 ϐάζεσθαι
559 962 732 1020 πάλιν
788 965 914 1039 περὶ
962 962 1149 1020 πολλὰ
1202 964 1333 1027 τοὺς
1384 965 1474 1020 τὸν
1507 963 1771 1039 ἐρημικὸν
1810 964 1929 1037 βίον

274 1054 639 1128 ἀνελομένους
694 1060 797 1124 τῆς
853 1053 1089 1128 ἡσυχίας
1167 1057 1302 1132 σφᾶς
1363 1055 1626 1128 μεθιστῶν
1685 1053 1773 1108 καὶ
1830 1056 1928 1108 τοῦ

273 1143 407 1198 κατὰ
435 1142 565 1199 Θεὸν
600 1144 700 1215 ζῇν
759 1141 992 1218 ἂπάγον,
1049 1144 1215 1197 τοῦτο
1276 1138 1342 1210 δὴ
1402 1143 1465 1196 τὸ
1511 1141 1709 1196 οἰκεῖον
1743 1139 1927 1203 αὐτοῖς

274 1229 616 1307 ἐπάγγελμα,
677 1228 830 1286 οὐδὲν
886 1228 1167 1303 κτησίδιον
1211 1229 1396 1293 αὐτοῖς
1446 1230 1756 1303 ἀπετάμετο
1807 1228 1929 1292 οὔτε

275 1322 381 1397 μὴν
441 1319 645 1396 ἀγροὺς
704 1319 795 1375 καὶ
847 1319 1180 1395 ἀμπελῶνας
1233 1324 1312 1392 τῷ
1368 1320 1772 1398 φρεντιστηρίῳ
1821 1320 1927 1374 ἀπ-

271 1411 441 1482 έταξε,
508 1415 684 1466 πᾶσαν
760 1407 818 1465 δὲ
888 1415 1007 1473 τοῖς
1086 1415 1377 1485 μονασταῖς
1446 1408 1652 1466 δίαιταν
1720 1409 1780 1466 ἐκ
1815 1414 1923 1466 τῶν

272 1499 574 1576 βασιλικῶν
651 1505 952 1576 χρυσώνων
1039 1499 1409 1576 ἐπιμετρήσας
1494 1499 1695 1556 ἐκεῖθεν
1753 1502 1926 1570 αὐτὴν

271 1584 580 1662 ἐϐράϐευεν,
638 1588 975 1661 ἀνακόπτων,
1050 1589 1228 1662 οἶμαι,
1306 1588 1540 1646 ἐντεῦθεν
1594 1590 1688 1644 τὸν
1754 1588 1927 1645 πολὺν

272 1671 449 1753 ἔρωτα
475 1681 585 1733 τῶν
640 1675 916 1734 πλείστων
973 1678 1099 1750 περὶ
1154 1681 1255 1733 τοῦ
1316 1680 1484 1751 μονὰς
1537 1682 1805 1749 συνιστᾷν,
1836 1678 1926 1733 καὶ

268 1769 513 1843 [Ρ.135]
566 1764 916 1842 παράδειγμα
973 1763 1159 1829 διδοὺς
1211 1772 1331 1830 τοῖς
1393 1766 1712 1842 μετόπισθεν
1774 1765 1925 1828 ὅπως

274 1856 454 1931 χρεὼν
500 1855 636 1917 νεὼς
685 1856 899 1927 ἀνιστᾷν
948 1854 1038 1910 καὶ
1092 1852 1215 1911 οίίαν
1267 1853 1385 1911 δέον
1443 1856 1746 1930 ἑτοιμάζειν
1796 1856 1924 1931 τρά-
1957 1896 2004 1961 Β

347 1948 372 1961 αι
534 1948 559 1960 υ
641 1944 656 1961 9
880 1949 904 1960 ν
1043 1944 1056 1961 \
1130 1939 1209 1961 ὨΙ
1430 1945 1443 1960 1
1538 1952 1565 1961 ι-
1634 1944 1682 1961 H‘
1801 1946 1814 1961 ι

272 1948 435 2014 πεζαν
466 1948 587 2006 τοῖς
638 1944 930 2020 ἐρημικοῖς
969 1944 1059 1999 καὶ
1118 1939 1300 2006 ἀϐίοις
1356 1945 1447 2000 καὶ
1500 1952 1600 2016 τῆς
1632 1944 1770 2016 ὕλης
1801 1946 1928 1999 ἑαυ-

271 2032 399 2098 τοὺς
450 2032 733 2092 ἐκλύσασι.
792 2036 1064 2091 Τοσοῦτον
1141 2031 1188 2088 δ’
1265 2036 1461 2110 ἀπεῖχε
1515 2039 1612 2090 τοῦ
1679 2036 1778 2104 τήν
1836 2038 1927 2089 νῦν

272 2124 590 2179 κατάστασιν
647 2122 904 2195 ἐπαινεῖν,
964 2124 1017 2178 οἳ
1079 2124 1325 2198 μονάζειν
1393 2125 1488 2197 μὲν
1557 2122 1924 2201 ἐπαγγέλλόν-

269 2236 377 2286 ται,
412 2214 839 2287 πολυκτήμονες
897 2211 954 2269 δὲ
1009 2215 1096 2269 καὶ
1153 2212 1579 2294 πολυφρόντιδές
1622 2214 1754 2271 εἶσιν
1792 2216 1923 2291 ὑπὲρ

271 2306 394 2369 τοὺς
453 2310 520 2379 τῇ
579 2302 810 2368 ἐνταῦθα
867 2300 1236 2383 φιληδοῦντας
1296 2308 1431 2380 ζωῇ,
1492 2305 1628 2360 ὥστε
1684 2306 1776 2361 καὶ
1822 2307 1922 2375 τήν

269 2394 457 2471 νεαρὰν
488 2392 829 2468 νομοθεσίαν,
871 2390 938 2462 ἤν
972 2394 1000 2448 ὁ
1054 2392 1441 2469 βασιλεύτατος
1488 2399 1566 2467 τῷ
1605 2389 1716 2450 ὄντι
1746 2396 1923 2466 Νικη-

270 2484 438 2561 φόρος
471 2484 500 2537 ὁ
532 2487 751 2555 Φωκᾶς,
785 2482 813 2535 6
844 2483 944 2552 τὴν
999 2480 1158 2557 ἰσχὺν
1206 2484 1451 2557 ἡρωϊκὸς
1499 2483 1590 2538 καὶ
1619 2482 1794 2547 πολὺς
1822 2483 1922 2552 τὴν

273 2570 506 2644 σύνεσιν,
565 2566 714 2636 ἔθετο
773 2571 1050 2626 παύουσαν
1105 2572 1201 2633 τὰς
1262 2572 1427 2645 μονὰς
1493 2567 1922 2645 ἔμπλατυνεσθαι

273 2663 517 2733 κτήσεσι,
576 2663 899 2732 τεθνηκυῖαν
957 2660 1130 2718 πάλαι
1187 2666 1267 2734 τῷ
1315 2663 1501 2737 χρόνῳ
1547 2662 1728 2717 καὶτὸ
1759 2666 1923 2738 κῦρος

276 2751 640 2824 ἀποθεμένην,
695 2755 776 2824 τῷ
831 2750 1043 2826 ἐρυθρῷ
1097 2753 1198 2821 τῆς
1268 2750 1551 2826 βασιλείου
1616 2751 1794 2829 βαφῆς
1851 2750 1925 2812 ὡς

278 2839 472 2913 αἷίματι
513 2839 820 2915 ἀναθάλψας
868 2841 1139 2912 ἐζώωσεν.
1191 2843 1268 2900 Οὐ
1322 2844 1428 2916 μὴν
1460 2839 1517 2896 δὲ
1547 2840 1694 2897 ἄλλα
1722 2842 1811 2896 καὶ
1842 2845 1924 2914 τῷ

280 2930 448 3003 πατρὶ
478 2931 565 2984 καὶ
598 2934 675 3000 τῷ
709 2929 909 3005 πάππῳ
938 2933 1027 2986 καί
1074 2936 1193 2995 τοῖς
1246 2933 1363 2986 καθ’
1394 2933 1535 3005 αἷμά
1583 2933 1922 3006 προσήκουσι

282 3015 505 3080 λοιποῖς
540 3019 752 3091 ἅπασιν,
776 3020 875 3075 ὁπό
907 3042 991 3076 σοι
1027 3020 1197 3095 μονὰς
1229 3018 1545 3094 δειμάμενοι
1579 3018 1683 3075 ὅλα
1712 3017 1925 3093 πλέθρα

273 3114 382 3184 γῆς
412 3102 731 3186 καρποφόρα
770 3109 860 3165 καὶ
909 3107 1188 3184 λειμῶνας
1228 3108 1499 3186 χλοεροὺς
1536 3109 1721 3173 αὐταῖς
1751 3130 1921 3186 προσ·

267 3196 961 3276 εκλήρωσαν,ἐπεγκαλῶν
1018 3199 1119 3256 οὒκ
1174 3201 1424 3270 ἐπαύετο,
1484 3200 1547 3256 οὔ
1598 3202 1733 3257 κατὰ
1760 3204 1921 3257 τοῦτο

268 3291 660 3364 μεμψιμοιρῶν
746 3287 781 3359 ἤ
875 3296 1125 3364 μυκτῆρα
1179 3290 1461 3365 καταχέων
1550 3288 1759 3345 πλατὺν
1808 3295 1917 3345 τῶν

2041 625 2155 680 quo
2182 611 2350 680 pacto
2380 606 2597 677 templa
2625 609 2951 678 condenda,
2981 613 3038 666 et
3070 627 3198 681 quae
3255 613 3487 669 vivendi
3544 614 3691 671 ratio

2040 696 2296 753 eremitis
2329 698 2687 768 pauperibus
2708 699 3087 755 etaterrenis
3132 700 3308 757 rebus
3355 719 3421 758 se
3470 705 3694 760 abstra-

2039 787 2317 844 hentibus
2350 790 2725 860 proponenda
2760 790 2857 844 sit.
2890 790 3145 846 Tantum
3172 795 3367 847 autem
3400 794 3587 849 abfuit
3631 798 3694 850 ut

2038 892 2241 932 eorum
2276 876 2609 933 institutum
2651 876 2940 946 laudaret,
2964 879 3060 950 qui
3089 881 3477 937 monasticam
3509 883 3689 940 vitam

2040 965 2288 1037 professi
2320 969 2378 1021 et
2410 966 2617 1037 opibus
2640 967 2892 1023 aitluunt
2918 972 2975 1022 et
3005 967 3385 1025 multitudine
3415 988 3689 1028 curarum

2040 1056 2229 1128 magis
2260 1056 2667 1114 distrahuntur
2697 1075 2873 1128 quam
2931 1059 3080 1116 271
3146 1060 3185 1115 ii
3219 1061 3316 1133 qui
3349 1062 3529 1134 hujus
3559 1065 3688 1121 vita

2038 1145 2262 1201 deliciis
2330 1154 2707 1218 occupantur,
2787 1151 2850 1202 ut
2934 1148 3293 1205 sanctionem
3379 1150 3689 1225 Nieephori

2038 1235 2260 1303 Phocea,
2293 1235 2598 1292 fortissimi
2630 1240 2686 1291 et
2713 1237 3510 1312 cordatissimiimperatoris,
3544 1243 3686 1298 olim

2036 1322 2337 1395 abolitam,
2370 1325 2440 1381 de
2471 1342 2585 1380 non
2617 1327 2901 1398 augendis
2937 1330 3406 1385 monasteriorum
3444 1329 3686 1386 latifun-

2038 1413 2173 1482 diis,
2205 1412 2369 1485 quasi
2419 1414 2781 1485 postliminio
2836 1416 3137 1485 revocarit,
3199 1435 3385 1489 neque
3435 1424 3683 1491 patrem,

2036 1519 2210 1559 avum
2244 1510 2598 1574 caeterosque
2629 1512 2907 1576 cognatos
2929 1522 3066 1561 suos
3096 1523 3321 1578 omnes,
3346 1508 3445 1580 qui
3478 1527 3683 1566 mona-

2036 1591 2229 1648 steriis
2261 1591 2626 1664 amplissima
2650 1594 2862 1665 praedia
2919 1594 3225 1666 donarent,
3270 1599 3540 1656 incusare
3582 1601 3681 1656 de-

2035 1682 2273 1750 stiterit,
2318 1700 2435 1739 non
2467 1683 2622 1754 quod
2654 1683 2723 1739 de
2745 1685 2871 1740 suis
2893 1684 3102 1756 Opibus
3142 1686 3259 1743 Deo
3295 1687 3516 1759 aliquid
3545 1706 3686 1747 con-

2037 1781 2384 1844 secrassenl,
2419 1773 2519 1830 sed
2571 1772 2727 1844 quod
2786 1789 2908 1829 rem
2964 1775 3177 1830 bonam
3237 1776 3389 1833 male
3429 1778 3687 1835 admini-

2036 1865 2344 1917 strassent.
2408 1861 2554 1919 Nam
2614 1878 2746 1917 cum
2819 1861 3123 1918 monachis
3184 1864 3570 1922 habitationes
3626 1867 3687 1922 in

2039 1950 2254 2008 abditis
2285 1954 2342 2007 et
2374 1951 2621 2008 desertis
2651 1950 2817 2017 locis,
2850 1952 2907 2007 in
2941 1952 3124 2009 antris
3166 1957 3223 2009 et
3271 1954 3559 2012 montium
3591 1973 3686 2012 ca-

2037 2041 2374 2098 cuminibus
2405 2041 2769 2113 assignandee
2798 2045 3015 2109 essent,
3060 2046 3114 2098 et
3160 2043 3350 2113 Cpolis
3403 2048 3687 2116 tanquam

2035 2130 2305 2185 Sirenum
2329 2133 2537 2186 cantus
2563 2130 2821 2202 vitanda,
2855 2130 3100 2202 gloriola
3121 2132 3327 2188 ductos
3366 2133 3688 2190 incrustata

2035 2235 2148 2275 sua
2176 2218 2445 2291 sepulcra
2502 2223 2559 2274 et
2605 2220 2763 2276 vario
2821 2236 3113 2277 marmore
3155 2224 3433 2277 exornata
3480 2221 3553 2277 iis
3585 2221 3685 2293 qui

2035 2308 2256 2381 templa
2275 2308 2681 2381 ingrediantur
2701 2310 3022 2381 spectanda
3043 2310 3504 2382 proposuisse,et
3525 2327 3682 2366 more

2034 2401 2168 2454 tuos
2190 2413 2416 2470 quoque
2436 2397 2701 2454 coronari
2728 2402 2784 2453 et
2815 2398 2987 2454 hilari
3047 2397 3469 2471 splendidoque
3516 2398 3681 2455 vultu

2035 2486 2287 2557 conspici
2314 2485 2581 2552 voluisse,
2623 2486 2762 2542 etin
2797 2488 2918 2543 foro
2973 2503 3039 2542 ac
3086 2487 3273 2543 triviis
3323 2489 3681 2545 monasteria

2034 2576 2372 2646 mdiﬁcasse,
2408 2579 2463 2631 et
2489 2575 2568 2631 ibi
2592 2574 2752 2631 nullo
2784 2592 2918 2631 cum
2953 2575 3181 2632 delectu
3230 2577 3465 2631 virtutis
3522 2577 3682 2632 velut

2032 2664 2092 2721 in
2116 2680 2289 2720 eavea
2309 2664 2669 2721 conclusisse
2700 2680 2821 2733 eos,
2852 2667 2954 2736 qui
3004 2664 3318 2721 monachos
3373 2681 3487 2720 non
3529 2664 3682 2719 ultra

2036 2758 2268 2810 tonsum
2298 2753 2574 2824 capillum
2607 2757 2661 2808 et
2685 2757 2975 2809 mutatum
3008 2753 3275 2810 habitum
3308 2755 3682 2825 promissam-

2036 2860 2148 2915 que
2171 2842 2421 2905 harbam
2471 2842 2880 2913 exprimerent.
2943 2843 3047 2897 His
3099 2842 3279 2914 igitur
3334 2843 3405 2898 de
3464 2842 3679 2910 causis,

2034 2933 2155 2988 sive
2179 2935 2243 2986 ut
2264 2930 2651 2986 monasticam
2678 2930 3131 2987 sanctimoniam
3153 2934 3456 2987 nutantem
3489 2946 3554 2986 ac
3587 2947 3683 3002 po-

2032 3024 2151 3078 tius
2173 3021 2337 3077 humi
2362 3021 2478 3076 fere
2504 3024 2849 3093 prostratam
2911 3020 3160 3092 fulciret,
3231 3021 3351 3077 sive
3409 3026 3679 3076 metuens

2034 3128 2104 3167 ne
2136 3112 2289 3169 272
2322 3127 2389 3167 ea
2425 3110 2552 3182 ipse
2609 3111 2795 3167 facere
2844 3110 3138 3166 diceretur
3194 3127 3319 3182 quae
3379 3109 3687 3182 reprehen-

2033 3201 2216 3268 deret,
2249 3199 2533 3257 rationem
2566 3216 2599 3256 a
2629 3199 2753 3256 suis
2785 3199 3112 3271 majoribus
3142 3200 3434 3256 diversam
3465 3203 3557 3256 est
3586 3216 3681 3256 se-

2034 3295 2228 3347 cutus.

272 3376 601 3453 ἀνθρώπων,
658 3377 743 3434 ὅτι
794 3385 895 3448 τῆς
954 3379 1141 3442 οὐσίας
1195 3383 1312 3452 Θεῷ
1365 3400 1417 3434 τι
1473 3379 1785 3454 ἀπένειμαν,
1843 3377 1970 3435 ἀλλ’
2029 3376 2110 3433 ὅτι
2170 3379 2246 3452 μὴ
2304 3376 2489 3439 καλῶς
2554 3377 2617 3433 τὸ
2674 3374 2843 3432 καλὸν
2905 3377 3244 3454 εἰργάσαντο.
3305 3377 3429 3432 Δέον
3481 3377 3584 3453 γὰρ
3627 3373 3681 3431 ἐν

270 3466 459 3531 τόποις
511 3464 921 3543 δυσερευνήτοις
985 3469 1074 3523 καὶ
1137 3467 1371 3544 χωρίοις
1421 3470 1762 3543 πανερήμοις
1814 3467 1904 3522 καὶ
1972 3466 2258 3538 σπηλαίων
2311 3466 2470 3529 ὀπαῖς
2522 3465 2611 3522 καὶ
2669 3467 2810 3541 ὀρῶν
2869 3470 3173 3536 περιωπαῖὲ
3227 3471 3346 3528 τοῖς
3406 3466 3684 3540 μονάζου-

276 3575 356 3609 σιν
411 3555 674 3630 ἆποτάξαι
739 3557 804 3613 τὸ
864 3558 1153 3630 σκήνωμα,
1210 3557 1298 3612 καὶ
1365 3554 1610 3632 παριδεῖν
1668 3558 1893 3629 ταυτηνὶ
1962 3558 2061 3626 τὴν
2123 3554 2204 3633 ἔφ’
2262 3554 2665 3629 Ἑλλησπόντῳ
2718 3556 2973 3629 κειμένην
3042 3552 3377 3610 καλλίπολιν
3446 3555 3520 3616 ὡς
3585 3554 3679 3609 τὸν

277 3643 451 3700 λωτὸν
517 3643 806 3709 Ὀδυσσεὺς
862 3647 953 3702 καὶ
1013 3648 1300 3723 Σειρήνεια
1359 3645 1500 3721 μέλη
1559 3647 1626 3703 τὰ
1683 3644 2123 3713 δυσαπόσπαστα,
2203 3646 2256 3700 οἱ
2324 3642 2383 3699 δὲ
2456 3647 2547 3700 τὸν
2607 3643 2659 3715 ἐξ
2698 3645 2998 3720 ἀνθρώπων
3057 3645 3373 3718 θηρώμενοι
3431 3640 3677 3714 ἔπαινυν,

283 3734 534 3800 καὶτοὺς
592 3736 1009 3811 κεκονιαμένους
1065 3737 1270 3793 ἑαυτῶν
1323 3757 1526 3813 ταφους
1578 3737 1669 3792 καὶ
1727 3740 1925 3815 ψηφῖσι
1990 3735 2428 3809 πολυχρώσμοις
2486 3731 2901 3806 διηνθισμένους
2959 3732 3034 3794 εἷς
3093 3734 3213 3787 θέαν
3277 3736 3393 3793 τοῖς
3451 3729 3680 3785 εἰσιοῦσι

283 3824 411 3887 τοὺς
465 3827 594 3889 νεὼς
672 3825 1038 3903 προτιθέντες,
1104 3826 1195 3881 καὶ
1260 3826 1443 3902 νεκροὶ
1506 3824 1734 3901 ἐρῶντες
1820 3826 2240 3903 στεφανούμενοι
2315 3820 2619 3886 δείκνυσθαι
2694 3823 2782 3877 καὶ
2858 3822 3108 3878 στιλπνοὶ
3174 3821 3266 3877 καὶ
3333 3817 3548 3895 φαιδροὶ
3615 3819 3683 3874 τὰ

283 3935 572 3989 προσωπα,
640 3914 725 3971 ἐπ’
790 3915 993 3991 ἀγορᾶς
1065 3936 1124 3971 τε
1187 3916 1278 3971 καὶ
1346 3913 1579 3990 τριόδων
1645 3916 1712 3971 τὰ
1775 3917 1891 3970 θεῖα
1955 3911 2318 3986 ᾠκοδόμησαν
2367 3912 2772 3989 φροντιστήρια,
2840 3909 3284 3972 ἒνλακκεύσαντες
3353 3909 3404 3964 έν
3467 3907 3685 3970 τούτοις

279 4006 369 4059 καὶ
429 4003 814 4076 ἒνσηκάσαντες
872 4004 973 4060 οὐκ
1030 4002 1324 4081 ἐπιλέγδην
1384 4005 1447 4060 τὸ
1504 4005 1810 4080 ἀρεταῖνον,
1867 4006 1928 4059 τὸ
1986 4001 2044 4058 δὲ
2104 4001 2273 4081 μέχρι
2328 4005 2540 4078 τριχῶν
2599 3995 2888 4070 ἂποϐολῆς
2935 4000 3167 4069 καὶτῆς
3215 4003 3321 4053 τῶν
3359 3996 3682 4071 ἐσθημάτων

282 4089 600 4167 μεταϐολῆς
630 4095 720 4150 καὶ
750 4099 848 4149 τοῦ
880 4093 1174 4172 ἆφειμένου
1206 4095 1477 4163 πώγωνος
1507 4096 1918 4169 χαρακτηρίζον
1957 4095 2051 4150 τὸν
2105 4093 2396 4166 μοναστήν.
2429 4090 2526 4146 Διὰ
2553 4094 2720 4145 ταῦτα
2749 4089 2923 4145 τοίνυν
2958 4088 3066 4144 εἶ’τε
3096 4091 3192 4160 τήν
3228 4086 3523 4163 μοναδικήν
3560 4087 3688 4143 ὑπε-

280 4182 478 4259 ρείδων
509 4186 818 4259 σεμνότητα
846 4180 955 4255 ἤδη
986 4183 1396 4257 ἀφαντουμένην
1430 4183 1519 4238 καὶ
1549 4190 1726 4260 πρηνῆ
1784 4182 1872 4238 ἐπὶ
1922 4185 2098 4256 στόμα
2150 4181 2475 4250 πίπτουσαν,
2518 4178 2624 4235 εἶ’τε
2665 4181 2774 4253 μὴν
2814 4176 2982 4242 δεδὼς
3011 4181 3088 4254 μὴ
3120 4178 3320 4234 ἐσεῖται
3355 4178 3514 4254 μέσος
3547 4178 3696 4257 ληφ-

282 4273 395 4337 θείς
427 4273 503 4335 ὡς
532 4273 742 4348 χαίρων
776 4275 859 4336 οἷς
883 4267 1232 4344 διεϐέϐλητο,
1265 4273 1447 4348 ἑτέραν
1481 4271 1739 4350 ἐτράπετο
1768 4274 1835 4342 ἧς
1876 4273 1926 4328 οἱ
1951 4271 2002 4345 ἐξ
2033 4273 2265 4345 αἳματος
2298 4269 2485 4342 ἐκείνῳ
2515 4264 2788 4326 ἐϐάδισαν.

354 4454 418 4512 8⁸.
474 4461 687 4531 Θεσμοῦ
745 4454 803 4512 δὲ
860 4455 1007 4533 παρὰ
1074 4455 1370 4530 Ῥωμαίοις
1443 4455 1717 4529 κειμένου,
1775 4458 1936 4529 οἶμαι
1976 4460 2020 4527 C

282 4543 344 4602 δὲ
392 4545 483 4601 καὶ
540 4547 690 4623 παρὰ
748 4540 1053 4621 Βαρϐάροις
1106 4545 1289 4608 αὺτοῖς
1342 4548 1693 4620 κρατοῦντος,
1727 4545 1939 4619 ὀψώνια

282 4639 405 4695 τοῖς
461 4635 912 4711 στρατευομένοις
969 4633 1326 4709 παρέχεσθαι,
1382 4632 1472 4689 καὶ
1529 4633 1737 4687 τούτων
1795 4630 1939 4687 πολ-

282 4721 440 4787 λάκις
462 4720 676 4795 ἔκταξιν
732 4722 999 4798 γίνεσθαι,
1057 4723 1103 4778 εἰ
1161 4722 1515 4793 εὐοπλοῦσιν,
1546 4720 1594 4777 εἰ
1622 4727 1728 4776 τῶν
1755 4718 1944 4777 ’ίππων

278 4811 749 4888 ἐπιμεμέληνται,
798 4810 949 4868 ἀλλᾶ
993 4812 1084 4868 καὶ
1138 4813 1269 4875 τοὺς
1325 4811 1519 4867 νεωστὶ
1579 4811 1946 4886 στρατευομέ-

279 4922 407 4966 νους
439 4904 710 4978 πρότερον
762 4899 1122 4973 ἐξετάζεσθαι,
1176 4901 1220 4955 εἰ
1281 4898 1565 4975 εὐρώστως
1609 4895 1803 4978 ἔχουσι
1831 4904 1940 4955 τῶν

283 4992 585 5065 σωμάτων,
645 4990 691 5045 εἰ
744 4990 914 5060 τόξων
972 4990 1104 5045 εἰσὶν
1165 4987 1475 5062 εἰδήμονες,
1535 4988 1581 5043 εί
1637 4986 1943 5064 κραδαίνειν

250 5077 423 5152 ,δόρυ
470 5078 809 5150 ἐπήσκησαν,
870 5080 971 5145 εἶθ’
1030 5077 1179 5134 οὕτω
1234 5083 1352 5142 τοῖς
1407 5076 1736 5153 καταλόγοις
1789 5077 1947 5154 ἐγγά-

283 5169 504 5249 φεσθαι,
539 5168 567 5222 ὁ
600 5167 857 5244 βασιλεὺς
906 5168 1066 5230 οὗτος
1110 5169 1176 5223 τὰ
1222 5171 1339 5230 τοῖς
1389 5168 1748 5241 στρατιώταις
1796 5164 1946 5222 διδό-

288 5279 424 5333 μενα
471 5256 762 5328 σιτηρέσια
809 5255 884 5318 ὡς
938 5255 1013 5318 εἰς
1073 5254 1365 5329 δεξαμενὴν
1412 5251 1558 5329 ὕδωρ
1614 5255 1681 5310 τὰ
1726 5260 1947 5329 ταμιεῖα

285 5348 530 5423 συσχὼν,
577 5346 700 5401 ίᾶτο
730 5344 794 5399 τὸ
824 5341 982 5418 δίψος
1025 5349 1132 5399 τῶν
1194 5343 1608 5419 στρατευμάτων
1637 5348 1754 5405 ταῖς
1784 5343 1947 5420 λεγο-

290 5436 475 5509 μέναις
531 5440 645 5492 τῶν
718 5433 1002 5508 παροίκων
1064 5430 1316 5505 δωρεαῖς,
1384 5429 1526 5507 ἔργῳ
1589 5431 1945 5505 καταχρησά-

252 5546 446 5598 λμενος
494 5526 651 5601 παρὰ
706 5527 816 5579 τῶν
872 5522 1061 5596 πρώην
1118 5521 1472 5602 ἐφευρημένῳ
1536 5519 1804 5596 βασιλέων
1856 5524 1948 5578 καὶ

290 5617 526 5683 σπανίως
559 5613 652 5672 ἐπί
702 5633 813 5668 τισι
862 5610 1130 5686 γινομένῳ
1185 5611 1310 5674 τοὺς
1340 5608 1647 5685 πολεμίους
1675 5607 1951 5678 πολλάκις

286 5710 642 5788 συγκόψασιν.
702 5702 935 5769 Ἔλαθεν
992 5701 1084 5760 οὖν
1139 5702 1376 5760 ἐντεῦθεν
1432 5702 1525 5758 καὶ
1570 5702 1634 5759 τὸ
1677 5722 1948 5781 στρατιωο

2124 4459 2177 4513 4.
2208 4461 2341 4514 Jam
2374 4456 2512 4528 quia
2531 4455 2832 4524 Romanis,
2867 4471 2933 4511 ac
2955 4453 3223 4512 Barbarie
3244 4455 3440 4523 etiam,
3474 4457 3540 4509 ut
3568 4453 3698 4526 epi-

2049 4565 2176 4614 nor,
2210 4547 2386 4603 estin
2419 4560 2579 4601 more
2628 4546 2885 4618 positum
2938 4548 3002 4600 ut
3060 4542 3350 4615 stipendia
3404 4542 3696 4599 militibus

2049 4635 2346 4692 solvantur
2376 4637 2502 4691 etii
2534 4650 2685 4706 saepe
2737 4632 2796 4689 in
2862 4632 3120 4689 medium
3183 4632 3701 4704 producantur,ut

2050 4724 2390 4795 exquiratur
2422 4740 2494 4779 an
2527 4723 2710 4779 armis
2743 4722 3016 4779 instructi
3045 4722 3185 4789 sint,
3209 4738 3281 4777 an
3307 4736 3491 4791 equos
3524 4719 3703 4790 probe

2052 4818 2287 4870 curatos
2320 4813 2572 4869 habeant
2604 4829 2618 4880 ;
2648 4812 2788 4868 item
2846 4822 2908 4868 ut
2960 4813 3203 4881 tirones,
3254 4811 3600 4882 priusquam
3640 4807 3701 4863 in

2053 4902 2345 4974 catalogus
2400 4901 2746 4970 referantur,
2796 4900 3171 4973 explorentur
3233 4916 3308 4955 an
3360 4897 3705 4971 corporibus

2052 4992 2303 5062 valeant,
2333 5008 2406 5047 an
2438 4990 2715 5061 sagittare
2763 4990 2971 5057 sciant,
3032 5007 3103 5045 an
3136 4989 3420 5045 vibranda
3449 4987 3615 5043 hasta
3644 5000 3707 5041 se

2054 5080 2455 5148 exercuerint;
2492 5078 2585 5133 hic
2615 5077 2928 5149 imperaior
2978 5077 3273 5149 stipendia
3329 5075 3608 5133 militaria
3645 5073 3704 5129 in

2057 5171 2263 5227 ﬁscum
2320 5175 2604 5240 tanquam
2664 5184 2847 5239 aquas
2906 5167 2967 5221 in
3027 5167 3340 5223 cisternam
3400 5164 3606 5236 coegit,
3650 5167 3708 5219 et

2055 5248 2417 5316 exercituum
2449 5256 2828 5328 cupiditatem
2863 5256 3157 5312 donativis
3205 5273 3332 5327 quae
3383 5253 3707 5310 incolarum

2056 5348 2332 5405 dicuntur
2362 5346 2593 5415 levavit,
2624 5346 2845 5402 abusus
2881 5361 2942 5400 re
2974 5362 3007 5401 a
3050 5344 3342 5401 veteribus
3394 5343 3712 5414 imperato-

2057 5437 2222 5493 ribus
2253 5436 2490 5493 inventa
2536 5443 2591 5491 et
2622 5452 2749 5492 raro
2807 5442 3093 5505 usurpata
3152 5433 3211 5488 in
3259 5449 3359 5489 eos
3385 5430 3481 5501 qui
3512 5430 3710 5484 hostes

2057 5542 2211 5599 saepe
2256 5526 2601 5582 ceciderant.
2657 5524 2800 5579 Hinc
2849 5524 3069 5578 factum
3119 5525 3210 5577 est
3262 5528 3325 5575 ut
3380 5524 3437 5575 et
3495 5516 3713 5571 milites

2057 5618 2494 5683 enervarentur,
2552 5617 2607 5669 et
2687 5612 3007 5669 maximum
3061 5608 3321 5682 pecuniae
3372 5607 3594 5662 ﬂumen
3652 5600 3712 5654 in

2058 5709 2298 5781 ignavos
2326 5708 2555 5766 ventres
2591 5703 3006 5772 effunderetur,
3054 5705 3112 5758 et
3160 5700 3444 5758 Romanae
3489 5690 3717 5764 provin‘
