4140 6290
446 394 562 455 559

1761 385 2082 448 ΝΙΟΕΤΛΕ
2123 384 2559 450 CHONIATIE

3738 382 3867 447 560

445 528 546 584 cite
579 523 732 581 male
777 522 1189 580 tractarentur.
1247 519 1394 576 Nam
1452 522 1510 576 et
1565 519 1794 577 strenui
1852 519 2088 584 milites,

2210 519 2352 574 τικὸν
2399 520 2729 594 ἀτονωτερον
2777 515 3148 595 ἐργασάμενος
3203 517 3296 573 καὶ
3359 515 3665 593 χρημάτων
3721 511 3860 570 d66-

446 633 577 673 cum
613 630 729 671 non
761 611 1017 685 amplius
1047 611 1106 666 id
1138 613 1541 684 exspectarent
1585 625 1700 682 quo
1729 608 2102 682 peculiariter

444 707 514 762 ad
548 706 820 761 virtutem
855 700 1122 757 bellicam
1147 700 1570 770 excitabantur,
1603 699 1756 772 quod
1820 703 1940 754 tum
1975 715 2102 771 pro-

445 795 670 850 miscue
698 791 973 848 omnibus
1003 789 1152 846 idem
1181 790 1486 862 praemium
1547 789 1912 862 propositum
1947 792 2094 854 erat,

443 883 802 940 alacritatem
829 882 982 939 273
1005 879 1168 936 illam
1197 881 1256 935 in
1291 879 1564 952 periculis
1597 878 1883 935 adeundis
1937 878 2100 949 abje-

441 977 652 1030 cerunt
679 991 704 1038 ;
731 977 789 1029 et
820 969 1232 1044 provinciales,
1267 968 1367 1040 qui
1402 967 1541 1025 olim
1588 968 1727 1024 ﬁsco
1787 968 2093 1041 pecuniam

442 1061 858 1132 numerabant,
891 1078 924 1116 a
955 1058 1194 1115 militari
1227 1057 1472 1114 avaritia
1502 1057 1758 1130 pessime
1807 1062 1947 1114 sunt
1973 1061 2096 1114 tra-

441 1153 603 1221 ctati,
636 1155 842 1224 erepta
877 1166 995 1204 non
1021 1148 1270 1220 pecunia
1307 1151 1562 1217 tantum,
1623 1148 1725 1203 sed
1783 1154 1837 1204 et
1887 1147 2098 1202 intima

443 1242 668 1310 tunica,
720 1240 1036 1312 aliquando
1095 1255 1130 1294 a
1185 1237 1384 1295 liberis
1440 1241 1497 1293 et
1549 1236 1831 1293 uxoribus
1886 1235 2096 1292 avulsi.

439 1330 689 1388 Proinde
721 1329 969 1401 quilibet
1025 1326 1250 1384 militiae
1309 1342 1523 1382 nomen
1585 1327 1784 1394 dabat,
1815 1331 1872 1381 et
1924 1323 2096 1381 multi

439 1415 804 1492 ignavissimi
833 1423 887 1471 et
919 1413 1313 1472 sordidissimi
1350 1413 1613 1485 Opiﬁces,
1642 1413 1732 1470 vel
1777 1429 1928 1485 equo
1959 1418 2098 1470 Per-

439 1507 559 1564 sico
593 1507 802 1562 donato
834 1504 921 1560 vel
955 1504 1160 1577 paucis
1191 1502 1383 1559 aureis
1415 1502 1591 1569 datis,
1649 1501 1809 1558 nullo
1867 1502 2097 1558 delectu

443 1602 570 1652 acto
597 1594 656 1650 in
691 1593 948 1649 militum
981 1592 1274 1664 catalogos
1333 1591 1500 1647 relati
1560 1591 1770 1648 litteris
1819 1591 2097 1663 imperia-

451 1685 608 1740 libus
637 1683 859 1755 irrigua
904 1687 1073 1755 prata
1129 1687 1187 1738 et
1244 1697 1379 1738 rura
1435 1681 1648 1738 fertilia
1702 1685 1760 1738 et
1806 1681 2098 1738 Romanos

438 1773 784 1830 tributarios
815 1772 1202 1844 accipiebant,
1259 1775 1325 1826 ut
1381 1770 1465 1826 eis
1525 1771 1840 1843 aliquando
1899 1770 2096 1827 servili

437 1862 643 1918 habitu
673 1861 1079 1918 ministrarent
1107 1877 1122 1927 ;
1154 1865 1210 1916 et
1240 1859 1328 1915 vir
1357 1860 1658 1916 Romanus
1687 1860 1844 1931 gravi
1906 1859 2094 1928 vultu,

435 1953 523 2008 rei
555 1949 830 2007 militaris
857 1951 1104 2022 peritus,
1161 1955 1216 2004 et
1269 1952 1436 2005 tanto
1495 1947 1870 2004 excellentior
1919 1953 1984 2004 ut
2012 1947 2096 2004 illi

439 2044 816 2114 comparatus
849 2037 1105 2094 Achilles
1134 2037 1452 2106 videretur,
1476 2043 1578 2092 aut
1617 2037 1851 2092 duabus
1904 2037 2092 2092 mani-

437 2131 549 2186 bus
577 2133 839 2186 armatus
870 2144 1004 2184 cum
1049 2143 1116 2182 eo
1177 2131 1618 2196 compararetur
1676 2127 1774 2197 qui
1828 2130 2094 2182 neutram

449 2219 805 2276 incolumem
867 2217 1124 2280 haberet,
1179 2216 1468 2270 tributum
1531 2216 1807 2286 penderet
1854 2213 2099 2272 homun-

453 2309 606 2368 cioni
630 2306 1054 2372 semibarbaro,
1087 2304 1188 2376 qui
1213 2305 1561 2358 instructam
1585 2303 1766 2360 aciem
1791 2320 2096 2376 nunquam

452 2398 696 2455 viderat.
729 2394 1036 2450 Enimvero
1093 2391 1543 2464 perturbationis
1598 2390 1778 2462 hujus
1827 2394 2096 2448 Romana:

451 2484 761 2558 provincia:
791 2498 992 2553 graves
1038 2497 1239 2552 pennas
1298 2481 1605 2549 dederunt,
1665 2496 1914 2551 quarum
1973 2481 2098 2536 alia

451 2578 586 2632 ante
617 2572 817 2632 oculos
847 2576 1080 2629 nostros
1114 2587 1148 2626 a
1177 2569 1450 2625 Barbarie
1512 2569 1669 2625 274
1725 2569 1985 2642 spoliatae
2044 2573 2100 2625 et

446 2667 739 2737 occupatae
769 2664 934 2729 sunt,
968 2660 1094 2716 alite
1123 2676 1159 2716 a
1187 2659 1405 2716 nostris
1434 2662 1718 2730 tanquam
1770 2659 1972 2716 alienas
2003 2677 2100 2715 vn-

450 2756 614 2810 stataa
635 2755 692 2808 et
711 2767 942 2807 eversae.
978 2750 1088 2805 Sed
1133 2764 1462 2821 quousque,
1495 2747 1762 2818 Domine,
1793 2747 2102 2806 haereditao

445 2844 522 2899 tis
551 2847 658 2898 tua!
689 2839 1076 2907 Oblivisceris,
1137 2853 1456 2910 aversaque
1513 2856 1546 2893 a
1606 2838 1774 2894 nobis
1825 2838 1969 2894 facie
2005 2839 2102 2894 ira!

443 2938 555 2990 tua:
583 2931 780 2987 locum
801 2928 969 2984 dabis
990 2929 1018 2982 ‘2
1049 2927 1286 3000 quando
1317 2943 1385 2983 ex
1417 2932 1620 2982 sancta
1665 2927 1786 2983 aede
1839 2933 1939 2983 tua
1972 2945 2102 3000 pro-

445 3025 720 3092 spectans
754 3022 988 3074 nostras
1021 3032 1316 3072 aerumnas
1340 3019 1397 3071 et
1429 3015 1790 3071 calamitates
1841 3015 2104 3072 intuebe-

451 3111 556 3182 ris,
607 3109 893 3179 malisque
955 3123 1068 3162 uon
1127 3105 1476 3176 urgentibus
1535 3105 1865 3162 liberabis?
1921 3121 2104 3178 eaque

453 3203 678 3252 avertes
708 3210 833 3264 quis
864 3193 1036 3265 longe
1067 3192 1336 3263 graviora
1391 3191 1728 3263 impendere
1775 3192 2047 3249 videntur
2075 3195 2104 3250 ?

2207 629 2369 672 σσους
2444 609 2523 673 εἰς
2595 609 2766 686 ἀργὰς
2839 607 3102 685 γαστέρας
3177 607 3521 684 ὀχετηγήσας
3599 604 3690 661 καὶ
3765 605 3866 669 τὰς

2199 700 2514 774 Ῥωμαϊκὰς
2582 699 2850 774 ἐπαρχίας
2904 701 3086 760 κακῶς
3157 694 3492 770 διαθέμενος·
3575 696 3661 768 [Ρ.
3736 697 3864 770 136]

2205 786 2260 842 o'i
2313 809 2371 844 τε
2407 789 2510 865 γὰρ
2569 789 2760 866 ἀγαθοὶ
2819 792 3146 863 στρατιῶται
3226 787 3291 840 τὸ
3367 782 3424 840 έν
3476 789 3598 847 τοῖς
3656 781 3862 846 δεινοῖς

2204 876 2502 958 φιλότιμον
2563 875 2770 934 ἐνθένδε
2823 875 3277 944 καταλελύκασιν,
3337 872 3516 930 οὐκέτι
3568 873 3668 929 τοῦ
3720 873 3866 928 ὑπο-

2203 967 2488 1031 νύσσοντος
2563 969 2700 1043 πρὸς
2792 967 2992 1044 ἀρετῆς
3085 966 3306 1040 ἀρεῖκῆς
3383 961 3638 1034 ἐπίδειξιν
3717 959 3862 1017 ἰδίου

2206 1056 2384 1134 σφίσιν
2442 1057 2518 1120 ὡς
2576 1057 2770 1133 πρώην
2814 1055 3090 1131 μένοντος,
3151 1053 3281 1110 ἀλλ’
3338 1051 3664 1128 εὐπορία-του
3720 1071 3866 1125 προ-

2201 1144 2456 1218 κειμένου
2513 1151 2628 1208 τοῖς
2682 1145 2870 1214 ἅπασι,
2935 1146 3027 1200 καὶ
3101 1141 3153 1198 oi
3209 1142 3300 1197 τὸν
3363 1138 3632 1214 δημόσιον
3687 1139 3864 1196 πάλαι

2205 1232 2473 1305 δεσπότην
2529 1233 2800 1310 λαχόντες
2876 1239 2985 1289 τῶν
3067 1230 3348 1308 ἐπαρχιῶν
3420 1229 3704 1306 οἰκήτορες
3761 1229 3865 1284 ὑπὸ

2200 1326 2300 1393 τῆς
2350 1331 2750 1394 στρατιωτικῆς
2801 1321 3076 1394 ἆπλητίας
3153 1321 3454 1377 πεπόνθασι
3505 1320 3573 1373 τὰ
3637 1317 3865 1393 οἰκτρόο

2201 1435 2356 1483 τατα,
2407 1415 2509 1470 οὐκ
2553 1413 2816 1491 ἀργύριον
2863 1413 3028 1488 μόνον
3073 1411 3164 1468 καὶ
3211 1407 3412 1466 ἂϐολὸν
3443 1407 3860 1489 ἀφαιρούμενοι,

2206 1501 2356 1558 ἀλλᾶ
2393 1504 2611 1559 καὶτοῦ
2657 1501 2979 1559 τελευταίου
3023 1505 3262 1577 χιτῶνος
3309 1497 3660 1574 ψιλοόμενοι,
3695 1495 3868 1552 ἐνίοτε

2204 1587 2264 1646 δὲ
2327 1592 2419 1646 καὶ
2492 1595 2598 1646 τῶν
2676 1589 2953 1670 φιλτάτων
3019 1589 3198 1645 αὐτῶν
3275 1587 3684 1661 ἀποσπώμενοι.
3759 1589 3862 1642 Ἦν

2202 1682 2387 1737 τοίνυν
2439 1678 2530 1736 διὰ
2577 1685 2748 1736 ταῦτα
2810 1681 2873 1736 τὸ
2941 1677 3428 1756 στρατολογεῖσθαι
3497 1676 3700 1738 παντὸς
3764 1675 3862 1730 τοῦ

2207 1769 2577 1846 βουλομένου.
2611 1771 2704 1825 καὶ
2733 1767 2942 1826 πολλοὶ
2999 1773 3118 1832 ταῖς
3150 1767 3340 1844 ῥαφίσι
3373 1766 3588 1842 χαίρειν
3620 1765 3866 1828 εἰπόντες

2205 1861 2279 1922 ὡς
2318 1857 2831 1934 ἒπεισκομιζούσαις
2891 1857 3077 1922 αὐτοῖς
3125 1857 3192 1912 τὰ
3246 1853 3491 1936 χρειώδη
3547 1857 3746 1916 στενῶς
3773 1853 3865 1908 καὶ

2209 1943 2628 2019 δυσεκϐιάστως,
2686 1945 2851 2005 ἄλλοι
2906 1947 2970 2002 τὸ
3029 1949 3362 2020 ἱπποκομεῖν
3435 1944 3709 2016 λάξαντες,
3768 1941 3861 1998 καὶ

2203 2041 2304 2110 τήν
2361 2039 2421 2095 ἐκ
2471 2039 2752 2104 πλινθείας
2812 2037 2931 2094 ἰλὺν
2991 2038 3394 2112 ἀπονιψάμενοι
3438 2031 3636 2110 ἕτεροι,
3667 2034 3770 2089 εἰσὶ
3811 2029 3861 2087 δ’

2207 2129 2259 2186 ὸῖ
2305 2131 2397 2184 καὶ
2453 2131 2552 2199 τὴν
2610 2134 2718 2185 τῶν
2781 2128 3058 2205 χαλκείων
3107 2123 3351 2198 ἆσϐόλην
3416 2123 3857 2200 ἆπομορξάμενοι

2205 2224 2321 2280 τοῖς
2389 2217 2818 2296 στρατολογοῦσι
2875 2218 3238 2292 παρέστησαν,
3289 2217 3380 2272 καὶ
3445 2213 3863 2290 παρενεγκόντες

2204 2309 2376 2364 ἳππον
2444 2313 2706 2383 Περσαῖον
2762 2310 2797 2380 ἢ
2856 2307 3145 2384 χρυσίνους
3203 2306 3426 2382 ἀριθμῷ
3496 2305 3724 2381 βραχεῖς
3759 2325 3860 2358 κα-

2205 2398 2493 2471 ταθέμενοι
2591 2403 2709 2460 ταῖς
2811 2396 3159 2474 στρατιώτισι
3257 2393 3629 2472 κατελέγησαν
3707 2392 3860 2457 ’ἰλαις

2207 2481 2602 2552 ἀϐασανίστως,
2660 2486 2764 2541 κὰγ
2809 2489 2907 2541 τοῦ
2985 2483 3288 2562 παραυτίκα
3343 2481 3660 2558 βασιλικοῖς
3720 2482 3862 2560 ἐφω-

2211 2573 2505 2647 διάσθησαν
2543 2576 2832 2653 γράμμασι
2880 2574 3090 2650 πλέθρα
3133 2581 3236 2650 γῆς
3289 2573 3520 2651 δροσερᾶ
3564 2573 3658 2628 καὶ
3700 2573 3864 2648 d906-

2211 2685 2306 2740 ρας
2363 2664 2686 2742 σιτοφόρους
2752 2667 2842 2721 καὶ
2903 2664 3211 2740 Ῥωμαίους
3272 2663 3582 2741 ὑποφόρους
3629 2658 3865 2739 βραϐεύ-

2213 2775 2386 2822 ουσιν,
2445 2755 2520 2808 ὡς
2579 2754 2868 2830 ὑπηρετεῖν
2931 2753 2983 2810 ἐν
3042 2755 3290 2830 σχήματι
3331 2750 3569 2820 δούλων,
3603 2750 3778 2807 ἐνίοτε
3809 2749 3866 2806 δὲ

2209 2843 2300 2899 καὶ
2367 2843 2705 2900 κατατιθέναι
2795 2845 2997 2924 φόρους
3105 2841 3378 2918 ἂνδραρίῳ
3451 2837 3865 2918 μιξοϐαρϐάρῳ,

2215 2930 2357 3006 μηδὲ
2413 2933 2459 2986 εἱ
2514 2927 2655 2988 ἔστιν
2712 2933 2860 2996 ’ὀλως
2917 2932 3180 3010 ἐγνωκότι
3230 2931 3548 3008 παράταξις,
3587 2932 3863 3004 Ῥωμαῖον

2214 3014 2380 3094 ἄνδρα
2409 3019 2642 3096 γεραρὸν
2685 3020 2750 3075 τὸ
2810 3017 2955 3083 εἶδος
3012 3021 3101 3076 καὶ
3153 3018 3326 3080 οὕτως
3377 3017 3434 3074 εὖ
3484 3017 3663 3074 εἰδότα
3693 3016 3868 3072 πολέ-

2218 3128 2334 3180 μων
2393 3109 2482 3162 καὶ
2533 3114 2792 3165 τοσοῦτον
2845 3113 2944 3164 τοῦ
3002 3107 3441 3187 φορολογοῦντος
3497 3107 3652 3162 αὐτὸν
3693 3106 3866 3178 ὑπερ-

2214 3196 2446 3274 φέροντα
2476 3198 2550 3261 ὡς
2601 3196 2873 3274 Ἀχιλλέα
2919 3200 3058 3275 πρὸς
3103 3198 3310 3254 ἐκεῖνον
3353 3195 3548 3266 δοκεῖν,
3578 3197 3614 3265 ἢ
3644 3191 3854 3256 διττπῖς

451 3283 642 3359 χερσὶν
714 3279 1078 3352 ὁπλιζόμενον
1131 3277 1403 3354 κρίνεσθαι
1456 3277 1594 3354 πρὰς
1646 3279 1736 3334 τὸν
1813 3277 2110 3356 μηδετέραν
2177 3284 2285 3341 ἀπὸ
2350 3286 2552 3353 πάθους
2605 3287 2880 3364 ὀρέγοντα.
2940 3288 3210 3360 Ἐπαξίως
3269 3288 3360 3344 οὗν
3425 3289 3520 3352 τῆς
3577 3281 3853 3356 ἀκοσμίας

451 3369 656 3442 ταύτης
709 3372 820 3424 τῶν
879 3367 1296 3442 στρατευμάτων
1354 3367 1407 3421 αἱ
1460 3367 1767 3442 Ῥωμαϊκαὶ
1824 3370 2165 3448 πεπράγασιν
2224 3373 2507 3452 έπαρχίαι,
2565 3377 2620 3432 αἱ
2693 3378 2787 3452 μὶν
2849 3379 2956 3453 πρὸ
3008 3383 3117 3434 τῶν
3178 3375 3477 3455 ὀφθαλμῶν
3531 3375 3689 3448 ἡμῶν
3753 3371 3866 3428 ὑπὸ

446 3463 554 3516 τῶν
623 3455 956 3536 ἀλλοφύλων
1022 3455 1420 3530 σκυλευόμεναι
1481 3456 1572 3512 καὶ
1641 3457 1716 3520 εἷς
1775 3457 1956 3534 ἀρχὴν
2027 3461 2212 3529 αὐτοῖς
2278 3461 2608 3540 ἰδιούμεναι,
2665 3467 2721 3522 αἱ
2784 3464 2842 3522 δὲ
2897 3469 2972 3532 ὡς
3026 3466 3318 3542 ἀλλότριαι
3381 3469 3501 3528 τοῖς
3565 3463 3868 3538 ἡμετέροις

487 3547 852 3626 φαντοόμεναι
916 3547 1008 3603 καὶ
1074 3544 1396 3622 δῃοῦμεναι.
1463 3545 1626 3603 Ἀλλ’
1660 3543 1764 3610 ἕως
1831 3549 1985 3620 πότε,
2046 3552 2228 3628 Κύριε,
2284 3561 2386 3625 τῆς
2442 3563 2541 3626 σῆς
2595 3554 2834 3631 Emi-.53“
2888 3557 3284 3633 κληρονομίας,
3349 3555 3442 3611 καὶ
3487 3555 3552 3610 τὸ
3601 3554 3690 3608 σὸν
3719 3551 3860 3608 ἀπο-

480 3639 689 3718 τρέφων
746 3638 835 3718 ἀφ’
892 3640 1055 3710 ἡμῶν
1113 3637 1408 3712 πρόσωπον
1467 3633 1822 3709 ὀδοποιήσεις
1877 3634 2067 3714 τρίϐον
2123 3645 2193 3716 τῇ
2271 3643 2407 3718 ὀργῇ
2464 3663 2600 3716 σου;
2687 3645 2830 3703 Πότε
2910 3645 3100 3721 έπόψει
3179 3645 3232 3718 ἐξ
3315 3645 3469 3720 ἁγίου
3551 3637 3858 3717 ἐπιϐλέψας

448 3727 878 3804 κατοικητηρίου
925 3747 1042 3795 σου,
1096 3727 1184 3780 καὶ
1237 3723 1366 3781 ἰδὼν
1408 3723 1540 3801 τίὸῃς
1585 3727 1686 3796 τήν
1730 3727 1997 3803 ἡμετέραν
2044 3732 2283 3807 συνοχὴν
2333 3754 2392 3788 τε
2438 3735 2526 3790 καὶ
2583 3736 2844 3804 κάκωσιν,
2873 3735 2964 3790 καὶ
2996 3734 3130 3812 ῥύσῃ
3160 3739 3268 3791 τῶν
3301 3733 3617 3814 ἐφεστώτων
3649 3735 3872 3796 κακῶν,

449 3818 776 3896 ἀπαλλαγὴν
809 3815 866 3873 δὲ
887 3815 1133 3892 παρέξεις
1155 3815 1244 3871 καὶ
1275 3821 1384 3872 τῶν
1412 3817 1557 3872 πολὺ
1588 3816 1797 3873 τούτων
1827 3817 2202 3893 ἐλπιζομένων
2237 3821 2638 3898 χαλεπωτέρων
2665 3842 2678 3894 ;

518 3911 771 3968 5.Nunc
829 3908 974 3964 illud
1033 3907 1208 3964 etiam
1267 3909 1601 3964 addendum
1659 3914 1766 3964 est.
1827 3909 2096 3982 Plerique
2135 3913 2178 3980 C

453 4003 849 4058 Romanorum
874 3999 1254 4071 imperatores
1277 3997 1590 4070 imperare,
1623 4015 1831 4054 aurum
1849 4003 2100 4069 gestare,

453 4089 870 4147 communibus
900 4093 966 4142 ut
996 4087 1238 4160 privatis
1271 4087 1380 4160 uti,
1420 4103 1605 4159 eaque
1662 4105 1768 4144 suo
1819 4087 2103 4144 arbitratu

453 4179 668 4250 quibus
685 4177 892 4234 volunt
920 4179 1135 4234 donare
1157 4194 1271 4232 non
1319 4178 1600 4244 contenti,
1635 4177 1749 4233 nisi
1786 4178 2103 4250 sapientes,

454 4268 638 4324 forma
654 4267 790 4334 diis,
821 4266 1025 4323 robore
1045 4267 1319 4323 heroibus
1364 4266 1606 4335 similes,
1639 4271 1782 4322 etut
1808 4267 2108 4338 Salomon,

452 4357 736 4414 divinitus
769 4355 959 4414 edocti
990 4359 1048 4413 et
1076 4356 1340 4413 doctores
1389 4356 1724 4413 Divinitatis
1779 4361 1838 4412 et
1891 4373 2107 4414 normae

452 4447 816 4519 rectissime,
877 4445 1128 4520 denique
1189 4446 1523 4502 divinarum
1600 4446 2109 4518 humanarumque

451 4553 644 4594 rerum
677 4539 1026 4610 interpretes
1054 4535 1360 4591 verissimi
1419 4535 1766 4605 habeantur,
1827 4536 2106 4606 injuriam

451 4627 565 4684 sibi
596 4627 720 4684 fieri
751 4629 1013 4682 censent.
1049 4623 1208 4680 Unde
1243 4623 1306 4678 fit
1334 4627 1420 4691 ut,
1450 4639 1586 4678 cum
1635 4623 2106 4681 immodestiores

451 4722 510 4774 et
553 4717 916 4784 audaciores,
975 4713 1076 4786 qui
1136 4730 1284 4770 nova
1345 4713 1620 4784 dogmata
1677 4713 1738 4769 in
1793 4715 2104 4772 Ecclesiam

451 4805 858 4868 introducunt,
885 4818 1150 4859 coercere
1180 4807 1282 4858 aut
1305 4801 1356 4857 id
1391 4819 1608 4858 munus
1646 4802 1720 4860 iis
1759 4803 1858 4875 qui
1890 4804 2108 4861 theolo-

455 4895 562 4966 giae
593 4893 896 4948 scientiam
929 4894 1278 4964 proﬁtentur
1325 4891 1604 4948 mandare
1661 4893 1956 4959 deberent,
2001 4909 2104 4950 nec

454 4985 514 5038 in
547 4982 656 5036 hac
689 4986 848 5052 parte
881 4979 998 5035 ullo
1055 4981 1359 5037 inferiores
1420 4999 1548 5037 esse
1604 4982 1884 5051 volentes,
1923 4983 2104 5039 iidem

457 5071 797 5141 dogmatum
832 5073 890 5124 et
918 5077 1183 5124 auctores
1215 5076 1272 5126 et
1312 5071 1517 5126 arbitri
1569 5087 1635 5126 ac
1687 5071 2104 5143 disceptatores

455 5160 604 5217 275
641 5159 941 5223 exsistant,
977 5174 1126 5230 empe
1175 5159 1351 5214 etiam
1377 5160 1794 5215 dissentientes
1828 5159 2100 5218 multent.

2280 3913 2336 3969 ε’.
2391 3913 2534 3989 Πρὸς
2602 3910 2660 3968 δὲ
2723 3919 2840 3977 τοῖς
2909 3909 3218 3990 εἰρημένοις
3282 3913 3506 3969 κάκεῖνα
3563 3908 3746 3968 δοτέον
3795 3913 3870 3984 τῇ

2216 4000 2444 4076 ἱστορίᾳ.
2522 4005 2650 4066 Τοῖς
2721 4001 2940 4059 πλείοσι
3039 4001 3322 4079 βασιλεῦσι
3405 4001 3696 4075 Ῥωμαίων
3769 4000 3875 4055 οὐκ

2215 4090 2433 4146 ἀνεκτόν
2488 4091 2628 4147 ἐστιν
2691 4091 2838 4153 ὅλως
2895 4089 3084 4168 ἄρχειν
3149 4094 3312 4166 μόνον
3348 4092 3438 4148 καὶ
3496 4095 3867 4166 χρυσοφορεῖν

2215 4179 2306 4235 καὶ
2344 4181 2580 4255 χρῆσθαι
2631 4185 2749 4244 τοῖς
2800 4186 3008 4243 κοινοῖς
3065 4183 3140 4246 ὡς
3196 4178 3358 4243 ἰδίοις
3411 4180 3506 4236 καὶ
3562 4175 3868 4234 διαδιδόναι

2213 4273 2382 4326 ταῦτα
2426 4271 2606 4334 καθὼς
2659 4269 2764 4346 ἄρα
2802 4271 2892 4326 καὶ
2950 4271 3039 4332 οἷς
3100 4269 3420 4346 βούλονται,
3467 4266 3598 4324 οὐδὲ
3657 4269 3764 4340 μὴν
3795 4267 3873 4330 ὡς

2215 4355 2444 4422 δούλοις
2497 4365 2615 4421 τοῖς
2672 4359 2979 4435 ἐλευθέροις
3039 4361 3463 4438 προσφέρεσθαι,
3522 4355 3650 4412 ἀλλ’
3701 4355 3747 4411 εί
3792 4355 3872 4428 μὴ

2214 4447 2306 4502 καὶ
2339 4447 2497 4526 σοφοὶ
2541 4446 2771 4504 δοκωῖεν
2837 4449 2932 4504 καὶ
2972 4446 3272 4514 θεοείκελόι
3337 4448 3436 4516 τήν
3509 4447 3726 4524 μορφήν
3781 4445 3880 4499 καὶ

2212 4537 2388 4612 ἥρωες
2451 4539 2550 4608 τὴν
2616 4537 2776 4612 ἰσχὺν
2840 4537 2930 4592 καὶ
2997 4538 3074 4599 ὡς
3133 4535 3403 4610 Σολομῶν
3455 4535 3714 4612 θεοσόφοι
3779 4533 3876 4588 καὶ

2215 4623 2570 4700 δογματισταί
2655 4628 2927 4682 θειότατοι
3014 4625 3106 4682 καὶ
3173 4627 3390 4690 κανόνες
3455 4628 3563 4680 τῶν
3625 4624 3875 4680 κανόνων

2214 4715 2520 4792 εὖθέστεροι
2575 4716 2666 4772 καὶ
2734 4715 2924 4779 ἁπλῶς
2973 4715 3130 4772 θείων
3180 4716 3270 4772 καὶ
3321 4713 3668 4791 ἀνθρωπίνων
3727 4719 3875 4788 πρά-

2210 4807 2432 4880 γμάτων
2495 4804 2866 4883 ἀπροσφαλεῖς
2925 4805 3224 4881 γνώμονες,
3285 4803 3436 4860 δεινὶ
3494 4803 3702 4860 οἷόνται
3761 4804 3880 4858 πά-

2214 4915 2386 4973 σχειν.
2434 4896 2621 4952 Ἔνθεν
2669 4915 2755 4950 τοι
2798 4893 2889 4950 καὶ
2941 4891 3060 4950 δέον
3103 4901 3223 4959 τοῖς
3271 4891 3749 4968 ἆπαιδευτοτέροις
3779 4893 3878 4947 καῖ

2211 4985 2559 5059 θρασυτέροις
2607 4983 2861 5058 έπιτιμᾳν
2935 4985 3282 5061 ἐπεισάγουσι
3341 4985 3434 5040 νέα
3479 4983 3570 5040 καὶ
3617 4983 3870 5054 ἀσυνήθη

2209 5077 2277 5147 τῇ
2335 5073 2638 5145 Ἐκκλησία
2687 5073 2951 5148 δόγματα,
3027 5075 3062 5144 ἢ
3137 5079 3268 5152 γοῦν
3325 5074 3630 5139 ἀνατιθέναι
3699 5075 3875 5128 ταῦτα

2215 5163 2299 5225 οἷς
2347 5161 2672 5240 ἐπαγγελμα
2717 5165 2786 5219 τὰ
2832 5163 2954 5238 περὶ
3003 5169 3139 5220 Θεοῦ
3187 5162 3387 5219 εἷ’δέναι
3433 5162 3526 5218 καὶ
3575 5161 3777 5238 Λέγειν,
3815 5161 3872 5217 οἱ

453 5253 561 5308 llic
591 5249 830 5322 quidem
864 5249 1178 5320 imperator
1228 5255 1436 5306 natura
1495 5251 1782 5306 facundus
1805 5256 1861 5306 et
1904 5252 2100 5309 suavis

2217 5253 2275 5308 δὲ
2305 5251 2430 5307 οὐδὲ
2459 5253 2596 5308 κατὰ
2637 5257 2799 5307 τοῦτο
2845 5253 2908 5308 τό
2961 5254 3123 5329 μέρος
3179 5251 3505 5328 δευτερεύειν
3555 5253 3880 5307 οὑτινοσοῦν

453 5355 745 5398 sermonis
777 5337 1080 5394 alfluentia
1108 5343 1351 5395 ornatus
1381 5357 1499 5394 non
1531 5339 1829 5412 elegantes
1870 5345 2100 5397 tantum

452 5428 729 5502 epistolas
758 5427 1072 5497 scribebat,
1106 5429 1205 5482 sed
1239 5433 1293 5484 et
1338 5429 1642 5500 religionis
1699 5431 2102 5488 institutiones

453 5518 894 5592 parturiebatac
915 5517 1544 5588 publicederslamabat.
1561 5519 1817 5576 Tandem
1832 5521 2011 5577 etiam
2036 5521 2108 5578 de

455 5607 669 5666 divinis
699 5607 1074 5678 dogmatibus
1127 5611 1185 5664 et
1234 5607 1362 5680 ipso
1422 5606 1536 5664 Deo
1568 5607 1916 5666 disserebat.
1948 5615 2112 5682 Saepe

455 5699 632 5764 etiam
663 5695 1082 5755 dubitationem
1136 5714 1250 5770 prae
1305 5713 1366 5754 se
1428 5697 1642 5768 ferens,
1675 5699 2034 5770 quaestiones

2209 5342 2543 5422 ἀνεχόμενοι
2595 5342 2648 5397 οἱ
2695 5341 2850 5397 αὐτοὶ
2910 5339 3199 5419 δογμάτων
3247 5341 3539 5418 εἶσηγηταὶ
3603 5343 3696 5414 [Ρ.
3748 5341 3882 5414 137]

2214 5432 2302 5487 καὶ
2359 5429 2604 5487 δικασταὶ
2646 5432 2858 5486 τούτων
2905 5435 2996 5486 καί
3048 5431 3282 5506 ὁρισταὶ,
3332 5429 3632 5505 πολλαχοῦ
3682 5425 3740 5483 δὲ
3783 5429 3885 5484 καὶ

2215 5520 2480 5578 κολασταὶ
2527 5525 2635 5576 τῶν
2705 5522 2780 5594 μὴ
2843 5519 3276 5598 συμφωνούντων
3345 5519 3533 5582 αὐτοῖς
3601 5518 3882 5594 γίνονται.

2219 5613 2318 5667 Καὶ
2351 5613 2379 5666 ὁ
2413 5609 2670 5685 βασιλεὺς
2713 5614 2998 5686 τοιγαροῦν
3045 5608 3206 5672 οὗτος
3251 5607 3584 5686 εὐγλωττίαν
3629 5605 3884 5686 εὐτυχη-

2223 5700 2332 5762 κὼς
2373 5699 2476 5758 ,καὶ
2535 5697 2705 5777 λόγου
2777 5697 3014 5776 ἔμφυτον
3089 5697 3252 5779 χάριν
3323 5697 3726 5772 πεπλουτηκὼς
3809 5697 3878 5755 οὐ
