4140 6290
309 371 429 433 561

1375 361 1478 424 DE
1524 357 1889 422 MANUELE
1932 357 2312 420 COMNENO
2357 360 2508 421 LIB.
2556 360 2691 424 VII.

3613 364 3733 428 562

318 500 595 576 λαμυρῶε
627 494 913 554 ἐπέστελλε
944 495 1132 569 μόνον,
1182 491 1330 551 ἀλλὰ
1382 492 1475 550 καὶ
1523 489 1970 567 κατηχητηρίους

2088 490 2401 562 Scripturis
2432 494 2811 565 proponebat,
2839 510 3159 569 earumque
3218 495 3542 554 solutiones
3591 514 3731 554 eru-

325 589 490 648 ὣδινε
547 587 763 666 λόγους,
822 586 919 648 οὕς
978 606 1105 665 φασι
1163 583 1431 655 σελέντια,
1488 583 1579 638 καὶ
1636 581 1711 643 εἰς
1787 580 1975 648 κοινὴν

329 683 647 737 ἀνέπτυσσεν
697 676 887 747 ἀκοήν,
928 672 1075 748 ’0δῷ
1136 671 1192 730 δὲ
1266 672 1478 748 προῖὼν
1537 671 1628 726 καὶ
1686 667 1975 744 δογμάτων

329 769 532 839 ἢπτετο
558 763 714 821 θείων
743 763 834 819 καὶ
893 763 1018 838 περὶ
1076 766 1210 818 Θεοῦ
1267 759 1561 836 διελέγετο.
1619 755 1837 833 Ἀμέλει
1888 757 1979 811 καὶ

331 853 952 930 κατασχηματιζόμενος
997 849 1275 914 πολλάκις
1322 844 1413 906 τὸν
1469 849 1777 922 ἀποροῦντα
1840 851 1981 919 Γρα-

329 946 488 1025 φικὰς
530 944 719 1019 εἰσῆγε
766 943 1042 1014 ζητήσεις,
1101 941 1191 996 καὶ
1246 940 1371 1014 περὶ
1426 943 1533 994 τῶν
1593 936 1800 993 λύσεων
1853 955 1985 990 του-

321 1022 449 1092 τωνὶ
486 1031 871 1097 διεπυνθάνετο
898 1031 1216 1105 ξυναγείρων
1276 1030 1400 1084 ὅσον
1451 1022 1640 1103 ἔχαιρε
1672 1025 1978 1103 λογιότητι·

317 1122 483 1182 Ἀλλ’
512 1124 584 1193 ἦν
614 1122 678 1177 ἄν
711 1119 1016 1183 ἐπαινετέος
1056 1120 1151 1174 κᾶν
1187 1118 1426 1185 τούτοις,
1487 1117 1533 1172 εἰ
1566 1116 1734 1195 μέχρι
1776 1114 1982 1169 τούτων

305 1214 407 1283 τὴν
469 1210 723 1287 λιχνείαν
778 1208 1029 1266 ἐκτείνων
1085 1213 1203 1271 τοῖς
1263 1205 1603 1284 δυσεφίκτοις
1663 1201 1778 1259 οὐδ’
1833 1200 1980 1265 ὅλως

313 1296 644 1378 προσέϐαινε
673 1297 961 1376 δόγμασιν,
1014 1296 1051 1368 ἥ
1120 1297 1210 1354 καὶ
1274 1296 1491 1360 τούτοις
1532 1294 1829 1372 έφιστάνων
1886 1292 1981 1347 τὸν

318 1396 443 1448 νοῦν
501 1392 605 1446 ούκ
659 1391 725 1459 ἢν
804 1389 1258 1466 ἰσχυρογνώμων,
1318 1381 1443 1441 οὐδὲ
1506 1385 1598 1440 τὸν
1682 1385 1805 1438 νοῦν
1876 1385 1982 1436 τῶν

316 1481 674 1561 γραφομένων
707 1480 843 1554 πρὸς
885 1480 983 1548 τὴν
1017 1478 1221 1534 οἰκείαν
1293 1474 1575 1552 μεθεῖλκεν
1634 1473 1686 1529 έν
1743 1471 1980 1535 πολλοῖς

314 1573 604 1649 πρόθεσιν,
640 1572 838 1643 ὁρίζων
866 1570 954 1624 καὶ
1016 1565 1379 1643 προσεπάγων
1436 1564 1725 1640 ἐξηγήσεις
1783 1563 1835 1618 ἐν
1896 1563 1982 1624 οἷς

313 1663 451 1737 πρὸς
484 1661 655 1736 ὀρθὴν
685 1656 888 1713 ἔννοιαν
922 1657 975 1712 οἱ
1031 1657 1265 1732 Πατὲρες
1325 1655 1673 1733 ἐφθέγξαντο,
1705 1653 1779 1714 ὡς
1828 1650 1979 1726 ε’ἰπερ

311 1750 443 1808 ὅλον
500 1749 660 1805 αὐτὸν
728 1746 1024 1825 συνείληφε
1085 1746 1177 1801 τὸν
1225 1744 1460 1813 Χριστὸν
1513 1743 1602 1798 καὶ
1659 1742 1746 1797 ὑπ’
1808 1741 1980 1796 αὐτοῦ

2089 579 2227 636 ditis
2257 582 2534 640 omnibus
2564 584 2890 641 convocatis
2922 586 3277 657 requirebat,
3303 603 3644 660 quanquam
3674 589 3734 644 in

2087 669 2179 726 his
2204 672 2378 728 etiam
2412 671 2634 730 laudari
2659 676 2963 747 potuisset,
2997 677 3110 732 nisi
3150 676 3485 735 curiositate
3514 678 3736 751 ingenii

2087 777 2187 818 eas
2204 763 2379 819 etiam
2409 766 2763 836 quaestiones
2781 767 3063 838 agitasset
3081 784 3208 840 quae
3239 769 3448 841 attingi
3489 786 3552 825 se
3574 769 3735 827 nullo

2090 853 2263 907 modo
2290 853 2617 925 patiuntur,
2648 860 2752 912 aut
2773 855 2977 912 saltem
2999 856 3214 913 omissa
3237 858 3555 928 pertinacia
3582 858 3738 915 Scri-

2089 945 2395 1013 pturarum
2428 945 2778 1001 sententiam
2819 947 2878 1001 in
2911 945 3113 1002 multis
3170 946 3244 1002 ad
3300 964 3468 1003 suam
3510 948 3736 1019 opinio-

2089 1047 2220 1086 nem
2256 1032 2420 1089 novis
2454 1034 3032 1106 interpretationibus
3060 1052 3173 1092 non
3207 1037 3736 1102 accommodasset.

2088 1119 2240 1176 veris
2293 1120 2784 1179 declarationibus
2832 1128 3090 1180 veterum
3166 1124 3510 1196 repudiatis,
3565 1125 3735 1197 quasi

2090 1208 2434 1280 ipsetotum
2466 1210 2759 1268 Christum
2809 1214 3351 1285 comprehendisset
3397 1218 3454 1270 et
3501 1214 3572 1270 ab
3604 1215 3733 1286 ipso

2092 1299 2162 1354 de
2195 1306 2401 1355 natura
2430 1300 2554 1371 ejus
2570 1301 2885 1359 dilucidius
2908 1319 2973 1359 ac
3018 1303 3274 1360 divinius
3294 1303 3533 1360 edoctus
3554 1309 3731 1360 esset.

2089 1389 2227 1444 Orta
2256 1388 2435 1461 igitur
2463 1391 2786 1461 quaestione
2815 1392 2886 1447 de
2915 1391 3014 1449 illo
3046 1393 3222 1464 dicto,
3255 1410 3371 1465 quo
3411 1392 3624 1448 dicitur
3652 1393 3738 1448 in-

2090 1481 2394 1533 carnatum
2436 1478 2624 1534 Deum
2682 1479 2857 1536 simul
2917 1484 2975 1537 et
3031 1480 3236 1537 offerre
3293 1485 3351 1537 et
3403 1480 3614 1552 offerri,
3680 1485 3738 1536 et

2091 1566 2335 1623 eruditis
2367 1567 2518 1623 inter
2547 1584 2609 1624 se
2638 1568 3146 1638 dissentientibus,
3180 1570 3522 1642 disceptatio
3562 1570 3736 1642 longo

2090 1662 2347 1731 tempore
2378 1665 2465 1714 est
2504 1661 2783 1727 extracta,
2827 1658 3031 1715 multis
3088 1664 3145 1715 et
3191 1660 3736 1717 conﬁrmationibus

2088 1751 2146 1804 et
2168 1746 2664 1804 confutationibus
2697 1748 2968 1819 utrinque
3021 1748 3234 1806 allatis.
3274 1750 3493 1806 Verum
3550 1751 3735 1821 impe-

320 1841 602 1918 μεμύηται
657 1838 728 1893 τὰ
766 1838 891 1910 περὶ
952 1837 1117 1891 αὐτοῦ
1155 1835 1476 1912 τρανότερον
1523 1834 1615 1889 καὶ
1680 1831 1970 1905 θειότερον.

2086 1841 2277 1894 ratore
2299 1837 2405 1909 piae
2427 1842 2482 1894 et
2501 1853 2649 1893 verae
2675 1836 2976 1893 sententia:
3025 1841 3160 1909 post
3199 1836 3469 1894 solertem
3508 1841 3734 1893 contro-

308 1932 603 2002 Ζητήσεως
634 1927 732 1982 οὗν
787 1924 1088 2002 γενομένης
1138 1923 1258 1998 περῖ
1319 1927 1416 1979 τοῦ
1474 1925 1749 2000 Γραφικοῦ
1802 1922 1969 1995 ῥητοῦ

313 2018 343 2074 δ
376 2039 507 2095 φησι
535 2017 629 2071 τὸν
672 2013 1084 2089 σεσαρκωμένον
1145 2012 1274 2067 Θεὸν
1334 2010 1658 2086 προσφέρειν
1716 2029 1775 2064 τε
1830 2009 1971 2082 ὁμοῦ

306 2107 398 2165 καὶ
428 2105 851 2183 προσφέρεσθαι,
882 2101 974 2157 καὶ
1016 2105 1123 2157 τῶν
1177 2102 1301 2156 τότε
1358 2098 1569 2175 λογίων
1629 2095 1835 2174 ἀνδρῶν
1892 2096 1968 2159 εἲς

307 2194 544 2256 ἐναντίας
607 2192 801 2269 μοίρας
886 2189 1313 2264 ἀποκριθέντων,
1374 2188 1456 2264 ἐφ’
1507 2188 1690 2243 ἱκανὸν
1753 2188 1821 2241 τὰ
1872 2189 1970 2256 τῆς

303 2285 593 2358 ἑξετάσεως
653 2282 1053 2357 παρετάθησαν,
1114 2279 1299 2355 ῥήσεις
1350 2299 1410 2334 τε
1470 2276 1560 2333 καὶ
1628 2274 1968 2351 ἀντιρρήσεις

303 2376 356 2450 ἐξ
397 2375 664 2450 ἑκατέρων
713 2370 991 2447 ἐχύθησαν
1043 2374 1151 2424 τῶν
1214 2371 1413 2444 μερῶν.
1464 2366 1967 2443 Ὀρθοτομηθέντος

303 2463 362 2521 δέ
386 2468 488 2520 τοῦ
550 2461 919 2535 ζητουμένου,
968 2458 1059 2514 καὶ
1113 2461 1182 2533 τῇ
1243 2455 1376 2531 δόξῃ
1429 2455 1819 2532 προστεθέντος
1869 2458 1969 2510 τοῦ

305 2552 576 2632 βασιλέως
633 2554 702 2625 τῇ
757 2545 1005 2627 θεοφιλεῖ
1053 2568 1111 2603 τε
1165 2547 1253 2602 καὶ
1306 2547 1598 2621 κρείττονι,
1659 2543 1966 2619 καθαίρεσιν

316 2644 621 2713 ὑπέστησαν
671 2638 745 2702 ὠς
798 2636 1110 2712 ἀντίφρονες
1169 2636 1197 2690 ὁ
1254 2637 1596 2712 Ὑποψήφιος
1647 2636 1745 2703 τῆς
1804 2640 1966 2688 θεου.

318 2730 561 2798 πόλεως,
597 2727 839 2803 μεγάλης
875 2724 1215 2800 Ἀντιοχείας
1261 2727 1592 2800 Σωτήριχος
1649 2724 1677 2778 6
1738 2721 1969 2778 Παντεύ-

318 2839 500 2894 γενος,
534 2819 562 2871 6
594 2815 898 2893 Δυρραχίου
946 2817 1272 2884 Εύστάθιος,
1328 2816 1356 2869 6
1400 2820 1500 2883 τῆς
1565 2810 1967 2882 Θεσσαλονίκης

317 2904 568 2981 Μιχαὴλ
640 2905 728 2960 τὸν
800 2906 1088 2980 ῥητορικὸν
1166 2908 1387 2976 κοσμῶν
1455 2901 1645 2978 θρόνον
1729 2902 1821 2956 καὶ
1875 2901 1966 2956 τὸν

324 2994 679 3072 εὐαγγελικὸν
759 2991 1054 3051 ἀναϐαίνων
1132 2990 1449 3072 ὀκρίϐαντα,
1520 2994 1548 3048 ὁ
1632 2990 1968 3062 Βασιλάκης·

316 3078 632 3159 Νικηφόρος
673 3085 765 3146 τὰς
846 3089 946 3140 τοῦ
1012 3082 1234 3138 Παύλου
1323 3081 1672 3138 ἀναπτύσσων
1742 3081 1825 3136 ἐπ’
1878 3079 1968 3135 έκ-

306 3173 547 3246 κλησίας
576 3172 864 3237 ἐπιστολὰς
896 3176 987 3230 καὶ
1021 3171 1416 3230 διαλευκαίνων
1473 3176 1550 3244 τῷ
1605 3179 1707 3242 τῆς
1738 3168 1967 3246 καλλιῤ-

301 3264 627 3343 ῥημοσύνης
656 3265 796 3340 φωτὶ
853 3264 970 3319 ὅσαι
1036 3270 1145 3319 τῶν
1196 3261 1581 3319 ἀποστολικῶν
1630 3261 1840 3337 ῥήσεων
1897 3267 1967 3337 τῇ

301 3353 528 3433 ἀσαφείᾳ
562 3353 1023 3428 ύπομελαίνονται
1069 3354 1161 3408 καὶ
1218 3355 1299 3426 τῷ
1361 3352 1516 3428 βάθει
1574 3356 1670 3407 τοῦ
1723 3350 1968 3424 πνεύμα-

298 3466 394 3507 τος
452 3442 858 3524 ἐπιφρίσσουσι.
938 3444 1163 3520 Λέγεται
1248 3439 1306 3497 δὲ
1362 3442 1438 3503 ὠς
1516 3444 1616 3497 τοῦ
1689 3438 1967 3519 δόγματος

299 3534 499 3591 τούτου
556 3531 994 3608 ὑποκινουμένου
1051 3533 1141 3587 καὶ
1187 3531 1263 3592 εἷς
1307 3533 1497 3601 κοινὴν
1556 3531 1967 3606 έπικρινομένου

301 3630 634 3698 προτεθῆναι
729 3624 991 3699 βάσανον,
1070 3620 1284 3695 έξώρως
1372 3621 1668 3698 ἐκραγῆναι
1730 3621 1968 3695 βροντὴν

307 3713 565 3787 έξαισίαν,
600 3713 691 3788 ὑφ’
739 3712 808 3781 ἧς
865 3712 953 3767 καὶ
1012 3712 1483 3786 περικτυπηθῆναι
1540 3711 1635 3773 τὰς
1688 3708 1855 3771 ἀκοὰς
1905 3710 1968 3764 τὸ

312 3805 467 3860 συνὸν
497 3805 635 3860 ἅπαν
666 3809 745 3877 τῷ
800 3802 1017 3879 βασιλεῖ
1072 3803 1208 3857 κατὰ
1266 3800 1602 3877 Πελαγονίαν
1636 3796 1968 3877 διατρίϐοντι

308 3895 455 3968 τότε,
489 3894 564 3957 ὠς
600 3893 710 3949 ἀπὸ
739 3896 838 3947 τοῦ
895 3890 1102 3948 κτύπου
1159 3889 1411 3953 πολλοὺς
1468 3889 1544 3954 εἷς
1604 3893 1706 3966 γῆν
1737 3888 1970 3945 καταπί-

308 4003 484 4041 πτειν·
539 3984 632 4038 καί
689 4002 811 4037 τινα
864 3985 974 4037 τῶν
1033 3979 1206 4056 λόγου
1246 3980 1557 4056 τροφίμων,
1603 3978 1795 4036 Ἦλίαν
1850 3978 1972 4034 τοὶς-

304 4074 605 4148 νομα,την
634 4071 816 4147 τύχην
875 4071 1007 4145 ὑπὲρ
1067 4067 1197 4132 τοὺς
1255 4068 1525 4141 πολλοὺς,
1581 4072 1679 4124 τοῦ
1738 4074 1968 4146 στρατοῦ

302 4162 543 4243 φύλακα,
608 4156 807 4237 βίϐλον
876 4158 1248 4232 ἀναπτύξαντα
1330 4156 1454 4233 περὶ
1545 4159 1789 4234 βροντῶν
1876 4158 1966 4214 καὶ

302 4255 543 4326 σεισμῶν
573 4248 902 4321 διεξιοῦσαν,
932 4250 1025 4303 καὶ
1079 4248 1148 4303 τὰ
1194 4248 1316 4321 περὶ
1375 4248 1469 4302 τὸν
1520 4247 1709 4318 καιρὸν
1769 4247 1968 4303 ἐκεῖνον

296 4343 417 4398 καθ’
514 4339 574 4395 ὅν
636 4333 964 4414 ἐϐρόντησεν
1051 4334 1371 4405 ἐπελθόντα,
1447 4336 1718 4409 φάσκοντα
1791 4336 1968 4409 εὑρεῖν

304 4431 532 4500 οὑτωσὶ,
566 4431 780 4487 uram:
835 4429 1038 4505 σοφῶν.
1075 4423 1154 4484 Oi)
1206 4421 1372 4500 μόνον
1426 4424 1606 4480 τοίνυν
1666 4425 1718 4479 o't
1777 4423 1969 4499 ρηθέν-

302 4543 390 4586 τες
438 4518 655 4598 ἂνδρες,
713 4519 820 4575 τῶν
884 4520 1181 4589 τηνικαῦτα
1243 4519 1425 4593 σοφῶν
1459 4509 1610 4579 ὄντες
1667 4515 1719 4570 οἱ
1776 4512 1967 4590 κράτι-

2080 1926 2281 1983 versize
2299 1926 2742 1999 explicationem
2778 1942 3041 1995 assenso,
3075 1926 3393 1984 adversarii
3430 1925 3555 1983 loco
3588 1925 3729 1982 moti

2080 2020 2220 2075 sunt
2247 2021 2310 2073 ut
2340 2032 2641 2088 perperam
2674 2016 3014 2084 sentientes,
3049 2015 3493 2090 HypOpsephius
3522 2015 3716 2071 Theo-

2080 2108 2395 2182 politanus,
2447 2107 2791 2163 Soterichus
2839 2110 3252 2180 Panteugenus
3301 2106 3719 2173 Antiochenus,

2079 2195 2420 2254 Eustathius
2450 2195 2866 2269 Dyrrachinus,
2900 2196 3054 2252 270
3108 2195 3355 2255 Michael
3412 2195 3721 2253 Thessalo-

2082 2286 2338 2343 nicensis
2387 2286 2782 2355 concionator,
2840 2284 3204 2359 Nicephorus
3257 2284 3568 2356 Basilaces,
3624 2289 3725 2360 qui

2079 2376 2351 2432 Paulinus
2383 2375 2667 2448 epistolas
2722 2376 3218 2449 interpretabatur
3272 2380 3331 2433 et
3360 2377 3582 2435 lumine
3611 2376 3725 2434 elo-

2077 2465 2331 2537 quentia;
2378 2464 2835 2537 apostolicorum
2892 2468 3248 2539 scriptorum
3305 2467 3726 2524 obscuritatem

2079 2554 2366 2611 altissimo
2396 2554 2608 2626 spiritu
2639 2555 2907 2611 refertam
2939 2555 3291 2611 illustrabat.
3318 2557 3553 2626 Ferunt,
3586 2572 3721 2612 cum

2077 2644 2201 2701 haec
2222 2645 2615 2700 controversia
2647 2644 2969 2717 agitaretur
2992 2649 3048 2700 et
3071 2644 3302 2718 publice
3345 2645 3726 2718 disceptanda

2079 2733 2721 2807 pr0poneretur,alieno
2743 2734 3164 2805 annitemporc
3206 2733 3416 2806 ingens
3459 2733 3725 2805 erupisse

2076 2822 2322 2890 tonitru,
2354 2826 2411 2878 et
2431 2821 2672 2878 auribus
2692 2838 2891 2879 eorum
2928 2823 3192 2878 omnium
3252 2823 3353 2895 qui
3407 2827 3531 2879 tum
3561 2822 3723 2879 Pela-

2077 2910 2262 2985 goniae
2314 2926 2449 2967 cum
2508 2910 2859 2983 imperatore
2908 2918 3070 2967 erant
3127 2912 3207 2968 ita
3262 2910 3600 2969 insenuisse
3659 2916 3723 2967 ut

2078 2999 2349 3056 nonnulli
2379 2999 2542 3056 humi
2573 2998 3032 3072 prolaberentur.
3072 3000 3143 3056 Et
3189 3000 3376 3057 Eliam
3408 3001 3719 3074 quemdam

2077 3089 2375 3146 hominem
2407 3088 2698 3146 eruditum
2730 3092 2787 3144 et
2818 3089 3129 3158 celebrem,
3159 3094 3358 3163 aperto
3413 3090 3562 3147 libro
3620 3091 3722 3163 qui

2081 3179 2152 3235 de
2175 3178 2487 3235 tonitribus
2507 3182 2565 3234 et
2586 3179 3013 3235 terraemotibus
3037 3179 3366 3251 dissereret,
3380 3184 3438 3236 et
3462 3181 3534 3237 iis
3556 3180 3722 3237 lectis

2081 3285 2208 3341 quas
2240 3267 2314 3324 ad
2342 3271 2576 3340 tempus
2608 3266 2754 3324 illud
2785 3268 3161 3340 pertinerent,
3221 3270 3503 3342 scriptum
3562 3271 3717 3327 inve-

2074 3357 2234 3414 niese
2264 3359 2432 3414 Casus
2496 3358 2833 3430 sapientum.
2881 3358 3084 3431 Itaque
3139 3375 3255 3416 non
3306 3360 3345 3415 ii
3377 3360 3548 3417 modo
3579 3377 3724 3434 quos

2074 3447 2351 3518 diximus,
2385 3448 2689 3503 doctorum
2715 3448 3127 3517 eruditissimi,
3160 3448 3425 3507 ecclesiis
3464 3450 3618 3523 pulsi
3668 3455 3726 3506 et

2074 3535 2348 3591 omnibus
2377 3535 2559 3592 sacris
2591 3535 2933 3592 ministeriis
2962 3537 3254 3594 interdicti
3295 3544 3455 3608 sunt,
3488 3541 3592 3595 sed
3622 3540 3723 3597 alii

2074 3639 2306 3696 quoque
2326 3641 2440 3678 una
2465 3640 2598 3681 cum
2626 3624 2765 3680 illis.
2790 3624 3027 3696 Aliquot
3052 3626 3223 3682 annis
3245 3632 3377 3698 post
3396 3628 3720 3698 quaestione

2075 3714 2146 3769 de
2177 3712 2278 3768 Dei
2312 3713 2566 3768 hominis
2595 3714 2749 3769 dicto
2782 3731 2797 3769 :
2859 3736 2887 3764 ι(
2949 3718 3115 3769 Pater
3171 3715 3357 3784 major
3403 3719 3492 3771 est
3539 3731 3657 3783 me,
3687 3738 3715 3766 »

2073 3800 2391 3873 preposita,
2425 3816 2630 3871 parum
2662 3801 2880 3856 curatis
2921 3802 3157 3857 Patrum
3209 3802 3719 3877 explicationibus,

2073 3889 2264 3961 iisque
2288 3888 2464 3945 variis
2494 3894 2551 3945 et
2583 3890 2653 3944 ad
2714 3892 3117 3947 controversiae
3174 3892 3616 3964 explicationem
3668 3904 3725 3950 et

2073 3978 2526 4036 declarationem
2559 3978 3013 4049 sufﬁcientibus,
3041 3996 3180 4035 suas
3210 3981 3721 4054 interpretationes

2074 4067 2293 4137 attulit,
2323 4084 2538 4140 easque
2570 4066 2945 4139 pertinaciter
2973 4068 3267 4125 defendit:
3330 4078 3384 4126 et
3441 4073 3510 4127 ad
3552 4089 3721 4130 suam

2070 4158 2427 4216 voluntatem
2458 4158 2606 4214 277
2643 4161 2700 4212 et
2741 4158 3094 4214 sententiam
3152 4158 3570 4217 universalium
3628 4162 3726 4219 do-

2074 4253 2302 4305 ctorum
2336 4246 2680 4314 sententias,
2713 4263 2828 4302 non
2880 4249 3052 4304 modo
3105 4247 3334 4304 veritati
3365 4268 3482 4307 non
3517 4252 3725 4309 adver-

2073 4341 2272 4393 santes
2293 4336 2390 4391 sed
2416 4334 2698 4391 divinitus
2712 4334 3563 4405 editas,accommodavit.Nam
3590 4358 3725 4397 cum

2074 4426 2175 4482 alii
2205 4425 2400 4481 dicant
2430 4424 2658 4480 Patrem
2693 4432 2756 4479 ut
2777 4423 3219 4481 Filiiauctorem
3257 4427 3375 4484 dici
3413 4430 3718 4499 majorem,

2078 4514 2177 4571 alii
2209 4514 2279 4571 de
2311 4516 2518 4569 natura
2551 4512 2812 4569 humana
2855 4512 2912 4568 id
2938 4512 3286 4584 intelligant,
3318 4520 3375 4570 et
3408 4514 3465 4570 id
3500 4516 3719 4573 dictum

310 4584 452 4680 στοι,
506 4584 996 4681 1:7)¢"Exx)\natac
1057 4584 1594 4685 ἆπεσφενδονήθησαν
1643 4602 1734 4659 καὶ
1788 4584 1970 4675 πάσης

2083 4622 2199 4662 non
2232 4603 2417 4661 Verbo
2450 4604 2553 4660 sed
2586 4607 2903 4675 assumptus
2962 4603 3122 4660 carni
3179 4604 3525 4676 attribuant,
3556 4609 3622 4662 ut
3663 4611 3722 4663 et

309 4702 455 4775 ἱερᾶς
490 4700 789 4776 ὑπηρεσίας
848 4695 1373 4768 έξωστρακίσθησαν,
1423 4691 1571 4748 ἄλλα
1630 4694 1723 4748 σὺν
1781 4694 1969 4749 αὐτοῖς

310 4793 401 4846 καὶ
424 4787 603 4867 ἕτεροι
643 4792 754 4844 τῶν
809 4789 970 4859 ἱερῶν
1029 4786 1122 4841 καὶ
1162 4783 1319 4840 θείων
1378 4779 1693 4858 περιϐόλων
1749 4783 1967 4852 ἀποση-

317 4880 597 4939 κασθέντες
650 4875 959 4947 ἠλάθησαν.
1008 4872 1155 4930 Μετὰ
1223 4871 1457 4948 χρόνους
1529 4870 1586 4926 δέ
1639 4892 1788 4934 τινας
1841 4873 1965 4944 τήν·

313 4993 342 5023 α
373 4970 435 5029 Ὀ
467 4969 661 5042 Πατήρ
705 4986 812 5040 μου
866 4965 1067 5039 μείζων
1126 4961 1234 5036 μού
1300 4960 1493 5033 έστι,››
1547 4964 1645 5016 τοῦ
1704 4961 1968 5036 θεανθρώ-

305 5079 412 5114 που
467 5056 659 5134 φωνην
712 5055 934 5129 προθείς
992 5052 1069 5116 είς
1124 5051 1380 5123 ἐξέτασιν,
1467 5048 1631 5126 ὁλίγα
1715 5055 1801 5124 ΙΡ.
1847 5054 1969 5124 138]

302 5153 428 5210 ταῖς
478 5151 588 5201 τῶν
651 5147 905 5219 Πατέρων
964 5143 1260 5217 προσσχὼν
1290 5139 1601 5215 ἐξηγήσεσι,
1657 5141 1747 5196 καὶ
1800 5146 1968 5195 ταῦτα

306 5236 600 5312 διαφόροις
635 5230 824 5291 οὔσαις
874 5233 963 5287 καὶ
1022 5233 1229 5292 ἱκαναῖς
1281 5230 1418 5304 πρὸς
1476 5232 1577 5299 τὴν
1636 5233 1733 5285 τοῦ
1776 5235 1969 5300 ζητου-

307 5325 470 5400 μένου
548 5321 889 5399 παράστασιν
971 5319 1060 5376 καὶ
1148 5318 1462 5396 σαφήνειαν,
1546 5317 1967 5396 ἐφερμηνεύσεις

303 5414 502 5477 οἷ’κείας
565 5413 871 5486 εἰσήνεγκε,
934 5408 1263 5487 φιλονείκως
1331 5409 1441 5462 τῶν
1500 5407 1636 5477 ἅπαξ
1696 5405 1964 5477 δοξάντων

304 5505 732 5579 περιεχόμενος,
790 5497 883 5553 καὶ
939 5497 1074 5572 πρὸς
1130 5496 1193 5551 τὸ
1251 5495 1449 5551 οἰκεῖον
1505 5496 1783 5560 ἀνθέλκων
1835 5496 1966 5570 βού-

298 5589 485 5667 λημα,
515 5591 610 5649 καὶ
640 5590 671 5646 6'
702 5587 968 5664 κυρώσειν
999 5585 1280 5662 προέθετο,
1309 5586 1407 5648 τὰς
1466 5582 1635 5659 μηδὲν
1694 5588 1763 5658 τῇ
1822 5583 1965 5654 ἀλη-

315 5678 430 5755 θείᾳ
456 5678 895 5759 λυμαινομένας,
924 5674 1071 5733 ἀλλὰ
1113 5674 1388 5752 θεοσόφως
1434 5671 1725 5749 λεχθείσας
1781 5671 1964 5750 ῥήσεις

2079 4694 2180 4751 illa
2205 4696 2277 4750 de
2309 4692 2660 4764 profectione
2690 4694 2761 4748 ad
2816 4692 3068 4759 Patrem,
3095 4693 3164 4748 de
3207 4693 3456 4748 adventu
3516 4695 3724 4766 princi-

2080 4784 2170 4856 pis
2204 4781 2431 4851 mundi,
2464 4781 2563 4851 qui
2594 4780 2741 4837 nihil
2774 4781 2831 4837 in
2864 4781 2987 4852 ipso
3032 4780 3328 4838 inveniat:
3358 4782 3477 4851 alii,
3509 4784 3619 4841 etsi
3652 4786 3723 4841 de

2076 4871 2267 4929 Verbo
2309 4884 2505 4926 vocem
2537 4870 2713 4938 maior
2744 4869 3055 4941 accipiant,
3088 4886 3202 4926 non
3227 4870 3492 4928 absolute
3530 4879 3722 4930 tamen

2078 4965 2137 5018 et
2164 4957 2572 5025 essentialiter,
2606 4959 2707 5014 sed
2742 4958 2816 5014 ob
2874 4958 3383 5017 inhumanationis
3430 4978 3723 5020 summam

2078 5047 2551 5108 extenuationem
2583 5053 2638 5102 et
2670 5046 3106 5115 humilitatem;
3159 5053 3335 5121 atque
3392 5049 3492 5106 alii
3534 5050 3723 5121 aliter,

2080 5136 2171 5209 pie
2226 5140 2443 5203 tamen,
2502 5132 2826 5205 eXplicent:
2874 5132 2969 5202 iis,
3030 5134 3224 5190 nescio
3291 5138 3605 5208 quomodo,
3664 5143 3727 5193 ut

2078 5224 2390 5298 propositis
2410 5222 2717 5294 quaestioni
2743 5239 2858 5278 non
2903 5222 3396 5279 satisfacientibus
3430 5212 3729 5298 improba-

2076 5314 2360 5382 tis,aliam
2393 5311 2589 5368 attulit
2618 5311 3191 5384 interpretationem,
3224 5312 3560 5386 indictaque
3588 5330 3728 5370 con-

2078 5404 2212 5460 cilio
2260 5407 2316 5458 et
2372 5401 2650 5457 omnibus
2704 5417 3004 5458 sacrarum
3058 5401 3402 5456 Litterarum
3445 5402 3726 5458 studiosis

2077 5492 2407 5553 convocatis
2439 5491 2701 5564 singulos
2724 5494 2990 5549 hortatus
3036 5495 3124 5548 est
3154 5496 3217 5546 ut
3254 5492 3305 5547 ei
3354 5492 3583 5547 decreto
3617 5492 3721 5545 hoc

2077 5585 2253 5640 mado
2284 5580 2754 5638 subscriberent:
2788 5603 2816 5631 ‹‹
2839 5580 3118 5651 Equidem
3152 5579 3327 5635 etiam
3383 5581 3715 5634 sanctorum

2077 5676 2318 5731 Patrum
2351 5684 2519 5727 voces
2552 5670 2623 5726 de
2684 5669 2781 5727 illo
2838 5669 3011 5741 dicto,
3072 5669 3237 5723 Pater
3286 5666 3464 5731 maior
3498 5671 3709 5729 estme,
