4140 6290
396 403 516 464 563

1722 393 2033 457 NICETIE
2075 393 2511 457 CHONIATE

3697 399 3814 459 564

403 533 758 608 amplector:
793 531 886 589 aio
915 535 1112 588 tamen
1144 529 1200 584 id
1235 529 1450 585 dictum
1487 528 1772 601 pertinere
1803 527 1871 582 ad
1914 542 2044 582 car-

2175 530 2261 582 τῶν
2328 527 2612 602 μακαρίων
2655 522 2998 584 διδασκάλων
3032 534 3134 598 τῆς
3181 525 3533 602 οικουμένης.
3561 529 3684 586 Τῶν
3723 528 3818 602 μὲν

407 641 540 681 nem
575 625 632 679 in
663 639 729 679 eo
762 621 1057 678 conditam
1085 625 1142 674 et
1172 617 1532 691 passibilem.
1570 639 1599 668 »
1657 616 1820 682 Quod
1861 615 2056 672 nescio

409 713 700 787 quomodo
723 711 868 768 Filio
893 711 1190 766 inoarnato
1218 709 1414 764 minus
1437 708 1643 764 tribuit
1664 723 1838 780 quam
1879 705 2056 778 Patri,

409 801 650 876 perinde
681 817 746 855 ac
779 800 824 855 si
851 801 925 855 ob
951 806 1170 854 natura)
1195 797 1467 853 humanae
1510 797 1973 870 aesumptionem
2003 799 2062 850 et

411 891 944 964 peregrinationem
971 888 1028 943 in
1052 891 1265 944 terram
1283 892 1406 958 pari
1427 888 1712 958 dignitate
1749 885 2063 943 excidisset

411 996 477 1036 ac
499 995 667 1036 suam
726 977 1124 1034 auctoritatem
1183 975 1335 1032 278
1387 977 1648 1046 emisset,
1689 983 1742 1030 et
1794 975 1948 1030 intra
1988 972 2060 1028 li-

412 1069 580 1126 mites
611 1066 1037 1124 extenuationis
1066 1066 1446 1134 constitisset,
1508 1083 1572 1121 ac
1637 1082 1751 1122 non
1804 1065 2064 1121 deiﬁcas-

411 1164 502 1216 set
530 1163 586 1213 et
615 1157 915 1213 extulisset
945 1154 1216 1222 humilia,
1238 1158 1296 1210 et
1315 1171 1424 1210 sua
1451 1154 1636 1228 gloria
1662 1171 1764 1227 per
1785 1155 2064 1210 unionem

413 1247 572 1304 illam
607 1250 876 1303 ornasset
907 1245 1101 1316 potius
1127 1259 1299 1314 quam
1353 1260 1422 1299 ea
1473 1259 1531 1299 re
1583 1243 1710 1315 ipse
1752 1245 2064 1315 depressus

413 1341 584 1394 esset.
648 1335 808 1400 Quod
871 1333 1190 1390 absurdum
1237 1336 1340 1388 est.
1400 1334 1590 1404 Atque
1647 1332 1820 1415 etiam
1890 1332 2067 1388 rubra

415 1426 706 1498 scriptura
732 1430 1018 1496 tanquam
1069 1440 1206 1478 ense
1261 1423 1536 1478 ﬂammeo
1597 1423 1896 1479 decretum
1955 1421 2066 1478 hoc

417 1515 688 1585 munivit,
721 1531 834 1586 quo
889 1517 1128 1569 mortem
1182 1511 1566 1568 minitabatur
1617 1516 1674 1566 et
1734 1527 2069 1568 excommu-

421 1603 773 1674 nicationem
816 1601 866 1658 ei
921 1601 1041 1672 qui,
1095 1616 1212 1657 non
1272 1601 1399 1656 dico
1468 1601 1658 1672 prima
1713 1599 2070 1672 impulsione

420 1679 616 1749 animi
637 1689 1058 1764 reprehendere
1081 1695 1137 1746 et
1162 1689 1666 1758 submurmurare,
1697 1691 1798 1746 sed
1838 1693 2068 1746 tantum

424 1779 806 1851 introspicere
834 1796 1016 1835 ausus
1058 1781 1229 1835 esset.
1291 1777 1510 1834 Deinde
1565 1778 1718 1834 idem
1771 1778 2068 1835 decretum

2165 617 2266 693 γάρ
2323 615 2599 692 λεγόντων
2656 615 2736 690 τῷ
2792 617 2951 690 αἰτίῳ
2995 617 3239 691 εἰρῆσθαι
3289 619 3534 692 μείζονα,
3583 623 3694 672 τῶν
3760 614 3815 674 δὲ

2166 703 2302 759 κατά
2331 705 2394 759 τὸ
2425 704 2760 776 ἀνθρώπινον
2819 702 3185 782 ἐξειληφότων
3242 705 3332 759 καὶ
3391 708 3471 778 τῷ
3517 703 3814 781 προσλήμ-

2175 811 2326 866 ματι,
2368 793 2432 848 οὐ
2460 797 2540 865 τῷ
2571 790 2724 866 λόγῳ
2751 795 2852 863 τήν
2914 795 3100 871 φωνήν
3167 793 3366 864 ταύτην
3436 793 3813 868 ἀπονειμαμέ-

2169 902 2298 953 νων,
2356 880 2538 957 ὣσπερ
2593 883 2682 937 καὶ
2750 883 2812 938 τὸ
2872 884 3008 958 πρὸς
3063 886 3155 939 τὸν
3216 883 3426 958 Πατέρα
3483 882 3809 959 πορεύεσθαι

2171 973 2259 1026 mi.
2292 971 2354 1027 τὸ
2385 967 2638 1048 ἔρχεσθαι
2669 975 2766 1027 τοῦ
2810 971 3021 1046 κόσμου
3077 973 3168 1028 τὸν
3226 973 3467 1048 ἄρχοντα
3522 973 3611 1028 xii
3663 971 3810 1047 ἔρευο

2171 1065 2347 1116 νῶντα
2417 1059 2586 1133 μηδὲν
2639 1059 2784 1124 ὅλως
2815 1062 3080 1137 εὑρίσκειν
3152 1059 3204 1116 ἐν
3288 1063 3460 1134 αὐτῷ,
3535 1060 3694 1117 τινῶν
3757 1060 3813 1118 δὲ

2173 1153 2295 1224 περὶ
2337 1153 2432 1206 τοῦ
2465 1149 2641 1226 λόγου
2669 1153 2731 1206 τὸ
2774 1155 2958 1222 μεῖζον
3007 1146 3416 1224 ἐκλαϐομένων,
3467 1150 3577 1227 οὐχ
3625 1152 3816 1214 ἁπλῶς

2176 1238 2234 1295 δὲ
2273 1239 2363 1295 καὶ
2393 1245 2508 1294 κατ’
2541 1239 2748 1311 οὐσίαν,
2779 1238 2922 1295 ἂλλᾶ
2954 1237 3043 1295 διὰ
3071 1241 3169 1310 τὴν
3217 1242 3272 1295 ἓν
3326 1245 3408 1314 τῷ
3463 1238 3816 1316 ἔνανθρωπῆ-

2172 1351 2264 1388 οαι
2295 1329 2460 1406 ἄκραν
2481 1329 2706 1386 κένωσιν
2735 1331 2823 1386 καὶ
2852 1330 3197 1399 ταπείνωσιν,
3247 1330 3336 1386 καὶ
3392 1329 3581 1387 ἄλλων
3630 1329 3816 1395 ἄλλως

2177 1415 2416 1483 εὐσεϐῶς
2454 1421 2634 1494 μέντοι
2669 1417 3054 1494 ἐκδεξαμένων.
3099 1420 3298 1484 ταύτας
3339 1421 3441 1476 οὐκ
3498 1418 3606 1476 οἶδ’
3669 1422 3818 1486 ὃπως

2179 1509 2506 1584 ἀποστέρξας
2564 1509 2640 1572 ὡς
2726 1508 2839 1584 οὐχ
2876 1511 3076 1574 ἱκανῶς
3120 1510 3246 1585 περὶ
3309 1512 3408 1564 τοῦ
3454 1508 3818 1584 προκειμένου

2180 1599 2456 1667 εἶπούσας,
2524 1599 2614 1654 καὶ
2670 1599 2865 1674 ἑτέρως
2923 1597 3056 1654 αὐτὸ
3129 1597 3516 1673 διηρμήνευεν.
3597 1599 3818 1675 Ἀμέλει

2179 1691 2271 1745 καὶ
2303 1686 2527 1745 σύνοδον
2568 1691 2952 1766 συγκροτήσας
2989 1687 3078 1744 καὶ
3119 1683 3259 1744 ἅπαν
3314 1687 3440 1744 ὅσον
3495 1694 3613 1752 τοῖς
3655 1689 3822 1756 θείοις

2181 1773 2370 1854 ἔχαιρε
2445 1775 2674 1853 δόγμασι
2759 1776 3136 1852 συναθροίσας,
3222 1776 3413 1855 ἐνῆγεν
3488 1775 3711 1834 ἕκαστον
3769 1779 3820 1836 ἐν

420 1873 492 1926 de
532 1868 921 1940 quorumdam
971 1881 1342 1924 assensorqu
1373 1865 1460 1922 vel
1513 1871 1943 1923 assentatorum
1977 1885 2067 1940 po-

2178 1867 2338 1942 τόμῳ
2401 1864 2717 1944 δογματικῷ
2821 1865 3157 1947 ὑπογράφειν
3244 1867 3525 1942 ὁρίζοντας
3605 1869 3823 1924 οὑτωσί*

421 1957 540 2015 tius
567 1958 810 2016 consilio
842 1958 1088 2031 lapideis
1117 1957 1336 2014 tabulis
1368 1956 1726 2028 insculptum
1787 1958 1846 2012 in
1888 1958 2070 2013 maxi-

421 2066 516 2105 mo
541 2049 760 2122 templo
793 2049 1099 2106 dedicavit.
1130 2049 1500 2104 Verebantur
1527 2047 1684 2103 enim
1735 2063 1806 2102 ne
1848 2048 2072 2104 sanctio

421 2138 541 2205 illa,
575 2143 637 2195 ut
668 2155 795 2212 quae
831 2142 1113 2212 praetextu
1149 2137 1346 2193 carnis
1376 2135 1490 2208 ipsi
1519 2135 1704 2193 Verbo
1745 2136 2070 2209 derogaret,

423 2231 822 2303 abrogaretur,
856 2230 1178 2301 praesertim
1213 2243 1346 2284 cum
1378 2226 1851 2284 extenuationem
1873 2233 1929 2284 et
1958 2227 2072 2284 hu-

422 2319 729 2375 manitatis
760 2318 1042 2375 rationem
1079 2317 1513 2390 praeteriissent.

2181 1983 2209 2012 ι(
2240 1953 2619 2032 ’Λποδέχομαι
2679 1957 2774 2030 μὲν
2825 1955 2915 2011 καὶ
2943 1956 3040 2018 τὰς
3069 1957 3194 2032 περὶ
3224 1960 3347 2029 τοῦ,
3389 1957 3450 2014 Ὀ
3493 1958 3680 2032 Πατήρ
3715 1979 3816 2032 μου

2183 2047 2381 2122 μείζων
2461 2045 2566 2119 μού
2616 2045 2752 2117 ἐστι,
2811 2049 2919 2100 τῶν
2973 2047 3251 2126 θεοφόρων
3311 2045 3564 2122 Πατέρων
3617 2049 3816 2126 φωνὰς,

2179 2133 2416 2213 λέγωδὲ
2442 2134 2689 2212 εἰρῆσθαι
2719 2139 2882 2190 τοῦτο
2921 2135 3010 2190 καὶ
3071 2136 3207 2190 κατά
3261 2137 3360 2206 τὴν
3413 2137 3465 2191 ὲν
3507 2135 3659 2211 αὐτῷ
3703 2159 3820 2194 κτι-

2179 2227 2308 2295 στὴν
2343 2223 2432 2280 καὶ
2471 2225 2722 2294 παθητὴν
2753 2224 2944 2299 σάρκα,
2981 2247 3008 2276 ››
3041 2227 3218 2281 Τοῦτο
3251 2222 3310 2280 δὲ
3359 2225 3459 2280 οὐκ
3515 2223 3619 2281 οἷδ’
3675 2229 3820 2288 ὅπως

2175 2317 2238 2371 τὸ
2269 2312 2491 2372 ἔλαττον
2533 2313 2669 2389 πρὸς
2701 2314 2789 2368 τὸν
2832 2312 3044 2390 Πατέρα
3075 2317 3153 2386 τῲ
3182 2315 3296 2386 Υἱῷ
3351 2319 3825 2392 σαρκοφορήσαντι

421 2407 784 2481 περιτίθησιν,
834 2407 907 2468 ὡς
963 2405 1112 2482 εἷ’περ
1171 2403 1526 2474 ἀπωλίσθησε
1577 2403 1678 2473 τῆς
1736 2403 1989 2474 ἰσότητος
2045 2403 2136 2462 διὰ
2182 2407 2281 2476 τὴν
2338 2403 2685 2478 ἀνθρωπίνης
2743 2403 2952 2481 φύσεως
3010 2402 3328 2479 πρόσληψιν
3386 2403 3478 2459 καὶ
3535 2407 3636 2474 τὴν
3696 2407 3830 2484 πρὸς

423 2497 572 2568 ἡμᾶς
599 2493 919 2570 ἐπιδημίαν,
958 2496 1031 2569 μὴ
1064 2497 1164 2565 τήν
1195 2491 1335 2549 ἰδίαν
1365 2493 1456 2548 καὶ
1480 2493 1654 2556 οὕτως
1684 2493 1974 2562 ἀνασώζων
2035 2492 2210 2566 δόξαν,
2264 2499 2382 2558 τοῖς
2439 2489 2497 2548 δὲ
2551 2498 2652 2561 τῆς
2697 2492 2974 2554 κενώσεως
3009 2491 3228 2566 μέτροις
3261 2491 3643 2566 ἐναπομείνας,
3673 2494 3710 2565 ἢ
3753 2499 3824 2570 μή

424 2585 630 2648 θεώσας
659 2585 748 2640 καὶ
781 2584 999 2659 ὑψώσας
1031 2585 1092 2640 τὸ
1122 2585 1376 2640 ταπεινὸν
1420 2581 1510 2638 καὶ
1557 2587 1664 2637 τῶν
1713 2581 1926 2638 οἰκείων
1982 2583 2324 2664 αὐχημάτων
2387 2582 2626 2656 μέτοχον
2684 2577 2958 2651 ἀναδείξας
2985 2580 3036 2654 ἐξ
3070 2580 3240 2650 αὐτῆς
3269 2587 3370 2651 τῆς
3401 2581 3668 2656 ένώσεως,
3700 2583 3824 2642 ἀλλ’

423 2674 512 2730 ὑπ’
569 2673 732 2729 αὐτοῦ
787 2673 1096 2730 τούναντίον
1150 2673 1519 2744 ταπεινωθεὶς,
1571 2672 1700 2748 ὅπερ
1757 2673 1983 2729 ἄτοπον.
2046 2671 2270 2748 Ἀμέλει
2327 2671 2416 2728 καὶ
2474 2676 2708 2748 γραφαῖς
2765 2669 3013 2745 ἐρυθραῖς
3063 2671 3139 2734 ὠς
3197 2669 3444 2754 φλογίνῃν
3489 2673 3735 2754 ῥομφαίᾳ
3761 2677 3820 2732 τὸ

423 2761 600 2840 δόγμα
627 2768 792 2820 τοῦτο
823 2762 1144 2839 διειληφὼς,
1179 2761 1532 2826 ἀπειλούσαις
1584 2763 1808 2827 θάνατον
1851 2763 1942 2818 καὶ
1991 2762 2322 2837 ἀποκήρυξιν
2373 2759 2610 2822 πίστεως
2655 2762 2732 2830 τῷ
2770 2754 3188 2833 προσεμϐλέψαι
3221 2758 3366 2821 ὅλως
3418 2753 3568 2817 ἔνδον
3597 2762 3820 2837 τολμή-

421 2874 570 2908 σαντι
599 2854 688 2908 καὶ
722 2855 859 2908 κατᾶ
922 2854 1148 2929 πρώτην
1216 2856 1313 2908 τοῦ
1379 2856 1474 2907 νοῦ
1539 2851 1770 2924 κίνησιν,
1810 2849 2012 2924 πολλῷ
2077 2849 2184 2907 δέω
2251 2851 2416 2906 είπεῖν
2480 2843 2866 2923 έπιλαϐομένῳ
2929 2849 3019 2903 καὶ
3089 2849 3599 2925 ὑποτονθορύσαντι,
3639 2849 3823 2910 ἔπειτα

421 2939 650 3004 λιθίναις
713 2941 908 3013 πλαξὶν
977 2939 1274 3018 ἒγχαράξας
1346 2942 1648 3011 ὑποθήκαις
1711 2946 1874 2996 τινῶν
1938 2945 2048 2996 τῶν
2112 2937 2629 2996 ἐπακολουθούντων
2718 2937 2865 3010 αὐτῷ
2931 2937 3021 2993 καὶ
3087 2935 3497 2995 κολακευόντων
3567 2940 3655 2997 ἐπὶ
3719 2944 3823 2998 νεὼ

417 3035 515 3086 τοῦ
549 3031 806 3106 μεγίστου
845 3030 1080 3086 ἀνέθετο.
1111 3033 1460 3110 Ὑφεωρῶντο
1509 3029 1612 3104 γὰρ
1660 3030 1758 3098 τὴν
1811 3033 1922 3086 τῶν
1971 3029 2322 3106 κυρωθέντων
2374 3027 2628 3083 ἀνάλυσιν
2677 3028 2752 3089 ὡς
2781 3027 2856 3088 εἷς
2886 3027 3046 3082 αὑτὸν
3075 3027 3168 3082 τὸν
3199 3026 3367 3104 λόγον
3410 3027 3500 3084 διὰ
3531 3029 3702 3105 μέσης
3727 3037 3830 3100 τῆς

423 3121 620 3194 σαρκὸς
651 3118 1036 3196 ἀποφερόντων
1068 3119 1130 3174 τὸ
1163 3115 1408 3193 ἔλαττον,
1465 3118 1554 3174 καὶ
1617 3117 1838 3192 μάλισθ’
1896 3118 1978 3173 ὅτι
2034 3120 2134 3190 τὴν
2187 3119 2416 3174 κένωσιν
2467 3117 2557 3173 καὶ
2595 3116 2658 3172 τὸ
2705 3116 2842 3172 κατᾶ
2869 3117 2932 3172 τὸ
2962 3117 3304 3192 ἀνθρώπινον
3335 3119 3626 3194 νοούμενον
3658 3142 3823 3195 παρις

425 3203 720 3282 ϐλέψαντο.

493 3299 548 3352 6.
583 3297 860 3368 Ejusdem
892 3297 1126 3369 generis
1158 3297 1304 3352 illud
1327 3297 1502 3354 etiam
1530 3301 1620 3354 est
1641 3299 1797 3370 quod
1847 3297 2067 3354 Manue]

2265 3298 2326 3358 ς’.
2378 3296 2512 3354 Οϊον
2560 3293 2622 3350 δὲ
2680 3295 2770 3349 καὶ
2827 3292 2942 3350 τόδ’
3000 3289 3173 3372 ἔρεξεν
3232 3296 3366 3372 ἀνὴρ
3397 3294 3570 3352 οὐτοσὶ
3600 3296 3725 3373 περῖ
3755 3297 3824 3354 τὸ

425 3387 536 3444 sub
565 3386 700 3442 vita:
728 3385 902 3442 finem
931 3385 1082 3441 fecit.
1115 3386 1316 3442 Exstat
1341 3385 1494 3442 inter
1540 3391 1776 3442 ceteras
1813 3387 2072 3442 catechc-

424 3475 556 3532 ticee
611 3474 822 3530 tabulas
881 3475 1211 3532 sanctiones
1270 3475 1582 3532 anathema
1637 3475 1698 3530 in
1757 3475 2070 3532 Mahomcti

431 3569 640 3632 Deum,
671 3581 847 3636 quem
880 3581 984 3622 nec
1013 3564 1290 3636 genuisse
1347 3580 1454 3621 nec
1508 3565 1769 3637 genitum
1831 3565 1934 3621 sed
1963 3565 2070 3621 bo-

425 3653 744 3727 losphyron
777 3670 906 3710 esse
935 3654 1208 3710 afﬁrmat.
1240 3654 1300 3710 Id
1335 3653 1647 3710 anathema
1675 3669 1744 3710 ex
1791 3653 2070 3712 omnibus

422 3743 794 3801 catecheticis
824 3742 1042 3800 libellis
1084 3743 1304 3800 aboleri
1335 3743 1515 3799 voluit
1567 3743 1640 3800 ab
1687 3744 1815 3817 ipsa
1843 3743 2067 3816 Magnas

417 3833 674 3890 ecclesias
695 3834 896 3890 tabula
917 3833 1280 3906 auspicatus,
1313 3833 1491 3906 idque
1510 3832 1736 3891 ratione
1779 3832 2068 3906 probabili

415 3923 654 3980 scilicet.
681 3923 886 3979 Aiebat
911 3925 1070 3979 enim
1133 3921 1516 3995 blasphemiis
1573 3922 1634 3978 in
1666 3923 1846 3980 Deum
1881 3923 2066 3994 quali-

414 4011 764 4084 buscunque
795 4011 948 4068 ατο
980 4009 1196 4066 offendi
1253 4018 1577 4081 Agarenos,
1627 4009 1726 4081 qui
1777 4009 1849 4065 ad
1909 4011 2066 4082 piam

419 4106 682 4156 nostram
715 4099 1054 4171 religionem
1109 4099 1442 4155 deficerent.
1504 4099 1754 4155 Proinde
1813 4097 2068 4154 maximo

420 4188 747 4245 Theodosio
777 4189 1078 4256 accersito,
1113 4189 1212 4259 qui
1237 4188 1556 4260 principem
1607 4188 1806 4244 sedem
1829 4181 2071 4244 curabat

414 4283 590 4350 atque
622 4277 892 4348 ornabat,
923 4280 980 4333 et
1010 4277 1308 4350 primariis
1355 4277 1783 4347 sacerdotibus,
1817 4279 1912 4349 qui
1940 4282 2068 4335 tum

414 4368 476 4423 in
509 4367 652 4423 urbe
710 4370 876 4422 erant
923 4365 1258 4438 eloquentia
1319 4371 1378 4422 et
1425 4367 1638 4422 virtute
1695 4371 2070 4438 praestantes.

416 4457 803 4532 quaestionem
837 4471 971 4513 cum
1033 4456 1258 4512 tumido
1317 4457 1554 4512 exordio
1612 4456 1908 4528 proponit.
1961 4459 2070 4525 Qui

413 4563 546 4605 cum
577 4562 782 4604 omnes
814 4547 1270 4618 refragarentur,
1297 4561 1402 4601 nec
1433 4543 1555 4600 ullo
1614 4545 1788 4600 modo
1831 4544 1931 4600 illa
1961 4546 2067 4601 ad-

2175 3385 2345 3460 πέρας
2377 3392 2478 3456 τῆς
2509 3384 2675 3441 αὐτοῦ
2709 3385 2923 3460 βιοτῆς.
2985 3385 3267 3460 Ἧγκειται
3325 3386 3405 3458 τῷ
3457 3392 3832 3462 κατηχητικῷ

2173 3474 2386 3548 πυκτίῳ
2421 3481 2540 3548 μεθ’
2584 3473 2782 3550 ἑτέρων
2811 3473 3132 3552 ἀφορισμῶν
3195 3475 3287 3530 καὶ
3345 3477 3408 3530 τὸ
3463 3474 3702 3548 ἀνάθεμα
3747 3482 3829 3551 τῷ

2173 3567 2290 3636 Θεῷ
2317 3567 2415 3618 τοῦ
2447 3563 2718 3636 Μωάμετ,
2751 3563 2875 3638 περὶ
2925 3563 2987 3616 οὗ
3055 3561 3226 3638 λέγει,
3283 3587 3312 3616 ‹‹
3357 3562 3498 3621 Οὔτε
3555 3563 3830 3642 ἐγέννησεν

2174 3649 2298 3708 οὔτε
2327 3653 2619 3730 ἐγεννήθη,
2660 3676 2690 3704 ››
2721 3651 2811 3706 καὶ
2842 3650 2928 3707 ὅτι
2956 3649 3265 3730 ὁλόσιρυρός
3297 3651 3432 3709 ἐστι.
3473 3654 3584 3710 Τὸν
3637 3660 3826 3710 τοιοῢο

2169 3764 2262 3800 τον
2332 3741 2513 3798 τοίνυν
2590 3741 3024 3814 ἀναθεματισμὸν
3107 3740 3408 3816 ἀπαλεῖψαι
3510 3747 3616 3800 τῶν
3701 3743 3822 3802 ὃλω

2169 3832 2601 3907 κατηχητηρίων
2663 3825 2872 3906 βίϐλων
2937 3831 3218 3906 προέθετο,
3249 3831 3342 3887 ἀπ’
3397 3831 3592 3899 αὐτῆ(
3621 3836 3724 3904 τῆς
3765 3833 3820 3891 ἒν

2168 3926 2238 3996 τῇ
2302 3918 2525 3994 Μεγάλη
2589 3918 2854 3990 ἐκκλησίᾳ
2894 3920 2982 3993 [Ρ.
3054 3921 3176 3994 139]
3207 3918 3469 3983 πυκτὶδος
3501 3922 3824 3997 ἀρξάμενος.

2171 4009 2336 4080 Καὶή
2369 4011 2638 4089 πρόφασις
2679 4009 2753 4070 ὡς
2813 4006 2962 4081 μάλα
3019 4004 3398 4084 εύπρόσωπος’
3459 4008 3654 4090 ἔφασκε
3711 4014 3821 4089 γὰρ

2173 4100 2247 4162 ὡς
2309 4099 2386 4160 εἰς
2445 4096 2747 4153 σκάνδαλον
2831 4097 3114 4173 πρόκειται
3197 4103 3304 4154 τῶν
3387 4099 3825 4174 μετατιθεμένων

2171 4189 2485 4262 Ἀγαρηνῶν
2556 4187 2632 4250 είς
2684 4187 2782 4255 τήν
2852 4188 2973 4252 καθ’
3029 4189 3177 4260 ἡμᾶς
3245 4183 3470 4259 θεοσεϐῆ
3527 4189 3706 4246 πίστιν
3765 4193 3830 4247 τὸ

2175 4277 2622 4355 βλασφημεῖσθαι
2654 4275 2802 4340 ὅλως
2833 4276 2986 4334 Θεόν.
3018 4276 3228 4335 Οὐκοῦν
3265 4276 3610 4352 μετάκλητον
3640 4279 3832 4353 τίθησι

2171 4367 2265 4423 τὸν
2337 4365 2591 4444 μέγιστον
2639 4363 2954 4436 Θεοδόσιον,
3014 4364 3074 4428 ὅς
3142 4363 3315 4422 διεῖπε
3368 4373 3667 4437 τηνικαῦτα
3734 4371 3831 4426 καὶ

2177 4453 2400 4528 ἐκόσμει
2463 4454 2652 4530 θρόνον
2695 4455 2790 4510 τὸν
2846 4454 3185 4530 πρώτιστον,
3236 4457 3326 4511 καὶ
3367 4459 3476 4511 τῶν
3525 4459 3666 4515 κατὰ
3723 4462 3830 4530 τήν

2175 4543 2340 4602 πόλιν
2363 4541 2748 4618 ἐνδημούντων
2789 4543 3088 4619 ἀρχιερέων
3129 4543 3256 4607 τοὺς
3311 4545 3469 4620 λόγῳ
3525 4548 3613 4602 καὶ
3657 4549 3834 4626 ἀρετῇ

414 4638 714 4694 mitterent
745 4639 810 4691 ut
839 4634 1099 4692 absurda
1130 4639 1187 4690 et
1243 4650 1277 4688 a
1332 4649 1469 4689 vera
1527 4633 1599 4688 de
1628 4633 1745 4690 Deo
1775 4635 2067 4692 sententia

2179 4631 2596 4709 διαπρέποντας,
2633 4632 2724 4688 καὶ
2755 4636 3034 4688 κοινοῦται
3060 4632 3277 4696 τούτοις
3307 4633 3370 4689 τὸ
3428 4635 3653 4710 σκέμμα
3714 4640 3841 4711 μετ’

413 4727 784 4794 abducentia,
817 4732 992 4796 atque
1023 4723 1342 4778 anathema
1370 4721 1514 4778 illud
1573 4722 1910 4779 offensionis
1943 4724 2064 4796 ple-

415 4833 557 4870 num
592 4815 683 4886 pie
715 4813 1067 4884 explicarent
1091 4813 1217 4883 (nec
1239 4813 1396 4868 enim
1419 4811 1600 4868 Deum
1651 4811 1778 4868 ορεΙί
1809 4817 1866 4868 et
1896 4817 2061 4869 terra:

416 4904 780 4958 conditorem
809 4903 927 4958 ullo
965 4903 1137 4957 modo
1172 4901 1544 4959 anathemate
1576 4903 1786 4974 notari,
1813 4903 1917 4960 sed
1974 4902 2071 4957 ho-

414 4990 758 5061 losphyrnm
801 4989 966 5044 illum
1003 4990 1204 5057 Deum,
1245 5009 1422 5064 quem
1451 4992 1674 5048 delirus
1708 4997 1766 5048 et
1813 4991 2072 5048 furiosus

419 5079 822 5134 Machometus
853 5095 958 5133 nec
988 5081 1247 5149 genitum
1308 5097 1416 5137 nec
1470 5082 2070 5154 gignentemconﬁn-

419 5171 617 5239 geret:
655 5181 790 5220 nam
823 5165 978 5236 apud
1009 5164 1370 5224 Christianos
1421 5173 1604 5226 Deum
1663 5169 1890 5225 Patrem
1920 5170 2069 5226 cele-

420 5256 599 5324 brari,
632 5255 787 5326 quod
851 5253 1214 5311 detestandis
1269 5258 1621 5316 Macbometi
1699 5259 2072 5332 nugamentis

420 5345 596 5416 plane
621 5343 1016 5415 prohibeatur.
1052 5343 1272 5402 Deinde
1305 5363 1366 5402 se
1398 5365 1512 5404 non
1568 5347 1714 5404 satis
1745 5348 2072 5422 intelligere

422 5432 556 5505 quid
587 5433 661 5488 sit
692 5431 842 5487 illud
872 5429 1337 5504 holosphyrum),
1373 5437 1456 5492 eis
1515 5437 1708 5493 animo
1765 5437 1911 5493 nihil
1961 5439 2070 5494 mi-

421 5524 602 5592 tigato
637 5519 1013 5589 contemptis,
1032 5528 1238 5593 suapte
1263 5525 1630 5590 auctoritate.
1662 5529 1718 5582 et
1745 5527 2071 5584 aulicorum

425 5611 812 5677 eruditorum,
842 5625 992 5679 quos
1025 5613 1269 5683 tempori
1301 5614 1515 5669 servire
1572 5619 1761 5685 norat,
1805 5617 2070 5672 ministe~

424 5699 534 5769 rio,
568 5701 864 5758 decretum
898 5697 1186 5771 proponit,
1247 5717 1361 5773 quo
1393 5703 1478 5775 {et
1531 5701 1881 5760 Machcmeti
1925 5703 2070 5760 deli-

2176 4724 2426 4800 όγκηρῶν
2490 4719 2850 4797 προεισοδίων
2907 4727 3008 4791 τῆς
3066 4721 3390 4785 ὑποθέσεως.
3435 4725 3826 4790 Ἀνανεύοντας

2173 4811 2231 4868 δὲ
2280 4814 2488 4875 πάντας
2539 4812 2710 4886 εὑρὼν
2771 4811 2862 4866 καὶ
2911 4809 3044 4885 μηδ’
3099 4811 3287 4887 ἄκροις
3346 4811 3842 4890 παραδεχομένονς

2180 4902 2280 4956 ὠσὶ
2317 4903 2385 4958 τὰ
2441 4900 2804 4975 εἷσηγούμενα
2859 4900 2934 4962 ὡς
2989 4900 3258 4980 ἀπόφημα
3309 4902 3400 4958 καὶ
3458 4910 3562 4973 τῆς
3591 4903 3670 4968 εἰς
3698 4912 3840 4961 Θεον

2179 4989 2552 5060 ἀληθεστάτης
2585 4986 2745 5061 δόξης
2785 4988 3084 5065 ἀπάγοντα,
3141 4989 3538 5064 ἐξηγουμένους
3595 4990 3654 5048 δὲ
3709 4996 3842 5050 θεο-

2181 5075 2357 5156 φιλῶς
2407 5077 2470 5132 τὸ
2533 5076 2610 5140 είς
2668 5074 2965 5132 σκάνδαλον
3023 5074 3184 5148 δῆθεν
3219 5079 3307 5134 καὶ
3339 5081 3679 5155 πρόσκομμα
3710 5083 3843 5138 καί-

2184 5189 2367 5240 μενον,
2425 5165 2515 5222 καὶ
2575 5164 2968 5244 διασαφοῦντας
3032 5169 3108 5241 μὴ
3130 5167 3276 5231 ὅλως
3307 5170 3435 5225 Θεὸν
3470 5170 3706 5246 ούρανοῦ
3738 5175 3838 5229 καὶ

2179 5265 2281 5333 γῆς
2308 5259 2546 5328 ποιητὴν
2577 5252 3093 5322 καθυποὸάλλεσθαι
3142 5257 3462 5334 ἀναθέματι,
3531 5261 3680 5318 ἀλλὰ
3735 5265 3839 5320 τὸν

2178 5347 2327 5421 παρᾶ
2355 5353 2434 5420 τῷ
2467 5347 2626 5422 λήρῳ
2655 5346 2744 5402 καὶ
2777 5344 3130 5419 δαιμονιώδει
3178 5350 3422 5422 Μωάμετ
3483 5352 3845 5430 ἀναπγαττό-

2185 5458 2344 5511 μενον
2401 5436 2704 5514 ὁλόσφυρον
2765 5435 2894 5490 Θεὸν
2945 5435 3036 5490 καὶ
3099 5439 3236 5510 μήτε
3292 5439 3612 5514 γεννηθέντα
3689 5445 3842 5516 μήτε

2181 5527 2512 5601 γεννήσαντα
2569 5525 2735 5599 (παρᾶ
2798 5527 3151 5600 Χριστιανοῖς
3205 5527 3296 5599 μὲν
3355 5527 3460 5603 γὰρ
3519 5525 3838 5602 δοξάζεσθαι

2180 5609 2394 5687 Πατέρα
2451 5613 2604 5684 Θεὸν,
2671 5611 2807 5666 αὐτὰ
2857 5613 2916 5668 τὲ
2971 5612 3037 5667 τὰ
3101 5609 3393 5687 ἀπόϐλητα
3441 5621 3538 5672 τοῦ
3588 5619 3843 5694 Μωάμετ

2183 5700 2482 5775 ληρήματα
2538 5703 2699 5756 τοῦτο
2751 5701 3106 5778 ἀπαγορεύειν
3159 5701 3328 5767 ὅλως·
3388 5706 3478 5762 καὶ
3522 5703 3712 5770 ἄλλως
3774 5706 3840 5764 δὲ
