4140 6290
285 361 409 429 365

1340 363 1441 427 DE
1484 363 1882 426 MANUELE
1927 359 2298 425 COMNENO
2343 363 2490 425 LIB.
2537 363 2669 427 VII.

3595 367 3713 434 566

298 498 382 573 μὴ
415 495 657 551 συνιέναι
714 487 953 568 ἀκριϐῶς
1012 493 1205 550 ὁποῖόν
1261 493 1314 550 τί
1370 495 1483 551 ἑστι
1511 495 1574 551 τὸ
1605 494 1951 577 ὁλόσφυρον),

2073 497 2227 554 rium
2270 498 2394 569 (cur
2451 497 2606 554 enim
2673 496 3028 570 theologiam
3096 498 3287 558 dicam
3320 499 3396 572 ?)
3454 501 3723 562 defende-

299 586 500 649 αὐτοὺς
534 586 628 660 μὲν
660 583 933 662 φθινύθειν
992 582 1164 640 εἶάσεν
1216 582 1270 640 ἐν
1331 587 1576 656 στήθεσιν
1624 584 1770 664 ἔχων
1839 590 1963 646 νόον

312 676 614 748 ἀκήλητον,
647 675 765 737 καθ’
796 674 984 728 ἑαυτὸν
1028 671 1075 728 δ’
1127 673 1374 746 ἐκτίθησι
1429 675 1622 749 τόμον,
1667 678 1964 754 ὑπουργοῖς

318 767 398 827 εἰς
433 769 590 820 τοῦτο
622 762 974 842 χρησάμενος
1014 761 1107 826 οὕς
1148 759 1269 838 ᾔδει
1298 769 1406 820 τῶν
1441 763 1502 819 ἐκ
1548 772 1649 836 τῆς
1684 767 1964 841 βασιλείου

317 853 491 924 αὐλῆς
518 853 610 908 τὸν
636 853 824 927 καιρὸν
856 852 1249 916 κολακεύοντας
1280 854 1369 909 καὶ
1410 853 1576 930 λόγου
1610 855 1962 936 μετέχοντας,

308 942 746 1019 ὒπερηγοροῦντα
817 943 910 1016 μὲν
961 950 1061 1013 τῆς
1119 947 1216 999 τοῦ
1276 942 1522 1017 Μωάμετ
1607 945 1962 1023 μωρολογίας

297 1031 386 1106 (οὗ
460 1031 558 1107 γὰρ
618 1033 679 1087 ἂν
748 1030 961 1105 εἷ’ποιμι
1054 1031 1388 1108 θεολογίας),
1448 1034 1854 1109 καθαπτόμενον
1906 1035 1962 1095 δὲ

294 1118 568 1194 λαμπρῶς
614 1122 724 1173 τῶν
782 1118 1043 1193 πρότερον
1107 1118 1381 1194 βασιλέων
1439 1120 1530 1176 καὶ
1586 1126 1697 1177 τῶν
1755 1123 1814 1178 ἐκ
1861 1129 1959 1180 τοῦ

288 1207 607 1283 καταλόγου
638 1212 738 1263 τοῦ
793 1208 942 1283 ἱεροῦ
1000 1208 1077 1272 ὡς
1135 1209 1358 1282 ἀμαθῶς
1400 1210 1490 1265 καὶ
1550 1210 1960 1285 ἀπερισκέπτως

295 1296 647 1372 ἀνεχομένων
684 1297 788 1352 ὑπὸ
830 1297 1075 1370 ἀνάθεμα
1126 1296 1362 1353 τίθεσθαι
1422 1299 1548 1354 Θεὸν
1609 1302 1700 1356 τὸν
1760 1300 1957 1373 ἀληθι-

286 1389 405 1455 νὸν,
439 1387 530 1442 καὶ
586 1391 780 1442 τοῦτον
839 1387 919 1448 εἷς
978 1388 1165 1457 κοινήν
1226 1388 1485 1463 ἀκρόασιν
1519 1388 1606 1444 ἐπὶ
1655 1396 1764 1446 τῶν
1797 1392 1957 1466 ἰερῶν

283 1475 526 1551 ἀρχείων
587 1473 868 1547 ἐκδίδωσι,
929 1478 1396 1556 συνεκπεπομφὼς
1453 1479 1572 1533 οἷον
1630 1483 1728 1534 τοῦ
1781 1479 1958 1554 τόμου

286 1561 627 1640 προοδευτᾶς
658 1565 747 1619 καὶ
809 1563 1063 1620 νεολαίαν
1118 1570 1410 1642 κροτοῦσαν
1469 1568 1536 1622 τὰ
1595 1570 1961 1644 γεγραμμένα

292 1653 417 1709 ὅσοι
489 1659 594 1722 τῆς
654 1652 971 1728 συγκλήτου
1032 1653 1242 1729 βουλῆς
1321 1654 1412 1709 καὶ
1494 1657 1595 1725 τῆς
1670 1656 1957 1732 γερουσίας

293 1743 432 1813 ἦσαν
459 1742 781 1822 κεφάλαιον,
832 1743 925 1797 καὶ
981 1742 1107 1806 τοὺς
1163 1743 1223 1799 ἐκ
1278 1745 1467 1819 γένοὺς
1524 1744 1714 1820 ἐκείνῳ
1768 1746 1957 1825 λογιό-

2076 586 2265 653 batur,
2326 594 2379 642 et
2459 587 2791 658 superiores
2848 589 3232 660 imperatores
3305 606 3722 665 sacrorumque

2075 674 2368 731 antistites
2407 682 2605 747 aperte
2638 677 3003 749 taxahantur,
3035 677 3132 748 qui
3157 678 3339 735 Deum
3372 695 3572 736 verum
3602 681 3721 738 inc-

2073 765 2266 823 rudite
2296 770 2353 820 ct
2397 765 2828 821 inconsiderate
2889 767 3264 824 anathemate
3319 773 3505 825 notari
3563 772 3717 828 280

2073 852 2230 925 passi
2263 856 2475 909 essent.
2509 854 2576 909 Et
2604 854 2663 910 id
2695 855 2993 911 decretum
3025 854 3086 910 in
3144 872 3308 914 sacro
3364 856 3579 930 palatio
3604 877 3713 931 pu-

2071 940 2220 997 blice
2276 942 2643 998 recitandum
2700 950 2886 1013 curat,
2944 944 3310 1018 principibus
3361 952 3601 1005 senatus
3657 955 3715 1006 et

2070 1033 2338 1103 cognatis
2367 1031 2491 1088 suis
2523 1032 2852 1088 litterarum
2887 1035 3190 1104 studiosis,
3216 1035 3316 1107 qui
3350 1036 3529 1093 veluti
3558 1039 3710 1095 viam

2068 1125 2466 1193 praepararent
2486 1128 2660 1193 atque
2689 1123 3139 1194 applauderent,
3190 1126 3534 1195 praemissis.
3580 1129 3714 1183 Erat

2068 1213 2262 1264 autem
2302 1211 2487 1266 oratio
2541 1211 2683 1266 adeo
2742 1211 3084 1282 probabilis,
3145 1229 3259 1268 non
3312 1214 3711 1284 spiritualium

2063 1298 2371 1354 verborum
2403 1300 2684 1372 gravitate
2717 1301 2817 1356 sed
2851 1300 3123 1355 humanae
3157 1301 3461 1373 sapientiae
3515 1305 3713 1360 suavi-

2062 1389 2462 1454 tate,utaures
2484 1405 2596 1443 non
2625 1405 2826 1444 eorum
2851 1390 3137 1445 duntaxat
3169 1391 3269 1462 qui
3311 1391 3531 1448 variam
3582 1394 3711 1464 ejus

2062 1477 2546 1549 compositionem
2578 1480 2971 1549 etjucundam
2993 1480 3311 1536 vanitatem
3345 1483 3711 1553 spectabant,

2061 1566 2161 1620 sed
2194 1582 2395 1622 eorum
2429 1566 2604 1622 etiam
2639 1567 2737 1638 qui
2770 1567 2959 1639 ipsius
2990 1568 3194 1640 scripti
3238 1569 3586 1626 sententiam
3621 1572 3710 1628 in-

2061 1653 2376 1727 dagabant,
2438 1656 2858 1727 propemodum
2936 1673 3258 1729 suspensas
3330 1662 3574 1716 teneret.
3631 1662 3711 1718 Ac

2061 1743 2304 1799 forsitan
2359 1745 2477 1800 veri
2539 1744 2635 1801 Dei
2693 1744 2879 1816 gloria
2930 1745 3368 1803 Machometano
3425 1748 3513 1804 illi
3570 1749 3707 1819 Deo,

286 1852 419 1903 τητι
480 1833 796 1909 χαίροντας.
859 1835 1137 1890 Τοσοῦτον
1177 1831 1233 1887 δὲ
1283 1834 1345 1888 τὸ
1402 1835 1627 1891 πιθανὸν
1686 1838 1714 1891 6
1782 1836 1950 1917 λόγος

2062 1832 2330 1905 quisquis
2359 1838 2467 1901 est,
2512 1833 2627 1888 nisi
2684 1834 3016 1906 patriarcha
3072 1839 3308 1892 strenue
3365 1839 3706 1895 adversatus

287 1919 567 1990 ἐπλούτει,
612 1921 713 1976 οὐκ
765 1921 816 1976 έν
876 1917 1156 1983 διδακτοῖς
1215 1922 1526 1996 πνεύματος
1586 1924 1790 2001 βρίθων
1853 1927 1956 2005 ῥή-

294 2030 475 2084 μασιν,
508 2008 638 2065 ἄλλ’
678 2007 731 2064 ἐν
762 2013 948 2073 πειθοῖ
976 2008 1167 2087 σοφίας
1222 2009 1571 2084 ἀνθρωπίνης
1614 2017 1828 2087 κομῶν,
1879 2016 1953 2080 ὡς

296 2105 498 2175 μικροῦ
531 2097 640 2155 δεῖν
681 2100 1031 2176 ἀπαιωρῆσαι
1084 2103 1193 2153 τῶν
1261 2096 1416 2157 ὢτων
1480 2104 1555 2174 μή
1620 2102 1784 2177 μόνον
1831 2104 1955 2163 ὅσον

290 2191 511 2268 ἀφεώρα
560 2189 698 2266 πρὸς
763 2190 864 2258 τήν
930 2188 1192 2260 ποικίλην
1252 2191 1452 2245 τούτου
1510 2187 1815 2267 περιϐολὴν
1863 2198 1953 2250 καὶ

280 2280 344 2334 τὸ
375 2278 601 2354 ἐπίχαρι
632 2282 730 2333 τοῦ
760 2277 1142 2352 πτερώματος,
1171 2276 1317 2333 ἀλλὰ
1375 2279 1464 2335 καὶ
1515 2279 1645 2337 αὐτὸ
1703 2283 1764 2338 τὸ
1821 2303 1952 2357 μετ-

284 2364 518 2422 αλλεῦον
570 2369 678 2420 τῶν
723 2363 1119 2441 γεγραμμένων
1178 2366 1272 2420 τὸν
1331 2370 1481 2423 νοῦν.
1541 2368 1671 2429 Καὶ,
1710 2371 1839 2446 τάχ’
1892 2369 1952 2427 ἄν

286 2457 354 2526 ἦν
390 2457 465 2519 ὡς
507 2458 721 2527 ἀληθὴς
755 2456 886 2519 Θεὸς
934 2454 1295 2532 δοξαζόμενος
1326 2460 1353 2513 ὁ
1400 2459 1546 2535 παρὰ
1603 2466 1681 2534 τῷ
1709 2463 1951 2536 Μωάμετ

290 2546 542 2601 ὁστισοῦν
572 2545 958 2622 κληρούμενος
986 2544 1294 2623 ὁλόσφυρος
1337 2548 1488 2616 Θεὸς,
1522 2548 1569 2604 εἷ
1603 2551 1678 2623 μὴ
1714 2550 1952 2628 ὁλοσχε-

284 2641 395 2713 ρῶς
476 2637 504 2691 ὁ
563 2636 915 2710 πατριάρχης
968 2630 1193 2706 ἀντέϐη·
1278 2635 1400 2691 οὕτε
1454 2638 1557 2712 γὰρ
1616 2638 1779 2703 οὗτος
1836 2647 1953 2706 τοῖς

281 2725 655 2804 γραφομένοις
695 2725 788 2779 τὸν
821 2728 951 2779 νοῦν
1010 2726 1395 2801 προσέσχηκεν
1434 2726 1509 2787 ὡς
1548 2725 1830 2808 ἐπισφαλῆ
1863 2731 1952 2786 καὶ

284 2816 382 2869 νέα
432 2813 771 2887 ἐπεισάγουσι
805 2809 1074 2889 δόγματα,
1130 2812 1221 2869 καὶ
1280 2816 1409 2877 τοὺς
1470 2814 1701 2879 λοιποὺς
1761 2816 1818 2873 δὲ
1874 2820 1949 2882 ὡς

287 2898 693 2975 δηλητηριώδη
776 2906 940 2957 ταῦτα
1001 2904 1297 2980 ὑφορᾶσθαι
1366 2905 1704 2979 παρέπειθεν.
1782 2908 1841 2962 Ὁ
1895 2905 1952 2963 δὲ

288 2989 476 3065 ὥσπερ
534 3010 583 3044 τι
643 2986 807 3046 δεινὸν
869 2991 1160 3056 πεπονθὼς
1224 2990 1484 3049 ὀνείδεσιν
1560 2988 1760 3051 ἔπλυνε
1825 2997 1952 3063 τοὺς

278 3080 587 3159 ἀρχιερεῖς,
621 3079 707 3135 καὶ
740 3082 898 3155 μωρὰ
927 3086 1024 3137 τοῦ
1074 3083 1291 3156 κόσμου
1348 3083 1580 3147 τούτους
1642 3084 1948 3162 ὠνόμαζεν,

277 3168 475 3235 ἄλλως
506 3192 563 3227 τε
591 3171 679 3226 καὶ
705 3171 848 3244 νόσῳ
877 3170 1001 3227 τότε
1030 3172 1432 3248 προσπαλαίων
1497 3172 1672 3251 δεινῇ,
1736 3177 1825 3252 ὑφ’
1879 3180 1947 3249 ἧς

266 3260 357 3316 καὶ
387 3260 480 3315 τὸν
517 3260 634 3335 βίον
664 3259 928 3333 ἀπέλιπε,
968 3262 1057 3315 καὶ
1086 3262 1360 3338 ἒπίχολος
1386 3262 1623 3319 ἐντεῦθεν
1643 3265 1945 3341 γινόμενος·

270 3346 476 3406 Οὐκοῦν
507 3344 608 3402 ὅσα
634 3347 717 3418 τῷ
751 3345 1002 3422 προτέρῳ
1034 3347 1196 3421 τόμῳ
1268 3348 1750 3423 έμπΛατυνόμενος
1794 3352 1951 3429 εἷ’ρη-

273 3455 379 3505 κεν,
411 3435 795 3510 ἀπηρτισμένη
828 3441 1136 3512 κατασκευῇ
1173 3438 1267 3492 καί
1312 3436 1566 3512 μεθόδοις
1629 3438 1950 3516 ῥητορικαῖς

281 3526 660 3602 χρησάμενος,
690 3529 861 3580 ταῦτα
909 3523 1188 3598 ἐπιτεμὼν
1249 3527 1341 3581 καὶ
1398 3527 1462 3581 τὸ
1516 3533 1613 3583 τοῦ
1676 3528 1951 3606 δόγματος

286 3616 439 3677 αὖθις
525 3613 771 3690 περιθεὶς
842 3611 1034 3689 δέλεαρ
1085 3614 1268 3691 ἓτερον
1322 3617 1492 3690 τόμον
1558 3616 1786 3688 ἐξέθετο.
1845 3611 1950 3677 Καἱ

286 3703 404 3761 ἐπεὶ
433 3699 599 3780 ἔτυχε
627 3702 754 3759 τότε
784 3708 899 3766 τοῖς
951 3706 1091 3760 κατὰ
1129 3705 1376 3778 Δάμαλιν
1434 3705 1685 3782 ἀρχείοις
1733 3707 1949 3763 ἐναυλι-

292 3793 537 3867 ζόμενος,
598 3794 632 3849 ἅ
687 3794 1020 3869 Σκουτάριον
1063 3793 1449 3868 ὀνομάζονται,
1507 3797 1606 3867 τὴν
1639 3801 1736 3852 τοῦ
1793 3796 1951 3874 ἀέρος

282 3882 562 3960 εὐκρασίαν
629 3879 983 3957 μεταδιώκων
1039 3882 1130 3938 καὶ
1187 3889 1287 3953 τῆς
1343 3884 1701 3960 πολυοχλίας
1758 3886 1950 3942 ἀπανι-

285 3975 546 4049 στάμενος
599 3975 694 4029 καὶ
749 3974 890 4036 ἅπας
947 3979 1050 4043 τῆς
1106 3974 1437 4048 νοσοκομίας
1495 3976 1802 4052 γινόμενος,
1834 3974 1950 4032 δια-

281 4063 621 4134 πλωῖζονται
648 4061 822 4118 ἐκεῖσε
855 4063 1131 4138 βασιλικῷ
1158 4063 1493 4139 ὲπιτάγματι
1525 4064 1557 4120 6'
1582 4086 1640 4120 τε
1693 4071 1800 4122 τῶν
1862 4067 1954 4143 ἀρ’

285 4154 518 4229 χιερέων
544 4149 817 4228 σύλλογος
847 4151 938 4206 καὶ
969 4149 1088 4207 ὅσοι
1134 4152 1198 4206 τὸ
1228 4149 1513 4227 πρεσϐεῖον
1545 4151 1605 4208 έκ
1631 4158 1738 4208 τῶν
1768 4154 1950 4230 λόγων

288 4241 608 4315 ἐκτήσαντο.
643 4239 804 4296 Ἀλλ’
836 4238 988 4296 οὕπω
1017 4243 1268 4316 καθαρῶς
1299 4244 1407 4296 τῶν
1461 4236 1777 4316 λεμϐαδίων
1830 4243 1953 4299 ἀπέ-

284 4326 478 4402 ϐησαν,
538 4328 625 4385 καί
678 4350 763 4391 τις
836 4332 946 4384 τῶν
1002 4330 1147 4405 παρὰ
1212 4333 1292 4402 τῷ
1378 4331 1596 4404 βασιλεῖ
1648 4331 1950 4407 παρῥησίαν

281 4418 525 4495 ἐχόντων
564 4417 657 4473 καὶ
726 4417 793 4472 τὰ
855 4417 1082 4491 μέγιστα
1136 4414 1447 4493 δυναμένων
1479 4418 1956 4497 ὑπογραμματέων

2066 1937 2171 1979 nec
2201 1922 2327 1994 ipse
2352 1923 2409 1977 id
2434 1922 2721 1994 scriptum
2752 1927 3040 1991 curasset,
3096 1941 3212 1996 quo
3271 1942 3417 1981 nova
3470 1935 3523 1983 et
3562 1926 3707 1998 peri-

2065 2011 2266 2067 culosa
2296 2013 2570 2083 dogmata
2600 2013 3128 2080 introducerentur,
3159 2018 3217 2070 et
3254 2018 3511 2082 caeteros,
3545 2028 3609 2071 ut
3646 2017 3704 2072 id

2061 2104 2344 2172 tanquam
2367 2116 2655 2157 venenum
2683 2106 3023 2175 suspectum
3049 2102 3705 2174 haberent,monuisset.

2063 2193 2137 2246 At
2164 2189 2500 2260 imperator,
2534 2191 2702 2262 quasi
2733 2191 2891 2262 gravi
2924 2192 3167 2247 affectus
3219 2192 3456 2263 injuria,
3516 2193 3708 2265 ponti—

2063 2277 2201 2333 ﬁces
2232 2278 2508 2333 conviciis
2551 2279 2949 2336 insectabatur
3005 2288 3060 2336 et
3116 2280 3385 2337 homines
3442 2283 3707 2337 omnium

2062 2367 2401 2424 mortalium
2460 2369 2846 2427 stultissimos
2932 2370 3287 2443 appellabat,
3359 2372 3573 2444 quippe
3641 2389 3711 2429 ex

2062 2458 2265 2513 morbo
2295 2457 2665 2530 gravissimo,
2699 2458 2800 2531 qui
2827 2459 3066 2516 exitium
3117 2461 3172 2517 ei
3217 2460 3431 2531 attulit,
3474 2463 3709 2535 pronior

2062 2547 2133 2601 ad
2167 2546 2313 2601 iram
2348 2546 2558 2603 factus.
2593 2547 2937 2603 Proindeiis
2962 2564 3090 2619 quae
3114 2549 3305 2621 priore
3351 2552 3580 2607 decreto
3614 2553 3704 2606 fu-

2061 2635 2209 2703 sius,
2243 2636 2513 2691 oratoriis
2538 2637 2901 2692 ornamentis
2926 2637 3224 2707 adhibitis,
3257 2639 3590 2709 scripserat,
3645 2639 3705 2694 in

2060 2725 2467 2794 compendium
2504 2724 2755 2780 redactis
2776 2729 2832 2779 et
2863 2726 3154 2796 dogmatis
3194 2725 3481 2782 illecebris
3529 2728 3706 2783 ador-

2060 2810 2398 2878 natis,aliud
2427 2813 2721 2867 decretum
2747 2813 3158 2884 promulgavit.
3183 2816 3326 2870 Cum
3352 2817 3547 2870 autem
3576 2818 3703 2870 tum

2057 2900 2116 2955 in
2143 2898 2355 2971 palatio
2378 2899 2452 2955 ad
2478 2900 2625 2956 281
2666 2900 2972 2969 Damalim,
3028 2903 3178 2972 quod
3236 2902 3563 2958 Scutarium
3618 2903 3705 2959 di-

2059 2989 2231 3055 citur,
2245 2992 2374 3044 tum
2408 2989 2479 3045 ad
2510 2990 2805 3046 vitandam
2837 2990 3067 3046 turbam
3098 2995 3225 3046 tum
3274 2991 3346 3048 ob
3376 2992 3525 3048 aeris
3556 2997 3704 3049 tem-

2057 3078 2277 3151 periem
2315 3081 2668 3149 versaretur,
2701 3082 2862 3136 totus
2910 3080 3180 3136 curandis
3232 3079 3551 3137 valetudini
3609 3083 3703 3137 in-

2061 3168 2456 3240 tentus,jussu
2489 3170 2618 3239 ejus
2648 3168 2991 3241 pontiﬁcum
3039 3169 3352 3242 collegium
3409 3174 3468 3228 et
3506 3171 3708 3228 erudi-

2067 3217 2456 3240 "_"'"d"'"'
2492 3217 2616 3239 'Il"
2649 3217 2991 3241 l'""'""""'
3043 3217 3352 3242 ""'O""_
3412 3217 3468 3228 ν’
3508 3217 3673 3228 ν⁵““⁵

1978 3217 2024 3282 C
2063 3258 2277 3313 tissimi
2359 3257 2580 3330 quique
2637 3273 2703 3313 eo
2760 3258 3080 3328 trajiciunt.
3136 3260 3245 3324 Qui
3305 3276 3438 3316 cum
3497 3260 3591 3317 vix
3641 3276 3710 3318 ex

2058 3345 2334 3403 lintribus
2366 3346 2830 3418 descendissent,
2858 3348 3197 3404 Theodorus
3244 3349 3500 3419 Mazuca,
3533 3349 3707 3408 homo

2058 3434 2217 3506 apud
2245 3434 2657 3508 imperatorem
2689 3436 2978 3507 gratiosus
3033 3441 3091 3494 et
3147 3440 3301 3496 inter
3341 3440 3566 3496 scribas
3597 3456 3705 3496 au-

2048 3523 2325 3580 ‘ctoritate
2351 3525 2644 3598 princeps,
2680 3527 2883 3595 adest;
2918 3529 2975 3581 et
3032 3527 3292 3583 oratione
3350 3529 3421 3583 ad
3468 3528 3710 3600 patriar.

2058 3610 2229 3668 cham
2263 3618 2314 3668 et
2347 3616 2691 3686 pontiﬁcum
2725 3614 3034 3687 collegium
3066 3615 3338 3672 instituta
3384 3618 3701 3689 imperato-

2059 3718 2177 3757 rem
2214 3717 2365 3757 nunc
2396 3703 2539 3758 adiri
2573 3720 2742 3773 posse
2799 3708 2975 3776 negat
3031 3705 3102 3759 ob
3159 3704 3346 3760 morbi
3380 3706 3696 3776 quamdam

2056 3790 2697 3857 aceessionem,iitteras
2726 3809 2858 3848 vero
2889 3809 3036 3865 quas
3067 3809 3246 3849 manu
3290 3798 3535 3863 teneret,
3567 3810 3698 3851 esse

2057 3879 2400 3934 audiendas.
2457 3881 2721 3951 Agebant
2767 3886 2963 3937 autem
3019 3881 3209 3937 alteras
3274 3883 3343 3937 de
3395 3884 3694 3954 proposito

2058 3969 2348 4039 dogmate,
2382 3969 2598 4041 quibus
2631 3989 2661 4025 a
2695 3970 3065 4041 pontiﬁcibus
3091 3971 3380 4028 subscribi
3432 3972 3698 4042 cupiebat

2056 4056 2416 4129 imperator;
2475 4057 2667 4113 altera;
2764 4059 2871 4113 sub
2920 4074 3170 4131 persona
3249 4059 3507 4130 ejusdem
3563 4077 3698 4117 cum

2057 4161 2289 4201 summo
2348 4150 2577 4218 pastore
2619 4145 2943 4202 Theodosio
3030 4151 3087 4203 et
3181 4149 3559 4220 pontiﬁcibus
3626 4151 3698 4207 ob

2057 4239 2471 4306 praeposteram
2499 4235 2965 4292 adversationem
2997 4239 3458 4308 expostulantes,
3509 4241 3701 4311 majus

2058 4320 2376 4378 concilium
2411 4321 2806 4390 minabantur,
2843 4327 2903 4379 et
2952 4326 3358 4381 controversias
3414 4327 3702 4399 discepta-

2057 4412 2278 4467 tionem
2309 4412 2436 4482 ipso
2467 4413 2677 4469 veteris
2708 4413 2903 4469 Romae
2963 4430 3115 4485 papa
3169 4415 3429 4471 adhibito
3480 4416 3703 4487 jureju-

284 4508 585 4587 ἐφίσταται.
633 4507 698 4564 Ὀ
757 4505 1094 4577 Ματζούκης
1153 4506 1220 4576 ἦν
1282 4504 1443 4569 οὗτος
1502 4503 1807 4582 Θεόδωρος,
1862 4509 1951 4564 καὶ

2061 4501 2244 4556 rando
2279 4502 2762 4559 testiﬁcabantur.
2793 4523 2818 4555 α
2853 4503 3145 4576 Ingratus,
3176 4505 3390 4577 inquit,
3422 4506 3706 4562 universi-

282 4584 418 4673 πρός
468 4617 528 4653 τε
584 4596 679 4652 τὸν
739 4594 1089 4670 πατριάρχην
1147 4596 1237 4650 καὶ
1294 4597 1394 4666 τὴν
1449 4601 1557 4651 τῶν
1646 4598 1948 4676 ἀρχιερέων

2060 4591 2198 4645 tatis
2230 4607 2422 4646 rerum
2460 4593 2591 4659 Deo,
2624 4608 2658 4648 a
2688 4607 2802 4663 quo
2841 4595 3048 4664 praeter
3112 4591 3343 4665 imperii
3400 4593 3701 4665 fastigium

283 4687 555 4763 ὁμήγυριν
613 4685 707 4739 τὸν
770 4680 937 4758 λόγον
995 4684 1420 4759 ἀποτεινάμενος
1451 4686 1553 4754 τὴν
1613 4685 1708 4759 μὲν
1748 4686 1801 4749 ἐς
1858 4689 1949 4743 τὸν

279 4775 508 4853 βασιλέα
566 4768 809 4847 πάροδον
853 4773 930 4847 μὴ
990 4774 1123 4828 εἶναι
1183 4771 1351 4851 ἔφησε
1397 4775 1515 4828 ν.)νί
1575 4773 1797 4853 έιρικτῆν
1859 4772 1949 4831 διά

275 4888 329 4923 τι
360 4869 772 4943 παρεισφρῆσαν
807 4861 866 4917 ἔκ
924 4865 1027 4929 τῆς
1079 4862 1241 4918 νόσου
1282 4861 1569 4938 ἐμπόδιον,
1600 4867 1669 4939 τῇ
1702 4861 1761 4919 δὲ
1816 4866 1945 4921 τού.

274 4978 383 5012 των
419 4955 722 5028 ἀναγνώσει
771 4952 1069 5031 προσέχειν
1109 4954 1316 5027 χρεὼν,
1385 4952 1513 5018 τοὺς
1569 4956 1776 5029 χάρτας
1837 4952 1946 5010 δεῖ·

275 5048 368 5116 ξας
399 5044 586 5104 αὐτοῖς
614 5039 744 5103 τοὺς
771 5038 826 5096 ἰν
872 5045 1083 5116 χεροῖν.
1144 5046 1243 5096 Ἦν
1304 5038 1363 5097 δὲ
1417 5043 1445 5097 ὁ
1508 5043 1605 5116 μὲν
1667 5043 1791 5119 περὶ
1848 5048 1945 5100 τοῦ

275 5127 651 5206 προκειμὲιου
705 5124 982 5202 δόγματος
1021 5121 1432 5200 διαλαμϐάνων,
1483 5126 1562 5197 δν,
1644 5130 1718 5189 ὡς
1793 5130 1946 5205 εἰρή-

269 5241 468 5295 καμεν,
534 5215 846 5291 ὑπογράψαι
905 5216 1031 5276 τοὺς
1113 5215 1466 5280 συνελθόντας
1524 5217 1807 5293 ἀρχιερεῖς
1856 5218 1946 5275 διὰ

268 5308 569 5378 σπουδῆςὸ
603 5301 957 5378 αὐτοκρέίτωρ
989 5303 1217 5360 ἐτίθετο*
1282 5307 1310 5360 6
1366 5303 1414 5359 δ’
1463 5301 1642 5381 ἔτερος
1692 5307 1785 5363 τὸν
1848 5311 1943 5385 βα-

270 5399 425 5455 σιλέα
454 5393 606 5472 ἔχων
650 5389 1045 5466 διαλεγόμενον
1086 5397 1166 5466 τῷ
1214 5393 1576 5470 ἀρχίποιμενί
1631 5414 1690 5449 τε
1746 5395 1941 5452 Θεοδοο

268 5487 367 5559 σίῳ
397 5487 490 5542 καὶ
522 5487 594 5557 τῇ
630 5478 842 5551 συνόδῳ
882 5476 1036 5535 οὐδὲν
1101 5482 1321 5556 μέτριον
1370 5481 1495 5538 οὐδὲ
1551 5482 1740 5557 χάριεν
1800 5481 1938 5557 διεξ-

270 5577 379 5648 ῄει,
409 5572 565 5631 ἀλλὰ
604 5570 695 5625 καὶ
730 5572 800 5641 τῇ
842 5565 1081 5623 ἐνστάσει
1141 5574 1237 5625 τοῦ
1287 5572 1634 5650 πατριάρχου
1701 5570 1792 5626 καὶ
1831 5576 1939 5628 τῶν

273 5668 365 5719 σὺν
420 5664 571 5734 αὐτῷ
632 5657 936 5733 ἀρχιερέων
984 5657 1058 5718 ὡς
1123 5659 1200 5732 μὴ
1260 5657 1396 5714 κατά
1453 5658 1616 5733 λόγον
1677 5662 1936 5738 γενομένῃ

2060 4684 2190 4741 aliis
2225 4682 2557 4738 illustribus
2586 4680 2979 4753 prerogativis
3037 4697 3170 4736 sum
3227 4684 3490 4748 ornatus,
3525 4688 3583 4738 et
3610 4682 3700 4737 in-

2056 4790 2237 4829 sanus
2265 4787 2479 4835 essem,
2510 4770 2622 4825 nisi
2655 4786 2757 4841 pro
2788 4771 3072 4825 tenuitate
3129 4769 3281 4828 282
3340 4787 3471 4827 mea
3500 4770 3702 4843 quale-

2058 4878 2291 4933 cunque
2322 4859 2403 4915 illi
2437 4859 2694 4914 studium
2729 4874 2924 4913 meum
2954 4858 3331 4929 declararem,
3364 4869 3417 4916 et
3447 4860 3701 4917 summis

2055 4955 2115 5010 in
2149 4955 2202 5009 id
2238 4950 2461 5007 viribus
2501 4950 2920 5016 incumberem,
2977 4967 3049 5006 ne
3099 4950 3146 5007 is
3202 4967 3377 5008 verus
3438 4951 3540 5008 Dei
3570 4967 3705 5008 ana-

2055 5043 2311 5099 themate
2345 5041 2661 5095 notaretur.
2697 5059 2725 5087 »
2756 5036 3036 5094 Craterum
3097 5040 3394 5097 auditores
3452 5057 3520 5098 ea
3580 5056 3700 5097 ma-

2056 5129 2459 5203 gniloquentia
2517 5129 2661 5183 adeo
2743 5144 2857 5183 non
2942 5127 3430 5201 percellebantur,
3498 5134 3562 5185 ut
3614 5130 3702 5184 vir

2055 5221 2433 5277 doctissimus
2464 5223 2521 5275 et
2552 5218 3093 5291 eloquentissimus,
3137 5221 3483 5278 Eustathius
3520 5210 3714 5276 Thes?

2055 5311 2324 5367 saionicre
2356 5309 2850 5380 archiepiscopus,
2885 5324 2950 5363 ea
3010 5309 3273 5366 oratione
3330 5313 3699 5366 vehementer

2055 5403 2610 5465 commotus,verum
2636 5397 2819 5451 Deum
2864 5396 3087 5467 aliquid
3139 5398 3576 5471 holosphyrum,
3608 5399 3698 5453 in-

2053 5486 2237 5542 felicis
2255 5486 2473 5557 ingenii
2494 5485 3210 5555 commentum,perhiberi
3224 5487 3382 5543 nullo
3398 5488 3569 5543 modo
3585 5486 3697 5540 fer-

2053 5580 2160 5633 ret.
2196 5575 2574 5641 «Enimvero,
2607 5575 2816 5644 inquit,
2848 5574 3165 5630 insanirem
3191 5580 3248 5631 et
3270 5577 3374 5632 hoc
3413 5576 3630 5640 habitu,
3665 5593 3694 5622 »

2055 5670 2292 5722 ostenso
2324 5661 2499 5736 pallio
2531 5686 2559 5714 «
2591 5662 2872 5735 indignus
2903 5678 3117 5730 essem,
3149 5664 3200 5718 si
3258 5665 3439 5720 Deum
3491 5673 3687 5717 verum
