4140 6290
437 418 552 482 567

1755 407 2064 472 ΝΙΟΕΤᾸΞ
2104 408 2532 472 ΟΗΟΝΙΑΤλΕ

3725 414 3844 476 568

437 553 770 628 judicarcm
793 551 1030 608 brutum
1054 549 1222 606 illum
1251 547 1605 621 prediconem
1629 551 1679 602 et
1696 543 2094 602 omnisobsce-

2215 539 2667 621 ἐπιμεμφόμενος
2738 539 3082 616 διηπειλεῖτο
3137 545 3387 620 μείζονος
3445 541 3672 601 συνόδου
3727 567 3851 622 συγ-

448 643 654 699 uitatis
683 647 740 696 et
772 639 1006 696 sceleris
1029 639 1348 693 doctorem.
1385 657 1410 688 ν
1438 639 1575 703 Quae
1613 651 1748 692 cum
1777 635 1931 690 clara
1958 650 2094 690 voce

451 737 508 787 et
531 747 746 802 magno
778 745 921 783 verze
956 727 1188 800 pietatis
1220 726 1428 782 aii‘ectu
1485 725 1748 792 dixisset,
1799 724 2094 780 auditores

450 837 599 894 pene
629 820 1074 889 obstupuerunt.
1121 815 1332 889 Scripti
1389 832 1523 872 vero
1580 814 1742 870 illius
1801 815 2093 884 recitator,

449 909 748 983 paulisper
777 907 934 963 velut
964 905 1626 977 attonitus,compressis
1656 903 1820 960 labiit
1887 903 2093 970 astitit,

449 1000 661 1054 deinde
692 999 764 1053 ad
796 997 1204 1068 imperatorem
1240 1011 1508 1050 reversus
1537 999 1661 1062 est;
1695 994 1790 1065 qui
1851 1010 1916 1049 ea
1967 1010 2094 1050 ora-

449 1089 606 1144 tione
639 1086 1012 1158 perturbatus
1041 1084 1203 1140 varia
1261 1083 1597 1140 defensione
1653 1100 1798 1139 usus
1857 1087 1990 1150 est;
2043 1087 2098 1138 et

449 1176 752 1248 patientia,
778 1180 840 1230 ut
873 1189 1177 1246 nunquam
1212 1178 1404 1256 antea,
1440 1171 1700 1242 laudata,
1727 1177 1788 1228 ut
1829 1172 2105 1244 querelos

448 1270 506 1322 et
561 1265 926 1321 cavillatores
985 1264 1214 1328 vitaret,
1275 1278 1336 1318 se
1411 1277 1644 1334 quoque
1703 1263 2096 1334 integerrimis

447 1353 795 1412 Christianis
825 1353 1272 1417 adnumerabat,
1305 1354 1360 1406 et
1393 1350 1856 1423 religiosissimis
1893 1357 2094 1408 natum

447 1460 578 1500 esse
609 1442 949 1516 parentibus
999 1441 1316 1509 asserebat,
1375 1443 1432 1496 et
1477 1446 1679 1496 contra
1730 1440 2098 1498 Thessaloni-

451 1549 684 1590 censem
701 1531 994 1604 judicium
1010 1531 1390 1586 vehementer
1405 1529 2096 1601 efﬂagitabat.Autenim,

453 1623 503 1680 si
536 1623 934 1679 absolveretur
961 1625 1026 1676 ut
1056 1621 1157 1692 qui
1189 1624 1300 1675 Deo
1323 1618 1602 1690 pediconi
1655 1636 1768 1675 non
1817 1621 2098 1690 crederet,

453 1729 559 1769 nec
578 1710 942 1782 dereligione
965 1725 1270 1782 perperam
1312 1709 1572 1778 sentiret,
1611 1709 1764 1766 283
1808 1726 1869 1766 se
1910 1711 2100 1782 justas

451 1819 655 1875 pmnas
683 1801 754 1856 de
794 1815 858 1855 eo
891 1801 1283 1870 sumpturum,
1315 1797 1413 1870 qui
1448 1797 1873 1855 contumeliosa
1927 1800 2103 1856 verba

2199 632 2488 706 κρότηοιν,
2521 633 2610 688 καὶ
2642 634 2743 703 τήν
2779 636 2897 707 μετ’
2930 635 3097 691 αὐτοῦ
3153 640 3252 690 του
3282 634 3434 691 πάπα
3460 643 3560 705 τῆς
3617 631 3846 710 πρεσϐυ-

2198 719 2356 796 τέρας
2387 721 2610 796 Ῥώμης
2639 727 2749 778 τῶν
2807 723 3179 799 προκειμένων
3237 725 3522 800 ἐπώμνυτο
3553 721 3847 800 διάσκεψιν.

2200 833 2229 862 ‹‹
2263 811 2567 886 Ἀγνώμων
2593 813 2698 888 γὰρ
2738 811 2800 868 ἅν
2833 813 2970 884 ε’ἶην,
3005 837 3032 864 ››
3064 812 3214 890 ἔλεγε
3246 839 3273 866 ‹‹
3307 815 3397 870 καὶ
3455 812 3774 891 ἀλόγιστος,
3804 816 3848 870 εἰ

2203 901 2278 972 μή
2311 899 2624 956 πολλοστὸν
2658 899 2932 973 ἀντιδοίην
2969 905 3131 979 μέρος
3160 908 3238 976 τῷ
3271 903 3388 978 έμῷ
3421 902 3720 979 βασιλευτῇ
3760 906 3848 960 καὶ

2203 989 2420 1065 βασιλεῖ
2473 995 2582 1045 τῶν
2638 991 2784 1047 ὅλων
2863 997 3000 1064 Θεῷ,
3087 995 3159 1047 ὧν
3237 992 3434 1048 ἐκεῖθεν
3521 993 3852 1066 κρειττόνως

2198 1075 2430 1154 ἔσχηκα,
2480 1084 2648 1135 πᾶσαν
2702 1079 2944 1152 σπουδὴν
2995 1083 3304 1158 εἰσενεγκὼν
3371 1081 3510 1139 ὣστε
3585 1085 3660 1157 μὴ
3721 1088 3852 1139 τοῦ-

2199 1189 2291 1222 τον
2385 1166 2676 1244 ἀναθέματι
2758 1166 3270 1228 καθυποϐἐλλεσθαι
3375 1172 3638 1244 ἀληθινὸν
3725 1167 3856 1229 ὄντα

2202 1257 2349 1316 Θεόν.
2384 1261 2720 1316 »Τοσοῦτον
2773 1257 2830 1316 δὲ
2884 1265 2981 1316 τοῦ
3047 1258 3442 1336 διαθροηθῆναι
3497 1267 3616 1324 τοῖς
3671 1262 3857 1318 τοιού-

2199 1369 2316 1412 τοις
2374 1348 2604 1425 ἀπεῖχον
2665 1351 2717 1404 oi
2809 1350 3150 1427 ἀκροώμενοι
3229 1353 3638 1426 κομπάσμασιν,
3717 1350 3858 1409 ὥστε

2201 1437 2290 1492 καὶ
2323 1439 2350 1492 6
2379 1444 2480 1508 τῆς
2509 1438 2911 1511 Θεσσαλονίκης
2940 1438 3229 1516 πρόεδρος,
3264 1441 3292 1496 ὀ
3336 1440 3512 1504 πολὺς
3543 1441 3634 1497 καὶ
3669 1442 3812 1519 μέγα
3841 1461 3858 1514 ;

2203 1526 2255 1583 έν
2279 1527 2472 1606 λόγοις
2501 1529 2820 1596 Εὖστάθιος,
2874 1527 3050 1600 ζήλου
3107 1529 3194 1585 ἐπὶ
3248 1535 3368 1594 τοῖς
3426 1529 3858 1608 ἀνεγνωσμένοις

2203 1613 2470 1685 πλησθεὶς
2521 1617 2612 1670 καὶ
2673 1619 2749 1690 μὴ
2820 1615 3048 1695 ἐνεγκὼν
3091 1618 3222 1674 Θεὸν
3252 1617 3512 1690 ἀληθινὸν
3547 1617 3862 1691 δοξάζεσθαι

2205 1703 2514 1781 ὁλόσφυρόν
2592 1728 2646 1761 τι
2704 1703 2942 1769 διανοίας
3022 1706 3352 1782 ἀνάπλασμα
3429 1705 3859 1784 κακοδαίμονος,

2208 1817 2237 1847 ι(
2269 1793 2534 1869 Ἐσοίμην
2567 1795 2649 1867 ἂν,
2685 1819 2712 1848 ››
2745 1791 2873 1875 ἔφη,
2898 1821 2926 1850 ‹‹
2958 1797 3483 1872 καταπεπατημένον
3539 1805 3664 1861 τοῖς
3694 1801 3864 1876 πτέρ-

447 1891 513 1947 in
535 1894 776 1946 unctum
811 1889 1040 1945 Domini
1073 1888 1360 1955 etfutiret;
1395 1892 1517 1952 aut,
1568 1887 1619 1944 si
1677 1889 2097 1946 condemnatus

2208 1904 2324 1947 ναις
2356 1888 2539 1962 φορῶν
2570 1885 2662 1940 τὸν
2693 1881 3016 1962 ἐγκέφαλον,
3056 1887 3148 1942 καὶ
3188 1893 3286 1943 τοῦ
3338 1889 3630 1964 σχήματος
3660 1888 3862 1944 τούτου

447 1985 599 2037 esset
631 1979 800 2052 quasi
832 1978 1014 2034 alium
1042 1993 1218 2050 quam
1252 1976 1567 2032 Christiani
1620 1977 1803 2032 Deum
1863 1977 2094 2047 coleret,

445 2069 749 2126 veritatem
781 2067 925 2124 velle
957 2066 1199 2136 discere,
1233 2069 1290 2122 et
1319 2066 1565 2138 gratiam
1601 2065 1650 2121 ei
1685 2082 1800 2122 non
1859 2083 2094 2138 parvam

448 2157 921 2228 habiturum,qui
946 2157 1058 2212 sibi
1081 2170 1334 2212 errorem
1361 2155 1702 2212 extorsisset
1725 2155 2094 2212 etveritatem

448 2247 814 2320 explicasset.
849 2247 1028 2302 Paulo
1087 2249 1219 2318 post
1279 2245 1611 2317 patriarcha
1667 2245 1729 2300 in
1787 2246 1916 2316 ejus
1957 2262 2096 2302 con-

449 2342 716 2411 spectum
737 2337 981 2404 venit,et
1002 2353 1128 2408 quae
1153 2353 1244 2392 res
1287 2335 1624 2408 postulabat
1673 2336 1929 2409 locutus,
1961 2338 2098 2396 etre-

452 2429 531 2482 cit
561 2431 622 2482 ut
653 2426 959 2482 iracundia
989 2427 1221 2498 placata
1272 2425 1501 2482 veniam
1556 2425 1766 2482 habitae
1815 2426 2098 2484 orationis

453 2521 510 2574 et
530 2517 878 2573 defendendi
904 2515 994 2572 sui
1019 2519 1365 2588 potestatem
1385 2515 1894 2573 Thessalonicensi
1911 2517 2097 2588 daret,

454 2623 588 2662 cum
619 2606 727 2662 hac
759 2609 955 2662 tamen
987 2605 1393 2677 castigatione,
1425 2613 1688 2677 oportere
1719 2621 1878 2672 eum,
1911 2610 1976 2661 ut
2011 2606 2101 2661 vi-

453 2713 581 2753 rum
605 2695 1033 2768 sapientem,ab
1051 2695 1410 2750 obscenitate
1433 2696 1741 2751 verborum
1795 2695 1907 2751 sibi
1952 2699 2103 2752 tem-

453 2801 678 2858 perare,
738 2801 843 2842 nec
899 2785 1129 2840 effutire
1187 2792 1399 2840 temere
1457 2800 1585 2854 quae
1642 2783 1789 2840 nihil
1849 2785 1919 2840 ad
1980 2801 2101 2840 rem

452 2874 826 2947 pertinerent.
859 2877 1068 2928 Postea
1097 2889 1230 2928 cum
1260 2873 1542 2945 scriptum
1603 2872 1673 2928 de
1728 2889 1795 2928 eo
1829 2873 2102 2944 dogmate

448 2963 680 3037 publice
711 2962 1071 3028 recitaretur,
1105 2965 1164 3017 et
1195 2961 1266 3017 ab
1296 2961 1572 3018 omnibus
1621 2965 1686 3016 ut
1737 2961 1830 3033 pie
1856 2961 2104 3033 explica-

448 3059 572 3110 tum
619 3053 980 3116 laudaretur,
1031 3067 1094 3106 se
1152 3049 1405 3106 libenter
1452 3049 1888 3121 subscripturos
1935 3049 2102 3122 polli-

451 3139 1062 3206 centibus,consilium
1095 3143 1186 3194 est
1214 3139 1552 3195 dimissum.
1617 3141 1692 3194 Ac
1736 3139 1822 3194 illi
1864 3139 2107 3196 abibant

451 3229 750 3300 laeti,quod
774 3227 1176 3283 adversatione
1198 3243 1305 3283 sua
1327 3228 1739 3299 imperatorem
1787 3227 2061 3284 vicissent
2085 3247 2100 3297 ;

453 3319 506 3373 is
537 3333 670 3372 vero
701 3315 1013 3388 gaudebat,
1044 3315 1197 3386 quod
1256 3332 1356 3372 eos
1411 3317 1480 3371 ad
1542 3332 1709 3371 suam
1743 3315 2102 3373 voluntatem

457 3404 730 3471 ﬂexisset,
763 3421 828 3458 ac
844 3404 1044 3473 paucis
1065 3402 1256 3459 verbis
1279 3403 1334 3458 id
1366 3408 1718 3460 consecutus
1768 3409 1922 3460 esset
1953 3405 2108 3477 quod

461 3499 635 3551 antea
680 3493 923 3549 verboso
980 3492 1200 3564 scripto
1257 3493 1569 3564 impetrare
1627 3510 1743 3550 non
1801 3493 2107 3566 potuisset.

459 3584 752 3642 Postridie
781 3583 1094 3638 concilium
1131 3584 1322 3652 prima
1354 3583 1480 3639 luce
1509 3585 1676 3656 jussu
1739 3583 2108 3657 imperatoris

461 3676 521 3733 in
557 3672 897 3748 patriarcha:
927 3672 1148 3728 aedibus
1207 3673 1362 3730 28:1
1420 3673 1706 3745 convenit,
1740 3677 1805 3729 ut
1854 3674 2110 3731 facerent

464 3762 961 3836 quemadmodum
1022 3760 1426 3832 promiserant.
1487 3761 1700 3818 Verum
1765 3761 1852 3817 illi
1909 3777 2112 3818 omnes

462 3850 749 3910 sententia
779 3854 1004 3906 mutata
1026 3849 1518 3923 subscriptionem
1559 3852 1922 3922 recusabant,
1955 3851 2108 3922 quod

458 3943 519 3998 in
553 3940 652 3998 illo
675 3940 892 4012 scripto
917 3941 1108 3996 adhuc
1131 3941 1306 3997 verba
1335 3940 1603 4012 quaedam
1643 3939 2004 4012 reprehenda
2033 3940 2112 3996 la-

462 4032 891 4105 terent,quibus
919 4033 1105 4088 erasis
1161 4031 1276 4088 alia
1335 4032 1669 4104 reponenda
1721 4036 1940 4101 essent,
1982 4047 2108 4102 quae

460 4139 594 4180 cum
643 4137 776 4176 vera
839 4122 1126 4177 sententia
1179 4125 1589 4193 congruerent.
1651 4121 1874 4177 Rursus
1930 4119 2112 4192 igitur

465 4213 787 4267 csmmotus
847 4211 1160 4280 imperator
1215 4226 1415 4266 eorum
1483 4209 1850 4278 vaecordiam,
1909 4211 2108 4264 incon-

463 4299 740 4356 stantiam
797 4305 850 4353 et
900 4297 1192 4354 levitatem
1252 4303 1446 4370 aperte
1503 4299 1828 4355 insectatus
1859 4303 1966 4354 est.
1999 4299 2109 4355 Sed

461 4389 548 4446 illi
575 4387 811 4444 tandem
845 4403 994 4460 egre
1015 4392 1414 4459 assenserunt,
1466 4393 1530 4445 ut
1588 4389 1903 4444 anathema
1933 4405 1966 4444 a
1997 4393 2110 4445 Deo

460 4477 802 4535 Machometi
833 4477 890 4534 in
925 4479 1117 4550 ipsum
1152 4477 1582 4536 Machometum
1617 4481 1674 4533 et
1717 4493 1950 4533 omnem
1983 4478 2110 4549 ejus

461 4567 788 4626 doctrinam
821 4573 877 4624 et
907 4571 1124 4625 sectam
1159 4567 1219 4622 in
1251 4565 1622 4623 catecheticis
1665 4565 1880 4622 libellis
1911 4571 2107 4623 trans-

2203 1971 2454 2048 παράπαν
2496 1974 2711 2044 ἀνάξιος
2741 1997 2768 2029 ο
2817 1976 2910 2031 τὸν
2968 1973 3056 2030 ἐπὶ
3107 1980 3215 2032 τῶν
3271 1975 3440 2052 ὧμων
3501 1974 3675 2048 δείξας
3731 1999 3862 2052 μαν-

2203 2058 2356 2134 δύαν,
2389 2086 2417 2114 ‹‹
2451 2061 2496 2117 εἶ
2553 2063 2681 2118 Θεὸν
2728 2064 2978 2142 ἡγοίμην
3029 2061 3289 2137 ἀληθινὸν
3347 2066 3438 2120 τὸν
3489 2063 3856 2143 παιδεραστὴν

2202 2149 2292 2205 καὶ
2323 2149 2637 2225 καμηλώδη
2670 2151 2758 2207 καὶ
2785 2151 2963 2224 πάσης
2993 2155 3241 2228 πράξεως
3291 2159 3533 2230 μυσαρᾶς
3568 2156 3858 2233 ὑφηγητὴν

2201 2239 2292 2294 καὶ
2325 2235 2670 2297 διδάσκαλον.
2706 2266 2728 2294 ιι
2801 2242 3172 2320 Ἐπεπήγεσαν
3233 2242 3326 2297 οὗν
3383 2242 3472 2298 ἐπὶ
3528 2248 3644 2308 τοῖς
3704 2244 3862 2321 εἰρη-

2209 2329 2392 2403 μένοις
2467 2329 2684 2393 τούτοις
2745 2331 2798 2384 oi
2845 2329 3144 2402 ἀκηκοότες
3219 2335 3438 2407 μικροῠο
3491 2333 3556 2403 ἦν
3603 2331 3707 2410 γὰρ
3769 2333 3856 2389 καί

2207 2415 2474 2494 διατόρως
2511 2423 2680 2475 ταῦτα
2728 2421 3103 2495 φθεγγόμενος
3168 2421 3258 2476 καὶ
3317 2418 3620 2497 προδήλως
3674 2442 3862 2498 χαρα-

2205 2508 2479 2583 κτηρίζων
2537 2509 2628 2564 τὸν
2697 2509 2852 2582 ζήλῳ
2915 2505 3184 2573 εὐσεϐείας
3260 2510 3621 2586 πυρούμενον.
3685 2513 3750 2570 Ὀ
3807 2510 3862 2567 δὲ

2205 2600 2302 2652 τοῦ
2341 2595 2663 2672 γράμματος
2697 2597 3097 2674 ὑπαγορευτῆς,
3129 2597 3256 2662 στὰς
3305 2598 3394 2654 ἐπὶ
3457 2601 3638 2675 βραχὺ
3696 2599 3752 2655 ἐν
3781 2600 3863 2665 εὸς

2206 2687 2398 2742 καὶτά
2429 2685 2594 2762 χείλη
2661 2688 2854 2760 μύσας,
2916 2685 3244 2762 παλίμπους
3298 2689 3410 2744 εἶτα
3441 2688 3519 2752 εἷς
3547 2690 3640 2745 τὸν
3695 2691 3857 2746 αὖτο-

2207 2775 2444 2852 κράτορα
2471 2774 2679 2832 ε’ἓσεισι.
2724 2775 2827 2833 Καὶ
2868 2775 2927 2839 δς
2955 2777 3022 2832 τὰ
3077 2775 3390 2848 λαληθέντα
3439 2775 3856 2854 ένωτισάμενος,

2211 2867 2326 2921 οἷον
2359 2865 2777 2945 περιψοφηθεῖς,
2834 2864 3090 2929 ποικίλος
3153 2868 3218 2937 ἦν
3277 2870 3367 2922 τὸν
3424 2867 3732 2944 ἀπόλογον,
3793 2870 3852 2924 τὸ

2215 2955 2564 3031 μακρόθυμον
2603 2954 2877 3032 ἐπῃνεκὼς
2909 2955 2984 3018 ὡς
3017 2953 3298 3015 οὐδέποτε.
3357 2957 3464 3013 Καὶ
3515 2958 3702 3014 ἑαυτὸν
3757 2959 3856 3036 γὰρ

2209 3050 2328 3107 τοῖς
2385 3043 2519 3120 ἄγαν
2579 3042 2934 3120 ὀρθοδοξοῦσι
3017 3047 3362 3119 Χριστιανοῖς
3448 3045 3705 3115 ἐνέταττε,
3765 3046 3854 3102 καὶ

2209 3133 2459 3208 πατέρων
2522 3133 2804 3210 ὡμολόγει
2843 3129 3186 3190 πανευσεὸὧν
3233 3135 3542 3210 προελθεῖν,
3597 3135 3720 3198 τοὺς
3761 3155 3848 3210 φι-

2215 3219 2464 3284 λαιτίους
2547 3220 2809 3278 ἐκκλίνων
2883 3223 2974 3278 καὶ
3031 3223 3519 3300 φιλοσκώμμονας.
3581 3224 3678 3281 Καὶ
3749 3223 3846 3292 τήν

2221 3311 2356 3385 μετᾶ
2381 3315 2478 3366 τοῦ
2520 3311 2921 3384 Θεσσαλονίκης
2976 3314 3152 3390 κρίσιν
3210 3313 3390 3378 πολὺς
3439 3313 3662 3368 ἐνέκειτο
3719 3310 3860 3384 ἔξαι-

2215 3399 2502 3474 σιτούμενος.
2551 3402 2622 3458 ’Ἡ
2681 3402 2810 3478 γὰρ,
2869 3403 3026 3478 φησὶ,
3078 3399 3388 3466 δικαιωθεῖς
3444 3402 3516 3464 ὠς
3600 3403 3678 3474 μὴ
3741 3404 3860 3474 Θεῷ

2214 3488 2482 3546 πιστεύων
2536 3487 2894 3568 παιδεραστῇ,
2950 3489 3091 3566 μηδὲ
3147 3491 3379 3568 εἰσάγων
3460 3491 3866 3568 παραχάραγμα

2216 3578 2472 3648 πίστεως,
2507 3576 2720 3634 δικαίαν
2789 3579 3036 3651 ἐπιθήσει
3096 3579 3250 3652 δίκην
3309 3585 3389 3654 τῷ
3438 3581 3578 3636 κατὰ
3635 3581 3866 3656 Χρὶστοῢ

2217 3668 2426 3742 Κυρίου
2485 3667 2831 3744 ἐρυγγάνοντι
2893 3669 3217 3746 βλάσφημα,
3289 3668 3326 3740 ἤ
3396 3669 3736 3746 κατακριθεῖς
3792 3669 3866 3732 ὠς

2213 3755 2397 3832 ἓτερον
2427 3755 2664 3828 δοξάζων
2725 3758 2855 3814 Θεὸν
2909 3760 3038 3834 παρ’
3105 3760 3164 3814 δν
3196 3760 3250 3815 οἱ
3292 3759 3351 3815 ἐκ
3395 3763 3631 3834 Χριστοῦ
3661 3758 3866 3814 καλού-

2221 3867 2371 3920 μενοι
2431 3841 2676 3902 σέϐονται
2741 3850 3181 3922 μεταμαθήσεται
3273 3851 3373 3920 τήν
3434 3848 3715 3922 ἀληθειαν,
3775 3848 3868 3904 καὶ

2218 3937 2378 4012 χάριν
2435 3937 2634 3992 ε’ἰσεται
2693 3935 2756 3991 ού
2843 3938 3038 4012 μικρὰν
3093 3941 3172 4011 τῷ
3252 3945 3354 4009 τῆς
3397 3937 3650 4018 χείρονος
3707 3937 3866 3994 αὐτὸν

2219 4026 2611 4102 μεταστήσαντι
2697 4022 2858 4100 δόξης
2915 4029 3006 4080 καὶ
3087 4029 3357 4101 μυησαντι
3416 4029 3516 4098 τήν
3575 4025 3866 4098 ἀλήθειαν.

2217 4115 2370 4173 Μετὰ
2429 4113 2608 4190 βραχῦ
2669 4111 2726 4169 δὲ
2779 4118 2877 4170 τοῦ
2959 4116 3306 4192 πατριάρχου
3365 4116 3442 4180 εἷς
3502 4115 3622 4182 θέαν
3679 4116 3870 4190 ἐκείνῳ

2218 4203 2556 4275 ἐληλυθότος
2587 4202 2678 4258 καὶ
2705 4202 3100 4276 κατεπᾴσαντος
3154 4205 3222 4260 τὰ
3277 4205 3462 4262 εἶ’κότα
3507 4209 3604 4261 τοῦ
3659 4227 3722 4261 τε
3782 4217 3874 4270 eo-

2220 4297 2326 4368 μοῦ
2354 4291 2654 4364 ἓληξε,καὶ
2711 4297 2790 4366 τῷ
2847 4293 3130 4368 Εὐσταθίῳ
3187 4294 3513 4370 συγγνώμην
3563 4295 3874 4372 παρέσχετο

2218 4383 2321 4462 ἐφ’,
2354 4385 2436 4446 οἷς
2465 4381 2892 4460 παρεφθέγξατο,
2948 4380 3260 4446 ένδεδωκὼς
3319 4383 3466 4458 αύτῷ
3521 4385 3621 4440 ὃσα
3678 4387 3872 4461 ᾑρεῖτο

2215 4469 2692 4546 ἀπολογήσασθαι,
2754 4469 3064 4527 τελευταῖον
3123 4470 3180 4528 δὲ
3231 4473 3322 4528 καὶ
3404 4473 3565 4536 αὐτὸς
3631 4472 3874 4530 ἐπειπὼν

2218 4560 2315 4632 ὠς,
2350 4583 2378 4612 ‹‹
2412 4565 2502 4614 Δεῖ
2531 4581 2588 4615 σε
2627 4561 2792 4638 σοφὸν
2843 4559 2970 4616 ὄντα
3031 4562 3106 4632 μὴ
3142 4559 3600 4638 αἱσχρορῥήμονα
3656 4560 3874 4618 δείκνυ-

459 4659 726 4714 t'erretur.
760 4659 883 4724 Quo
911 4661 1044 4729 post
1090 4655 1308 4712 multos
1366 4671 1718 4728 congressus
1776 4656 2006 4712 decreto
2045 4659 2101 4712 et

2211 4654 2330 4708 σθαι
2363 4648 2506 4724 μηδὲ
2537 4653 2928 4728 θρασυστομεῖν
2983 4651 3336 4728 παρακαίρια.
3370 4676 3398 4704 ι»
3458 4653 3581 4710 Ἐπὶ
3630 4649 3692 4708 8‘s
3751 4654 3877 4710 τού-

457 4747 802 4804 conﬁrmato
831 4747 1069 4802 tandem
1097 4745 1466 4818 quieverunt.

2210 4763 2330 4804 τοις
2357 4741 2434 4804 εἷς
2463 4743 2652 4812 κοινὴν
2689 4741 2940 4805 δοθέντος
3002 4741 3258 4818 ἀκρόασιν
3316 4747 3414 4799 τοῦ
3472 4743 3727 4818 περὶτοῦ
3787 4741 3876 4799 δό-

457 4857 667 4909 γματος
697 4834 756 4888 τό
770 4854 894 4906 μου,
926 4833 1015 4888 καὶ
1045 4833 1261 4888 πάντων
1291 4830 1686 4889 ἐπαινεσάντων
1715 4833 1784 4888 τὰ
1820 4831 2177 4908 γεγραμμένα
2208 4831 2282 4894 ὡς
2317 4825 2553 4894 εὐσεϐῶς
2593 4831 3054 4906 ὁρθοτομηθέντα,
3113 4830 3202 4886 καὶ
3258 4836 3574 4908 περιχαρῶς
3633 4833 3690 4888 ἒν
3719 4833 3873 4906 αὐτῷ

462 4923 778 4998 ὑπογράψαι
808 4922 1208 4992 καταθεμένων,
1271 4921 1299 4976 6
1332 4919 1607 4998 σύλλογος
1638 4918 1942 4991 διελέλυτο,
1984 4920 2074 4974 καὶ
2105 4921 2158 4975 οἱ
2219 4921 2312 4992 μὲν
2347 4919 2585 4994 ἀπῄεσαν
2614 4919 2982 4996 ἀγαλλόμενοι
3033 4920 3106 4983 ὡς
3151 4924 3220 4993 τῇ
3281 4919 3455 4993 οίκείᾳ
3487 4921 3731 4977 ένστάσει
3779 4920 3870 4977 τὸν

465 5008 692 5084 βασιλέα
724 5008 1088 5076 νενικηκότες
1120 5009 1147 5062 6
1181 5006 1237 5062 δὲ
1267 5005 1482 5085 ἔχαιρεν
1517 5011 1593 5075 ὡς
1612 5014 1680 5084 τῇ
1715 5010 1904 5064 ἑαυτοῦ
1934 5007 2332 5072 καθυποκλίνας
2363 5009 2589 5072 τούτους
2624 5005 2824 5086 βουλῇ,
2856 5009 2946 5064 καὶ
2987 5010 3138 5085 σχὼν
3171 5007 3260 5065 διὰ
3293 5009 3667 5089 βραχυλογίας
3700 5010 3874 5087 οὗπερ

465 5097 554 5154 διὰ
573 5101 669 5152 τοῦ
701 5095 1044 5171 πολυστίχου
1075 5097 1336 5171 πρότερον
1368 5098 1544 5172 τόμου
1576 5097 1833 5172 οὒδαμῶς
1864 5097 2099 5176 ἐφίκετο.
2134 5098 2282 5156 Κατᾶ
2311 5093 2368 5152 δὲ
2403 5100 2502 5168 τήν
2541 5105 2654 5172 μετ’
2687 5097 2896 5170 ἐκείνην
2929 5099 3136 5174 ἡμέραν
3171 5099 3246 5164 εἷς
3301 5107 3400 5170 τήν
3457 5102 3871 5177 πατριαρχικὴν

464 5186 642 5242 ἑστίαν
677 5187 712 5254 ἡ
747 5181 972 5245 σύνοδος
1005 5185 1372 5259 ἀθροισθεῖσα,
1413 5187 1564 5251 ὅπως
1593 5189 1729 5243 κατὰ
1757 5187 1822 5242 τὰ
1851 5188 2277 5264 συμφωνηθέντα
2317 5185 2584 5256 δράσωσιν
2645 5185 2782 5262 (ἅμα
2835 5189 2937 5264 γὰρ
2967 5186 3038 5262 ἕῳ
3077 5192 3324 5264 παρῆσαν
3354 5188 3410 5242 oi
3466 5188 3525 5243 ἐκ
3595 5189 3872 5264 βασιλέως

459 5275 657 5336 αὐτοὺς
686 5273 761 5335 εἷς
791 5271 879 5328 ἕνα
917 5272 1214 5348 ἀθροισμὸν
1247 5280 1702 5354 συναγείροντες),
1734 5279 1787 5331 οἱ
1843 5275 1890 5332 δ’
1939 5276 2113 5333 οὐκέτ’
2150 5277 2285 5346 ἦσαν
2341 5279 2392 5332 οἱ
2455 5276 2631 5346 αὐτοὶ,
2680 5275 2808 5332 ἀλλ’
2837 5275 3085 5332 ἀνένευον
3114 5279 3306 5341 πάντες
3335 5277 3499 5334 πάλιν
3528 5280 3618 5334 καὶ
3652 5279 3873 5352 ἀπεπή-

461 5362 668 5426 δωνὼς
701 5365 768 5436 τῇ
798 5363 1209 5438 ὑπηγορευμένη
1243 5371 1424 5444 γραφῇ
1474 5365 1551 5422 ἔτι
1610 5365 1934 5444 ἐγκειμένων
1989 5365 2346 5441 ἐπιληψίμων
2408 5365 2670 5442 ῥημάτων
2728 5369 2918 5434 τινῶν,
2974 5367 3064 5422 καὶ
3123 5366 3320 5436 ἤθελον
3373 5366 3463 5423 καὶ
3521 5373 3690 5425 ταῦτα
3744 5363 3872 5426 ὀϐε-

460 5452 714 5522 λισοῆναι
756 5450 846 5506 καὶ
877 5450 1035 5525 ἓτερα
1064 5450 1340 5524 ἐντεθῆναι
1366 5459 1446 5527 τῷ
1478 5456 1621 5531 ὀρθῷ
1651 5455 1786 5512 κατᾶ
1815 5453 1984 5529 μηδέν
2042 5477 2094 5512 τι
2155 5455 2563 5532 προσιστάμενα
2593 5453 2846 5531 δόγματι.
2895 5458 2996 5512 Ἦν
3045 5456 3134 5512 οὖν
3167 5455 3318 5522 αὖθις
3366 5457 3808 5532 παροξυνόμενος
3844 5461 3872 5514 6

459 5545 673 5617 κρατῶν
723 5541 810 5595 καὶ
875 5541 950 5602 ὡς
1025 5541 1399 5612 ἀνοηταίνουσι
1467 5545 1715 5621 καθαρῶς
1772 5545 2084 5622 ἐπεγκαλῶν
2142 5547 2205 5600 τὸ
2265 5553 2366 5616 τῆς
2421 5547 2652 5622 γνώμης
2705 5543 2932 5601 ἄστατον
2989 5546 3077 5600 καὶ
3145 5546 3539 5626 ἀγχίστροφον.
3598 5548 3731 5622 Ὀψὲ
3813 5545 3873 5603 δέ

460 5631 552 5687 καὶ
623 5629 787 5705 μόλις
833 5629 1194 5704 συνήλθοσσν,
1243 5633 1333 5688 ’ἰνα
1364 5633 1424 5688 τὸ
1489 5633 1580 5708 μὲν
1643 5635 1880 5711 ἀνάθεμα
1937 5639 2017 5709 τῷ
2074 5638 2190 5710 Θεῷ
2243 5639 2340 5690 τοῦ
2395 5635 2639 5710 Μωάμετ
2669 5639 2776 5692 τῶν
2827 5641 3215 5710 κατηχητικῶν
3253 5632 3484 5712 βιϐλίων
3527 5635 3872 5716 ἀπαλειφθῇ,
