4140 6290
325 405 446 465 569
551 452 559 461 ,

1371 399 1471 459 DE
1515 398 1892 463 MANUELE
1935 396 2328 461 COMNENO
2375 399 2523 460 LIB.
2571 400 2705 463 VIl.

3631 404 3753 464 570

340 537 590 615 ἐγγραφῇ
624 531 680 590 δὲ
711 531 957 606 ἀνάθεμα
986 535 1068 606 τῷ
1107 531 1353 606 Μωάμετ
1383 532 1473 589 καὶ
1507 534 1650 609 πάσῃ
1682 537 1751 608 τῇ
1783 532 1949 588 αὐτοῦ
1981 528 2187 607 διδαχῇ
2217 532 2309 589 καὶ
2342 529 2601 609 διαδοχῇ.
2654 532 2758 591 Καὶ
2822 537 2986 590 τοῦτο
3048 530 3477 612 δογματίσαντες
3529 536 3615 592 καὶ
3665 557 3757 592 κυ-

340 628 608 703 ρώσαντες
638 629 743 681 τῶν
768 622 996 680 πολλῶν
1027 623 1249 678 ἐκείνων
1283 620 1525 679 συνόδων
1554 625 1643 678 καὶ
1678 622 1971 699 συλλόγων
2002 619 2221 693 ἔληξαν.

426 713 686 786 ζ’.“Αλλά
711 714 817 788 γὰρ
877 713 987 788 οὐχ
1043 708 1423 787 ὑπερϐήσομαί
1478 735 1531 768 τι
1560 714 1647 768 καὶ
1693 711 1832 768 ἄλλο
1887 717 1984 766 τῶι

2180 714 2237 768 7.
2270 715 2555 785 Adjiciam
2605 716 2776 771 etiam
2835 716 2993 771 aliud
3072 720 3399 772 memoratu
3485 718 3750 788 dignum,

346 806 503 877 ἆξίων
569 804 838 878 εἰρῆσθαι,
894 807 991 858 τοῦ
1063 804 1301 875 ἱστορεῖν
1391 802 1615 865 ἐνταῦθα
1673 801 1990 880 γενόμενος.

345 897 442 951 Ἦν
470 915 555 955 τις
606 891 868 967 εὔνοῦχος
918 892 1313 967 ἆρχιερατικῶς
1343 889 1683 967 προεδρεύων
1729 893 1828 961 τῆς
1887 895 1993 946 τῶν

338 988 540 1043 Χωνῶν
590 981 836 1049 πόλεως,
892 983 1137 1052 Νικήτας
1217 978 1480 1056 τοῦνομα,
1538 982 1714 1052 πάσης
1798 981 1993 1054 ἀρετῆς

336 1073 712 1148 καταγώγιον,
747 1072 893 1127 οὓτω
928 1068 994 1139 δὴ
1028 1071 1370 1144 προφητικὸς
1403 1069 1492 1124 καὶ
1551 1066 1879 1141 προϐλέπων
1926 1071 1993 1125 τὰ

334 1159 642 1236 ἔμπροσθεν
703 1161 780 1224 ὡς
832 1164 951 1221 τοῖς
1012 1159 1288 1234 μεγίστοις
1341 1164 1449 1215 τῶν
1505 1160 1757 1234 ὁρώντων
1805 1157 1992 1235 ἐγκρί-

336 1253 518 1306 νεσθαι
548 1251 640 1305 καὶ
681 1250 759 1313 εἰς
798 1253 981 1322 θαῦμα
1017 1250 1228 1303 κεῖσθαι
1260 1251 1388 1324 παρ’
1420 1250 1505 1312 οἷς
1551 1250 1577 1302 6
1636 1249 1772 1321 ἀνὴρ
1829 1249 1994 1323 ἐγνώ-

342 1359 515 1414 ριστο,
565 1336 718 1413 εἴπερ
772 1338 807 1406 ἡ
869 1339 991 1392 καθ’
1039 1339 1189 1410 ἡμᾶς
1244 1339 1401 1412 γενεὰ
1452 1337 1663 1412 πονηρὰ
1720 1337 1851 1392 οὖσα
1902 1336 1991 1393 καὶ

341 1427 609 1504 μοιχαλὶς
639 1425 895 1481 τοιοῦτον
955 1425 1269 1505 ηὐτύχησεν
1326 1427 1550 1499 ἀγαθόν.
1610 1425 1837 1500 Ἀμέλει
1901 1418 1994 1481 καῖ

330 1521 430 1572 τοῦ
502 1514 777 1591 βασιλέως
831 1513 1030 1570 τούτου
1088 1515 1139 1585 ἐξ
1198 1516 1486 1589 Ἀρμενίας
1540 1516 1831 1590 παριόντος
1896 1516 1991 1579 τὰς

329 1604 517 1668 Χώνας
586 1605 942 1681 ἀρτιστεφοῦς
1024 1603 1115 1659 καὶ
1198 1611 1300 1674 τῆς
1384 1606 1641 1680 πατρῴας
1727 1602 1991 1681 διαδόχου

329 1695 535 1769 ἀρχῆς,
575 1694 667 1748 καὶ
726 1694 817 1748 τὸν
871 1691 1271 1772 ἀρχαγγελικὸν
1327 1694 1461 1748 νεὼν
1503 1693 1840 1757 εἰσελθόντος
1902 1695 1992 1749 καὶ

336 1782 489 1859 χειρὶ
543 1786 642 1839 τοῦ
701 1780 1001 1858 ἀρχιερέως
1066 1783 1262 1837 τούτου
1319 1783 1735 1860 εὐλογηθέντος,
1803 1780 1988 1855 ἐπειδὴ

329 1874 423 1929 καὶ
454 1873 805 1948 περιώνυμος
853 1873 919 1942 ἦν
977 1871 1037 1928 ἐκ
1097 1879 1198 1943 τῆς
1256 1873 1452 1948 ἀρετῆς
1509 1874 1598 1928 καὶ
1646 1878 1767 1935 τοῖς
1827 1874 1991 1929 ἅπασι

338 1960 429 2018 διὰ
459 1962 758 2035 στόματος,
812 1961 948 2031 ἦσαν
1008 1959 1060 2017 οἳ
1117 1966 1223 2017 τῶν
1256 1960 1529 2040 ἐντρόφων
1586 1968 1684 2018 τοῦ
1720 1964 1989 2038 βήματος,

337 2050 663 2107 καὶτούτων
699 2050 750 2105 οἳ
773 2051 826 2113 ἐς
870 2055 996 2105 νοῦν
1054 2050 1372 2126 βάπτοντες,
1414 2050 1464 2107 ἐν
1513 2050 1702 2126 ἀπόρῳ
1757 2050 1990 2117 ἐτίθεντο

2100 807 2412 874 postquam
2448 803 2559 859 huc
2585 819 2930 876 progressus
2954 822 3106 860 sum.
3132 805 3264 861 Fuit
3309 806 3616 862 eunuchus
3656 807 3751 862 Ni-

2101 898 2278 960 cetas,
2311 894 2643 951 Chonarum
2676 897 3005 968 episc0pus,
3062 896 3221 952 omni
3272 913 3481 968 genere
3516 898 3754 955 virtutis

2101 988 2363 1051 ornatus,
2398 984 2726 1041 futurarum
2776 1002 2964 1041 rerum
3016 986 3097 1042 ita
3153 988 3431 1059 praescius
3483 992 3548 1044 ut
3601 989 3755 1043 inter

2102 1072 2387 1129 maximos
2418 1079 2579 1130 vates
2610 1075 2924 1131 haberetur
2945 1080 3000 1131 et
3030 1076 3303 1132 omnibus
3335 1076 3436 1149 qui
3487 1095 3620 1133 eum
3655 1094 3751 1133 no-

2102 1167 2232 1217 rant
2258 1163 2630 1219 admirationi
2662 1169 2837 1232 esset,
2888 1166 3041 1237 quod
3095 1170 3305 1221 nostris
3347 1167 3499 1222 aetati
3529 1165 3749 1240 impro-

2101 1252 2187 1307 bze
2217 1257 2391 1324 atque
2437 1253 2707 1309 adultera:
2766 1250 2995 1309 tantum
3094 1255 3309 1311 bonum
3382 1256 3745 1327 contigisset.

2099 1344 2242 1396 Cum
2279 1346 2470 1397 autem
2507 1342 2600 1398 hic
2632 1344 2946 1415 imperator
2984 1360 3189 1401 recens
3240 1345 3567 1400 diademate
3599 1346 3750 1400 redi-

2105 1429 2302 1496 mitus,
2334 1432 2558 1502 paterni
2592 1433 2821 1504 imperii
2853 1449 3178 1501 successor,
3210 1450 3279 1489 ex
3329 1435 3605 1490 Armenia
3660 1451 3748 1490 re-

2098 1524 2331 1574 vertens
2363 1520 2577 1575 Chonis
2625 1520 2972 1595 Archangeli
3025 1524 3206 1579 :eiem
3256 1523 3407 1580 285
3443 1524 3747 1596 ingressus

2101 1607 2352 1662 faustam
2377 1610 2901 1680 comprecatiouem
2962 1611 3035 1666 ab
3091 1610 3200 1667 hoc
3260 1611 3533 1684 pontiﬁce
3593 1629 3751 1668 acce-

2102 1697 2282 1769 pisset
2312 1703 2375 1753 ut
2405 1699 2476 1753 ob
2509 1698 2782 1754 virtutem
2816 1698 3030 1771 ubique
3054 1701 3317 1771 gentium
3344 1702 3743 1768 celeberrimo,

2101 1786 2340 1857 quidam
2370 1789 2719 1857 sacerdotes,
2780 1788 2935 1859 iique
2993 1790 3458 1859 prudentissimi,
3517 1792 3747 1847 dubita-

2099 1876 2245 1931 bant
2264 1893 2336 1931 an
2360 1875 2587 1931 Manuel
2610 1877 2797 1932 adhuc
2820 1877 3160 1935 adolescens
3181 1895 3247 1933 ac
3292 1895 3437 1950 pene
3456 1879 3740 1936 imberbis

2099 1969 2329 2020 tantum
2364 1965 2679 2038 imperium
2702 1967 3113 2023 administrare
3133 1975 3346 2039 posset,
3367 1970 3521 2040 quod
3548 1969 3739 2025 virum

2099 2054 2267 2113 senili
2300 2056 2604 2127 prudentia
2637 2055 2945 2129 prmditum
2976 2063 3027 2112 et
3060 2061 3357 2113 maturum
3400 2057 3741 2131 postularet.

336 2104 546 2202 eis...
567 2104 683 2194 "es.
734 2104 1385 2214 δίὶιανουὴλΓίρζίιΞ]
1417 2104 1701 2217 tua;
1759 2104 1984 2217 sago;

2099 2104 2267 2113 -------
2301 2104 2604 2127 την---κ
2637 2104 2945 2129 την-η-..
2979 2104 3027 2112 -.
3061 2104 3357 2113 -..η-η.-.
3400 2104 3741 2131 ρων-...νη

2102 2145 2320 2202 Deinde
2352 2162 2424 2200 an
2457 2145 2689 2201 fratrem
2746 2146 3054 2216 Isaacium,
3087 2147 3186 2219 qui
3246 2148 3449 2204 urbem
3500 2148 3748 2221 impera-

336 2231 587 2306 χνοάζων
619 2230 711 2285 τὸν
732 2228 939 2284 ιῖουλον
968 2224 1406 2305 διακυϐερνήσειν
1424 2230 1572 2292 ὅλως
1601 2233 1699 2300 τήν
1716 2229 1991 2307 βασιλείαν

342 2317 654 2391 δυνήσεται,
684 2320 804 2389 ἣτις
851 2320 913 2374 τὸ
970 2317 1115 2374 πολὺ
1168 2317 1338 2375 δεῖται
1391 2317 1580 2396 ἀνδρὸς
1637 2319 1839 2377 πολιοῦ
1900 2321 1995 2394 μὲν

332 2408 396 2466 τὸ
418 2414 663 2490 φρονεῖν,
698 2406 1042 2485 λαχνήεντος
1102 2406 1159 2464 δὲ
1213 2410 1304 2463 τὸν
1333 2410 1589 2484 πώγωνα,
1638 2407 1714 2465 ἔτι
1774 2431 1836 2488 γε
1886 2412 1993 2483 μὴν

338 2499 505 2555 εἷτὸν
563 2499 896 2576 κασίγνητον
953 2497 1406 2555 καταπαλαίσειεν
1458 2499 1723 2555 Ἰσαάκιον
1782 2497 1994 2556 δικαιό-

332 2610 487 2665 τερον
521 2587 656 2644 ὂντα
682 2589 820 2663 πρὸς
868 2590 968 2659 τὴν
996 2589 1175 2665 ἀρχήν
1225 2587 1315 2643 καὶ
1379 2590 1478 2660 τῆς
1541 2586 1824 2664 βασιλίδος
1881 2594 1988 2644 τῶν

324 2678 552 2735 ’πόλεων
606 2675 756 2732 ἔνδον
814 2677 1088 2747 ἱζάνοντα.
1148 2679 1209 2735 Ὀ
1269 2675 1325 2732 δὲ
1380 2677 1545 2752 μέγας
1602 2675 1799 2739 ἐκεῖνος
1852 2678 1988 2755 ἀνὴρ

334 2767 427 2822 καὶ
459 2764 627 2828 ὄντως
660 2766 942 2842 ἄνθρωπος
980 2772 1078 2821 τοῦ
1118 2771 1274 2836 Θεοῦ,
1327 2765 1472 2822 λύων
1525 2768 1587 2822 τὸ
1635 2764 1837 2842 ἄπορον
1896 2767 1988 2823 καὶ

349 2852 624 2932 διασαφῶν
651 2858 713 2910 τὸ
742 2859 866 2932 παρ’
923 2855 1149 2918 ἐκείνοις
1205 2854 1703 2934 ἄμφιγνοούμενον,
1738 2879 1767 2909 «
1795 2856 1923 2924 Ναὶ,
1961 2881 1988 2910 ››

351 2945 507 3021 φησὶ,
545 2944 683 2998 «καὶ
741 2945 837 3012 τήν
892 2943 1175 3020 βασιλείαν
1237 2946 1265 2999 6
1313 2949 1498 3019 μεῖραξ
1533 2946 1693 3008 οὗτος
1751 2943 1987 3017 δυθυνεῖ,

343 3029 434 3085 καὶ
483 3031 631 3103 αὖτῷ
686 3031 1030 3087 ὑποπεσεῖται
1085 3032 1112 3086 6
1175 3028 1430 3110 ἀδελφός·
1510 3032 1654 3087 οὕτω
1699 3033 1800 3109 γὰρ
1875 3037 1990 3105 Θεῷ

339 3115 587 3174 δέδοκται
642 3120 732 3175 καὶ
793 3121 1154 3196 προώρισται.
1216 3124 1326 3177 Ἰνα
1381 3118 1438 3175 δὲ
1494 3118 1675 3191 εἰδῆτε
1721 3122 1809 3176 καὶ
1863 3123 1987 3197 περὶ

331 3207 404 3263 ὧν
440 3205 556 3263 οὐδ’
577 3206 724 3273 ὅλως
774 3230 842 3283 με
870 3207 1087 3284 ἤρεσθε,
1145 3209 1237 3264 τὸν
1289 3209 1489 3265 οἰκεῖον
1541 3210 1785 3279 πάππον,
1841 3209 1986 3287 λέγω

331 3294 399 3365 δὴ
483 3297 577 3353 τὸν
664 3298 1041 3375 αὐτοκράτορα
1106 3298 1391 3373 Ῥωμαίων
1486 3299 1578 3355 καὶ
1666 3302 1988 3377 προπάτορα

331 3387 521 3442 ἐκείνω
550 3387 822 3461 Ἀλέξιον,
884 3382 1250 3463 ὑπερϐήσεται
1311 3389 1468 3453 οὗτος
1530 3390 1707 3465 βραχύ
1738 3411 1792 3446 τι
1850 3392 1986 3447 κατὰ

2103 2233 2306 2291 tricem
2335 2234 2644 2304 obtineret,
2693 2238 3072 2307 superaturus
3129 2240 3301 2303 esset,
3363 2237 3455 2292 cui
3507 2236 3746 2294 meliore

2092 2326 2224 2395 jure
2253 2323 2559 2397 imperium
2595 2324 2914 2381 deberetur.
2936 2326 3082 2381 Tum
3130 2342 3379 2397 magnus
3436 2325 3535 2382 ille
3574 2327 3658 2383 vir
3689 2331 3746 2384 et

2095 2429 2227 2469 vere
2285 2414 2515 2469 divinus
2563 2413 2739 2469 homo
2788 2414 2847 2469 in
2897 2414 3053 2469 hunc
3101 2417 3342 2471 modum
3393 2416 3740 2489 respondit:

2099 2524 2128 2553 «
2159 2502 2404 2558 Omnino
2435 2501 2775 2558 adolescens
2830 2503 2942 2559 iste
2995 2508 3051 2558 et
3105 2503 3417 2575 imperium
3459 2507 3745 2576 gubernao

2095 2591 2180 2646 bit
2208 2596 2266 2648 et
2296 2592 2532 2645 fratrem
2581 2590 2873 2662 superabit
2909 2610 2923 2648 :
2976 2592 3059 2647 sic
3111 2593 3263 2648 enim
3314 2611 3347 2648 a
3390 2598 3504 2649 Deo
3547 2596 3743 2652 decre-

2094 2682 2219 2734 tum
2249 2681 2305 2733 et
2327 2678 2709 2733 constitutum
2743 2683 2847 2735 est.
2882 2678 2954 2734 Ut
2986 2684 3179 2735 autem
3212 2696 3279 2735 ea
3310 2697 3541 2752 quoque
3590 2684 3745 2739 δοία-

2095 2766 2173 2823 tis
2208 2767 2277 2822 de
2305 2767 2519 2838 quibus
2576 2784 2691 2822 non
2753 2767 3181 2839 interrogastis,
3247 2785 3416 2824 avum
3472 2769 3739 2827 Alexium

2095 2859 2260 2912 aetate
2290 2855 2531 2928 paulum
2568 2856 2914 2927 superabit:
2971 2858 3070 2913 sed
3128 2857 3381 2914 instante
3432 2860 3593 2914 obitu
3653 2861 3742 2918 in-

2095 2946 2303 3002 sanict.
2330 2968 2358 2997 »
2396 2947 2455 3001 Id
2490 2946 2837 3019 praesagium
2888 2952 2946 3002 et
3000 2946 3143 3002 mihi
3204 2951 3261 3003 et
3308 2949 3439 3005 aliis
3470 2948 3741 3022 plurimis

2094 3035 2205 3090 fuit
2235 3039 2439 3090 notum
2473 3052 2488 3091 :
2520 3036 2573 3092 is
2602 3036 2757 3092 enim
2820 3040 2975 3093 vates
3034 3052 3103 3092 ex
3153 3037 3347 3094 divino
3389 3038 3740 3110 baptismate

2096 3140 2188 3179 me
2218 3124 2495 3196 suscepit.
2528 3124 2667 3189 Quae
2696 3129 2892 3181 autem
2935 3141 3002 3182 ea
3048 3125 3279 3182 insania
3330 3131 3386 3182 et
3407 3128 3742 3199 cuiusmodi

2094 3215 2291 3271 futura
2322 3219 2494 3287 esset,
2541 3232 2712 3273 nemo
2771 3220 2899 3272 tum
2954 3221 3105 3272 recte
3158 3217 3443 3289 conjicere
3499 3220 3739 3291 potuit:

2096 3319 2229 3359 nam
2261 3303 2359 3360 alii
2389 3304 2449 3359 id
2479 3305 2833 3377 praesagium
2866 3307 2934 3360 ad
2967 3307 3237 3363 insanam
3272 3306 3399 3363 auri
3451 3308 3741 3380 CUpidita-

2093 3398 2233 3462 tem,
2267 3393 2367 3450 alii
2421 3394 2492 3450 ad
2551 3394 2814 3450 libidinis
2867 3394 3378 3466 intemperantiam
3435 3397 3744 3469 detorque-

325 3475 454 3540 τοὺς
507 3484 610 3547 τῆς
673 3482 821 3547 ζωῆς
871 3477 1131 3556 χρόνους.
1200 3480 1316 3547 Τῆς
1404 3475 1461 3533 δὲ
1516 3478 1776 3549 τελευτῆς
1835 3480 1981 3553 αὗτῷ

2096 3484 2271 3551 bant;
2304 3484 2401 3539 sed
2436 3500 2568 3539 cum
2600 3484 2745 3551 haec,
2776 3500 2953 3555 quam
2987 3484 3125 3553 dixi,
3176 3486 3567 3543 controversia
3618 3487 3742 3559 agi-

325 3566 659 3643 ἒγγιζούσης
691 3566 1010 3640 μανήσεται.
1047 3590 1075 3619 ››
1129 3568 1232 3623 Ἦν
1285 3567 1375 3621 οὗν
1430 3569 1465 3637 ἡ
1506 3567 1809 3643 πρόρρησις
1846 3570 1980 3641 αὕτη

322 3654 415 3709 καὶ
443 3654 568 3729 ἐμοὶ
598 3659 680 3728 τῷ
711 3661 1015 3732 συγγραφεῖ
1043 3657 1258 3727 Νικήτᾳ
1309 3654 1401 3710 σὺν
1462 3653 1656 3719 ἄλλοις
1703 3656 1982 3720 πλείστοις

330 3745 634 3820 γνώριμος,
669 3743 754 3799 ὅτι
783 3744 871 3799 καὶ
919 3743 1050 3817 ἐμὸς
1110 3745 1139 3799 6
1188 3745 1517 3822 προφάντωρ
1567 3747 1644 3820 (6)
1712 3744 1983 3823 ἀνάδοχος

329 3831 389 3888 ἐκ
419 3838 515 3888 τοῦ
539 3833 687 3888 θείου
723 3832 1126 3910 βαπτίσματος.
1157 3835 1255 3896 Τίς
1316 3831 1373 3888 δὲ
1404 3832 1506 3909 ἄρα
1544 3832 1691 3889 ἔσται
1748 3838 1782 3905 ἡ
1820 3836 1983 3909 μανία

328 3923 421 3977 καὶ
454 3924 576 3985 οἶος
610 3924 637 3977 6
667 3922 872 3998 τρόπος
930 3922 1122 3992 αὐτῆς,
1180 3921 1357 3985 οὐδεὶς
1389 3925 1539 3999 εἶχεν
1570 3919 1809 3998 ἀκριϐῶς
1843 3946 1982 3998 συμ-

329 4005 590 4076 ϐαλέσθαι
621 4014 731 4066 τῶν
763 4008 987 4066 εἰδότων
1012 4011 1073 4066 τὸ
1104 4012 1516 4088 προαγόρευμα’
1552 4012 1603 4066 οἱ
1637 4012 1732 4085 μὲν
1775 4014 1878 4090 γὰρ
1926 4012 1980 4075 ἐς

2091 3576 2213 3628 tata
2256 3577 2429 3641 esset,
2480 3573 2828 3644 imperatore
2876 3578 3092 3629 temere
3154 3574 3438 3646 principio
3500 3581 3741 3631 conten-

2093 3660 2265 3717 dente
2285 3660 2707 3734 bolospbyrum
2740 3661 2907 3717 illum
2940 3662 3288 3719 Machometi
3330 3663 3482 3719 280
3532 3680 3734 3719 verum

2092 3766 2221 3805 esse
2257 3748 2463 3820 Deum,
2497 3751 2595 3821 qui
2628 3766 2735 3805 nec
2781 3751 3016 3823 genitus
3065 3755 3218 3807 esset
3262 3768 3366 3807 nec
3415 3751 3735 3823 genuisset,

2092 3854 2295 3894 omnes
2325 3839 2381 3893 id
2418 3837 2715 3894 oraculum
2746 3856 2811 3894 eo
2843 3840 3188 3909 retulerunt,
3221 3841 3375 3911 quod
3400 3840 3501 3895 illa
3539 3841 3732 3912 opinio

2092 3927 2386 3983 averitate
2413 3927 2772 3984 alienissima
2831 3945 3110 4001 germana
3165 3934 3222 3984 et
3279 3930 3537 4002 pessima
3583 3935 3738 3988 esset

2088 4032 2341 4071 Insania.

318 4100 386 4187 τὸ
419 4101 773 4187 χρυσομανὶς
812 4099 1070 4176 ἀνέφερον
1092 4101 1155 4155 τὸ
1185 4095 1598 4179 προφοίϐασμα,
1618 4102 1686 4187 *οἱ
1719 4099 1763 4156 δ’
1796 4100 1851 4164 ἐς
1880 4101 2024 4159 ἄλλο
2056 4124 2112 4159 τι
2143 4105 2401 4178 σαρκικὸν
2431 4101 2725 4178 ἐλάττωμα
2752 4103 3178 4179 ᾗχμαλώτιζον.
3211 4108 3323 4163 Τοῖ’)
3354 4104 3410 4161 δὲ
3438 4112 3733 4187 προσεχῶς

322 4186 622 4262 εἰρημένου
655 4185 934 4265 δόγματος
965 4188 1299 4259 κινηθέντος,
1331 4188 1421 4244 καὶ
1454 4184 1786 4266 παραϐόλως
1815 4189 2167 4265 ἐνισταμένου
2195 4193 2261 4247 τὰ
2318 4197 2509 4265 πρῶτα
2564 4199 2662 4248 τοῦ
2701 4193 2970 4269 βασιλέως
2998 4193 3182 4267 ἀληθῆ
3216 4193 3456 4267 δοξάζειν
3491 4184 3728 4253 Θεὸντὸν

318 4278 468 4353 παρὰ
497 4282 580 4349 τῷ
613 4280 860 4350 Μωάμετ
891 4277 1196 4354 ὁλόσφυρον
1223 4278 1315 4333 καὶ
1340 4279 1417 4350 μὴ
1444 4277 1841 4353 γεγεννημένον
1870 4282 1906 4350 ἢ
1937 4284 2266 4356 γεννήσαντα
2297 4285 2448 4352 Θεὸν,
2480 4283 2648 4358 πέρας
2698 4281 2979 4363 εἰληφέναι
3008 4286 3199 4348 πάντες
3228 4288 3329 4357 τὴν
3375 4288 3731 4363 προθέσπισιν

322 4365 581 4441 ἔφασκον,
607 4365 725 4422 ἐπεὶ
751 4367 841 4423 καὶ
868 4367 1053 4440 μανίαν
1086 4367 1329 4443 ἀτεχνῶς
1359 4368 1524 4440 ὀρθήν
1552 4388 1610 4423 τε
1639 4367 1728 4424 καὶ
1787 4370 2073 4445 χειρίστην
2122 4375 2224 4442 τὴν
2280 4369 2434 4443 δόξαν
2486 4375 2621 4427 εἶναι
2672 4374 2897 4443 ταυτηνὶ
2955 4375 3028 4437 ὡς
3082 4382 3182 4445 τῆς
3237 4377 3494 4448 ἀληθείας
3532 4376 3726 4431 ἐπίπαν

319 4459 624 4522 ἀντίθετον.

397 4548 723 4620 Κατήρξατο
758 4547 853 4618 μὲν
888 4548 983 4601 οὗν
1020 4551 1100 4619 τῷ
1164 4545 1381 4622 βασιλεῖ
1406 4545 1475 4601 τὰ
1527 4549 1626 4611 τῆς
1676 4548 1839 4602 νόσου
1868 4550 1975 4623 πρὸ

2154 4553 2473 4624 Imperator
2501 4558 2694 4609 autem
2751 4556 2937 4622 nocte,
2998 4571 3199 4611 mense
3255 4555 3482 4623 Martio,
3525 4557 3728 4614 morbo

322 4638 420 4690 τοῦ
458 4636 709 4708 Μαρτίου
747 4634 938 4708 μηνὸς,
985 4643 1090 4706 τῆς
1139 4634 1496 4708 ἐνισταμένης
1557 4636 1681 4691 τότε
1740 4638 1808 4711 ιγ’
1839 4635 1974 4692 ίνδι-

313 4728 574 4793 κτιῶνος,
651 4724 743 4779 ’ότε
813 4724 905 4778 καὶ
968 4723 1036 4778 τὰ.
1100 4724 1224 4799 περῖ
1298 4727 1397 4778 τοῦ
1450 4721 1726 4802 δόγματος
1782 4724 1971 4780 ἐπεκό-

318 4835 498 4889 μαινε.
534 4812 638 4870 Καὶ
670 4810 806 4868 αὐτὰ
849 4812 943 4885 μὶν
976 4807 1279 4893 ἂφνεϐρισαν
1333 4812 1458 4887 περί
1513 4834 1625 4868 που
1693 4820 1838 4887 μῆνα
1878 4815 1970 4870 τὸν

316 4904 530 4970 Μάϊον,
604 4900 634 4955 6
693 4898 740 4956 δ’
788 4900 1144 4977 αὐτοκράτωρ
1201 4900 1515 4967 ἐπιστάντος
1568 4907 1666 4957 τοῦ
1724 4910 1973 4977 Σεπτεμ-

316 4986 482 5065 ϐρίου
516 4989 582 5044 τὸ
636 4992 733 5064 ζῇν
785 4988 1155 5064 ἐξεμέτρησεν.
1214 4988 1383 5047 Οὐδὲν
1425 4987 1473 5045 δ’
1537 4985 1616 5047 ἔτι
1673 4990 1970 5048 κάλλιστον

318 5078 589 5153 περὶτῆς
651 5076 932 5154 βασιλείας
983 5076 1269 5152 διῴκησεν,
1320 5077 1465 5135 ἂλλᾶ
1515 5083 1844 5155 νωθέστερον
1903 5083 1968 5151 ἦν

315 5168 660 5243 διακείμενος
727 5169 864 5242 πρὸς
931 5171 1029 5239 τὴν
1080 5176 1188 5224 τῶν
1272 5170 1408 5243 μετὰ
1489 5172 1586 5240 τὴν
1652 5171 1969 5246 μετάστασιν

312 5261 484 5317 αὐτοῦ
542 5256 926 5334 γενησομένων
983 5255 1242 5332 διαταγήν
1296 5280 1354 5314 τε
1437 5260 1527 5315 καὶ
1603 5259 1969 5317 ὑποτύπωσιν.

313 5353 393 5409 T6
433 5347 480 5404 δ’
540 5345 742 5403 αἴτιον·
803 5345 864 5400 οὗ
922 5345 1252 5425 παρεδέχετο
1313 5350 1562 5405 ὁπωσοῦν
1620 5350 1692 5412 ὡς
1746 5350 1969 5427 ἤγγικεν

312 5439 507 5512 ἐκείνῳ
558 5437 622 5492 τὸ
680 5431 955 5505 τελευτᾷν,
1016 5433 1143 5492 ἄλλ’
1200 5438 1257 5492 εὖ
1314 5433 1510 5494 εἰδέναι
1572 5436 1854 5495 διετείνετο
1899 5440 1975 5503 ὡς

2083 4647 2403 4711 correptus,
2431 4642 2750 4699 indictione
2782 4644 3001 4699 decima
3032 4646 3258 4716 quinta,
3290 4661 3403 4714 quo
3463 4648 3725 4717 tempore

2083 4730 2295 4802 dogma
2324 4730 2468 4786 illud
2502 4731 2560 4787 in
2593 4732 2972 4801 quaestionem
3014 4737 3282 4788 vocatum
3316 4737 3405 4789 est
3434 4737 3491 4788 et
3523 4750 3723 4790 mense

2080 4818 2234 4874 Maio
2265 4819 2498 4874 domum
2530 4821 2811 4891 scpitum,
2847 4837 3045 4877 mense
3066 4821 3390 4894 Septembri
3419 4822 3583 4892 obiit,
3616 4840 3722 4880 nec

2081 4908 2152 4962 de
2183 4908 2427 4980 imperio
2485 4909 2806 4981 quidquam
2865 4910 3124 4982 prmclari
3182 4912 3489 4986 ordinavit,
3543 4914 3603 4969 in
3650 4914 3724 4970 iis

2081 5013 2208 5069 quae
2241 5006 2367 5068 post
2398 5014 2571 5054 suum
2593 4998 2818 5055 obitum
2843 4999 3108 5056 facienda
3129 5006 3344 5072 essent,
3373 5003 3725 5061 mandandis

2081 5090 2138 5143 et
2167 5086 2613 5157 praescribendis
2645 5089 2894 5156 segnior.
2930 5090 2992 5146 In
3053 5107 3229 5148 causa
3289 5093 3399 5148 fuit
3439 5095 3593 5165 quod
3625 5109 3722 5149 ne-

2082 5192 2378 5247 quaquam
2410 5177 2682 5232 credebat
2712 5178 2930 5235 instare
2969 5179 3080 5236 sibi
3131 5186 3400 5254 mortem,
3442 5185 3541 5239 sed
3576 5183 3725 5239 scire

2082 5281 2145 5320 se
2175 5266 2508 5321 afﬁrmabat
2536 5283 2629 5321 xxv
2649 5268 2777 5322 vita:
2810 5284 2993 5323 annos
3025 5269 3218 5327 adhuc
3267 5276 3505 5328 restare.
3541 5272 3724 5343 quue

2084 5353 2153 5408 ad
2188 5353 2384 5424 ipsum
2418 5355 2806 5425 patriarcham
2838 5357 3228 5414 Theodosium
3290 5360 3457 5431 dixit,
3517 5378 3550 5415 a
3607 5375 3721 5431 quo

2085 5444 2433 5500 monebatur
2453 5450 2517 5501 ut
2556 5463 2659 5518 pro
2682 5455 2923 5519 paterna
2953 5449 3166 5520 pietate
3226 5451 3306 5506 rei
3346 5452 3589 5522 publica
3620 5466 3721 5505 cu-

1693 5586 1860 5648 Hier.
1907 5587 2121 5649 Wolfii
2164 5593 2353 5650 nota.

390 5714 465 5783 (6)
497 5709 667 5766 Alter
696 5703 882 5761 codex
910 5706 985 5763 de
1014 5708 1428 5783 compatliatu,
1457 5715 1525 5768 ut
1553 5708 1786 5785 vocant,
1818 5701 1967 5769 alter
1997 5713 2068 5770 de
2099 5711 2617 5773 administratione
2649 5716 3022 5791 baptismatis
3052 5718 3211 5791 loqui
3248 5720 3495 5777 videtur.
