4140 6290
399 388 514 450 I71

1738 377 2060 439 NICE’LE
2103 375 2524 438 ΟΗΟΝΙΑΤᾹΞ

3700 381 3776 440 I7
3783 375 3821 436 2

401 535 528 584 ram
553 516 804 591 integris
832 515 1025 572 adhuc
1055 512 1331 570 sensibus
1360 515 1586 568 mature
1626 509 1970 582 susciperet,
1998 514 2058 566 et

2170 506 2405 563 ἐνιαυτοὶ
2465 511 2613 576 ζωῆς
2665 507 2755 562 καὶ
2807 503 2982 582 ἕτεροι
3023 503 3405 583 δεκατέσσαρες
3432 505 3580 580 αὐτῷ
3633 505 3824 565 ἐπιδα-

401 613 734 668 curatorem
789 605 1013 661 tidelem
1081 602 1188 658 ﬁlii
1269 601 1646 670 successoris,
1727 599 2046 673 impuberis

403 692 1127 766 adbuc,etimperatricis
1183 693 1488 758 quaereret.
1547 690 1658 746 Sed
1717 689 2053 762 pestilentes

406 787 756 859 imposlores
787 781 1066 854 astrologi
1123 780 1534 852 imperatorem
1595 779 1766 851 paulo
1823 782 1956 851 post
1987 794 2055 834 ex

401 875 606 931 morbo
655 876 983 929 recreatum
1042 875 1384 927 vacaturum
1443 885 1572 926 esse
1632 868 1956 934 amoribus,
1996 871 2054 924 et

397 962 737 1021 barbaricas
797 960 945 1018 287
1011 958 1184 1014 urbes
1258 973 1626 1027 eversurum,
1680 956 2056 1029 impudenter

400 1052 780 1119 asserebant;
833 1055 891 1105 et
949 1048 1103 1120 quod
1167 1045 1566 1103 incredibilius
1617 1054 1723 1114 est,
1785 1045 2052 1102 homines

399 1142 680 1218 praecipiti
712 1140 914 1210 lingua
941 1142 998 1194 et
1029 1136 1249 1193 assueti
1274 1135 1618 1205 mendaciis,
1653 1140 1880 1192 motum
1930 1135 2056 1191 uni-

402 1232 554 1288 versi
587 1229 747 1286 orbis
777 1232 834 1284 et
861 1228 1248 1284 maximorum
1304 1226 1565 1282 siderum
1621 1242 1969 1298 congressus
1998 1230 2054 1282 et

406 1335 732 1378 concursus
763 1320 1186 1386 ventorumque
1213 1313 1501 1387 procellas
1524 1314 1791 1387 ingentes
1835 1318 1890 1370 et
1919 1315 2052 1370 uni-

402 1409 699 1468 versitatis
741 1423 937 1464 rerum
992 1421 1137 1478 pene
1197 1404 1578 1461 mutationem
1635 1403 2052 1477 praedicebant,

405 1497 854 1572 engastrimytbi
887 1495 1084 1570 potius
1114 1511 1290 1566 quam
1352 1493 1648 1566 astrologi.
1683 1494 1881 1566 Neque
1921 1510 2052 1550 vero

409 1604 596 1646 annos
627 1588 907 1643 duntaxat
936 1589 992 1640 et
1023 1601 1254 1640 menses
1283 1587 1340 1640 et
1393 1583 1792 1640 hebdomadas
1849 1599 2056 1640 nume-

411 1679 644 1748 rabant,
676 1678 776 1732 sed
825 1675 949 1731 dies
980 1675 1156 1730 etiam
1181 1677 1239 1730 et
1258 1673 1415 1729 horas
1443 1678 1726 1746 punctum
1750 1673 2058 1741 designare

412 1784 528 1824 non
565 1765 932 1833 verebantur,
957 1781 1081 1836 qua:
1105 1779 1219 1820 suae
1241 1763 1511 1834 potestati
1537 1763 1848 1819 reservavit
1869 1763 2059 1832 Pater,

2167 597 2506 671 ψιλεύονται.
2545 596 2647 653 Καὶ
2679 601 2842 652 τοῦτο
2873 597 3008 667 πρὸς
3065 597 3229 652 αὐτὸν
3288 594 3476 671 εἴρηκε
3516 597 3610 652 τὸν
3654 599 3819 678 σοφὸν

2167 686 2258 741 καὶ
2315 683 2659 761 τρισμάκαρα
2713 686 3061 760 πατριάρχην
3113 686 3204 739 τὸν
3269 681 3577 760 Θεοδόσιον,
3630 686 3826 742 ὑποτι-

2170 774 2395 849 θέμενον
2441 778 2720 850 πατρικῶς
2769 773 3029 852 φροντίδα
3083 778 3191 830 τῶν
3247 781 3346 844 τῆς
3390 773 3676 850 βασιλείας
3736 774 3824 832 θέο

2170 867 2290 920 σθαι
2349 865 2710 942 πραγμάτων,
2761 862 2866 928 ’έως
2913 863 2994 919 ’ἑτι
3059 864 3247 938 καιρὸς
3304 865 3537 938 κάκείνῳ
3594 863 3826 940 ἔρῥωται

2163 955 2227 1010 τὸ
2285 961 2526 1034 φρονεῖν,
2586 957 2675 1010 καὶ
2743 951 2970 1034 διφῆσαι
3027 954 3118 1010 τὸν
3177 955 3528 1028 ἀνθεξόμενον
3586 951 3829 1030 ἀκριϐῶς

2161 1049 2258 1101 τοῦ
2291 1047 2391 1116 τῆς
2423 1047 2604 1124 ἀρχῆς
2643 1044 3000 1121 κληρονόμου
3065 1042 3259 1108 παιδὸς
3319 1042 3472 1101 οὔπω
3527 1047 3824 1124 παραγγεί-

2163 1135 2360 1198 λαντος
2420 1138 2495 1199 είς
2554 1131 2723 1206 ἥϐην,
2783 1137 2873 1190 καὶ
2932 1140 3138 1198 πιστῶς
3205 1136 3654 1209 προστησόμενον
3723 1144 3824 1207 τῆς

2168 1223 2453 1302 βασιλίδος
2477 1225 2567 1280 καὶ
2609 1227 2728 1280 οἷον
2801 1227 3318 1302 μητροκομήσοντα.
3380 1226 3448 1283 Οἱ
3509 1223 3566 1280 δὲ
3622 1247 3822 1283 παντο-

2164 1313 2401 1387 δήλητοι
2459 1314 2849 1390 ἀστροφένακες
2918 1313 3008 1370 καὶ
3065 1315 3186 1388 περὶ
3248 1313 3503 1390 ἐρωτικὰ,
3550 1317 3668 1370 κατ’
3723 1317 3826 1371 αὗ-

2161 1405 2290 1466 τους
2333 1403 2528 1474 εἰπεῖν,
2549 1403 2640 1459 τὸν
2671 1403 2902 1479 βασιλέα
2927 1401 3223 1478 σχολάσειν
3254 1403 3584 1477 ἀπετόλμων
3647 1403 3822 1481 λέγειν

2165 1493 2555 1574 ἀνασφήλαντα
2611 1500 2711 1564 τῆς
2771 1493 2930 1548 νόσου
2993 1494 3127 1568 μετά
3201 1494 3405 1568 βραχὺ,
3462 1492 3554 1549 καὶ
3605 1492 3822 1550 πόλεων

2167 1581 2500 1649 ἀλλοφύλων
2551 1583 2628 1644 είς
2671 1582 2842 1662 χώμα
2884 1582 3272 1656 τεθησομένων
3305 1583 3640 1660 καθαιρέσεις
3675 1583 3825 1653 ἀπη-

2165 1669 2498 1729 ναιδεύοντο.
2530 1671 2602 1729 Τὸ
2634 1668 2690 1726 δὲ
2731 1669 2798 1741 δὴ
2847 1669 3338 1748 παραλογώτερον,
3397 1672 3694 1748 πρόγειροι
3722 1675 3823 1743 τὴν

2163 1759 2411 1836 γλῶτταν
2445 1756 2594 1824 ὄντες
2647 1761 2849 1833 καὶτῷ
2909 1757 3093 1834 ψεύδει
3154 1760 3508 1833 ένειθισμένοι
3568 1762 3661 1816 καὶ
3695 1783 3826 1839 συγ-

411 1864 466 1914 et
485 1858 750 1912 Servator
774 1853 1097 1928 discipulos
1127 1870 1266 1910 suos
1288 1856 1698 1926 percontantes
1729 1852 2058 1925 castigavit.

2169 1850 2380 1922 κίνησιν
2436 1847 2746 1926 προύλεγον
2801 1853 2899 1904 τοῦ
2975 1850 3174 1912 παντὸς
3254 1847 3563 1925 συνδρομάς
3616 1872 3677 1906 τε
3731 1853 3823 1907 καὶ

410 1944 662 2002 Proinde
690 1960 806 2000 non
857 1942 983 2015 ipse
1041 1943 1209 1998 modo
1269 1941 1586 2013 imperator
1643 1940 1954 2013 speluncas
2005 1945 2063 1998 et

413 2040 643 2091 meatus
698 2032 1106 2090 subterraneos
1158 2034 1362 2088 contra
1411 2034 1716 2088 ventorum
1776 2031 2058 2102 impetum

408 2123 748 2195 inquirebat
775 2127 831 2178 et
885 2122 956 2176 ad
1006 2120 1391 2176 habitandum
1450 2119 1838 2192 prmparabat,
1863 2127 1917 2175 et
1955 2138 2059 2192 pa-

405 2213 683 2270 latiorum
713 2210 948 2283 fastigia
972 2209 1460 2275 demoliebantur,
1495 2213 1556 2264 ut
1601 2207 1798 2265 minus
1838 2209 2061 2281 impetu

403 2305 703 2358 ventorum
726 2299 1104 2367 laederentur;
1133 2299 1234 2352 sed
1266 2301 1324 2353 et
1353 2296 1611 2353 ministri
1642 2302 1700 2354 et
1745 2299 1976 2370 cognati
2006 2303 2066 2356 et

408 2389 742 2449 adulatores
775 2389 900 2459 ejus
922 2389 1133 2444 iisdem
1157 2388 1333 2443 rebus
1356 2387 1564 2443 intenti
1603 2387 1814 2459 partim
1848 2393 2062 2444 terram

411 2480 788 2536 formicarum
821 2478 1006 2534 instar
1027 2477 1402 2546 eil'odiebant,
1433 2475 1638 2550 partim
1680 2479 1933 2533 tentoria
1960 2478 2062 2534 tri-

409 2569 642 2642 pliciter
667 2567 1030 2624 consuebint
1057 2571 1115 2622 et
1139 2573 1326 2622 vectes
1348 2565 1661 2635 cubitales,
1693 2583 1806 2636 quo
1866 2567 2063 2624 minus

408 2657 796 2714 tabernacula
853 2655 1004 2714 288
1063 2659 1534 2723 concuterentur,
1591 2655 1899 2711 acuebant.
1953 2656 2065 2712 Sed

414 2747 640 2818 morbo,
677 2751 740 2803 ut
797 2746 940 2815 dixi,
998 2747 1458 2818 ingravescente,
1511 2743 1718 2801 balneo
1782 2762 1928 2802 usus
1967 2761 2066 2802 co-

411 2838 612 2912 gnovit
641 2852 807 2910 spem
841 2835 965 2893 vitea
997 2851 1342 2894 evanescere
1371 2840 1428 2892 et
1483 2834 1803 2892 terminum
1846 2835 2068 2892 instare

397 2925 797 2984 inevitabilem
837 2947 852 2994 ;
889 2941 957 2982 ac
996 2941 1185 2998 pauca
1212 2940 1346 2980 cum
1379 2923 1710 2982 astantibus
1743 2925 1814 2981 de
1869 2923 2067 2981 Alexio

403 3015 818 3084 filiolocutus,
853 3015 1122 3072 oratione
1178 3014 1450 3086 suspiriis
1508 3013 1879 3086 interpolata,
1931 3014 2072 3085 quia

405 3105 766 3178 praevidebat
795 3120 922 3176 qua
947 3107 1080 3176 post
1099 3118 1273 3159 suum
1297 3102 1526 3158 obitum
1560 3105 1944 3175 tempestates
1965 3105 2072 3160 im-

407 3195 756 3266 penderent,
787 3192 1128 3264 patriarchae
1162 3191 1383 3247 monitu
1418 3191 1577 3247 brevi
1636 3191 1849 3247 chartas
1881 3191 1953 3248 de
1984 3210 2073 3250 as-

407 3281 660 3353 trologia
718 3279 1090 3352 subscripsit,
1151 3283 1379 3336 mutata
1454 3279 1706 3350 pristina
1757 3283 2062 3339 sententia-

404 3369 671 3442 Denique
701 3370 940 3426 admota
967 3370 1038 3424 ad
1069 3367 1342 3425 arteriam
1391 3385 1571 3425 manu
1617 3372 1675 3424 et
1724 3369 1899 3442 pulsu
1934 3387 2066 3443 per-

405 3461 655 3528 tentato,
689 3475 822 3514 cum
853 3457 970 3516 alto
1003 3457 1257 3528 suspirio
1291 3458 1483 3514 femur
1511 3458 1821 3530 percussit,
1852 3464 1909 3516 et
1938 3477 2066 3516 mo-

404 3547 700 3604 nasticum
729 3546 996 3604 habitum
1032 3545 1374 3620 postulavit.
1433 3548 1558 3613 Quo
1609 3547 1766 3605 dicto
1810 3565 1966 3618 cum,
2000 3554 2067 3606 ut

407 3634 534 3692 ﬁeri
564 3633 732 3706 solet,
766 3633 1062 3692 tumultus
1119 3638 1276 3690 esset
1333 3637 1522 3702 ortus,
1578 3638 1636 3690 et
1692 3635 2060 3706 spiritualem

405 3727 632 3780 vestem
663 3722 832 3796 nigro
864 3739 1058 3796 panno
1088 3722 1284 3779 omnis
1314 3727 1556 3779 ornatus
1605 3727 1922 3795 expertem,
1953 3725 2062 3781 mi-

405 3812 578 3870 nistri
605 3812 802 3869 nescio
830 3811 930 3868 ubi
963 3811 1140 3880 nacti,
1176 3810 1456 3868 mollibus
1513 3816 1570 3867 et
1600 3811 1776 3886 regiis
1809 3813 2064 3871 vestibus

405 3901 708 3971 detractis,
746 3906 804 3957 et
862 3917 1064 3974 aspero
1123 3899 1223 3958 illo
1277 3900 1484 3956 divinis
1542 3901 1668 3957 vita:
1715 3902 2062 3960 indumento

409 3988 498 4045 illi
521 3989 850 4058 inducto,in
879 3989 1242 4062 spiritualem
1269 4005 1404 4046 eum
1429 3993 1775 4046 convertunt
1793 3991 2059 4058 militem,

411 4083 469 4135 et
485 4079 650 4151 galea
669 4078 1025 4150 tboraceque
1047 4078 1368 4151 insigniore
1389 4083 1662 4135 ornatum
1694 4081 1753 4134 in
1811 4077 2064 4136 caalestis

410 4167 785 4239 imperatoris
813 4166 1144 4239 catalogum
1177 4168 1542 4224 reierunt.E-a
1565 4166 1818 4234 lacerna,
1847 4169 2063 4242 quippe

408 4255 838 4325 brevior,crura
860 4255 1077 4312 heroici
1112 4257 1271 4314 illius
1328 4259 1590 4330 corporis
1642 4274 1757 4314 non
1811 4258 2062 4333 tegebat,

411 4349 479 4402 ut
507 4361 678 4402 nemo
711 4345 812 4418 qui
845 4345 902 4402 id
937 4346 1212 4403 cernebat
1258 4364 1293 4404 a
1352 4347 1630 4419 lacrymis
1683 4347 1796 4402 sibi
1841 4355 2062 4420 tempe-

405 4434 860 4493 raret.humanas
892 4435 1310 4493 imbecillitatis
1341 4435 1694 4509 cogitatione
1737 4439 1792 4493 et
1840 4435 2059 4492 vilitate

2167 1937 2424 2001 συνόδους
2481 1943 2589 1994 τῶν
2641 1937 2908 2013 μεγίστων
2969 1937 3207 2014 ἀστέρων
3259 1939 3357 1994 καὶ
3413 1939 3626 2014 ἀνέμων
3682 1937 3820 2010 ἐξαι-

2167 2027 2296 2084 σίων
2356 2027 2618 2103 ἐκρήξεις,
2678 2028 2769 2082 καὶ
2837 2025 3033 2104 σχεδὸν
3114 2031 3212 2084 τοῦ
3269 2029 3470 2092 παντὸς
3538 2051 3828 2103 μεταστοι-

2165 2119 2391 2195 χείωσιν
2487 2111 2891 2196 προεφοίϐαζον
2928 2160 2944 2188 ,
3027 2115 3456 2194 ἐγγαστρίμυθοι
3536 2117 3708 2174 πλέον
3789 2122 3826 2191 ἢ

2165 2207 2559 2282 ἀστεροσκόποι
2594 2203 2956 2279 δεικνύμενοι.
2990 2206 3068 2264 Οὐ
3108 2207 3342 2284 χρόνους
3401 2204 3458 2263 δέ
3511 2208 3676 2281 μόνον
3738 2207 3830 2266 καὶ

2171 2303 2346 2371 μῆνας
2405 2294 2680 2370 ἠρίθμουν
2737 2294 2828 2350 καὶ
2889 2291 3198 2369 ἑϐδομάδας
3255 2294 3578 2372 κατέλεγον,
3621 2297 3702 2377 ἐφ’
3753 2299 3830 2354 ὧν

2168 2383 2335 2442 ταῦτα
2365 2387 2674 2460 γενήσεται,
2731 2384 2821 2440 καὶ
2880 2383 3103 2460 βασιλεῖ
3153 2383 3531 2460 διεσήμαινον,
3565 2385 3713 2442 ἀλλά
3743 2389 3832 2443 καὶ

2167 2474 2377 2548 ἡμέρας
2405 2466 2816 2548 ἠκριϐολόγουν
2847 2471 2937 2526 καὶ
2983 2473 3047 2528 τὸ
3067 2479 3170 2542 τῆς
3200 2470 3346 2548 ὥρας
3381 2473 3663 2549 ἀκαριαῖον
3695 2469 3837 2530 ἐϐω-

2174 2560 2481 2637 μολόχουν,
2513 2561 2590 2626 ὡς
2648 2559 2799 2636 εἴπερ
2850 2567 3034 2636 σαφῶς
3067 2557 3265 2636 ᾔδεσαν
3299 2563 3434 2638 ’άπερ
3489 2561 3542 2619 ἐν
3595 2567 3664 2638 τῇ
3721 2562 3839 2637 ῗδίᾳ

2172 2649 2383 2722 ἐξουσίᾳ
2411 2644 2558 2706 ἔθετο
2600 2651 2869 2725 ὁΠατῆρ,
2928 2650 3020 2706 γαὶ
3075 2651 3204 2726 περὶ
3261 2652 3335 2706 ὧν
3405 2650 3636 2724 ἐπετίμα
3702 2675 3833 2708 πυν-

2174 2739 2503 2814 θανομένους
2531 2745 2650 2804 τοῖς
2680 2742 2949 2812 μαθηταῖς
3006 2741 3034 2795 ὁ
3103 2743 3324 2816 Σωτήρ.
3375 2740 3601 2814 Ἀμέλει
3633 2763 3718 2798 τοι
3769 2745 3832 2799 οὐ

2179 2831 2344 2904 μόνον
2404 2830 2566 2892 αὐτὸς
2648 2831 2676 2883 ὁ
2775 2828 3029 2906 βασιλεὺς
3099 2827 3346 2900 σπήλαια
3417 2831 3509 2885 καὶ
3593 2830 3833 2888 καταδύ-

2177 2940 2288 2982 σεις
2381 2917 2748 2992 ἀλεξηνέμους
2834 2915 3154 2993 διηρευνᾶτο
3242 2919 3333 2974 καὶ
3421 2923 3828 2995 προητοίμαζεν

2178 3007 2256 3071 εἷς
2298 3006 2590 3080 ἐνοίκησιν,
2627 3009 2715 3064 καὶ
2775 3009 2826 3062 οἱ
2856 3013 2966 3062 τῶν
3027 3010 3326 3084 βασιλικῶν
3367 3006 3665 3066 οἰκοπέδων
3697 3023 3827 3075 καθ-

2177 3103 2409 3176 ῃροῦντο
2467 3098 2644 3169 ὕελοι,
2695 3099 2768 3161 ὡς
2827 3099 2930 3154 εἶεν
2990 3098 3218 3164 ἀπαθεῖς
3271 3105 3392 3162 ταῖς
3447 3105 3554 3156 τῶν
3609 3099 3818 3173 ἀνέμων

2180 3187 2736 3262 ἐκθησαυριζομέναις
2763 3194 2978 3259 πνοαῖς,
3012 3187 3160 3246 ἀλλὰ
3186 3189 3276 3245 καὶ
3319 3191 3513 3246 ὁπόσοι
3565 3194 3628 3264 τῇ
3661 3193 3814 3264 θερα-

2179 3276 2305 3348 πείᾳ
2367 3277 2564 3332 τούτου
2633 3278 2721 3332 καὶ
2806 3277 3087 3356 συγγενείᾳ
3173 3279 3541 3357 ἐνεγραφοντο,
3602 3279 3692 3332 καὶ
3761 3278 3816 3334 οἳ

2171 3365 2480 3429 κολακικῶς
2511 3365 2670 3421 αὐτὸν
2703 3366 3131 3446 ὑπεισήρχοντο,
3161 3372 3278 3431 τοῖς
3326 3369 3505 3424 αὐτοῖς
3536 3365 3820 3441 ἐπιμελῶς

2170 3455 2456 3526 ἐνέκειντο,
2499 3455 2575 3518 ὡς
2620 3455 2750 3512 τοὺς
2806 3457 2902 3530 μὲν
2957 3461 3259 3532 γεωρυχεῖν
3313 3457 3450 3514 κατὰ
3507 3458 3825 3533 μύρμηκας,

2167 3545 2294 3609 τοὺς
2329 3542 2386 3600 δὲ
2417 3545 2813 3624 πηνορῥαφεῖν
2873 3545 2966 3600 καὶ
3024 3547 3247 3620 σχοινία
3297 3545 3561 3622 περιδέειν
3615 3544 3827 3621 ἔντριτα

2168 3639 2258 3691 καί
2292 3634 2604 3698 πασσάλους
2657 3633 2932 3706 ἀποξύνειν
2990 3635 3301 3710 πηχυαίους
3355 3637 3432 3700 εἷς
3501 3635 3826 3712 ἀκράδαντον

2169 3720 2394 3802 ἔρεισμα
2421 3729 2532 3781 τῶν
2565 3729 2800 3797 σκηνῶν.
2835 3723 2992 3782 Ἀλλ’
3048 3725 3181 3801 ὅπερ
3250 3721 3460 3802 ἔλεγον,
3515 3723 3704 3795 ἐπειδὴ
3763 3727 3829 3782 τὰ

2167 3824 2267 3887 τῆς
2295 3815 2460 3871 νόσου
2491 3821 2570 3888 τῷ
2605 3814 2824 3892 βασιλεῖ
2852 3815 3110 3884 ἐπέτεινε,
3158 3813 3495 3892 παραϐόλως
3555 3816 3825 3894 βαλανείῳ

2165 3904 2464 3981 ἐχρήσατο,
2539 3905 2630 3960 καὶ
2699 3903 2860 3982 γνοὺς
2910 3903 2989 3961 ἔτι
3054 3905 3226 3962 πλέον
3277 3905 3511 3972 ἐντεῦθεν
3576 3908 3674 3970 τὰς
3729 3911 3824 3962 τοῦ

2167 3999 2266 4068 ζῇν
2326 3991 2766 4072 ἀπαλειφομένας
2822 3991 3048 4057 ἐλπίδας
3143 3994 3234 4050 καὶ
3293 3997 3412 4051 οἷον
3466 3997 3586 4051 καθ’
3650 3996 3824 4072 ὑγρῶν

2164 4083 2510 4155 τυπουμένας
2590 4084 2682 4136 καὶ
2791 4084 2894 4154 τήν
2977 4083 3310 4160 προθεσμίαν
3394 4084 3825 4157 ἀνυπεξάλυκτον

2165 4171 2470 4252 ἐφεστῶσαν
2555 4171 2718 4242 ὀλίγα
2791 4175 2912 4249 περὶ
2981 4179 3080 4230 τοῦ
3151 4173 3346 4239 παιδὸς
3405 4175 3654 4248 Ἀλεξίου
3712 4181 3830 4239 τοῖς

2164 4265 2487 4337 περιεστῶσι
2547 4259 2865 4335 διείλεκται,
2897 4263 3126 4339 κεράσας
3176 4263 3449 4340 οἰμωγαῖς
3479 4267 3549 4320 τὰ
3609 4265 3832 4343 ῥήματά

2163 4353 2224 4410 ἐκ
2323 4359 2422 4410 τοῦ
2526 4359 2770 4430 προορᾷν
2878 4356 2994 4411 οἷον
3083 4358 3151 4412 τὰ
3229 4357 3362 4431 μετά
3444 4359 3543 4427 τήν
3620 4356 3831 4415 ἐκείνου

2167 4436 2566 4516 συμϐησόμενα
2604 4437 2814 4513 ἔξοδον.
2856 4441 3040 4501 Ἀλλά
3095 4445 3184 4500 καὶ
3247 4445 3371 4521 περὶ
3427 4452 3528 4516 τῆς
3570 4445 3834 4523 ἀστρονο-

407 4525 670 4598 corporis
705 4525 762 4582 in
824 4529 1028 4597 morte,
1091 4543 1205 4598 quo
1264 4525 1500 4582 animus
1560 4529 1842 4597 tanquam
1899 4530 2060 4582 testae

2169 4532 2298 4606 μίας
2345 4531 2600 4606 ὑποθήκῃ
2627 4534 2726 4586 τοῦ
2763 4530 3114 4611 πατριάρχου
3172 4534 3384 4610 βραχύν
3436 4555 3559 4590 τινα
3611 4536 3831 4614 χάρτην

403 4616 558 4674 280
590 4616 854 4674 inclusus
885 4614 1182 4673 coalescit.
1215 4615 1311 4671 Sic
1367 4613 1551 4687 igitur
1581 4622 1634 4670 et
1665 4616 1786 4672 vita
1842 4623 1895 4672 et
1953 4616 2061 4672 im-

2179 4621 2592 4694 ὗπεσημήνατο,
2648 4621 2787 4693 πρὸς
2840 4622 2940 4690 τήν
3001 4607 3239 4678 ἐναντίαν
3285 4607 3484 4694 Πδόξσν
3547 4607 3830 4700 μεθαρμο-

408 4706 568 4776 perio
586 4707 762 4774 cedit,
792 4706 948 4778 quod
980 4721 1167 4760 annos
1214 4702 1458 4775 triginta
1514 4708 1644 4759 octo
1705 4705 2068 4777 gubernavit»

411 4793 600 4851 tribus
627 4795 932 4852 mensibus
965 4793 1333 4868 demptis.Ad
1360 4793 1517 4866 quod
1548 4794 1777 4867 imperii
1812 4798 2067 4867 spatium

409 4881 882 4938 vetustissimum
914 4882 1062 4938 illud
1111 4882 1409 4940 oraculum
1471 4882 1731 4941 alludere
1788 4885 2066 4944 videtur:

417 4991 438 5022 ι
475 4969 580 5024 Tui
617 4970 934 5040 prebendet
965 4974 1022 5026 te
1051 4975 1348 5042 postrema
1405 4973 1684 5030 nominis.
1715 4993 1740 5020 ιν
1790 4973 1937 5030 Nam
1968 4972 2068 5044 ηλ»

411 5061 710 5131 postrema
741 5057 963 5128 syllaba
991 5059 1248 5115 nominis
1282 5059 1592 5132 Manuelis,
1625 5062 1779 5134 apud
1839 5062 2068 5120 Graecos

411 5151 647 5203 tantum
679 5162 990 5203 numerum
1025 5148 1452 5219 complectitur.
1510 5149 1790 5223 Sepultus
1849 5154 1940 5207 est
2007 5151 2064 5207 in

413 5234 652 5306 obliquo
677 5235 854 5291 latere
875 5235 1218 5292 monasterii
1243 5238 1698 5308 Pantocratoris,
1721 5241 1892 5312 juxta
1924 5244 2067 5298 tem-

415 5323 498 5398 pli
521 5325 692 5391 fores,
727 5324 782 5379 in
816 5323 1032 5381 sacello
1063 5324 1361 5396 adjuncto,
1395 5345 1508 5400 qua
1538 5329 1743 5401 templi
1803 5345 1972 5386 muro
2003 5330 2063 5386 in

417 5411 698 5470 fornicem
726 5414 1097 5471 circumﬂexo
1121 5413 1275 5471 latus
1306 5417 1460 5472 circa
1502 5417 1796 5476 tumulum
1845 5421 2064 5495 ingres-

421 5519 522 5559 sus
545 5503 943 5576 distinguitur.
977 5501 1151 5574 Lapis
1171 5519 1300 5559 eum
1321 5507 1464 5576 tegit
1506 5506 1802 5579 nigricans
1841 5514 1896 5566 et
1928 5527 2064 5566 mae-

419 5595 579 5648 stum
603 5590 822 5665 aliquid
847 5609 964 5666 prae
997 5608 1058 5648 se
1092 5593 1299 5659 ferens,
1333 5592 1514 5664 quiin
1557 5601 1777 5666 septem
1813 5599 2062 5656 vertices

420 5681 834 5758 assurgit.Non
860 5681 1062 5757 procul
1093 5680 1227 5738 inde
1249 5680 1376 5739 basi
1426 5681 1742 5755 impositus
1788 5688 2060 5746 adoretur

2181 4709 2345 4774 σθείς.
2430 4708 2602 4772 Τέλος
2686 4707 2743 4764 δὲ
2798 4709 2888 4765 καὶ
2939 4708 3098 4773 αὐτὸς
3151 4715 3221 4785 τῇ
3253 4712 3488 4790 ἀρτηρίᾳ
3531 4715 3826 4790 προσάγων

2176 4801 2276 4870 τὴν
2311 4803 2473 4874 χεῖρα
2499 4799 2588 4854 καὶ
2620 4798 2718 4860 τὰς
2748 4800 2984 4870 κινήσεις
3013 4805 3114 4855 τοῦ
3145 4807 3394 4877 σφυγμοῦ
3434 4805 3829 4878 γνωματεύων,

2181 4885 2368 4962 βύθιόν
2419 4907 2472 4941 τι
2530 4886 2780 4960 στενάξας
2837 4889 2930 4942 καὶ
2962 4887 3173 4960 πλήξας
3202 4893 3272 4964 τῇ
3331 4890 3479 4966 χειρὶ
3508 4892 3600 4946 τὸν
3647 4893 3831 4969 μηρὸν

2175 4977 2238 5031 τὸ
2273 4973 2564 5050 μοναδικὸν
2599 4983 2794 5051 σχῆμα
2837 4973 3028 5052 ᾔτησε.
3085 4973 3329 5055 Θορύϐου
3389 4978 3467 5050 δὲ,
3525 4981 3602 5044 ὡς
3660 4982 3829 5054 εἰκὸς,

2178 5063 2375 5137 ἐπὶτῷ
2417 5064 2624 5140 ῥήματι
2675 5065 2853 5140 τούτῳ
2889 5067 3170 5142 ἀρθέντος,
3227 5069 3317 5124 καί
3376 5075 3476 5140 τῆς
3531 5091 3832 5143 πνευματι-

2175 5151 2415 5228 κωτέρας
2462 5151 2779 5230 ἀμφιάσεως
2840 5153 3077 5234 ἐχούσης
3127 5156 3190 5212 τὸ
3248 5155 3644 5232 ἀπαράσκευον,
3703 5180 3831 5235 τρι-

2176 5236 2381 5296 ϐωνίου
2415 5240 2650 5316 μέλανος
2683 5245 2735 5297 οἱ
2770 5246 2894 5319 περὶ
2951 5247 3045 5301 τὸν
3107 5245 3335 5320 βασιλέα
3386 5247 3605 5311 ὁθενοῦν
3657 5249 3828 5304 εὐπο-

2177 5329 2768 5409 ρήσαντεςπεριδύουσι
2829 5333 2925 5407 μὲν
2983 5333 3142 5390 αὐτὸν
3199 5335 3268 5390 τὰ
3321 5333 3541 5408 μαλακά
3595 5337 3686 5392 καὶ
3731 5340 3830 5412 ἀρ-

2173 5421 2308 5496 χικὰ
2333 5419 2530 5502 ἅμφια,
2564 5418 2880 5477 ἐπενδύουσι
2913 5419 2971 5478 δὶ
2997 5424 3060 5479 τὸ
3115 5423 3292 5500 τραχὺ
3347 5431 3447 5495 τῆς
3504 5427 3640 5483 κατὰ
3696 5429 3823 5483 Θεὸν

2172 5509 2453 5573 πολιτείας
2507 5507 2730 5584 ἔνδυμα,
2791 5512 2868 5574 εἰς
2921 5509 3155 5584 ὁπλίτην
3213 5514 3608 5594 μετημειφότες
3667 5537 3826 5572 πνευ-

2174 5601 2400 5672 ματικὸν
2439 5601 2622 5675 κράνει
2653 5620 2712 5655 τε
2754 5599 3016 5676 θειοτέρῳ
3073 5603 3163 5658 καὶ
3222 5604 3429 5678 θώρακί
3488 5606 3819 5680 σεμνοτέρῳ,

2167 5692 2248 5764 τῷ
2269 5687 2506 5765 οὐρανίῳ
2535 5688 3064 5768 στρατολογήσαντες
3128 5693 3380 5771 ἡγεμόνι.
3441 5693 3519 5752 Τὸ
3568 5691 3624 5749 δὲ
3655 5694 3824 5772 ῥάκος
