4140 6290
297 377 419 440 573

1328 371 1438 435 DE
1483 371 1869 437 MANUELE
1913 371 2294 435 COMNENO
2341 376 2491 437 LIB.
2538 377 2669 438 VII.

3595 386 3713 446 574

317 510 397 583 μὴ
428 505 669 583 ποδῆρες
695 504 753 561 ὅν
784 506 924 581 μήτε
957 505 1064 578 μὴν
1094 501 1165 560 δι’
1194 504 1331 561 ὅλου
1379 509 1478 561 τοῦ
1515 507 1759 581 ἡρωϊκοῦ
1819 503 1948 560 ἐκεί-

2072 507 2222 581 lapis
2244 510 2574 583 purpureis,
2634 512 2739 568 viri
2797 513 3219 585 magnitudine,
3266 512 3366 587 qui
3415 517 3550 571 ante
3606 517 3717 573 fuit

305 620 406 655 νου
436 592 766 653 καταϐαῖνον
823 596 1080 669 σώματος
1123 592 1207 650 ε’ἰα
1262 596 1359 657 τὰς
1390 597 1604 667 κνήμας
1638 593 1957 673 ἀκαλυφεῖς,

319 688 396 750 ὡς
476 685 680 760 μηδένα
734 689 842 739 τῶν
901 684 1157 758 ὁρώντων
1216 684 1347 739 εἶναι
1398 681 1718 759 ἀδάκρυτον,
1777 681 1829 736 ἐν
1886 686 1960 754 νῷ

316 775 651 853 βαλλόμενον
707 776 812 843 τήν
854 771 1205 847 ἀνθρωπίνην
1264 769 1533 837 ἀσθένειαν
1609 772 1701 827 καὶ
1759 773 1859 841 τήν
1900 769 1952 825 ἐν

315 870 391 938 τῷ
411 864 664 934 τελευτᾷν
686 863 781 918 τὸν
816 863 937 937 βίον
978 867 1076 917 τοῦ
1126 863 1380 935 σώματος
1438 862 1794 937 ἀχρειότητα,
1826 859 1958 934 ὅπερ

310 956 444 1024 ἡμῖν
486 954 559 1015 ὡς
620 949 842 1026 ὄστρεον
892 949 1316 1027 περιπλάττεται
1384 950 1473 1005 καὶ
1533 950 1832 1026 συμφύεται
1889 954 1957 1023 τῇ

305 1048 482 1120 ψυχῇ.
559 1046 671 1101 Τοῦ
749 1043 872 1117 βίου
946 1048 1076 1118 γοῦν
1148 1042 1293 1098 οὕτω
1337 1043 1427 1097 καὶ
1500 1049 1600 1112 τῆς
1679 1040 1960 1117 βασιλείας

307 1135 644 1209 μεθίσταται,
678 1133 972 1208 τριάκοντα
1027 1134 1118 1188 καὶ
1170 1132 1314 1187 ὀκτὼ
1392 1131 1623 1207 χρόνους
1720 1132 1961 1207 γεγονὼς

305 1228 356 1284 ἐν
388 1234 458 1304 τῇ
493 1227 771 1303 βασιλείᾳ,
814 1225 1114 1282 λειπόντων
1170 1230 1359 1300 μηνῶν
1434 1230 1622 1301 τριῶν.
1701 1227 1843 1301 Πρὸς
1893 1226 1958 1296 ἥν

307 1320 464 1391 οἶμαι
496 1315 798 1393 παράτασιν
827 1323 928 1386 τῆς
958 1316 1138 1391 ἀρχῆς
1168 1316 1258 1371 καὶ
1315 1316 1378 1371 τὸ
1415 1314 1746 1371 παλαίτατον
1787 1318 1956 1371 έκεῖνο

308 1407 500 1487 λόγιον
529 1410 759 1486 ἀφορᾷν,
804 1406 834 1462 6'
884 1405 1129 1478 διέξεισιν
1163 1405 1387 1462 οὑτωσί·
1447 1431 1475 1458 et
1538 1405 1698 1462 Ἀλλ’
1754 1407 1951 1478 ὑστάτη

309 1518 370 1552 σε
425 1494 678 1572 κερδανεῖ
752 1490 897 1563 λαϐὴ
976 1494 1229 1571 λόγουο»

2071 598 2322 671 Ephesi;
2356 606 2412 655 et
2467 602 2518 657 is
2576 619 2704 658 esse
2756 602 2988 669 dicitur,
3040 604 3100 660 in
3150 621 3264 675 quo
3322 604 3589 661 Christus
3643 606 3715 663 de

2069 704 2241 745 cruce
2271 689 2543 747 sublatus
2575 696 2631 746 et
2661 691 2857 748 fasciis
2889 692 3185 750 involutus
3217 694 3489 749 conditus
3522 696 3713 753 fuerit.

2069 778 2214 833 Eum
2246 778 2499 850 lapidem
2532 781 2849 852 imperator
2899 782 3033 837 inde
3086 784 3390 838 advectum
3451 784 3716 840 humeris

2070 866 2436 940 suis,quippe
2461 870 2562 940 qui
2591 870 2852 926 divinum
2918 888 3129 942 corpus
3187 872 3504 944 ipsumque
3551 872 3716 928 Chri-

2070 962 2224 1012 stum
2259 961 2567 1030 gestasset,
2600 977 2629 1015 a
2663 966 2832 1030 portu
2882 960 3250 1017 Bucoleontis
3295 978 3483 1032 usque
3522 963 3592 1017 ad
3628 978 3712 1016 a3-

2069 1047 2200 1101 dem
2234 1049 2389 1105 290
2419 1065 2544 1118 quae
2598 1049 2656 1103 in
2715 1049 2861 1105 turri
2922 1051 3117 1122 palatii
3176 1054 3285 1119 est,
3318 1050 3573 1122 pertulit.
3606 1052 3709 1106 Sed

2068 1152 2182 1192 non
2218 1137 2395 1192 multo
2428 1143 2557 1209 post
2587 1138 2955 1209 imperatoris
2986 1138 3209 1194 obitum
3250 1154 3457 1194 saxum
3501 1137 3644 1194 illud
3683 1153 3713 1193 e

2068 1227 2284 1297 palatio
2342 1228 2412 1282 ad
2475 1226 2811 1299 sepulcrum
2868 1227 3026 1283 illius
3080 1232 3168 1283 est
3222 1228 3597 1294 translatum,
3652 1234 3714 1282 ut

2068 1316 2223 1371 clara
2256 1332 2392 1371 voce
2421 1315 2679 1372 defuncti
2712 1332 2803 1371 res
2834 1320 3025 1385 gestas
3057 1320 3115 1371 et
3144 1316 3465 1372 certamina
3493 1314 3713 1388 procla-

2068 1413 2207 1464 met.

1303 1497 1338 1565 ἠ
1416 1495 1520 1571 γὰρ
1578 1493 1865 1550 τελευταία
1936 1498 2034 1549 τοῦ
2092 1496 2362 1568 ὀνόματος
2408 1490 2659 1562 συλλαϐὴ
2708 1494 2799 1548 τὸν
2859 1493 3002 1549 ὀκτὼ
3059 1497 3149 1549 καὶ
3189 1495 3477 1570 τριάκοντα
3526 1492 3714 1565 διαση-

308 1586 553 1662 μαίνεται
586 1583 1273 1660 ἂριθμόν.Τέθαπταιοῦν
1302 1586 1449 1659 παρᾶ
1478 1583 1717 1660 πλάγιον
1791 1584 2029 1660 πλευρὰν
2101 1588 2180 1656 τῷ
2253 1585 2345 1638 τὸν
2392 1582 2524 1638 νεὼν
2625 1578 2842 1638 εἰσιόντι
2916 1590 3017 1652 τῆς
3087 1589 3185 1639 τοῦ
3261 1586 3710 1659 Παντοκράτορος

308 1682 508 1751 μονῆς,
552 1676 658 1729 οὐκ
687 1672 739 1729 ἐν
773 1673 922 1746 αύτῷ
949 1679 1028 1747 τῷ
1056 1672 1289 1746 τεμένει,
1320 1673 1447 1729 ἀλλ’
1477 1672 1529 1728 ἐν
1556 1679 1636 1747 τῷ
1660 1674 1785 1750 περὶ
1816 1679 2008 1730 τοῦτον
2037 1675 2228 1748 ἡρῴῳ.
2305 1678 2409 1728 Τοῖ’)
2485 1670 2543 1728 δὲ
2614 1673 2811 1749 τοίχου
2885 1677 2982 1728 τοῦ
3038 1675 3143 1728 νεὼ
3218 1674 3294 1736 είς
3369 1672 3536 1750 ἁψῖδα
3610 1697 3708 1730 πε·-

309 1763 635 1840 ριαχθέντος
664 1766 700 1833 ἡ
733 1762 857 1837 περὶ
888 1764 982 1830 τὴν
1022 1763 1185 1838 σορὸν
1216 1763 1400 1837 εὐρεῖα
1432 1760 1809 1818 διαστέλλεται
1863 1760 2096 1826 εἳσοδος.
2131 1759 2356 1837 Συνέοχει
2434 1759 2490 1817 δὲ
2560 1766 2751 1818 τοῦτον
2828 1760 2987 1827 λίθος
3059 1766 3160 1833 τήν
3237 1762 3494 1836 μελανίαν
3576 1766 3706 1819 ὕπο-

303 1854 631 1930 κρινόμενος
683 1852 776 1907 καὶ
831 1849 921 1906 διὰ
958 1856 1120 1906 τοῦτο
1158 1852 1507 1926 στυγνάζοντι
1549 1852 1767 1920 ἐοικὼς,
1801 1851 1860 1914 ὅς
1912 1852 2001 1907 καὶ
2037 1851 2114 1916 εἰς
2158 1851 2294 1907 ἒπτά
2324 1849 2625 1931 διέσχισται
2658 1850 2875 1924 λοφιάς.
2953 1851 3283 1927 Παράκειται
3360 1850 3418 1907 δέ
3492 1853 3543 1907 οἱ
3619 1851 3708 1906 ἐπὶ

303 1942 580 2020 κρηπῖδος
653 1941 743 1997 καὶ
819 1941 1183 2017 προσκύνησιν
1258 1939 1478 2017 δέχεται
1518 1939 1673 2006 λίθος
1706 1940 1929 2016 ἐρυθρὸς
1959 1939 2337 2017 ἀνδρομήκης,
2414 1940 2473 1995 ὅν
2552 1940 2669 2015 εἶχε
2738 1941 3009 2015 πρότερον
3090 1941 3186 2015 μὲν
3262 1942 3290 1995 ὁ
3331 1943 3450 1995 κατ’
3474 1943 3706 2019 ’Ἑφεσον

302 2035 401 2103 τήν
431 2030 595 2087 πόλιν
616 2031 768 2104 ναὸς,
800 2029 1006 2086 ἐκεῖνον
1039 2032 1176 2086 εἶναι
1229 2029 1695 2106 διαθρυλούμενον
1753 2030 1832 2110 ἐφ’
1883 2031 1944 2085 οὗ
1999 2031 2240 2107 Χριστὸς
2295 2030 2429 2104 μετὰ
2476 2032 2576 2099 τήν
2633 2029 2739 2085 ἀπὸ
2797 2035 3029 2106 σταυροῦ
3085 2030 3393 2106 καθαίρεσιν
3452 2050 3708 2103 νεκροτα-

301 2122 447 2200 φίοις
477 2122 722 2193 εἰληθεὶς
756 2120 1204 2195 έσμυρνίσθη.’0
1262 2118 1319 2175 δὲ
1382 2118 1638 2197 βασιλεὺς
1699 2121 1857 2183 οὗτος
1933 2117 2263 2194 διακομίσας
2335 2118 2562 2188 ἐκεῖθεν,
2637 2119 2729 2174 καί
2806 2121 2857 2173 οἱ
2930 2119 3022 2174 τὸν
3099 2126 3270 2175 νῶτον
3348 2120 3704 2194 ὓποστρώσας

296 2211 370 2274 ὡς
402 2211 633 2285 ὁμόθεον
664 2216 826 2283 σῶμα
854 2210 944 2266 καὶ
973 2212 1199 2286 γεγονὸς
1232 2210 1366 2284 ὅπερ
1394 2211 1457 2265 τὸ
1509 2215 1704 2285 χρῖσαν
1752 2214 1827 2283 ('7)
1890 2210 2237 2284 βαστάσαντι,
2270 2208 2329 2264 ἐκ
2391 2213 2488 2264 τοῦ
2531 2209 2669 2264 κατὰ
2727 2209 2817 2263 τὸν
2850 2207 3220 2265 Βουκολέοντα
3248 2208 3475 2281 λιμένος
3505 2207 3580 2270 είς
3608 2208 3705 2263 τὸν

294 2300 347 2357 ἐν
378 2305 460 2374 τῷ
491 2301 646 2379 φάρῳ
674 2304 775 2356 τοῦ
808 2298 1055 2375 μεγάλου
1103 2298 1374 2355 παλατίου
1418 2300 1552 2354 νεὼν
1611 2305 1802 2356 τοῦτον
1858 2300 2117 2376 ἀνήγαγε.
2153 2301 2282 2355 Μετ’
2310 2299 2372 2353 οὐ
2403 2298 2624 2370 πολλὴν
2667 2300 2853 2373 μέντοι
2881 2298 2934 2354 ἐν
2968 2299 3176 2375 ὑστέρῳ
3200 2298 3407 2375 χρόνου
3446 2295 3700 2371 περίοδον

290 2395 390 2446 τοῦ
469 2388 742 2465 βασιλέως
812 2389 904 2443 τὸν

987 2389 1104 2464 βίον
1182 2387 1554 2450 ἀπολιπόντος
1630 2389 1719 2442 καὶ
1795 2389 1823 2443 6
1901 2388 2057 2450 Αίθος
2130 2386 2292 2451 οὗτος
2369 2387 2568 2459 ἐξήρθη
2619 2393 2727 2444 τῶν
2774 2388 3109 2464 ἀνακτόρων,
3169 2389 3259 2443 καὶ
3322 2390 3698 2463 μετενήνεκται

298 2476 429 2543 ἔνθα
460 2476 528 2547 δὴ
559 2478 761 2553 ἀρτίως
791 2477 1087 2553 ἐμνήσθην,
1121 2477 1413 2554 κεκράξων,
1447 2480 1629 2552 οἶμαι,
1661 2478 1753 2533 καὶ
1786 2476 2288 2554 διατρανωσόμενος
2319 2477 2492 2533 ὁπόσα
2513 2479 2541 2532 6
2572 2477 2640 2552 τῇ
2668 2482 2814 2552 σορῷ
2873 2483 3093 2534 σιωπῶν
3139 2477 3422 2552 εἷργάσατό
3471 2498 3587 2539 πως
3614 2478 3707 2531 καὶ

295 2567 627 2643 ἠγωνίσατο.

1660 2721 1828 2782 Hier.
1875 2721 2092 2783 Wolﬁi
2134 2727 2324 2783 note.

372 2845 449 2917 (Ἰ)
481 2845 629 2910 Quid
660 2846 737 2901 sit
773 2846 915 2903 illud
950 2842 1084 2919 ὅπερ
1110 2845 1173 2900 τὸ
1207 2850 1425 2921 χρῖσαν,
1458 2862 1580 2902 non
1602 2846 1942 2919 intelligo.E
1967 2850 1990 2901 t
2019 2845 2493 2918 qualemcunque
2525 2845 2884 2901 sententiam
2914 2844 3262 2916 conjectura
3283 2861 3415 2901 sum
3440 2848 3698 2902 secutus.

1703 3169 1932 3266 ΒΑΣ
1949 3168 2294 3266 ΙΛΕΙΑ

415 3393 1190 3525 ΑΛΕΞΙΟΥ
1298 3394 1645 3524 ΤΟΥ
1755 3393 3569 3525 ΠΟΡΦΥΡΟΓΕΝΝΗΤΟΥ

1359 3622 1496 3678 ΤΟΥ
1523 3622 1677 3679 ΥΙΟΥ
1705 3625 1838 3679 ΤΟΥ
1879 3622 2229 3678 ΒΑΣΙΛΕΩΣ
2260 3623 2624 3681 ΜΑΝΟΥΗΛ.

1686 3909 2302 4005 IMPEBIUM

596 4090 1149 4319 ALEXI‘I
1242 4091 1937 4247 COMNENI
2033 4088 3383 4248 POBPHYROGENITI

1451 4350 1805 4407 MANUELIS
1836 4350 2310 4408 IMPERATORIS
2341 4352 2524 4407 FILII.

355 4627 417 4680 α’.
443 4619 720 4681 Καίοῧτω
746 4620 840 4694 μέν
874 4621 902 4674 6
940 4618 1196 4694 βασιλεὺς
1245 4616 1509 4687 Μανουὴλ
1570 4618 1597 4671 ὁ
1654 4618 1943 4690 Κομνηνὸς

2123 4621 2269 4677 291
2308 4623 2359 4677 1.
2395 4623 2655 4680 Manuele
2692 4623 2985 4680 Comneno
3017 4624 3084 4680 ad
3115 4623 3271 4680 hunc
3314 4626 3553 4681 modum
3587 4628 3690 4683 de-

281 4713 540 4770 καταλύει
571 4712 667 4767 τὸν
732 4709 870 4785 βίον,
915 4706 1192 4783 βασιλεύει
1224 4705 1282 4762 δὲ
1334 4707 1450 4780 μετ’
1480 4705 1639 4761 αὐτὸν
1678 4707 1705 4761 6
1736 4705 1939 4761 ἐκείνου

273 4810 404 4866 παῖς
473 4801 745 4872 Ἀλέξιος,
795 4797 950 4853 οῧπω
993 4799 1244 4871 καθαρῶς
1289 4799 1391 4862 τῆς
1440 4791 1587 4867 ἥϐης
1639 4796 1937 4870 ἁψάμενος,

273 4893 405 4951 ἀλλ’
480 4886 563 4947 ἔτι
638 4886 996 4962 παιδοκόμων
1086 4889 1179 4942 καὶ
1272 4887 1571 4960 τιθευτρίας
1660 4884 1938 4961 δεόμενος.

277 4979 650 5056 Πλημμελῶς
696 4979 880 5035 τοίνυν
910 4978 1003 5033 καὶ
1051 4976 1293 5053 ἀχρείως
1347 4976 1414 5031 τὰ
1461 4977 1751 5049 Ῥωμαίων
1808 4975 1940 5053 ἐφέ-

285 5094 413 5150 ρετο
444 5070 761 5146 πράγματα,
804 5069 898 5123 καὶ
958 5068 1222 5143 χειρόνως
1254 5068 1292 5138 ἢ
1344 5067 1434 5122 ’ὅτε
1489 5068 1518 5121 6
1563 5066 1783 5123 Φαέθων
1840 5067 1941 5135 τήν

273 5165 330 5220 ἐν
391 5160 620 5237 ἄστροις
678 5158 911 5235 οὐρανοῦ
966 5156 1181 5230 τέμνειν
1253 5153 1380 5211 ὁδὸν
1438 5151 1798 5225 ἐπεϐάλλετο,
1844 5153 1942 5212 τοῦ

278 5254 562 5328 πατρικοῦ
591 5249 684 5305 καὶ
733 5244 1199 5323 χρυσοκολλήτου
1266 5240 1458 5305 ἐπιϐὰς
1515 5244 1782 5318 ἅρματος.
1832 5243 1940 5302 Ai»

266 5345 360 5407 τὸς
398 5343 499 5416 μὲν
552 5339 661 5415 γὰρ
718 5338 747 5391 6
784 5338 998 5407 κρατῶν
1055 5331 1147 5388 διὰ
1195 5334 1256 5388 τὸ
1308 5340 1407 5403 τῆς
1472 5335 1697 5400 ἡλικίας
1755 5332 1942 5395 ἀτελὲς

262 5434 355 5489 καὶ
387 5435 489 5488 τοῦ
521 5428 589 5483 τὰ
622 5425 940 5481 συνοίσοντα
987 5426 1205 5500 φρονεῖν
1260 5420 1435 5485 ἐνδεὲς
1488 5421 1708 5485 οὐδενὸς
1740 5423 1806 5492 ἦν
1832 5429 1942 5477 τῶν

266 5520 635 5593 καθηκόντων
658 5511 1139 5590 ἐπιστρεφόμενος,
1197 5512 1424 5587 κούφοις
1483 5509 1543 5567 δὲ
1602 5512 1765 5585 μόνον
1819 5532 1945 5587 τρε-

273 5610 510 5685 φάμενος
557 5601 835 5675 πνεύμασι
884 5600 976 5654 καὶ
1026 5600 1089 5655 τὸ
1145 5599 1358 5673 χαίρειν
1414 5601 1505 5655 καὶ
1558 5601 1621 5655 τὸ
1660 5600 1945 5655 λυπεῖσθαι

276 5683 449 5775 μήπω
503 5688 850 5771 μεμαθηκὼς
905 5683 1146 5763 ἀκριϐῶς
1204 5688 1555 5765 κυνηγεσίοις
1612 5693 1946 5765 προσανεῖχε

2052 4709 2273 4780 functo,
2306 4710 2463 4767 illius
2485 4712 2723 4769 Alexius
2753 4714 2871 4769 fere
2899 4714 3154 4783 impubis
3201 4713 3391 4770 adhuc
3422 4720 3478 4771 et
3527 4733 3694 4789 puer,

2053 4798 2152 4870 qui
2186 4800 2484 4873 paedagogi
2516 4806 2573 4855 et
2596 4801 2841 4857 nutricis
2862 4818 3039 4873 opera
3070 4819 3180 4858 non
3212 4803 3357 4860 satis
3395 4808 3697 4863 commode

2054 4889 2308 4960 carebat,
2368 4891 2673 4947 successit.
2738 4892 2942 4963 Itaque
2998 4893 3257 4951 Romana
3313 4910 3405 4951 res
3465 4895 3701 4967 publica

2054 4993 2355 5050 perperam
2387 4979 2925 5050 administrabatur,
2985 4986 3042 5038 et
3100 4983 3267 5054 pejus
3327 5000 3389 5041 se
3445 4984 3699 5043 habebat

2054 5084 2229 5141 quam
2252 5085 2382 5124 cum
2407 5069 2663 5126 Pbaeton
2686 5074 2996 5143 paternum
3055 5089 3289 5129 currum
3341 5091 3441 5147 per
3488 5075 3696 5132 cmlum

2053 5174 2252 5230 regere
2283 5164 2527 5214 conatus
2557 5164 2664 5215 est.
2697 5160 2843 5215 Nam
2863 5160 3181 5233 imperator
3201 5163 3273 5218 ob
3317 5162 3696 5221 immaturam

2055 5250 2277 5301 aelatem
2305 5251 2361 5301 et
2390 5248 2645 5318 inopiam
2680 5248 2907 5303 consilii
2940 5251 3165 5306 nullam
3207 5251 3382 5307 ofﬁcii
3415 5253 3695 5309 rationem

2053 5335 2323 5403 habebat,
2358 5336 2511 5392 292
2541 5336 2701 5392 inani
2735 5338 3007 5409 superbia
3064 5340 3273 5407 elatus,
3307 5345 3364 5395 et
3417 5341 3509 5396 vix
3550 5341 3695 5397 satis

2054 5440 2273 5496 gnarus
2304 5441 2431 5495 quas
2463 5442 2554 5481 res
2584 5426 2786 5482 tristes
2817 5431 2916 5482 aut
2964 5428 3241 5498 jucundaa
3272 5434 3489 5498 essent,
3521 5446 3693 5485 vena-

2054 5511 2202 5566 tioni
2234 5516 2292 5566 et
2316 5512 2657 5582 equitationi
2716 5515 3125 5583 incumbebat;
3187 5534 3500 5585 puerorum
3558 5532 3691 5571 cum

2056 5600 2268 5671 quibus
2298 5599 2635 5667 colluderet,
2668 5602 3060 5659 familiaritate
3081 5605 3373 5671 utebatur,
3401 5607 3519 5659 vita
3568 5619 3694 5673 pes-

2058 5689 2203 5747 sime
2232 5687 2521 5746 instituta.
2555 5693 2786 5748 Paterni
2819 5709 2953 5749 vero
2982 5694 3110 5764 ejus
3142 5691 3370 5763 cognati
3402 5694 3459 5746 et
3498 5689 3690 5757 amici,
