4140 6290
460 367 584 428 375

1780 361 2094 424 NICETE
2135 359 2563 424 CHONIATIE

3746 365 3870 425 5'16

462 503 596 562 aliis
625 503 802 560 rebus
831 501 1060 571 intenti,
1093 499 1253 557 illius
1284 499 1688 556 educationem
1748 497 1878 554 aliis
1937 497 2113 553 rebus

2226 495 2314 550 καὶ
2345 495 2709 568 ἱππηλασίοις
2739 495 3084 574 προσέκειτο,
3143 492 3453 570 παιδαρίοις
3495 493 3869 569 συμπαίγμοσι

465 592 740 650 omnibus
760 591 1227 648 antevertendam
1259 589 1653 662 negligebant,
1671 605 1776 646 nec
1805 586 2108 646 interitum

464 685 544 740 rei
578 683 821 754 publica:
853 681 1152 739 curabant.
1187 681 1329 736 Nam
1362 681 1461 736 alii
1492 679 1882 753 imperalricis
1913 693 2110 736 amore

463 773 790 845 ﬂagrabant
820 780 872 827 et
902 772 1030 842 ejus
1062 771 1406 842 pudicitiam
1451 769 1609 826 haud
1667 767 2112 826 dissimulanter

462 863 768 918 tentabant
797 879 811 930 ;
846 860 1215 928 calamistris,
1247 861 1565 932 unguentis
1597 859 1946 932 puerilibus,
1998 857 2108 913 mi-

463 953 574 1008 tris
604 950 966 1016 mulieribus,
1001 950 1194 1006 aureis
1225 949 1527 1019 torquibus
1558 953 1770 1020 ornati,
1801 949 2018 1004 deﬁxos
2051 947 2110 1003 in

468 1039 630 1096 illam
660 1038 855 1094 oculos
888 1038 1185 1093 habebant
1217 1043 1272 1093 et
1304 1042 1575 1094 mutuum
1635 1037 1792 1094 illius
1851 1053 2110 1094 amorem

465 1129 798 1202 captabant.
832 1128 964 1198 Alii,
1023 1126 1289 1184 homines
1337 1128 1494 1183 avari
1555 1131 1612 1182 et
1668 1143 1930 1200 rapaces,
1975 1143 2108 1182 cum

462 1217 933 1275 luxuriosissime
964 1218 1242 1283 viverent,
1276 1218 1484 1274 iiscum
1517 1215 2112 1290 depeculabantur,ut

461 1325 803 1367 crumenam
837 1307 1171 1365 immodicis
1204 1308 1545 1380 sumptibus
1577 1307 1922 1362 exhaustam
1946 1321 2112 1378 pecu-

463 1399 561 1454 nia
589 1397 954 1454 resarcirent.
986 1395 1094 1452 Alii
1125 1397 1196 1451 ad
1231 1396 1464 1468 imperii
1493 1395 1868 1467 cupiditatem
1913 1396 2112 1452 omnia

462 1487 810 1552 referebant,
846 1486 1103 1558 Denique
1133 1491 1414 1558 tanquam
1449 1490 1684 1541 strenuo
1715 1488 1772 1541 et
1811 1486 1972 1557 gravi
2006 1502 2114 1556 pai-

466 1577 690 1650 dagogo
731 1574 983 1643 sublato,
1017 1576 1261 1631 confusa
1290 1578 1456 1630 erant
1512 1575 1732 1641 omnia,
1763 1575 1904 1630 dum
1937 1591 2111 1630 suum

469 1668 721 1738 quisque
742 1665 1033 1737 negotium
1095 1664 1216 1737 agit
1273 1672 1325 1718 et
1383 1663 1545 1720 alteri
1599 1665 2114 1730 adversatur;aut

466 1755 631 1813 velut
658 1757 932 1812 columna
971 1755 1138 1810 ﬁrma
1167 1754 1480 1820 revulsa,in
1507 1758 1730 1825 partem
1759 1753 2107 1810 contrariam

2221 585 2602 662 συγγινόμενος
2635 587 2724 643 καὶ
2778 588 2840 643 τὸ
2871 589 3008 658 ἦθος
3068 586 3119 642 ἐν
3174 592 3297 651 τοῖς
3339 585 3638 661 χειρίστοις
3667 583 3872 640 τυπού-

2225 698 2404 750 μενος.
2438 679 2506 734 Οἱ
2539 677 2597 734 δέ
2627 701 2683 754 γε
2713 683 2958 754 πατρῷοι
3008 677 3188 750 τούτῳ
3236 679 3446 752 ἑταῖροι
3503 677 3593 731 καὶ
3652 677 3704 730 οἱ
3753 677 3870 741 καθ’

2221 768 2359 840 αἷμα
2416 766 2481 839 δή
2545 789 2651 823 που
2712 770 3098 844 προσήκοντες,
3157 764 3363 842 ἑτέροις
3418 766 3509 822 τὸν
3546 769 3670 820 νοῦν
3700 785 3869 839 προσ.

2220 858 2466 935 έχοντες,
2497 869 2597 932 τῆς
2645 862 2844 917 τούτου
2896 860 3199 931 καλλίστης
3242 857 3591 933 κατημέλουν
3644 859 3870 934 ἀγωγῆς

2219 949 2309 1004 καὶ
2339 953 2546 1030 τροφῆς
2586 950 2676 1006 καὶ
2733 953 2801 1006 τὰ
2848 951 3006 1006 κοινᾶ
3053 950 3382 1030 φθειοόμενα
3439 941 3870 1023 παρεϐλέποντο.

2221 1039 2289 1096 Οἱ
2323 1040 2419 1113 μὶν
2452 1041 2555 1118 γὰρ
2606 1049 2708 1110 τῆς
2772 1037 3057 1116 βασιλίδος
3103 1041 3252 1115 ἤρων
3311 1039 3402 1095 καὶ
3459 1037 3694 1114 ἐπείρων
3728 1035 3874 1110 μάλα

2221 1125 2516 1204 λαμπρῶς,
2576 1128 2953 1208 ἐπαφροδίτως
3033 1128 3548 1208 βοστρυχιζόμενοι,
3622 1126 3720 1182 καὶ
3783 1126 3870 1182 τὸν

2217 1218 2422 1290 ταύτης
2480 1220 2756 1295 ἀντέρωτα
2815 1219 3132 1294 Θηρώμενοι
3208 1218 3508 1292 ἐμυροῦντο
3576 1212 3876 1286 νηπιωδῶς

2220 1308 2310 1362 καὶ
2373 1307 2695 1382 έμιτροῦντο
2747 1305 3101 1384 γυναικωδῶς
3157 1305 3558 1382 περιδερῥαίοις
3616 1304 3877 1368 λιθοκόλ-

2223 1397 2363 1469 λοις,
2397 1399 2484 1453 καὶ
2512 1396 2666 1460 ὅλοις
2699 1396 3011 1476 ὀφθαλμοῖς
3069 1397 3145 1460 εἷς
3205 1396 3370 1465 αὐτὴν
3431 1395 3766 1466 ένητένιζον·
3827 1393 3877 1449 οἱ

2222 1482 2279 1541 δὲ
2336 1487 2770 1561 χρηματιστικοὶ
2831 1483 2980 1550 ὄντες
3037 1487 3130 1542 καὶ
3182 1479 3490 1560 δημοϐόροι
3548 1483 3879 1560 παρενοσφί-

2222 1579 2376 1645 ζοντο
2431 1577 2499 1630 τὰ
2547 1573 2814 1647 δημόσια,
2869 1580 2988 1638 ταῖς
3040 1595 3101 1631 τε
3158 1574 3558 1652 ἐφευρημέναις
3615 1569 3877 1635 δαπάναις

2220 1662 2593 1744 ἀφειδέστερον
2656 1668 2938 1740 χρώμένοι
2968 1665 3057 1720 καὶ
3126 1663 3248 1726 νέας
3297 1661 3874 1740 προσεφευρίσκοντες,

2213 1752 2288 1808 ἵν’
2345 1747 2526 1832 ἔχοιεν
2557 1754 2701 1810 οὕτω
2758 1755 2821 1809 τὸ
2879 1756 3009 1830 χθὲς
3066 1752 3220 1808 κενὸν
3270 1753 3358 1808 καὶ
3420 1751 3731 1806 σύσπαστον
3789 1751 3877 1825 βα-

463 1844 663 1901 omnia
696 1843 1076 1901 inclinabant.
1105 1843 1356 1899 Proinde
1378 1858 1512 1899 cum
1539 1843 1690 1899 298
1715 1841 2108 1914 potentissimi

2226 1841 2441 1898 λάντιον
2474 1841 2686 1916 πλῆρες
2730 1842 2821 1897 καὶ
2881 1839 3159 1916 διῳδηκὸς
3212 1842 3474 1916 σήμερον·
3519 1839 3572 1894 οἱ
3650 1836 3715 1894 δὲ
3783 1842 3874 1894 τοῦ

460 1935 700 2007 quique,
734 1939 790 1990 et
818 1933 1048 2006 cognati
1081 1933 1472 2006 imperatoris,
1503 1930 1894 2004 tequalitatem
1945 1947 2114 2005 sper-

463 2030 689 2091 nerent,
733 2026 814 2082 rei
873 2023 1118 2098 publicai
1173 2041 1311 2079 cura
1369 2024 1600 2091 defecit,
1659 2039 2008 2096 congressus
2057 2027 2115 2079 et

464 2114 713 2172 concilia
742 2115 974 2170 deserta
999 2118 1158 2170 sunt.
1188 2113 1332 2168 Cum
1365 2117 1561 2170 autem
1589 2113 2027 2184 protosebastus
2058 2117 2115 2170 et

466 2203 944 2277 protovestiarius
1000 2203 1238 2258 Alexius
1294 2203 1644 2272 Comnenus,
1680 2201 1966 2258 Manuelis
2022 2219 2117 2275 pa-

467 2292 696 2361 truelis,
731 2291 896 2365 pueri
927 2291 1004 2346 im
1013 2291 1296 2362 peratoris
1321 2294 1566 2347 matrem
1588 2291 1701 2347 sibi
1723 2291 2113 2358 conciliasset,

467 2387 524 2438 et
553 2381 756 2439 crebro
796 2381 921 2452 ejus
951 2380 1376 2436 consuetudine
1426 2384 1704 2452 uteretur,
1756 2385 2117 2454 ceterosque

466 2487 672 2529 omnes
698 2470 1040 2527 auctoritate
1071 2470 1346 2538 vinceret,
1381 2470 1418 2524 ii
1443 2469 1542 2542 qui
1565 2472 1765 2526 eadem
1819 2471 1928 2526 orti
1953 2475 2120 2527 erant

463 2558 690 2615 familia
721 2565 775 2614 et
815 2556 1080 2614 Manuale
1130 2557 1456 2629 imperante
1513 2573 1711 2629 parem
1771 2562 2114 2629 potestatem

471 2648 868 2714 obtinuerant,
906 2645 1176 2702 maximis
1209 2645 1600 2718 dignitatibus
1645 2646 1893 2718 prmditi,
1930 2646 2118 2702 mole-

471 2737 732 2794 stissime
755 2735 855 2791 illa
885 2736 1166 2791 ferebant.
1205 2735 1450 2800 Quidam
1483 2734 1657 2790 etiam
1689 2751 1824 2791 cum
1857 2735 2119 2808 tyranni-

469 2827 602 2884 dem
635 2826 891 2883 suboriri
921 2831 1247 2895 cernerent,
1277 2826 1741 2898 protosebastum
1775 2831 2119 2898 suspectum

476 2916 792 2987 habebant,
827 2933 941 2972 non
976 2920 1094 2972 tam
1144 2916 1214 2970 de
1273 2915 1640 2988 imperatoris
1691 2914 1875 2972 Alexii
1933 2915 2122 2972 salute

473 3006 731 3074 solliciti,
765 3021 941 3078 quam
960 3020 1032 3060 ne
1055 3004 1167 3076 ipsi
1190 3003 1828 3076 comprehenderentur
1857 3008 2122 3060 metuen-

473 3097 949 3166 tes.0uapropter
967 3093 1396 3165 exspectatione
1417 3109 1610 3149 rerum
1634 3093 1962 3149 futurarum
1987 3109 2121 3150 sus-

474 3183 666 3257 pensi,
695 3183 866 3238 modo
897 3181 1010 3254 ipsi
1041 3181 1155 3236 tuti
1187 3187 1403 3248 essent,
1437 3189 1672 3238 caeteros
1704 3182 1904 3236 minus
1947 3198 2114 3238 cura-

473 3274 638 3330 bant.
673 3272 850 3327 Fama
879 3271 1059 3339 enim,
1093 3279 1146 3326 ut
1179 3269 1388 3342 loquax
1409 3277 1520 3339 est,
1544 3272 1667 3343 jam
1690 3272 2117 3330 vociferabatur

474 3359 1121 3432 Alexiumimperatrici
1157 3359 1452 3416 adhaerere
1505 3377 1636 3416 cum
1676 3377 1860 3434 eaque
1881 3363 2115 3435 conspi-

475 3446 876 3516 rasse,multos
899 3448 1010 3504 sibi
1043 3447 1251 3504 ofticiis
1273 3452 1330 3504 et
1353 3448 1762 3521 largitionibus
1782 3450 2118 3520 conciliare,

475 3541 533 3594 et
553 3537 902 3607 imperatore
922 3534 1106 3605 ejecto
1131 3551 1372 3605 regnum
1397 3536 1666 3591 aﬂectare
1687 3537 1966 3593 etmatris
1989 3539 2118 3610 eius

474 3626 708 3698 nuptias
733 3624 1173 3696 ambire.Atque
1195 3625 1275 3680 ita
1299 3641 1426 3682 sese
1443 3640 1536 3680 res
1553 3624 1784 3697 imperti
1802 3625 2116 3700 habebant,

473 3714 838 3774 confusionis
866 3719 923 3770 et
951 3714 1254 3770 turbarum
1290 3712 1616 3786 plenae,non
1649 3714 1817 3772 aliter
1845 3732 2022 3788 quam
2059 3717 2116 3773 in

473 3805 690 3863 fabulis
712 3805 782 3860 de
809 3808 1080 3872 serpente
1111 3803 1211 3859 illo
1241 3803 1512 3870 traditur,
1547 3804 1647 3876 qui
1703 3805 1890 3862 cauda
1939 3805 2122 3863 surda

473 3902 532 3956 et
561 3914 712 3955 caaca
749 3914 865 3953 non
897 3897 1024 3954 sine
1058 3895 1262 3952 multis
1323 3897 1476 3953 204
1533 3897 1954 3955 offensionibus
1994 3915 2122 3972 pro-

473 3987 866 4062 grediebatur.
892 3987 946 4042 Is
977 4001 1171 4042 rerum
1204 3989 1390 4041 status
1422 3990 1682 4042 monstro
1712 3985 1812 4043 illo
1843 3987 1953 4043 sub
2005 3989 2120 4044 Ma-

473 4076 667 4134 nuelis
688 4075 913 4131 obitum
944 4075 1099 4132 edito
1128 4074 1614 4146 priesigniticatus
1647 4076 1773 4132 fuit.
1807 4074 1954 4134 Nam
1989 4093 2120 4132 mu-

473 4166 585 4221 lier
613 4165 880 4236 quaedam
915 4163 972 4218 in
1006 4162 1354 4236 Propontide
1414 4163 1684 4220 habitans
1741 4181 1986 4236 puerum
2019 4182 2120 4238 pe-

473 4254 645 4326 perit,
677 4257 884 4308 castera
914 4251 1221 4323 perexilem
1255 4251 2121 4327 etimbecillem,sedcapiteln-

474 4344 655 4419 genti.
673 4343 736 4400 Id
754 4341 1114 4416 principatus
1131 4341 1463 4415 multorum,
1496 4358 1665 4414 quem
1684 4344 1876 4400 omnis
1890 4344 2120 4416 imperii

477 4439 534 4491 et
563 4431 888 4507 disciplinae
909 4436 1279 4504 contemptus
1309 4431 1596 4504 sequitur,
1629 4447 1800 4488 omen
1831 4431 2117 4491 habitum.

2223 1928 2532 2005 βασιλεύειν
2578 1927 2796 2007 ἔχοντες
2857 1926 3033 2008 ἔφεσιν
3116 1930 3254 2006 πρὸς
3308 1933 3470 1984 τοῦτο
3525 1927 3616 1982 τὸν
3680 1927 3874 1982 οἰκεῖον

2221 2020 2422 2075 σκοπὸν
2478 2019 2774 2075 συνέτεινον
2825 2018 3052 2077 ἃπαντα.
3095 2023 3181 2083 Ὡς
3243 2018 3344 2094 γάρ
3397 2037 3543 2079 τινος
3599 2013 3880 2092 παιδαγω-

2220 2113 2326 2185 γοῦ
2381 2109 2626 2186 γενναίου
2705 2110 2796 2166 καὶ
2867 2105 3164 2185 ἐμϐριθοῦς
3251 2105 3502 2164 ἐκποδὼν
3581 2106 3876 2182 γενομένου

2221 2198 2439 2269 ἀταξίας
2499 2200 2564 2255 τὸ
2609 2203 2713 2254 πᾶν
2769 2198 3158 2272 ἓπεπλήρωτο,
3235 2198 3466 2253 ἑκάστου
3540 2197 3602 2251 τὸ
3683 2197 3874 2251 οἰκεῖον

2227 2287 2661 2363 μεταδιώκοντες
2691 2287 2878 2366 ἐφετὸν
2919 2288 3010 2344 καὶ
3075 2285 3353 2358 ἀλλήλοις
3411 2285 3660 2342 ἁπάντων
3735 2287 3876 2342 ἀντι-

2221 2380 2596 2451 πραττόντων,
2654 2375 2692 2448 ἤ
2748 2380 2932 2442 κίονος
3021 2378 3456 2438 ὑποσπασθέντος
3515 2372 3739 2450 ἐδραίου
3791 2374 3873 2430 καὶ

2223 2462 2526 2544 ἂστραϐοῦς
2620 2468 2756 2542 πρὸς
2857 2467 3094 2524 ἐναντίαν
3168 2466 3335 2547 φοράν
3439 2466 3871 2521 ἀπονενεύκεισαν

2227 2559 2454 2617 ἅπαντα.
2499 2561 2616 2627 Τῆς
2676 2555 2732 2612 δὲ
2782 2557 3056 2630 ἰσοτιμίας
3117 2555 3508 2630 ἀτιμασθείσης
3566 2555 3719 2630 παρὰ
3765 2558 3873 2618 τοῖς

2222 2649 2347 2703 τότε
2403 2647 2469 2702 τὰ
2532 2646 2758 2723 μέγιστα
2818 2643 3268 2720 δυναμένοις’καὶ
3326 2644 3461 2700 κατὰ
3541 2644 3699 2720 γένος
3755 2665 3870 2698 συν-

2226 2737 2553 2810 απτομένοις
2576 2741 2658 2808 τῷ
2692 2735 2928 2812 βασιλεῖ,
2961 2735 3016 2789 αἳ
3073 2755 3131 2790 τε
3165 2733 3298 2810 ὑπὲρ
3344 2739 3452 2788 τῶν
3489 2737 3689 2788 κοινῶν
3721 2751 3871 2812 φρον-

2225 2823 2369 2888 τίδες
2399 2825 2646 2898 ἐξέλιπον
2697 2827 2786 2880 καὶ
2843 2825 2898 2878 αἱ
2955 2821 3256 2898 συνδρομαὶ
3298 2822 3388 2877 καὶ
3448 2819 3663 2877 σύνοδοι
3712 2825 3869 2898 ἠφαν-

2226 2917 2502 2985 τώθησαν.
2564 2915 2666 2971 Καὶ
2731 2919 2830 2969 τοῦ
2889 2908 3345 2989 πρωτοσεϐσστοῦ
3404 2909 3461 2966 δὲ
3517 2911 3608 2966 καὶ
3661 2931 3870 2986 πρωτο-

2229 2999 2540 3080 ϐεστιαρίου
2582 3002 2832 3074 Ἀλεξίου
2884 3007 2981 3058 τοῦ
3039 3005 3352 3076 Κομνηνοῦ,
3411 3001 3471 3064 ’ὀς
3528 3001 3743 3075 ἀνεψιὸς
3805 3003 3866 3067 ἦν

2229 3093 2366 3170 πρὸς
2394 3094 2596 3168 πατρὸς
2645 3098 2724 3166 τῷ
2776 3091 2998 3168 βασιλεῖ
3033 3088 3320 3160 Μανουῆλ,
3379 3091 3478 3158 τήν
3531 3094 3631 3145 τοῦ
3679 3085 3861 3148 παιδὸς

2229 3184 2320 3240 καὶ
2382 3182 2649 3258 βασιλέως
2714 3183 2924 3258 μητέρα
3001 3183 3481 3255 ύποποιησαμένου
3557 3182 3642 3235 καί
3715 3177 3852 3248 θαμὰ

2229 3273 2365 3347 αὐτῇ
2407 3273 2742 3347 ὁμιλοῦντος
2779 3274 2866 3328 καί
2911 3273 3043 3348 ὑπὲρ
3101 3273 3276 3328 πάντα
3325 3270 3602 3350 ἴσχύοντος
3652 3264 3852 3342 ἕτερον,

2227 3363 2279 3418 οἳ
2319 3366 2417 3418 τοῦ
2457 3361 2622 3418 αὐτοῦ
2683 3363 3088 3436 μεταλαχόντες
3132 3359 3362 3434 α’ίματος
3417 3358 3503 3416 καὶ
3558 3357 3854 3432 ἰσοκρατεῖς

2228 3452 2368 3506 εἶναι
2425 3451 2572 3526 παρᾶ
2643 3455 2740 3506 τοῦ
2797 3449 3067 3526 βασιλέως
3142 3450 3408 3518 Μανουήλ
3485 3446 3716 3511 ἐαθέντες
3770 3442 3860 3499 καὶ

2227 3539 2497 3614 ἀξιώμασι
2585 3540 2858 3616 μεγίστοις
2917 3540 3282 3615 ἐμπρέποντες
3340 3537 3481 3594 ἔστιν
3644 3533 3864 3591 ἀπεπνί-

2224 3651 2386 3708 γοντο
2417 3637 2534 3692 τοῖς
2564 3630 2896 3706 γινομένοις,
2939 3627 3049 3686 ἔστι
3083 3627 3128 3684 δ’
3286 3629 3374 3683 καὶ
3415 3623 3703 3702 τυραννίδα
3739 3643 3869 3701 φυο-

2232 3720 2397 3794 μένην
2468 3721 2701 3793 ὁρῶντες
2775 3720 2868 3774 τὸν
2947 3713 3396 3793 πρωτοσεϐαστὸν
3475 3711 3870 3783 ὑπεϐλέποντο,

2229 3808 2290 3864 ού
2319 3812 2582 3864 τοσοῦτον
2645 3809 2720 3881 μὴ
2783 3809 2811 3863 ὀ
2873 3806 3179 3882 βασιλεύων
3202 3805 3448 3878 Ἀλέξιος
3481 3803 3643 3876 ἀηδές
3673 3826 3727 3860 τι
3775 3801 3872 3859 πά-

2229 3912 2316 3966 θοι
2349 3900 2473 3974 περὶ
2503 3899 2769 3956 πλείστου
2827 3899 3069 3976 ἔχοντες,
3124 3899 3249 3955 ὅσον
3321 3900 3398 3972 μὴ
3456 3899 3616 3954 αὐτοὶ
3670 3896 3878 3967 συλλη-

2229 3993 2404 4068 φθεῖεν
2467 3990 2831 4067 ὑφορώμενοι.
2891 3988 2996 4045 Καὶ
3065 3986 3153 4043 διὰ
3219 3992 3386 4044 ταῦτα
3459 3985 3879 4064 καραδοκοῦντες

2225 4079 2290 4134 τὸ
2325 4077 2556 4152 μέλλον,
2587 4079 2650 4133 τὸ
2680 4079 2800 4143 καθ’
2842 4075 3037 4140 αὖτοὺς
3086 4075 3322 4155 ἀσφαλὲς
3359 4080 3458 4133 τοῦ
3511 4075 3687 4139 πέλας
3718 4097 3880 4151 πρου-

2225 4166 2460 4232 τίθεσαν.
2493 4165 2635 4239 Ἤδη
2669 4169 2772 4243 γᾶρ
2800 4169 2836 4237 ἡ
2870 4169 3030 4245 φήμη
3091 4164 3264 4228 λάλος
3317 4167 3387 4236 ἧν
3445 4167 3533 4221 καὶ
3579 4163 3880 4244 διαρῥήδην

2226 4258 2604 4332 κραυγάζουσα
2663 4257 2738 4320 ὡς
2793 4255 3038 4326 Ἀλέξιος
3094 4259 3163 4330 τῇ
3222 4255 3394 4331 μητρὶ
3457 4259 3555 4310 τοῦ
3609 4254 3882 4330 βασιλέως

2227 4346 2508 4424 σύμφυτος
2555 4349 2752 4419 μικροῦ
2807 4345 2896 4400 καὶ
2956 4343 3234 4418 σύμπνους
3321 4347 3612 4421 γενόμενος
3675 4343 3875 4418 μέτεισ.

2225 4436 2352 4498 τοὺς
2382 4434 2628 4497 πολλοὺς
2660 4433 2817 4510 φιλίᾳ
2845 4435 2937 4490 καὶ
2995 4437 3268 4509 χρήμασι,
3325 4433 3416 4490 καὶ
3475 4434 3728 4490 καθελεῖν
3783 4435 3876 4507 μὲ)

477 4522 635 4579 αὐτὸν
657 4528 758 4593 τῆς
791 4517 1068 4598 βασιλείας
1102 4519 1152 4574 έν
1183 4518 1258 4593 νῷ
1279 4519 1508 4589 τίθεται,
1540 4519 1729 4576 ἑαυτὸν
1763 4517 1808 4576 δ’
1840 4516 2148 4598 ἐπιϐήτορα
2177 4524 2402 4596 ταύτης,
2431 4524 2613 4600 ὥσπερ
2647 4521 2715 4594 δὴ
2745 4524 2837 4580 καὶ
2866 4530 2969 4594 τῆς
3005 4522 3291 4597 τεκούσης,
3324 4523 3652 4601 γενήσεσθαι
3690 4525 3860 4579 σκέπτ

475 4634 586 4672 ται.
615 4613 720 4670 Καὶ
751 4610 895 4668 οὕτω
931 4610 1028 4685 μὶν
1051 4609 1119 4666 τὰ
1141 4609 1278 4665 κατὰ
1303 4610 1401 4679 τήν
1429 4607 1706 4683 βασίλειον
1741 4607 1914 4680 αὐλὴν
1943 4615 2118 4676 πάσας
2174 4610 2301 4670 ὄντα
2349 4616 2663 4691 συγχύσεως
2704 4613 2794 4669 καὶ
2827 4611 3087 4668 παντοίου
3121 4617 3399 4688 χειμῶνος
3430 4605 3667 4686 ἔμπλεα,
3703 4613 3796 4668 καὶ
3825 4582 3886 4667 τὸ

477 4706 574 4758 τοῦ
609 4705 838 4777 μυθικοῦ
871 4698 1166 4776 δράκοντος
1197 4699 1514 4774 πράγμασιν
1546 4697 1731 4760 αὐτοῖς
1763 4700 2040 4775 ὁρώμενον
2072 4703 2165 4776 ἦν,
2193 4704 2253 4767 ὅς
2310 4707 2490 4766 κακῶς
2547 4699 2806 4758 διετίθετο
2839 4705 3011 4776 κωφῷ
3049 4701 3136 4756 καὶ
3169 4699 3360 4778 τυφλῷ
3394 4699 3546 4774 μέρει
3575 4703 3657 4772 τῷ
3687 4699 3886 4775 οὐραίῳ

479 4790 888 4868 διεξαγόμενος.
919 4791 989 4846 Ἥ
1018 4790 1082 4844 τὸ
1111 4789 1270 4863 τέρας
1292 4786 1460 4863 πέρας
1491 4781 1816 4861 ἐλάμϐανεν,
1849 4789 1879 4845 ὅ
1908 4790 1999 4847 τὸν
2037 4791 2156 4868 βίον
2193 4791 2562 4854 τελευτῶντος
2600 4790 2835 4871 ἐπεφάνη
2861 4794 2958 4846 τοῦ
2991 4789 3392 4865 αὐτοκράτορος
3422 4789 3712 4858 Μανουήλ.
3749 4791 3882 4857 Γυνὴ

479 4880 582 4955 γάρ
611 4901 695 4942 τις
726 4879 860 4934 κατὰ
890 4879 988 4946 τήν
1021 4874 1358 4952 Προποντίδα
1381 4875 1632 4954 λαχοῦσα
1659 4879 1758 4948 τήν
1791 4879 2008 4952 οἲκησιν
2042 4879 2261 4938 παιδίον
2291 4881 2542 4937 ἀπέτεκεν
2572 4880 2755 4957 ἄρῥεν,
2786 4880 2876 4935 τὸν
2911 4880 3006 4953 μὲν
3035 4877 3230 4935 λοιπὸν
3265 4877 3553 4956 ἄνθρωπον
3611 4876 3883 4955 ἐξηρθρω-

487 4967 646 5041 μένον
675 4968 764 5023 καὶ
796 4965 918 5022 λίαν
959 4967 1494 5043 βραχυμερέστατον,
1523 4970 1623 5038 τὴν
1657 4966 1714 5024 δέ
1739 4990 1799 5045 γε
1830 4970 2070 5047 κεφαλὴν
2104 4971 2304 5048 χρῆμά
2329 4993 2380 5026 τι
2415 4970 2504 5026 ἐπὶ
2532 4975 2638 5026 τῶν
2673 4968 2844 5045 ὥμων
2868 4967 3061 5045 ἀνέχον
3094 4967 3235 5046 μέγα
3252 4989 3312 5024 τε
3333 4969 3422 5023 καὶ
3454 4965 3708 5041 ἐξαίσιον,
3742 4969 3772 5024 δ
3801 4967 3883 5024 καὶ

482 5052 879 5130 συλλελόγιστο
905 5052 1254 5130 πολυαρχίας
1287 5058 1418 5112 εἶναι
1453 5058 1809 5131 σημαντικὸν,
1841 5061 1960 5130 ἣτις
1991 5062 2179 5135 μήτηρ
2209 5059 2472 5136 ἀναρχίας
2501 5059 2668 5118 ἒστίν.

553 5147 688 5203 2.At
709 5149 1038 5203 Comnenus
1059 5147 1424 5203 Andronicus
1473 5149 1844 5220 imperatoris
1887 5153 2117 5208 Manne-

2306 5151 2371 5225 β’.
2423 5151 2479 5202 Ὀ
2537 5147 2595 5204 δὲ
2650 5149 2938 5220 Κομνηνός
2990 5144 3332 5222 Ἀνδρόνικος
3401 5149 3554 5202 ὁτοῦ
3615 5146 3881 5223 βασιλέως

485 5237 558 5293 lis
578 5235 877 5310 patruelis,
907 5235 975 5291 de
997 5251 1112 5307 quo
1133 5235 1190 5291 ln
1223 5235 1380 5293 illius
1404 5236 1646 5294 historia
1692 5240 1923 5312 copiose
1980 5241 2124 5296 scri-

486 5326 738 5399 psimus,
765 5341 894 5380 cum
929 5324 1301 5396 imperatoris
1335 5332 1580 5383 mortem
1614 5332 1670 5384 et
1706 5328 1851 5385 aulae
1883 5329 2132 5386 dissidia

485 5416 675 5473 (Εηωί
703 5415 1048 5480 audivisset,
1080 5422 1327 5471 veterem
1357 5416 1685 5487 tyrannidis
1737 5435 1996 5476 amorem
2045 5436 2129 5478 re-

489 5511 678 5565 novat.
711 5508 820 5564 Bed
855 5506 976 5561 haec
1007 5521 1113 5561 suo
1160 5505 1286 5562 loco
1345 5508 1708 5565 commodius
1763 5509 2083 5567 referentur
2115 5527 2128 5567 :

488 5614 643 5655 nunc
665 5614 827 5666 vero,
860 5612 931 5652 ne
983 5595 1124 5652 ordo
1166 5593 1420 5652 historiae
1453 5593 1914 5671 interrumpatur
1942 5615 2131 5672 neque

488 5688 801 5764 quicquam
825 5687 1150 5745 memoratu
1174 5685 1414 5762 dignum
1438 5687 1934 5762 pratermittatur,
1960 5689 2132 5763 paulo

2235 5236 2524 5317 ἐξάδελφος
2556 5237 2846 5308 Μανουῆλ,
2876 5238 3002 5312 περὶ
3063 5236 3124 5292 οὗ
3180 5237 3242 5292 τὸ
3303 5234 3480 5312 λέγειν
3527 5235 3579 5290 ἐν
3632 5241 3704 5311 τῇ
3755 5235 3884 5291 κατᾶ

2241 5329 2332 5384 τὸν
2366 5327 2596 5406 βασιλέα
2640 5332 2830 5384 τοῦτον
2881 5326 3098 5402 ἱστορίᾳ
3167 5323 3514 5402 κατέρῥευσεν
3566 5325 3882 5393 ἱκανώτατα,

2241 5414 2536 5496 διατρίϐων
2594 5421 2893 5490 τηνικαῦτα
2929 5417 3067 5472 κατὰ
3126 5416 3188 5470 τὸ
3249 5414 3486 5484 Οἳναιον,
3518 5411 3631 5470 ἐπεὶ
3664 5415 3886 5471 πύθοιτο

2241 5510 2332 5566 τὸν
2357 5512 2455 5564 τοῦ
2488 5505 2758 5576 Μανουήλ
2821 5504 3046 5572 θάνατον
3105 5503 3195 5560 καὶ
3257 5500 3650 5574 διαστασιάζειν
3690 5497 3886 5579 ἔγνωκε

2241 5598 2308 5655 τὰ
2340 5595 2616 5673 βασίλεια,
2659 5597 2750 5653 τὸν
2801 5593 3038 5653 παλαιὸν
3097 5600 3200 5664 τῆς
3252 5589 3561 5669 τυραννίδος
3618 5588 3886 5648 ἀνασκάλ-

2243 5685 2328 5744 λει
2385 5684 2581 5762 ἔρωτα.
2637 5683 2815 5742 ’Δλλὰ
2876 5686 3046 5761 μήπω
3100 5684 3224 5762 περὶ
3255 5681 3489 5760 τούτων,
3525 5683 3643 5738 καθ’
3695 5681 3882 5758 εἱρμὸν
