4140 6290
273 372 385 434 ΒἽ

1436 367 1781 431 ALEXIUS
1826 368 2240 433 MANUELIS
2283 372 2563 436 FILIUS.

3584 384 3704 445 5'78

299 504 361 561 δὲ
390 501 585 580 προϊὸν
615 499 679 555 τὸ
731 496 912 573 λέγειν
966 497 1167 561 ἐκεῖθεν
1222 499 1322 563 τῆς
1380 496 1623 573 ἱστορίας
1675 503 1783 555 τῶν
1814 499 1949 554 κατὰ

2077 502 2237 561 illius
2267 507 2658 565 exordiamur.
2691 510 2798 566 Hic
2855 509 3239 580 Andronicus,
3300 514 3367 566 ut
3420 513 3711 570 Manuelis

303 595 399 651 τὸν
432 590 601 665 ἄνδρα
626 592 815 644 τοῦτον
857 584 1089 661 ἒχὲσθω,
1141 588 1334 652 ὁπόθεν
1404 588 1667 664 ἄρχεσθαι
1722 587 1945 663 ἂμεινον

314 681 598 759 συναφείας
646 675 803 733 ἕνεκα
861 675 950 731 καὶ
1005 680 1104 731 τοῦ
1164 678 1240 750 μή
1326 676 1655 753 παραλιπεῖν
1735 698 1788 732 τι
1846 683 1955 733 τῶν

313 776 540 849 ῥηθῆναι
586 769 772 842 ἀξίων.
848 767 909 823 Ὁ
984 762 1331 840 ’Δνδρόνικος
1406 766 1586 823 τοίνυν
1647 767 1807 829 οὗτος
1852 768 1952 827 τὰς

304 859 468 923 λαϐάς
493 857 765 937 ἐκφεύγων
799 859 898 911 τοῦ
938 854 1205 925 Μανουὴλ
1272 857 1551 934 ἀειφυγίαν
1608 855 1810 924 ε’ίλετο,
1864 857 1955 911 καὶ

299 950 490 1012 πόλεις
538 947 779 1022 ἀμείψας
839 946 1045 1020 συχνὰς
1112 945 1203 1000 καὶ
1288 944 1521 1001 πλεῖστα
1584 945 1745 1001 ἐθνῶν
1797 945 1957 1001 ἄστεα

298 1038 533 1097 κατιδὼν
562 1038 745 1107 τέλος,
785 1036 862 1096 ὡς
921 1033 1165 1097 εἰπόντες
1221 1028 1449 1115 ἔχομεν,
1497 1035 1755 1091 καταλύει
1813 1034 1959 1111 παρά

296 1134 377 1202 τῷ
434 1126 765 1201 Σαλτούχῳ·
831 1122 1125 1197 τοπάρχης
1194 1120 1239 1177 δ’
1288 1126 1355 1192 ἦν
1415 1122 1574 1185 οὗτος
1641 1123 1718 1186 εἷς
1775 1123 1954 1201 ἀρχὴν

292 1213 441 1295 ἔχων
488 1216 849 1288 ἐξαιρεθεῖσαν
905 1214 1005 1283 τὴν
1063 1214 1132 1285 τῇ
1200 1211 1450 1285 Χαλδαίᾳ
1505 1211 1958 1289 προσεγγίζουσαν

296 1310 510 1384 χώραν,
540 1307 851 1379 Ῥωμαίοις
886 1307 978 1380 μὲν
1012 1303 1185 1361 πάλαι
1218 1303 1513 1381 ὑπόφορον,
1563 1301 1687 1357 τότε
1740 1299 1796 1357 δὲ
1842 1305 1961 1365 τοῖς

291 1398 562 1471 Τούρκοις
592 1396 682 1450 καὶ
714 1400 832 1457 τοῖς
862 1395 1070 1450 τούτων
1106 1393 1424 1449 ὑπείκουσαν
1454 1390 1616 1448 ἔθεσι.
1651 1390 1754 1448 Καὶ
1813 1411 1959 1464 παρ-

290 1486 538 1565 ειληφώς
564 1505 619 1540 τι
660 1483 918 1563 φρούριον
979 1482 1143 1539 αὐτοῦ
1190 1483 1433 1549 ἑκόντος,
1481 1481 1573 1535 καὶ
1628 1484 1698 1554 τῇ
1757 1482 1957 1554 φυσικῇ

287 1575 487 1631 τούτου
565 1573 892 1649 ἐρυμνότητι
941 1575 1043 1644 τήν
1107 1572 1213 1626 ἀπὸ
1271 1578 1372 1641 τῆς
1420 1571 1627 1645 τέχνης
1677 1568 1958 1645 προσθεὶς,

290 1667 465 1721 ἐκεῖσε
538 1667 841 1739 προσέμενε
875 1705 889 1731 ,
950 1660 1332 1735 συμπλανῆτιν
1390 1656 1538 1734 ἔχων
1613 1659 1789 1730 ἑαυτῴ
1865 1657 1956 1712 καὶ

296 1750 638 1826 συνέκδημον
664 1772 767 1820 την
790 1752 1084 1825 Κομνηνὴν
1141 1747 1450 1824 Θεοδώραν,
1508 1747 1631 1817 ἥτις
1685 1745 1959 1820 ἄθεμίτως

2063 609 2259 651 casses
2291 596 2553 667 evitaret,
2585 615 2719 655 cum
2749 605 3095 671 perpetuum
3154 601 3267 657 sibi
3307 601 3577 658 exsilium
3613 604 3713 658 in-

2063 685 2535 756 dixisset,mnltis
2566 689 2829 759 urbibus,
2866 690 3067 748 multis
3098 692 3413 763 provinciis
3443 708 3716 765 peragra-

2063 774 2161 842 tis,
2193 778 2419 833 tandem
2449 778 2523 835 ad
2580 779 2952 848 Saltucbum,
3014 786 3078 837 ut
3131 782 3409 850 diximus,
3451 782 3713 839 divertit.

2065 864 2371 937 Toparcha
2400 868 2449 924 is
2480 874 2625 939 erat,
2654 872 2746 925 cui
2780 871 2937 942 regio
2968 870 3244 927 Chaldaeos
3268 872 3459 929 vicina
3490 873 3548 928 in
3583 890 3718 945 por-

2068 952 2282 1010 tionem
2336 962 2610 1027 cesserat,
2670 958 2808 1015 olim
2869 960 3142 1016 Romanis
3205 961 3533 1031 tributaria,
3586 967 3710 1018 tum

2067 1047 2260 1099 autem
2293 1045 2548 1103 Turcicaa
2580 1048 2823 1104 ditionis
2853 1049 3003 1106 295
3037 1053 3093 1105 et
3123 1049 3420 1123 religionis
3454 1068 3467 1119 ;
3528 1054 3585 1106 et
3613 1066 3715 1107 ca-

2069 1131 2237 1188 stello
2255 1133 2415 1190 illius
2434 1135 2732 1193 voluntate
2755 1143 3059 1210 occupato,
3092 1143 3265 1210 atque
3288 1140 3355 1194 ad
3383 1139 3709 1196 naturalem

2068 1219 2178 1276 loci
2210 1222 2389 1278 situm
2412 1225 2553 1281 artis
2588 1227 2911 1282 munitione
2934 1228 3232 1298 adjuncta,
3266 1227 3345 1282 ibi
3377 1243 3439 1283 se
3458 1228 3712 1297 tenebat,

2068 1309 2371 1367 Tbeodora
2397 1313 2737 1384 Comnenia,
2769 1316 2970 1372 Isaacii
3032 1317 3515 1373 sebastocratoris
3572 1316 3714 1385 ﬁlia,

2070 1413 2245 1467 quam
2277 1399 2498 1457 incesto
2527 1418 2726 1459 amore
2758 1405 3243 1476 prosequebatur,
3277 1406 3425 1476 fuga:
3456 1404 3709 1462 comite:

2070 1487 2182 1542 orti
2216 1493 2411 1544 autem
2439 1490 2720 1548 fratribus
2752 1499 2919 1548 erant
2952 1495 3205 1550 Isaacius
3239 1499 3296 1550 et
3322 1494 3713 1550 Andronicus.

2070 1577 2296 1631 Mannel
2325 1595 2457 1635 vero
2487 1596 2620 1636 cum
2653 1598 2785 1637 eum
2819 1598 2935 1638 non
2980 1583 3169 1655 magis
3221 1583 3714 1655 comprehendere

2071 1682 2246 1737 quam
2278 1667 2571 1725 Junonem
2605 1670 2761 1726 Ixion
2796 1672 3713 1745 posset,Tbeodoram,tanquam

2070 1755 2167 1811 ille
2192 1758 2427 1828 nubem,
2461 1776 2665 1833 capere
2722 1762 2949 1819 studuit
2983 1783 2996 1831 ;
3059 1767 3234 1834 atque
3292 1765 3418 1833 ejus
3462 1764 3577 1818 voti
3615 1779 3723 1835 per

297 1844 448 1915 αὐτῴ
534 1841 894 1912 συνηυνάζετο
970 1841 1214 1915 θυγάτηρ
1289 1837 1557 1894 Ἰσαακίου
1654 1836 1790 1890 οὖσα
1861 1839 1959 1890 τοῦ

371 1928 396 1938 ,.
631 1930 640 1938 .
927 1929 965 1938 ._
1053 1926 1107 1938 ..
1141 1925 1159 1938 .
1226 1931 1253 1938 ..
1376 1924 1420 1938 κ.
1496 1920 1520 1938 ,ι
1778 1922 1802 1938 ,ι

2077 1845 2447 1917 Trapezuntis
2506 1850 2827 1921 principem
2888 1851 3275 1922 Nicephorum
3327 1851 3717 1922 Palaeologum

304 1928 839 2007 σεϐαστοκράτορος·
915 1929 966 1998 ἐξ
1042 1925 1294 2006 ἀδελφῶν
1373 1924 1420 1981 δ’
1495 1920 1691 2002 ἔφυσαν
1767 1922 1955 2001 ἄμφω,

303 2022 574 2082 Ἰσαάκιος
670 2020 762 2074 καὶ
820 2015 1187 2091 Ἀνδρόνικος.
1250 2017 1313 2073 Ὁ
1368 2015 1547 2070 τοίνυν
1608 2013 1961 2090 αὐτοκράτωρ

304 2108 569 2180 Μανουὴλ
605 2106 989 2184 συνειληφέναι
1049 2107 1153 2161 οὐκ
1207 2101 1354 2179 ἔχων
1412 2102 1777 2178 ’Δνδρόνικον,
1832 2102 1960 2159 ἀλλ’

308 2200 405 2256 ὅσα
456 2199 546 2255 καὶ
596 2199 774 2267 Ἰξίων
845 2198 1018 2271 Ἥρας
1091 2194 1291 2250 τούτου
1348 2192 1826 2267 ἀποπλαζόμενος,
1885 2193 1960 2254 ὡς

296 2296 426 2367 γοῦν
484 2287 720 2367 νεφέλην
768 2289 868 2357 τήν
919 2286 1137 2360 ἀνεψιὰν
1196 2282 1476 2358 Θεοδώραν
1542 2288 1826 2359 περισχεῖν
1874 2280 1963 2337 διὰ

301 2377 587 2460 φροντίδος
644 2378 873 2449 ἐτίθετο,
939 2376 1030 2432 καὶ
1087 2381 1186 2432 τοῦ
1240 2375 1375 2431 κατᾶ
1433 2376 1635 2431 σκοπὸν
1691 2374 1961 2448 ἐπιτυχὴς

302 2470 545 2546 γεγονὼς
578 2465 667 2523 διὰ
694 2472 792 2522 τοῦ
823 2461 947 2522 τότε
1002 2466 1103 2535 τήν
1161 2465 1340 2540 ἀρχὴν
1395 2472 1494 2534 τῆς
1551 2467 1961 2538 Τραπεζοῦντος

304 2554 679 2633 ἀνεζωσμένου
770 2556 1095 2633 Νικηφόρου
1179 2558 1276 2610 τοῦ
1361 2552 1768 2629 Παλαιολόγου,
1831 2550 1966 2625 μετά

316 2648 502 2727 βραχὺ
552 2649 643 2703 καὶ
701 2647 864 2703 αὐτὸν
923 2645 1217 2701 ἐπισπᾶται
1276 2642 1643 2719 Ἀνδρόνικον,
1700 2642 1799 2698 ὅσα
1871 2640 1963 2696 καὶ

317 2736 562 2809 δελητίῳ
614 2742 686 2809 τῇ
718 2733 972 2812 Θεοδώρᾳ
1003 2734 1427 2808 κατασπώμενον
1484 2733 1575 2788 καὶ
1630 2736 1710 2805 τῷ
1759 2731 1962 2801 ταύτης

322 2827 798 2902 ἀγκιστρευόμενον
822 2821 1010 2902 ἔρωτι,
1039 2826 1100 2880 οὐ
1146 2829 1356 2899 μικρῶς
1421 2824 1509 2878 καὶ
1570 2826 1650 2894 τῶ
1695 2825 1801 2875 τῶν
1832 2820 1964 2875 παί-

327 2912 435 2969 δων
468 2916 595 2989 πυρὶ
629 2913 1006 2990 δαπανώμενον
1036 2915 1127 2977 οὓς
1184 2912 1435 2970 ἀπέτεκεν
1484 2913 1631 2985 αὐτῷ
1689 2910 1960 2987 Θεοδώρα.

322 3004 554 3066 Στείλας
610 3005 783 3059 τοίνυν
838 3000 1089 3080 πρέσϐεις
1150 3003 1226 3066 εἰς
1286 3002 1514 3078 βασιλέα
1588 3002 1818 3057 αἰτεῖται
1891 3002 1964 3055 ῶν

316 3095 705 3170 πεπαρῴνηκεν
804 3094 1105 3168 ἀμνηστίαν
1143 3138 1156 3163 ,
1260 3093 1398 3169 πρὸς
1499 3088 1557 3147 δὲ
1628 3092 1719 3147 καὶ
1792 3090 1965 3168 ἀσφά-

309 3202 462 3239 Λειαν
528 3185 600 3247 ὡς
657 3181 813 3239 οὐδέν
858 3205 906 3239 τι
957 3183 1201 3239 πείσεται
1259 3182 1536 3257 θυμαλγὲς
1611 3180 1961 3257 ἀφικόμενος.

307 3274 415 3330 Καὶ
447 3278 546 3329 τοῦ
578 3272 850 3350 βασιλέως
890 3274 1027 3349 πρὸς
1088 3271 1258 3347 ἄμφω
1307 3272 1410 3326 οὐκ
1454 3269 1755 3341 ἀπατηλῶς
1806 3290 1967 3325 κατα.

310 3365 660 3440 μνεύσαντος,
706 3365 843 3438 μετά
871 3385 994 3419 τινα
1022 3365 1211 3440 καιρὸν
1244 3368 1586 3439 προσχωρεῖ.
1622 3360 1972 3441 Πολυμήχα-

301 3476 396 3518 νος
427 3452 473 3510 δ’
516 3452 589 3509 ὢν
625 3452 970 3529 Ἀνδρόνικος
1001 3454 1092 3509 καὶ
1123 3453 1405 3515 παντοίοις
1452 3449 1639 3514 δόλοις
1667 3452 1969 3525 καζόμενος

306 3544 495 3600 ἁλύσει
530 3539 760 3619 σιδηρέᾳ
825 3541 1225 3614 πολυταλάντῳ
1275 3536 1636 3614 διαλαμϐάνει
1709 3542 1802 3595 τὸν
1835 3540 1972 3614 τρά-

309 3633 516 3711 χηλον,
573 3633 665 3688 καὶ
721 3634 926 3703 ταύτην
988 3628 1140 3687 ἔνδον
1200 3632 1418 3705 συσχὼν
1469 3631 1562 3686 καὶ
1632 3628 1971 3704 περιθάλψας

311 3728 396 3795 τῷ
427 3723 631 3796 ἱματίῳ
663 3722 717 3784 ἐς
746 3723 812 3777 τὰ
839 3728 948 3777 τῶν
1018 3718 1203 3776 ποδῶν
1265 3720 1470 3796 ἔσχατα
1526 3716 1974 3789 καταϐαίνουσαν,

321 3813 397 3867 ὠς
428 3811 511 3883 ε’ίη
547 3812 769 3887 βασιλεῖ
796 3832 855 3867 τε
910 3813 1199 3890 ἀφώρατος
1225 3810 1315 3865 καὶ
1354 3816 1470 3866 τοῖς
1497 3811 1559 3865 τὸ
1593 3811 1749 3884 βῆμα
1776 3809 1974 3864 τούτου

312 3904 619 3979 πληροῦσιν
652 3902 898 3970 ἀθέατος,
951 3899 1136 3957 λαϐὼν
1194 3905 1292 3956 τοῦ
1323 3902 1557 3979 ὀφθῆναι
1600 3905 1679 3972 τῷ
1709 3900 1976 3972 αὐτοκρά-

307 4014 439 4069 τορι
491 3993 584 4048 καὶ
665 3992 948 4056 θεάσασθαι
1033 3992 1097 4047 τὸ
1156 3988 1467 4064 ἐνδόσιμον,
1543 3988 1659 4044 ἐπεὶ
1734 3989 1977 4059 καθάπαξ

319 4082 514 4156 ἐκείνῳ
544 4083 620 4145 εἷς
651 4081 772 4137 θέαν
795 4082 1053 4151 κατέστη,
1092 4082 1257 4156 μέγας
1319 4078 1634 4155 μεγαλωστὶ
1691 4078 1827 4134 κατά
1876 4082 1978 4133 τοῦ

315 4171 556 4228 δαπέδου
586 4171 877 4228 ἐκτείνεται
918 4169 1205 4245 προτείνας
1262 4170 1363 4238 τὴν
1424 4168 1637 4239 ἅλυσιν,
1713 4167 1804 4223 καὶ
1881 4166 1979 4222 δα-

315 4260 509 4336 κρύοις
566 4259 775 4335 τέγγων
834 4259 963 4321 τοὺς
1019 4256 1342 4331 ὀφθαλμοὺς
1400 4253 1575 4312 ἐδεῖτο
1651 4256 1977 4331 θερμότερον

313 4350 408 4406 καὶ
465 4353 786 4423 περιπαθῶς
867 4348 1174 4403 καθικέτευε
1263 4346 1593 4422 συγγνώμην
1668 4346 1843 4419 εὑρεῖν
1901 4344 1981 4422 ἐφ’

319 4443 410 4503 οἷς
442 4437 510 4511 δή
541 4461 650 4496 που
680 4436 1159 4513 παραλελύπηκεν.
1191 4437 1251 4492 Ὀ
1305 4433 1363 4489 δὲ
1415 4433 1671 4510 βασιλεὺς
1723 4434 1810 4490 ἐπὶ
1866 4440 1982 4497 τοῖς

316 4527 623 4605 δρωμένοις
682 4522 957 4601 ἕκθαμϐος
989 4526 1229 4603 γεγονὼς
1306 4523 1467 4586 αὐτός
1541 4544 1601 4579 τε
1672 4525 1809 4598 πρὸς
1887 4522 1984 4579 δά-

318 4637 456 4694 κρυα
509 4620 777 4694 προήχθη
834 4617 926 4671 καὶ
973 4614 1105 4677 τοὺς
1153 4613 1524 4691 ἐξεγεροῦντας
1593 4611 1857 4685 ἐπέταξεν.
1926 4616 1983 4669 '0

319 4706 378 4764 δὲ
436 4707 535 4763 οὐκ
591 4707 883 4775 ἀναστῆναι
933 4710 1041 4760 τῶν
1100 4703 1249 4758 κάτω
1336 4701 1726 4777 διισχυρίζετο,
1780 4704 1826 4758 εἰ
1906 4705 1984 4776 μὴ

320 4798 598 4877 βασιλέως
642 4795 1035 4870 ἐπιτεταχότος
1083 4789 1245 4849 αὐτόν
1302 4813 1385 4855 τις
1457 4798 1566 4847 τῶν
1639 4794 1987 4869 παρεστηκό-

2073 1952 2311 2008 compos
2345 1939 2555 2007 factus,
2587 1939 2757 2011 paulo
2791 1944 2921 2012 post
2976 1941 3168 2012 ipsum
3202 1941 3376 1997 etiam
3426 1940 3717 1996 Androni-

2073 2042 2230 2094 cum,
2263 2027 2579 2083 Theodore:
2611 2045 2807 2085 amore
2844 2035 3126 2102 tanquam
3184 2045 3315 2086 esca
3368 2029 3628 2087 illectum
3661 2033 3721 2085 et

2075 2133 2188 2171 non
2222 2116 2500 2173 mediocri
2534 2118 2967 2190 ﬁliorum,quos
2998 2118 3098 2175 illa
3126 2118 3178 2175 ei
3209 2124 3534 2192 pepererat,
3564 2120 3718 2176 desi-

2076 2202 2233 2258 derio
2262 2203 2625 2275 ﬂagrantem,
2662 2208 2915 2263 attraxit.
2948 2207 3146 2263 Missis
3174 2208 3328 2264 enim
3363 2209 3435 2264 ad
3467 2210 3723 2281 impera-

2076 2299 2254 2347 torem
2278 2292 2480 2365 legatis
2502 2295 2851 2353 delictorum
2873 2296 3100 2353 veniam
3128 2299 3184 2353 et
3211 2297 3382 2355 ﬁdem
3425 2298 3721 2369 publicam

2076 2381 2428 2452 postulavit:
2471 2389 2527 2441 et
2557 2390 2804 2458 utraque
2830 2403 2890 2443 re
2920 2389 3246 2459 impetrata,
3278 2388 3577 2460 aliquanto
3592 2392 3726 2461 post

2074 2471 2133 2526 in
2168 2472 2372 2528 urbem
2402 2490 2691 2545 reversus,
2721 2480 2786 2531 ut
2809 2482 2934 2534 erat
2959 2478 3142 2534 solere
3160 2483 3219 2535 et
3257 2478 3524 2547 callidus,
3555 2478 3719 2550 gravi

2076 2565 2279 2617 catena
2309 2563 2494 2618 ferrea
2522 2563 2673 2619 collo
2704 2566 3125 2622 circumvoluta
3180 2572 3237 2622 et
3292 2568 3403 2623 sub
3455 2573 3615 2623 veste
3645 2568 3719 2623 ad

2076 2651 2253 2721 pedes
2284 2667 2469 2722 usque
2500 2652 2778 2720 demissa,
2804 2671 2877 2710 ne
2905 2655 2991 2709 vel
3024 2655 3097 2710 ab
3128 2655 3474 2726 imperatore
3503 2655 3591 2711 vel
3648 2656 3720 2710 ab

2077 2738 2408 2795 astantibus
2438 2749 2787 2811 cerneretur,
2846 2759 2979 2798 cum
3039 2743 3095 2797 in
3154 2744 3282 2815 ejus
3339 2747 3716 2815 conspectum

2076 2828 2519 2897 venisset,humi
2543 2834 2845 2902 porrectus
2868 2835 3128 2903 quantus
3185 2836 3322 2903 erat,
3359 2831 3581 2903 prolata
3624 2847 3718 2887 ca-

2078 2922 2213 2973 tena
2233 2921 2289 2973 et
2308 2917 2584 2991 lacrymis
2601 2918 2870 2991 oppletus
2886 2921 3238 2975 offensarum
3265 2920 3490 2976 veniam
3508 2935 3722 2992 magna

2078 3008 2471 3075 contentione,
2494 3008 2751 3081 supplici
2776 3014 2831 3065 et
2865 3009 3182 3066 miserabili
3213 3009 3730 3082 gestu,ﬂagitavit.

2078 3097 2401 3170 Imperator
2430 3098 2583 3155 290
2612 3114 2679 3154 eo
2713 3098 3046 3171 spectaculo
3088 3099 3452 3172 stupefactus
3499 3104 3555 3154 et
3606 3098 3733 3170 ipse

2081 3186 2141 3242 in
2171 3185 2460 3258 lacrymas
2491 3187 2705 3259 erupit,
2738 3203 2992 3259 eumque
3016 3187 3195 3245 levari
3219 3188 3423 3259 jussit.
3460 3187 3565 3243 Ille
3594 3202 3733 3243 vero

2081 3291 2144 3332 se
2174 3281 2579 3334 surrecturum
2612 3294 2742 3335 esse
2767 3278 3019 3351 negavit,
3051 3277 3164 3333 nisi
3208 3279 3383 3350 jussu
3416 3278 3729 3350 imperato-

2079 3366 2161 3422 ris
2192 3366 2264 3422 ab
2296 3365 2490 3439 aliquo
2522 3384 2591 3424 ex
2623 3368 2954 3424 astantibus
2983 3375 3186 3423 catena
3215 3368 3285 3423 ad
3332 3366 3587 3424 tribunal
3618 3365 3733 3420 im-

2081 3456 2372 3526 peratorio
2384 3473 2439 3511 m
2457 3456 2850 3513 attraheretur
2863 3461 3039 3529 atque
3054 3457 3731 3529 procumberet.Factum

2082 3550 2171 3601 est
2202 3551 2265 3600 ut
2298 3545 2466 3617 petiit
2521 3546 2911 3613 Andronicus,
2965 3545 3186 3619 Angelo
3244 3546 3484 3615 Isaacio,
3544 3562 3577 3599 a
3619 3561 3734 3617 quo

2083 3640 2215 3707 post
2245 3638 2301 3690 et
2335 3635 2579 3706 imperio
2611 3641 2668 3691 et
2694 3636 2807 3690 vita
2836 3636 3100 3707 privatus
3130 3640 3241 3705 est,
3275 3634 3548 3689 ministro
3576 3650 3591 3688 :
3632 3633 3735 3687 ad-

2085 3726 2395 3781 miratione
2426 3726 2605 3796 digna
2636 3742 2749 3794 res,
2775 3742 3020 3797 quaeque
3052 3741 3166 3780 non
3193 3724 3428 3779 fortuito
3451 3720 3739 3778 accidisse

2084 3815 2261 3869 videri
2287 3816 2636 3885 queat.Tnm
2670 3823 2863 3871 autem
2891 3813 3370 3887 splendidissime
3421 3816 3478 3867 et
3511 3811 3737 3883 magni-

2086 3903 2466 3959 ﬁcentissime
2497 3914 2804 3975 susceptus
2836 3908 2892 3959 et
2957 3901 3387 3960 humanissime
3432 3903 3737 3967 tractatus,

2088 3997 2153 4049 ut
2182 3992 2420 4049 decebat
2448 3996 2680 4048 tantum
2713 3994 2903 4049 virum
2962 4009 3030 4050 ex
3087 3992 3364 4047 diuturna
3404 3988 3735 4063 peregrina-

2086 4080 2246 4137 tione
2278 4096 2564 4150 reversns,
2591 4085 2840 4136 JEnamm
2902 4079 3229 4152 ablegatur,
3265 4083 3330 4134 ut
3378 4077 3459 4133 ibi
3512 4076 3741 4132 habita-

2090 4178 2175 4227 ret
2205 4173 2264 4226 et
2294 4186 2363 4225 ex
2393 4168 2730 4242 longinquis
2762 4170 3054 4226 erroribus
3102 4186 3165 4226 se
3220 4171 3523 4225 recrearet.
3558 4163 3742 4221 Ambo

2090 4260 2247 4316 enim
2271 4263 2502 4329 norant,
2527 4258 2577 4315 si
2607 4275 2720 4315 una
2750 4260 3048 4332 degerent,
3108 4260 3228 4315 fore
3285 4262 3349 4314 ut
3402 4260 3627 4313 veteres
3657 4254 3742 4311 si-

2094 4348 2367 4405 multates
2396 4349 2887 4406 recrudescerent.
2948 4350 3147 4421 Neque
3204 4349 3360 4404 enim
3406 4348 3740 4419 quieturam

2094 4439 2400 4506 invidiam,
2434 4455 2617 4510 neque
2648 4439 2828 4496 otium
2864 4444 3099 4495 acturos
3124 4455 3223 4495 eos
3280 4438 3495 4507 quibus
3541 4435 3737 4491 studio

2095 4535 2187 4586 est
2214 4528 2577 4585 criminando
2613 4528 2940 4601 principum
2971 4532 3206 4600 captare
3250 4523 3736 4589 benevolentiam,

2094 4624 2153 4676 et
2184 4618 2331 4675 alios
2361 4618 2779 4675 calumniando
2811 4635 2950 4674 suas
2972 4633 3111 4690 opes
3133 4616 3367 4671 firmare
3396 4617 3455 4669 et
3470 4613 3539 4668 ad
3566 4610 3738 4668 altio-

2096 4726 2221 4766 rem
2263 4708 2567 4780 dignitatis
2598 4709 2846 4781 gradum
2879 4707 3210 4764 ascendere.

320 4876 432 4946 των
465 4886 556 4945 διὰ
584 4894 688 4955 τῆς
719 4884 1060 4960 ῥυμοτομίας
1091 4882 1308 4939 ἐλκύσει
1336 4887 1434 4937 τοῦ
1468 4884 1720 4957 βήματος
1753 4879 2059 4958 λαϐόμενος
2088 4895 2191 4959 τῆς
2226 4884 2497 4959 ἁλύσεως,
2523 4885 2615 4941 καὶ
2648 4883 2996 4961 προσουδίσει
3027 4889 3107 4957 τῷ
3139 4882 3317 4958 θρόνῳ
3346 4885 3421 4954 τῷ
3455 4876 3746 4957 βασιλείῳ.

318 4977 533 5051 Αμέλει
564 4975 655 5030 καὶ
685 4974 899 5051 γέγονεν
926 4974 1000 5032 ὡς
1031 4972 1205 5027 ἐδεῖτο
1264 4968 1632 5046 Ἀνδρόνικος.
1691 4974 2059 5048 Ὑπουργήκει
2120 4976 2179 5034 δὲ
2235 4976 2371 5050 πρὸς
2428 4980 2660 5051 τοῦργον
2724 4980 2886 5030 τοῦτο
2941 4973 3210 5034 Ἰσαάκιος
3265 4974 3293 5027 ὁ
3382 4968 3655 5047 ’Ἄγγελος
3716 4967 3745 5021 ὃ

322 5064 578 5120 καθελὼν
611 5072 713 5134 τῆς
778 5059 1094 5138 τυραννίδος
1143 5057 1486 5135 Ἀνδρόνικόν
1536 5059 1774 5136 ὕστερον·
1820 5063 1910 5117 καὶ
1952 5069 2236 5139 θαυμάσας
2296 5063 2357 5119 ἄν
2407 5086 2492 5128 τις
2537 5067 2599 5119 τὸ
2654 5065 2900 5121 τελεσθὲν
2957 5060 3211 5136 τηνικάδε
3266 5065 3458 5135 καιροῦ
3516 5058 3615 5114 οὐκ
3672 5056 3748 5116 είς

317 5154 530 5232 ἄλογον
560 5152 921 5229 συγκυρίανῆ
964 5150 1273 5224 αὐτόματον
1346 5149 1608 5206 ἀπολύσει
1663 5157 1825 5207 τοῦτο
1866 5153 2224 5228 περίπτωσιν.
2302 5157 2395 5227 Τῷ
2471 5153 2518 5209 δ’
2577 5153 2669 5209 οὖν
2726 5155 2848 5210 τότε
2892 5153 3257 5229 λαμπρότατα
3316 5145 3677 5226 προσδεχθεὶς
3717 5144 3746 5198 ὁ

317 5247 461 5322 ἀνὴρ
493 5248 588 5302 καὶ
636 5243 1046 5323 φιλοφροσύνης
1124 5240 1577 5319 μεγαλοπρεποῦς
1608 5241 1872 5313 ἀξιωθεὶς,
1931 5244 2007 5305 ὡς
2066 5243 2175 5306 ἔδει
2233 5245 2562 5317 τηλικοῦτον
2621 5242 2789 5320 ἂνδρα
2821 5247 3043 5321 χρόνιον
3094 5243 3452 5315 ἐπανήκοντα,
3511 5237 3647 5313 πρὸς
3684 5233 3747 5288 τὸ

329 5336 556 5396 Οῗναιον
620 5332 1038 5407 ἀποστέλλεται,
1097 5332 1268 5386 ἐκεῖσε
1322 5333 1416 5393 τὰς
1474 5327 1754 5405 διατριϐὰς
1809 5331 2043 5389 τελέσων
2111 5340 2203 5396 καὶ
2255 5339 2354 5407 τήν
2409 5336 2618 5412 μακρὰν
2676 5335 3076 5411 ἀνακωχεύσων
3146 5329 3453 5408 περιοδείαν
3511 5327 3599 5380 καὶ
3656 5325 3749 5377 τὸν

330 5425 587 5495 πολυετῆ
650 5423 1012 5479 καταπαύσων
1069 5418 1298 5477 πλάνον.
1358 5418 1586 5489 ᾝδεσαν
1634 5422 1740 5496 γὰρ
1795 5420 2099 5497 ἀμφότεροι
2157 5429 2224 5483 τὰ
2280 5431 2380 5495 τῆς
2446 5424 2500 5481 ἐν
2558 5423 2739 5497 ταύτῷ
2797 5423 3079 5486 συνουσίας
3174 5421 3252 5482 εἷς
3313 5420 3407 5481 τὰς
3484 5413 3752 5490 προτέρας

322 5513 744 5571 ἰπαναλύσοντα
780 5510 1088 5587 συμφοράς’
1124 5506 1265 5581 μηδὲ
1301 5509 1404 5583 γὰρ
1440 5507 1499 5563 ἂν
1544 5508 1724 5582 ἠρεμή
1761 5530 1837 5564 ειν
1898 5508 2047 5575 ὅλως
2097 5518 2192 5571 τὸν
2226 5514 2421 5592 φθόνον
2452 5514 2545 5569 καὶ
2576 5514 2655 5577 οῖς
2698 5511 2851 5589 ἔργον
2905 5513 2986 5585 τῷ
3016 5510 3281 5589 φιλαιτίῳ
3331 5506 3434 5574 τήν
3463 5502 3610 5577 παρά
3638 5500 3755 5555 τοῖς

327 5610 618 5680 κρατοῦσιν
653 5601 927 5659 οἲκείωσιν
955 5598 1213 5679 ἄρνυσθαι
1267 5598 1357 5654 καὶ
1402 5603 1522 5661 ταῖς
1579 5601 1688 5653 τῶν
1734 5596 1924 5654 ἄλλων
1964 5597 2257 5668 διαϐολαῖς
2312 5602 2535 5667 ἑαυτοὺς
2593 5601 2961 5680 ἐπικρατύνειν
3022 5602 3109 5656 καὶ
3173 5598 3251 5662 εἷς
3311 5594 3529 5670 μείζους
3559 5594 3752 5662 πρόσε-

322 5698 535 5773 παίρειν
568 5693 759 5770 τιμάς.
