4126 6294
439 373 560 433 579
1760 364 2080 427 ΝΙΟΕΤΛΕ
2123 365 2568 428 ΟΗΟΝΙΑΤᾸΞ.
3727 363 3858 426 580

514 504 712 562 3.Erat
731 502 906 575 igitur
925 499 1290 558 Andronicus
1320 499 1521 572 procul
1551 516 1585 556 a
1619 499 1757 555 Jove
1806 502 1865 556 et
1902 515 1937 555 a
1967 497 2080 554 ful-
2113 512 2143 580 Α

2265 497 2331 572 γ’.
2373 498 2474 553 Ἦν
2519 495 2611 550 οὖν
2667 491 3020 570 Ἀνδρόνικος
3078 493 3202 556 Διός
3256 513 3316 549 τε
3369 491 3561 580 πόρῥω
3609 493 3702 548 καὶ
3759 513 3849 548 κε-

436 595 615 663 mine,
655 593 715 648 in
776 589 1104 648 voluntario
1162 590 1310 646 291
1363 588 1590 656 exsilio,
1649 590 1747 644 sed
1807 588 2065 644 aerumni:

2217 589 2416 654 ›αυνοῐ’›,
2479 585 2625 659 παρᾶ
2679 587 2937 640 τοσοῦτον
2997 582 3058 638 οὐ
3113 583 3203 638 τὸν
3254 583 3448 658 πρώην
3504 579 3684 636 ἕλκων
3743 601 3846 636 πο-

433 684 554 738 illis
609 698 871 738 errorum
928 679 1097 745 liber,
1154 683 1212 734 et
1263 677 1639 750 imperatoria
1685 675 2062 732 munificentia

2225 674 2359 746 ηρὸν
2396 673 2579 749 βίοτον
2643 674 2771 748 παρ’
2801 675 2926 728 ὅσον
2971 671 3034 728 ού
3088 679 3190 742 τῆς
3236 672 3524 744 Ῥωμαίων
3579 668 3847 740 ἐπλάζετο

427 775 756 831 fruebatur.
782 774 860 828 Eo
887 773 1013 828 loco
1035 773 1252 843 degens
1274 787 1408 826 cum
1437 769 1726 826 Manuelis
1775 770 1998 826 obitum
2025 785 2055 824 e

2216 762 2483 836 ιπερόριος
2511 763 2600 817 καὶ
2633 761 2850 838 δωρεῶν
2892 761 3196 841 ἐνεφορεῖτο
3255 761 3576 836 βασιλικῶν.
3639 761 3845 817 Ἐκεῖσε

435 863 692 935 palatina
722 860 970 916 dissidia
1001 865 1060 916 et
1127 858 1309 914 Alexii
1365 858 1749 928 equitationes
1795 860 1853 912 et
1893 855 2058 912 lusus

2210 853 2371 906 τοίνυν
2404 847 2478 907 ὤν
2507 853 2599 907 τὸν
2642 856 2738 906 τοῦ
2779 851 3043 922 Μανουήλ
3103 851 3402 922 ἠνωτίσατο
3469 849 3694 905 Θάνατον
3747 847 3839 904 καὶ

433 953 650 1024 quibus
681 951 927 1024 puerilia
955 949 1192 1020 ingenia
1239 948 1574 1020 capiuntur,
1603 947 1885 1015 audisset,
1919 962 2062 1002 cura

2212 943 2286 1006 τὰς
2314 943 2367 996 ἐν
2397 947 2512 1004 τοῖς
2572 940 2868 1018 βασιλείοις
2919 943 3112 1004 νόσους
3171 937 3471 1016 ἠκρίϐωκε,
3529 941 3620 995 καί
3687 939 3762 1002 ὡς
3814 939 3841 994 ὁ

429 1048 588 1098 tores
616 1058 752 1098 vero
782 1042 912 1109 ejus
941 1037 1215 1110 patricios
1249 1036 1458 1108 partim
1493 1040 1559 1091 ut
1587 1052 1724 1108 apes
1776 1036 1976 1091 crebro
2020 1035 2058 1090 i1

2213 1031 2447 1094 Ξασιλεὺς
2500 1029 2742 1103 Ἀλέξιος
2825 1032 3132 1104 ἱππασμοῖς
3190 1027 3464 1105 διαχεῖται
3522 1029 3612 1084 καὶ
3673 1047 3842 1104 προσ.

431 1130 758 1204 provincias
785 1128 1010 1185 evolare
1039 1133 1095 1183 et
1132 1143 1233 1198 pro
1296 1125 1464 1182 melle
1522 1125 1829 1196 pecuniam
1879 1139 2060 1196 conge

2213 1121 2381 1192 τὲτηκε
2451 1119 2695 1183 παιδιαῖς
2753 1120 2978 1184 ὁπόσαις
3031 1117 3354 1200 φιληδοῦσιν
3413 1119 3466 1173 o't
3530 1115 3842 1194 παιδαριώ-

429 1237 578 1291 rere,
615 1221 850 1292 partim,
881 1225 948 1276 ut
975 1235 1165 1290 caprae
1187 1218 1442 1285 frondes,
1477 1217 1558 1272 ita
1607 1216 1914 1288 imperium
1947 1232 2054 1271 con

2210 1213 2304 1274 iet:
2361 1213 2461 1281 τὴν
2509 1212 2796 1291 φρόνησιν,
2851 1215 2957 1266 τῶν
3015 1207 3074 1266 δὲ
3131 1206 3620 1283 παιδοκομούντων
3678 1208 3839 1263 αὐτὸν

427 1312 684 1367 tinenter
743 1312 1032 1381 appetere,
1094 1307 1306 1379 partim
1367 1322 1676 1378 porcorum
1752 1305 2056 1361 imitationi

2219 1298 2526 1377 ύπατριδῶν
2561 1303 2612 1356 οἱ
2675 1303 2771 1375 μὲν
2829 1302 2966 1357 κατὰ
3019 1300 3115 1365 τὰς
3173 1298 3434 1374 μελίσσας
3477 1299 3655 1378 συχνά
3704 1298 3841 1372 πρὸς

428 1401 688 1458 sordidis
719 1397 1096 1471 proventibus
1155 1396 1550 1467 pinguescere,
1591 1394 1786 1450 laudis
1840 1410 1975 1450 vero
2023 1409 2053 1450 e

2212 1390 2283 1451 rc‘zc
2340 1389 2607 1466 ἐπαρχίας
2663 1391 2858 1446 λύουσι
2911 1390 2974 1447 τὸ
3038 1391 3237 1464 πτερὸν
3294 1390 3382 1444 καὶ
3443 1390 3518 1451 ὡς
3591 1387 3718 1462 μέλι
3775 1387 3841 1443 τὰ

429 1490 514 1546 rei
556 1488 801 1561 publicae
833 1487 1054 1543 nullam
1088 1501 1324 1558 prorsus
1356 1487 1639 1540 rationem
1694 1483 1932 1549 habere,
1975 1497 2058 1538 set

2210 1481 2452 1554 (ρήματα
2478 1475 2952 1551 τιθαιϐώσσουσιν,
3013 1481 3064 1536 οἱ
3123 1477 3180 1535 δὲ
3209 1479 3344 1535 κατᾶ
3397 1480 3494 1542 τὰς
3550 1481 3710 1554 αἶγας
3743 1481 3839 1532 τοῦ

433 1580 495 1634 in
521 1578 882 1650 turpitudine
912 1580 969 1632 et
998 1575 1236 1647 ﬂagitiis
1267 1575 1545 1631 omnibus
1575 1573 1818 1630 volutari
1845 1588 2062 1644 compe-

2208 1575 2287 1638 τῆς
2333 1569 2614 1644 βασιλείας
2643 1569 2808 1646 ἐρῶσι
2868 1568 3078 1634 θαλλοῦ
3135 1569 3228 1626 καὶ
3267 1571 3508 1644 συνεχῶς
3564 1567 3837 1642 ἓρωτιῶσι

434 1665 956 1738 risset,speciosam
975 1663 1288 1720 invadendi
1308 1662 1474 1734 regni
1519 1679 1755 1718 causam
1787 1661 2063 1734 quaeritat:1

2208 1659 2400 1715 ςουτονὶ
2451 1656 2758 1734 δρέπεσθαι,
2817 1654 2954 1726 ἔνιοι
3011 1657 3070 1714 δὲ
3124 1659 3221 1722 τὰς
3275 1656 3336 1720 ὗς
3387 1658 3721 1731 μιμούμενοι
3778 1655 3837 1711 ἐκ

431 1774 496 1814 ac
529 1760 662 1830 post
691 1755 881 1812 varias
912 1754 1295 1826 cogitationes
1340 1756 1397 1809 et
1444 1751 1800 1824 multiplices
1835 1755 2060 1808 conatui

2202 1751 2294 1804 τῶν
2321 1745 2718 1824 ῥυπαρωτέρων
2755 1745 3042 1823 προσόδων
3101 1745 3476 1819 λιπαίνονται,
3535 1746 3669 1820 πρὸς
3739 1745 3831 1819 μὲν

425 1843 1316 1919 jurisjurandilibellum,quod
1376 1841 1630 1898 Manueli
1686 1845 1743 1897 et
1801 1839 1921 1897 ﬁlio
1951 1841 2054 1912 eju:

2206 1837 2250 1892 τὸ
2307 1837 2589 1894 ἐπαινετὸν
2652 1838 2743 1893 καὶ
2799 1839 2897 1908 τῆς
2950 1844 3139 1907 κοινῆς
3212 1833 3472 1911 πατρίδος
3557 1833 3835 1914 ὠφέλιμον

2232 1923 2306 1946 ’δ’
2368 1925 2389 1946 ,ι
2467 1929 2492 1946 Δ
2558 1933 2583 1944 υ
2673 1927 2724 1946 ΙΙῚ
2944 1925 3021 1946 ,δ’
3097 1927 3111 1946 ν
3237 1927 3251 1946 Ι
3526 1926 3551 1946 ν(
3573 1945 3581 1946 κ
3604 1945 3611 1946 κ
3641 1925 3655 1944 Ι
3717 1944 3725 1946 μ
3777 1945 3786 1946 κ

429 1935 631 1992 Alexio
662 1935 920 2005 dederat,
953 1933 1112 2006 legit.
1170 1933 1234 1988 In
1292 1947 1406 2003 quo
1461 1947 1596 1986 cum
1648 1931 1826 1986 verba
1873 1945 1988 1986 non
2020 1929 2058 1984 il

2212 1923 2306 1982 ὧδ’
2361 1925 2611 2004 ἂναθρεῖν
2669 1927 2816 1991 ὅλως
2904 1925 3021 1983 οὐδ’
3085 1927 3408 1983 ἀνακύπτειν
3499 1925 3841 2001 αἱρούμενοι,

431 2024 616 2080 alium
640 2040 881 2080 sensum
915 2021 1316 2092 detorquenda
1343 2023 1565 2089 essent,
1597 2019 1698 2075 sed
1729 2020 1790 2074 in
1833 2035 1941 2074 sua
1969 2035 2060 2074 na-

2208 2021 2299 2078 ui;
2352 2013 2409 2072 δὲ
2469 2022 2734 2092 μυσαραῖς
2794 2013 3278 2093 ἐγκυλινδούμενοι
3313 2017 3533 2092 πράξεσι
3597 2015 3686 2070 καὶ
3745 2035 3837 2068 συ-

431 2115 552 2169 tiva
581 2113 1008 2183 signiﬁcatione
1039 2109 1396 2180 accipienda,
1427 2107 1515 2162 illi
1571 2106 1709 2162 huic
1751 2104 2030 2163 clausulae

2206 2105 2338 2170 υδῶς
2378 2109 2514 2185 πρὸς
2547 2108 2683 2164 ἃπαν
2716 2107 3140 2185 ἐγκυπτάζοντες
3172 2109 3480 2187 χείριστον.
3525 2107 3714 2164 Αίτίαν
3747 2107 3835 2160 οὖν

432 2202 708 2272 «Siquid
730 2201 1060 2266 videro,aut
1082 2197 1442 2267 intellexero,
1475 2196 1890 2260 autaudivero,
1923 2211 2061 2266 quor

2197 2195 2516 2274 ἑφιλοκρίνει
2548 2197 2638 2253 καὶ
2682 2197 2951 2272 ἀνηρεύνα
3013 2199 3448 2274 περιεργότερον,
3503 2193 3571 2251 δι’
3623 2197 3691 2266 ἦς
3743 2193 3826 2250 εὖ·

429 2289 638 2346 honcri
670 2288 915 2359 imperio
947 2292 1005 2342 et
1035 2285 1211 2343 saluti
1266 2285 1418 2341 298
1477 2287 1682 2340 vestrae
1741 2284 1932 2339 fraudi
1978 2283 2056 2338 sit

2202 2287 2445 2366 ιφόρμως
2473 2292 2540 2362 τῇ
2577 2288 2827 2363 βασιλείᾳ
2858 2287 3117 2344 ἐπίθοιτο·
3145 2287 3233 2343 καὶ
3265 2285 3512 2349 πολλοὺς
3529 2285 3831 2362 λογισμοὺς

434 2378 489 2434 id
512 2383 571 2434 et
599 2378 763 2434 vobis
794 2375 1066 2432 indicabo
1097 2381 1154 2431 et
1184 2373 1307 2446 ipse
1339 2389 1441 2444 pro
1495 2371 1646 2429 virili
1703 2388 1834 2428 mea
1879 2371 2044 2444 probi

2206 2375 2422 2446 ινελίξας
2454 2379 2546 2432 καὶ
2595 2383 2768 2432 πᾶσαν
2833 2379 3088 2456 μηχανὴν
3145 2376 3420 2451 μετελθὼν
3451 2375 3612 2441 τέλος
3649 2377 3712 2432 τὸ
3741 2379 3835 2431 τοῦ

433 2467 606 2537 bebo,
639 2488 668 2516 ››
703 2471 768 2522 ut
816 2481 1031 2520 muscae
1074 2463 1366 2521 ulceribus
1424 2460 1680 2529 inhaesit,
1737 2466 2062 2532 opportuna

2215 2481 2345 2536 ρκου
2380 2457 2596 2538 βιϐλίον
2641 2458 2842 2520 ἔπεισιν
2899 2465 2958 2518 ὅν
3017 2467 3097 2536 τῷ
3153 2463 3419 2531 Μανουήλ
3455 2462 3546 2518 καὶ
3603 2465 3686 2535 τῷ
3737 2463 3839 2535 υἱῷ

427 2556 748 2613 admodum
791 2556 861 2610 ad
897 2553 1288 2626 tyrannidem,
1321 2568 1500 2622 quam
1523 2551 1650 2622 jam
1694 2550 1835 2605 olim
1887 2555 2056 2617 partu

2207 2553 2390 2606 κείνου
2423 2550 2654 2626 Ἀλεξίῳ
2707 2554 2856 2632 εἶχεν
2916 2553 3258 2626 ὀμωμοκὼς,
3324 2553 3415 2609 καὶ
3477 2553 3592 2626 μεθ’
3643 2552 3835 2625 ἒτὲρων

427 2643 632 2700 riebat.
657 2643 732 2700 Et
754 2648 818 2699 ut
843 2643 1012 2698 homo
1040 2658 1172 2697 acer
1197 2646 1324 2696 erat
1351 2645 1410 2696 et
1438 2640 1814 2711 imperiosus,
1845 2638 2056 2694 crebra:

2211 2641 2354 2714 ὑρὼν
2410 2641 2674 2715 ῥημάτων
2729 2643 2822 2697 καὶ
2888 2647 3057 2698 ταῦτα
3139 2643 3448 2719 ὲγκείμενα.
3515 2675 3586 2684 -
3643 2642 3831 2716 Χρεὼν

428 2733 654 2790 litteras
683 2735 752 2790 ad
787 2734 1200 2805 imperatorem
1231 2737 1289 2787 et
1319 2736 1590 2802 nepotem
1621 2729 1886 2785 Alexium
1917 2733 1974 2784 et
2005 2729 2057 2783 ac

2204 2729 2240 2784 i‘s
2295 2733 2372 2802 μή
2437 2731 2789 2795 ὑπονοθεύειν
2853 2735 2928 2806 (8)
2987 2732 3141 2806 ὲτὲρᾳ
3199 2732 3391 2809 φράσει
3465 2729 3534 2787 τὰ
3591 2731 3833 2806 ῥήματα,

427 2823 818 2895 patriarcham
878 2821 1273 2878 Theodosium
1331 2837 1395 2876 ac
1455 2825 1716 2887 caeteros,
1749 2818 1806 2874 iu
1859 2817 2056 2890 quibu:

2201 2817 2308 2874 ιλλ²
2337 2819 2412 2882 ὡς
2443 2820 2533 2874 ἐπὶ
2566 2818 2761 2891 λέξεων
2805 2822 2979 2896 εἶχον,
3043 2821 3248 2876 οὑτωσὶ
3305 2820 3398 2875 καὶ
3455 2817 3686 2890 δηλοῦν.
3747 2827 3830 2875 Δι-

429 2912 624 2984 aliqua
655 2911 909 2968 scintilla
939 2911 1156 2967 amoris
1181 2925 1318 2981 erga
1349 2907 1673 2966 Manuslem
1731 2907 2058 2962 del'unctun

2202 2907 2397 2983 ξῂεσαν
2433 2905 2491 2964 δὲ
2519 2907 2648 2964 ὧδε·
2679 2933 2706 2962 ‹‹
2741 2911 2840 2965 Καὶ
2873 2908 2928 2964 εἷ’
2966 2931 3020 2966 τι
3053 2906 3109 2964 δὲ
3141 2907 3242 2964 ἴδω
3296 2909 3332 2979 ἢ
3382 2911 3568 2980 νοήσω
3623 2909 3660 2980 ἢ
3693 2909 3831 2983 ἀκοῇ

424 3001 764 3074 apparebat,
783 3001 984 3065 mittit,
1017 3000 1074 3055 in
1100 2999 1316 3070 quibus
1338 2997 1641 3053 infamiam
1664 2998 2052 3068 exaggerabat

2202 2996 2582 3072 παραλήψομαι
2640 2999 2716 3061 ε’ς
2795 2999 3018 3072 ἀτιμίαν
3079 3000 3232 3072 ὑμῶν
3317 2999 3407 3054 καὶ
3492 2995 3678 3071 λύμην
3735 3002 3831 3053 τοῦ

425 3106 604 3162 seque
629 3090 916 3161 indignari
950 3087 1282 3152 simulabat,
1315 3086 1471 3158 quod
1487 3087 1928 3156 protosebastus
1959 3099 2054 3140 nor

2198 3087 2445 3160 ιμετέρου
2505 3087 2802 3164 φερόμενον
2860 3087 3171 3162 στέμματος
3219 3087 3310 3144 καὶ
3371 3089 3500 3162 ὑμῖν
3556 3089 3654 3157 τὴν
3703 3087 3827 3162 περὶ

427 3179 704 3250 adempta
734 3177 996 3250 potentia
1025 3177 1097 3233 ad
1131 3176 1576 3231 moderatiorem
1604 3175 1892 3229 fortunam
1918 3172 2056 3228 redi-

2188 3173 2374 3230 τούτου
2432 3172 2618 3240 διδοὺς
2669 3175 2896 3250 ἐσοίμην
2949 3175 3180 3248 εἴδησιν,
3234 3177 3325 3232 καὶ
3388 3175 3548 3236 αὐτὸς
3611 3173 3682 3242 δὲ,
3743 3172 3817 3235 ὡς

429 3243 682 3342 geretur,
714 3243 840 3323 tum
895 3267 1049 3338 quod
1081 3266 1234 3321 haud
1265 3265 1508 3322 dubium
1554 3263 1891 3336 imperatori
1945 3264 2058 3318 exi-

2186 3263 2294 3335 ἐξόν
2328 3285 2444 3338 μοι,
2475 3268 2640 3320 τοῦτο
2670 3243 2892 3322 κωλύω.
2928 3289 2957 3319 ››
3015 3243 3120 3322 Kal
3167 3243 3296 3329 τοῖς
3349 3264 3545 3342 ῥήμασι
3595 3259 3815 3324 τούτοις

429 3357 574 3413 tium
593 3357 840 3428 jamjam
857 3356 991 3411 inde
1014 3355 1530 3426 impenderet,tum
1557 3354 1630 3409 ob
1655 3351 2058 3424 turpissimum

2195 3353 2486 3416 :mxcttlicac;
2518 3354 2594 3418 ὡς
2622 3354 2677 3408 αὶ
2720 3361 2874 3428 μυῖαι
2931 3361 3048 3418 τοῖς
3115 3353 3375 3428 μώλωψι,
3429 3351 3560 3408 πάνυ
3617 3349 3824 3426 χρησί-

427 3461 726 3501 rumorem
757 3452 811 3500 et
841 3445 985 3515 ipsis
1018 3445 1261 3500 auribus
1291 3459 1549 3514 gravem,
1579 3442 1680 3514 qui
1729 3441 1786 3496 in
1819 3441 2056 3497 summi:

2202 3463 2304 3506 ιοις
2345 3441 2464 3498 οὖσι
2513 3444 2650 3518 πρὸς
2716 3445 2782 3514 ἢν
2846 3442 3021 3500 πάλαι
3088 3442 3252 3500 ὥδινε
3307 3439 3591 3518 τυραννίδα
3637 3434 3831 3515 ἐμϐρι-

426 3535 722 3590 moenibus
753 3533 1094 3602 clamitet,et
1116 3533 1173 3588 in
1199 3533 1425 3588 foribus
1445 3532 1772 3602 principum
1804 3537 2055 3587 versatus

2210 3531 2424 3606 ἐστερον
2456 3525 2605 3606 ἔχων
2635 3533 2697 3587 τὸ
2758 3533 2894 3602 ἦθος
2953 3533 3044 3588 καὶ
3101 3533 3164 3588 τὸ
3214 3533 3476 3609 φρόνημα
3531 3529 3834 3609 ἀρχικώτε-

423 3629 614 3682 totum
647 3625 852 3680 orbem
877 3629 1164 3680 terrarum
1190 3629 1555 3694 pervagelur.
1589 3621 1718 3676 Haec
1750 3637 1882 3677 cum
1917 3637 2047 3676 sum

2202 3639 2288 3684 ιον,
2330 3618 2624 3691 ἐπάλληλα
2679 3621 2746 3676 τά
2796 3620 3098 3696 γράμματα
3157 3619 3380 3677 ἔστελλε
3437 3618 3574 3696 πρός
3629 3639 3688 3674 τε
3740 3617 3831 3673 τὸν

431 3732 527 3770 ma
555 3714 837 3787 gravitate
863 3717 920 3770 et
941 3713 1251 3786 splendore
1302 3711 1594 3784 loquendo
1651 3715 1709 3766 et
1765 3709 2060 3767 scribendo

2201 3709 2393 3782 ινεψιὸν
2419 3711 2510 3764 καὶ
2547 3709 2774 3784 βασιλέα
2833 3711 3074 3780 Ἀλέξιον
3129 3711 3220 3766 καὶ
3261 3711 3351 3765 τὸν
3412 3716 3510 3778 τῆς
3569 3707 3830 3784 μεγίστης

427 3807 576 3875 (erat
605 3805 756 3860 enim
789 3803 1116 3859 litterarum
1175 3801 1440 3873 apprime
1497 3802 1738 3873 peritus,
1779 3803 1836 3855 et
1891 3799 2048 3855 divin

2202 3799 2478 3872 ερωσύνης
2534 3802 2858 3874 κοσμήτορα
2913 3797 3202 3856 Θεοδόσιον
3262 3799 3352 3854 καὶ
3417 3797 3546 3861 τοὺς
3597 3795 3831 3859 λοιποὺς

427 3893 674 3949 oratoris
695 3891 856 3948 Pauli
911 3891 1198 3963 Epislolas
1255 3889 1502 3946 subinde
1555 3890 1613 3945 in
1664 3906 1762 3946 ore
1801 3889 2056 3960 habebat;

2202 3892 2262 3952 ›ἴς
2315 3891 2563 3960 ζώπυρον
2633 3889 2820 3968 φιλίας
2879 3891 3020 3957 ὑπῆν
3079 3892 3216 3967 πρὸς
3272 3893 3366 3948 τὸν
3423 3890 3831 3967 κατοιχόμενον

428 3998 633 4040 omnes
665 3983 722 4038 in
763 3997 936 4038 suam
997 3980 1348 4036 sententiam
1400 3979 1722 4051 pertraxit;
1781 3983 1958 4050 atque
2013 3979 2057 4034 id

2197 3979 2402 4036 ἰασιλέα
2458 3981 2549 4036 τὸν
2601 3979 2882 4052 Μανουήλ,
2941 3979 2992 4036 ἐν
3053 3979 3212 4053 δεινῷ
3266 3981 3550 4055 τιθέμενος
3602 3981 3670 4036 τὰ
3723 3985 3826 4049 τῆς

429 4075 782 4127 consecutus
814 4075 926 4140 est,
957 4074 1021 4124 ut
1047 4077 1322 4140 tanquam
1353 4069 1434 4124 rei
1467 4069 1713 4140 publicae
1761 4067 2058 4124 studiosis-

2199 4071 2494 4145 ἱσχήμονος
2563 4072 2753 4148 φήμης
2810 4069 3260 4147 περιλαλήματα,
3326 4071 3418 4126 καὶ
3475 4071 3570 4128 τὸν
3655 4071 3828 4146 ἀγανα

429 4159 620 4216 simus
646 4157 906 4229 etlongo
962 4163 1222 4229 tempore
1277 4175 1343 4214 ac
1398 4175 1510 4213 usu
1556 4175 1751 4214 rerum
1793 4158 2058 4214 diuturnc

2198 4164 2404 4216 ιτοῦντα
2437 4161 2866 4234 ὑποκρινόμενος
2905 4161 2951 4218 εἰ
2996 4163 3072 4236 μὴ
3131 4164 3160 4218 ὀ
3217 4158 3667 4238 πρωτοσεϐαστὸς
3723 4165 3827 4230 τῆς

427 4245 751 4319 perpolitus
774 4261 1069 4302 summam
1116 4247 1271 4304 299
1317 4247 1720 4304 auctoritatem
1759 4247 2056 4302 obtineret

2209 4250 2487 4312 υναστείας
2517 4249 2852 4324 παραλυθείη
2897 4251 2988 4306 καὶ
3053 4252 3154 4321 τήν
3225 4251 3589 4328 μετριωτέραν
3649 4251 3833 4329 τυχήν

423 4337 626 4407 Itaque
648 4335 853 4392 OEnaeo
877 4335 1077 4393 relicto
1099 4335 1321 4408 Cpolim
1345 4335 1775 4406 proﬁciscitur;
1822 4339 1878 4391 et
1925 4352 2052 4407 quc-

2209 4337 2258 4410 ἴη
2295 4336 2665 4416 μετειληφὼς,
2713 4341 2804 4395 καὶ
2864 4337 2954 4395 διὰ
3010 4341 3102 4396 τὸν
3153 4342 3534 4417 προσέρποντα
3597 4339 3695 4414 μὲν
3751 4339 3838 4394 ἐν·

423 4442 656 4498 cunque
685 4425 1304 4497 venit,jusjurandum
1333 4441 1505 4479 suum
1532 4423 1788 4496 profert;
1831 4429 2052 4496 rogatu:

2210 4432 2352 4492 εὖοεν
2410 4428 2500 4484 καὶ
2553 4429 2663 4501 ἤδη
2759 4430 3152 4504 καθιστάμενον
3233 4429 3652 4508 προδηλότατον
3739 4433 3839 4484 τοῦ

424 4516 804 4588 profectionis
835 4531 952 4571 sua:
984 4529 1224 4571 causam
1254 4513 1512 4584 exponit.
1555 4512 1830 4568 Homines
1877 4518 2053 4570 autem

2213 4517 2450 4582 ασιλὲως
2521 4519 2766 4590 ’Δλεξίου
2849 4519 3104 4596 ὂλεθρον,
3189 4519 3336 4578 ἀλλὰ
3419 4519 3476 4577 δὲ
3555 4520 3647 4576 καὶ
3733 4520 3837 4590 τὴν

421 4623 702 4664 novarum
735 4623 928 4664 rerum
964 4605 1186 4678 cupidi,
1216 4607 1274 4660 et
1319 4603 1420 4674 qui
1456 4603 1632 4659 veteri
1657 4603 1821 4660 fama
1855 4605 2050 4662 Andro

2212 4611 2390 4682 πρεπῆ
2425 4605 2534 4684 οὔχ
2562 4607 2758 4678 ἥκιστα
2804 4612 3000 4683 φήμην
3054 4611 3144 4666 καὶ
3202 4610 3335 4666 ὠσὶν
3385 4609 3677 4685 ἡμετέροις
3735 4607 3841 4664 ούκ

420 4696 552 4751 nico
584 4711 830 4768 regnum
861 4692 1204 4751 vaticinanti
1232 4691 1564 4760 credebant,
1614 4692 1683 4748 ad
1727 4692 1894 4748 illum
1929 4699 2049 4750 tan-

2210 4695 2594 4773 ὄπαράδεκτον,
2647 4699 2772 4770 ἥτις
2830 4699 2912 4756 ἐπ’
2963 4698 3142 4775 ἄκρων
3224 4703 3454 4778 τειχέων
3503 4701 3839 4776 κηρύσσεται

419 4801 598 4856 quam
657 4787 726 4840 ad
775 4784 1031 4856 aquilam
1108 4780 1433 4838 monedula
1491 4781 1849 4838 conﬂuentes
1899 4783 2048 4840 irrita

2209 4787 2262 4843 αὶ
2293 4787 2493 4849 πύλαις
2555 4785 2826 4845 δυναστῶν
2882 4787 3154 4866 ἐφεδρεύει
3213 4791 3304 4847 καὶ
3354 4791 3571 4866 πρόεισι
3627 4789 3838 4866 παγκό-

417 4873 594 4926 verba
623 4874 968 4930 fundebant.
1001 4873 1118 4930 Hoc
1151 4873 1320 4928 modo
1354 4887 1535 4940 usque
1567 4871 1624 4928 in
1658 4871 2046 4944 Paphlagonia

2202 4897 2334 4948 ptov
2389 4879 2744 4952 περιήχημα.
2802 4879 2907 4936 Καὶ
2986 4884 3155 4938 ταῦτα
3203 4878 3381 4956 λέγων
3447 4879 3538 4934 καὶ
3596 4879 3831 4958 γράφων

419 4963 612 5030 partes
644 4961 924 5030 pervenit,
968 4966 1026 5016 et
1081 4962 1300 5032 ubique
1351 4965 1416 5015 ut
1469 4965 1728 5016 servator
1783 4961 2048 5019 divinitus

2200 4963 2440 5029 ιεθόἶάς
2475 4967 2578 5021 ούκ
2634 4967 2779 5023 εἷ’ποι
2840 4989 2924 5031 τις
2983 4967 3044 5024 ἄν
3097 4971 3462 5045 πειθανάγκης
3492 4968 3584 5024 καὶ
3643 4967 3829 5042 λαμυο

420 5046 639 5102 missus
668 5047 1254 5104 honoriﬁcentissime
1283 5049 1592 5121 excipitur.

2205 5055 2411 5126 iacnt-0;
2446 5057 2532 5128 (ἦν
2561 5056 2684 5131 γὰρ,
2720 5056 2768 5112 εἳ
2817 5057 2905 5112 καί
2953 5079 3039 5122 τις
3094 5057 3289 5128 ἄλλος,
3347 5057 3688 5135 γραμμάτων
3721 5056 3834 5131 ἔμ-

419 5152 610 5224 πειρος
659 5135 745 5188 καὶ
807 5132 908 5224 ἀντὶ
955 5135 1131 5224 στόμα
1183 5135 1359 5224 φέρων
1431 5134 1514 5190 ἀεὶ
1559 5139 1658 5190 τοῦ
1715 5141 2236 5218 πνευματορήτορος
2284 5142 2506 5198 Παύλου
2562 5145 2628 5200 τὰ
2685 5143 2999 5220 ἐπιστόλια)
3079 5149 3204 5224 εἶχε
3275 5132 3474 5210 πάντας
3529 5150 3599 5221 τῇ
3657 5147 3839 5203 αὐτοῦ

415 5223 612 5299 γνώμῃ
653 5220 1113 5297 προστιθεμένους
1145 5222 1400 5299 καὶπρὸς
1458 5225 1662 5282 ἐκεῖνον
1709 5227 2024 5292 νενευκότας
2083 5233 2404 5305 μονώτατον
2459 5233 2533 5296 ὡς
2583 5233 2966 5313 φιλορώμαιον
3035 5220 3200 5311 ἄνδρα
3254 5238 3343 5294 καὶ
3402 5220 3589 5312 χρόνῳ
3632 5239 3832 5313 μακρῷ

1799 5391 1967 5455 Ilier.
2001 5395 2216 5458 Wolﬁi
2247 5403 2434 5460 nolis.

483 5513 560 5597 (8)
593 5511 780 5601 Χρεὼν
815 5510 982 5601 δὲ.μὴ
1023 5511 1682 5601 ὑπονοθεύειν.“Ροξ8ιιΠι
1725 5517 1853 5576 haec
1898 5521 2074 5601 verba

2210 5527 2346 5582 Ierba
2367 5532 2582 5601 praeter
2608 5534 2808 5585 cetera
2847 5531 3199 5585 continentur
3229 5545 3248 5586 :
3275 5543 3450 5601 neque
3503 5543 3632 5601 vero
3662 5526 3839 5582 adul-

415 5587 596 5642 etiam
617 5587 692 5676 ad
713 5587 1063 5676 scriptorem
1096 5588 1300 5676 ipsum,
1321 5586 1532 5676 reler‘ri
1561 5593 2074 5676 perparenthesin
2185 5586 2573 5676 ter_amia_sunt
2592 5601 2784 5676 aliena
2811 5601 3074 5670 dictione,
3105 5601 3200 5658 sed
3223 5605 3307 5658 ita
3352 5586 3416 5658 ἷιι
3471 5600 3684 5672 scripta
3710 5603 3849 5656 sunt

413 5655 964 5736 προκαταληπτικήν,
1023 5655 1138 5718 hoe
1166 5658 1342 5715 modo
1386 5673 1399 5714 :
1458 5660 1523 5714 In
1562 5655 1706 5729 “quo‘
1737 5661 1852 5718 haec
1909 5668 2042 5723 etiam

1300 5675 1342 5714 .o
1386 5673 1399 5714 :
1458 5660 1523 5714 1n
1562 5655 1706 5729 "quo‘
1737 5661 1852 5718 haec
1909 5668 2073 5723 etiam
2183 5669 2477 5740 referenda
2505 5687 2526 5722 .·
2552 5655 2782 5744 siquid,
2819 5655 2929 5729 etc.
