4126 6294
332 377 451 439 581
1413 376 1751 439 ALEXIUS
1794 376 1895 435 DE
1942 375 2349 439 MANUELIS
2398 375 2676 438 FILIUS.
3633 380 3750 441 582

331 510 427 567 καὶ
469 511 631 585 πείρᾳ
680 507 993 585 πολιωτέρᾳ
1047 510 1113 565 τὰ
1168 508 1442 567 κάλλιστα
1497 510 1917 584 συλλεξάμενον.
1976 510 2075 565 Καὶ
2133 509 2292 572 αὐτὸς
2353 508 2410 565 δὲ
2455 513 2551 565 τοῦ
2608 506 2829 567 Οἶναίου
2868 509 3078 585 ἀπάρας
3106 508 3243 586 πρὸς
3272 510 3371 579 τὴν
3398 514 3506 566 τῶν
3539 511 3753 575 πόλεων

336 597 598 678 βασιλίδα
664 594 965 671 μετεϐαινε,
1032 601 1124 657 τὸν
1188 601 1391 656 οἰκεῖον
1457 602 1575 656 καθ’
1638 600 1729 663 οὕς
1798 600 2048 670 ἐπισταίη
2110 601 2272 674 ὅρκον
2333 599 2711 669 ἀναπτύσσων,
2768 599 2860 654 καὶ
2915 604 3032 661 τοῖς
3086 601 3511 673 πυνθανομένοις
3542 599 3750 672 διεξιὼν

329 691 393 746 τὸ
418 697 515 759 τῆς
545 691 807 759 κινήσεως
835 687 1036 746 αἴτιον.
1092 691 1191 747 Καὶ
1245 690 1371 766 περὶ
1420 689 1619 746 ἐκεῖνον
1648 691 1747 745 ὃσα
1776 689 1867 744 καὶ
1899 689 2053 745 ἀετὸν
2088 689 2323 766 ὑψινερῆ
2378 689 2473 745 καὶ
2530 689 2884 764 γαμψώνυχα
2930 686 3148 744 κολοιοί
3180 689 3405 765 ἐγάρυον
3435 689 3672 765 ἄκραντα
3704 694 3756 746 οἱ

336 778 664 855 πραγμάτων
720 777 1000 852 νεωτέρων
1038 776 1331 856 τρέφοντες
1391 775 1597 856 ἔφεσιν,
1655 780 1745 834 καὶ
1805 781 1887 841 οἷς
1938 780 1972 847 ἡ
2032 778 2204 833 πάλαι
2260 781 2422 853 φήμη
2488 776 2977 851 περιεσποόδαστο,
3131 776 3196 849 δή
3257 799 3361 834 που
3418 778 3757 855 βασιλεύσειν

338 865 671 941 Ἀνδρόνικον
702 868 1067 945 προηγόρευε.
1108 868 1205 924 Καὶ
1234 868 1381 943 εἶχεν
1418 868 1577 924 αὐτὸν
1608 868 1758 923 οὕτω
1810 861 2137 941 μεταϐάντα.
2170 868 2206 937 ἡ
2253 872 2361 922 τῶν
2415 865 2793 947 Παφλαγόνων
2826 868 3006 944 μερὶς,
3039 866 3129 922 καὶ
3167 865 3264 922 ὅσα
3295 867 3384 922 καὶ
3416 875 3636 943 σωτῆρα
3664 866 3756 924 καὶ

332 957 462 1011 κατὰ
490 958 631 1010 θεῖον
664 956 872 1026 ἥκοντα
902 954 1346 1033 προσδεχόμενον
1381 957 1663 1034 ἱριτίμως.

399 1042 461 1103 δ“.
514 1047 576 1103 Ὁ
627 1043 685 1100 δὲ
742 1041 1189 1121 πρωτοσεϐαστὸς
1250 1045 1496 1117 Ἀλέξιος
1548 1050 1646 1115 τὴν
1684 1051 1792 1102 τῶν
1825 1045 1970 1102 ὅλων

2158 1050 2213 1102 4.
2248 1048 2524 1103 Οωῐθιιυω
2556 1046 2792 1104 Alexius
2823 1047 3275 1118 sebastocrator,
3333 1064 3442 1104 sua
3485 1048 3751 1120 potentia

327 1132 598 1206 διοίκησιν
650 1135 726 1197 εἷς
774 1136 961 1190 ἑαυτὸν
1016 1133 1307 1208 ἐπεσπᾶτο,
1356 1142 1435 1209 τῷ
1505 1134 1630 1210 ἰδίῳ
1679 1137 1974 1214 φυσιούμε-

328 1245 418 1286 νος
467 1225 653 1297 κράτει
703 1224 793 1278 καὶ
843 1227 911 1298 τῇ
962 1221 1390 1300 παραδυναστείᾳ
1416 1232 1516 1295 τῆς
1562 1223 1853 1297 δεσποίνης
1883 1246 1980 1280 κα-

328 1315 709 1390 ταχρώμενος,
742 1313 925 1389 ὣσπερ
971 1314 1061 1369 καὶ
1094 1316 1121 1370 6
1152 1313 1339 1371 πολλὰ
1382 1315 1655 1379 πολλάκις
1702 1314 1982 1388 ἐδηδοκὼς

331 1403 589 1479 φάρμακα
682 1400 894 1479 δράκων
990 1405 1079 1459 καὶ
1146 1406 1435 1479 γενόμενος
1504 1401 1979 1468 δυσαντίϐλίπτος.

329 1489 539 1547 Οὐκοῦν
610 1490 711 1544 οὐκ
744 1489 812 1558 ἦν
871 1512 923 1545 τι
971 1494 1078 1546 τῶν
1143 1490 1391 1546 ἁπάντων
1444 1490 1474 1545 ὅ
1532 1493 1607 1565 μὴ
1679 1490 1748 1546 δι’
1816 1492 1982 1547 αὐτοῦ

330 1577 663 1653 ἐπεραίνετο.
722 1577 786 1634 Ei
846 1575 903 1632 δέ
957 1599 1009 1634 τι
1065 1578 1155 1634 καὶ
1214 1577 1567 1659 διεπεπράχει
1628 1579 1806 1636 λαθὼν
1864 1577 1981 1635 ’ἑτε-

330 1686 448 1740 ρος,
476 1667 512 1736 ἤ
539 1673 641 1737 τῆς
697 1664 1021 1742 βασιλίσσης
1071 1664 1306 1738 δεηθεὶς,
1338 1669 1373 1737 ἢ
1404 1669 1493 1723 τὸν
1528 1668 1754 1745 βασιλέα
1784 1688 1984 1744 καρυαο

328 1756 617 1830 τιζόμενον
699 1753 870 1832 εὒρὼν
942 1759 977 1828 ἢ
1075 1758 1268 1832 ῥιμμῷ
1345 1756 1592 1815 λιθιδίων
1658 1754 1984 1815 καταλαϐὼν

330 1843 740 1923 προσανέχοντα
812 1847 901 1902 καὶ
975 1851 1057 1920 τῷ
1147 1852 1323 1922 καιρῷ
1433 1850 1568 1924 πρὸς
1680 1848 1983 1925 περάτωσιν

327 1941 426 1992 τοῦ
459 1934 790 2009 αἰτουμένου
821 1937 1194 2011 χρησάμενος,
1246 1935 1372 1993 οὐδὲ
1417 1942 1581 1994 τοῦτο
1621 1943 1727 1995 τῶν
1778 1938 1984 1995 ἐκείνου

331 2023 710 2099 ἐκπεριίστατο
795 2024 1114 2102 ὀφθαλμῶν·
1198 2026 1532 2100 σκεψάμενος
1606 2026 1705 2103 γὰρ
1779 2029 1982 2103 τρόπον

335 2111 407 2169 δι’
439 2112 501 2168 οὗ
530 2113 597 2168 τὰ
654 2114 784 2188 παρ’
839 2111 1026 2169 ἄλλων
1081 2111 1413 2189 διηνυσμένα
1470 2115 1604 2190 πρὸς
1660 2115 1859 2171 ἐκεῖνον
1891 2114 1985 2172 ἐπ-

333 2203 695 2258 αναλόσουσιν
781 2202 856 2264 ὠς
947 2202 1025 2265 εἰς
1120 2205 1495 2281 στροφάλιγγα
1572 2202 1988 2280 περιδινοῦμενα

340 2289 602 2366 ῥεύματα,
656 2288 833 2367 δόγμα
890 2291 952 2347 ὲκ
1010 2291 1283 2367 βασιλέως
1342 2293 1590 2368 ἐξήνεγκε
1648 2295 1723 2367 μή
1796 2293 1986 2357 ἄλλως

335 2378 709 2457 εὐπαράδεκτα
758 2378 963 2436 οἷέσοαι
1024 2379 1123 2436 ὅσα
1178 2384 1213 2452 ἡ
1278 2382 1533 2457 βασιλική
1591 2384 1715 2462 χεὶρ
1775 2385 1985 2455 ὁποσηο

341 2470 581 2543 μαίνεται
649 2471 967 2546 γράμματα,
1038 2471 1084 2526 εἲ
1165 2473 1240 2543 μή
1309 2473 1571 2547 πρότερον
1646 2473 1852 2549 ὀφθεῖεν
1915 2478 1994 2546 τῷ

338 2557 571 2633 Ἀλεξίῳ
600 2560 689 2615 καὶ
732 2560 891 2624 οὗτος
926 2561 1028 2631 τὴν
1079 2558 1250 2630 δεξιὰν
1298 2566 1378 2634 τῷ
1428 2562 1742 2638 βατραχείῳ
1773 2560 1991 2626 ἐπιδοὺς

347 2649 610 2725 χρώματι
680 2650 779 2718 τήν
847 2653 947 2703 τοῦ
1035 2673 1063 2702 (ι
1126 2648 1465 2725 ἐτηρήθησαν
1536 2674 1564 2704 ››
1630 2649 1993 2724 ἓπισημασίαν

346 2733 715 2811 βραϐεύσειεν.
784 2739 948 2813 Ἥγεν
998 2737 1090 2794 οὖν
1145 2739 1218 2802 ὡς
1272 2740 1458 2814 ἡρεῖτο
1506 2739 1679 2795 πάντα
1720 2741 1809 2796 καί
1865 2763 1991 2814 μετ-

338 2823 649 2895 επέπτευεν,
723 2827 812 2880 καὶ
895 2825 1031 2901 ’ἅπερ
1100 2829 1151 2882 οἱ
1227 2828 1288 2883 ἐκ
1342 2834 1639 2901 Κομνηνῶν
1729 2830 1991 2905 πρότερον

341 2912 588 2988 βασιλεῖς
619 2912 806 2989 ἱδρῶσι
851 2916 1108 2988 πολλοῖς,
1160 2917 1299 2972 εἴπω
1358 2915 1415 2973 δὲ
1460 2920 1551 2973 καὶ
1599 2918 1726 2981 τοὺς
1757 2918 1989 2990 πένητας

347 2999 763 3075 καλαμώμενοι,
829 3003 1245 3081 συλλογιμαίως
1327 3007 1761 3083 ἆπεθησαύρισαν
1833 3010 1988 3084 χρή-

339 3111 505 3164 ματα,
565 3095 729 3148 ταῦτα
782 3099 861 3167 τῷ
920 3091 1357 3169 πρωτοσεϐαστῷ
1413 3096 1503 3152 καὶ
1559 3100 1627 3172 τῇ
1689 3095 1985 3174 βασιλίσσῃ

322 3179 462 3254 πρὸς
524 3180 880 3257 ἀποχέτευσιν
942 3181 1254 3260 προῦκειτο,
1286 3185 1375 3241 καὶ
1405 3185 1468 3241 τὸ
1509 3190 1608 3243 τοῦ
1639 3185 1987 3263 Ἀρχιλόχου

322 3268 575 3345 ἄντικρυς
633 3270 966 3349 ἐπεραίνετο,
1026 3275 1056 3329 6'
1114 3297 1297 3354 φησιν,
1358 3276 1433 3339 εἰς
1514 3271 1723 3351 ἔντερον
1773 3278 1984 3352 πόρνης

319 3359 598 3423 πολλάκις
677 3362 1157 3438 μεταρῥυΐσκεσθαι
1230 3366 1298 3420 τὰ
1374 3364 1563 3440 χρόνῳ
1656 3367 1746 3422 καὶ
1832 3366 1985 3439 πόνῳ

319 3447 659 3526 συλλεγέντα
719 3457 931 3526 μακρῷ.
995 3455 1268 3510 Ἐντεῦθεν
1330 3457 1364 3524 ἡ
1425 3460 1569 3511 πᾶσα
1626 3455 1789 3518 πόλις
1845 3457 1982 3532 πρὸς

318 3538 675 3614 ’Λνδρόνικον
744 3537 963 3610 ἕϐλεπε,
1029 3545 1118 3598 καὶ
1190 3546 1225 3613 ἡ
1296 3543 1500 3599 ἐκείνου
1564 3543 1743 3625 ἄφιξις
1793 3546 1867 3607 ὡς
1927 3545 1979 3600 ἐν

316 3631 636 3703 σκοτομήνῃ
683 3629 951 3704 λαμπτὴρ
999 3631 1092 3686 καὶ
1139 3631 1314 3708 ἀστὴρ
1365 3632 1632 3708 ἀρίζηλος
1674 3631 1979 3705 ἐδοξάζετο.

315 3721 407 3788 Τῷ
460 3739 543 3773 τοι
601 3719 690 3773 καὶ
751 3720 946 3796 ἐνῆγον
1008 3719 1095 3775 διὰ
1153 3722 1495 3798 γραμμάτων
1543 3717 1787 3799 κρύϐδην
1835 3745 1976 3797 πεμ-

319 3807 571 3877 πομένων
619 3809 670 3863 o't
726 3809 866 3883 μέγα
927 3808 1051 3864 τότε
1106 3807 1393 3882 δυνάμενοι
1442 3815 1819 3887 καταταχῆσαι
1876 3815 1975 3883 τήν

316 3891 548 3965 εἴσοδον,
582 3896 658 3958 ὠς
703 3895 1132 3969 ἀντιταξομένων
1184 3894 1443 3970 οὐδένων,
1504 3896 1629 3955 οὔτε
1684 3901 1794 3972 μὴν
1846 3901 1983 3975 πρὸς

322 3983 385 4039 τὸ
445 3985 692 4039 ἀντωπὸν
751 3991 857 4055 τῆς
914 3984 1123 4041 ἐκείνου
1209 3988 1560 4061 στησομένων
1625 3993 1797 4060 σκιᾶς,
1859 3986 1985 4044 ἀλλ’

329 4072 546 4134 ὑπτίαις
596 4071 742 4128 ὅλων
798 4070 1256 4148 προσδεξομένων
1314 4077 1470 4153 χερσί
1503 4076 1593 4132 καὶ
1625 4077 1986 4132 ἀναπετασόν-

328 4181 440 4215 των
502 4160 749 4235 ἀσμένως
800 4163 896 4227 τὰς
951 4166 1051 4229 τῆς
1108 4161 1336 4240 καρδίας
1391 4166 1757 4241 περιπτυχάς.
1793 4174 1989 4245 Διαιρε-

331 4248 537 4324 ρόντως
586 4249 644 4305 δὲ
699 4252 861 4306 αὐτὸν
924 4254 1250 4329 παρεκρότει
1307 4255 1397 4309 καὶ
1456 4255 1769 4331 θαρραλέως
1820 4277 1989 4332 προσ·

325 4341 455 4395 ιέναι
525 4338 795 4397 διένυττεν
864 4345 898 4412 ἡ
968 4343 1479 4421 πορφυρογέννητος
1544 4346 1727 4420 Μαρία
1792 4348 1828 4416 ἡ
1886 4350 1988 4402 τοῦ

323 4427 598 4505 βασιλέως
668 4429 913 4504 Ἀλεξίου
973 4432 1301 4508 ἑτεροθαλής
1357 4432 1591 4511 ἀδελφὴ,
1651 4436 1740 4489 καὶ
1789 4436 1989 4510 ὁπαρ-

326 4518 489 4574 ιαόων
548 4519 717 4593 ταύτῃ
779 4520 987 4597 Καῖσαρ
1041 4521 1090 4591 ἐξ
1155 4520 1377 4579 Ἰταλῶν
1439 4524 1785 4598 ὁρμώμενος.
1836 4524 1983 4595 Αὕτη

325 4607 428 4683 γὰρ
487 4608 899 4685 ἀποπνιγομένη
958 4614 1157 4687 μικροῦ
1222 4615 1302 4683 τῷ
1354 4613 1454 4681 τήν
1512 4614 1768 4687 πατρῴαν
1831 4615 1987 4688 βασι-

328 4694 479 4751 λείαν
526 4698 631 4753 ὑπὸ
678 4702 776 4753 τοῦ
824 4695 1280 4775 πρωτοσεϐαστοῦ
1329 4699 1613 4772 συλᾶσθαι,
1667 4703 1753 4757 καὶ
1799 4702 1987 4763 ἄλλως

330 4781 388 4839 δὲ
443 4785 811 4861 θερμουργῖαν
871 4783 1224 4861 ἀσπαζομένη
1304 4788 1395 4843 καὶ
1454 4787 1679 4862 ἀνδρικὴ
1735 4790 1797 4845 τὸ
1856 4788 1989 4866 φρό-

318 4894 469 4945 νημα
534 4872 689 4941 οὖσα,
747 4875 1141 4950 προσκτωμένη
1212 4873 1270 4932 δὲ
1332 4878 1423 4933 καὶ
1490 4878 1552 4932 τὸ
1628 4878 1779 4954 φύσει
1850 4878 1986 4952 πρὸς

317 4964 417 5031 τὴν
488 4963 758 5037 μητρυιὰν
824 4963 1162 5039 βαρύζηλον,
1230 4965 1356 5042 οὐχὶ
1439 4965 1703 5043 στέγουσα
1774 4965 1831 5022 δὲ
1895 4966 1987 5021 καὶ

315 5052 381 5104 τὸ
485 5049 1004 5126 παρευδοκιμεῐσθαι
1111 5054 1200 5109 καὶ
1306 5055 1380 5116 ὡς
1493 5055 1980 5131 ἀντικαθισταμένη

316 5160 406 5201 τις
485 5135 909 5213 ὑποϐλέπεσθάι,

325 5249 490 5301 μασιν
519 5227 828 5301 ἐμυώπιζεν
877 5230 951 5292 ὠς
1023 5229 1200 5287 ἵππον
1261 5231 1340 5310 ἐφ’
1400 5230 1720 5309 ὕσπληγγος
1774 5234 1981 5292 ἑστῶτα

321 5320 412 5373 καὶ
463 5316 675 5393 δρόμον
720 5319 1041 5397 ωμπτῆρος
1090 5321 1340 5395 πνέοντα,
1386 5323 1472 5378 ἐὸν
1522 5326 1684 5380 κακὸν
1735 5326 1980 5403 ἆμθαγα-

323 5414 483 5464 πῶσα
537 5408 631 5463 καὶ
686 5408 780 5463 τὸν
833 5408 1033 5464 οἰκεῖον
1093 5409 1318 5485 ὄλεθρον
1375 5410 1801 5489 ἐπισπέρχοόσα.
1862 5416 1979 5484 Τὴν

325 5494 381 5553 δὲ
427 5497 572 5575 πρὸς
622 5495 715 5551 τὸν
760 5493 1206 5572 πρωτοσεϐαστὸν
1258 5499 1363 5577 οὐχ
1408 5502 1496 5556 οἳα
1537 5521 1596 5556 τε
1648 5504 1781 5558 οὖσα
1828 5524 1980 5578 περι-

325 5586 572 5644 στέλλειν
606 5583 903 5660 ἆπέχθειαν
956 5586 1030 5650 εἷς
1084 5586 1392 5667 τοὺμφανές
1440 5589 1591 5662 αὐτῷ
1636 5589 1977 5669 ἀπεφέρετο,

325 5675 413 5732 καὶ
461 5674 581 5732 οὐδ’
634 5674 886 5731 ὁπωσοῦν
936 5671 1291 5749 διελελοίπει,
1340 5679 1438 5736 ὅσα
1490 5679 1541 5735 οἱ
1584 5680 1723 5756 πρὸς
1772 5679 1976 5758 λύμην,

2093 1140 2148 1192 et
2179 1135 2547 1208 imperatoris
2576 1138 2759 1205 gratia
2792 1138 2997 1204 fretus,
3057 1153 3351 1193 summam
3398 1153 3593 1193 rerum
3639 1137 3753 1193 sibi

2088 1224 2501 1281 vindicabatet
2533 1225 2849 1282 insolenter
2878 1244 2939 1282 se
2969 1228 3227 1297 gerebat,
3255 1230 3320 1281 ut
3351 1226 3549 1294 draco,
3582 1227 3754 1297 cujus

2091 1317 2392 1385 aspectum
2428 1318 2561 1386 post
2593 1314 2780 1371 multa
2812 1331 3035 1371 venena
3067 1318 3341 1371 devorata
3375 1332 3546 1372 nemo
3578 1316 3754 1371 susti-

2091 1407 2244 1457 neat.
2277 1401 2477 1473 Neque
2509 1402 2835 1475 quidquam
2867 1408 2992 1459 erat
3022 1420 3218 1459 rerum
3280 1404 3550 1459 omnium
3597 1403 3753 1475 quod

2089 1507 2193 1563 per
2247 1507 2378 1547 eum
2438 1509 2556 1548 non
2616 1494 3065 1564 gubernaretur.
3129 1492 3348 1558 Quodsi
3406 1493 3541 1565 quis
3599 1493 3756 1550 alius

2088 1578 2239 1635 clam
2300 1581 2520 1652 aliquid
2580 1580 2671 1637 vel
2731 1581 2802 1636 ab
2853 1581 3227 1653 imperatrice
3290 1586 3607 1654 exorasset,
3664 1579 3754 1637 vel

2091 1668 2395 1725 occasione
2425 1686 2571 1725 usus
2600 1670 2670 1725 ab
2703 1670 3081 1740 imperatore,
3114 1670 3369 1727 nucibus
3405 1677 3508 1727 aut
3536 1668 3755 1742 lapillis

2092 1758 2325 1814 ludente
2355 1758 2751 1829 impetrasset,
2786 1775 2857 1814 ne
2920 1759 2978 1814 id
3035 1760 3275 1831 quidem
3324 1759 3752 1831 inexploratum

2092 1846 2482 1917 relinquebat.
2516 1848 2657 1903 Eam
2694 1847 2852 1903 enim
2915 1850 3197 1904 rationem
3266 1847 3423 1919 iniit,
3479 1865 3595 1919 qua
3653 1862 3756 1919 per

2095 1934 2238 1992 alios
2270 1936 2537 1992 confecta
2568 1938 2639 1992 ad
2672 1953 2734 1993 se
2767 1937 3443 2008 referrentur,aquarum
3475 1938 3661 1992 instar
3688 1935 3750 1992 in

2094 2026 2367 2081 verticem
2401 2025 2798 2096 redeuntium,
2833 2026 3145 2099 impetrato
3203 2026 3389 2082 edicto
3440 2042 3552 2097 quo
3605 2041 3747 2081 con-

2096 2114 2413 2181 tinebatur,
2446 2131 2512 2169 ea
2544 2114 2763 2186 quibus
2798 2132 3009 2171 manus
3069 2114 3440 2187 imperatoris
3488 2113 3754 2170 subscri-

2098 2207 2316 2278 psisset
2346 2222 2462 2261 non
2494 2206 2663 2262 aliter
2695 2211 2819 2262 rata
2877 2209 3017 2276 fore,
3052 2206 3165 2263 nisi
3221 2207 3376 2263 300
3420 2208 3583 2279 prius
3613 2206 3750 2264 Ale-

2098 2296 2228 2350 xius
2255 2310 2322 2351 ea
2378 2294 2625 2351 vidisset
2684 2300 2743 2351 et
2799 2295 2991 2352 colore
3046 2295 3217 2351 viridi
3285 2295 3752 2367 subscripsisset,

2100 2408 2127 2435 ‹‹
2163 2386 2308 2441 Rata
2329 2390 2526 2440 sunt.»
2552 2385 2751 2456 Itaque
2779 2403 2885 2442 suo
2908 2385 3193 2441 arbitratu
3218 2387 3487 2441 versabat
3507 2385 3705 2442 omnia
3738 2402 3752 2455 ;

2100 2478 2156 2530 et
2182 2492 2328 2545 quas
2359 2476 2634 2546 pecunias
2666 2474 2967 2530 Comnenii
3004 2476 3383 2547 imperatores
3418 2475 3620 2531 multis
3652 2492 3753 2531 su-

2098 2563 2338 2618 doribus
2373 2569 2550 2633 atque
2588 2563 2763 2618 etiam
2823 2562 3214 2634 deglubendis
3271 2564 3630 2635 pauperibus
3692 2563 3751 2620 in

2099 2651 2410 2707 thesauros
2468 2650 2814 2721 retulerant,
2872 2668 2972 2707 eas
3029 2651 3092 2707 in
3141 2667 3203 2706 se
3231 2652 3749 2723 etimperatricem

2096 2740 2413 2808 derivabat,
2465 2744 2529 2794 ut
2586 2739 2757 2810 plane
2814 2739 2873 2793 id
2934 2739 3099 2795 fieret
3156 2740 3313 2810 quod
3372 2739 3752 2795 Archilochus

2097 2829 2324 2897 scribit,
2359 2846 2422 2885 ea
2452 2844 2603 2899 saspe
2628 2830 2693 2883 in
2727 2829 2906 2884 scorti
2938 2829 3214 2900 pudenda
3271 2828 3584 2899 conﬂuere,
3625 2845 3754 2900 quae

2094 2918 2270 2990 longo
2302 2918 2501 2974 labore
2530 2924 2586 2973 et
2619 2925 2878 2991 tempore
2910 2918 3031 2974 sint
3070 2922 3366 2988 congesta.
3424 2918 3572 2974 Hinc
3631 2923 3756 2974 tota

2091 3008 2299 3065 civitas
2331 3007 2732 3064 Andronicum
2768 3008 3113 3080 spectabat:
3154 3008 3284 3078 ejus
3342 3009 3626 3064 adventus
3689 3014 3751 3064 ut

2093 3098 2187 3153 fax
2216 3097 2274 3153 in
2333 3098 2586 3154 tenebris
2642 3104 2697 3153 et
2764 3098 2934 3153 stella
2987 3098 3220 3153 radians
3279 3097 3749 3170 exspectabatur.

2091 3193 2366 3244 Proceres
2379 3204 2514 3243 eum
2530 3186 2681 3243 clam
2700 3203 2801 3259 per
2817 3187 3043 3244 litteras
3057 3187 3131 3243 ad
3166 3187 3614 3245 accelerandum
3646 3187 3757 3242 iter

2090 3276 2509 3333 hortabantur:
2529 3277 2825 3333 neminem
2857 3277 3012 3333 enim
3040 3277 3161 3333 fore
3209 3278 3311 3349 qui
3337 3276 3389 3334 ei
3417 3278 3755 3333 adversetur

2093 3371 2195 3422 aut
2227 3368 2447 3423 umbrae
2481 3368 2610 3439 ejus
2639 3383 2700 3423 se
2756 3370 3034 3438 opponat,
3097 3367 3199 3423 sed
3260 3383 3465 3424 omnes
3527 3366 3757 3439 supinis

2094 3456 2366 3511 manibus
2398 3473 2533 3512 eum
2569 3462 2938 3528 excepturos,
2973 3460 3031 3511 et
3069 3456 3313 3512 intimos
3370 3456 3632 3512 cordium
3667 3471 3752 3511 re-

2091 3560 2294 3601 cessus
2318 3547 2369 3601 ei
2402 3545 2654 3602 libenter
2676 3545 3049 3602 revelaturos.
3085 3546 3148 3600 In
3173 3546 3384 3616 primis
3406 3561 3546 3601 vero
3571 3545 3753 3600 Maria

2089 3635 2609 3706 Porphyrogenita,
2660 3634 3038 3706 imperatoris
3093 3633 3275 3689 Alexii
3336 3649 3619 3705 germana
3649 3633 3752 3688 sed

2096 3741 2211 3778 non
2238 3724 2468 3778 uterina
2489 3740 2673 3791 soror,
2694 3740 2828 3778 eum
2854 3723 3258 3789 confirmabat,
3291 3726 3348 3777 et
3394 3721 3587 3777 Caesar
3624 3721 3753 3790 ejus

2098 3815 2348 3869 maritus
2382 3814 2619 3869 natione
2641 3813 2843 3869 Italus.
2870 3815 3005 3878 Quae
3027 3829 3157 3869 cum
3188 3811 3488 3884 aegerrime
3509 3815 3748 3882 patere-

2096 3912 2190 3958 tur
2210 3907 2516 3975 paternum
2538 3902 2852 3974 imperium
2874 3901 3317 3958 sebastocratori
3358 3901 3557 3973 praedas
3587 3914 3751 3967 esse;

2094 3997 2154 4050 et
2183 3992 2402 4066 alioqui
2434 3993 2717 4050 iracunda
2748 3992 2959 4048 mulier
2989 3996 3046 4047 et
3076 3991 3553 4064 virago,naturali
3571 3990 3747 4045 etiam

2095 4083 2155 4138 in
2191 4091 2497 4139 novercam
2556 4081 2689 4137 odio
2738 4081 3003 4148 incitata,
3080 4084 3358 4152 praeterea
3424 4079 3743 4152 superioris

2096 4173 2407 4245 impatiens
2430 4175 2486 4228 et
2515 4188 2577 4227 se
2636 4174 2698 4227 ut
2749 4171 2896 4226 801
2962 4170 3357 4227 adversariam
3414 4176 3748 4242 suspectam

2094 4279 2222 4319 esse
2251 4278 2401 4336 aegre
2431 4261 2645 4330 ferens,
2675 4258 2889 4316 litteris
2946 4260 3371 4329 Andronicum,
3409 4264 3474 4315 ut
3528 4274 3750 4331 equum

2095 4353 2156 4408 in
2188 4351 2519 4408 carceribus
2551 4352 2801 4406 stantem
2859 4354 2915 4404 et
2971 4350 3042 4405 ad
3105 4352 3319 4406 metam
3365 4350 3750 4420 aspirantem,

2096 4441 2273 4496 veluti
2306 4439 2551 4512 flagellis
2582 4438 2866 4495 incitabat
2901 4455 2914 4506 ;
2948 4436 3126 4509 idque
3158 4454 3264 4493 suo
3324 4437 3501 4503 malo,
3535 4435 3756 4490 accele-

2097 4538 2220 4587 ralo
2251 4529 2363 4585 sibi
2395 4529 2654 4585 interitu.
2688 4529 2758 4583 Et
2816 4528 2953 4598 quia
3010 4526 3489 4583 sebastocratoris
3548 4524 3748 4579 odium

2098 4617 2469 4675 dissimulare
2505 4635 2618 4675 non
2652 4621 2900 4690 poterat,
2942 4619 3139 4688 aperte
3198 4614 3247 4670 ei
3306 4614 3750 4677 adversabatur,

2097 4715 2153 4765 et
2174 4708 2319 4763 nihil
2342 4725 2455 4763 non
2481 4708 2539 4763 in
2563 4710 2694 4777 eius
2718 4707 3033 4779 perniciem
3053 4705 3399 4772 conabatur,
3420 4701 3749 4759 conciliatis

2097 4798 2273 4853 etiam
2305 4796 2568 4869 cognatis
2600 4798 2747 4868 suis,
2780 4813 2924 4868 quos
2958 4796 3145 4852 favere
3178 4799 3345 4851 norat
3391 4793 3745 4860 Andronico,

2098 4891 2153 4942 et
2186 4887 2584 4956 protosebasto
2616 4884 2889 4941 inimicos
2919 4901 3067 4941 esse.
3101 4884 3170 4939 Hi
3195 4887 3361 4939 erant
3412 4884 3750 4939 Comnenus

2097 4974 2354 5043 Alexius,
2390 4972 2605 5028 nothus
2635 4973 2925 5030 Manuelis
2952 4974 3110 5031 ﬁlius
3143 4991 3210 5029 ex
3244 4976 3411 5044 nepte
3450 4972 3753 5028 Tbeodora

2100 5066 2433 5134 susceptus,
2466 5061 2836 5117 Andronicus
2896 5063 3209 5134 Lapardas,
3269 5063 3387 5118 duo
3432 5058 3750 5118 Andronici

1016 5142 1108 5197 τὸν
1190 5140 1536 5218 Ἀνδρόνικον
1608 5151 1725 5209 τοῖς
1800 5148 1983 5222 γράμ-

2095 5153 2223 5221 ﬁlii,
2253 5126 2508 5208 Joannes
2540 5154 2595 5207 et
2625 5151 2876 5221 Manuel,
2913 5126 3220 5224 praefectus
3263 5151 3431 5208 urbis
3488 5151 3753 5206 Joannes

2091 5244 2459 5310 Camaterus,
2492 5246 2551 5297 et
2581 5239 2681 5297 alii
2715 5241 3072 5313 complures.
3105 5242 3189 5297 Ita
3247 5258 3355 5298 sua
3408 5240 3468 5295 in
3516 5241 3750 5295 fratrem

2091 5337 2148 5389 et
2178 5334 2587 5404 imperatorem
2620 5331 2734 5386 ﬁde
2765 5347 2867 5403 per
2896 5331 3360 5401 conjurationem
3408 5330 3659 5396 ﬁrmata,
3690 5331 3748 5383 et

2089 5428 2278 5479 morte
2330 5420 2717 5493 protosebasti
2799 5421 3112 5490 destinata,
3169 5421 3298 5491 ejus
3367 5412 3746 5490 aggrediendi

2089 5516 2325 5582 tempus
2356 5510 2566 5582 cupide
2595 5510 3165 5573 observabat.Quam
3198 5510 3270 5565 ad
3303 5524 3425 5564 rem
3458 5522 3587 5562 cum
3619 5505 3744 5573 ejus

2087 5601 2147 5658 in
2173 5600 2531 5674 profundum
2558 5600 2845 5674 Rbyacem
2878 5616 3180 5673 egressum
3205 5616 3335 5655 cum
3396 5598 3741 5668 imperatore

2089 5690 2163 5748 ad
2193 5688 2602 5749 celebrandam
2625 5691 2916 5751 Theodori
2962 5687 3235 5760 martyris
3280 5684 3617 5743 memoriam
3650 5692 3742 5732 se-
