4126 6294
421 364 539 425 583

1744 361 1800 420 Ν
1807 357 2062 423 ΙΟΕΤιΕ
2103 357 2522 422 CHONIATJE

3695 369 3804 432 584

419 503 608 576 ptimo
635 499 812 575 primi
835 498 1193 572 jejuniorum
1221 500 1618 573 opportunum
1650 497 1771 554 fore
1807 501 2058 570 putaret,

2177 491 2674 571 βυσσοδομεύουσα.
2736 495 2961 570 Ἀμέλει
3014 495 3105 552 καὶ
3169 495 3622 570 ὖποποιησαμένη
3694 507 3792 560 τῶν

421 593 650 649 facinus
683 589 976 657 instruxit,
1007 593 1065 646 et
1114 604 1488 661 percussores
1544 587 1907 658 subornavit,
1967 587 2069 660 qui

421 681 641 738 ferrum
674 681 732 736 in
763 680 890 751 ejus
919 680 1207 750 sanguine
1238 678 1552 751 tingerent.
1585 677 1738 734 302
1787 679 1896 733 Sed
1928 693 2068 734 casu

421 771 672 843 quodam
699 785 765 825 eo
824 768 1068 823 consilio
1127 767 1408 822 frustrata
1462 770 1570 823 est.
1629 766 1776 822 Nam
1835 766 2069 822 insidiis

416 859 591 932 paulo
622 863 754 930 post
783 856 1162 929 deprehensis
1187 857 1375 912 caeteri
1401 855 1470 910 ad
1503 855 1760 910 tribunal
1811 854 2066 926 impera-

417 949 562 1006 toris
601 948 838 1004 adducti
864 952 1023 1013 sunt,
1056 951 1120 1002 ut
1149 945 1437 1002 sententia
1467 946 1539 1000 de
1571 961 1636 1000 eo
1695 944 1910 1000 scelere
1952 944 2064 1001 fer-

415 1043 614 1106 retur;
649 1038 822 1110 idque
853 1036 1048 1109 specie
1076 1036 1379 1100 duntaxat,
1413 1051 1530 1088 non
1588 1049 1818 1089 revera.
1858 1033 2064 1089 Statim

415 1127 572 1183 enim
600 1124 1006 1182 condemnatio
1039 1125 1436 1196 sequebatur;
1467 1127 1524 1178 et
1553 1121 1637 1177 illi
1672 1126 1734 1176 ut
1767 1122 1910 1177 muti
1947 1123 2062 1193 pis-

416 1233 534 1286 ces,
561 1233 675 1273 non
706 1215 844 1270 data
874 1211 1223 1272 defendendi
1255 1213 1347 1268 sui
1389 1216 1687 1284 potestate,
1722 1211 1779 1267 in
1831 1211 2064 1267 vincula

419 1305 874 1361 abducebaulur.

2179 585 2314 658 πρὸς
2347 584 2532 659 γένους
2588 585 2760 660 ἐκείνῃ
2812 588 2982 657 τινάς,
3041 587 3274 650 ὁπόσους
3335 584 3546 659 δηλαδή
3586 593 3662 661 τῷ
3687 593 3800 648 ’Λν-

2180 670 2416 750 δρονίκῳ
2470 671 2589 749 ᾔδει
2644 675 3122 750 προστιθεμένους,
3181 677 3608 754 φιλεχθροῦντας
3653 676 3709 734 δὲ
3733 687 3805 755 τῷ

2173 759 2610 838 πρωτοσεϐαστῷ
2641 766 2798 836 (ἦσαν
2843 763 2886 820 δ’
2928 763 3078 822 οὗτοι
3133 767 3160 820 6
3213 767 3502 838 Κομνηνὸς
3555 765 3809 842 Ἀλέξιος,

2175 853 2234 914 ’ὀς
2283 851 2343 908 ἐκ
2371 855 2581 916 νοθείας
2624 854 2897 930 ἀπετὲχθη
2947 860 3026 928 τῷ
3077 852 3296 930 βασιλεῖ
3333 854 3616 924 Μανουὴλ,
3648 857 3674 910 6
3706 867 3806 912 Λα-

2174 938 2383 1014 παρδάς
2442 942 2799 1017 Ἀνδρόνικος,
2852 945 2900 998 οἱ
2953 941 3048 998 δύο
3104 948 3200 998 τοῦ
3247 941 3594 1018 Ἀνδρονίκου
3647 946 3804 1002 uicis

2172 1050 2231 1085 τε
2288 1031 2541 1103 Ἰωάννης
2596 1033 2686 1087 καὶ
2735 1033 2764 1086 6
2814 1031 3099 1102 Μανουήλ,
3133 1034 3160 1088 6
3191 1039 3291 1102 τῆς
3332 1034 3548 1097 πόλεως
3581 1032 3807 1111 ἔπαρχος

2175 1115 2431 1192 Ἰωάννης
2481 1122 2509 1176 6
2557 1122 2890 1196 Καματηρὸς
2943 1121 3034 1177 καὶ
3092 1123 3284 1198 συχνοὶ
3348 1119 3569 1197 ἓτεροὶ),
3599 1125 3686 1180 καὶ
3729 1121 3812 1182 διὸ.

2173 1209 2518 1283 συνωμοσίας
2571 1211 2669 1280 τὴν
2729 1213 2824 1284 μὲν
2889 1209 2942 1274 ἐς
3003 1211 3096 1266 τὸν
3157 1207 3392 1289 ἀδελφὸν
3451 1211 3544 1267 καὶ
3603 1213 3817 1287 βασιλέα

2171 1297 2352 1353 πίστιν
2399 1299 2796 1374 κρατυναμένη,
2847 1299 2938 1356 τὸν
2990 1296 3048 1355 δὲ
3097 1304 3193 1356 τοῦ
3230 1297 3684 1376 πρωτοσεϐαστοῦ
3726 1325 3812 1357 κυ-

415 1392 636 1467 ρώσασα
699 1391 943 1456 θάνατον,
1011 1388 1429 1469 ἐκαιροφυλάκει
1497 1393 1596 1459 τὴν
1663 1389 1859 1444 τούτου
1924 1387 2257 1464 καθαίρεσιν,
2334 1385 2604 1463 Εὕκαιρον
2681 1385 2738 1443 δὲ
2813 1389 2949 1464 πρὸς
3016 1389 3116 1458 τὴν
3188 1387 3578 1464 μελετωμένην
3635 1394 3812 1466 πρᾶξιν

413 1480 700 1555 εὖρηκέναι
763 1481 947 1554 καιρὸν
1017 1479 1265 1551 οἷήθεῖσα
1328 1479 1426 1546 τὴν
1492 1477 1569 1540 εἷς
1631 1479 1725 1533 τὸν
1780 1476 1956 1541 Βαθὺν
2011 1477 2209 1535 Ῥύακα
2267 1477 2401 1550 μετά
2457 1483 2556 1534 τοῦ
2610 1477 2882 1552 βασιλέως
2931 1476 3198 1550 ἐξέλευσιν
3231 1483 3327 1534 τοῦ
3359 1476 3809 1554 πρωτοσεῧαστοῦ

413 1568 503 1624 ἐπὶ
533 1573 614 1641 τῷ
643 1568 955 1638 τελεσθῆναι
1011 1571 1078 1624 τὰ
1134 1568 1256 1622 ὅσια
1313 1563 1580 1643 Θεοδώρῳ
1636 1571 1716 1639 τῷ
1773 1567 2212 1646 χριστομάρτυρι
2262 1567 2398 1622 κατά
2456 1569 2556 1638 τὴν
2597 1562 2840 1640 ἑϐδόμην
2887 1574 2987 1638 τῆς
3039 1567 3229 1642 πρώτη
3262 1573 3370 1624 τῶν
3397 1576 3689 1640 νηστειῶν,
3719 1573 3814 1642 τὴν

419 1658 512 1732 μὲν
571 1656 888 1734 ἐγχείρησιν
947 1656 1288 1731 ἡτοιμάσατο
1362 1654 1452 1711 καὶ
1525 1654 1652 1716 τοὺς
1729 1653 1960 1732 σφαγέας
2032 1659 2128 1710 τοῦ
2203 1653 2506 1710 ἀντιπάλου
2571 1653 2808 1732 ἐπήγετο
2863 1654 2926 1712 τδ
2985 1658 3283 1736 φονουργὸν
3331 1663 3813 1734 παραγυμνοῦντας

415 1744 688 1821 σιδήριον,
754 1744 814 1802 ἐκ
879 1745 936 1802 δέ
995 1766 1143 1808 τινος
1207 1743 1548 1820 περιπετείας
1612 1749 1710 1800 τοῦ
1779 1744 1980 1800 οἰκείου
2051 1743 2365 1820 ἐκκρούεται
2432 1745 2763 1819 σκέμματος.
2827 1745 2928 1801 Καὶ
2981 1754 3082 1816 τῆς
3144 1746 3354 1822 βουλῆς
3407 1749 3554 1822 ὁμοῦ
3603 1748 3811 1820 καὶτῆς

411 1831 714 1906 ἐπιϐουλῆς
767 1841 948 1910 μικρῷ
995 1835 1219 1910 ὕστερον
1269 1834 1613 1913 φωραθείσης
1653 1832 1782 1896 τοὺς
1835 1834 1928 1907 μὲν
1980 1833 2210 1896 λοιποὺς
2257 1839 2354 1889 τοῦ
2411 1833 2822 1910 συστρέμματος
2871 1833 2988 1912 εἶχε
3030 1837 3188 1910 βῆμα
3230 1836 3540 1912 βασιλικὸν,
3570 1837 3662 1894 καὶ
3689 1837 3812 1893 σκέ-

409 1929 502 2000 ψις
529 1929 626 1982 τοῦ
656 1926 1009 2000 ἀτοπήματος
1037 1923 1328 2001 προῦκειτο
1360 1926 1610 2000 σχήμασι
1662 1923 1874 1998 μόνοις,
1907 1919 2036 1978 ἀλλ’
2065 1922 2195 2002 ούχὶ
2245 1923 2582 2000 πράγμασινο
2636 1922 2948 2000 ἐφωμάρτει
3000 1925 3102 2001 γὰρ
3133 1928 3168 1996 ἡ
3199 1924 3466 1999 καταδίκη
3509 1927 3697 1999 εὐθὺς,
3733 1929 3817 1984 καὶ

409 2017 487 2079 ὡς
517 2015 724 2096 ἄφωνοι
757 2016 946 2092 ῗχθῦες
981 2017 1034 2072 οἱ
1065 2015 1412 2092 συσχεθέντες
1442 2016 1737 2090 ἀπήγοντο,
1771 2011 1904 2088 μηδ’
1943 2012 2090 2076 ὅλως
2143 2011 2419 2087 δεξάμενοι
2449 2013 2511 2069 τό
2542 2011 2828 2089 ἐνδόσιμον
2859 2014 2938 2078 εἷς
2965 2015 3028 2070 τὸ
3059 2016 3125 2072 τὰ
3157 2015 3422 2073 δοκοῦντά
3462 2039 3650 2093 σφισιν
3697 2018 3827 2074 ἀπο-

415 2103 777 2182 λογήσασθαι.

481 2196 534 2252 5.
570 2197 702 2268 Ipsa
759 2212 888 2252 vero
944 2195 1438 2268 Porphyrogenita
1497 2211 1632 2252 cum
1683 2195 1901 2251 Caesare
1935 2211 2056 2250 ma-
2089 2201 2136 2266 Β

416 2285 528 2341 rito
552 2285 623 2341 ad
649 2285 972 2340 maximum
994 2285 1282 2356 templum
1313 2284 1602 2356 confugit,
1631 2285 1838 2340 iratam
1861 2300 2060 2340 nover-

415 2390 544 2431 cam
575 2379 632 2430 et
662 2375 791 2445 ejus
822 2374 1172 2430 acerrimum
1220 2374 1584 2430 defensorem
1637 2378 1694 2429 et
1741 2377 2060 2429 amatorem

415 2481 479 2520 se
509 2465 710 2537 fugere
741 2465 1084 2522 vociferans.
1119 2469 1242 2520 Non
1275 2463 1454 2536 igitur
1510 2463 1844 2536 patriarcha
1871 2461 2060 2520 solum

413 2560 470 2610 et
499 2553 811 2626 collegium
871 2555 1240 2612 sacerdotum
1299 2554 1428 2624 ejus
1485 2557 1626 2610 sunt
1678 2551 2059 2622 miserti,scd

411 2641 638 2715 plebem
673 2659 903 2716 quoque
926 2643 1335 2714 promiscuam,
1387 2660 1514 2714 quae
1563 2658 1630 2698 eo
1677 2639 2060 2711 conﬂuxerat,

405 2731 490 2789 ita
523 2734 836 2790 commovit
867 2739 931 2788 ut
959 2733 1050 2788 vix
1078 2752 1110 2788 a
1141 2732 1415 2806 lacrymis
1471 2736 1882 2803 temperarent.
1937 2732 2060 2797 Quo

406 2821 610 2894 populi
641 2823 850 2879 affectu
911 2824 1078 2889 freta,
1137 2826 1193 2878 et
1244 2838 1499 2894 paupere
1568 2823 1740 2877 turba
1778 2837 2056 2878 aercorum

411 2918 700 2970 statcrum
734 2912 1040 2985 largitione
1070 2913 1140 2968 ad
1186 2912 1534 2968 seditionem
1585 2912 1894 2980 concitata,
1931 2929 2060 2967 cou-

405 3007 780 3063 suetudinem
813 3005 1144 3078 supplicum
1175 3005 1567 3076 contempsit;
1591 3009 1648 3060 et
1679 3005 1857 3060 venia:
1889 3019 2057 3060 mcu-

408 3096 652 3162 tiouem,
686 3111 813 3166 quae
841 3095 892 3150 ei
924 3093 1294 3162 offerebatur,
1349 3094 1548 3148 audire
1599 3093 1827 3164 nolens,
1864 3097 2058 3164 postu-

407 3183 568 3239 labat
597 3189 662 3238 ut
705 3182 1028 3252 conjuratis
1077 3197 1304 3238 carcere
1352 3181 1577 3237 eductis
1628 3179 1818 3236 denuo
1867 3198 2056 3238 causae

410 3271 590 3328 dictio
617 3273 892 3340 daretur;
925 3288 1112 3343 neque
1144 3271 1263 3328 ullo
1297 3273 1468 3327 modo
1513 3271 1734 3328 ferebat
1777 3276 1840 3327 ut
1887 3273 2058 3328 seba-

415 3365 707 3416 stocrator
737 3375 855 3416 rem
891 3359 1185 3430 publicam
1219 3359 1694 3416 administraret:
1729 3376 1864 3416 cum
1897 3361 2052 3416 enim

408 3449 629 3506 limites
659 3448 952 3505 transilire
981 3453 1040 3504 et
1069 3449 1128 3505 in
1163 3448 1376 3504 multas
1407 3465 1499 3504 res
1547 3449 1797 3506 nefarias
1841 3448 2054 3521 impin-

409 3553 545 3610 gere
575 3541 632 3592 et
663 3537 929 3593 tenebras
958 3536 1084 3594 suis
1117 3536 1436 3608 majoribus
1482 3537 1782 3593 offundere
1837 3553 2052 3608 quaere-

407 3629 602 3686 batur.
629 3628 743 3684 Nec
776 3627 871 3685 his
899 3631 1170 3684 contenta
1209 3633 1276 3682 ut
1298 3625 1507 3698 palatio
1521 3626 1869 3698 exigeretur,
1901 3628 2055 3683 303

405 3717 768 3790 postulabat,
793 3723 851 3773 et
883 3717 1062 3773 veluti
1099 3733 1328 3773 ramum
1355 3715 1753 3772 adulterinum
1777 3733 1846 3772 ex
1875 3716 2054 3772 nobili

405 3807 588 3880 stirpe
619 3806 818 3864 revelli
849 3817 901 3864 et
934 3808 1136 3879 perdi;
1169 3809 1265 3878 qui
1297 3810 1345 3863 si
1392 3824 1510 3863 una
1559 3807 1916 3864 adolesceret
1945 3808 2056 3863 im-

408 3903 737 3970 peratorem
759 3898 1042 3954 sutl‘ocatu
1054 3915 1152 3953 rus
1178 3901 1349 3954 esset.
1373 3898 1651 3953 Caeterum
1675 3913 1742 3953 ea
1761 3897 2053 3953 desidera-

405 3987 506 4044 bat
537 3985 747 4044 mulier
779 4003 903 4059 quaa
931 3991 1206 4042 eventura
1235 4003 1350 4042 non
1397 3991 1603 4054 erant;
1655 4003 1791 4042 nam
1833 3987 1924 4041 vir
1952 3986 2058 4041 im-

400 4077 705 4148 peratricis
728 4075 985 4132 thalamo
1011 4079 1073 4131 ut
1098 4074 1341 4146 polypus
1365 4075 1542 4146 petris
1576 4075 1902 4143 adhaerens,
1935 4090 2058 4130 ace-

401 4165 622 4221 tabulis
653 4164 874 4235 passim
906 4165 1198 4234 expansis,
1232 4180 1604 4236 nequaquam
1629 4163 1765 4220 inde
1796 4163 1908 4220 sibi
1943 4163 2054 4219 dis-

405 4253 733 4308 cedendum
771 4252 1032 4324 putabat.
1104 4252 1386 4308 Caeterum
1451 4253 1798 4324 imperatore
1867 4253 2050 4310 sorori

404 4339 730 4398 Caesarissaa
751 4339 1128 4412 comminuto,
1150 4341 1257 4396 nisi
1295 4345 1451 4396 ultro
1486 4341 1708 4412 templo
1729 4343 2049 4410 excederet,

401 4429 458 4484 vi
479 4431 840 4487 abstractum
875 4429 944 4485 iri
977 4432 1132 4501 (cum
1159 4431 1572 4502 imperatorem
1609 4430 1756 4499 dico,
1790 4436 2052 4502 protose-

403 4521 557 4576 basti
578 4524 636 4578 et
657 4519 861 4576 matris
882 4519 1254 4591 imperatoris
1277 4519 1466 4575 edicta
1487 4519 1658 4590 dico),
1693 4519 1790 4575 illa
1810 4536 1870 4574 se
1901 4519 2052 4576 ultro

401 4623 773 4666 excessuram
810 4613 1087 4682 pernegat
1118 4627 1133 4677 ;
1167 4612 1223 4663 ct
1255 4607 1437 4663 verita
1486 4624 1556 4663 ne
1599 4608 2052 4680 comprehende-

399 4703 576 4764 retur,
609 4698 878 4756 custodes
916 4699 974 4754 in
1014 4697 1198 4770 portis
1249 4695 1494 4752 collocat
1533 4701 1591 4752 et
1623 4713 1827 4753 omnes
1858 4697 2053 4756 aditus

409 4789 622 4856 munit,
659 4790 830 4844 domo
864 4787 1214 4859 precationis
1261 4786 1319 4842 in
1373 4785 1712 4859 speluncam
1759 4786 2052 4844 latronum

411 4879 510 4930 aut
535 4876 840 4931 castellum
867 4877 1332 4932 munitissimum
1355 4882 1412 4932 et
1433 4877 1878 4950 inexpugnabile
1912 4895 2052 4934 con-

409 4964 694 5019 versa.Ita
723 4964 972 5020 subinde
1025 4981 1332 5038 progressa
1375 4966 1434 5022 in
1478 4967 1734 5024 deterius
1773 4971 1831 5022 et
1870 4985 1961 5022 res
1993 4967 2056 5022 il-

409 5049 683 5108 laudatas
735 5069 1014 5125 aggressa
1044 5057 1242 5127 copias
1273 5056 1584 5113 auxiliares
1613 5057 1954 5126 conscribit,
2001 5061 2057 5112 et

409 5141 608 5212 templi
642 5141 930 5198 ambitum
963 5147 1161 5200 castra
1191 5145 1345 5200 facit.
1380 5146 1525 5202 Nam
1571 5150 1628 5203 et
1675 5146 1908 5202 Italicos
1937 5146 2057 5218 gla-

409 5227 663 5286 diatores
695 5231 903 5302 coegit,
935 5236 992 5287 et
1041 5234 1448 5304 magnanimos
1495 5237 1690 5292 Iheres
1723 5252 1792 5290 ex
1823 5236 2055 5293 Oriente

408 5319 778 5392 conscripsit,
807 5319 903 5390 qui
935 5320 1270 5391 negotiandi
1314 5339 1494 5381 causa
1539 5325 1597 5380 in
1653 5326 1794 5381 urbe
1842 5335 2052 5394 erant;

409 5413 767 5466 etarmatam
801 5409 1194 5466 Romanorum
1247 5413 1594 5484 phalangem
1649 5414 1873 5486 ascivit,
1922 5433 2055 5472 con-

406 5498 649 5570 temptis
681 5499 960 5556 omnibus
983 5499 1082 5570 qui
1117 5501 1188 5556 ad
1232 5517 1432 5573 pacem
1483 5504 1892 5575 hortabantur,
1947 5522 2053 5565 nec

401 5587 600 5660 ipsum
633 5587 1027 5660 patriarcham
1059 5589 1214 5647 304
1245 5593 1448 5662 verita,
1471 5593 1572 5663 qui
1615 5593 1825 5652 acriter
1867 5596 2050 5653 insta-

401 5679 526 5752 bat,
557 5683 614 5737 et
643 5679 900 5754 graviter
929 5679 1207 5737 monebat
1253 5679 1392 5752 quid
1449 5681 1740 5752 agendum
1787 5688 1961 5758 esset,
1995 5689 2051 5742 et

2242 2193 2299 2249 ε’.
2330 2191 2484 2262 Αὐτή
2534 2189 2592 2248 δὲ
2639 2195 2674 2264 ἡ
2724 2196 3240 2274 Πορφυρογέννητος
3292 2195 3387 2252 σὺν
3436 2202 3520 2271 τῷ
3561 2195 3714 2274 ἀνδρὶ
3740 2201 3814 2271 τῷ

2173 2281 2512 2357 Καίσαριτῷ
2561 2283 2798 2359 μεγίστῳ
2845 2289 2958 2358 ναῷ
3005 2285 3356 2361 προσρύεται,
3391 2288 3816 2363 βαρυμηνιῶσαν

2171 2371 2288 2426 κατ’
2344 2370 2512 2442 αὐτῆς
2579 2369 2949 2448 ἐκδιδράσκειν
3033 2376 3309 2455 φάσκουσα
3396 2379 3674 2453 μητρυιὰν
3735 2376 3821 2432 καὶ

2169 2459 2262 2516 τὸν
2289 2460 2490 2532 ταύτης
2531 2463 2810 2538 κάρταμον
2861 2460 3112 2540 ἐραστὴν.
3164 2465 3358 2521 Οἶκτον
3391 2465 3483 2521 οὖν
3517 2467 3584 2522 ού
3617 2471 3697 2540 τῷ
3727 2486 3823 2522 πα-

2170 2549 2408 2625 τριάρχῃ
2466 2550 2630 2624 μόνον
2682 2549 3044 2625 ἐμπεποιήκει
3094 2555 3182 2610 καὶ
3227 2559 3346 2618 τοῖς
3397 2555 3520 2612 ὅσοι
3549 2563 3651 2626 τῆς
3685 2557 3824 2632 ἱερᾶς

2170 2635 2462 2714 κιγκλίδος
2519 2638 2688 2710 ἐντὸς,
2746 2637 2891 2696 ἀλλά
2945 2641 3036 2696 καὶ
3097 2640 3387 2706 πλείστους
3441 2648 3558 2701 τῶν
3622 2635 3694 2700 ἐκ
3733 2647 3824 2700 τοῦ

2169 2725 2471 2803 ξύγκλυδος
2533 2725 2714 2802 δήμου
2779 2729 2870 2784 καὶ
2939 2731 3212 2806 σύρφακος
3273 2733 3417 2790 οὓτω
3513 2734 3826 2807 κατέκαμψε

2168 2816 2258 2871 καὶ
2335 2817 2619 2894 μετέφερεν
2694 2819 2770 2882 ὡς
2851 2825 3050 2894 μικροῦ
3141 2822 3232 2877 καὶ
3309 2819 3670 2900 δακρυῤῥοεῖν
3745 2821 3822 2877 ἐπ’

2169 2905 2330 2981 αὐτῇ.
2365 2910 2549 2970 Ἔνθεν
2581 2928 2667 2962 τοι
2719 2908 2812 2963 καὶ
2866 2915 2986 2972 ταῖς
3043 2915 3150 2966 τῶν
3209 2909 3440 2968 πολλῶν
3487 2912 3818 2988 ἀναθερμαν-

2169 2997 2318 3051 θεῖσα
2362 2999 2762 3072 περιπαθείαις,
2821 2997 2873 3053 ἐν
2919 3003 2999 3072 τῷ
3048 3002 3200 3076 μέρει
3253 2998 3311 3057 δὲ
3341 3003 3432 3057 καὶ
3462 3004 3604 3074 αὗτὴ
3639 3000 3821 3058 διαδό-

2169 3105 2281 3140 σεσι
2339 3089 2622 3161 στατήρων
2681 3085 2935 3165 χαλκέων
2989 3091 3126 3164 πρὸς
3184 3091 3516 3148 ἀποστασίαν
3568 3093 3629 3148 τὸ
3669 3113 3822 3147 πτω-

2169 3178 2331 3248 χεῦον
2407 3175 2622 3244 πλῆθος
2694 3175 3131 3253 ἐξαγριαίνουσα,
3191 3180 3259 3234 τά
3331 3185 3447 3243 τοῖς
3519 3179 3804 3255 πρόσφυξιν

2167 3263 2350 3336 ἠδόξει
2379 3261 2754 3341 βραϐευόμενα
2800 3263 2985 3343 ἔθιμα,
3045 3271 3135 3326 καὶ
3193 3270 3604 3347 προτεινομένης
3632 3269 3809 3342 ἀμνη-

2169 3355 2318 3418 στίας
2386 3358 2459 3411 ὧν
2529 3357 2675 3414 ἑάλω
2741 3355 2924 3432 δρῶσα
2984 3364 3168 3416 κακῶς
3239 3359 3357 3417 οὐδ’
3415 3358 3614 3416 έπαῖειν
3664 3357 3814 3420 ὅλως

2165 3445 2443 3520 ἠνείχετο,
2522 3445 2650 3502 ἀλλ’
2726 3448 2924 3522 ἀπῄτει
3012 3447 3360 3507 παλινδικίαν
3433 3455 3543 3507 τῶν
3616 3448 3824 3520 ταύτης

2168 3541 2503 3609 συνωμοτῶν
2572 3537 2664 3592 καὶ
2732 3538 2908 3592 ἄνεσιν
2977 3543 3088 3594 τῶν
3153 3541 3502 3616 καθείρξεων.
3579 3541 3689 3598 Τὸν
3769 3557 3829 3594 τε

2167 3619 2615 3698 πρωτοσεϐαστὸν
2675 3628 2772 3690 τῆς
2818 3630 2926 3681 τῶν
2978 3633 3178 3684 κοινῶν
3222 3625 3441 3704 ἔχεσθαι
3501 3627 3834 3701 διοικήσεως

2169 3711 2425 3786 οὐδαμῶς
2466 3716 2702 3792 φέρουσα
2759 3716 2849 3786 ἦν,
2901 3714 3029 3773 ἀλλ’
3087 3717 3578 3796 ἆποφλαυρίζουσα
3610 3719 3833 3775 τουτονῖ

2165 3800 2306 3857 πόδα
2355 3799 2725 3878 ὑπερϐἀθμιον
2776 3805 2966 3861 τείνειν
3025 3803 3222 3884 ἔφασκε
3268 3813 3385 3872 τοῖς
3433 3809 3534 3865 οὐκ
3587 3808 3834 3888 ἐφικτοῖς

2163 3893 2254 3949 καὶ
2336 3891 2768 3949 κατολισθαίνειν
2838 3894 2917 3957 είς
2983 3895 3203 3970 πράξεις
3273 3895 3510 3972 μηδαμῇ
3580 3897 3837 3974 θεμιτάς,

2163 3983 2254 4038 καὶ
2327 3985 2390 4038 τὸ
2464 3980 2620 4057 γένος
2696 3983 2749 4038 οἱ
2824 3981 3060 4040 ἐντεῦθεν
3155 3983 3462 4044 ὲπιθολοῦν.
3550 3985 3705 4062 Ὀδῷ
3782 3984 3842 4042 δὲ

2164 4075 2432 4147 προϊοῦσα
2527 4072 2618 4126 καὶ
2709 4076 2820 4126 τῶν
2920 4073 3209 4148 βασιλείων
3289 4075 3840 4151 ἀποσκορακισθῆναι

2163 4165 2353 4217 τοῦτον
2415 4157 2648 4215 ἐνέκειτο
2716 4159 3020 4233 ἐξαιτοῦσα,
3088 4164 3178 4218 καὶ
3246 4165 3334 4220 οἶά
3398 4186 3450 4220 τι
3519 4167 3840 4246 παρεκφυὲν

2166 4251 2406 4321 ζιζάνιον
2506 4250 2606 4318 τήν
2701 4248 2948 4325 εὐγενοῦς
3043 4252 3457 4324 ἀποσπασθῆναι
3562 4256 3846 4334 φυταλιᾶς

2163 4338 2252 4394 καὶ
2321 4339 2664 4413 ζημιωθῆναι
2736 4337 2972 4414 ὀλέθρῳ,
3059 4338 3444 4400 συναναϐαῖνον
3515 4346 3621 4401 καὶ
3705 4367 3849 4420 συμ-

2160 4435 2346 4506 πνῖγον
2405 4430 2482 4492 ὡς
2541 4434 2687 4485 σῖτον
2766 4431 2858 4485 τὸν
2938 4431 3332 4508 αὐτοκράτορα.
3389 4435 3488 4492 Ἠν
3556 4433 3626 4492 δὲ
3691 4437 3852 4494 ἄντν-

2161 4540 2292 4593 κρυς
2347 4518 2692 4596 ὄριγνωμένη
2745 4518 2779 4574 ἃ
2843 4521 2918 4594 μή
2978 4520 3256 4579 τελέεσθαι
3315 4520 3582 4599 ἔμελλεν.
3620 4528 3690 4586 Ὁ
3743 4527 3847 4603 γὰρ

2162 4609 2298 4682 ἀνὴρ
2331 4609 2491 4673 οὗτος
2516 4614 2634 4671 τοῖς
2686 4609 3065 4686 ἀνακτορικοῖς
3113 4611 3385 4688 θαλάμοις
3426 4613 3503 4678 ὠς
3537 4615 3854 4678 πολύπους

2159 4703 2283 4761 ταῖς
2334 4697 2556 4772 πέτραις
2614 4699 2856 4770 καθάπαξ
2914 4697 3088 4778 ἐμφὺς
3146 4701 3239 4756 καὶ
3285 4703 3382 4766 τὰς
3439 4703 3854 4777 κοτυληδόνας

2161 4788 2348 4860 κύκλῳ
2397 4787 2608 4863 διαφεὶς
2667 4787 2782 4843 οὐδ’
2831 4787 2978 4853 ὅλως
3033 4787 3373 4864 μεταϐαίνειν
3405 4791 3624 4859 ἐκεῖθεν
3661 4791 3856 4867 ἠϐού-

2167 4875 2316 4934 λετο.
2370 4877 2475 4934 Καὶ
2537 4875 2742 4948 δήποτε
2803 4883 2902 4934 τοῦ
2964 4878 3238 4955 βασιλέως
3296 4882 3387 4938 καὶ
3443 4881 3715 4965 ἀδελφοῦ
3770 4883 3857 4941 δι-

2163 4965 2534 5036 ηπειληκότος
2587 4970 2656 5040 τῇ
2712 4971 3026 5044 κασιγνήτῳ
3086 4972 3423 5046 Καισαρίσσῃ
3465 4975 3576 5044 τῂν
3651 4973 3718 5032 ἐκ
3755 4979 3860 5032 τοῦ

2161 5057 2268 5111 νεὼ
2299 5056 2581 5133 ἀφαίρεσιν
2621 5055 2710 5111 καὶ
2741 5058 3099 5129 κατάσπεισιν,
3149 5059 3196 5116 εί
3257 5062 3334 5134 μή
3373 5061 3608 5134 ἐκσταίη
3647 5064 3862 5121 ἑκοῦσα

2161 5147 2259 5198 τοῦ
2288 5144 2438 5218 ἱεροῦ
2467 5142 2724 5218 (βασιλέα
2769 5142 2828 5200 δὲ
2870 5143 3043 5222 λέγων
3093 5147 3159 5202 τὰ
3204 5152 3304 5203 τοῦ
3360 5145 3862 5224 πρωτοσεὸαστοῦ

2163 5255 2307 5315 φημι
2339 5236 2426 5311 [Ρ.
2460 5238 2583 5310 152]
2617 5234 2962 5314 ἐπιτάγματα
3009 5237 3100 5294 καὶ
3141 5246 3241 5309 τῆς
3274 5244 3371 5295 τοῦ
3407 5240 3709 5316 βασιλέως
3749 5247 3870 5319 μή·-

2160 5326 2331 5400 τρὸς),
2391 5328 2454 5382 τὸ
2521 5326 2716 5383 ἑκοῦσα
2784 5329 2920 5384 εἶναι
3002 5326 3275 5404 μηδαμῶς
3341 5331 3652 5407 προελθεῖν
3735 5336 3870 5394 ἀντ-

2162 5413 2486 5505 ηπείλησενι
2513 5421 2702 5481 Ἔνθεν
2734 5437 2820 5473 τοι
2869 5417 2962 5473 καὶ
3014 5415 3292 5475 δεδοικυῖα
3343 5421 3420 5493 μὴ
3453 5419 3868 5505 συλληφθεὶη,

2158 5510 2278 5566 ταῖς
2311 5525 2370 5561 τε
2398 5503 2600 5569 πύλαις
2652 5510 2750 5560 τοῦ
2806 5507 2910 5562 νεὼ
2969 5505 3220 5582 ἐφίστησι
3287 5507 3538 5586 φύλακας
3606 5503 3717 5570 καὶ
3749 5515 3872 5571 πά-

2161 5613 2256 5657 σας
2305 5595 2402 5657 τὰς
2459 5590 2702 5658 εἰσόδους
2783 5591 3148 5670 διαλαμϐάνει
3229 5603 3514 5676 φρουραῖς,
3581 5602 3698 5658 τὸν
3759 5605 3869 5674 τῆς

2158 5686 2474 5765 προσευχῆς
2545 5686 2696 5742 οἷκον
2765 5681 3188 5758 διασκευάζουσα
3247 5688 3384 5765 πρὸς
3423 5685 3769 5769 λῃστήριον
3827 5695 3870 5770 ἢ
