4126 6294
292 325 413 388 585

1474 314 1804 379 ALEXIUS
1849 311 2257 375 MANUELIS
2305 312 2586 374 FILIUS.

3592 318 3716 415 sse

303 455 571 537 φρούριον
669 451 867 527 ἐχυρὸν
952 450 1043 507 καὶ
1100 447 1405 525 ἀπότομον,
1472 446 1788 519 δυσάλωτον
1841 451 1957 506 τοῖς

2075 461 2223 518 stupe
2246 446 2420 502 etiam
2453 445 2731 502 iracunde
2761 448 3126 520 objurgabat.
3151 450 3251 508 Est
3277 451 3535 523 profecto
3566 468 3724 508 mor-

312 540 783 622 προστειὶλλουσιν.
843 540 958 598 Ἀεὶ
1011 537 1058 595 δ’
1106 539 1523 614 ἑπεκτεινομένη
1577 542 1695 600 τοῖς
1752 537 1968 611 χείροσι

314 636 413 693 καὶ
455 628 823 710 προϐαίνουσα
877 636 995 693 τοῖς
1052 630 1153 686 οὐκ
1196 629 1548 695 ἒπαινετέοις,
1603 628 1691 682 καὶ
1755 627 1971 700 ξυμμα-

318 727 481 802 χικὸν
509 724 687 798 τάγμα
744 719 1025 798 ξενολογεῖ
1078 719 1169 775 καὶ
1225 720 1408 790 τίθησι
1464 714 1821 792 στρατόπεδον
1876 714 1967 768 τὸν

320 820 460 881 θεῖον
515 805 836 887 περίϐολον.
908 809 1006 865 Καὶ
1070 808 1391 870 Ἰταλιώτας
1461 808 1565 883 γὰρ
1627 806 1966 883 συναγήοχεν

318 902 700 977 ὁπλομάχους,
737 898 829 955 καὶ
892 898 1242 975 μεγαθύμους
1305 897 1475 971 ἒῴους
1508 892 1971 970 ἐστρατολόγησεν

315 988 532 1066 Ἴϐηρας
570 990 691 1046 κατ’
749 988 1015 1063 ἐμπορίαν
1075 992 1144 1062 τῇ
1204 986 1364 1044 πόλει
1396 980 1818 1062 περιϐαλόντας,
1876 982 1968 1036 καὶ

306 1080 599 1156 Ῥωμαίων
662 1076 1056 1133 ὁπλιτεύουσαν
1113 1076 1452 1132 ἐπεσπάσατο
1540 1071 1817 1149 φάλαγγα,
1879 1069 1971 1144 ἐμ-

312 1170 598 1243 παζομὲνη
651 1164 883 1241 μηδενὸς
940 1167 1007 1221 τὰ
1062 1166 1201 1240 πρὸς
1258 1163 1481 1241 εἰρήνην
1540 1163 1678 1236 αὐτῇ
1735 1157 1969 1232 κατεπᾷ-

314 1257 524 1328 δοντος,
590 1258 721 1331 μήτ’
752 1256 911 1311 αὐτὸν
960 1255 1052 1311 τὸν
1114 1254 1461 1329 πατριάρχην
1519 1248 1967 1324 ὑποστελλομένη

306 1344 587 1425 ἅμϐριθῶς
645 1345 962 1422 ἆγκείμενον
1020 1344 1114 1400 καὶ
1174 1342 1325 1417 μάλα
1380 1347 1691 1419 πρακτικῶς
1779 1341 1969 1397 ὑποτι-

310 1436 528 1512 θέμενον
580 1435 643 1491 τὸ
701 1435 990 1507 πρακτέον,
1050 1430 1326 1497 πολλάκις
1382 1428 1440 1487 δὲ
1498 1433 1588 1487 καὶ
1632 1431 1766 1506 πρὸς
1799 1430 1969 1508 ὁργῆν

316 1526 745 1599 ἱπιπλήττοντα.
780 1526 882 1583 Καὶ
914 1526 1129 1599 ξύμπαν
1167 1525 1260 1598 μὶν
1297 1522 1388 1579 οῦν
1421 1521 1604 1596 ἑτέρας
1637 1520 1853 1584 πόλεως
1908 1520 1971 1575 τὸ

313 1614 520 1679 λαῶδες
541 1615 758 1686 πλῆθος
788 1614 991 1692 ἀλογίᾳ
1008 1613 1191 1693 χαίρει
1221 1614 1428 1683 καὶτήν
1442 1611 1530 1668 ἐπί
1557 1634 1608 1667 τι
1642 1611 1816 1686 ῥοπὴν
1845 1607 1974 1665 δυσ..

315 1706 651 1783 μαχώτατόν
684 1704 818 1761 ἐστι·
852 1706 916 1761 τὸ
976 1702 1036 1760 δὲ
1090 1710 1191 1773 τῆς
1251 1702 1658 1761 Κωνσταντίνου
1714 1700 1972 1776 ἀγοραῖον

310 1796 840 1876 φιλοταραχώτατον
931 1793 1192 1868 μάλιστα,
1250 1791 1552 1867 προπετείᾳ
1607 1796 1802 1866 χαῖρον
1880 1790 1967 1845 καὶ
2002 1830 2048 1895 Β

309 1885 598 1957 σκολιάζω
630 1890 746 1947 ταῖς
781 1882 953 1956 ὁδοῖς,
985 1884 1097 1957 ὃσῳ
1122 1883 1213 1939 καὶ
1238 1882 1297 1937 ἐκ
1318 1879 1591 1961 διαφόρων
1624 1879 1970 1936 πολιτεύεται

310 1980 481 2052 γενῶν
512 1974 607 2032 καὶ
634 1977 705 2047 τῇ
748 1977 858 2029 τῶν
887 1976 1096 2047 τεχνῶν
1154 1969 1408 2041 ποικιλίᾳ
1439 1972 1969 2042 συμμεταποιοῦται,

308 2066 382 2126 ὡς
414 2063 541 2138 εἲπῃ
594 2083 700 2132 τις,
758 2062 823 2117 τὸ
882 2065 1121 2140 φρονεῖν.
1183 2056 1406 2128 Ἐπειδὴ
1449 2056 1506 2113 δὶ
1534 2057 1616 2113 ἀεὶ
1672 2056 1740 2113 τὰ
1794 2056 1968 2133 χείρω

307 2153 469 2220 εἴωθε
499 2152 591 2208 καὶ
622 2151 675 2208 ἐν
705 2147 945 2214 πολλοῖς
978 2145 1179 2227 ὅμφαξι
1243 2147 1368 2222 μίαν
1419 2147 1560 2225 ῥᾶγα
1614 2148 1968 2203 πεπανθεῖσαν

311 2244 477 2319 μόλις
508 2243 726 2317 εὑρήσει
761 2262 871 2310 τις,
905 2237 993 2295 διὰ
1020 2243 1183 2295 τοῦτο
1216 2234 1338 2293 οὕτε
1393 2236 1484 2293 σὺν
1548 2236 1699 2311 λόγῳ
1753 2237 1815 2292 τὸ
1870 2240 1966 2292 τοῦ

305 2332 718 2406 πολιτεύματος
747 2329 1002 2406 ἀγοραῖον
1062 2328 1145 2407 ὶφῗ
1176 2331 1356 2383 ὁτιοῦν
1417 2332 1592 2402 χωρεῖ
1647 2324 1773 2382 οὕτε
1831 2325 1968 2400 μετὰ

310 2420 622 2499 προθυμίας
679 2417 965 2497 ἐφίσταται
1023 2418 1111 2481 οἷς
1193 2414 1551 2493 ἑφορμήσειεν
1615 2413 1676 2470 οὐ
1755 2420 1965 2490 προσή-

302 2507 690 2581 κόντως,ἆλλ’
721 2507 832 2577 ὅπη
895 2504 989 2579 μὶν
1050 2504 1187 2578 πρὸς
1243 2504 1425 2558 στάσιν
1484 2502 1575 2556 καὶ
1606 2504 1765 2579 φήμῃ
1828 2501 1966 2576 μόνῃ

310 2600 789 2676 μεθαρμοζόμενον
849 2596 1020 2671 πυρός
1079 2593 1188 2649 ἐστι
1243 2591 1694 2669 δραστικώτερον,
1727 2596 1962 2666 χορεῦον

306 2693 429 2746 οἷον
470 2690 610 2744 κατά
666 2688 832 2766 ξιφῶν
890 2683 979 2740 καὶ
1038 2678 1320 2761 προϐλῆσι
1366 2683 1453 2738 καὶ
1488 2681 1693 2755 κύμασι
1752 2686 1964 2757 κωφοῖς

2082 537 2191 593 bus
2223 536 2313 592 hic
2340 537 2604 594 omnium
2631 537 2956 605 civitatum,
2990 544 3054 596 ut
3083 539 3248 611 plebs
3302 541 3379 596 sit
3419 542 3722 597 temeraria

2078 631 2135 682 et
2166 642 2377 699 magno
2409 627 2628 699 impetu
2664 628 2901 686 feratur.
2934 630 3043 685 Sed
3073 630 3235 701 Cpoli
3268 632 3441 688 turba
3472 632 3726 688 circum-

2081 716 2317 772 foranea
2338 716 2602 773 omnium
2635 717 3137 775 turbulentissime
3170 724 3275 790 est,
3301 725 3357 776 et
3383 720 3555 777 rectis
3587 738 3722 778 con-

2080 803 2228 860 siliis
2264 820 2329 860 eo
2362 806 2558 861 minus
2583 808 2798 877 gaudet
2829 824 2942 879 quo
3003 824 3073 864 ex
3123 808 3393 881 pluribus
3451 812 3725 882 gentibus

2080 897 2329 962 constat,
2372 901 2423 949 et
2454 895 2669 951 artium
2700 896 2980 953 varietate
3011 898 3445 971 quodammodo
3490 900 3727 971 ingenia

2080 986 2289 1038 mutat.
2322 983 2390 1038 Et
2416 983 2553 1054 quia
2582 985 2779 1056 pejora
2810 985 3037 1042 vincere
3094 986 3283 1043 solent
3340 992 3398 1043 et
3426 988 3485 1043 in
3520 988 3723 1044 multis

2081 1071 2415 1130 immaturis
2439 1075 2565 1130 uvis
2595 1074 2687 1130 vix
2714 1093 2866 1132 unus
2895 1081 3163 1133 maturus
3189 1077 3393 1134 acinus
3416 1077 3721 1153 reperitur,

2083 1177 2266 1232 neque
2296 1163 2542 1219 consilio
2566 1164 2886 1237 quidquam
2919 1166 3275 1239 aggreditur,
3328 1183 3515 1238 neque
3555 1184 3720 1240 aequo

2081 1250 2277 1309 animo
2299 1252 2371 1308 ab
2402 1252 2726 1310 inhonestis
2758 1254 3060 1313 conatibus
3100 1257 3368 1325 desistit;
3430 1263 3487 1314 ct
3543 1257 3721 1314 inter-

2082 1341 2223 1397 dum
2248 1341 2404 1398 fama
2434 1347 2665 1400 tantum
2694 1346 3000 1402 seditionis
3051 1346 3326 1418 impulsa,
3360 1346 3481 1420 igni
3531 1347 3721 1419 magis

2082 1434 2383 1500 exaestuat,
2412 1431 2472 1488 in
2504 1449 2688 1500 enses,
2711 1434 2770 1490 in
2803 1435 3145 1508 praecipitia,
3180 1437 3239 1492 in
3284 1436 3543 1494 marinos
3600 1431 3724 1494 sco-

2083 1520 2253 1593 pulos
2281 1538 2429 1578 caeco
2460 1523 2651 1579 furore
2682 1524 2817 1580 ruit.
2852 1526 3082 1594 Contra,
3114 1543 3248 1582 cum
3279 1527 3585 1598 perterrita
3613 1533 3721 1593 est,

2080 1611 2151 1666 ad
2184 1612 2449 1682 quemvis
2498 1612 2806 1685 strepitum
2860 1617 3209 1687 expavescit,
3266 1617 3451 1673 cuivis
3510 1617 3726 1675 collum

2083 1699 2425 1757 calcandum
2458 1703 2692 1774 prabet.
2750 1707 2925 1760 Recte
2978 1704 3159 1777 igitur
3212 1706 3618 1764 inconstantiaa
3669 1711 3727 1763 et

2086 1790 2423 1847 temeritatis
2463 1792 2699 1847 nomine
2756 1793 3220 1865 reprehenditur.
3262 1796 3405 1851 Nam
3447 1796 3725 1853 colluvies

2077 1878 2176 1934 illa
2208 1878 2406 1952 populi
2439 1895 2622 1949 neque
2657 1881 2786 1953 ipsa
2815 1880 2926 1937 sibi
2968 1886 3120 1938 recte
3160 1883 3484 1953 consulere,
3536 1901 3724 1956 neque

2078 1968 2205 2025 aliis
2237 1969 2382 2025 bene
2412 1970 2884 2041 praecipientibus
2924 1973 3073 2030 305
3138 1973 3467 2030 auscultare
3524 1974 3671 2030 solet
3703 1994 3719 2045 ;

2076 2064 2134 2116 et
2161 2064 2365 2115 contra
2423 2060 2852 2117 fortunatarum
2913 2063 3147 2119 urbium
3208 2064 3717 2133 consuetudinem,

2076 2148 2359 2221 quidquid
2408 2153 2563 2205 terra
2619 2145 2882 2223 marique
2934 2152 3306 2225 importatur,
3364 2153 3523 2210 nullo
3583 2170 3717 2210 cum

2075 2239 2265 2295 fructu
2305 2238 2364 2295 in
2397 2239 2729 2313 peregrinas
2762 2240 2936 2297 urbes
2974 2242 3240 2299 effundit.
3297 2244 3526 2300 Levitas
3582 2260 3717 2300 vero

2073 2332 2131 2386 et
2162 2327 2405 2401 perﬁdia
2434 2329 2970 2401 ergaimperatores
3003 2336 3208 2388 natura
3239 2332 3324 2390 eis
3382 2332 3561 2390 insita
3608 2337 3716 2390 est.

2075 2419 2255 2484 Quem
2280 2417 2435 2473 enim
2466 2417 2638 2473 hodie
2670 2423 2735 2475 ut
2783 2419 3106 2491 legitimum
3166 2421 3578 2493 magistratum
3629 2439 3722 2479 ex-

2074 2504 2306 2575 tollunt,
2340 2521 2473 2561 eum
2500 2506 2773 2577 perendie
2808 2524 2910 2578 pro
2926 2507 3183 2563 maleﬁco
3212 2508 3718 2565 traducunt.Unde

2074 2594 2216 2650 satis
2248 2598 2487 2666 apparet
2517 2611 2612 2650 eos
2644 2595 2791 2650 nihil
2822 2611 2956 2651 cum
2990 2597 3212 2654 ratione
3243 2615 3432 2671 agere,
3467 2601 3569 2655 sed
3630 2604 3717 2655 te-

2076 2682 2332 2739 meritate
2363 2683 2620 2754 quadam
2661 2688 2717 2739 et
2741 2683 2975 2742 levitate
3000 2686 3236 2757 ingenii.

304 2780 723 2851 ἀνθιστάμενον,
752 2776 862 2848 ὅπη
892 2773 949 2831 δὲ
973 2774 1323 2851 κατεπτηχὸς
1356 2772 1433 2835 ὡς
1465 2768 1732 2850 ψοφοδεὲς
1763 2772 1853 2825 καὶ
1880 2772 1973 2827 τὸν
2006 2770 2206 2848 αὐχένα
2235 2770 2389 2825 παντὶ
2413 2769 2490 2844 τῷ
2516 2770 2839 2846 βουλομένῳ
2868 2772 3096 2848 παρέχει
3127 2781 3336 2832 πατεῖν.
3363 2774 3603 2839 Ε’κότως
3626 2776 3718 2831 οῦν

310 2867 389 2930 ὠς
422 2865 676 2922 ἀστασίαν
703 2867 867 2937 ἣθους
900 2868 1093 2920 νοσοῦν
1120 2863 1212 2918 καὶ
1239 2855 1743 2934 παλιμϐολώτατον
1777 2854 2158 2930 διαϐέϐληται.
2190 2857 2331 2917 Οὔτε
2379 2860 2469 2914 οὗν
2520 2861 2732 2924 ἑαυτοῖς
2784 2882 2917 2916 ποτε
2947 2864 3013 2916 τὰ
3064 2862 3335 2919 κάλλιστα
3365 2866 3714 2944 πεφώρανται

307 2956 609 3033 πράξαντες
640 2955 688 3010 οἱ
717 2962 813 3025 τῆς
844 2952 1254 3012 Κωνσταντίνου
1286 2948 1587 3028 σύγκλυδες
1616 2947 1808 3025 ὄχλοι,
1840 2947 1960 3014 οὐθ’
1987 2949 2191 3017 ἑτέροις
2226 2950 2638 3026 εἰσηγουμένοις
2664 2951 2730 3006 τὰ
2748 2949 3053 3032 κοινωφελῆ
3088 2954 3176 3009 καὶ
3208 2956 3452 3030 σωτήρια
3469 2955 3719 3031 ἐπειοαρ-

305 3066 512 3123 χησαν,
535 3044 615 3100 ἀεὶ
643 3041 698 3100 δὲ
724 3044 977 3100 ταναντία
1012 3048 1132 3105 ταῖς
1162 3039 1612 3115 εὐδαιμονοῦσαις
1642 3040 2136 3114 παρακαθιστάντες
2169 3036 2415 3112 πόλεσιν,
2449 3037 2546 3095 ὅσα
2574 3047 2641 3114 γῆ
2698 3041 2789 3096 καὶ
2848 3040 3091 3097 θάλασσα
3131 3044 3352 3106 τούτοις
3384 3042 3711 3123 δωροφορεῖ,

292 3136 383 3193 ἐπ’
412 3134 700 3207 ἀνηνύτοις
736 3135 811 3199 εἷς
843 3135 1025 3208 ὲτὲρας
1057 3130 1250 3195 πόλεις
1279 3130 1591 3195 ἀλλοεθνῶν
1621 3126 1934 3206 διαφέρουσι
1956 3131 2048 3185 καὶ
2084 3131 2490 3206 μεταγγίζουσι.
2530 3130 2602 3187 Τὸ
2635 3127 2692 3186 δὲ
2731 3132 2866 3206 πρὸς
2896 3131 3022 3195 τοὺς
3052 3138 3380 3209 κρατοῦντας
3411 3133 3707 3211 ἀδιάφορον

297 3229 375 3291 ὦς
405 3222 647 3303 ἔμφυτον
674 3227 864 3288 αὐτοῖς
893 3224 1061 3280 κακὸν
1093 3224 1508 3296 συντετήρηται’
1541 3220 1600 3276 ’ὸν
1630 3220 1734 3296 γὰρ
1766 3220 1840 3282 ὠς
1872 3218 2115 3294 ἐννόμως
2149 3224 2387 3297 σήμερον
2418 3220 2715 3296 ἐξαίρουσιν
2764 3220 3025 3297 ἄρχοντα,
3065 3228 3256 3279 τοῦτον
3293 3224 3367 3288 ὡς
3415 3228 3707 3304 κακοεργὸν

294 3317 352 3381 ἒς
379 3316 554 3372 νέωτα
574 3314 913 3392 διασύρουσι,
946 3313 1104 3369 τοῦτό
1126 3333 1185 3370 τε
1212 3311 1432 3367 κάκεῖνο
1461 3314 1833 3385 παριστῶντες
1862 3310 1939 3382 μὴ
1972 3308 2067 3365 σὺν
2097 3308 2254 3388 λόγῳ
2283 3316 2479 3381 ποιεῖν,
2504 3311 2978 3388 ἀνεπιστημοσύνῃ
3010 3318 3107 3370 τοῦ
3135 3315 3443 3390 κρείττονος
3494 3318 3582 3373 καὶ
3623 3324 3704 3392 τῷ

297 3407 603 3483 εὐριπίστῳ
628 3409 730 3461 τοῦ
761 3405 1137 3484 φρονήματος.

366 3498 433 3561 ς’.
491 3500 595 3552 Ἢν
656 3495 748 3551 οὖν
808 3498 1106 3564 τηνικαῦτα
1164 3490 1294 3566 ὀρᾷν
1352 3489 1610 3547 καὶκατὰ
1642 3486 1951 3565 συλλόγους

2135 3492 2190 3549 6.
2224 3494 2371 3550 Tum
2403 3494 2583 3567 igitur
2613 3494 2670 3550 in
2728 3495 3060 3568 manipulos
3118 3502 3176 3553 et
3217 3499 3483 3557 cohortes
3523 3504 3714 3559 centu-

292 3582 723 3661 ἀθροιζομένους
809 3582 902 3637 καὶ
977 3581 1368 3659 ἀγειρομὲνους
1427 3579 1565 3636 κατὰ
1620 3580 1960 3654 συστήματα,

302 3672 359 3729 o'i
387 3673 479 3727 καὶ
527 3676 722 3747 πρῶτα
782 3670 879 3746 μὲν
920 3669 1455 3745 ἠλευθεροστόμουν,
1512 3670 1613 3738 τήν
1675 3668 1769 3742 μὲν
1825 3688 1965 3760 top-’-

306 3761 708 3841 φυρογέννητον
769 3758 974 3835 Μαρίαν
1055 3756 1217 3829 δῆθεν
1277 3758 1635 3832 οἰκτείροντες
1708 3758 1783 3821 ὡς
1837 3776 1946 3841 παρ

303 3840 457 3923 ἀξίαν
510 3853 847 3926 πάσχουσαν,
925 3853 1023 3905 τοῦ
1083 3846 1142 3904 δὲ
1226 3842 1682 3925 πρωτοσεϐαστοῦ
1739 3840 1968 3901 καταϐο-

308 3942 516 4016 ώμενοι
547 3942 625 4004 ὡς
660 3942 737 4015 μὴ
799 3939 890 3996 σὺν
923 3938 1079 4016 λόγῳ
1110 3939 1513 4015 εὐπραγοῦντος
1551 3935 1683 4013 μηδ’
1739 3937 1813 4000 ὡς
1852 3935 1965 4010 χρὴ

293 4036 372 4107 τῇ
432 4033 580 4108 τύχῃ
635 4033 952 4108 χρωμένου.
1035 4032 1135 4087 Καὶ
1194 4029 1331 4085 κατὰ
1388 4035 1490 4099 τῆς
1543 4033 1640 4083 τοῦ
1698 4024 1966 4102 βασιλέως

295 4124 641 4200 ἠγανάκτουν
680 4122 913 4195 μητρός.
974 4120 1119 4175 Κατὰ
1169 4120 1362 4193 μικρὸν
1420 4117 1479 4173 δὲ
1543 4118 1825 4189 προϊόντες
1876 4115 1967 4171 καὶ

299 4214 380 4275 εἰς
414 4212 746 4286 στασιασμὸν
777 4208 1172 4287 ὰνερῥώγεσαν,
1238 4208 1330 4264 καί
1386 4228 1472 4270 τις
1533 4209 1618 4280 [Ρ.
1679 4208 1803 4278 152]
1863 4210 1969 4260 τῶν

298 4298 494 4377 ἱερέων
548 4299 779 4357 ἔκτυπον
840 4303 937 4354 τοῦ
993 4300 1240 4373 Χριστοῦ
1316 4295 1397 4351 ἐπ’
1477 4295 1680 4371 ἀγορᾶς
1737 4292 1969 4368 ἰνεγκὼν

303 4392 402 4448 καὶ
450 4387 623 4455 ἄλλος
686 4388 816 4466 ἄρας
860 4388 1088 4463 σταυρὸν
1145 4383 1458 4459 ἐπωμάδιον
1490 4384 1582 4440 καὶ
1636 4382 1820 4458 ἓτερος
1875 4405 1968 4454 ση-

308 4482 475 4555 μαίαν
514 4480 663 4557 ἱερὰν
694 4479 981 4552 ἀνεμώσας
1034 4478 1113 4540 ὠς
1172 4475 1383 4551 γλάγος
1446 4475 1610 4548 μυίας
1667 4472 1796 4535 τοὺς
1841 4492 1968 4527 στα-

302 4571 524 4632 σιαστὰς
555 4567 950 4625 ἐπεσπάσαντο.
984 4566 1087 4624 Καὶ
1144 4563 1326 4639 ὥσπερ
1389 4564 1475 4639 ὑφ’
1528 4562 1605 4617 ἑνὶ
1664 4562 1968 4634 συνθήματι

298 4661 612 4731 κινηθέντες
641 4659 735 4714 τὸν
796 4658 890 4732 μὶν
928 4653 1166 4733 βασιλέα
1196 4654 1470 4733 εὐφήμοις
1520 4648 1821 4721 ἐδεξιοῦντο
1853 4673 1969 4730 φω-

300 4756 445 4821 ναῖς,
474 4754 643 4807 τοῦτο
702 4744 764 4803 δὶ
819 4747 885 4802 τὸ
948 4749 1058 4802 τῶν
1116 4743 1170 4809 ἐς
1198 4744 1434 4819 νεώτερα
1466 4740 1797 4817 χωρούντων
1840 4736 1969 4815 ἔργα

297 4843 630 4915 τεκμήριον,
680 4836 742 4893 ἐκ
783 4833 1089 4905 καλλίστης
1147 4833 1581 4908 καταρχομένων
1647 4828 1852 4909 ἀρχῆς,
1898 4828 1967 4884 τὲ

304 4932 495 5003 μέντοι
559 4927 852 4983 τελευταῖα
911 4923 1228 5001 βλεπόντων
1286 4921 1362 4985 εἷς
1440 4918 1816 4989 ἐπανάστασιν,
1871 4918 1962 4973 τὸν

295 5017 355 5075 δὲ
384 5011 844 5096 πρωτοσεϐαστὸν
895 5016 984 5072 καὶ
1042 5014 1143 5082 τὴν
1204 5009 1488 5096 δέσποιναν
1540 5004 1959 5074 καθυπὲϐαλλον

282 5095 614 5183 ἀναοέματι.
647 5106 762 5164 Οὐκ
791 5104 844 5168 ἐς
878 5101 1009 5160 αὐτὸ
1069 5100 1129 5157 δὲ
1190 5100 1353 5175 μόνον
1407 5095 1580 5174 ἔδρων
1639 5098 1965 5173 ἀΟροιζόμε.

277 5221 364 5257 νοι
395 5200 574 5253 ταῦτα
602 5195 666 5251 τὸ
697 5194 927 5264 Μίλιον,
975 5191 1122 5248 ἀλλά
1176 5190 1271 5246 καὶ
1317 5191 1437 5245 κατ’
1468 5188 1639 5257 αὐτὴν
1697 5190 1798 5259 τήν
1860 5191 1961 5253 τῆς

284 5289 562 5365 λαμπρᾶς
595 5282 974 5360 ἱπποδρομίας
1034 5278 1326 5361 σφενδόνην
1374 5277 1806 5354 παραγενόμενοι
1870 5276 1962 5365 καὶ

277 5364 611 5457 ἀφορῶντες
674 5374 751 5437 εἷς
805 5373 875 5429 τὰ
941 5370 1206 5445 ἀνάκτορα
1252 5369 1317 5425 τὰ
1356 5366 1530 5430 οὕτως
1581 5366 1797 5443 ἀπρεπῆ
1859 5364 1964 5423 διε.

275 5456 621 5546 πράττοντα.
686 5460 790 5520 Καὶ
833 5465 995 5517 τοῦτο
1055 5459 1135 5538 ἐφ’
1166 5457 1378 5535 ἡμέρας
1438 5456 1643 5532 συχνὰς
1673 5456 1959 5532 γινόμενον

278 5542 610 5633 ὲλέιπιιόμλιινε
655 5552 751 5608 τὸν
788 5549 964 5625 δῆμον
996 5550 1087 5605 καὶ
1121 5549 1197 5612 εἷς
1257 5546 1439 5604 στάσιν
1497 5546 1781 5633 ἀνὲφλεγε.
1862 5553 1962 5619 Καὶ

267 5647 346 5714 εἷς
377 5632 686 5716 αὐθάδειαν
730 5640 784 5699 οἱ
861 5636 1069 5697 πολλοὶ
1102 5635 1507 5715 τραχυνόμενοι
1560 5632 1749 5703 οἴκους
1814 5634 1962 5714 λαμ-

616 5747 893 5807 ΡΑτιιοι..
941 5744 1052 5805 Ga.
1094 5738 1418 5805 CXXXIX.

2070 3582 2243 3654 riari;
2275 3600 2343 3641 ac
2374 3586 2628 3656 primum
2662 3586 2908 3642 Mariam
2930 3587 3214 3655 miserari,
3247 3591 3403 3660 quod
3434 3589 3549 3646 alia
3594 3592 3714 3647 for-

2069 3675 2214 3728 tuna
2241 3678 2396 3730 esset
2424 3691 2602 3745 quam
2635 3676 2762 3746 ejus
2823 3676 3079 3748 dignitas
3136 3679 3463 3749 postularet
3494 3697 3508 3748 ;
3569 3685 3627 3735 et
3656 3679 3718 3735 in

2069 3763 2541 3833 protosebastum
2576 3766 2903 3834 vociferari,
2964 3768 3116 3838 quod
3178 3772 3386 3839 praeter
3441 3769 3718 3827 meritum

2067 3850 2205 3908 felix
2238 3852 2472 3908 fortuna
2502 3853 2881 3921 abuteretur;
2916 3855 3289 3927 imperatoris
3337 3858 3512 3913 etiam
3546 3861 3724 3915 matri

2070 3957 2430 4009 succensere,
2464 3958 2529 3996 ac
2559 3942 2846 4012 paulatim
2882 3944 2941 3999 in
2992 3944 3336 4001 seditionem
3391 3963 3718 4019 erumpere.

2072 4030 2141 4085 Et
2161 4030 2402 4101 quidam
2426 4032 2695 4087 sacerdos
2711 4031 2926 4088 Christi
2950 4033 3206 4106 imagine
3227 4035 3286 4091 in
3304 4036 3496 4092 forum
3521 4036 3719 4108 allata,

2072 4118 2220 4176 alter
2248 4136 2418 4176 cruce
2448 4119 2506 4175 in
2538 4124 2766 4192 tergum
2798 4121 3052 4190 sublata,
3084 4125 3235 4182 alius
3293 4143 3458 4183 sacro
3514 4126 3720 4184 vexillo

2073 4213 2323 4282 arrepto,
2356 4210 2664 4267 seditiosos
2691 4215 3058 4270 attraxerunt
3115 4218 3181 4271 ut
3235 4216 3453 4274 Caecias
3508 4218 3712 4287 nubes,

2074 4304 2140 4356 ut
2168 4300 2328 4356 velut
2356 4317 2424 4355 ex
2455 4300 2778 4372 composito
2810 4318 3015 4359 omnes
3055 4304 3463 4378 imperatorem
3515 4308 3716 4365 lauda-

2074 4392 2221 4461 rent,
2256 4393 2312 4444 et
2336 4388 2430 4458 qui
2455 4388 2862 4445 sediliosorum
2897 4406 3025 4446 mos
3055 4396 3164 4459 est,
3197 4410 3231 4448 a
3255 4394 3407 4450 bono
3429 4394 3717 4466 principio

2073 4481 2144 4537 ad
2169 4478 2390 4535 malum
2412 4479 2586 4534 tinem
2609 4476 3324 4551 delapsi,protosehastum
3340 4487 3397 4539 et
3418 4483 3719 4557 dominam

2072 4573 2528 4627 exsecrarentur.
2563 4569 2680 4624 Hoc
2702 4568 2900 4625 nonin
2948 4570 3101 4626 Milio
3120 4571 3403 4627 duntaxat
3436 4572 3717 4642 fecerunt,

2072 4660 2173 4716 sed
2206 4675 2311 4715 nec
2338 4659 2395 4714 in
2427 4658 2582 4715 circo
2606 4659 2885 4730 equestri,
2943 4659 3227 4731 palatium
3288 4661 3441 4716 306
3483 4660 3723 4716 intuen-

2070 4751 2181 4819 tes,
2215 4765 2249 4804 a
2282 4752 2440 4805 tanta
2468 4749 2722 4813 foeditate
2779 4749 3230 4806 abhorruerunt.
3290 4751 3454 4815 Quod
3513 4750 3723 4807 diebus

1996 4861 2041 4926 γ)
2074 4837 2483 4910 compluribus
2517 4840 2924 4897 continuatum
2961 4840 3239 4912 populum
3268 4840 3340 4895 ad
3373 4840 3723 4897 seditionem

2076 4927 2721 4986 concitatavit.Proinde
2738 4929 3135 5001 vulgus,omni
3150 4936 3304 4985 metu
3319 4930 3728 5003 posito,splen-

2076 5019 2415 5079 didissimas
2444 5021 2598 5077 aedes
2624 5038 2825 5077 eorum
2858 5038 3006 5092 quos
3054 5021 3458 5093 protosebasto
3516 5026 3572 5079 et
3618 5023 3727 5078 do-

2075 5108 2245 5165 minae
2276 5108 2336 5165 in
2397 5110 2604 5182 primis
2662 5109 2870 5166 charos
2928 5126 3055 5166 esse
3106 5114 3316 5166 norant
3372 5110 3614 5182 diripuit
3666 5115 3724 5165 et

2073 5197 2250 5253 diruit
2282 5216 2295 5265 ;
2333 5200 2484 5255 inter
2514 5216 2660 5270 quas
2690 5198 2942 5269 insignis
2968 5200 3179 5255 domus
3224 5199 3512 5254 Theodori
3573 5205 3720 5254 Pan-

2073 5286 2759 5360 techni,prazfectiurbis,
2792 5290 3092 5344 domestici
3150 5288 3445 5344 secretarii
3493 5293 3548 5342 et
3576 5304 3725 5359 prce-

2072 5379 2240 5447 toris,
2273 5378 2572 5437 destructa
2603 5382 2714 5434 est.
2746 5380 2824 5433 Ac
2857 5378 2984 5449 ipse
3007 5379 3244 5451 quidem
3278 5380 3414 5451 fuga
3470 5378 3723 5434 salutem

2074 5466 2349 5538 quaesiit;
2383 5469 2485 5524 sed
2517 5468 2907 5524 instrumento
2940 5468 3101 5525 omni
3131 5468 3376 5538 direpto,
3409 5483 3514 5522 nec
3546 5465 3729 5537 publi-

2072 5556 2158 5612 cis
2179 5556 2643 5626 commentariis,
2677 5557 2891 5628 quibus
2933 5557 3073 5628 jura
3103 5556 3358 5612 civitatis
3388 5555 3728 5611 aveteribus

2071 5644 2371 5719 descripta
2403 5645 2785 5719 imperatorib
2831 5661 2861 5704 s
2901 5661 3011 5703 con
3103 5644 3376 5712 ebantur,
3429 5639 3731 5698 abstinue-
