4126 6294
405 361 522 424 587

1726 350 2033 416 NICET/E
2074 350 2493 416 CHONIATIE

3694 365 3815 429 588

401 502 541 554 runt
573 514 586 565 ;
622 513 873 571 quorum
907 495 1135 551 utilitas
1169 510 1302 549 cum
1363 491 1593 566 publice
1648 497 1950 563 permanet
1980 509 2021 549 al

2129 490 2477 565 _npordtouc
2532 490 2866 548 κατέσπασαν
2924 495 3015 549 καὶ
3073 490 3141 550 τὰ
3184 492 3332 559 ἔντός
3381 493 3587 553 τούτων
3649 496 3819 575 διήρ-

400 604 604 644 omnes
629 591 731 643 aut
759 585 1064 659 plurimos,
1096 584 1319 656 privata
1348 599 1549 639 eorum
1596 581 1888 653 possessio
1918 586 2051 637 tan-

398 683 527 733 tum
549 675 889 747 cupiditatis
912 674 1074 730 sitim
1100 672 1259 729 nullo
1277 674 1445 728 modo
1459 671 2047 744 possitexstinguere.

397 766 847 822 Protosebastus
882 762 1061 833 igitur
1087 779 1219 818 cum
1259 762 1477 817 malum
1501 760 1751 816 subinde
1791 776 2049 817 crescere

395 853 636 922 videret,
693 853 1007 910 consilium
1061 851 1348 908 tumultus
1406 842 1566 906 illius
1625 850 2049 923 comprimendi

392 944 506 1000 init
538 960 552 1000 :
583 948 639 1000 et
669 944 810 1014 quia
842 942 1084 999 Mariam
1118 941 1490 998 Caesarissam
1523 942 1593 997 ab
1625 941 1894 996 instituto
1930 957 2044 996 non

392 1049 761 1090 recessuram
787 1046 973 1101 neque
1032 1032 1101 1087 de
1161 1031 1573 1102 arrogantibus
1630 1034 1688 1085 et
1717 1029 2045 1085 immodicis

389 1120 524 1177 istis
556 1119 1054 1193 postulationibus
1082 1120 1399 1192 quidquam
1434 1119 1810 1175 remissuram
1860 1118 2047 1191 provi-

386 1208 586 1276 debat,
620 1208 770 1264 bello
795 1207 1255 1264 controversiam
1300 1207 1573 1264 dirimere
1631 1206 1839 1263 statuit
1885 1222 2042 1263 eam-

399 1314 512 1369 que
540 1314 710 1354 sacra
737 1299 857 1353 aede
888 1296 1044 1352 velut
1074 1298 1223 1352 307
1258 1311 1389 1352 arce
1446 1296 1671 1367 ejicere.
1732 1296 1934 1366 Itaque
1973 1311 2039 1351 ex

388 1387 788 1444 Orientalibus
815 1386 998 1458 copiis
1029 1386 1288 1442 exercitu
1336 1401 1452 1443 non
1509 1384 1717 1458 exiguo
1775 1383 2038 1457 collecto,

387 1482 446 1534 et
476 1477 537 1532 in
572 1492 854 1549 magnum
888 1476 1173 1548 palatium
1208 1479 1273 1531 ut
1303 1492 1421 1531 una
1451 1479 1643 1531 castra
1699 1479 2034 1541 convocato,

383 1565 549 1622 locus
581 1564 829 1621 idoneus
859 1564 1228 1637 quaerebatur
1251 1579 1322 1620 ex
1361 1581 1475 1636 quo
1532 1563 1815 1635 templum
1874 1563 2036 1620 inva-

382 1656 607 1711 derent.
638 1654 771 1733 Jam
799 1653 955 1709 enim
988 1652 1161 1709 etiam
1220 1652 1537 1709 Caesarissa
1592 1653 1666 1709 ad
1724 1653 1841 1708 vim
1883 1652 2035 1709 bello

377 1747 841 1820 propulsandam
874 1762 937 1802 se
969 1747 1230 1817 parabat,
1263 1749 1322 1802 et
1352 1746 1504 1801 aedes
1536 1745 1790 1801 maxime
1815 1745 2034 1817 templo

2157 599 2360 650 πασαν,
2388 580 2475 642 οῖς
2507 577 2874 657 διαφερόντως
2916 578 3148 639 ἔϐλεπον
3218 584 3426 661 ἥμερον
3480 587 3510 642 ὃ
3555 608 3614 642 τε
3664 610 3822 663 πρω-

2154 665 2482 729 τοσεϐαστὸς
2513 670 2604 725 καὶ
2643 673 2677 740 ἡ
2714 669 2991 728 δέσποιναο
3027 674 3121 727 σὺν
3151 675 3236 736 οἶς
3301 677 3391 731 καὶ
3446 677 3509 731 τὸ
3545 680 3644 732 τοῦ
3677 684 3822 733 Παν-

2149 766 2315 834 τεχνῆ
2349 756 2631 833 Θεοδώρου
2656 760 2986 837 περικαλλὲς
3046 763 3280 835 οἳκημα,
3345 764 3593 841 ἐπάρχου
3653 765 3817 831 ὄντος

2152 852 2251 915 τῆς
2281 848 2495 912 πόλεως
2523 851 2613 905 καὶ
2656 852 2720 906 τὸ
2775 856 2884 907 τῶν
2942 852 3232 909 οἰκειακῶν
3294 851 3572 919 διέποντος
3631 857 3813 934 σέκρε-

2149 958 2241 993 τον
2296 942 2375 1011 τῷ
2443 937 2828 1014 δικαιοδοτικῷ
2882 963 2941 997 τε
3002 943 3180 1015 θρόνῳ
3238 942 3639 1020 ἐμπρέποντος.
3705 947 3812 1003 Καὶ

2150 1028 2314 1083 αὐτὸς
2348 1029 2440 1101 μὲν
2469 1026 2694 1102 ἐξήλυξε
2724 1027 2954 1105 δρασμῷ
2999 1032 3062 1087 τὸ
3119 1037 3322 1088 πεσεῖν’
3385 1034 3453 1089 τὰ
3516 1032 3562 1088 δ’
3621 1034 3809 1092 ἐνόντα

2150 1113 2581 1192 διαρπασάμενοι
2665 1115 2783 1174 οὐδ’
2836 1120 3012 1175 αὐτῶν
3082 1125 3191 1177 τῶν
3269 1119 3556 1196 δημοσίων
3620 1124 3808 1198 τόμων

2147 1204 2472 1282 ἀπέσχοντο,
2534 1209 2585 1262 οἳ
2635 1207 2703 1263 τὰ
2762 1204 2944 1264 δίκαια
2997 1217 3099 1280 τῆς
3154 1210 3435 1277 πολιτείας
3486 1215 3633 1288 παρὰ
3694 1219 3801 1271 τῶν

2145 1296 2335 1370 πρώην
2392 1293 2660 1372 βασιλέων
2747 1296 2969 1372 ἔχουσιν
3035 1300 3517 1378 ὑπογεγραμμένοι
3600 1304 3693 1358 καὶ
3740 1306 3805 1360 τὸ

2145 1385 2240 1457 μὲν
2272 1387 2553 1460 χρήσιμον
2599 1390 2762 1460 κοινῇ
2805 1383 3081 1445 διαϐαῖνον
3120 1390 3260 1466 πρὸς
3316 1392 3554 1454 ἅπαντας
3609 1392 3647 1462 ἢ
3674 1393 3806 1457 τοὺς

2139 1471 2419 1541 πλείονας,
2451 1474 2690 1552 ἀφαυρὸν
2721 1472 2780 1530 δὲ
2831 1478 2894 1532 τὸ
2952 1476 3012 1532 ἐκ
3061 1484 3160 1535 τοῦ
3214 1476 3534 1546 ἰδιώσασθαι
3588 1480 3803 1557 κέρδος,

2139 1563 2229 1617 καὶ
2261 1559 2392 1635 μηδ’
2414 1563 2539 1618 ὅσον
2571 1565 2664 1619 τὸν
2725 1562 2950 1621 ἐκείνων
3012 1563 3226 1623 ἐδίανεν
3258 1566 3322 1623 ἄν
3384 1569 3811 1640 οἰνοποτάζοντα

2139 1653 2402 1729 φάρυγγα.
2462 1655 2529 1710 Οἱ
2575 1654 2699 1727 περὶ
2756 1655 2848 1710 τὸν
2881 1652 3338 1731 πρωτοσεϐαστόν
3387 1658 3572 1715 τοίνυν
3632 1661 3809 1735 ὁρῶθ-

2136 1761 2224 1804 τες
2284 1740 2363 1797 ἂεὶ
2419 1742 2488 1796 τὰ
2550 1743 2726 1819 χείρω
2783 1739 3171 1819 προϐαίνοντα,
3211 1748 3535 1805 σκέπτονται
3594 1749 3804 1825 βουλὴν

369 1838 540 1909 juxta
579 1840 1014 1908 Augusteonem
1045 1836 1349 1908 contiguas
1383 1836 1542 1892 illius
1600 1836 1818 1892 milites
1874 1850 2021 1891 ever«

2146 1832 2530 1900 καθιζήσαντες
2587 1830 2737 1894 ὅπως
2809 1835 2909 1904 τὴν
2985 1833 3171 1910 λύμην
3251 1839 3494 1908 στήσωσι
3547 1837 3801 1909 ταυτηνί,

373 1930 611 1984 terunt:
645 1932 702 1983 et
732 1928 993 1983 maxime
1029 1927 1274 1996 fornice,
1307 1927 1408 1998 qui
1439 1932 1529 1983 est
1556 1927 1615 1982 in
1667 1925 1870 1994 Millio,
1901 1942 2041 1981 con-

284 2075 291 2079 ,
379 2031 584 2072 scenso
617 2015 686 2070 ad
723 2032 865 2088 prop
888 2015 1169 2070 ulsandos
1201 2013 1604 2086 imperatorios
1643 2029 1705 2069 se
1736 2015 2040 2085 parabant,

380 2106 756 2178 Diviquoque
790 2106 973 2163 Alexii
1009 2106 1216 2176 tndem,
1256 2105 1652 2176 Augusteonis
1700 2105 1846 2161 atrio
1900 2106 2044 2175 jun-

377 2200 562 2263 ctam,
623 2195 1049 2250 custodierunt.
1104 2194 1321 2249 Verum
1389 2193 1765 2267 imperatoris
1824 2193 2040 2250 milites

392 2284 615 2339 mensis
647 2283 781 2338 Maii
812 2283 906 2339 die
935 2300 1033 2353 νιι,
1066 2283 1385 2340 indictione
1414 2301 1506 2352 xv,
1566 2281 1822 2339 diluculo
1880 2283 2039 2353 pala-

390 2373 473 2428 tio
504 2372 744 2445 egressi,
777 2372 1024 2427 Joannis
1078 2371 1354 2443 Theologi
1414 2370 1594 2426 aedem
1655 2373 2035 2443 cognomento

386 2460 1263 2534 Diippum,SabbatioArmenio
1295 2462 1441 2516 duce
1498 2464 1805 2530 occupant,
1856 2475 2036 2530 eaque

388 2566 707 2608 conscensa
739 2552 1050 2608 confusum
1082 2550 1396 2606 clamorem
1431 2548 1658 2605 tollunt.
1709 2549 1862 2605 Hora
1917 2549 2031 2604 diei

382 2642 554 2698 tertia
608 2657 741 2697 cum
808 2657 1007 2713 pugna
1043 2645 1197 2697 esset
1248 2640 1625 2711 auspicanda,
1685 2639 1808 2695 foro
1860 2638 2031 2711 pleno

382 2731 746 2797 hominibus,
775 2729 1101 2788 Caesarissae
1133 2729 1368 2797 milites,
1402 2729 1502 2800 qui
1534 2745 1564 2784 e
1611 2727 1757 2784 Milii
1811 2728 2029 2784 fornice

378 2826 436 2877 et
464 2820 647 2877 Alexii
669 2822 789 2877 cede
811 2820 1174 2893 pugnabant,
1209 2818 1340 2876 telis
1366 2835 1397 2874 e
1426 2819 1723 2889 superiore
1746 2816 1870 2874 loco
1901 2825 2030 2874 tan-

378 2927 552 2982 quam
597 2910 949 2967 fulminibus
1008 2909 1284 2981 conjectis
1344 2925 1460 2965 non
1518 2907 1881 2964 mediocriter
1936 2907 2029 2964 lae-

377 3005 602 3058 serunt.
636 3004 773 3057 Cum
808 3004 1007 3057 autem
1064 3001 1189 3056 alia
1249 3015 1479 3070 quoque
1537 2997 1804 3054 cohortes
1845 2996 2026 3053 armis

379 3090 858 3148 instructissima;
882 3088 1099 3161 palatio
1123 3088 1531 3154 educerentur,
1561 3091 1617 3143 et
1636 3102 1840 3143 omnes
1871 3086 2022 3141 808

379 3179 559 3249 vicos,
591 3195 795 3234 omnes
827 3177 1091 3247 angulos,
1151 3193 1357 3233 omnes
1411 3176 1775 3249 angiportus,
1806 3191 1923 3247 qua
1952 3174 2026 3230 ad

2152 1920 2255 1974 Καὶ
2290 1919 2405 1975 ἐπεὶ
2434 1922 2552 1976 κατ’
2593 1918 2783 1977 οὐδένα
2808 1923 3011 1997 τρόπον
3046 1924 3232 1998 ἐώρων
3273 1926 3372 1994 τὴν
3432 1927 3793 2004 Καισάρισσαν

2149 2009 2357 2085 Μαρίαν
2410 2014 2518 2065 τῶν
2578 2009 2789 2066 οἰκείων
2849 2011 3241 2087 βουλευμάτων
3310 2017 3706 2091 μεθισταμένην
3755 2017 3793 2087 ἢ
3826 2012 3841 2023 ’

2151 2098 2330 2173 βραχύ
2360 2120 2412 2154 τι
2459 2104 2590 2175 γοῦν
2649 2097 3033 2157 ὑπενδιδοῦσαν
3090 2107 3197 2157 τῶν
3255 2104 3565 2180 ὑπερὸγγων
3625 2112 3798 2177 ζητη-

2150 2185 2788 2263 μάτωνᾶπρούτείνετο,
2846 2188 3017 2266 ἔγνων
3072 2189 3161 2246 διὰ
3215 2190 3466 2266 πολέμου
3524 2194 3605 2249 ἐπ’
3653 2194 3799 2251 ἐκεί-

2144 2296 2240 2347 νην
2277 2283 2479 2352 χωρεῖν
2533 2278 2624 2332 καὶ
2674 2278 2749 2341 ὡς
2816 2280 2923 2334 ἀπό
2969 2300 3115 2342 τινος
3175 2280 3447 2356 ἐρύματος
3511 2288 3609 2339 τοῦ
3648 2285 3793 2340 θείου

2144 2364 2612 2437 έξελάσαιταύτην
2643 2369 2770 2427 νεώ.
2806 2367 3177 2447 Συλλεγέντος
3203 2372 3381 2426 τοίνυν
3438 2373 3541 2428 οὐκ
3597 2374 3793 2449 ὀλίγου

2143 2457 2546 2529 στρατεύματος
2603 2455 2663 2511 ἐκ
2716 2461 2824 2512 τῶν
2857 2457 3008 2530 ἑῴων
3064 2480 3122 2513 τε
3190 2460 3281 2514 καὶ
3346 2461 3609 2536 ἑσπερίων
3662 2484 3795 2541 ταγ-

2145 2545 2327 2617 μάτων
2355 2546 2445 2600 καὶ
2484 2547 2700 2602 πάντων
2735 2548 2809 2609 ὡς
2858 2547 2936 2610 εἷς
2985 2546 3040 2602 ἓν
3083 2552 3573 2624 συναθροισθέντων
3633 2574 3794 2628 στρα-

2137 2632 2365 2689 τόπεδον
2449 2636 2511 2689 τὸ
2573 2634 2710 2711 μέγα
2792 2634 3078 2710 παλάτιον,
3150 2639 3178 2693 ὁ
3247 2636 3534 2709 ἐπιτήδεος
3609 2648 3795 2716 χῶρος

2137 2720 2424 2802 ἀνεδιφᾶτο
2482 2725 2597 2779 καθ’
2654 2725 2715 2779 ὃν
2772 2724 2834 2779 ἄν
2888 2731 3004 2788 τοῖς
3042 2726 3130 2782 ἐπὶ
3168 2732 3267 2783 τοῦ
3323 2729 3427 2783 νεὼ
3470 2728 3789 2789 ἐπίθωνται.

2137 2810 2276 2883 Ἤδη
2334 2813 2439 2888 γὰρ
2495 2813 2586 2869 καὶ
2650 2816 3059 2892 ἡΚαισάρισσα
3147 2819 3284 2891 πρὸς
3359 2820 3458 2888 τήν
3519 2820 3787 2893 ἀντίταξιν

2135 2902 2499 2975 ἡτοιμάσατο,
2561 2901 2904 2977 διακριθῆναι
2970 2904 3204 2979 πολέμῳ
3260 2908 3326 2961 τὰ
3412 2910 3533 2972 καθ’
3619 2911 3784 2980 αὑτὴν

2135 2986 2412 3048 ἐθέλουσα.
2496 2991 2705 3049 Οὐκοῦν
2782 2994 2901 3049 ὅσαι
2956 2999 3034 3065 τῷ
3129 2994 3365 3070 μεγίστῳ
3429 2998 3561 3071 ἱερῷ
3618 3000 3787 3056 οἰκίαι

2133 3080 2268 3137 κατὰ
2333 3082 2424 3137 τὸν
2480 3082 2871 3158 Λύγουστεῶνα
2940 3086 3298 3157 συνήπτοντο,
3337 3086 3485 3161 παρὰ
3533 3094 3641 3143 τῶν
3695 3090 3787 3145 ὑπ’

2132 3170 2298 3239 αὐτήν
2340 3170 2745 3249 ἀπερράγησαν,
2777 3172 2867 3227 καὶ
2922 3179 3023 3244 τῆς
3085 3175 3351 3249 μεγίστης
3407 3173 3597 3249 ἁψῖδος
3634 3175 3776 3231 ἄνω-

392 3226 559 3249 .---..,
594 3226 794 3234 ---...--
828 3226 1091 3247 _-.°_--_,
1154 3226 1355 3233 --η---
1412 3226 1478 3232 __
1530 3226 1775 3248 ,τμηη
1813 3226 1923 3247 τη
1955 3226 2021 3230 __

377 3264 667 3338 templum
698 3267 834 3331 itur,
868 3271 1241 3337 occuparent,
1276 3226 1597 3336 populiaad
1651 3263 2021 3321 Cesarissam

2258 3226 2268 3239 ⁸
2447 3226 2499 3247 ΙΓ
2565 3226 2575 3249 Ι
2613 3226 2622 3242 ⁸
2688 3226 2745 3241 7³
2937 3226 2947 3228 ἡ
2979 3226 3021 3244 ⁸⁷
3085 3226 3348 3249 Ι“”Ἰή“⁷“σἸ
3411 3226 3593 3249 ’ἣτ”ντ
3636 3226 3741 3231 ’⁷⁷⁷-

2134 3261 2242 3328 θεν,
2300 3258 2422 3329 ἥτις
2479 3262 2616 3316 κατᾶ
2668 3262 2732 3316 τὸ
2779 3259 2977 3317 Μίλιον
3040 3262 3292 3335 ἵσταται,
3362 3265 3413 3318 οἱ
3472 3263 3546 3318 ἀπ
3605 3262 3772 3335 αὐτῆς

376 3371 698 3412 concursus
721 3370 1089 3426 compressus
1108 3358 1217 3409 est.
1250 3354 1605 3411 Caesarianos
1644 3368 1877 3425 quoque
1908 3352 2022 3409 mi-

378 3445 510 3502 lites
541 3442 741 3501 relicto
772 3442 993 3515 templo
1023 3448 1081 3498 et
1117 3443 1513 3515 Augusteonis
1570 3441 1853 3499 vestibulo
1886 3458 2018 3498 cum

375 3533 770 3606 imperatoriis
802 3532 1149 3588 exercitibus
1182 3534 1238 3588 in
1270 3532 1413 3588 vicis
1459 3547 1825 3603 congressos,
1875 3548 2019 3602 pau-

374 3639 469 3680 cos
500 3640 633 3678 cum
667 3623 886 3690 multis,
922 3622 1156 3695 fatigari
1186 3630 1238 3677 et
1284 3620 1566 3694 paulatim
1614 3620 2019 3677 remollescere

371 3713 709 3785 apparebat.
745 3714 828 3768 lta
858 3712 1159 3767 manifeste
1190 3711 1259 3767 ad
1290 3728 1494 3767 manus
1523 3715 1762 3767 ventum
1820 3714 1931 3779 est,
1960 3714 2019 3767 et

370 3819 568 3874 pugna
599 3817 814 3873 magna
841 3801 896 3857 vi
929 3800 1266 3868 commissa,
1300 3800 1533 3856 eminus
1564 3800 1792 3871 sagittis
1831 3804 1887 3856 et
1916 3816 2013 3856 (ιο⁴

370 3893 570 3950 minus
601 3891 1076 3949 manu.Gemitus
1107 3891 1441 3947 cadentium
1469 3895 1526 3946 et
1582 3891 2015 3948 cohortationes

370 3982 755 4041 occidentium
787 3982 1062 4054 utrinque
1094 3981 1430 4048 audiuntur,
1464 3981 1701 4053 ancipiti
1726 3981 1785 4035 in
1816 3981 2010 4051 ipsum

370 4089 560 4144 usque
580 4071 884 4128 meridiem
913 4071 1175 4127 victoria.
1209 4070 1309 4126 Die
1338 4087 1472 4127 xero
1492 4073 1617 4142 jam
1671 4070 2010 4137 inclinante,

367 4161 723 4231 imperatorii
771 4160 927 4217 haud
985 4161 1232 4216 obscure
1291 4159 1622 4231 superiores
1679 4161 2008 4224 evaserunt,

367 4249 708 4305 Caesarianis
739 4266 809 4304 ex
837 4248 1007 4304 biviis
1055 4250 1111 4303 in
1168 4254 1605 4321 Augusteonem
1663 4247 2006 4319 compulsis.

366 4338 581 4395 Deinde
610 4339 783 4395 etiam
815 4337 854 4394 ii
886 4337 986 4409 qui
1016 4337 1074 4392 in
1108 4339 1324 4393 fornice
1381 4336 1523 4394 Milli
1580 4335 1818 4392 stabant
1858 4340 1916 4392 et
1939 4354 2008 4393 ex

366 4429 488 4485 aede
518 4427 696 4485 Alexii
722 4428 1084 4501 pugnabant,
1121 4428 1316 4499 fugam
1369 4430 1724 4498 spectarunt.
1781 4425 2006 4489 Quibus

363 4518 508 4575 locis
531 4517 828 4591 occupatis
860 4516 1275 4591 imperatorius
1304 4514 1593 4572 exercitus
1633 4514 1843 4570 vexilla
1871 4530 2002 4571 cum

2128 3346 2437 3419 ἄνήλθοσαν
2491 3355 2603 3414 τοῖς
2657 3349 2970 3427 βασιλικοῖς
3023 3351 3548 3427 ἀντιπλακησόμενοι
3604 3373 3775 3429 στρα-

2123 3438 2373 3512 τεύμασι.
2407 3439 2509 3495 Καὶ
2550 3440 2642 3495 τὸν
2697 3441 2831 3496 νεὼν
2891 3438 2948 3495 δὲ
3004 3441 3062 3504 ὅς
3112 3446 3208 3498 τοῦ
3257 3440 3497 3515 Ἀλεξίου
3546 3462 3781 3499 κατονο-

2129 3529 2375 3601 μάζεται,
2442 3532 2511 3603 τῇ
2571 3527 2628 3584 δὲ
2674 3533 2771 3585 τοῦ
2840 3531 3266 3607 Αὐγουστεῶνος
3326 3531 3528 3604 αὐλαίᾳ
3563 3536 3780 3609 προσήι-

2123 3638 2313 3686 νωται,
2363 3622 2689 3692 στρατιῶται
2740 3619 2993 3682 εἰσιόντες
3044 3620 3365 3698 ἐφύλαττον.
3424 3620 3595 3679 Αότοὶ
3651 3623 3778 3696 μέν-

2120 3727 2205 3762 τοι
2266 3708 2321 3761 oi
2383 3708 2661 3783 βασιλικοὶ
2719 3710 2835 3773 καθ’
2893 3712 3105 3785 ἡμέραν
3176 3706 3445 3785 ἑϐδόμην,
3524 3709 3774 3786 δευτέραν

2119 3800 2217 3849 τοῦ
2265 3796 2446 3851 Μαῒου
2511 3796 2705 3869 μηνὸς,
2771 3804 2870 3866 τῆς
2929 3796 3414 3869 πεντεκαιδεκάτης
3491 3797 3770 3856 ἰνδικτιῶ-

2118 3904 2231 3953 νος,
2293 3883 2352 3939 ἐκ
2396 3890 2494 3940 τοῦ
2551 3885 2791 3962 μεγάλου
2829 3886 3098 3943 παλατίου
3134 3890 3274 3944 κατᾶ
3331 3890 3394 3944 τὸ
3445 3889 3764 3965 περίορθρον

2120 3973 2428 4049 ἐκθορόντες
2498 3975 2691 4032 εἰσίασι
2758 3979 2825 4032 τὰ
2913 3982 3103 4055 πρῶτα
3158 3980 3251 4035 τὸν
3332 3984 3430 4034 τοῦ
3495 3978 3772 4057 Θεολόγου

2119 4066 2369 4121 Ἰωάννου
2429 4064 2575 4133 ναὸν,
2625 4066 2671 4138 ᾧ
2728 4068 2790 4121 τὸ
2850 4065 3082 4139 ἐπίκλην
3136 4069 3439 4140 Διίππειον,
3484 4069 3775 4146 στρατίαρ-

2118 4171 2218 4229 χον
2274 4151 2494 4229 ἔχοντές
2533 4175 2651 4210 τινα
2700 4150 3006 4211 Σαϐϐἀτιον
3056 4157 3365 4231 Ἀρμένιον.
3400 4159 3629 4215 Ἔπειτα
3675 4164 3774 4215 τοῦ

2113 4242 2369 4316 τεμένους
2400 4245 2480 4317 [Ρ.
2519 4246 2644 4318 154]
2694 4245 2898 4300 ἄνωθεν
2942 4248 3228 4321 γενόμενοι
3285 4248 3535 4321 ἀσήμους
3597 4247 3782 4305 λαλα-

2111 4332 2210 4408 γὰς
2263 4332 2514 4410 ἠφίεσαν.
2582 4338 2669 4396 Ὡς
2730 4331 2777 4388 δ’
2845 4333 3141 4407 ἐνειστήκει
3191 4338 3385 4412 καιρὸς
3437 4340 3535 4393 τοῦ
3598 4339 3779 4415 μάχε-

2114 4432 2258 4490 σθαι,
2297 4422 2422 4497 περὶ
2452 4422 2642 4499 τρίτην
2697 4421 2840 4498 ὥραν
2890 4421 3056 4495 οὔσης
3099 4432 3202 4495 τῆς
3231 4426 3443 4502 ἡμέρας
3471 4426 3563 4482 καὶ
3622 4425 3776 4498 πλη-

2112 4511 2311 4583 θούσης
2372 4512 2612 4584 μάλιστα
2658 4518 2760 4582 τῆς
2823 4512 3050 4589 ἀγορᾶς,
3110 4516 3175 4570 οὐ
3246 4515 3478 4590 μετρίως
3521 4517 3651 4579 τοὺς
3711 4515 3779 4573 ἐκ

362 4608 723 4682 imaginibus
753 4608 812 4665 in
864 4607 1189 4664 fornicibus
1241 4607 1441 4673 erexit,
1493 4609 1550 4662 et
1605 4605 1755 4661 fores
1806 4609 2003 4678 Augu-

2129 4605 2211 4671 τῆς
2244 4601 2439 4677 ἁψῖδος
2467 4609 2564 4659 τοῦ
2594 4603 2798 4662 Μιλίου
2851 4606 2942 4660 καὶ
3000 4603 3127 4667 τοὺς
3193 4606 3299 4662 ἀπὸ
3346 4610 3443 4663 τοῦ
3508 4608 3615 4663 νεὼ
3668 4612 3772 4665 τοῦ

360 4700 576 4756 steonis
599 4699 902 4757 securibus
924 4704 981 4754 et
1006 4696 1230 4753 malleis
1248 4695 1841 4768 perrupit.Caesariani
1871 4712 2002 4752 vero

358 4788 495 4859 quia
524 4789 795 4845 resistere
826 4806 943 4844 non
975 4790 1262 4860 poterant,
1295 4802 1427 4841 cum
1459 4789 1516 4841 et
1556 4802 1626 4841 ex
1679 4785 2002 4840 fornicibus

360 4894 613 4948 superne
643 4884 699 4933 et
729 4878 997 4934 cominus
1049 4879 1108 4934 in
1165 4880 1536 4950 Augusteone
1589 4893 1622 4931 a
1679 4874 1846 4946 globo
1888 4875 1996 4930 mi-

361 4965 530 5020 litum
566 4966 813 5035 pessime
834 4971 1241 5035 tractarentur,
1267 4964 1546 5037 paulatim
1568 4964 1995 5031 dilabebantur,

359 5054 511 5108 309
546 5071 749 5125 parum
783 5056 973 5125 adjuti
1028 5055 1100 5109 ab
1155 5055 1226 5110 iis
1281 5055 1383 5124 qui
1438 5072 1506 5110 ex
1544 5054 1855 5116 Macronis,
1897 5052 1997 5108 ubi

356 5142 769 5198 Catechumeni
801 5143 1208 5207 instituuntur,
1240 5143 1637 5199 etThomoitae
1680 5141 1995 5213 superiori-

355 5230 466 5287 bus
496 5230 638 5287 locis
665 5248 801 5287 saxa
829 5240 882 5286 et
913 5230 1027 5286 tela
1050 5230 1478 5300 jaculabantur.
1524 5232 1778 5288 Tandem
1810 5231 1991 5287 armis

352 5320 613 5391 undique
643 5320 1017 5377 circumvenit
1047 5324 1103 5375 et
1135 5325 1507 5392 Augusteone
1548 5322 1604 5375 in
1662 5320 1864 5392 templi
1910 5336 1995 5377 ve-

350 5408 639 5464 stibulum
664 5409 1021 5477 irruunt,ubi
1046 5410 1315 5482 princeps
1330 5415 1387 5466 et
1406 5411 1695 5467 maximus
1713 5412 1807 5466 Dei
1825 5427 1998 5484 appa-

349 5499 515 5569 riter,
541 5499 926 5573 archangelus
957 5498 1202 5556 Michael
1233 5499 1432 5555 stricto
1481 5501 1673 5572 gladio
1712 5517 1815 5572 pro
1847 5507 1990 5558 tem-

346 5588 425 5663 pli
449 5590 691 5646 custode
711 5595 968 5647 statuam
1000 5589 1175 5646 habet
1204 5589 1479 5646 tenuibus
1509 5590 1749 5648 calculis
1807 5592 1986 5648 inter-

345 5685 646 5759 punctam.
682 5688 761 5742 Ex
793 5699 857 5742 eo
895 5698 1084 5755 neque
1139 5681 1497 5754 imperatorii
1554 5681 1801 5741 ulterius
1859 5699 1987 5755 pro-

2115 4695 2358 4770 Ἀλεξίου
2393 4698 2745 4773 μαχομένους
2789 4697 3018 4760 ὁπλίτας
3071 4706 3172 4769 τῆς
3227 4700 3593 4778 Καισαρίσσης
3654 4702 3772 4757 ἐσί-

2111 4808 2266 4842 νοντο
2299 4786 2470 4854 οὗτοι,
2531 4786 2582 4857 ἐξ
2650 4784 2974 4862 ὑπερδεξίων
3034 4789 3346 4865 μαχόμενοι
3395 4790 3487 4846 καὶ
3539 4792 3617 4854 ὡς
3670 4791 3767 4872 ἀφ’

2110 4877 2280 4950 ὂψους
2366 4875 2641 4947 σκηπτοὺς
2734 4876 3048 4952 έπαφιέντες
3123 4881 3272 4935 κάτω
3350 4881 3418 4936 τὰ
3497 4879 3769 4956 βέλεμνα.

2111 4964 2292 5022 Ἀλλᾶ
2338 4964 2426 5019 καὶ
2486 4965 2679 5041 ἑτέρων
2721 4965 3043 5043 καταλόγων
3086 4968 3468 5025 εὐοπλοτάτων
3515 4975 3614 5025 τοῦ
3660 4991 3767 5026 πα-

2109 5054 2300 5111 λατίου
2333 5055 2576 5126 ἐξιόντων
2616 5056 2707 5111 καὶ
2764 5055 2857 5118 τὰς
2921 5055 3139 5122 διόδους
3197 5059 3609 5135 πληρωσάντων
3671 5068 3768 5123 καὶ

2104 5148 2231 5208 τοὺς
2285 5143 2591 5206 στενωποὺς
2658 5141 3027 5225 διειληφότων
3087 5147 3279 5203 ὁπόσοι
3310 5148 3446 5223 πρὸς
3498 5149 3562 5204 τὸ
3623 5148 3766 5224 μέγα

2103 5238 2322 5310 τέμενος
2376 5235 2649 5313 φέρουσιν,
2703 5234 2732 5288 ὃ
2786 5255 2845 5290 τε
2902 5234 3082 5310 δῆμος
3147 5241 3244 5294 τοῦ
3311 5234 3625 5310 ἐπιϐοηθεῖν
3686 5242 3760 5313 τῇ

2104 5325 2436 5400 Καισαρίσσῃ
2511 5323 2781 5380 ἐπαύσατο
2840 5322 2930 5381 διὰ
2983 5327 3045 5381 τὸ
3116 5332 3277 5383 πᾶσιν
3351 5323 3547 5406 ἔφοδον
3636 5335 3761 5394 τοῖς

2106 5414 2297 5477 ἕπλοις
2327 5411 2812 5489 ἀποταφρεύεσθαι,
2842 5413 2933 5469 καὶ
2965 5416 3022 5469 οἱ
3069 5415 3132 5471 ἐκ
3183 5422 3281 5473 τοῦ
3311 5418 3461 5493 ἱεροῦ
3518 5416 3758 5491 ἐπεξιόν-

2098 5524 2185 5566 τες
2215 5504 2303 5559 καὶ
2351 5502 2451 5571 τήν
2487 5498 2715 5557 αὒλαίαν
2771 5502 2870 5557 τοῦ
2926 5503 3339 5580 Αὐγουστεῶνος
3397 5501 3759 5580 ὑπερϐαίνονο

2098 5614 2187 5658 τες
2241 5591 2330 5648 καὶ
2379 5595 2499 5653 τοῖς
2543 5589 2855 5664 βασιλικοῖς
2899 5598 3149 5669 στρατοῖς
3206 5593 3344 5649 κατᾶ
3398 5594 3494 5656 τὰς
3558 5594 3760 5672 ἀγυιὰς

2102 5679 2562 5759 συμπλεκόμενοι,
2596 5676 2772 5755 ὀλίγοι
2831 5681 2968 5760 πρὸς
3006 5681 3232 5748 πλείους
3286 5680 3761 5761 διαμιλλώμενοι,
