  <div class='ocr_page' id='page_1' title='image "/cluster/home/n/w/nwhite01/storage/ocr_20150623/139/mdp.39015078384214/302.png"; bbox 0 0 4126 6294; ppageno 0'>
   <div class='ocr_carea' id='block_1_1' title="bbox 277 364 399 426">
    <p class='ocr_par' dir='ltr' id='par_1_1' title="bbox 277 364 399 426">
     <span class='ocr_line' id='line_1_1' title="bbox 277 364 399 426; baseline -0.016 1"><span class='ocrx_word' id='word_1_1' title='bbox 277 364 399 426; x_wconf 77' lang='lat'>589</span> 
     </span>
    </p>
   </div>
   <div class='ocr_carea' id='block_1_2' title="bbox 1464 353 2557 427">
    <p class='ocr_par' dir='ltr' id='par_1_2' title="bbox 1464 353 2557 427">
     <span class='ocr_line' id='line_1_2' title="bbox 1464 353 2557 427; baseline -0.009 -1"><span class='ocrx_word' id='word_1_2' title='bbox 1464 353 1799 427; x_wconf 80' lang='lat' dir='ltr'><strong>ALEXIUS</strong></span> <span class='ocrx_word' id='word_1_3' title='bbox 1844 357 2248 424; x_wconf 82' lang='lat' dir='ltr'>MANUELIS</span> <span class='ocrx_word' id='word_1_4' title='bbox 2291 353 2557 418; x_wconf 79' lang='lat' dir='ltr'>FILIUS</span> 
     </span>
    </p>
   </div>
   <div class='ocr_carea' id='block_1_3' title="bbox 3593 366 3713 429">
    <p class='ocr_par' dir='ltr' id='par_1_3' title="bbox 3593 366 3713 429">
     <span class='ocr_line' id='line_1_3' title="bbox 3593 366 3713 429; baseline 0.025 -3"><span class='ocrx_word' id='word_1_5' title='bbox 3593 366 3713 429; x_wconf 81' lang='lat'>590</span> 
     </span>
    </p>
   </div>
   <div class='ocr_carea' id='block_1_4' title="bbox 296 488 1955 570">
    <p class='ocr_par' dir='ltr' id='par_1_4' title="bbox 296 490 1950 570">
     <span class='ocr_line' id='line_1_4' title="bbox 296 490 1950 570; baseline -0.001 -18"><span class='ocrx_word' id='word_1_6' title='bbox 296 495 469 567; x_wconf 79' lang='grc' dir='ltr'>δῆλοι</span> <span class='ocrx_word' id='word_1_7' title='bbox 524 494 663 566; x_wconf 78' lang='grc' dir='ltr'>ἦσαν</span> <span class='ocrx_word' id='word_1_8' title='bbox 738 491 1040 567; x_wconf 82' lang='grc' dir='ltr'>κάμνοντες</span> <span class='ocrx_word' id='word_1_9' title='bbox 1098 490 1207 564; x_wconf 67' lang='grc' dir='ltr'>ἤδη</span> <span class='ocrx_word' id='word_1_10' title='bbox 1263 493 1353 550; x_wconf 84' lang='grc' dir='ltr'>καὶ</span> <span class='ocrx_word' id='word_1_11' title='bbox 1409 494 1546 551; x_wconf 80' lang='grc' dir='ltr'>κατὰ</span> <span class='ocrx_word' id='word_1_12' title='bbox 1607 493 1789 570; x_wconf 74' lang='grc' dir='ltr'>βραχὺ</span> <span class='ocrx_word' id='word_1_13' title='bbox 1854 498 1950 550; x_wconf 82' lang='grc' dir='ltr'>τοῦ</span> 
     </span>
    </p>
   </div>
   <div class='ocr_carea' id='block_1_5' title="bbox 2063 488 3712 570">
    <p class='ocr_par' dir='ltr' id='par_1_5' title="bbox 2063 488 3712 567">
     <span class='ocr_line' id='line_1_5' title="bbox 2063 488 3712 567; baseline 0.002 -18"><span class='ocrx_word' id='word_1_14' title='bbox 2063 491 2225 567; x_wconf 80' lang='lat' dir='ltr'>gredi</span> <span class='ocrx_word' id='word_1_15' title='bbox 2255 492 2573 563; x_wconf 86' lang='lat' dir='ltr'>potuerunt</span> <span class='ocrx_word' id='word_1_16' title='bbox 2595 488 2667 545; x_wconf 93' lang='lat' dir='ltr'>ob</span> <span class='ocrx_word' id='word_1_17' title='bbox 2698 491 3007 563; x_wconf 85' lang='lat' dir='ltr'>suspectps</span> <span class='ocrx_word' id='word_1_18' title='bbox 3059 493 3261 565; x_wconf 85' lang='lat' dir='ltr'>templi</span> <span class='ocrx_word' id='word_1_19' title='bbox 3318 493 3663 566; x_wconf 84' lang='lat' dir='ltr'>angiportus</span> <span class='ocrx_word' id='word_1_20' title='bbox 3696 515 3712 565; x_wconf 84' lang='lat'><strong>;</strong></span> 
     </span>
    </p>
   </div>
   <div class='ocr_carea' id='block_1_6' title="bbox 304 580 1952 664">
    <p class='ocr_par' dir='ltr' id='par_1_6' title="bbox 304 580 1952 664">
     <span class='ocr_line' id='line_1_6' title="bbox 304 580 1952 664; baseline -0.002 -23"><span class='ocrx_word' id='word_1_21' title='bbox 304 585 612 664; x_wconf 76' lang='grc' dir='ltr'>θαρραλέου</span> <span class='ocrx_word' id='word_1_22' title='bbox 698 580 1096 657; x_wconf 80' lang='grc' dir='ltr'>ὑπεκλυόμενοι</span> <span class='ocrx_word' id='word_1_23' title='bbox 1182 581 1457 657; x_wconf 87' lang='grc' dir='ltr'>λήματος.</span> <span class='ocrx_word' id='word_1_24' title='bbox 1518 584 1623 640; x_wconf 80' lang='grc' dir='ltr'>Καὶ</span> <span class='ocrx_word' id='word_1_25' title='bbox 1705 584 1849 638; x_wconf 77' lang='grc' dir='ltr'>οὕτω</span> <span class='ocrx_word' id='word_1_26' title='bbox 1906 580 1952 637; x_wconf 91' lang='grc' dir='ltr'>δ’</span> 
     </span>
    </p>
   </div>
   <div class='ocr_carea' id='block_1_7' title="bbox 311 670 1954 747">
    <p class='ocr_par' dir='ltr' id='par_1_7' title="bbox 311 670 1954 747">
     <span class='ocr_line' id='line_1_7' title="bbox 311 670 1954 747; baseline -0.003 -16"><span class='ocrx_word' id='word_1_27' title='bbox 311 673 402 731; x_wconf 76' lang='grc' dir='ltr'>οὖν</span> <span class='ocrx_word' id='word_1_28' title='bbox 478 675 542 729; x_wconf 74' lang='grc' dir='ltr'>τά</span> <span class='ocrx_word' id='word_1_29' title='bbox 598 680 695 743; x_wconf 82' lang='grc' dir='ltr'>τῆς</span> <span class='ocrx_word' id='word_1_30' title='bbox 756 671 1083 746; x_wconf 86' lang='grc' dir='ltr'>συμπλὸκῆς</span> <span class='ocrx_word' id='word_1_31' title='bbox 1151 671 1453 743; x_wconf 68' lang='grc' dir='ltr'>ἐνειστήκει</span> <span class='ocrx_word' id='word_1_32' title='bbox 1510 671 1806 747; x_wconf 78' lang='grc' dir='ltr'>λαμπρῶς,</span> <span class='ocrx_word' id='word_1_33' title='bbox 1863 670 1954 727; x_wconf 87' lang='grc' dir='ltr'>καὶ</span> 
     </span>
    </p>
   </div>
   <div class='ocr_carea' id='block_1_8' title="bbox 2065 579 3716 658">
    <p class='ocr_par' dir='ltr' id='par_1_8' title="bbox 2065 579 3716 658">
     <span class='ocr_line' id='line_1_8' title="bbox 2065 579 3716 658; baseline 0.002 -19"><span class='ocrx_word' id='word_1_34' title='bbox 2065 597 2253 653; x_wconf 92' lang='lat' dir='ltr'>neque</span> <span class='ocrx_word' id='word_1_35' title='bbox 2283 579 2606 637; x_wconf 66' lang='lat' dir='ltr'>Caesarisste</span> <span class='ocrx_word' id='word_1_36' title='bbox 2639 580 2970 638; x_wconf 80' lang='lat' dir='ltr'>defensores</span> <span class='ocrx_word' id='word_1_37' title='bbox 3002 581 3136 638; x_wconf 91' lang='lat' dir='ltr'>inde</span> <span class='ocrx_word' id='word_1_38' title='bbox 3168 583 3242 639; x_wconf 86' lang='lat' dir='ltr'>ad</span> <span class='ocrx_word' id='word_1_39' title='bbox 3273 600 3534 658; x_wconf 84' lang='lat' dir='ltr'>pugnam</span> <span class='ocrx_word' id='word_1_40' title='bbox 3585 601 3716 657; x_wconf 89' lang='lat' dir='ltr'>pro-</span> 
     </span>
    </p>
   </div>
   <div class='ocr_carea' id='block_1_9' title="bbox 2066 672 2288 728">
    <p class='ocr_par' dir='ltr' id='par_1_9' title="bbox 2066 672 2288 728">
     <span class='ocr_line' id='line_1_9' title="bbox 2066 672 2288 728; baseline -0.018 0"><span class='ocrx_word' id='word_1_41' title='bbox 2066 672 2288 728; x_wconf 87' lang='lat' dir='ltr'>dibant.</span> 
     </span>
    </p>
   </div>
   <div class='ocr_carea' id='block_1_10' title="bbox 311 754 3703 841">
    <p class='ocr_par' dir='ltr' id='par_1_10' title="bbox 311 754 3703 841">
     <span class='ocr_line' id='line_1_10' title="bbox 311 754 3703 841; baseline 0 -23"><span class='ocrx_word' id='word_1_42' title='bbox 311 767 460 841; x_wconf 78' lang='grc' dir='ltr'>μάχη</span> <span class='ocrx_word' id='word_1_43' title='bbox 488 761 792 837; x_wconf 74' lang='grc' dir='ltr'>συνέῤῥωγε</span> <span class='ocrx_word' id='word_1_44' title='bbox 820 761 1075 838; x_wconf 73' lang='grc' dir='ltr'>καρτερὰ,</span> <span class='ocrx_word' id='word_1_45' title='bbox 1108 764 1143 831; x_wconf 76' lang='grc' dir='ltr'><strong>ἡ</strong></span> <span class='ocrx_word' id='word_1_46' title='bbox 1181 762 1275 836; x_wconf 68' lang='grc' dir='ltr'>μὲν</span> <span class='ocrx_word' id='word_1_47' title='bbox 1311 761 1415 818; x_wconf 82' lang='grc' dir='ltr'>ἀπὸ</span> <span class='ocrx_word' id='word_1_48' title='bbox 1446 758 1615 833; x_wconf 75' lang='grc' dir='ltr'>τόξων</span> <span class='ocrx_word' id='word_1_49' title='bbox 1662 761 1859 837; x_wconf 84' lang='grc' dir='ltr'>βολῆς,</span> <span class='ocrx_word' id='word_1_50' title='bbox 1890 764 1926 830; x_wconf 79' lang='grc' dir='ltr'>ἡ</span> <span class='ocrx_word' id='word_1_51' title='bbox 1958 757 2016 815; x_wconf 77' lang='grc' dir='ltr'>δὲ</span> <span class='ocrx_word' id='word_1_52' title='bbox 2043 760 2133 814; x_wconf 84' lang='grc' dir='ltr'>καὶ</span> <span class='ocrx_word' id='word_1_53' title='bbox 2164 758 2215 813; x_wconf 77' lang='grc' dir='ltr'>έν</span> <span class='ocrx_word' id='word_1_54' title='bbox 2255 757 2445 837; x_wconf 79' lang='grc' dir='ltr'>χερσὶν</span> <span class='ocrx_word' id='word_1_55' title='bbox 2475 754 2837 833; x_wconf 76' lang='grc' dir='ltr'>ἀγχώμαλος,</span> <span class='ocrx_word' id='word_1_56' title='bbox 2868 758 2957 812; x_wconf 82' lang='grc' dir='ltr'>καὶ</span> <span class='ocrx_word' id='word_1_57' title='bbox 2993 758 3177 820; x_wconf 83' lang='grc' dir='ltr'>στόνος</span> <span class='ocrx_word' id='word_1_58' title='bbox 3230 760 3322 834; x_wconf 73' lang='grc' dir='ltr'>μὲν</span> <span class='ocrx_word' id='word_1_59' title='bbox 3378 762 3485 816; x_wconf 83' lang='grc' dir='ltr'>τῶν</span> <span class='ocrx_word' id='word_1_60' title='bbox 3518 762 3703 832; x_wconf 85' lang='grc' dir='ltr'>πλητ-</span> 
     </span>
    </p>
   </div>
   <div class='ocr_carea' id='block_1_11' title="bbox 305 846 3708 929">
    <p class='ocr_par' dir='ltr' id='par_1_11' title="bbox 305 846 3708 929">
     <span class='ocr_line' id='line_1_11' title="bbox 305 846 3708 929; baseline -0.001 -19"><span class='ocrx_word' id='word_1_61' title='bbox 305 853 562 928; x_wconf 84' lang='grc' dir='ltr'>τομένων,</span> <span class='ocrx_word' id='word_1_62' title='bbox 592 851 985 926; x_wconf 84' lang='grc' dir='ltr'>έπικελευσμὸς</span> <span class='ocrx_word' id='word_1_63' title='bbox 1017 848 1074 907; x_wconf 74' lang='grc' dir='ltr'>δὲ</span> <span class='ocrx_word' id='word_1_64' title='bbox 1101 856 1211 907; x_wconf 86' lang='grc' dir='ltr'>τῶν</span> <span class='ocrx_word' id='word_1_65' title='bbox 1241 853 1603 929; x_wconf 76' lang='grc' dir='ltr'>ἀναιρούντων</span> <span class='ocrx_word' id='word_1_66' title='bbox 1627 852 1956 927; x_wconf 72' lang='grc' dir='ltr'>ἑκατέρωθεν</span> <span class='ocrx_word' id='word_1_67' title='bbox 1995 847 2304 922; x_wconf 79' lang='grc' dir='ltr'>ἐξηκούετο.</span> <span class='ocrx_word' id='word_1_68' title='bbox 2363 848 2507 910; x_wconf 84' lang='grc' dir='ltr'>Ἕως</span> <span class='ocrx_word' id='word_1_69' title='bbox 2565 847 2660 920; x_wconf 74' lang='grc' dir='ltr'>μὶν</span> <span class='ocrx_word' id='word_1_70' title='bbox 2722 849 2812 901; x_wconf 76' lang='grc' dir='ltr'>οὖν</span> <span class='ocrx_word' id='word_1_71' title='bbox 2875 849 3133 925; x_wconf 83' lang='grc' dir='ltr'>σταθερᾶς</span> <span class='ocrx_word' id='word_1_72' title='bbox 3175 846 3520 924; x_wconf 85' lang='grc' dir='ltr'>μεσημϐρίας</span> <span class='ocrx_word' id='word_1_73' title='bbox 3552 852 3617 921; x_wconf 72' lang='grc' dir='ltr'>ἦν</span> <span class='ocrx_word' id='word_1_74' title='bbox 3672 856 3708 923; x_wconf 79' lang='grc' dir='ltr'>ἠ</span> 
     </span>
    </p>
   </div>
   <div class='ocr_carea' id='block_1_12' title="bbox 306 937 3703 1022">
    <p class='ocr_par' dir='ltr' id='par_1_12' title="bbox 306 937 3703 1022">
     <span class='ocr_line' id='line_1_12' title="bbox 306 937 3703 1022; baseline -0.001 -25"><span class='ocrx_word' id='word_1_75' title='bbox 306 943 457 1022; x_wconf 83' lang='grc' dir='ltr'>μάχη</span> <span class='ocrx_word' id='word_1_76' title='bbox 489 940 821 1022; x_wconf 73' lang='grc' dir='ltr'>ἀμφι-πάλης</span> <span class='ocrx_word' id='word_1_77' title='bbox 842 941 932 998; x_wconf 86' lang='grc' dir='ltr'>καὶ</span> <span class='ocrx_word' id='word_1_78' title='bbox 964 944 998 1012; x_wconf 85' lang='grc' dir='ltr'>ἠ</span> <span class='ocrx_word' id='word_1_79' title='bbox 1029 940 1152 1014; x_wconf 93' lang='grc' dir='ltr'>νίκη</span> <span class='ocrx_word' id='word_1_80' title='bbox 1188 942 1556 1019; x_wconf 74' lang='grc' dir='ltr'>ἀμφήριστος,</span> <span class='ocrx_word' id='word_1_81' title='bbox 1579 938 1663 996; x_wconf 73' lang='grc' dir='ltr'>ἔπ’</span> <span class='ocrx_word' id='word_1_82' title='bbox 1691 941 1821 1012; x_wconf 82' lang='grc' dir='ltr'>’ἰσης</span> <span class='ocrx_word' id='word_1_83' title='bbox 1848 945 1957 997; x_wconf 90' lang='grc' dir='ltr'>τῶν</span> <span class='ocrx_word' id='word_1_84' title='bbox 1996 939 2320 1017; x_wconf 71' lang='grc' dir='ltr'>ἀμφοτέρων</span> <span class='ocrx_word' id='word_1_85' title='bbox 2357 937 2774 1013; x_wconf 70' lang='grc' dir='ltr'>στρατευμάτων</span> <span class='ocrx_word' id='word_1_86' title='bbox 2820 937 3221 994; x_wconf 72' lang='grc' dir='ltr'>ταλαντεύουσα</span> <span class='ocrx_word' id='word_1_87' title='bbox 3277 942 3373 1001; x_wconf 77' lang='grc' dir='ltr'>τὰς</span> <span class='ocrx_word' id='word_1_88' title='bbox 3429 939 3703 1019; x_wconf 83' lang='grc' dir='ltr'>πλάστιγ-</span> 
     </span>
    </p>
   </div>
   <div class='ocr_carea' id='block_1_13' title="bbox 302 1026 3713 1112">
    <p class='ocr_par' dir='ltr' id='par_1_13' title="bbox 302 1026 3713 1112">
     <span class='ocr_line' id='line_1_13' title="bbox 302 1026 3713 1112; baseline -0 -22"><span class='ocrx_word' id='word_1_89' title='bbox 302 1055 425 1112; x_wconf 90' lang='grc' dir='ltr'>γας,</span> <span class='ocrx_word' id='word_1_90' title='bbox 455 1032 720 1090; x_wconf 86' lang='grc' dir='ltr'>κλίνουσά</span> <span class='ocrx_word' id='word_1_91' title='bbox 748 1055 807 1090; x_wconf 85' lang='grc' dir='ltr'>τε</span> <span class='ocrx_word' id='word_1_92' title='bbox 835 1032 931 1090; x_wconf 78' lang='grc' dir='ltr'>ἆνά</span> <span class='ocrx_word' id='word_1_93' title='bbox 964 1035 1131 1107; x_wconf 89' lang='grc' dir='ltr'>μέρος</span> <span class='ocrx_word' id='word_1_94' title='bbox 1161 1033 1251 1089; x_wconf 86' lang='grc' dir='ltr'>καὶ</span> <span class='ocrx_word' id='word_1_95' title='bbox 1285 1034 1437 1089; x_wconf 81' lang='grc' dir='ltr'>αὖθις</span> <span class='ocrx_word' id='word_1_96' title='bbox 1468 1033 1736 1109; x_wconf 89' lang='grc' dir='ltr'>ἀνάγουσα</span> <span class='ocrx_word' id='word_1_97' title='bbox 1764 1033 1826 1087; x_wconf 89' lang='grc' dir='ltr'>τὸ</span> <span class='ocrx_word' id='word_1_98' title='bbox 1854 1032 1978 1087; x_wconf 89' lang='grc' dir='ltr'>τότε</span> <span class='ocrx_word' id='word_1_99' title='bbox 2012 1033 2353 1108; x_wconf 59' lang='grc' dir='ltr'>μαχόμενον</span> <span class='ocrx_word' id='word_1_100' title='bbox 2422 1036 2522 1099; x_wconf 88' lang='grc' dir='ltr'>τῆς</span> <span class='ocrx_word' id='word_1_101' title='bbox 2579 1026 2625 1083; x_wconf 88' lang='grc' dir='ltr'>δ’</span> <span class='ocrx_word' id='word_1_102' title='bbox 2681 1028 2894 1105; x_wconf 84' lang='grc' dir='ltr'>ἡμέρας</span> <span class='ocrx_word' id='word_1_103' title='bbox 2945 1028 3054 1102; x_wconf 77' lang='grc' dir='ltr'>ἤδη</span> <span class='ocrx_word' id='word_1_104' title='bbox 3120 1031 3509 1108; x_wconf 84' lang='grc' dir='ltr'>ὑποληγούσης</span> <span class='ocrx_word' id='word_1_105' title='bbox 3562 1055 3713 1109; x_wconf 85' lang='grc' dir='ltr'>περι-</span> 
     </span>
    </p>
   </div>
   <div class='ocr_carea' id='block_1_14' title="bbox 303 1117 3714 1202">
    <p class='ocr_par' dir='ltr' id='par_1_14' title="bbox 303 1117 3714 1202">
     <span class='ocr_line' id='line_1_14' title="bbox 303 1117 3714 1202; baseline -0 -24"><span class='ocrx_word' id='word_1_106' title='bbox 303 1124 479 1202; x_wconf 72' lang='grc' dir='ltr'>φανὴς</span> <span class='ocrx_word' id='word_1_107' title='bbox 501 1125 536 1193; x_wconf 76' lang='grc' dir='ltr'>ἡ</span> <span class='ocrx_word' id='word_1_108' title='bbox 566 1124 691 1193; x_wconf 88' lang='grc' dir='ltr'>νίκη</span> <span class='ocrx_word' id='word_1_109' title='bbox 727 1126 843 1185; x_wconf 89' lang='grc' dir='ltr'>τοῖς</span> <span class='ocrx_word' id='word_1_110' title='bbox 875 1122 934 1177; x_wconf 84' lang='grc' dir='ltr'>ἐκ</span> <span class='ocrx_word' id='word_1_111' title='bbox 966 1120 1236 1198; x_wconf 86' lang='grc' dir='ltr'>βασιλέως</span> <span class='ocrx_word' id='word_1_112' title='bbox 1264 1122 1651 1198; x_wconf 80' lang='grc' dir='ltr'>προσέρῥεψεν.</span> <span class='ocrx_word' id='word_1_113' title='bbox 1686 1121 1976 1196; x_wconf 85' lang='grc' dir='ltr'>Ὠσάμενοι</span> <span class='ocrx_word' id='word_1_114' title='bbox 2015 1121 2119 1195; x_wconf 85' lang='grc' dir='ltr'>γὰρ</span> <span class='ocrx_word' id='word_1_115' title='bbox 2150 1121 2282 1181; x_wconf 79' lang='grc' dir='ltr'>τοὺς</span> <span class='ocrx_word' id='word_1_116' title='bbox 2339 1117 2399 1172; x_wconf 72' lang='grc' dir='ltr'>ἐκ</span> <span class='ocrx_word' id='word_1_117' title='bbox 2446 1121 2543 1173; x_wconf 83' lang='grc' dir='ltr'>τοῦ</span> <span class='ocrx_word' id='word_1_118' title='bbox 2599 1118 2700 1173; x_wconf 87' lang='grc' dir='ltr'>νεὼ</span> <span class='ocrx_word' id='word_1_119' title='bbox 2765 1117 2895 1173; x_wconf 78' lang='grc' dir='ltr'>εἷ’σω</span> <span class='ocrx_word' id='word_1_120' title='bbox 2942 1124 3039 1175; x_wconf 81' lang='grc' dir='ltr'>τοῦ</span> <span class='ocrx_word' id='word_1_121' title='bbox 3072 1120 3488 1196; x_wconf 83' lang='grc' dir='ltr'>Αύγουστεῶνος</span> <span class='ocrx_word' id='word_1_122' title='bbox 3519 1123 3714 1179; x_wconf 84' lang='grc' dir='ltr'>κατέκ-</span> 
     </span>
    </p>
   </div>
   <div class='ocr_carea' id='block_1_15' title="bbox 298 1206 3708 1289">
    <p class='ocr_par' dir='ltr' id='par_1_15' title="bbox 298 1206 3708 1289">
     <span class='ocr_line' id='line_1_15' title="bbox 298 1206 3708 1289; baseline -0.001 -19"><span class='ocrx_word' id='word_1_123' title='bbox 298 1213 510 1284; x_wconf 86' lang='grc' dir='ltr'>λεισαν,</span> <span class='ocrx_word' id='word_1_124' title='bbox 553 1212 745 1269; x_wconf 77' lang='grc' dir='ltr'>ἐντῶν</span> <span class='ocrx_word' id='word_1_125' title='bbox 801 1209 1062 1289; x_wconf 83' lang='grc' dir='ltr'>ἀμφόδων</span> <span class='ocrx_word' id='word_1_126' title='bbox 1122 1212 1613 1286; x_wconf 66' lang='grc' dir='ltr'>ἀποκρουσάμενον</span> <span class='ocrx_word' id='word_1_127' title='bbox 1676 1212 1884 1268; x_wconf 87' lang='grc' dir='ltr'>τούτων</span> <span class='ocrx_word' id='word_1_128' title='bbox 1934 1206 1991 1265; x_wconf 75' lang='grc' dir='ltr'>δὲ</span> <span class='ocrx_word' id='word_1_129' title='bbox 2048 1207 2477 1280; x_wconf 70' lang='grc' dir='ltr'>συνειληθέντων</span> <span class='ocrx_word' id='word_1_130' title='bbox 2519 1206 2688 1277; x_wconf 75' lang='grc' dir='ltr'>ἐντὸς,</span> <span class='ocrx_word' id='word_1_131' title='bbox 2765 1208 2854 1263; x_wconf 85' lang='grc' dir='ltr'>καὶ</span> <span class='ocrx_word' id='word_1_132' title='bbox 2923 1210 2975 1264; x_wconf 79' lang='grc' dir='ltr'>οἱ</span> <span class='ocrx_word' id='word_1_133' title='bbox 3032 1216 3149 1273; x_wconf 87' lang='grc' dir='ltr'>ταῖς</span> <span class='ocrx_word' id='word_1_134' title='bbox 3181 1213 3334 1285; x_wconf 83' lang='grc' dir='ltr'>άψῖσι</span> <span class='ocrx_word' id='word_1_135' title='bbox 3376 1216 3473 1267; x_wconf 86' lang='lat'>106</span> <span class='ocrx_word' id='word_1_136' title='bbox 3504 1212 3708 1269; x_wconf 85' lang='grc' dir='ltr'>Μιλίου</span> 
     </span>
    </p>
   </div>
   <div class='ocr_carea' id='block_1_16' title="bbox 300 1293 3709 1382">
    <p class='ocr_par' dir='ltr' id='par_1_16' title="bbox 300 1293 3709 1382">
     <span class='ocr_line' id='line_1_16' title="bbox 300 1293 3709 1382; baseline -0.001 -24"><span class='ocrx_word' id='word_1_137' title='bbox 300 1301 595 1382; x_wconf 59' lang='grc' dir='ltr'>ἐφεστῶτες</span> <span class='ocrx_word' id='word_1_138' title='bbox 625 1301 716 1357; x_wconf 84' lang='grc' dir='ltr'>καὶ</span> <span class='ocrx_word' id='word_1_139' title='bbox 748 1301 799 1356; x_wconf 77' lang='grc' dir='ltr'>οἳ</span> <span class='ocrx_word' id='word_1_140' title='bbox 830 1299 891 1356; x_wconf 83' lang='grc' dir='ltr'>ἐκ</span> <span class='ocrx_word' id='word_1_141' title='bbox 921 1305 1015 1356; x_wconf 82' lang='grc' dir='ltr'>τοῦ</span> <span class='ocrx_word' id='word_1_142' title='bbox 1040 1301 1144 1356; x_wconf 90' lang='grc' dir='ltr'>νεὼ</span> <span class='ocrx_word' id='word_1_143' title='bbox 1173 1305 1271 1358; x_wconf 81' lang='grc' dir='ltr'>τοῦ</span> <span class='ocrx_word' id='word_1_144' title='bbox 1311 1299 1558 1371; x_wconf 80' lang='grc' dir='ltr'>’Δλεξίου</span> <span class='ocrx_word' id='word_1_145' title='bbox 1593 1302 1904 1380; x_wconf 85' lang='grc' dir='ltr'>μαχόμενοι</span> <span class='ocrx_word' id='word_1_146' title='bbox 1938 1300 2073 1375; x_wconf 83' lang='grc' dir='ltr'>πρὸς</span> <span class='ocrx_word' id='word_1_147' title='bbox 2130 1300 2338 1375; x_wconf 79' lang='grc' dir='ltr'>τροπὴν</span> <span class='ocrx_word' id='word_1_148' title='bbox 2397 1293 2651 1372; x_wconf 81' lang='grc' dir='ltr'>ἔϐλεψαν.</span> <span class='ocrx_word' id='word_1_149' title='bbox 2711 1299 2810 1352; x_wconf 85' lang='grc' dir='ltr'>Καὶ</span> <span class='ocrx_word' id='word_1_150' title='bbox 2840 1298 2917 1360; x_wconf 82' lang='grc' dir='ltr'>ὡς</span> <span class='ocrx_word' id='word_1_151' title='bbox 2973 1295 3306 1355; x_wconf 82' lang='grc' dir='ltr'>ἐπελάϐοντο</span> <span class='ocrx_word' id='word_1_152' title='bbox 3349 1305 3457 1356; x_wconf 89' lang='grc' dir='ltr'>τῶν</span> <span class='ocrx_word' id='word_1_153' title='bbox 3507 1304 3709 1382; x_wconf 80' lang='grc' dir='ltr'>χώρων</span> 
     </span>
    </p>
   </div>
   <div class='ocr_carea' id='block_1_17' title="bbox 293 1378 3710 1466">
    <p class='ocr_par' dir='ltr' id='par_1_17' title="bbox 293 1378 3710 1466">
     <span class='ocr_line' id='line_1_17' title="bbox 293 1378 3710 1466; baseline -0 -18"><span class='ocrx_word' id='word_1_154' title='bbox 293 1378 524 1464; x_wconf 79' lang='grc' dir='ltr'>τούτων,</span> <span class='ocrx_word' id='word_1_155' title='bbox 558 1391 587 1446; x_wconf 91' lang='lat'>6</span> <span class='ocrx_word' id='word_1_156' title='bbox 610 1394 709 1446; x_wconf 86' lang='lat'>106</span> <span class='ocrx_word' id='word_1_157' title='bbox 743 1388 1013 1466; x_wconf 82' lang='grc' dir='ltr'>βασιλέως</span> <span class='ocrx_word' id='word_1_158' title='bbox 1047 1391 1275 1465; x_wconf 85' lang='grc' dir='ltr'>στρατὸς</span> <span class='ocrx_word' id='word_1_159' title='bbox 1312 1390 1407 1455; x_wconf 79' lang='grc' dir='ltr'>τὰς</span> <span class='ocrx_word' id='word_1_160' title='bbox 1442 1392 1538 1464; x_wconf 77' lang='grc' dir='ltr'>μέν</span> <span class='ocrx_word' id='word_1_161' title='bbox 1569 1378 1807 1465; x_wconf 82' lang='grc' dir='ltr'>σημαίας</span> <span class='ocrx_word' id='word_1_162' title='bbox 1872 1394 1977 1444; x_wconf 91' lang='grc' dir='ltr'>τῶν</span> <span class='ocrx_word' id='word_1_163' title='bbox 2030 1386 2240 1463; x_wconf 79' lang='grc' dir='ltr'>ἀψίδων</span> <span class='ocrx_word' id='word_1_164' title='bbox 2298 1384 2503 1442; x_wconf 79' lang='grc' dir='ltr'>ἂνωθεν</span> <span class='ocrx_word' id='word_1_165' title='bbox 2560 1382 2786 1458; x_wconf 85' lang='grc' dir='ltr'>ἔστησαν</span> <span class='ocrx_word' id='word_1_166' title='bbox 2816 1388 2871 1441; x_wconf 85' lang='grc' dir='ltr'>αἳ</span> <span class='ocrx_word' id='word_1_167' title='bbox 2903 1387 3029 1451; x_wconf 72' lang='grc' dir='ltr'>τοὺς</span> <span class='ocrx_word' id='word_1_168' title='bbox 3064 1388 3311 1462; x_wconf 81' lang='grc' dir='ltr'>βασιλεῖς</span> <span class='ocrx_word' id='word_1_169' title='bbox 3334 1378 3710 1462; x_wconf 76' lang='grc' dir='ltr'>εἰκονίζουσιν,</span> 
     </span>
    </p>
   </div>
   <div class='ocr_carea' id='block_1_18' title="bbox 295 1479 1729 1558">
    <p class='ocr_par' dir='ltr' id='par_1_18' title="bbox 295 1479 1729 1558">
     <span class='ocr_line' id='line_1_18' title="bbox 295 1479 1729 1558; baseline -0.002 -19"><span class='ocrx_word' id='word_1_170' title='bbox 295 1484 356 1539; x_wconf 77' lang='grc' dir='ltr'>αἱ</span> <span class='ocrx_word' id='word_1_171' title='bbox 410 1480 468 1539; x_wconf 72' lang='grc' dir='ltr'>δὲ</span> <span class='ocrx_word' id='word_1_172' title='bbox 526 1480 701 1538; x_wconf 85' lang='grc' dir='ltr'>πύλαι</span> <span class='ocrx_word' id='word_1_173' title='bbox 749 1486 848 1538; x_wconf 84' lang='grc' dir='ltr'>τοῦ</span> <span class='ocrx_word' id='word_1_174' title='bbox 916 1481 1342 1558; x_wconf 81' lang='grc' dir='ltr'>Δύγουστεῶνος</span> <span class='ocrx_word' id='word_1_175' title='bbox 1401 1480 1454 1537; x_wconf 74' lang='grc' dir='ltr'>έν</span> <span class='ocrx_word' id='word_1_176' title='bbox 1512 1479 1729 1537; x_wconf 83' lang='grc' dir='ltr'>πελέκει</span> 
     </span>
    </p>
   </div>
   <div class='ocr_carea' id='block_1_19' title="bbox 1847 1475 3711 1558">
    <p class='ocr_par' dir='ltr' id='par_1_19' title="bbox 1847 1475 3711 1558">
     <span class='ocr_line' id='line_1_19' title="bbox 1847 1475 3711 1558; baseline 0.001 -23"><span class='ocrx_word' id='word_1_177' title='bbox 1847 1480 1939 1535; x_wconf 87' lang='grc' dir='ltr'>καὶ</span> <span class='ocrx_word' id='word_1_178' title='bbox 1997 1477 2337 1553; x_wconf 82' lang='grc' dir='ltr'>λαξευτηρίῳ</span> <span class='ocrx_word' id='word_1_179' title='bbox 2401 1475 2834 1553; x_wconf 80' lang='grc' dir='ltr'>κατερράγησαν·</span> <span class='ocrx_word' id='word_1_180' title='bbox 2904 1479 2995 1535; x_wconf 86' lang='grc' dir='ltr'>καὶ</span> <span class='ocrx_word' id='word_1_181' title='bbox 3064 1481 3127 1536; x_wconf 87' lang='grc' dir='ltr'>τὸ</span> <span class='ocrx_word' id='word_1_182' title='bbox 3182 1488 3284 1551; x_wconf 87' lang='grc' dir='ltr'>τῆς</span> <span class='ocrx_word' id='word_1_183' title='bbox 3342 1482 3711 1558; x_wconf 88' lang='grc' dir='ltr'>Καισαρίσσης</span> 
     </span>
    </p>
   </div>
   <div class='ocr_carea' id='block_1_20' title="bbox 304 1565 3710 1647">
    <p class='ocr_par' dir='ltr' id='par_1_20' title="bbox 304 1565 3710 1647">
     <span class='ocr_line' id='line_1_20' title="bbox 304 1565 3710 1647; baseline -0.001 -20"><span class='ocrx_word' id='word_1_184' title='bbox 304 1570 592 1628; x_wconf 84' lang='grc' dir='ltr'>ὁπλιτικὸν</span> <span class='ocrx_word' id='word_1_185' title='bbox 652 1570 832 1627; x_wconf 79' lang='grc' dir='ltr'>οὐκέτι</span> <span class='ocrx_word' id='word_1_186' title='bbox 890 1569 1274 1641; x_wconf 83' lang='grc' dir='ltr'>ἀντιπλήττειν</span> <span class='ocrx_word' id='word_1_187' title='bbox 1341 1568 1473 1646; x_wconf 84' lang='grc' dir='ltr'>ἔχον</span> <span class='ocrx_word' id='word_1_188' title='bbox 1543 1570 1617 1633; x_wconf 86' lang='grc' dir='ltr'>ὡς</span> <span class='ocrx_word' id='word_1_189' title='bbox 1671 1574 1787 1633; x_wconf 89' lang='grc' dir='ltr'>τοῖς</span> <span class='ocrx_word' id='word_1_190' title='bbox 1841 1570 2049 1624; x_wconf 82' lang='grc' dir='ltr'>ἀνιοῦσι</span> <span class='ocrx_word' id='word_1_191' title='bbox 2107 1567 2202 1631; x_wconf 79' lang='grc' dir='ltr'>τὰς</span> <span class='ocrx_word' id='word_1_192' title='bbox 2258 1565 2456 1642; x_wconf 80' lang='grc' dir='ltr'>ἁψῖδας</span> <span class='ocrx_word' id='word_1_193' title='bbox 2521 1568 2660 1623; x_wconf 84' lang='grc' dir='ltr'>κατά</span> <span class='ocrx_word' id='word_1_194' title='bbox 2711 1570 2954 1647; x_wconf 77' lang='grc' dir='ltr'>κορυφὴν</span> <span class='ocrx_word' id='word_1_195' title='bbox 3028 1568 3399 1645; x_wconf 85' lang='grc' dir='ltr'>βαλλόμενον,</span> <span class='ocrx_word' id='word_1_196' title='bbox 3460 1571 3564 1626; x_wconf 83' lang='grc' dir='ltr'>κάκ</span> <span class='ocrx_word' id='word_1_197' title='bbox 3603 1575 3710 1627; x_wconf 91' lang='grc' dir='ltr'>τῶν</span> 
     </span>
    </p>
   </div>
   <div class='ocr_carea' id='block_1_21' title="bbox 300 1660 986 1737">
    <p class='ocr_par' dir='ltr' id='par_1_21' title="bbox 300 1660 986 1737">
     <span class='ocr_line' id='line_1_21' title="bbox 300 1660 986 1737; baseline -0.004 -20"><span class='ocrx_word' id='word_1_198' title='bbox 300 1661 660 1737; x_wconf 82' lang='grc' dir='ltr'>εἷσχυθέντων</span> <span class='ocrx_word' id='word_1_199' title='bbox 718 1660 793 1723; x_wconf 78' lang='grc' dir='ltr'>εἰς</span> <span class='ocrx_word' id='word_1_200' title='bbox 891 1662 986 1730; x_wconf 75' lang='grc' dir='ltr'>τήν</span> 
     </span>
    </p>
   </div>
   <div class='ocr_carea' id='block_1_22' title="bbox 1087 1655 3705 1737">
    <p class='ocr_par' dir='ltr' id='par_1_22' title="bbox 1087 1655 3705 1737">
     <span class='ocr_line' id='line_1_22' title="bbox 1087 1655 3705 1737; baseline 0 -23"><span class='ocrx_word' id='word_1_201' title='bbox 1087 1657 1304 1716; x_wconf 70' lang='grc' dir='ltr'>αὔλειον</span> <span class='ocrx_word' id='word_1_202' title='bbox 1379 1662 1723 1735; x_wconf 79' lang='grc' dir='ltr'>στρατιωτῶν</span> <span class='ocrx_word' id='word_1_203' title='bbox 1786 1664 1906 1720; x_wconf 92' lang='grc' dir='ltr'>ταῖς</span> <span class='ocrx_word' id='word_1_204' title='bbox 1988 1658 2126 1713; x_wconf 79' lang='grc' dir='ltr'>κατὰ</span> <span class='ocrx_word' id='word_1_205' title='bbox 2204 1663 2367 1732; x_wconf 88' lang='grc' dir='ltr'>χεῖρα</span> <span class='ocrx_word' id='word_1_206' title='bbox 2422 1655 2768 1732; x_wconf 77' lang='grc' dir='ltr'>συμπλοκαῖς</span> <span class='ocrx_word' id='word_1_207' title='bbox 2839 1658 3051 1733; x_wconf 84' lang='grc' dir='ltr'>πάσχον</span> <span class='ocrx_word' id='word_1_208' title='bbox 3111 1662 3177 1714; x_wconf 72' lang='grc' dir='ltr'>τά</span> <span class='ocrx_word' id='word_1_209' title='bbox 3235 1662 3507 1737; x_wconf 81' lang='grc' dir='ltr'>χείριστα,</span> <span class='ocrx_word' id='word_1_210' title='bbox 3566 1660 3705 1715; x_wconf 80' lang='grc' dir='ltr'>γατὰ</span> 
     </span>
    </p>
   </div>
   <div class='ocr_carea' id='block_1_23' title="bbox 309 1745 3716 1828">
    <p class='ocr_par' dir='ltr' id='par_1_23' title="bbox 309 1745 3716 1828">
     <span class='ocr_line' id='line_1_23' title="bbox 309 1745 3716 1828; baseline -0 -21"><span class='ocrx_word' id='word_1_211' title='bbox 309 1752 507 1828; x_wconf 85' lang='grc' dir='ltr'>μικρὸν</span> <span class='ocrx_word' id='word_1_212' title='bbox 580 1748 885 1807; x_wconf 83' lang='grc' dir='ltr'>ὑπέκλεπτε</span> <span class='ocrx_word' id='word_1_213' title='bbox 948 1751 1049 1820; x_wconf 79' lang='grc' dir='ltr'>τήν</span> <span class='ocrx_word' id='word_1_214' title='bbox 1104 1751 1306 1827; x_wconf 74' lang='grc' dir='ltr'>φυγὴν,</span> <span class='ocrx_word' id='word_1_215' title='bbox 1343 1750 1603 1825; x_wconf 85' lang='grc' dir='ltr'>βραχείας</span> <span class='ocrx_word' id='word_1_216' title='bbox 1657 1750 1875 1825; x_wconf 83' lang='grc' dir='ltr'>ἀρωγῆς</span> <span class='ocrx_word' id='word_1_217' title='bbox 1934 1746 2211 1803; x_wconf 79' lang='grc' dir='ltr'>ἀπολαῦον</span> <span class='ocrx_word' id='word_1_218' title='bbox 2269 1745 2360 1801; x_wconf 90' lang='grc' dir='ltr'>διά</span> <span class='ocrx_word' id='word_1_219' title='bbox 2422 1768 2480 1802; x_wconf 90' lang='grc' dir='ltr'>τε</span> <span class='ocrx_word' id='word_1_220' title='bbox 2537 1745 2701 1802; x_wconf 89' lang='grc' dir='ltr'>λίθων</span> <span class='ocrx_word' id='word_1_221' title='bbox 2755 1749 2931 1822; x_wconf 80' lang='grc' dir='ltr'>βολῆς</span> <span class='ocrx_word' id='word_1_222' title='bbox 2992 1749 3079 1803; x_wconf 82' lang='grc' dir='ltr'>καὶ</span> <span class='ocrx_word' id='word_1_223' title='bbox 3141 1748 3316 1824; x_wconf 81' lang='grc' dir='ltr'>βελῶν</span> <span class='ocrx_word' id='word_1_224' title='bbox 3373 1751 3613 1825; x_wconf 79' lang='grc' dir='ltr'>ἀφέσεως</span> <span class='ocrx_word' id='word_1_225' title='bbox 3655 1750 3716 1806; x_wconf 79' lang='grc' dir='ltr'>ἐκ</span> 
     </span>
    </p>
   </div>
   <div class='ocr_carea' id='block_1_24' title="bbox 299 1835 3051 1917">
    <p class='ocr_par' dir='ltr' id='par_1_24' title="bbox 299 1835 3051 1917">
     <span class='ocr_line' id='line_1_24' title="bbox 299 1835 3051 1917; baseline -0.003 -17"><span class='ocrx_word' id='word_1_226' title='bbox 299 1848 409 1900; x_wconf 84' lang='grc' dir='ltr'>τῶν</span> <span class='ocrx_word' id='word_1_227' title='bbox 462 1841 688 1916; x_wconf 75' lang='grc' dir='ltr'>ὕπερθεν</span> <span class='ocrx_word' id='word_1_228' title='bbox 739 1840 1124 1915; x_wconf 83' lang='grc' dir='ltr'>ἐπαμυνόντων</span> <span class='ocrx_word' id='word_1_229' title='bbox 1176 1842 1328 1917; x_wconf 85' lang='grc' dir='ltr'>σφίσι</span> <span class='ocrx_word' id='word_1_230' title='bbox 1394 1841 1683 1914; x_wconf 87' lang='grc' dir='ltr'>Ῥωμαίων</span> <span class='ocrx_word' id='word_1_231' title='bbox 1741 1840 1848 1895; x_wconf 88' lang='grc' dir='ltr'>ἀπό</span> <span class='ocrx_word' id='word_1_232' title='bbox 1904 1861 1964 1895; x_wconf 91' lang='grc' dir='ltr'>τε</span> <span class='ocrx_word' id='word_1_233' title='bbox 2016 1843 2114 1895; x_wconf 87' lang='lat'>106</span> <span class='ocrx_word' id='word_1_234' title='bbox 2189 1835 2463 1915; x_wconf 76' lang='grc' dir='ltr'>ἀνδρῶνος</span> <span class='ocrx_word' id='word_1_235' title='bbox 2528 1844 2624 1893; x_wconf 80' lang='grc' dir='ltr'>τοῦ</span> <span class='ocrx_word' id='word_1_236' title='bbox 2711 1837 3051 1913; x_wconf 72' lang='grc' dir='ltr'>καλουμένου</span> 
     </span>
    </p>
   </div>
   <div class='ocr_carea' id='block_1_25' title="bbox 3139 1840 3714 1915">
    <p class='ocr_par' dir='ltr' id='par_1_25' title="bbox 3139 1840 3714 1915">
     <span class='ocr_line' id='line_1_25' title="bbox 3139 1840 3714 1915; baseline 0 -18"><span class='ocrx_word' id='word_1_237' title='bbox 3139 1840 3439 1915; x_wconf 76' lang='grc' dir='ltr'>Μάκρωνος</span> <span class='ocrx_word' id='word_1_238' title='bbox 3507 1841 3560 1904; x_wconf 85' lang='grc' dir='ltr'>ές</span> <span class='ocrx_word' id='word_1_239' title='bbox 3623 1843 3714 1897; x_wconf 84' lang='grc' dir='ltr'>τὸν</span> 
     </span>
    </p>
   </div>
   <div class='ocr_carea' id='block_1_26' title="bbox 296 1927 3711 2007">
    <p class='ocr_par' dir='ltr' id='par_1_26' title="bbox 296 1927 3711 2007">
     <span class='ocr_line' id='line_1_26' title="bbox 296 1927 3711 2007; baseline -0 -19"><span class='ocrx_word' id='word_1_240' title='bbox 296 1934 697 2007; x_wconf 80' lang='grc' dir='ltr'>Δύγουστεῶνα</span> <span class='ocrx_word' id='word_1_241' title='bbox 747 1929 1127 2006; x_wconf 90' lang='grc' dir='ltr'>προνεύοντος,</span> <span class='ocrx_word' id='word_1_242' title='bbox 1186 1929 1277 1985; x_wconf 89' lang='grc' dir='ltr'>καὶ</span> <span class='ocrx_word' id='word_1_243' title='bbox 1340 1934 1436 1985; x_wconf 88' lang='lat'>106</span> <span class='ocrx_word' id='word_1_244' title='bbox 1492 1929 1841 2003; x_wconf 70' lang='grc' dir='ltr'>συνημμένου</span> <span class='ocrx_word' id='word_1_245' title='bbox 1905 1928 2084 2002; x_wconf 90' lang='grc' dir='ltr'>τούτῳ</span> <span class='ocrx_word' id='word_1_246' title='bbox 2151 1929 2444 2001; x_wconf 71' lang='grc' dir='ltr'>Θωμαὶτου</span> <span class='ocrx_word' id='word_1_247' title='bbox 2507 1927 2701 2001; x_wconf 86' lang='grc' dir='ltr'>δόμου.</span> <span class='ocrx_word' id='word_1_248' title='bbox 2762 1929 2934 1992; x_wconf 83' lang='grc' dir='ltr'>Τέλος</span> <span class='ocrx_word' id='word_1_249' title='bbox 2995 1927 3049 1984; x_wconf 76' lang='grc' dir='ltr'>δὲ</span> <span class='ocrx_word' id='word_1_250' title='bbox 3100 1934 3213 1993; x_wconf 87' lang='grc' dir='ltr'>τοῖς</span> <span class='ocrx_word' id='word_1_251' title='bbox 3266 1932 3525 1986; x_wconf 84' lang='grc' dir='ltr'>πάντοθεν</span> <span class='ocrx_word' id='word_1_252' title='bbox 3576 1931 3711 2007; x_wconf 65' lang='grc' dir='ltr'>βάλ’</span> 
     </span>
    </p>
   </div>
   <div class='ocr_carea' id='block_1_27' title="bbox 297 2015 3709 2098">
    <p class='ocr_par' dir='ltr' id='par_1_27' title="bbox 297 2015 3709 2098">
     <span class='ocr_line' id='line_1_27' title="bbox 297 2015 3709 2098; baseline -0.001 -21"><span class='ocrx_word' id='word_1_253' title='bbox 297 2020 488 2077; x_wconf 89' lang='grc' dir='ltr'>λουσιν</span> <span class='ocrx_word' id='word_1_254' title='bbox 550 2019 611 2075; x_wconf 82' lang='grc' dir='ltr'>ἐκ</span> <span class='ocrx_word' id='word_1_255' title='bbox 673 2024 776 2076; x_wconf 80' lang='grc' dir='ltr'>τοῦ</span> <span class='ocrx_word' id='word_1_256' title='bbox 837 2020 943 2075; x_wconf 88' lang='grc' dir='ltr'>νεὼ</span> <span class='ocrx_word' id='word_1_257' title='bbox 1002 2018 1315 2093; x_wconf 84' lang='grc' dir='ltr'>πιεζόμενοι</span> <span class='ocrx_word' id='word_1_258' title='bbox 1338 2019 1653 2098; x_wconf 73' lang='grc' dir='ltr'>ἀφίστανται</span> <span class='ocrx_word' id='word_1_259' title='bbox 1685 2025 1785 2089; x_wconf 89' lang='grc' dir='ltr'>τῆς</span> <span class='ocrx_word' id='word_1_260' title='bbox 1812 2022 1909 2074; x_wconf 88' lang='lat'>106</span> <span class='ocrx_word' id='word_1_261' title='bbox 1941 2017 2357 2094; x_wconf 76' lang='grc' dir='ltr'>Δύγουστεῶνος</span> <span class='ocrx_word' id='word_1_262' title='bbox 2383 2015 2610 2080; x_wconf 81' lang='grc' dir='ltr'>αὐλαίας</span> <span class='ocrx_word' id='word_1_263' title='bbox 2659 2018 2748 2072; x_wconf 88' lang='grc' dir='ltr'>καὶ</span> <span class='ocrx_word' id='word_1_264' title='bbox 2779 2017 2970 2073; x_wconf 79' lang='grc' dir='ltr'>εἰσίασι</span> <span class='ocrx_word' id='word_1_265' title='bbox 3002 2017 3063 2073; x_wconf 87' lang='grc' dir='ltr'>τὸ</span> <span class='ocrx_word' id='word_1_266' title='bbox 3093 2020 3349 2094; x_wconf 89' lang='grc' dir='ltr'>πρόναον,</span> <span class='ocrx_word' id='word_1_267' title='bbox 3371 2021 3491 2074; x_wconf 88' lang='grc' dir='ltr'>καθ’</span> <span class='ocrx_word' id='word_1_268' title='bbox 3520 2021 3548 2075; x_wconf 83' lang='lat'><strong>&#39;6</strong></span> <span class='ocrx_word' id='word_1_269' title='bbox 3581 2017 3648 2090; x_wconf 76' lang='grc' dir='ltr'>δὴ</span> <span class='ocrx_word' id='word_1_270' title='bbox 3681 2022 3709 2075; x_wconf 93' lang='lat'>6</span> 
     </span>
    </p>
   </div>
   <div class='ocr_carea' id='block_1_28' title="bbox 302 2104 3711 2187">
    <p class='ocr_par' dir='ltr' id='par_1_28' title="bbox 302 2104 3711 2187">
     <span class='ocr_line' id='line_1_28' title="bbox 302 2104 3711 2187; baseline -0.001 -21"><span class='ocrx_word' id='word_1_271' title='bbox 302 2111 611 2187; x_wconf 86' lang='grc' dir='ltr'>πρώτιστος</span> <span class='ocrx_word' id='word_1_272' title='bbox 638 2109 731 2165; x_wconf 83' lang='grc' dir='ltr'>καὶ</span> <span class='ocrx_word' id='word_1_273' title='bbox 765 2109 1017 2183; x_wconf 84' lang='grc' dir='ltr'>μέγιστος</span> <span class='ocrx_word' id='word_1_274' title='bbox 1042 2112 1150 2164; x_wconf 89' lang='grc' dir='ltr'>τῶν</span> <span class='ocrx_word' id='word_1_275' title='bbox 1182 2107 1670 2183; x_wconf 85' lang='grc' dir='ltr'>παραστατούντων</span> <span class='ocrx_word' id='word_1_276' title='bbox 1700 2104 2065 2183; x_wconf 80' lang='grc' dir='ltr'>ἀρχαγγέλων</span> <span class='ocrx_word' id='word_1_277' title='bbox 2108 2111 2223 2180; x_wconf 86' lang='grc' dir='ltr'>Θεῷ</span> <span class='ocrx_word' id='word_1_278' title='bbox 2264 2105 2496 2181; x_wconf 73' lang='grc' dir='ltr'>Μιχαὴλ</span> <span class='ocrx_word' id='word_1_279' title='bbox 2526 2105 2858 2179; x_wconf 82' lang='grc' dir='ltr'>ἐσπασμένος</span> <span class='ocrx_word' id='word_1_280' title='bbox 2888 2106 3162 2185; x_wconf 81' lang='grc' dir='ltr'>ῥομφαίαν</span> <span class='ocrx_word' id='word_1_281' title='bbox 3197 2106 3504 2179; x_wconf 83' lang='grc' dir='ltr'>ἐστήλωται</span> <span class='ocrx_word' id='word_1_282' title='bbox 3533 2107 3711 2185; x_wconf 79' lang='grc' dir='ltr'>ψηφί-</span> 
     </span>
    </p>
   </div>
   <div class='ocr_carea' id='block_1_29' title="bbox 303 2192 3709 2278">
    <p class='ocr_par' dir='ltr' id='par_1_29' title="bbox 303 2192 3709 2278">
     <span class='ocr_line' id='line_1_29' title="bbox 303 2192 3709 2278; baseline -0 -24"><span class='ocrx_word' id='word_1_283' title='bbox 303 2197 408 2255; x_wconf 87' lang='grc' dir='ltr'>δων</span> <span class='ocrx_word' id='word_1_284' title='bbox 437 2198 664 2261; x_wconf 86' lang='grc' dir='ltr'>λεπταῖς</span> <span class='ocrx_word' id='word_1_285' title='bbox 686 2196 973 2269; x_wconf 78' lang='grc' dir='ltr'>ἐπιθέσεσι,</span> <span class='ocrx_word' id='word_1_286' title='bbox 1005 2196 1176 2278; x_wconf 79' lang='grc' dir='ltr'>φύλαξ</span> <span class='ocrx_word' id='word_1_287' title='bbox 1208 2192 1663 2272; x_wconf 85' lang='grc' dir='ltr'>προϐεϐλημένος</span> <span class='ocrx_word' id='word_1_288' title='bbox 1687 2201 1784 2253; x_wconf 88' lang='lat'>106</span> <span class='ocrx_word' id='word_1_289' title='bbox 1809 2199 1980 2272; x_wconf 77' lang='grc' dir='ltr'>ἱεροῦ.</span> <span class='ocrx_word' id='word_1_290' title='bbox 2002 2197 2099 2253; x_wconf 90' lang='grc' dir='ltr'>Ἐκ</span> <span class='ocrx_word' id='word_1_291' title='bbox 2128 2193 2185 2251; x_wconf 61' lang='grc' dir='ltr'>δέ</span> <span class='ocrx_word' id='word_1_292' title='bbox 2216 2195 2412 2251; x_wconf 85' lang='grc' dir='ltr'>τούτου</span> <span class='ocrx_word' id='word_1_293' title='bbox 2444 2192 2568 2252; x_wconf 70' lang='grc' dir='ltr'>οὔτε</span> <span class='ocrx_word' id='word_1_294' title='bbox 2597 2195 2649 2252; x_wconf 76' lang='grc' dir='ltr'>οἱ</span> <span class='ocrx_word' id='word_1_295' title='bbox 2677 2200 2774 2251; x_wconf 88' lang='lat'>106</span> <span class='ocrx_word' id='word_1_296' title='bbox 2827 2195 3095 2271; x_wconf 86' lang='grc' dir='ltr'>βασιλέως</span> <span class='ocrx_word' id='word_1_297' title='bbox 3126 2199 3462 2274; x_wconf 86' lang='grc' dir='ltr'>προσωτέρω</span> <span class='ocrx_word' id='word_1_298' title='bbox 3505 2199 3709 2275; x_wconf 87' lang='grc' dir='ltr'>βαίνειν</span> 
     </span>
    </p>
   </div>
   <div class='ocr_carea' id='block_1_30' title="bbox 294 2282 3709 2365">
    <p class='ocr_par' dir='ltr' id='par_1_30' title="bbox 294 2282 3709 2365">
     <span class='ocr_line' id='line_1_30' title="bbox 294 2282 3709 2365; baseline 0 -20"><span class='ocrx_word' id='word_1_299' title='bbox 294 2287 585 2360; x_wconf 74' lang='grc' dir='ltr'>ἠδύναντο,</span> <span class='ocrx_word' id='word_1_300' title='bbox 617 2286 966 2365; x_wconf 74' lang='grc' dir='ltr'>ὕφορώμενοι</span> <span class='ocrx_word' id='word_1_301' title='bbox 994 2285 1121 2350; x_wconf 77' lang='grc' dir='ltr'>τοὺς</span> <span class='ocrx_word' id='word_1_302' title='bbox 1160 2290 1257 2343; x_wconf 90' lang='lat'>106</span> <span class='ocrx_word' id='word_1_303' title='bbox 1286 2290 1416 2343; x_wconf 86' lang='grc' dir='ltr'>ναοῦ</span> <span class='ocrx_word' id='word_1_304' title='bbox 1442 2285 1772 2360; x_wconf 76' lang='grc' dir='ltr'>στενωποὺς,</span> <span class='ocrx_word' id='word_1_305' title='bbox 1805 2282 1929 2342; x_wconf 71' lang='grc' dir='ltr'>οὔτε</span> <span class='ocrx_word' id='word_1_306' title='bbox 1957 2287 2012 2341; x_wconf 77' lang='grc' dir='ltr'>οἱ</span> <span class='ocrx_word' id='word_1_307' title='bbox 2050 2292 2151 2356; x_wconf 86' lang='grc' dir='ltr'>τῆς</span> <span class='ocrx_word' id='word_1_308' title='bbox 2190 2285 2563 2362; x_wconf 85' lang='grc' dir='ltr'>Καισαρίσσης</span> <span class='ocrx_word' id='word_1_309' title='bbox 2621 2286 3047 2364; x_wconf 78' lang='grc' dir='ltr'>ὑπερπονοῦντες</span> <span class='ocrx_word' id='word_1_310' title='bbox 3105 2288 3308 2353; x_wconf 66' lang='grc' dir='ltr'>ἐκεῖθεν</span> <span class='ocrx_word' id='word_1_311' title='bbox 3359 2288 3576 2364; x_wconf 71' lang='grc' dir='ltr'>ἐξῄεσαν</span> <span class='ocrx_word' id='word_1_312' title='bbox 3634 2291 3709 2350; x_wconf 86' lang='grc' dir='ltr'>ὡς</span> 
     </span>
    </p>
   </div>
   <div class='ocr_carea' id='block_1_31' title="bbox 300 2378 674 2455">
    <p class='ocr_par' dir='ltr' id='par_1_31' title="bbox 300 2378 674 2455">
     <span class='ocr_line' id='line_1_31' title="bbox 300 2378 674 2455; baseline -0.005 -20"><span class='ocrx_word' id='word_1_313' title='bbox 300 2378 674 2455; x_wconf 76' lang='grc' dir='ltr'>μαχούμενοι.</span> 
     </span>
    </p>
   </div>
   <div class='ocr_carea' id='block_1_32' title="bbox 362 2544 1955 2623">
    <p class='ocr_par' dir='ltr' id='par_1_32' title="bbox 362 2544 1955 2623">
     <span class='ocr_line' id='line_1_32' title="bbox 362 2544 1955 2623; baseline -0.005 -16"><span class='ocrx_word' id='word_1_314' title='bbox 362 2550 423 2618; x_wconf 85' lang='grc' dir='ltr'>ζ’·</span> <span class='ocrx_word' id='word_1_315' title='bbox 456 2550 519 2605; x_wconf 80' lang='grc' dir='ltr'>Ὀ</span> <span class='ocrx_word' id='word_1_316' title='bbox 551 2544 608 2602; x_wconf 70' lang='grc' dir='ltr'>δὲ</span> <span class='ocrx_word' id='word_1_317' title='bbox 638 2552 849 2623; x_wconf 88' lang='grc' dir='ltr'>Καῖσαρ</span> <span class='ocrx_word' id='word_1_318' title='bbox 878 2547 966 2602; x_wconf 82' lang='grc' dir='ltr'>καὶ</span> <span class='ocrx_word' id='word_1_319' title='bbox 1028 2547 1056 2602; x_wconf 88' lang='lat'>6</span> <span class='ocrx_word' id='word_1_320' title='bbox 1087 2544 1448 2622; x_wconf 75' lang='grc' dir='ltr'>πατριάρχης</span> <span class='ocrx_word' id='word_1_321' title='bbox 1506 2546 1691 2616; x_wconf 83' lang='grc' dir='ltr'>αὐτὸς,</span> <span class='ocrx_word' id='word_1_322' title='bbox 1768 2545 1796 2600; x_wconf 97' lang='lat'>6</span> <span class='ocrx_word' id='word_1_323' title='bbox 1861 2544 1955 2617; x_wconf 73' lang='grc' dir='ltr'>μὲν</span> 
     </span>
    </p>
   </div>
   <div class='ocr_carea' id='block_1_33' title="bbox 2063 2544 3722 2623">
    <p class='ocr_par' dir='ltr' id='par_1_33' title="bbox 2132 2546 3722 2623">
     <span class='ocr_line' id='line_1_33' title="bbox 2132 2546 3722 2623; baseline 0.007 -24"><span class='ocrx_word' id='word_1_324' title='bbox 2132 2546 2188 2603; x_wconf 90' lang='grc'>7.</span> <span class='ocrx_word' id='word_1_325' title='bbox 2220 2548 2293 2602; x_wconf 84' lang='lat' dir='ltr'>At</span> <span class='ocrx_word' id='word_1_326' title='bbox 2322 2547 2511 2604; x_wconf 78' lang='lat' dir='ltr'>Caesar</span> <span class='ocrx_word' id='word_1_327' title='bbox 2540 2548 2613 2603; x_wconf 93' lang='lat' dir='ltr'>de</span> <span class='ocrx_word' id='word_1_328' title='bbox 2641 2548 2836 2621; x_wconf 85' lang='lat' dir='ltr'>seipse</span> <span class='ocrx_word' id='word_1_329' title='bbox 2894 2552 2951 2605; x_wconf 87' lang='lat' dir='ltr'>et</span> <span class='ocrx_word' id='word_1_330' title='bbox 3007 2550 3258 2623; x_wconf 84' lang='lat' dir='ltr'>conjuge</span> <span class='ocrx_word' id='word_1_331' title='bbox 3299 2551 3610 2623; x_wconf 90' lang='lat' dir='ltr'>sollicitus,</span> <span class='ocrx_word' id='word_1_332' title='bbox 3648 2568 3722 2610; x_wconf 92' lang='lat' dir='ltr'>ne</span> 
     </span>
    </p>
   </div>
   <div class='ocr_carea' id='block_1_34' title="bbox 295 2633 1959 2713">
    <p class='ocr_par' dir='ltr' id='par_1_34' title="bbox 295 2633 1959 2713">
     <span class='ocr_line' id='line_1_34' title="bbox 295 2633 1959 2713; baseline -0.004 -19"><span class='ocrx_word' id='word_1_333' title='bbox 295 2635 476 2699; x_wconf 82' lang='grc' dir='ltr'>δείσας</span> <span class='ocrx_word' id='word_1_334' title='bbox 506 2635 628 2713; x_wconf 77' lang='grc' dir='ltr'>περὶ</span> <span class='ocrx_word' id='word_1_335' title='bbox 659 2637 839 2708; x_wconf 71' lang='grc' dir='ltr'>ἑαυτῷ</span> <span class='ocrx_word' id='word_1_336' title='bbox 868 2655 927 2691; x_wconf 87' lang='grc' dir='ltr'>τε</span> <span class='ocrx_word' id='word_1_337' title='bbox 982 2635 1071 2690; x_wconf 86' lang='grc' dir='ltr'>καὶ</span> <span class='ocrx_word' id='word_1_338' title='bbox 1126 2639 1195 2709; x_wconf 80' lang='grc' dir='ltr'>τῇ</span> <span class='ocrx_word' id='word_1_339' title='bbox 1247 2634 1446 2709; x_wconf 87' lang='grc' dir='ltr'>ἀλόχῳ</span> <span class='ocrx_word' id='word_1_340' title='bbox 1483 2636 1559 2708; x_wconf 84' lang='grc' dir='ltr'>μή</span> <span class='ocrx_word' id='word_1_341' title='bbox 1594 2633 1959 2711; x_wconf 82' lang='grc' dir='ltr'>συλληφθεῖεν</span> 
     </span>
    </p>
   </div>
   <div class='ocr_carea' id='block_1_35' title="bbox 298 2720 1963 2802">
    <p class='ocr_par' dir='ltr' id='par_1_35' title="bbox 298 2720 1963 2802">
     <span class='ocr_line' id='line_1_35' title="bbox 298 2720 1963 2802; baseline -0.004 -20"><span class='ocrx_word' id='word_1_342' title='bbox 298 2728 539 2802; x_wconf 86' lang='grc' dir='ltr'>ἀγεννῶς</span> <span class='ocrx_word' id='word_1_343' title='bbox 569 2725 671 2781; x_wconf 75' lang='grc' dir='ltr'>ὑπὸ</span> <span class='ocrx_word' id='word_1_344' title='bbox 700 2730 807 2780; x_wconf 89' lang='grc' dir='ltr'>τῶν</span> <span class='ocrx_word' id='word_1_345' title='bbox 840 2722 1136 2802; x_wconf 86' lang='grc' dir='ltr'>διαφόρων,</span> <span class='ocrx_word' id='word_1_346' title='bbox 1169 2724 1196 2779; x_wconf 89' lang='lat'>6</span> <span class='ocrx_word' id='word_1_347' title='bbox 1255 2720 1312 2778; x_wconf 75' lang='grc' dir='ltr'>δὲ</span> <span class='ocrx_word' id='word_1_348' title='bbox 1376 2724 1450 2796; x_wconf 81' lang='grc' dir='ltr'>μὴ</span> <span class='ocrx_word' id='word_1_349' title='bbox 1512 2744 1628 2785; x_wconf 91' lang='grc' dir='ltr'>πως</span> <span class='ocrx_word' id='word_1_350' title='bbox 1656 2720 1808 2777; x_wconf 79' lang='grc' dir='ltr'>ἔνδον</span> <span class='ocrx_word' id='word_1_351' title='bbox 1863 2725 1963 2777; x_wconf 81' lang='grc' dir='ltr'>τοῦ</span> 
     </span>
    </p>
   </div>
   <div class='ocr_carea' id='block_1_36' title="bbox 299 2809 1963 2890">
    <p class='ocr_par' dir='ltr' id='par_1_36' title="bbox 299 2809 1963 2890">
     <span class='ocr_line' id='line_1_36' title="bbox 299 2809 1963 2890; baseline -0.002 -23"><span class='ocrx_word' id='word_1_352' title='bbox 299 2815 461 2890; x_wconf 74' lang='grc' dir='ltr'>ἱεροῦ</span> <span class='ocrx_word' id='word_1_353' title='bbox 518 2812 861 2887; x_wconf 82' lang='grc' dir='ltr'>παρεισίωσιν</span> <span class='ocrx_word' id='word_1_354' title='bbox 918 2814 969 2867; x_wconf 76' lang='grc' dir='ltr'>οἱ</span> <span class='ocrx_word' id='word_1_355' title='bbox 1047 2809 1311 2885; x_wconf 88' lang='grc' dir='ltr'>πολέμιοι</span> <span class='ocrx_word' id='word_1_356' title='bbox 1366 2810 1456 2865; x_wconf 83' lang='grc' dir='ltr'>καὶ</span> <span class='ocrx_word' id='word_1_357' title='bbox 1514 2811 1643 2865; x_wconf 86' lang='grc' dir='ltr'>ποσί</span> <span class='ocrx_word' id='word_1_358' title='bbox 1704 2811 1798 2884; x_wconf 74' lang='grc' dir='ltr'>μέν</span> <span class='ocrx_word' id='word_1_359' title='bbox 1855 2809 1963 2886; x_wconf 77' lang='grc' dir='ltr'>οὐχ</span> 
     </span>
    </p>
   </div>
   <div class='ocr_carea' id='block_1_37' title="bbox 307 2896 1959 2976">
    <p class='ocr_par' dir='ltr' id='par_1_37' title="bbox 307 2896 1959 2976">
     <span class='ocr_line' id='line_1_37' title="bbox 307 2896 1959 2976; baseline -0.002 -20"><span class='ocrx_word' id='word_1_360' title='bbox 307 2902 483 2962; x_wconf 78' lang='grc' dir='ltr'>ὁσίοις</span> <span class='ocrx_word' id='word_1_361' title='bbox 511 2901 573 2955; x_wconf 85' lang='lat'>16</span> <span class='ocrx_word' id='word_1_362' title='bbox 599 2902 748 2976; x_wconf 78' lang='grc' dir='ltr'>ἅγιον</span> <span class='ocrx_word' id='word_1_363' title='bbox 781 2903 1066 2973; x_wconf 88' lang='grc' dir='ltr'>πατήσωσι</span> <span class='ocrx_word' id='word_1_364' title='bbox 1097 2896 1349 2967; x_wconf 82' lang='grc' dir='ltr'>δάπεδον,</span> <span class='ocrx_word' id='word_1_365' title='bbox 1382 2899 1544 2975; x_wconf 84' lang='grc' dir='ltr'>χερσὶ</span> <span class='ocrx_word' id='word_1_366' title='bbox 1602 2897 1647 2954; x_wconf 89' lang='grc' dir='ltr'>δ’</span> <span class='ocrx_word' id='word_1_367' title='bbox 1708 2899 1959 2976; x_wconf 77' lang='grc' dir='ltr'>ἂνάγνοις</span> 
     </span>
    </p>
   </div>
   <div class='ocr_carea' id='block_1_38' title="bbox 308 2984 1961 3065">
    <p class='ocr_par' dir='ltr' id='par_1_38' title="bbox 308 2984 1961 3065">
     <span class='ocr_line' id='line_1_38' title="bbox 308 2984 1961 3065; baseline -0.002 -19"><span class='ocrx_word' id='word_1_368' title='bbox 308 2989 401 3046; x_wconf 86' lang='grc' dir='ltr'>καὶ</span> <span class='ocrx_word' id='word_1_369' title='bbox 435 2989 632 3065; x_wconf 86' lang='grc' dir='ltr'>θερμὸν</span> <span class='ocrx_word' id='word_1_370' title='bbox 661 2984 735 3045; x_wconf 75' lang='grc' dir='ltr'>ἔτι</span> <span class='ocrx_word' id='word_1_371' title='bbox 767 2990 1083 3061; x_wconf 70' lang='grc' dir='ltr'>σωζούσαις</span> <span class='ocrx_word' id='word_1_372' title='bbox 1118 2994 1199 3063; x_wconf 79' lang='grc' dir='ltr'>τῷ</span> <span class='ocrx_word' id='word_1_373' title='bbox 1238 2986 1426 3064; x_wconf 85' lang='grc' dir='ltr'>λύθρῳ</span> <span class='ocrx_word' id='word_1_374' title='bbox 1483 2988 1549 3044; x_wconf 84' lang='grc' dir='ltr'>τὰ</span> <span class='ocrx_word' id='word_1_375' title='bbox 1582 2995 1799 3065; x_wconf 84' lang='grc' dir='ltr'>παναγῆ</span> <span class='ocrx_word' id='word_1_376' title='bbox 1858 2987 1961 3063; x_wconf 74' lang='grc' dir='ltr'>λῃ-</span> 
     </span>
    </p>
   </div>
   <div class='ocr_carea' id='block_1_39' title="bbox 309 3077 1961 3154">
    <p class='ocr_par' dir='ltr' id='par_1_39' title="bbox 309 3077 1961 3154">
     <span class='ocr_line' id='line_1_39' title="bbox 309 3077 1961 3154; baseline 0 -20"><span class='ocrx_word' id='word_1_377' title='bbox 309 3078 604 3134; x_wconf 81' lang='grc' dir='ltr'>στεύσωσιν</span> <span class='ocrx_word' id='word_1_378' title='bbox 624 3077 948 3154; x_wconf 83' lang='grc' dir='ltr'>ἀναθέματα,</span> <span class='ocrx_word' id='word_1_379' title='bbox 980 3080 1008 3134; x_wconf 94' lang='lat'>6</span> <span class='ocrx_word' id='word_1_380' title='bbox 1036 3078 1131 3153; x_wconf 79' lang='grc' dir='ltr'>μὶν</span> <span class='ocrx_word' id='word_1_381' title='bbox 1161 3080 1261 3149; x_wconf 70' lang='grc' dir='ltr'>τὴν</span> <span class='ocrx_word' id='word_1_382' title='bbox 1291 3077 1682 3153; x_wconf 76' lang='grc' dir='ltr'>ἀρχιερατικὴν</span> <span class='ocrx_word' id='word_1_383' title='bbox 1717 3080 1797 3152; x_wconf 85' lang='grc' dir='ltr'>[Ρ.</span> <span class='ocrx_word' id='word_1_384' title='bbox 1835 3079 1961 3148; x_wconf 75' lang='grc'><strong>155]</strong></span> 
     </span>
    </p>
   </div>
   <div class='ocr_carea' id='block_1_40' title="bbox 301 3163 1958 3246">
    <p class='ocr_par' dir='ltr' id='par_1_40' title="bbox 301 3163 1958 3246">
     <span class='ocr_line' id='line_1_40' title="bbox 301 3163 1958 3246; baseline -0.002 -21"><span class='ocrx_word' id='word_1_385' title='bbox 301 3168 508 3239; x_wconf 82' lang='grc' dir='ltr'>στολὴν</span> <span class='ocrx_word' id='word_1_386' title='bbox 536 3167 754 3231; x_wconf 82' lang='grc' dir='ltr'>έπενδὺς</span> <span class='ocrx_word' id='word_1_387' title='bbox 819 3174 910 3225; x_wconf 82' lang='grc' dir='ltr'><strong>καί</strong></span> <span class='ocrx_word' id='word_1_388' title='bbox 966 3170 1034 3225; x_wconf 83' lang='grc' dir='ltr'>τὰ</span> <span class='ocrx_word' id='word_1_389' title='bbox 1091 3171 1207 3224; x_wconf 85' lang='grc' dir='ltr'>θεῖα</span> <span class='ocrx_word' id='word_1_390' title='bbox 1269 3168 1403 3242; x_wconf 82' lang='grc' dir='ltr'>μετὰ</span> <span class='ocrx_word' id='word_1_391' title='bbox 1435 3172 1628 3246; x_wconf 87' lang='grc' dir='ltr'>χεῖρας</span> <span class='ocrx_word' id='word_1_392' title='bbox 1677 3163 1958 3239; x_wconf 85' lang='grc' dir='ltr'>δεξάμενος</span> 
     </span>
    </p>
   </div>
   <div class='ocr_carea' id='block_1_41' title="bbox 304 3254 1960 3337">
    <p class='ocr_par' dir='ltr' id='par_1_41' title="bbox 304 3254 1960 3337">
     <span class='ocr_line' id='line_1_41' title="bbox 304 3254 1960 3337; baseline -0.002 -21"><span class='ocrx_word' id='word_1_393' title='bbox 304 3258 467 3337; x_wconf 86' lang='grc' dir='ltr'>λόγια</span> <span class='ocrx_word' id='word_1_394' title='bbox 496 3258 727 3315; x_wconf 83' lang='grc' dir='ltr'>κάτεισιν</span> <span class='ocrx_word' id='word_1_395' title='bbox 757 3258 833 3321; x_wconf 79' lang='grc' dir='ltr'>εἷς</span> <span class='ocrx_word' id='word_1_396' title='bbox 866 3259 929 3314; x_wconf 73' lang='grc' dir='ltr'>τὸ</span> <span class='ocrx_word' id='word_1_397' title='bbox 958 3259 1292 3333; x_wconf 77' lang='grc' dir='ltr'>προσκήνιον</span> <span class='ocrx_word' id='word_1_398' title='bbox 1326 3261 1424 3313; x_wconf 90' lang='lat'>106</span> <span class='ocrx_word' id='word_1_399' title='bbox 1453 3257 1579 3328; x_wconf 88' lang='grc' dir='ltr'>νεὼ,</span> <span class='ocrx_word' id='word_1_400' title='bbox 1612 3254 1663 3312; x_wconf 83' lang='grc' dir='ltr'>έν</span> <span class='ocrx_word' id='word_1_401' title='bbox 1694 3258 1740 3329; x_wconf 82' lang='grc' dir='ltr'>ᾧ</span> <span class='ocrx_word' id='word_1_402' title='bbox 1770 3258 1822 3312; x_wconf 79' lang='grc' dir='ltr'>οἱ</span> <span class='ocrx_word' id='word_1_403' title='bbox 1858 3259 1960 3322; x_wconf 80' lang='grc' dir='ltr'>τῆς</span> 
     </span>
    </p>
   </div>
   <div class='ocr_carea' id='block_1_42' title="bbox 297 3345 1955 3425">
    <p class='ocr_par' dir='ltr' id='par_1_42' title="bbox 297 3345 1955 3425">
     <span class='ocr_line' id='line_1_42' title="bbox 297 3345 1955 3425; baseline -0.002 -19"><span class='ocrx_word' id='word_1_404' title='bbox 297 3348 666 3425; x_wconf 76' lang='grc' dir='ltr'>Καισαρίσσης</span> <span class='ocrx_word' id='word_1_405' title='bbox 751 3350 1195 3424; x_wconf 78' lang='grc' dir='ltr'>ὑπερμαχοῦντες</span> <span class='ocrx_word' id='word_1_406' title='bbox 1279 3345 1588 3417; x_wconf 82' lang='grc' dir='ltr'>ἡλίσθησαν</span> <span class='ocrx_word' id='word_1_407' title='bbox 1649 3345 1955 3425; x_wconf 83' lang='grc' dir='ltr'>φεύγοντες,</span> 
     </span>
    </p>
   </div>
   <div class='ocr_carea' id='block_1_43' title="bbox 297 3436 1953 3518">
    <p class='ocr_par' dir='ltr' id='par_1_43' title="bbox 297 3436 1953 3518">
     <span class='ocr_line' id='line_1_43' title="bbox 297 3436 1953 3518; baseline -0.001 -22"><span class='ocrx_word' id='word_1_408' title='bbox 297 3438 327 3496; x_wconf 84' lang='lat'><strong>6&#39;</strong></span> <span class='ocrx_word' id='word_1_409' title='bbox 355 3442 444 3496; x_wconf 80' lang='grc' dir='ltr'>καὶ</span> <span class='ocrx_word' id='word_1_410' title='bbox 490 3437 916 3518; x_wconf 87' lang='grc' dir='ltr'>πρωτεκδικεῖον</span> <span class='ocrx_word' id='word_1_411' title='bbox 949 3439 1323 3511; x_wconf 84' lang='grc' dir='ltr'>κικλήσκεται’</span> <span class='ocrx_word' id='word_1_412' title='bbox 1368 3441 1397 3494; x_wconf 87' lang='lat'>6</span> <span class='ocrx_word' id='word_1_413' title='bbox 1454 3436 1511 3494; x_wconf 78' lang='grc' dir='ltr'>δὲ</span> <span class='ocrx_word' id='word_1_414' title='bbox 1567 3444 1772 3515; x_wconf 83' lang='grc' dir='ltr'>Καῖσαρ</span> <span class='ocrx_word' id='word_1_415' title='bbox 1827 3437 1953 3502; x_wconf 76' lang='grc' dir='ltr'>τοὺς</span> 
     </span>
    </p>
   </div>
   <div class='ocr_carea' id='block_1_44' title="bbox 297 3525 1955 3605">
    <p class='ocr_par' dir='ltr' id='par_1_44' title="bbox 297 3525 1955 3605">
     <span class='ocr_line' id='line_1_44' title="bbox 297 3525 1955 3605; baseline -0.002 -19"><span class='ocrx_word' id='word_1_416' title='bbox 297 3530 395 3593; x_wconf 81' lang='grc' dir='ltr'>τὰς</span> <span class='ocrx_word' id='word_1_417' title='bbox 428 3529 676 3594; x_wconf 77' lang='grc' dir='ltr'>εἲσόδους</span> <span class='ocrx_word' id='word_1_418' title='bbox 730 3537 831 3601; x_wconf 85' lang='grc' dir='ltr'>τῆς</span> <span class='ocrx_word' id='word_1_419' title='bbox 890 3528 1183 3600; x_wconf 84' lang='grc' dir='ltr'>ἐκκλησίας</span> <span class='ocrx_word' id='word_1_420' title='bbox 1236 3532 1537 3605; x_wconf 74' lang='grc' dir='ltr'>τηροῦντας</span> <span class='ocrx_word' id='word_1_421' title='bbox 1586 3525 1955 3605; x_wconf 86' lang='grc' dir='ltr'>ὁπλομάχους</span> 
     </span>
    </p>
   </div>
   <div class='ocr_carea' id='block_1_45' title="bbox 295 3615 1957 3698">
    <p class='ocr_par' dir='ltr' id='par_1_45' title="bbox 295 3615 1957 3698">
     <span class='ocr_line' id='line_1_45' title="bbox 295 3615 1957 3698; baseline -0.001 -24"><span class='ocrx_word' id='word_1_422' title='bbox 295 3620 587 3697; x_wconf 81' lang='grc' dir='ltr'>ἀγηοχὼς,</span> <span class='ocrx_word' id='word_1_423' title='bbox 617 3620 709 3676; x_wconf 84' lang='grc' dir='ltr'>καὶ</span> <span class='ocrx_word' id='word_1_424' title='bbox 763 3618 890 3675; x_wconf 72' lang='grc' dir='ltr'>ὅσον</span> <span class='ocrx_word' id='word_1_425' title='bbox 934 3620 1063 3697; x_wconf 9' lang='grc' dir='ltr'>,περὶ</span> <span class='ocrx_word' id='word_1_426' title='bbox 1119 3618 1278 3674; x_wconf 78' lang='grc' dir='ltr'>αὐτὸν</span> <span class='ocrx_word' id='word_1_427' title='bbox 1318 3619 1603 3698; x_wconf 74' lang='grc' dir='ltr'>ἀκραιφνὲς</span> <span class='ocrx_word' id='word_1_428' title='bbox 1662 3615 1739 3674; x_wconf 76' lang='grc' dir='ltr'>ἔτι</span> <span class='ocrx_word' id='word_1_429' title='bbox 1791 3626 1957 3674; x_wconf 88' lang='grc' dir='ltr'>Λατι-</span> 
     </span>
    </p>
   </div>
   <div class='ocr_carea' id='block_1_46' title="bbox 294 3707 1954 3787">
    <p class='ocr_par' dir='ltr' id='par_1_46' title="bbox 294 3707 1954 3787">
     <span class='ocr_line' id='line_1_46' title="bbox 294 3707 1954 3787; baseline -0.002 -20"><span class='ocrx_word' id='word_1_430' title='bbox 294 3709 445 3767; x_wconf 76' lang='grc' dir='ltr'>νικὸν</span> <span class='ocrx_word' id='word_1_431' title='bbox 481 3709 867 3787; x_wconf 76' lang='grc' dir='ltr'>δορυφορικὸν,</span> <span class='ocrx_word' id='word_1_432' title='bbox 894 3708 983 3764; x_wconf 83' lang='grc' dir='ltr'>καὶ</span> <span class='ocrx_word' id='word_1_433' title='bbox 1014 3710 1075 3764; x_wconf 87' lang='grc' dir='ltr'>τὸ</span> <span class='ocrx_word' id='word_1_434' title='bbox 1106 3710 1229 3784; x_wconf 80' lang='grc' dir='ltr'>περὶ</span> <span class='ocrx_word' id='word_1_435' title='bbox 1262 3709 1360 3779; x_wconf 74' lang='grc' dir='ltr'>τὴν</span> <span class='ocrx_word' id='word_1_436' title='bbox 1398 3707 1735 3784; x_wconf 87' lang='grc' dir='ltr'>ὁμόλεκτρον</span> <span class='ocrx_word' id='word_1_437' title='bbox 1788 3708 1954 3764; x_wconf 79' lang='grc' dir='ltr'>αὐτοῦ</span> 
     </span>
    </p>
   </div>
   <div class='ocr_carea' id='block_1_47' title="bbox 296 3795 1955 3874">
    <p class='ocr_par' dir='ltr' id='par_1_47' title="bbox 296 3795 1955 3874">
     <span class='ocr_line' id='line_1_47' title="bbox 296 3795 1955 3874; baseline 0.001 -21"><span class='ocrx_word' id='word_1_438' title='bbox 296 3801 681 3873; x_wconf 85' lang='grc' dir='ltr'>θεραπευτικὸν</span> <span class='ocrx_word' id='word_1_439' title='bbox 714 3800 804 3855; x_wconf 81' lang='grc' dir='ltr'>καὶ</span> <span class='ocrx_word' id='word_1_440' title='bbox 838 3795 1092 3869; x_wconf 79' lang='grc' dir='ltr'>οἰκίδιον,</span> <span class='ocrx_word' id='word_1_441' title='bbox 1125 3797 1213 3854; x_wconf 85' lang='grc' dir='ltr'>καὶ</span> <span class='ocrx_word' id='word_1_442' title='bbox 1244 3798 1366 3874; x_wconf 86' lang='grc' dir='ltr'>περὶ</span> <span class='ocrx_word' id='word_1_443' title='bbox 1427 3798 1554 3861; x_wconf 79' lang='grc' dir='ltr'>τοὺς</span> <span class='ocrx_word' id='word_1_444' title='bbox 1601 3797 1788 3853; x_wconf 72' lang='grc' dir='ltr'>ἑκατὸν</span> <span class='ocrx_word' id='word_1_445' title='bbox 1822 3818 1955 3854; x_wconf 82' lang='grc' dir='ltr'>πεν-</span> 
     </span>
    </p>
   </div>
   <div class='ocr_carea' id='block_1_48' title="bbox 2070 2636 3723 2711">
    <p class='ocr_par' dir='ltr' id='par_1_48' title="bbox 2070 2636 3723 2711">
     <span class='ocr_line' id='line_1_48' title="bbox 2070 2636 3723 2711; baseline 0.004 -20"><span class='ocrx_word' id='word_1_446' title='bbox 2070 2636 2322 2704; x_wconf 90' lang='lat' dir='ltr'>turpiter</span> <span class='ocrx_word' id='word_1_447' title='bbox 2354 2637 2426 2692; x_wconf 88' lang='lat' dir='ltr'>ab</span> <span class='ocrx_word' id='word_1_448' title='bbox 2459 2636 2717 2693; x_wconf 89' lang='lat' dir='ltr'>inimicis</span> <span class='ocrx_word' id='word_1_449' title='bbox 2773 2642 3144 2710; x_wconf 81' lang='lat' dir='ltr'>caperentur,</span> <span class='ocrx_word' id='word_1_450' title='bbox 3204 2640 3538 2711; x_wconf 79' lang='lat' dir='ltr'>patriarcha</span> <span class='ocrx_word' id='word_1_451' title='bbox 3598 2658 3723 2699; x_wconf 88' lang='lat' dir='ltr'>me-</span> 
     </span>
    </p>
   </div>
   <div class='ocr_carea' id='block_1_49' title="bbox 2067 2725 3723 2803">
    <p class='ocr_par' dir='ltr' id='par_1_49' title="bbox 2067 2725 3723 2803">
     <span class='ocr_line' id='line_1_49' title="bbox 2067 2725 3723 2803; baseline 0.004 -22"><span class='ocrx_word' id='word_1_452' title='bbox 2067 2729 2238 2781; x_wconf 92' lang='lat' dir='ltr'>tuens</span> <span class='ocrx_word' id='word_1_453' title='bbox 2272 2741 2343 2781; x_wconf 90' lang='lat' dir='ltr'>ne</span> <span class='ocrx_word' id='word_1_454' title='bbox 2376 2725 2572 2781; x_wconf 84' lang='lat' dir='ltr'>hostes</span> <span class='ocrx_word' id='word_1_455' title='bbox 2606 2726 2664 2782; x_wconf 90' lang='lat' dir='ltr'>in</span> <span class='ocrx_word' id='word_1_456' title='bbox 2697 2726 2981 2798; x_wconf 78' lang='lat' dir='ltr'>templum</span> <span class='ocrx_word' id='word_1_457' title='bbox 3013 2734 3403 2799; x_wconf 79' lang='lat' dir='ltr'>penetrarent,</span> <span class='ocrx_word' id='word_1_458' title='bbox 3439 2734 3495 2786; x_wconf 89' lang='lat' dir='ltr'>et</span> <span class='ocrx_word' id='word_1_459' title='bbox 3523 2732 3723 2803; x_wconf 85' lang='lat' dir='ltr'>profa-</span> 
     </span>
    </p>
   </div>
   <div class='ocr_carea' id='block_1_50' title="bbox 2065 2813 3720 2891">
    <p class='ocr_par' dir='ltr' id='par_1_50' title="bbox 2065 2813 3720 2891">
     <span class='ocr_line' id='line_1_50' title="bbox 2065 2813 3720 2891; baseline 0.005 -25"><span class='ocrx_word' id='word_1_460' title='bbox 2065 2813 2157 2885; x_wconf 90' lang='lat' dir='ltr'>pis</span> <span class='ocrx_word' id='word_1_461' title='bbox 2188 2813 2436 2885; x_wconf 88' lang='lat' dir='ltr'>pedibus</span> <span class='ocrx_word' id='word_1_462' title='bbox 2489 2830 2719 2869; x_wconf 90' lang='lat' dir='ltr'>sacrum</span> <span class='ocrx_word' id='word_1_463' title='bbox 2774 2814 2967 2871; x_wconf 91' lang='lat' dir='ltr'>solum</span> <span class='ocrx_word' id='word_1_464' title='bbox 3021 2815 3313 2872; x_wconf 89' lang='lat' dir='ltr'>calcarent</span> <span class='ocrx_word' id='word_1_465' title='bbox 3370 2826 3426 2874; x_wconf 89' lang='lat' dir='ltr'>et</span> <span class='ocrx_word' id='word_1_466' title='bbox 3466 2818 3720 2891; x_wconf 90' lang='lat' dir='ltr'>impuris</span> 
     </span>
    </p>
   </div>
   <div class='ocr_carea' id='block_1_51' title="bbox 2065 2901 3721 2977">
    <p class='ocr_par' dir='ltr' id='par_1_51' title="bbox 2065 2901 3721 2977">
     <span class='ocr_line' id='line_1_51' title="bbox 2065 2901 3721 2977; baseline 0.004 -19"><span class='ocrx_word' id='word_1_467' title='bbox 2065 2910 2118 2958; x_wconf 89' lang='lat' dir='ltr'>et</span> <span class='ocrx_word' id='word_1_468' title='bbox 2148 2901 2403 2958; x_wconf 88' lang='lat' dir='ltr'>calidum</span> <span class='ocrx_word' id='word_1_469' title='bbox 2438 2902 2628 2958; x_wconf 88' lang='lat' dir='ltr'>adhuc</span> <span class='ocrx_word' id='word_1_470' title='bbox 2668 2904 3019 2977; x_wconf 86' lang='lat' dir='ltr'>sanguinem</span> <span class='ocrx_word' id='word_1_471' title='bbox 3051 2905 3409 2963; x_wconf 86' lang='lat' dir='ltr'>stillantibus</span> <span class='ocrx_word' id='word_1_472' title='bbox 3441 2908 3721 2965; x_wconf 86' lang='lat' dir='ltr'>manibus</span> 
     </span>
    </p>
   </div>
   <div class='ocr_carea' id='block_1_52' title="bbox 2063 2991 3718 3067">
    <p class='ocr_par' dir='ltr' id='par_1_52' title="bbox 2063 2991 3718 3067">
     <span class='ocr_line' id='line_1_52' title="bbox 2063 2991 3718 3067; baseline 0.004 -20"><span class='ocrx_word' id='word_1_473' title='bbox 2063 2991 2445 3048; x_wconf 89' lang='lat' dir='ltr'>sanctissima</span> <span class='ocrx_word' id='word_1_474' title='bbox 2468 2992 2707 3049; x_wconf 88' lang='lat' dir='ltr'>donaria</span> <span class='ocrx_word' id='word_1_475' title='bbox 2727 2997 3024 3066; x_wconf 80' lang='lat' dir='ltr'>raperent,</span> <span class='ocrx_word' id='word_1_476' title='bbox 3050 2995 3205 3050; x_wconf 76' lang='lat'><strong>810</strong></span> <span class='ocrx_word' id='word_1_477' title='bbox 3234 2996 3536 3067; x_wconf 80' lang='lat' dir='ltr'>pontiﬁcis</span> <span class='ocrx_word' id='word_1_478' title='bbox 3566 2997 3718 3054; x_wconf 88' lang='lat' dir='ltr'>stola</span> 
     </span>
    </p>
   </div>
   <div class='ocr_carea' id='block_1_53' title="bbox 2065 3082 3711 3158">
    <p class='ocr_par' dir='ltr' id='par_1_53' title="bbox 2065 3082 3711 3158">
     <span class='ocr_line' id='line_1_53' title="bbox 2065 3082 3711 3158; baseline 0.004 -22"><span class='ocrx_word' id='word_1_479' title='bbox 2065 3086 2306 3138; x_wconf 88' lang='lat' dir='ltr'>ornatus</span> <span class='ocrx_word' id='word_1_480' title='bbox 2340 3088 2395 3137; x_wconf 90' lang='lat' dir='ltr'>et</span> <span class='ocrx_word' id='word_1_481' title='bbox 2417 3082 2613 3139; x_wconf 88' lang='lat' dir='ltr'>divina</span> <span class='ocrx_word' id='word_1_482' title='bbox 2634 3083 2870 3140; x_wconf 88' lang='lat' dir='ltr'>oracula</span> <span class='ocrx_word' id='word_1_483' title='bbox 2891 3083 3163 3141; x_wconf 89' lang='lat' dir='ltr'>manibus</span> <span class='ocrx_word' id='word_1_484' title='bbox 3181 3088 3439 3158; x_wconf 85' lang='lat' dir='ltr'>gestans,</span> <span class='ocrx_word' id='word_1_485' title='bbox 3474 3086 3534 3143; x_wconf 93' lang='lat' dir='ltr'>in</span> <span class='ocrx_word' id='word_1_486' title='bbox 3557 3095 3711 3143; x_wconf 87' lang='lat' dir='ltr'>tem-</span> 
     </span>
    </p>
   </div>
   <div class='ocr_carea' id='block_1_54' title="bbox 2062 3171 3707 3248">
    <p class='ocr_par' dir='ltr' id='par_1_54' title="bbox 2062 3171 3707 3248">
     <span class='ocr_line' id='line_1_54' title="bbox 2062 3171 3707 3248; baseline 0.004 -21"><span class='ocrx_word' id='word_1_487' title='bbox 2062 3171 2144 3244; x_wconf 90' lang='lat' dir='ltr'>pli</span> <span class='ocrx_word' id='word_1_488' title='bbox 2173 3172 2551 3244; x_wconf 82' lang='lat' dir='ltr'>vestibulum,</span> <span class='ocrx_word' id='word_1_489' title='bbox 2586 3173 2739 3245; x_wconf 91' lang='lat' dir='ltr'>quod</span> <span class='ocrx_word' id='word_1_490' title='bbox 2762 3177 2820 3230; x_wconf 89' lang='lat' dir='ltr'>et</span> <span class='ocrx_word' id='word_1_491' title='bbox 2849 3175 3277 3247; x_wconf 89' lang='lat' dir='ltr'>protccdiceum</span> <span class='ocrx_word' id='word_1_492' title='bbox 3328 3176 3566 3243; x_wconf 89' lang='lat' dir='ltr'>dicitur,</span> <span class='ocrx_word' id='word_1_493' title='bbox 3590 3194 3707 3248; x_wconf 91' lang='lat' dir='ltr'>quo</span> 
     </span>
    </p>
   </div>
   <div class='ocr_carea' id='block_1_55' title="bbox 2062 3261 3708 3336">
    <p class='ocr_par' dir='ltr' id='par_1_55' title="bbox 2062 3261 3708 3336">
     <span class='ocr_line' id='line_1_55' title="bbox 2062 3261 3708 3336; baseline 0.004 -19"><span class='ocrx_word' id='word_1_494' title='bbox 2062 3278 2125 3317; x_wconf 89' lang='lat' dir='ltr'>se</span> <span class='ocrx_word' id='word_1_495' title='bbox 2162 3261 2474 3318; x_wconf 66' lang='lat' dir='ltr'>Caesariani</span> <span class='ocrx_word' id='word_1_496' title='bbox 2530 3262 2669 3335; x_wconf 83' lang='lat' dir='ltr'>fuga</span> <span class='ocrx_word' id='word_1_497' title='bbox 2726 3271 3082 3336; x_wconf 87' lang='lat' dir='ltr'>receperant,</span> <span class='ocrx_word' id='word_1_498' title='bbox 3139 3265 3463 3322; x_wconf 86' lang='lat' dir='ltr'>descendit.</span> <span class='ocrx_word' id='word_1_499' title='bbox 3515 3270 3708 3324; x_wconf 65' lang='lat' dir='ltr'>Caesar</span> 
     </span>
    </p>
   </div>
   <div class='ocr_carea' id='block_1_56' title="bbox 2060 3350 3710 3426">
    <p class='ocr_par' dir='ltr' id='par_1_56' title="bbox 2060 3350 3710 3426">
     <span class='ocr_line' id='line_1_56' title="bbox 2060 3350 3710 3426; baseline 0.004 -20"><span class='ocrx_word' id='word_1_500' title='bbox 2060 3368 2192 3408; x_wconf 87' lang='lat' dir='ltr'>vero</span> <span class='ocrx_word' id='word_1_501' title='bbox 2214 3350 2583 3424; x_wconf 80' lang='lat' dir='ltr'>gladiatores,</span> <span class='ocrx_word' id='word_1_502' title='bbox 2617 3353 2719 3424; x_wconf 89' lang='lat' dir='ltr'>qui</span> <span class='ocrx_word' id='word_1_503' title='bbox 2776 3352 3032 3409; x_wconf 80' lang='lat' dir='ltr'>ecclesiae</span> <span class='ocrx_word' id='word_1_504' title='bbox 3089 3354 3241 3410; x_wconf 83' lang='lat' dir='ltr'>fores</span> <span class='ocrx_word' id='word_1_505' title='bbox 3285 3355 3620 3426; x_wconf 83' lang='lat' dir='ltr'>tuebantur,</span> <span class='ocrx_word' id='word_1_506' title='bbox 3653 3360 3710 3412; x_wconf 86' lang='lat' dir='ltr'>et</span> 
     </span>
    </p>
   </div>
   <div class='ocr_carea' id='block_1_57' title="bbox 2059 3440 3709 3516">
    <p class='ocr_par' dir='ltr' id='par_1_57' title="bbox 2059 3440 3709 3516">
     <span class='ocr_line' id='line_1_57' title="bbox 2059 3440 3709 3516; baseline 0.004 -20"><span class='ocrx_word' id='word_1_507' title='bbox 2059 3442 2292 3498; x_wconf 90' lang='lat' dir='ltr'>Latinos</span> <span class='ocrx_word' id='word_1_508' title='bbox 2315 3440 2595 3497; x_wconf 86' lang='lat' dir='ltr'>satellites</span> <span class='ocrx_word' id='word_1_509' title='bbox 2615 3442 2803 3498; x_wconf 86' lang='lat' dir='ltr'>adhuc</span> <span class='ocrx_word' id='word_1_510' title='bbox 2826 3442 3043 3500; x_wconf 83' lang='lat' dir='ltr'>viribus</span> <span class='ocrx_word' id='word_1_511' title='bbox 3092 3442 3370 3516; x_wconf 88' lang='lat' dir='ltr'>integros,</span> <span class='ocrx_word' id='word_1_512' title='bbox 3402 3448 3460 3500; x_wconf 87' lang='lat' dir='ltr'>et</span> <span class='ocrx_word' id='word_1_513' title='bbox 3512 3445 3709 3502; x_wconf 85' lang='lat' dir='ltr'>uxoris</span> 
     </span>
    </p>
   </div>
   <div class='ocr_carea' id='block_1_58' title="bbox 2060 3531 3709 3591">
    <p class='ocr_par' dir='ltr' id='par_1_58' title="bbox 2060 3531 3709 3591">
     <span class='ocr_line' id='line_1_58' title="bbox 2060 3531 3709 3591; baseline 0.003 -5"><span class='ocrx_word' id='word_1_514' title='bbox 2060 3547 2177 3587; x_wconf 62' lang='lat' dir='ltr'>suae</span> <span class='ocrx_word' id='word_1_515' title='bbox 2200 3548 2266 3587; x_wconf 89' lang='lat' dir='ltr'>ac</span> <span class='ocrx_word' id='word_1_516' title='bbox 2285 3531 2634 3588; x_wconf 88' lang='lat' dir='ltr'>domesticos</span> <span class='ocrx_word' id='word_1_517' title='bbox 2684 3531 2983 3589; x_wconf 88' lang='lat' dir='ltr'>ministros</span> <span class='ocrx_word' id='word_1_518' title='bbox 3006 3532 3233 3589; x_wconf 89' lang='lat' dir='ltr'>circiter</span> <span class='ocrx_word' id='word_1_519' title='bbox 3277 3550 3345 3588; x_wconf 72' lang='lat' dir='ltr'>cr.</span> <span class='ocrx_word' id='word_1_520' title='bbox 3373 3549 3575 3591; x_wconf 90' lang='lat' dir='ltr'>secum</span> <span class='ocrx_word' id='word_1_521' title='bbox 3608 3536 3709 3591; x_wconf 89' lang='lat' dir='ltr'>ad-</span> 
     </span>
    </p>
   </div>
   <div class='ocr_carea' id='block_1_59' title="bbox 2059 3622 3707 3692">
    <p class='ocr_par' dir='ltr' id='par_1_59' title="bbox 2059 3622 3707 3692">
     <span class='ocr_line' id='line_1_59' title="bbox 2059 3622 3707 3692; baseline 0.002 -13"><span class='ocrx_word' id='word_1_522' title='bbox 2059 3622 2260 3692; x_wconf 83' lang='lat' dir='ltr'>duxit;</span> <span class='ocrx_word' id='word_1_523' title='bbox 2294 3625 2351 3680; x_wconf 81' lang='lat' dir='ltr'>et</span> <span class='ocrx_word' id='word_1_524' title='bbox 2379 3625 2631 3681; x_wconf 89' lang='lat' dir='ltr'>sublime</span> <span class='ocrx_word' id='word_1_525' title='bbox 2662 3624 3008 3682; x_wconf 87' lang='lat' dir='ltr'>subsellium</span> <span class='ocrx_word' id='word_1_526' title='bbox 3067 3625 3129 3681; x_wconf 92' lang='lat' dir='ltr'>in</span> <span class='ocrx_word' id='word_1_527' title='bbox 3187 3624 3458 3682; x_wconf 89' lang='lat' dir='ltr'>Macrono</span> <span class='ocrx_word' id='word_1_528' title='bbox 3500 3631 3707 3683; x_wconf 87' lang='lat' dir='ltr'>nactus</span> 
     </span>
    </p>
   </div>
   <div class='ocr_carea' id='block_1_60' title="bbox 2058 3713 3707 3787">
    <p class='ocr_par' dir='ltr' id='par_1_60' title="bbox 2058 3713 3707 3787">
     <span class='ocr_line' id='line_1_60' title="bbox 2058 3713 3707 3787; baseline 0.001 -17"><span class='ocrx_word' id='word_1_529' title='bbox 2058 3713 2382 3770; x_wconf 87' lang='lat' dir='ltr'>orationem</span> <span class='ocrx_word' id='word_1_530' title='bbox 2406 3713 2745 3785; x_wconf 88' lang='lat' dir='ltr'>hujuemodi</span> <span class='ocrx_word' id='word_1_531' title='bbox 2774 3714 3020 3771; x_wconf 88' lang='lat' dir='ltr'>habuit:</span> <span class='ocrx_word' id='word_1_532' title='bbox 3046 3736 3075 3764; x_wconf 87' lang='lat'>«</span> <span class='ocrx_word' id='word_1_533' title='bbox 3102 3713 3219 3769; x_wconf 89' lang='lat' dir='ltr'>Etsi</span> <span class='ocrx_word' id='word_1_534' title='bbox 3245 3731 3357 3771; x_wconf 90' lang='lat' dir='ltr'>non</span> <span class='ocrx_word' id='word_1_535' title='bbox 3381 3718 3581 3771; x_wconf 89' lang='lat' dir='ltr'>contra</span> <span class='ocrx_word' id='word_1_536' title='bbox 3602 3733 3707 3787; x_wconf 84' lang='lat' dir='ltr'>po-</span> 
     </span>
    </p>
   </div>
   <div class='ocr_carea' id='block_1_61' title="bbox 2058 3800 3709 3874">
    <p class='ocr_par' dir='ltr' id='par_1_61' title="bbox 2058 3800 3709 3874">
     <span class='ocr_line' id='line_1_61' title="bbox 2058 3800 3709 3874; baseline 0.001 -17"><span class='ocrx_word' id='word_1_537' title='bbox 2058 3800 2292 3872; x_wconf 89' lang='lat' dir='ltr'>pulares</span> <span class='ocrx_word' id='word_1_538' title='bbox 2324 3803 2381 3857; x_wconf 86' lang='lat' dir='ltr'>et</span> <span class='ocrx_word' id='word_1_539' title='bbox 2426 3803 2630 3857; x_wconf 90' lang='lat' dir='ltr'>eadem</span> <span class='ocrx_word' id='word_1_540' title='bbox 2680 3801 2959 3874; x_wconf 80' lang='lat' dir='ltr'>religione</span> <span class='ocrx_word' id='word_1_541' title='bbox 3012 3802 3295 3869; x_wconf 86' lang='lat' dir='ltr'>initiatos,</span> <span class='ocrx_word' id='word_1_542' title='bbox 3355 3804 3457 3859; x_wconf 90' lang='lat' dir='ltr'>sed</span> <span class='ocrx_word' id='word_1_543' title='bbox 3507 3808 3709 3860; x_wconf 89' lang='lat' dir='ltr'>contra</span> 
     </span>
    </p>
   </div>
   <div class='ocr_carea' id='block_1_62' title="bbox 291 3885 1955 3986">
    <p class='ocr_par' dir='ltr' id='par_1_62' title="bbox 291 3885 1950 3964">
     <span class='ocr_line' id='line_1_62' title="bbox 291 3885 1950 3964; baseline -0.001 -21"><span class='ocrx_word' id='word_1_544' title='bbox 291 3889 532 3959; x_wconf 77' lang='grc' dir='ltr'>τήκοντα</span> <span class='ocrx_word' id='word_1_545' title='bbox 562 3890 762 3951; x_wconf 82' lang='grc' dir='ltr'>πάντας</span> <span class='ocrx_word' id='word_1_546' title='bbox 792 3888 1143 3964; x_wconf 78' lang='grc' dir='ltr'>ἠριθμηκὼς,</span> <span class='ocrx_word' id='word_1_547' title='bbox 1175 3885 1262 3942; x_wconf 83' lang='grc' dir='ltr'>ἐπί</span> <span class='ocrx_word' id='word_1_548' title='bbox 1293 3908 1439 3953; x_wconf 88' lang='grc' dir='ltr'>τινος</span> <span class='ocrx_word' id='word_1_549' title='bbox 1477 3887 1751 3963; x_wconf 83' lang='grc' dir='ltr'>μετεώρου</span> <span class='ocrx_word' id='word_1_550' title='bbox 1784 3907 1950 3961; x_wconf 85' lang='grc' dir='ltr'>σκιμ-</span> 
     </span>
    </p>
   </div>
   <div class='ocr_carea' id='block_1_63' title="bbox 2063 3885 3711 3986">
    <p class='ocr_par' dir='ltr' id='par_1_63' title="bbox 2065 3890 3711 3964">
     <span class='ocr_line' id='line_1_63' title="bbox 2065 3890 3711 3964; baseline 0.001 -17"><span class='ocrx_word' id='word_1_551' title='bbox 2065 3891 2254 3947; x_wconf 86' lang='lat' dir='ltr'>crucis</span> <span class='ocrx_word' id='word_1_552' title='bbox 2287 3890 2554 3947; x_wconf 88' lang='lat' dir='ltr'>inimicos</span> <span class='ocrx_word' id='word_1_553' title='bbox 2587 3906 2751 3946; x_wconf 87' lang='lat' dir='ltr'>arma</span> <span class='ocrx_word' id='word_1_554' title='bbox 2781 3891 2935 3946; x_wconf 87' lang='lat' dir='ltr'>sumi</span> <span class='ocrx_word' id='word_1_555' title='bbox 2986 3891 3301 3960; x_wconf 88' lang='lat' dir='ltr'>decuisset,</span> <span class='ocrx_word' id='word_1_556' title='bbox 3332 3896 3530 3948; x_wconf 88' lang='lat' dir='ltr'>tamen</span> <span class='ocrx_word' id='word_1_557' title='bbox 3571 3892 3711 3964; x_wconf 90' lang='lat' dir='ltr'>quia</span> 
     </span>
    </p>
   </div>
   <div class='ocr_carea' id='block_1_64' title="bbox 291 3974 1950 4053">
    <p class='ocr_par' dir='ltr' id='par_1_64' title="bbox 291 3974 1950 4053">
     <span class='ocr_line' id='line_1_64' title="bbox 291 3974 1950 4053; baseline -0.002 -19"><span class='ocrx_word' id='word_1_558' title='bbox 291 3974 558 4034; x_wconf 82' lang='grc' dir='ltr'>ποδίσκου</span> <span class='ocrx_word' id='word_1_559' title='bbox 633 3978 770 4035; x_wconf 80' lang='grc' dir='ltr'>κατά</span> <span class='ocrx_word' id='word_1_560' title='bbox 821 3978 911 4033; x_wconf 90' lang='grc' dir='ltr'>τὸν</span> <span class='ocrx_word' id='word_1_561' title='bbox 979 3976 1249 4053; x_wconf 79' lang='grc' dir='ltr'>Μάκρωνα</span> <span class='ocrx_word' id='word_1_562' title='bbox 1334 3977 1751 4053; x_wconf 85' lang='grc' dir='ltr'>παρευρεθέντος</span> <span class='ocrx_word' id='word_1_563' title='bbox 1825 3975 1950 4039; x_wconf 72' lang='grc' dir='ltr'>στὰς</span> 
     </span>
    </p>
   </div>
   <div class='ocr_carea' id='block_1_65' title="bbox 292 4065 1952 4145">
    <p class='ocr_par' dir='ltr' id='par_1_65' title="bbox 292 4065 1952 4145">
     <span class='ocr_line' id='line_1_65' title="bbox 292 4065 1952 4145; baseline -0.002 -22"><span class='ocrx_word' id='word_1_564' title='bbox 292 4065 480 4142; x_wconf 72' lang='grc' dir='ltr'>αὐτὸς,</span> <span class='ocrx_word' id='word_1_565' title='bbox 530 4068 620 4124; x_wconf 78' lang='grc' dir='ltr'>καὶ</span> <span class='ocrx_word' id='word_1_566' title='bbox 679 4068 1007 4145; x_wconf 85' lang='grc' dir='ltr'>περιστήσας</span> <span class='ocrx_word' id='word_1_567' title='bbox 1066 4066 1195 4131; x_wconf 80' lang='grc' dir='ltr'>τοὺς</span> <span class='ocrx_word' id='word_1_568' title='bbox 1274 4065 1810 4144; x_wconf 83' lang='grc' dir='ltr'>παρεσκευασμένους</span> <span class='ocrx_word' id='word_1_569' title='bbox 1876 4066 1952 4127; x_wconf 87' lang='grc' dir='ltr'>εἰς</span> 
     </span>
    </p>
   </div>
   <div class='ocr_carea' id='block_1_66' title="bbox 296 4152 1955 4236">
    <p class='ocr_par' dir='ltr' id='par_1_66' title="bbox 296 4152 1955 4236">
     <span class='ocr_line' id='line_1_66' title="bbox 296 4152 1955 4236; baseline -0.003 -22"><span class='ocrx_word' id='word_1_570' title='bbox 296 4157 569 4232; x_wconf 86' lang='grc' dir='ltr'>πόλεμον,</span> <span class='ocrx_word' id='word_1_571' title='bbox 598 4154 768 4234; x_wconf 72' lang='grc' dir='ltr'>’ἔφησε</span> <span class='ocrx_word' id='word_1_572' title='bbox 797 4152 1000 4213; x_wconf 82' lang='grc' dir='ltr'>τοιάδε’</span> <span class='ocrx_word' id='word_1_573' title='bbox 1038 4181 1066 4209; x_wconf 88' lang='grc'><em>‹‹</em></span> <span class='ocrx_word' id='word_1_574' title='bbox 1101 4158 1311 4236; x_wconf 80' lang='grc' dir='ltr'>Ἐχρῆν</span> <span class='ocrx_word' id='word_1_575' title='bbox 1345 4158 1438 4229; x_wconf 76' lang='grc' dir='ltr'>μὲν</span> <span class='ocrx_word' id='word_1_576' title='bbox 1500 4157 1576 4230; x_wconf 76' lang='grc' dir='ltr'>μὴ</span> <span class='ocrx_word' id='word_1_577' title='bbox 1638 4156 1756 4211; x_wconf 84' lang='grc' dir='ltr'>καθ’</span> <span class='ocrx_word' id='word_1_578' title='bbox 1812 4156 1955 4228; x_wconf 85' lang='grc' dir='ltr'>ὁμο-</span> 
     </span>
    </p>
   </div>
   <div class='ocr_carea' id='block_1_67' title="bbox 294 4242 1953 4326">
    <p class='ocr_par' dir='ltr' id='par_1_67' title="bbox 294 4242 1953 4326">
     <span class='ocr_line' id='line_1_67' title="bbox 294 4242 1953 4326; baseline -0.002 -24"><span class='ocrx_word' id='word_1_579' title='bbox 294 4246 486 4326; x_wconf 88' lang='grc' dir='ltr'>φύλων</span> <span class='ocrx_word' id='word_1_580' title='bbox 540 4247 630 4303; x_wconf 89' lang='grc' dir='ltr'>καὶ</span> <span class='ocrx_word' id='word_1_581' title='bbox 682 4246 1017 4321; x_wconf 87' lang='grc' dir='ltr'>ὁμοπίστων,</span> <span class='ocrx_word' id='word_1_582' title='bbox 1052 4242 1200 4302; x_wconf 81' lang='grc' dir='ltr'>ἀλλὰ</span> <span class='ocrx_word' id='word_1_583' title='bbox 1228 4244 1364 4301; x_wconf 81' lang='grc' dir='ltr'>κατὰ</span> <span class='ocrx_word' id='word_1_584' title='bbox 1416 4249 1524 4299; x_wconf 89' lang='grc' dir='ltr'>τῶν</span> <span class='ocrx_word' id='word_1_585' title='bbox 1579 4242 1792 4320; x_wconf 81' lang='grc' dir='ltr'>ἐχθρῶν</span> <span class='ocrx_word' id='word_1_586' title='bbox 1855 4248 1953 4300; x_wconf 82' lang='grc' dir='ltr'>τοῦ</span> 
     </span>
    </p>
   </div>
   <div class='ocr_carea' id='block_1_68' title="bbox 291 4328 1956 4413">
    <p class='ocr_par' dir='ltr' id='par_1_68' title="bbox 291 4328 1956 4413">
     <span class='ocr_line' id='line_1_68' title="bbox 291 4328 1956 4413; baseline -0.002 -20"><span class='ocrx_word' id='word_1_587' title='bbox 291 4342 528 4413; x_wconf 88' lang='grc' dir='ltr'>σταυροῦ</span> <span class='ocrx_word' id='word_1_588' title='bbox 556 4337 654 4401; x_wconf 77' lang='grc' dir='ltr'>τὰς</span> <span class='ocrx_word' id='word_1_589' title='bbox 713 4335 1024 4410; x_wconf 82' lang='grc' dir='ltr'>πολεμικὰς</span> <span class='ocrx_word' id='word_1_590' title='bbox 1079 4334 1278 4397; x_wconf 83' lang='grc' dir='ltr'>ταύτας</span> <span class='ocrx_word' id='word_1_591' title='bbox 1333 4328 1765 4410; x_wconf 84' lang='grc' dir='ltr'>περιϐεϐλῆσθαι</span> <span class='ocrx_word' id='word_1_592' title='bbox 1838 4356 1956 4390; x_wconf 87' lang='grc' dir='ltr'>στο-</span> 
     </span>
    </p>
   </div>
   <div class='ocr_carea' id='block_1_69' title="bbox 287 4421 1948 4502">
    <p class='ocr_par' dir='ltr' id='par_1_69' title="bbox 287 4421 1948 4502">
     <span class='ocr_line' id='line_1_69' title="bbox 287 4421 1948 4502; baseline -0.002 -19"><span class='ocrx_word' id='word_1_593' title='bbox 287 4426 393 4490; x_wconf 79' lang='grc' dir='ltr'>λὰς</span> <span class='ocrx_word' id='word_1_594' title='bbox 451 4426 545 4482; x_wconf 83' lang='grc' dir='ltr'>καὶ</span> <span class='ocrx_word' id='word_1_595' title='bbox 604 4426 699 4489; x_wconf 76' lang='grc' dir='ltr'>τας</span> <span class='ocrx_word' id='word_1_596' title='bbox 762 4430 953 4501; x_wconf 84' lang='grc' dir='ltr'>χεῖρας</span> <span class='ocrx_word' id='word_1_597' title='bbox 1004 4429 1122 4488; x_wconf 89' lang='grc' dir='ltr'>τοῖς</span> <span class='ocrx_word' id='word_1_598' title='bbox 1179 4424 1472 4502; x_wconf 85' lang='grc' dir='ltr'>φασγάνοις</span> <span class='ocrx_word' id='word_1_599' title='bbox 1550 4421 1948 4488; x_wconf 85' lang='grc' dir='ltr'>καθωπλίσθαι·</span> 
     </span>
    </p>
   </div>
   <div class='ocr_carea' id='block_1_70' title="bbox 290 4512 1955 4590">
    <p class='ocr_par' dir='ltr' id='par_1_70' title="bbox 290 4512 1955 4590">
     <span class='ocr_line' id='line_1_70' title="bbox 290 4512 1955 4590; baseline -0.002 -17"><span class='ocrx_word' id='word_1_600' title='bbox 290 4516 420 4573; x_wconf 73' lang='grc' dir='ltr'>ἐπεὶ</span> <span class='ocrx_word' id='word_1_601' title='bbox 479 4514 539 4572; x_wconf 72' lang='grc' dir='ltr'>δὲ</span> <span class='ocrx_word' id='word_1_602' title='bbox 597 4516 649 4572; x_wconf 80' lang='grc' dir='ltr'>οἱ</span> <span class='ocrx_word' id='word_1_603' title='bbox 707 4515 775 4572; x_wconf 71' lang='grc' dir='ltr'>τά</span> <span class='ocrx_word' id='word_1_604' title='bbox 824 4522 925 4586; x_wconf 86' lang='grc' dir='ltr'>τῆς</span> <span class='ocrx_word' id='word_1_605' title='bbox 981 4512 1261 4590; x_wconf 88' lang='grc' dir='ltr'>βασιλείας</span> <span class='ocrx_word' id='word_1_606' title='bbox 1320 4512 1606 4588; x_wconf 81' lang='grc' dir='ltr'>Ῥωμαίων</span> <span class='ocrx_word' id='word_1_607' title='bbox 1653 4515 1955 4590; x_wconf 83' lang='grc' dir='ltr'>μοχθηρῶς</span> 
     </span>
    </p>
   </div>
   <div class='ocr_carea' id='block_1_71' title="bbox 291 4599 1954 4683">
    <p class='ocr_par' dir='ltr' id='par_1_71' title="bbox 291 4599 1954 4683">
     <span class='ocr_line' id='line_1_71' title="bbox 291 4599 1954 4683; baseline -0.002 -22"><span class='ocrx_word' id='word_1_608' title='bbox 291 4604 575 4669; x_wconf 81' lang='grc' dir='ltr'>διέποντες</span> <span class='ocrx_word' id='word_1_609' title='bbox 605 4608 773 4661; x_wconf 78' lang='grc' dir='ltr'>τοῦτο</span> <span class='ocrx_word' id='word_1_610' title='bbox 818 4606 915 4679; x_wconf 78' lang='grc' dir='ltr'>μὲν</span> <span class='ocrx_word' id='word_1_611' title='bbox 969 4603 1285 4683; x_wconf 83' lang='grc' dir='ltr'>ἀφείλοντο,</span> <span class='ocrx_word' id='word_1_612' title='bbox 1342 4603 1695 4677; x_wconf 88' lang='grc' dir='ltr'>ἀναγκαστῶς</span> <span class='ocrx_word' id='word_1_613' title='bbox 1752 4599 1809 4657; x_wconf 71' lang='grc' dir='ltr'>δὲ</span> <span class='ocrx_word' id='word_1_614' title='bbox 1860 4602 1954 4658; x_wconf 84' lang='grc' dir='ltr'>καὶ</span> 
     </span>
    </p>
   </div>
   <div class='ocr_carea' id='block_1_72' title="bbox 296 4690 1954 4773">
    <p class='ocr_par' dir='ltr' id='par_1_72' title="bbox 296 4690 1954 4773">
     <span class='ocr_line' id='line_1_72' title="bbox 296 4690 1954 4773; baseline -0.004 -20"><span class='ocrx_word' id='word_1_615' title='bbox 296 4694 493 4754; x_wconf 61' lang='grc' dir='ltr'>οὔκουν</span> <span class='ocrx_word' id='word_1_616' title='bbox 578 4698 922 4773; x_wconf 87' lang='grc' dir='ltr'>προαιρετῶς</span> <span class='ocrx_word' id='word_1_617' title='bbox 1001 4694 1094 4756; x_wconf 81' lang='grc' dir='ltr'>τὰς</span> <span class='ocrx_word' id='word_1_618' title='bbox 1182 4692 1452 4768; x_wconf 82' lang='grc' dir='ltr'>ἡμετέρας</span> <span class='ocrx_word' id='word_1_619' title='bbox 1528 4690 1741 4769; x_wconf 81' lang='grc' dir='ltr'>λόγχας</span> <span class='ocrx_word' id='word_1_620' title='bbox 1835 4692 1954 4748; x_wconf 88' lang='grc' dir='ltr'>καθ’</span> 
     </span>
    </p>
   </div>
   <div class='ocr_carea' id='block_1_73' title="bbox 290 4778 1954 4858">
    <p class='ocr_par' dir='ltr' id='par_1_73' title="bbox 290 4778 1954 4858">
     <span class='ocr_line' id='line_1_73' title="bbox 290 4778 1954 4858; baseline -0.004 -17"><span class='ocrx_word' id='word_1_621' title='bbox 290 4788 504 4843; x_wconf 76' lang='grc' dir='ltr'>ἑαυτῶν</span> <span class='ocrx_word' id='word_1_622' title='bbox 573 4786 933 4856; x_wconf 81' lang='grc' dir='ltr'>ἀκονήσαντες</span> <span class='ocrx_word' id='word_1_623' title='bbox 998 4778 1215 4858; x_wconf 80' lang='grc' dir='ltr'>ἔχουσι,</span> <span class='ocrx_word' id='word_1_624' title='bbox 1277 4781 1354 4857; x_wconf 80' lang='grc' dir='ltr'>μὴ</span> <span class='ocrx_word' id='word_1_625' title='bbox 1415 4778 1483 4850; x_wconf 79' lang='grc' dir='ltr'>δὴ</span> <span class='ocrx_word' id='word_1_626' title='bbox 1549 4780 1782 4857; x_wconf 86' lang='grc' dir='ltr'>ἀγεννῶς</span> <span class='ocrx_word' id='word_1_627' title='bbox 1836 4778 1954 4836; x_wconf 76' lang='grc' dir='ltr'>ἐπι-</span> 
     </span>
    </p>
   </div>
   <div class='ocr_carea' id='block_1_74' title="bbox 291 4868 1954 4950">
    <p class='ocr_par' dir='ltr' id='par_1_74' title="bbox 291 4868 1954 4950">
     <span class='ocr_line' id='line_1_74' title="bbox 291 4868 1954 4950; baseline -0.004 -19"><span class='ocrx_word' id='word_1_628' title='bbox 291 4881 508 4950; x_wconf 87' lang='grc' dir='ltr'>στῶμεν</span> <span class='ocrx_word' id='word_1_629' title='bbox 545 4880 664 4937; x_wconf 81' lang='grc' dir='ltr'>τοῖς</span> <span class='ocrx_word' id='word_1_630' title='bbox 724 4870 959 4942; x_wconf 73' lang='grc' dir='ltr'>ἐπιοῦσι,</span> <span class='ocrx_word' id='word_1_631' title='bbox 1023 4868 1154 4946; x_wconf 84' lang='grc' dir='ltr'>μηδ’</span> <span class='ocrx_word' id='word_1_632' title='bbox 1212 4871 1679 4927; x_wconf 83' lang='grc' dir='ltr'>ὅτιταυτόπιστοι</span> <span class='ocrx_word' id='word_1_633' title='bbox 1733 4869 1824 4925; x_wconf 82' lang='grc' dir='ltr'>καὶ</span> <span class='ocrx_word' id='word_1_634' title='bbox 1853 4870 1954 4939; x_wconf 75' lang='grc' dir='ltr'>τὴν</span> 
     </span>
    </p>
   </div>
   <div class='ocr_carea' id='block_1_75' title="bbox 289 4958 1954 5036">
    <p class='ocr_par' dir='ltr' id='par_1_75' title="bbox 289 4958 1954 5036">
     <span class='ocr_line' id='line_1_75' title="bbox 289 4958 1954 5036; baseline -0.004 -16"><span class='ocrx_word' id='word_1_635' title='bbox 289 4964 464 5035; x_wconf 72' lang='grc' dir='ltr'>αὐτὴν</span> <span class='ocrx_word' id='word_1_636' title='bbox 551 4962 826 5027; x_wconf 78' lang='grc' dir='ltr'>οἰκοῦντες</span> <span class='ocrx_word' id='word_1_637' title='bbox 913 4960 1389 5036; x_wconf 85' lang='grc' dir='ltr'>ἀναλογισώμεθα,</span> <span class='ocrx_word' id='word_1_638' title='bbox 1447 4958 1572 5015; x_wconf 73' lang='grc' dir='ltr'>ἀλλ’</span> <span class='ocrx_word' id='word_1_639' title='bbox 1659 4960 1732 5022; x_wconf 85' lang='grc' dir='ltr'>ὡς</span> <span class='ocrx_word' id='word_1_640' title='bbox 1785 4958 1954 5015; x_wconf 74' lang='grc' dir='ltr'>πολε·</span> 
     </span>
    </p>
   </div>
   <div class='ocr_carea' id='block_1_76' title="bbox 293 5046 1955 5129">
    <p class='ocr_par' dir='ltr' id='par_1_76' title="bbox 293 5046 1955 5129">
     <span class='ocr_line' id='line_1_76' title="bbox 293 5046 1955 5129; baseline -0.002 -22"><span class='ocrx_word' id='word_1_641' title='bbox 293 5053 459 5128; x_wconf 83' lang='grc' dir='ltr'>μίους</span> <span class='ocrx_word' id='word_1_642' title='bbox 508 5058 627 5126; x_wconf 81' lang='grc' dir='ltr'>Θεῷ</span> <span class='ocrx_word' id='word_1_643' title='bbox 660 5052 945 5129; x_wconf 87' lang='grc' dir='ltr'>πρότερον,</span> <span class='ocrx_word' id='word_1_644' title='bbox 978 5052 1040 5107; x_wconf 77' lang='grc' dir='ltr'>οὗ</span> <span class='ocrx_word' id='word_1_645' title='bbox 1097 5048 1158 5105; x_wconf 82' lang='grc' dir='ltr'>τὸ</span> <span class='ocrx_word' id='word_1_646' title='bbox 1189 5050 1333 5126; x_wconf 76' lang='grc' dir='ltr'>ἱερὸν</span> <span class='ocrx_word' id='word_1_647' title='bbox 1365 5046 1491 5104; x_wconf 84' lang='grc' dir='ltr'>τόδε</span> <span class='ocrx_word' id='word_1_648' title='bbox 1521 5047 1744 5104; x_wconf 72' lang='grc' dir='ltr'>εῗσίααιν</span> <span class='ocrx_word' id='word_1_649' title='bbox 1804 5048 1955 5104; x_wconf 89' lang='grc' dir='ltr'>ἀναι-</span> 
     </span>
    </p>
   </div>
   <div class='ocr_carea' id='block_1_77' title="bbox 290 5134 1955 5214">
    <p class='ocr_par' dir='ltr' id='par_1_77' title="bbox 290 5134 1955 5214">
     <span class='ocr_line' id='line_1_77' title="bbox 290 5134 1955 5214; baseline -0.003 -16"><span class='ocrx_word' id='word_1_650' title='bbox 290 5141 429 5214; x_wconf 87' lang='grc' dir='ltr'>δῶς,</span> <span class='ocrx_word' id='word_1_651' title='bbox 483 5134 669 5197; x_wconf 82' lang='grc' dir='ltr'>ἔπειτα</span> <span class='ocrx_word' id='word_1_652' title='bbox 719 5139 776 5197; x_wconf 76' lang='grc' dir='ltr'>δὶ</span> <span class='ocrx_word' id='word_1_653' title='bbox 830 5141 921 5197; x_wconf 88' lang='grc' dir='ltr'>καὶ</span> <span class='ocrx_word' id='word_1_654' title='bbox 979 5142 1141 5213; x_wconf 79' lang='grc' dir='ltr'>ἡμῶν</span> <span class='ocrx_word' id='word_1_655' title='bbox 1196 5138 1372 5194; x_wconf 69' lang='grc' dir='ltr'>αὐτῶν</span> <span class='ocrx_word' id='word_1_656' title='bbox 1421 5137 1681 5213; x_wconf 80' lang='grc' dir='ltr'>ἀπεχθεῖς</span> <span class='ocrx_word' id='word_1_657' title='bbox 1739 5137 1955 5211; x_wconf 78' lang='grc' dir='ltr'>ἄμυνώ·</span> 
     </span>
    </p>
   </div>
   <div class='ocr_carea' id='block_1_78' title="bbox 286 5225 1954 5308">
    <p class='ocr_par' dir='ltr' id='par_1_78' title="bbox 286 5225 1954 5308">
     <span class='ocr_line' id='line_1_78' title="bbox 286 5225 1954 5308; baseline -0.004 -19"><span class='ocrx_word' id='word_1_658' title='bbox 286 5234 448 5308; x_wconf 86' lang='grc' dir='ltr'>μεθα.</span> <span class='ocrx_word' id='word_1_659' title='bbox 485 5230 708 5295; x_wconf 84' lang='grc' dir='ltr'>Πάντως</span> <span class='ocrx_word' id='word_1_660' title='bbox 760 5225 816 5286; x_wconf 84' lang='grc' dir='ltr'>δέ</span> <span class='ocrx_word' id='word_1_661' title='bbox 863 5229 965 5285; x_wconf 77' lang='grc' dir='ltr'>εἶσι</span> <span class='ocrx_word' id='word_1_662' title='bbox 998 5230 1064 5283; x_wconf 73' lang='grc' dir='ltr'>τά</span> <span class='ocrx_word' id='word_1_663' title='bbox 1108 5235 1208 5299; x_wconf 85' lang='grc' dir='ltr'>τῆς</span> <span class='ocrx_word' id='word_1_664' title='bbox 1256 5227 1465 5303; x_wconf 87' lang='grc' dir='ltr'>ἀμύνης</span> <span class='ocrx_word' id='word_1_665' title='bbox 1526 5227 1805 5283; x_wconf 85' lang='grc' dir='ltr'>ἀνεύθυνα·</span> <span class='ocrx_word' id='word_1_666' title='bbox 1867 5230 1954 5294; x_wconf 78' lang='grc' dir='ltr'>οἷς</span> 
     </span>
    </p>
   </div>
   <div class='ocr_carea' id='block_1_79' title="bbox 2064 3978 3707 4051">
    <p class='ocr_par' dir='ltr' id='par_1_79' title="bbox 2064 3978 3707 4051">
     <span class='ocr_line' id='line_1_79' title="bbox 2064 3978 3707 4051; baseline 0.002 -16"><span class='ocrx_word' id='word_1_667' title='bbox 2064 3979 2228 4051; x_wconf 88' lang='lat' dir='ltr'>ii,qui</span> <span class='ocrx_word' id='word_1_668' title='bbox 2254 3978 2585 4035; x_wconf 84' lang='lat' dir='ltr'>Romanum</span> <span class='ocrx_word' id='word_1_669' title='bbox 2610 3979 2921 4051; x_wconf 88' lang='lat' dir='ltr'>imperium</span> <span class='ocrx_word' id='word_1_670' title='bbox 2944 3979 3095 4036; x_wconf 84' lang='lat' dir='ltr'>male</span> <span class='ocrx_word' id='word_1_671' title='bbox 3119 3980 3707 4050; x_wconf 88' lang='lat' dir='ltr'>administrant,illud</span> 
     </span>
    </p>
   </div>
   <div class='ocr_carea' id='block_1_80' title="bbox 2065 4067 3712 4140">
    <p class='ocr_par' dir='ltr' id='par_1_80' title="bbox 2065 4067 3712 4140">
     <span class='ocr_line' id='line_1_80' title="bbox 2065 4067 3712 4140; baseline 0 -15"><span class='ocrx_word' id='word_1_672' title='bbox 2065 4067 2232 4125; x_wconf 88' lang='lat' dir='ltr'>nobis</span> <span class='ocrx_word' id='word_1_673' title='bbox 2256 4068 2622 4138; x_wconf 84' lang='lat' dir='ltr'>ademerunt,</span> <span class='ocrx_word' id='word_1_674' title='bbox 2656 4072 2712 4124; x_wconf 88' lang='lat' dir='ltr'>et</span> <span class='ocrx_word' id='word_1_675' title='bbox 2733 4069 3112 4140; x_wconf 87' lang='lat' dir='ltr'>quantumvis</span> <span class='ocrx_word' id='word_1_676' title='bbox 3151 4069 3360 4127; x_wconf 87' lang='lat' dir='ltr'>invitas</span> <span class='ocrx_word' id='word_1_677' title='bbox 3380 4071 3580 4127; x_wconf 88' lang='lat' dir='ltr'>hastas</span> <span class='ocrx_word' id='word_1_678' title='bbox 3612 4087 3712 4125; x_wconf 87' lang='lat' dir='ltr'>no-</span> 
     </span>
    </p>
   </div>
   <div class='ocr_carea' id='block_1_81' title="bbox 2064 4163 3708 4238">
    <p class='ocr_par' dir='ltr' id='par_1_81' title="bbox 2064 4163 3708 4238">
     <span class='ocr_line' id='line_1_81' title="bbox 2064 4163 3708 4238; baseline 0.001 -18"><span class='ocrx_word' id='word_1_679' title='bbox 2064 4168 2218 4220; x_wconf 87' lang='lat' dir='ltr'>stras</span> <span class='ocrx_word' id='word_1_680' title='bbox 2239 4163 2297 4220; x_wconf 91' lang='lat' dir='ltr'>in</span> <span class='ocrx_word' id='word_1_681' title='bbox 2318 4180 2379 4220; x_wconf 91' lang='lat' dir='ltr'>se</span> <span class='ocrx_word' id='word_1_682' title='bbox 2403 4179 2605 4221; x_wconf 85' lang='lat' dir='ltr'>acuere</span> <span class='ocrx_word' id='word_1_683' title='bbox 2625 4180 2811 4235; x_wconf 91' lang='lat' dir='ltr'>neque</span> <span class='ocrx_word' id='word_1_684' title='bbox 2834 4163 3131 4236; x_wconf 85' lang='lat' dir='ltr'>religionis</span> <span class='ocrx_word' id='word_1_685' title='bbox 3155 4166 3708 4238; x_wconf 86' lang='lat' dir='ltr'>coegerunt,hostcs</span> 
     </span>
    </p>
   </div>
   <div class='ocr_carea' id='block_1_82' title="bbox 2063 4252 3710 4327">
    <p class='ocr_par' dir='ltr' id='par_1_82' title="bbox 2063 4252 3710 4327">
     <span class='ocr_line' id='line_1_82' title="bbox 2063 4252 3710 4327; baseline 0.001 -17"><span class='ocrx_word' id='word_1_686' title='bbox 2063 4253 2219 4310; x_wconf 88' lang='lat' dir='ltr'>haud</span> <span class='ocrx_word' id='word_1_687' title='bbox 2242 4252 2445 4310; x_wconf 88' lang='lat' dir='ltr'>timide</span> <span class='ocrx_word' id='word_1_688' title='bbox 2469 4252 3097 4327; x_wconf 88' lang='lat' dir='ltr'>propulsemus,neque</span> <span class='ocrx_word' id='word_1_689' title='bbox 3111 4255 3366 4312; x_wconf 88' lang='lat' dir='ltr'>nationis</span> <span class='ocrx_word' id='word_1_690' title='bbox 3380 4256 3600 4314; x_wconf 84' lang='lat' dir='ltr'>ratione</span> <span class='ocrx_word' id='word_1_691' title='bbox 3616 4256 3710 4312; x_wconf 88' lang='lat' dir='ltr'>ha-</span> 
     </span>
    </p>
   </div>
   <div class='ocr_carea' id='block_1_83' title="bbox 2063 4342 3708 4416">
    <p class='ocr_par' dir='ltr' id='par_1_83' title="bbox 2063 4342 3708 4416">
     <span class='ocr_line' id='line_1_83' title="bbox 2063 4342 3708 4416; baseline 0.002 -17"><span class='ocrx_word' id='word_1_692' title='bbox 2063 4344 2183 4400; x_wconf 92' lang='lat' dir='ltr'>bita</span> <span class='ocrx_word' id='word_1_693' title='bbox 2199 4361 2211 4399; x_wconf 94' lang='lat'>:</span> <span class='ocrx_word' id='word_1_694' title='bbox 2230 4343 2330 4399; x_wconf 91' lang='lat' dir='ltr'>sed</span> <span class='ocrx_word' id='word_1_695' title='bbox 2348 4343 2602 4415; x_wconf 88' lang='lat' dir='ltr'>primum</span> <span class='ocrx_word' id='word_1_696' title='bbox 2620 4342 2891 4399; x_wconf 90' lang='lat' dir='ltr'>uthostes</span> <span class='ocrx_word' id='word_1_697' title='bbox 2905 4343 3208 4415; x_wconf 86' lang='lat' dir='ltr'>Dei,oujus</span> <span class='ocrx_word' id='word_1_698' title='bbox 3226 4344 3503 4416; x_wconf 89' lang='lat' dir='ltr'>templum</span> <span class='ocrx_word' id='word_1_699' title='bbox 3519 4345 3708 4416; x_wconf 89' lang='lat' dir='ltr'>impu-</span> 
     </span>
    </p>
   </div>
   <div class='ocr_carea' id='block_1_84' title="bbox 2063 4430 3709 4505">
    <p class='ocr_par' dir='ltr' id='par_1_84' title="bbox 2063 4430 3709 4505">
     <span class='ocr_line' id='line_1_84' title="bbox 2063 4430 3709 4505; baseline 0.001 -17"><span class='ocrx_word' id='word_1_700' title='bbox 2063 4431 2713 4505; x_wconf 88' lang='lat' dir='ltr'>denteringrediuntur,</span> <span class='ocrx_word' id='word_1_701' title='bbox 2748 4430 2955 4487; x_wconf 90' lang='lat' dir='ltr'>deinde</span> <span class='ocrx_word' id='word_1_702' title='bbox 2986 4436 3051 4488; x_wconf 84' lang='lat' dir='ltr'>ut</span> <span class='ocrx_word' id='word_1_703' title='bbox 3080 4436 3311 4490; x_wconf 77' lang='lat' dir='ltr'>nostros</span> <span class='ocrx_word' id='word_1_704' title='bbox 3346 4434 3709 4490; x_wconf 86' lang='lat' dir='ltr'>adversarios</span> 
     </span>
    </p>
   </div>
   <div class='ocr_carea' id='block_1_85' title="bbox 2065 4520 3707 4593">
    <p class='ocr_par' dir='ltr' id='par_1_85' title="bbox 2065 4520 3707 4593">
     <span class='ocr_line' id='line_1_85' title="bbox 2065 4520 3707 4593; baseline 0.001 -16"><span class='ocrx_word' id='word_1_705' title='bbox 2065 4521 2443 4581; x_wconf 80' lang='lat' dir='ltr'>ulciscamur.</span> <span class='ocrx_word' id='word_1_706' title='bbox 2472 4521 2671 4593; x_wconf 79' lang='lat' dir='ltr'>Neque</span> <span class='ocrx_word' id='word_1_707' title='bbox 2700 4537 2807 4577; x_wconf 91' lang='lat' dir='ltr'>nos</span> <span class='ocrx_word' id='word_1_708' title='bbox 2825 4537 2891 4577; x_wconf 92' lang='lat' dir='ltr'>eo</span> <span class='ocrx_word' id='word_1_709' title='bbox 2923 4520 3153 4577; x_wconf 91' lang='lat' dir='ltr'>nomine</span> <span class='ocrx_word' id='word_1_710' title='bbox 3174 4521 3489 4593; x_wconf 87' lang='lat' dir='ltr'>quisquam</span> <span class='ocrx_word' id='word_1_711' title='bbox 3513 4537 3707 4593; x_wconf 86' lang='lat' dir='ltr'>repre-</span> 
     </span>
    </p>
   </div>
   <div class='ocr_carea' id='block_1_86' title="bbox 2063 4609 3710 4682">
    <p class='ocr_par' dir='ltr' id='par_1_86' title="bbox 2063 4609 3710 4682">
     <span class='ocr_line' id='line_1_86' title="bbox 2063 4609 3710 4682; baseline -0.002 -14"><span class='ocrx_word' id='word_1_712' title='bbox 2063 4610 2297 4668; x_wconf 84' lang='lat' dir='ltr'>hendet.</span> <span class='ocrx_word' id='word_1_713' title='bbox 2332 4610 2399 4666; x_wconf 87' lang='lat' dir='ltr'>Hi</span> <span class='ocrx_word' id='word_1_714' title='bbox 2430 4609 2581 4665; x_wconf 86' lang='lat' dir='ltr'>enim</span> <span class='ocrx_word' id='word_1_715' title='bbox 2605 4626 2753 4681; x_wconf 89' lang='lat' dir='ltr'>quos</span> <span class='ocrx_word' id='word_1_716' title='bbox 2776 4626 3078 4682; x_wconf 88' lang='lat' dir='ltr'>nunquam</span> <span class='ocrx_word' id='word_1_717' title='bbox 3102 4610 3473 4679; x_wconf 69' lang='lat' dir='ltr'>offendimus,</span> <span class='ocrx_word' id='word_1_718' title='bbox 3507 4614 3710 4667; x_wconf 90' lang='lat' dir='ltr'>contra</span> 
     </span>
    </p>
   </div>
   <div class='ocr_carea' id='block_1_87' title="bbox 2064 4699 3706 4774">
    <p class='ocr_par' dir='ltr' id='par_1_87' title="bbox 2064 4699 3706 4774">
     <span class='ocr_line' id='line_1_87' title="bbox 2064 4699 3706 4774; baseline -0.003 -16"><span class='ocrx_word' id='word_1_719' title='bbox 2064 4718 2211 4774; x_wconf 91' lang='lat' dir='ltr'>quos</span> <span class='ocrx_word' id='word_1_720' title='bbox 2242 4701 2390 4756; x_wconf 75' lang='lat' dir='ltr'>an</span> <span class='ocrx_word' id='word_1_721' title='bbox 2429 4716 2591 4756; x_wconf 89' lang='lat' dir='ltr'>arma</span> <span class='ocrx_word' id='word_1_722' title='bbox 2622 4716 2737 4756; x_wconf 93' lang='lat' dir='ltr'>non</span> <span class='ocrx_word' id='word_1_723' title='bbox 2796 4699 3081 4773; x_wconf 89' lang='lat' dir='ltr'>cepimus,</span> <span class='ocrx_word' id='word_1_724' title='bbox 3114 4703 3318 4756; x_wconf 89' lang='lat' dir='ltr'>contra</span> <span class='ocrx_word' id='word_1_725' title='bbox 3375 4715 3479 4755; x_wconf 90' lang='lat' dir='ltr'>nos</span> <span class='ocrx_word' id='word_1_726' title='bbox 3529 4699 3706 4756; x_wconf 88' lang='lat' dir='ltr'>veluti</span> 
     </span>
    </p>
   </div>
   <div class='ocr_carea' id='block_1_88' title="bbox 2063 4788 3708 4863">
    <p class='ocr_par' dir='ltr' id='par_1_88' title="bbox 2063 4788 3708 4863">
     <span class='ocr_line' id='line_1_88' title="bbox 2063 4788 3708 4863; baseline -0.003 -14"><span class='ocrx_word' id='word_1_727' title='bbox 2063 4791 2269 4863; x_wconf 87' lang='lat' dir='ltr'>capitis</span> <span class='ocrx_word' id='word_1_728' title='bbox 2301 4791 2610 4846; x_wconf 89' lang='lat' dir='ltr'>damnatos</span> <span class='ocrx_word' id='word_1_729' title='bbox 2641 4790 3013 4862; x_wconf 88' lang='lat' dir='ltr'>impudenter</span> <span class='ocrx_word' id='word_1_730' title='bbox 3043 4793 3377 4857; x_wconf 86' lang='lat' dir='ltr'>accurrunt,</span> <span class='ocrx_word' id='word_1_731' title='bbox 3412 4788 3572 4845; x_wconf 93' lang='lat' dir='ltr'>nullo</span> <span class='ocrx_word' id='word_1_732' title='bbox 3613 4805 3708 4845; x_wconf 85' lang='lat' dir='ltr'>re-</span> 
     </span>
    </p>
   </div>
   <div class='ocr_carea' id='block_1_89' title="bbox 2064 4876 3712 4953">
    <p class='ocr_par' dir='ltr' id='par_1_89' title="bbox 2064 4876 3712 4953">
     <span class='ocr_line' id='line_1_89' title="bbox 2064 4876 3712 4953; baseline 0 -16"><span class='ocrx_word' id='word_1_733' title='bbox 2064 4887 2265 4953; x_wconf 87' lang='lat' dir='ltr'>spectu</span> <span class='ocrx_word' id='word_1_734' title='bbox 2295 4878 2621 4936; x_wconf 90' lang='lat' dir='ltr'>honestatis</span> <span class='ocrx_word' id='word_1_735' title='bbox 2655 4896 2668 4947; x_wconf 90' lang='lat'><strong>;</strong></span> <span class='ocrx_word' id='word_1_736' title='bbox 2703 4895 2927 4949; x_wconf 91' lang='lat' dir='ltr'>nosque</span> <span class='ocrx_word' id='word_1_737' title='bbox 2982 4876 3097 4935; x_wconf 92' lang='lat' dir='ltr'>Deo</span> <span class='ocrx_word' id='word_1_738' title='bbox 3155 4878 3472 4951; x_wconf 88' lang='lat' dir='ltr'>supplices,</span> <span class='ocrx_word' id='word_1_739' title='bbox 3505 4882 3712 4937; x_wconf 81' lang='lat' dir='ltr'>contra</span> 
     </span>
    </p>
   </div>
   <div class='ocr_carea' id='block_1_90' title="bbox 2063 4968 3709 5040">
    <p class='ocr_par' dir='ltr' id='par_1_90' title="bbox 2063 4968 3709 5040">
     <span class='ocr_line' id='line_1_90' title="bbox 2063 4968 3709 5040; baseline -0.001 -14"><span class='ocrx_word' id='word_1_740' title='bbox 2063 4985 2298 5026; x_wconf 87' lang='lat' dir='ltr'>omnem</span> <span class='ocrx_word' id='word_1_741' title='bbox 2330 4968 2664 5040; x_wconf 64' lang='lat' dir='ltr'>aequitatem</span> <span class='ocrx_word' id='word_1_742' title='bbox 2720 4986 2789 5024; x_wconf 80' lang='lat' dir='ltr'>ex</span> <span class='ocrx_word' id='word_1_743' title='bbox 2844 4969 2966 5025; x_wconf 85' lang='lat' dir='ltr'>aede</span> <span class='ocrx_word' id='word_1_744' title='bbox 3015 4969 3262 5026; x_wconf 87' lang='lat' dir='ltr'>avellere</span> <span class='ocrx_word' id='word_1_745' title='bbox 3329 4970 3709 5037; x_wconf 87' lang='lat' dir='ltr'>contendunt,</span> 
     </span>
    </p>
   </div>
   <div class='ocr_carea' id='block_1_91' title="bbox 2064 5056 3714 5127">
    <p class='ocr_par' dir='ltr' id='par_1_91' title="bbox 2064 5056 3714 5127">
     <span class='ocr_line' id='line_1_91' title="bbox 2064 5056 3714 5127; baseline -0.001 -12"><span class='ocrx_word' id='word_1_746' title='bbox 2064 5059 2227 5115; x_wconf 89' lang='lat' dir='ltr'>nulla</span> <span class='ocrx_word' id='word_1_747' title='bbox 2258 5075 2291 5115; x_wconf 88' lang='lat' dir='ltr'>a</span> <span class='ocrx_word' id='word_1_748' title='bbox 2322 5057 2490 5114; x_wconf 85' lang='lat' dir='ltr'>nobis</span> <span class='ocrx_word' id='word_1_749' title='bbox 2523 5056 2742 5127; x_wconf 88' lang='lat' dir='ltr'>injuria</span> <span class='ocrx_word' id='word_1_750' title='bbox 2769 5056 3047 5113; x_wconf 81' lang='lat' dir='ltr'>lacessiti.</span> <span class='ocrx_word' id='word_1_751' title='bbox 3084 5058 3183 5115; x_wconf 82' lang='lat' dir='ltr'>Est</span> <span class='ocrx_word' id='word_1_752' title='bbox 3240 5058 3397 5115; x_wconf 90' lang='lat' dir='ltr'>enim</span> <span class='ocrx_word' id='word_1_753' title='bbox 3439 5063 3714 5115; x_wconf 71' lang='lat' dir='ltr'>extremae</span> 
     </span>
    </p>
   </div>
   <div class='ocr_carea' id='block_1_92' title="bbox 2065 5147 3714 5219">
    <p class='ocr_par' dir='ltr' id='par_1_92' title="bbox 2065 5147 3714 5219">
     <span class='ocr_line' id='line_1_92' title="bbox 2065 5147 3714 5219; baseline 0 -15"><span class='ocrx_word' id='word_1_754' title='bbox 2065 5149 2301 5207; x_wconf 69' lang='lat' dir='ltr'>insaniae</span> <span class='ocrx_word' id='word_1_755' title='bbox 2329 5166 2427 5205; x_wconf 91' lang='lat' dir='ltr'>eos</span> <span class='ocrx_word' id='word_1_756' title='bbox 2456 5147 2541 5204; x_wconf 78' lang='lat' dir='ltr'>vel</span> <span class='ocrx_word' id='word_1_757' title='bbox 2564 5148 2871 5219; x_wconf 88' lang='lat' dir='ltr'>objurgare</span> <span class='ocrx_word' id='word_1_758' title='bbox 2895 5147 2980 5204; x_wconf 87' lang='lat' dir='ltr'>vel</span> <span class='ocrx_word' id='word_1_759' title='bbox 3031 5152 3095 5203; x_wconf 89' lang='lat' dir='ltr'>ut</span> <span class='ocrx_word' id='word_1_760' title='bbox 3136 5149 3382 5219; x_wconf 88' lang='lat' dir='ltr'>injurios</span> <span class='ocrx_word' id='word_1_761' title='bbox 3405 5149 3714 5218; x_wconf 86' lang='lat' dir='ltr'>lacessere,</span> 
     </span>
    </p>
   </div>
   <div class='ocr_carea' id='block_1_93' title="bbox 2067 5236 3715 5310">
    <p class='ocr_par' dir='ltr' id='par_1_93' title="bbox 2067 5236 3715 5310">
     <span class='ocr_line' id='line_1_93' title="bbox 2067 5236 3715 5310; baseline -0.002 -15"><span class='ocrx_word' id='word_1_762' title='bbox 2067 5240 2169 5310; x_wconf 90' lang='lat' dir='ltr'>qui</span> <span class='ocrx_word' id='word_1_763' title='bbox 2201 5238 2275 5294; x_wconf 92' lang='lat' dir='ltr'>ad</span> <span class='ocrx_word' id='word_1_764' title='bbox 2331 5238 2516 5294; x_wconf 89' lang='lat' dir='ltr'>Deum</span> <span class='ocrx_word' id='word_1_765' title='bbox 2567 5236 2936 5309; x_wconf 83' lang='lat' dir='ltr'>confugiunt,</span> <span class='ocrx_word' id='word_1_766' title='bbox 2982 5254 3162 5308; x_wconf 81' lang='lat' dir='ltr'>eoque</span> <span class='ocrx_word' id='word_1_767' title='bbox 3222 5238 3601 5294; x_wconf 86' lang='lat' dir='ltr'>intercessore</span> <span class='ocrx_word' id='word_1_768' title='bbox 3657 5240 3715 5293; x_wconf 79' lang='lat' dir='ltr'>et</span> 
     </span>
    </p>
   </div>
   <div class='ocr_carea' id='block_1_94' title="bbox 285 5293 1955 5400">
    <p class='ocr_par' dir='ltr' id='par_1_94' title="bbox 285 5293 1955 5400">
     <span class='ocr_line' id='line_1_94' title="bbox 285 5293 1955 5400; baseline -0.002 -22"><span class='ocrx_word' id='word_1_769' title='bbox 285 5293 391 5400; x_wconf 62' lang='grc' dir='ltr'>γάρ</span> <span class='ocrx_word' id='word_1_770' title='bbox 450 5343 509 5377; x_wconf 94' lang='grc' dir='ltr'>τι</span> <span class='ocrx_word' id='word_1_771' title='bbox 570 5319 634 5375; x_wconf 81' lang='grc' dir='ltr'>ού</span> <span class='ocrx_word' id='word_1_772' title='bbox 692 5319 1071 5396; x_wconf 81' lang='grc' dir='ltr'>προσέστημεν</span> <span class='ocrx_word' id='word_1_773' title='bbox 1148 5316 1294 5378; x_wconf 82' lang='grc' dir='ltr'>ὅλως</span> <span class='ocrx_word' id='word_1_774' title='bbox 1352 5316 1442 5372; x_wconf 83' lang='grc' dir='ltr'>καὶ</span> <span class='ocrx_word' id='word_1_775' title='bbox 1501 5319 1619 5382; x_wconf 87' lang='grc' dir='ltr'>καθ’</span> <span class='ocrx_word' id='word_1_776' title='bbox 1676 5318 1751 5372; x_wconf 82' lang='grc' dir='ltr'>ὧν</span> <span class='ocrx_word' id='word_1_777' title='bbox 1809 5317 1955 5375; x_wconf 83' lang='grc' dir='ltr'>ὅπλα</span> 
     </span>
    </p>
   </div>
   <div class='ocr_carea' id='block_1_95' title="bbox 2063 5293 3711 5400">
    <p class='ocr_par' dir='ltr' id='par_1_95' title="bbox 2070 5327 3711 5399">
     <span class='ocr_line' id='line_1_95' title="bbox 2070 5327 3711 5399; baseline -0.002 -15"><span class='ocrx_word' id='word_1_778' title='bbox 2070 5328 2369 5384; x_wconf 82' lang='lat' dir='ltr'>defensore</span> <span class='ocrx_word' id='word_1_779' title='bbox 2456 5327 2926 5399; x_wconf 89' lang='lat' dir='ltr'>persecutionum</span> <span class='ocrx_word' id='word_1_780' title='bbox 3008 5328 3335 5385; x_wconf 87' lang='lat' dir='ltr'>remedium</span> <span class='ocrx_word' id='word_1_781' title='bbox 3422 5328 3711 5396; x_wconf 75' lang='lat' dir='ltr'>quaerunt.</span> 
     </span>
    </p>
   </div>
   <div class='ocr_carea' id='block_1_96' title="bbox 291 5404 1957 5485">
    <p class='ocr_par' dir='ltr' id='par_1_96' title="bbox 291 5404 1957 5485">
     <span class='ocr_line' id='line_1_96' title="bbox 291 5404 1957 5485; baseline -0.002 -17"><span class='ocrx_word' id='word_1_782' title='bbox 291 5410 406 5468; x_wconf 74' lang='grc' dir='ltr'>οὐδ’</span> <span class='ocrx_word' id='word_1_783' title='bbox 468 5409 621 5473; x_wconf 79' lang='grc' dir='ltr'>ὅλως</span> <span class='ocrx_word' id='word_1_784' title='bbox 660 5410 932 5485; x_wconf 78' lang='grc' dir='ltr'>ἠράμεθα,</span> <span class='ocrx_word' id='word_1_785' title='bbox 981 5405 1413 5483; x_wconf 85' lang='grc' dir='ltr'>ἀνερυθριάστως</span> <span class='ocrx_word' id='word_1_786' title='bbox 1473 5406 1622 5461; x_wconf 80' lang='grc' dir='ltr'>οὗτοι</span> <span class='ocrx_word' id='word_1_787' title='bbox 1671 5404 1957 5483; x_wconf 88' lang='grc' dir='ltr'>προσίασιν</span> 
     </span>
    </p>
   </div>
   <div class='ocr_carea' id='block_1_97' title="bbox 292 5493 1956 5575">
    <p class='ocr_par' dir='ltr' id='par_1_97' title="bbox 292 5493 1956 5575">
     <span class='ocr_line' id='line_1_97' title="bbox 292 5493 1956 5575; baseline -0.001 -21"><span class='ocrx_word' id='word_1_788' title='bbox 292 5500 429 5575; x_wconf 74' lang='grc' dir='ltr'>ἡμῖν</span> <span class='ocrx_word' id='word_1_789' title='bbox 490 5501 569 5563; x_wconf 83' lang='grc' dir='ltr'>ὡς</span> <span class='ocrx_word' id='word_1_790' title='bbox 629 5498 995 5563; x_wconf 83' lang='grc' dir='ltr'>έπιθανατίοις</span> <span class='ocrx_word' id='word_1_791' title='bbox 1052 5496 1162 5552; x_wconf 88' lang='grc' dir='ltr'>τισὶ</span> <span class='ocrx_word' id='word_1_792' title='bbox 1198 5494 1302 5552; x_wconf 51' lang='grc' dir='ltr'>«καὶ</span> <span class='ocrx_word' id='word_1_793' title='bbox 1359 5493 1640 5574; x_wconf 80' lang='grc' dir='ltr'>ἐσχάτοις,</span> <span class='ocrx_word' id='word_1_794' title='bbox 1696 5497 1786 5551; x_wconf 88' lang='grc' dir='ltr'>καὶ</span> <span class='ocrx_word' id='word_1_795' title='bbox 1845 5517 1956 5553; x_wconf 83' lang='grc' dir='ltr'>κει-</span> 
     </span>
    </p>
   </div>
   <div class='ocr_carea' id='block_1_98' title="bbox 296 5581 1955 5663">
    <p class='ocr_par' dir='ltr' id='par_1_98' title="bbox 296 5581 1955 5663">
     <span class='ocr_line' id='line_1_98' title="bbox 296 5581 1955 5663; baseline -0.002 -17"><span class='ocrx_word' id='word_1_796' title='bbox 296 5590 473 5663; x_wconf 79' lang='grc' dir='ltr'>μένων</span> <span class='ocrx_word' id='word_1_797' title='bbox 502 5587 866 5663; x_wconf 84' lang='grc' dir='ltr'>ἀδαημοσύνῃ</span> <span class='ocrx_word' id='word_1_798' title='bbox 924 5581 1422 5661; x_wconf 79' lang='grc' dir='ltr'>κατεπεμϐαίνόυσι</span> <span class='ocrx_word' id='word_1_799' title='bbox 1450 5588 1548 5642; x_wconf 89' lang='lat'>106</span> <span class='ocrx_word' id='word_1_800' title='bbox 1608 5582 1805 5659; x_wconf 78' lang='grc' dir='ltr'>καλοῦ,</span> <span class='ocrx_word' id='word_1_801' title='bbox 1864 5588 1955 5643; x_wconf 82' lang='grc' dir='ltr'>καὶ</span> 
     </span>
    </p>
   </div>
   <div class='ocr_carea' id='block_1_99' title="bbox 292 5672 1954 5762">
    <p class='ocr_par' dir='ltr' id='par_1_99' title="bbox 292 5672 1954 5762">
     <span class='ocr_line' id='line_1_99' title="bbox 292 5672 1954 5762; baseline -0.001 -28"><span class='ocrx_word' id='word_1_802' title='bbox 292 5678 746 5762; x_wconf 74' lang='grc' dir='ltr'>προσρυομένους</span> <span class='ocrx_word' id='word_1_803' title='bbox 827 5681 945 5751; x_wconf 81' lang='grc' dir='ltr'>Θεῷ</span> <span class='ocrx_word' id='word_1_804' title='bbox 1001 5675 1060 5734; x_wconf 70' lang='grc' dir='ltr'>ἐκ</span> <span class='ocrx_word' id='word_1_805' title='bbox 1132 5680 1231 5733; x_wconf 90' lang='lat'>106</span> <span class='ocrx_word' id='word_1_806' title='bbox 1287 5675 1394 5733; x_wconf 87' lang='grc' dir='ltr'>τεὼ</span> <span class='ocrx_word' id='word_1_807' title='bbox 1452 5674 1648 5733; x_wconf 82' lang='grc' dir='ltr'>τούτου</span> <span class='ocrx_word' id='word_1_808' title='bbox 1706 5672 1954 5753; x_wconf 80' lang='grc' dir='ltr'>ἀποσπᾷν</span> 
     </span>
    </p>
   </div>
   <div class='ocr_carea' id='block_1_100' title="bbox 2069 5414 3712 5487">
    <p class='ocr_par' dir='ltr' id='par_1_100' title="bbox 2069 5414 3712 5487">
     <span class='ocr_line' id='line_1_100' title="bbox 2069 5414 3712 5487; baseline -0.002 -14"><span class='ocrx_word' id='word_1_809' title='bbox 2069 5419 2255 5483; x_wconf 85' lang='lat' dir='ltr'>Quare</span> <span class='ocrx_word' id='word_1_810' title='bbox 2289 5432 2458 5472; x_wconf 91' lang='lat' dir='ltr'>nemo</span> <span class='ocrx_word' id='word_1_811' title='bbox 2490 5417 2651 5471; x_wconf 80' lang='lat' dir='ltr'>nefas</span> <span class='ocrx_word' id='word_1_812' title='bbox 2681 5419 2884 5487; x_wconf 89' lang='lat' dir='ltr'>putare</span> <span class='ocrx_word' id='word_1_813' title='bbox 2906 5416 3077 5472; x_wconf 84' lang='lat' dir='ltr'>debet</span> <span class='ocrx_word' id='word_1_814' title='bbox 3100 5433 3269 5473; x_wconf 86' lang='lat' dir='ltr'>suam</span> <span class='ocrx_word' id='word_1_815' title='bbox 3297 5414 3547 5473; x_wconf 87' lang='lat' dir='ltr'>salutem</span> <span class='ocrx_word' id='word_1_816' title='bbox 3581 5430 3712 5486; x_wconf 88' lang='lat' dir='ltr'>pro-</span> 
     </span>
    </p>
   </div>
   <div class='ocr_carea' id='block_1_101' title="bbox 2069 5503 3713 5577">
    <p class='ocr_par' dir='ltr' id='par_1_101' title="bbox 2069 5503 3713 5577">
     <span class='ocr_line' id='line_1_101' title="bbox 2069 5503 3713 5577; baseline -0.001 -18"><span class='ocrx_word' id='word_1_817' title='bbox 2069 5520 2333 5577; x_wconf 90' lang='lat' dir='ltr'>pugnare</span> <span class='ocrx_word' id='word_1_818' title='bbox 2364 5507 2421 5559; x_wconf 85' lang='lat' dir='ltr'>et</span> <span class='ocrx_word' id='word_1_819' title='bbox 2451 5503 2627 5560; x_wconf 89' lang='lat' dir='ltr'>ictum</span> <span class='ocrx_word' id='word_1_820' title='bbox 2666 5505 2936 5563; x_wconf 87' lang='lat' dir='ltr'>hostilem</span> <span class='ocrx_word' id='word_1_821' title='bbox 2962 5510 3339 5562; x_wconf 88' lang='lat' dir='ltr'>antevertere.</span> <span class='ocrx_word' id='word_1_822' title='bbox 3370 5505 3567 5574; x_wconf 90' lang='lat' dir='ltr'>Neque</span> <span class='ocrx_word' id='word_1_823' title='bbox 3609 5518 3713 5574; x_wconf 87' lang='lat' dir='ltr'>po-</span> 
     </span>
    </p>
   </div>
   <div class='ocr_carea' id='block_1_102' title="bbox 2068 5589 3710 5665">
    <p class='ocr_par' dir='ltr' id='par_1_102' title="bbox 2068 5589 3710 5665">
     <span class='ocr_line' id='line_1_102' title="bbox 2068 5589 3710 5665; baseline -0.004 -16"><span class='ocrx_word' id='word_1_824' title='bbox 2068 5590 2257 5665; x_wconf 88' lang='lat' dir='ltr'>pulari</span> <span class='ocrx_word' id='word_1_825' title='bbox 2288 5607 2419 5661; x_wconf 89' lang='lat' dir='ltr'>suo,</span> <span class='ocrx_word' id='word_1_826' title='bbox 2450 5592 2652 5648; x_wconf 85' lang='lat' dir='ltr'>stricto</span> <span class='ocrx_word' id='word_1_827' title='bbox 2711 5609 2848 5650; x_wconf 88' lang='lat' dir='ltr'>ense</span> <span class='ocrx_word' id='word_1_828' title='bbox 2906 5596 3156 5649; x_wconf 88' lang='lat' dir='ltr'>mortem</span> <span class='ocrx_word' id='word_1_829' title='bbox 3215 5589 3535 5658; x_wconf 74' lang='lat' dir='ltr'>minitan’i,</span> <span class='ocrx_word' id='word_1_830' title='bbox 3566 5604 3710 5658; x_wconf 88' lang='lat' dir='ltr'>par—</span> 
     </span>
    </p>
   </div>
   <div class='ocr_carea' id='block_1_103' title="bbox 2066 5672 3709 5756">
    <p class='ocr_par' dir='ltr' id='par_1_103' title="bbox 2066 5672 3709 5756">
     <span class='ocr_line' id='line_1_103' title="bbox 2066 5672 3709 5756; baseline -0.009 -16"><span class='ocrx_word' id='word_1_831' title='bbox 2066 5681 2319 5741; x_wconf 89' lang='lat' dir='ltr'>cendum</span> <span class='ocrx_word' id='word_1_832' title='bbox 2349 5681 2746 5756; x_wconf 84' lang='lat' dir='ltr'>est.Quisquis</span> <span class='ocrx_word' id='word_1_833' title='bbox 2801 5686 2991 5753; x_wconf 88' lang='lat' dir='ltr'>nocet,</span> <span class='ocrx_word' id='word_1_834' title='bbox 3024 5681 3210 5741; x_wconf 87' lang='lat' dir='ltr'>hostis</span> <span class='ocrx_word' id='word_1_835' title='bbox 3270 5679 3567 5737; x_wconf 83' lang='lat' dir='ltr'>habeatur.</span> <span class='ocrx_word' id='word_1_836' title='bbox 3600 5672 3709 5738; x_wconf 88' lang='lat' dir='ltr'>Qui</span> 
     </span>
    </p>
   </div>
  </div>
