4126 6294
447 390 560 452 591

1763 381 2076 447 NIGETE
2116 381 2540 446 CHONIATE

3733 383 3849 446 592

447 541 704 584 occisum
733 525 799 595 it,
831 523 1146 582 occidatur.
1179 522 1299 578 Ιηιο
1351 525 1501 578 Deus
1532 519 1660 594 ipse
1697 519 1945 593 gratiam
1981 534 2088 574 no-

2208 515 2476 586 έθέλουσι,
2508 515 2691 592 χρεὼν
2754 518 2830 592 μή
2864 513 3007 572 οὕτω
3058 516 3187 592 όρᾷν
3245 515 3328 572 ὅτι
3359 536 3418 572 τε
3473 513 3629 572 οὐδὲν
3692 514 3855 592 ἄχαρι

443 617 539 673 bis
569 615 830 686 habebit,
863 614 912 670 si
944 611 1232 684 templum
1260 627 1433 669 suum
1482 614 1686 668 contra
1728 611 1872 666 istos
1903 609 2098 665 carni-

448 707 586 762 fices
618 702 1072 771 defenderimus,
1105 701 1206 774 qui
1272 700 1460 757 hianti
1501 717 1620 766 ore,
1653 705 1718 756 ut
1763 698 1992 764 videtis,
2022 696 2094 753 ad

445 811 611 852 sacra
633 792 962 866 diripienda
980 790 1411 855 veniunt.0uod
1430 790 1541 846 nisi
1558 789 1770 846 animis
1792 787 2092 856 haberent,

444 888 502 942 et
533 899 696 941 sacra
725 882 1083 956 profanaque
1117 882 1284 952 juxta
1330 879 1706 948 aestimarent,
1733 876 2091 949 jampridem

445 974 663 1047 quippe
683 970 1118 1038 victores,ultra
1149 970 1356 1044 templi
1376 969 1738 1026 vestibulum
1753 967 1805 1024 vi
1823 971 2094 1040 penetra-

449 1080 514 1120 re
543 1061 1144 1120 destitissent.Verum
1167 1065 1332 1118 tanta
1351 1065 1442 1117 est
1462 1075 1662 1116 eorum
1701 1055 2089 1130 impudentia,

452 1158 656 1211 utnon
689 1153 860 1210 modo
892 1169 1022 1219 nos,
1055 1152 1156 1208 sed
1179 1152 1374 1224 ipsum
1397 1149 1570 1206 etiam
1588 1151 1770 1205 Deum
1783 1146 2088 1220 spoliatum

445 1245 647 1301 velint.
674 1245 784 1300 Sed
815 1242 1240 1300 crueial'iixum
1297 1249 1350 1299 et
1403 1240 1556 1296 hanc
1615 1240 1842 1296 hastam
1883 1242 2092 1309 testor,
2137 1240 2142 1248 “

444 1333 904 1406 haudquaquam
936 1333 1008 1389 ad
1040 1332 1258 1388 exitum
1301 1334 1492 1403 capta
1549 1330 1886 1403 perducent.
1945 1329 2089 1383 Nam

442 1427 501 1480 et
521 1423 637 1480 Deo
663 1422 909 1479 donaria
933 1421 1055 1478 haec
1081 1438 1114 1477 a
1130 1419 1375 1494 pollutis
1397 1417 1664 1475 manibus
1695 1417 1919 1474 intacta
1949 1433 2089 1472 con-

444 1511 833 1584 servabimus,
873 1511 1030 1568 812
1060 1513 1118 1567 et
1141 1514 1401 1566 nostram
1435 1508 1686 1566 salutem
1730 1507 1882 1564 haud
1905 1505 2089 1578 negli-

445 1618 674 1676 gemus.
709 1623 738 1652 ››
771 1599 1121 1673 Hujusmodi
1139 1599 1398 1657 oratione
1427 1597 1628 1654 habita
1655 1597 1715 1653 in
1759 1595 1964 1668 templi
1993 1611 2091 1652 ve-

445 1689 666 1748 stibulu
677 1706 732 1746 m
747 1687 1456 1760 descendit,adMichaelis
1471 1685 1804 1759 archangeli
1817 1688 2090 1752 statuam,

445 1779 668 1836 castoris
698 1795 829 1836 eum
893 1781 956 1834 ut
1005 1778 1214 1834 ducem
1271 1776 1676 1849 sequentibus,
1735 1775 1835 1847 qui
1888 1791 2091 1832 omnes

445 1867 679 1941 clypeos
707 1873 765 1927 et
795 1865 1002 1940 longos
1022 1867 1306 1940 ancipites
1335 1881 1508 1923 enses
1557 1864 1886 1938 gestabant,
1919 1863 2091 1936 plane

444 1959 623 2014 ansis
653 1957 866 2015 statuis
925 1956 1173 2014 similes.
1233 1955 1318 2012 Ibi
1382 1956 1572 2012 Caesar
1631 1953 1754 2011 acie
1787 1953 2092 2023 instructa,

443 2048 610 2120 signo
643 2047 836 2104 crucis
857 2046 1283 2116 munitus,ante
1306 2044 1452 2102 alios
1473 2043 1762 2117 prosiluit.
1815 2041 1923 2108 Qui
1963 2059 2095 2098 vero

447 2135 510 2192 in
543 2135 926 2209 Augusleonis
987 2133 1132 2192 atrio
1191 2137 1378 2203 erant,
1413 2133 1601 2206 primo
1657 2131 1816 2188 illius
1871 2131 2094 2204 impetu

449 2223 776 2296 perturbati
809 2223 1051 2296 foribus,
1083 2223 1181 2279 alii
1241 2221 1387 2278 alios
1440 2228 1733 2296 urgentes,
1773 2221 2093 2277 eifundun-

447 2317 585 2384 tur;
625 2329 692 2369 ac
747 2311 922 2368 multi
982 2329 1050 2369 ex
1100 2310 1476 2384 imperatoria
1525 2309 1754 2382 legione
1801 2309 2092 2368 vulnerati

446 2406 584 2459 sunt
612 2419 804 2472 ;unns
830 2401 1003 2459 etiam
1033 2417 1170 2457 ense
1209 2401 1490 2472 trajectus
1536 2403 1646 2456 est.
1679 2400 1819 2456 Post
1846 2399 1955 2456 hoc
1983 2399 2096 2457 Cae-

443 2508 541 2549 sar
571 2507 638 2548 eo
660 2491 807 2548 redit
829 2491 986 2548 unde
1005 2495 1264 2560 venerat,
1296 2489 1688 2562 imperatoriis
1703 2490 1856 2546 ultra
1876 2488 2091 2546 atrium

441 2581 675 2655 prodire
737 2598 851 2638 non
917 2580 1292 2648 audentibus,
1354 2579 1455 2636 sed
1508 2579 1738 2636 eminus
1797 2577 1918 2636 tela
2000 2579 2093 2635 in-

441 2669 966 2744 gererecontentis.
1025 2670 1129 2727 Die
1170 2670 1300 2742 jam
1357 2670 1431 2726 ad
1487 2685 1759 2726 occasum
1797 2671 2089 2742 vergente,

444 2760 663 2817 milites
691 2761 968 2834 utrinque
991 2759 1216 2833 fatigati
1249 2775 1510 2833 pugnare
1567 2759 1940 2816 destiterunt.
1991 2759 2092 2814 Pa-

443 2852 703 2910 triarcha
724 2852 996 2910 ministro
1026 2852 1098 2908 ad
1130 2851 1431 2908 dominam
1463 2849 1771 2922 misso,qui
1796 2850 1949 2920 quod
1983 2867 2088 2922 pa-

441 2943 648 3001 latium
681 2942 910 3016 ingredi
968 2948 1023 2999 et
1075 2941 1489 3013 imperatorem
1551 2939 1708 2996 adire
1744 2947 1800 2995 et
1849 2940 2088 2995 nuntios

435 3032 592 3091 ultro
623 3033 888 3104 citroque
945 3031 1203 3104 perferre
1259 3029 1430 3100 solet,
1491 3028 1791 3101 palatinas
1849 3027 2086 3098 dicitur,

431 3122 717 3197 principio
744 3121 1002 3178 divinam
1060 3119 1114 3176 ei
1170 3119 1319 3176 iram
1379 3117 1776 3175 comminatus
1816 3121 1924 3187 est,
1959 3135 2086 3191 qua

431 3209 792 3268 acutissimis
809 3209 1019 3279 oculis,
1051 3207 1334 3280 quidquid
1366 3207 1585 3278 ubique
1619 3206 1837 3263 nefarie
1869 3207 1988 3275 ﬂat,
2021 3209 2080 3264 in

2205 602 2520 683 ἐπεγκαλεῖν
2554 609 2691 680 ἡμῖν
2750 603 2965 682 ἔχουσι,
3018 605 3108 662 καὶ
3167 604 3251 662 ὅτι
3281 613 3380 676 τῆς
3418 604 3660 682 ἐσχάτης
3722 605 3862 663 ἐστὶν

2203 693 2462 760 ἀπονοίας
2518 694 2773 771 ἐπιτιμᾷν
2831 697 2980 759 ὅλως
3037 695 3074 767 ἢ
3143 696 3218 760 ὡς
3279 693 3426 751 δεινὰ
3469 693 3670 772 δρῶσιν
3721 695 3862 770 ἄρει-

2207 785 2431 859 μανίους
2491 791 2622 866 σφᾶς
2679 786 2886 844 ἐπιέναι
2940 792 3058 852 τοῖς
3125 788 3202 850 εἰς
3269 789 3400 843 Θεὸν
3459 786 3862 865 καταφεύγουσι

2202 875 2292 930 καὶ
2335 875 2556 950 μεσίτην
2585 880 2775 932 τοῦτον
2807 872 3291 952 προϐαλλομένοις
3336 877 3426 933 καὶ
3485 874 3698 952 λυτῆρα
3753 881 3863 934 τῶν

2205 961 2500 1038 διενέξεων.
2541 964 2682 1024 Οὔτε
2728 965 2821 1022 οὖν
2857 967 3154 1046 ὑφορᾶσθαι
3211 965 3330 1022 δέον
3390 967 3464 1028 ὡς
3522 965 3737 1022 ἀνόσιον
3796 967 3860 1022 τὸ

2203 1055 2616 1136 ὑπερμάχεσθαί
2669 1078 2792 1114 τινα
2846 1059 3038 1114 ἑαυτοῦ
3091 1058 3184 1114 καὶ
3271 1055 3520 1114 σπεύδειν
3577 1057 3716 1113 κατᾶ
3759 1060 3861 1113 τοῦ

2199 1143 2542 1216 πλήττοντος
2601 1145 2762 1204 αὺτὸν
2823 1145 3162 1225 ἐπιστρέφειν
3217 1148 3309 1204 τὸν
3392 1145 3589 1204 ἐκεῖθεν
3656 1145 3862 1224 ἐπαγό-

2203 1253 2362 1307 μενον
2422 1235 2674 1308 θάνατον,
2732 1236 2856 1293 οὔτε
2907 1237 3000 1293 τὸν
3063 1235 3197 1311 μετᾶ
3251 1237 3437 1316 ξίφους
3483 1235 3708 1293 ἐπιόντα
3763 1237 3858 1292 καὶ

2199 1322 2519 1400 ἀναιροῦντα
2605 1327 2841 1402 ὁμογενῆ
2901 1326 3125 1404 ἀπλῆγα
3207 1323 3290 1382 δεῖ
3370 1329 3641 1401 παριέναι,
3725 1325 3860 1382 ἀλλ’

2209 1410 2348 1476 ’ἆπας
2404 1415 2585 1479 κακῶς
2643 1413 2900 1480 διατιθεὶς
2987 1416 3253 1490 κρινέσθω
3334 1414 3605 1490 πολέμιος
3676 1415 3769 1471 καὶ
3831 1416 3860 1472 6

2199 1502 2508 1579 ἀναιρήσων
2538 1505 2802 1563 πιπτέτω.
2865 1509 3030 1578 Ἡμῖν
3092 1503 3151 1561 δὲ
3188 1505 3279 1562 καὶ
3333 1506 3396 1560 τὸ
3443 1509 3597 1562 Θεῖον
3652 1504 3858 1563 εἶ’σεται

2202 1589 2472 1664 δήπουθεν
2504 1594 2691 1671 χάριν,
2733 1595 2777 1652 εἰ
2817 1594 2877 1652 ἐκ
2928 1601 3025 1652 τοῦ
3082 1596 3233 1671 ἱεροῦ
3281 1593 3442 1652 τοῦδε
3499 1595 3632 1658 τοὺς
3700 1617 3860 1670 μιαι-

2200 1682 2396 1760 φόνους
2489 1680 2936 1760 ἂποσοϐήσομεν,
3018 1683 3128 1742 εἴτε
3203 1687 3311 1758 μὴν
3400 1687 3720 1762 κεχήνόσιν,
3784 1686 3862 1750 ὡς

2200 1773 2380 1848 ὁρᾶτε,
2412 1776 2546 1830 κατᾶ
2599 1779 2708 1831 τῶν
2763 1774 2934 1852 ἃγίων
2993 1775 3084 1832 καὶ
3127 1774 3416 1852 διαρπάσαι
3447 1781 3617 1833 ταῦτα
3648 1789 3862 1852 προθυ-

2205 1861 2496 1936 μουμένοις
2537 1861 2912 1939 ἆντιϐαίημεν.
2945 1865 3010 1922 Et
3080 1867 3156 1939 μὴ
3219 1867 3324 1944 γὰρ
3379 1867 3529 1922 τοῦτ’
3587 1865 3862 1938 ἧν,άλλὲ

2208 1947 2521 2008 διέστελλον
2561 1952 2662 2008 ἀνὰ
2695 1953 2856 2028 μέσον
2901 1949 3147 2029 βεϐήλου
3185 1955 3277 2011 καὶ
3335 1956 3506 2032 ἱεροῦ,
3563 1953 3732 2012 πάλαι
3795 1955 3856 2012 ἄν

2201 2041 2300 2110 τήν
2332 2037 2596 2117 ἐνδοτέρω
2626 2046 2734 2098 τῶν
2791 2045 3042 2119 προνάων
3103 2051 3352 2119 παρῆκαν
3413 2042 3715 2124 λίχνευσιν,
3781 2045 3857 2110 ὡς

2197 2127 2308 2202 ἤδη
2341 2129 2404 2186 τὸ
2431 2135 2578 2203 νικᾷν
2619 2127 2864 2208 ἔχοντες.
2919 2133 2987 2190 Οἱ
3045 2131 3103 2188 δὲ
3159 2132 3303 2189 οὕτω
3358 2133 3444 2189 τοί
3503 2134 3638 2190 εἶσιν
3695 2133 3851 2190 ἀναιο

2201 2216 2445 2276 δέστατοι
2503 2221 2578 2284 ὡς
2637 2222 2701 2276 ού
2763 2221 2928 2295 μόνον
2998 2221 3290 2279 σκυλεῦσαι
3349 2224 3708 2302 φαντάζεσθαι
3787 2225 3854 2280 τὰ

2199 2309 2458 2384 ἡμέτερα,
2497 2308 2646 2366 ἀλλὰ
2674 2311 2763 2366 καὶ
2791 2311 2858 2367 τὰ
2904 2315 3001 2368 τοῦ
3032 2317 3165 2368 Θεοῦ
3226 2309 3546 2378 ἰδιώσασθαι
3605 2314 3658 2368 οἱ
3689 2310 3858 2370 ἀϐέλ-

2196 2419 2368 2475 τεροι.
2427 2397 2586 2457 Ἀλλ’
2643 2401 2707 2456 οὐ
2769 2400 2844 2474 μά
2897 2402 2991 2457 τὸν
3041 2401 3277 2478 παγέντα
3337 2407 3553 2478 σταυρῷ
3609 2405 3700 2458 καὶ
3755 2407 3856 2475 τὴν

2199 2487 2414 2566 λόγχην
2465 2490 2685 2562 ταύτην,
2745 2487 2940 2547 οὔκουν
2999 2491 3186 2552 αὐτοῖς
3244 2491 3442 2547 ἐσεῖται
3494 2493 3662 2568 πέρας
3739 2493 3858 2550 ἐπι-

2199 2584 2363 2643 θεῖναι
2415 2584 2532 2641 τοῖς
2589 2578 3013 2658 ἐγχειρήμασιν,
3073 2579 3190 2636 ἐπεὶ
3249 2582 3338 2636 καὶ
3387 2585 3504 2654 Θεῷ
3561 2583 3629 2638 τὰ
3683 2583 3859 2639 οῗκεῖα

2195 2667 2354 2746 χερσὶ
2411 2669 2813 2744 κεχρασμέναις
2857 2669 3100 2745 ἃψάυστα
3161 2668 3702 2750 διαφυλαχθήσονται
3760 2673 3856 2728 καὶ

2197 2761 2361 2831 ἡμεῖς
2419 2757 2672 2832 ἐσοίμεθα
2730 2756 2790 2814 ἄν
2861 2759 3280 2835 ἀπρονόμευτοι.
3346 2784 3375 2814 υ
3462 2761 3698 2827 Τούτοις
3761 2763 3849 2818 καὶ

2192 2849 2466 2911 τοιούτοις
2498 2848 2849 2924 χρησάμενος
2883 2849 3123 2924 ῥήμασιν
3155 2849 3316 2912 αύτύς
3371 2871 3430 2906 τε
3484 2852 3723 2908 κάτεισιν
3781 2852 3857 2916 είς

2191 2938 2283 2993 τὸν
2313 2936 2544 3014 πρόναον
2575 2935 2699 3002 ἔνθα
2734 2939 2762 2992 ὁ
2796 2937 2962 3014 λόγος
3022 2936 3209 3014 εἴρηκε
3264 2938 3538 3016 ῥομφαίαν
3571 2939 3844 3018 ἐσπασμέ-

2193 3047 2281 3084 νον
2309 3025 2562 3083 ’ίστασθαι
2593 3027 2686 3082 τὸν
2717 3031 2828 3082 τῶν
2856 3029 2944 3102 [Ρ.
2987 3029 3110 3102 156]
3153 3025 3262 3083 ἅνω
3293 3027 3384 3084 καὶ
3411 3030 3568 3084 θείων
3626 3031 3843 3109 ταγμά-

2191 3138 2298 3174 των
2357 3117 2705 3192 κατάρχοντα
2787 3116 3039 3192 Μιχαὴλ,
3124 3118 3216 3172 καὶ
3290 3118 3342 3173 οἱ
3400 3115 3586 3174 λοιποὶ
3645 3117 3700 3174 δὲ
3764 3121 3843 3182 ὡς

2194 3207 2428 3284 ἡγεμόνι
2459 3207 2638 3281 τούτῳ
2669 3207 3024 3282 παρείποντο,
3083 3206 3447 3286 ἀσπιδηφόροι
3503 3209 3689 3270 πάντες
3739 3209 3830 3263 καὶ

433 3301 553 3357 ictu
583 3296 737 3354 oculi
771 3275 1087 3353 intueatur:
1139 3275 1362 3352 Deinde
1408 3275 1738 3352 Caesarissae
1794 3295 1970 3352 verba
2009 3295 2080 3352 de

2197 3275 2472 3371 μαχαίρας
2553 3275 2828 3374 ἀμφήκεις
2908 3275 3373 3372 ἐγχειριζόμενοι·
3422 3296 3505 3352 καί
3582 3296 3827 3372 ἀτεχνῶς

436 3384 843 3461 pacificatione
869 3385 1022 3441 313
1055 3383 1365 3440 nuntiavit.
1415 3383 1660 3454 Magnus
1717 3383 1917 3462 itaque
1964 3385 2081 3442 dux

434 3474 804 3533 Andronicus
826 3473 1356 3546 Contostephanus,
1390 3488 1645 3544 magnus
1702 3471 2083 3531 hzsteriarcha

429 3566 688 3623 Joannes
718 3563 934 3635 Ducas,
967 3567 1024 3621 et
1055 3561 1153 3619 alii
1210 3561 1567 3635 complures,
1627 3561 1732 3618 viri
1771 3562 1995 3620 nobiles
2025 3568 2082 3620 et

427 3653 704 3713 maximis
729 3652 917 3712 ornati
943 3651 1354 3726 dignitatibus,
1387 3652 1459 3707 ad
1483 3651 1594 3708 iras
1619 3652 1896 3724 utrinque
1925 3669 2080 3710 com-

424 3745 724 3818 ponendas
747 3744 986 3800 adsunt.
1006 3744 1230 3798 Actum
1257 3740 1493 3814 quidem
1517 3740 1590 3797 ob
1613 3744 1840 3798 noctem
1889 3742 2078 3816 magis

427 3850 606 3906 qnam
639 3832 794 3906 quod
828 3831 1078 3888 invicem
1110 3832 1430 3899 crederent,
1465 3829 1539 3886 ab
1572 3830 1750 3887 armis
1799 3831 2080 3888 discesse-

426 3928 588 3980 runt.
625 3921 910 3978 Postridie
931 3921 1002 3978 ad
1027 3919 1538 3992 redintegrandam
1554 3936 1811 3993 pugnam
1826 3919 2075 3991 incitati,

425 4029 561 4069 cum
591 4011 770 4068 iidem
806 4009 914 4066 viri
949 4009 1164 4066 iterum
1215 4009 1512 4078 adessent,
1562 4013 1618 4064 et
1663 4009 1978 4065 Cmsarissaa
2010 4025 2076 4067 ac

423 4103 635 4160 marito
660 4103 790 4174 ejus
822 4101 995 4156 tidem
1027 4099 1330 4157 dedissent
1363 4099 1508 4156 nihil
1539 4100 1624 4156 eis
1667 4100 1805 4156 mali
1859 4101 2076 4156 timen-

422 4193 566 4248 dum
585 4189 882 4258 esse,vela
903 4190 1080 4246 fratre
1111 4189 1478 4261 imperatore,
1509 4188 1655 4245 vela
1702 4189 1940 4246 domina
1969 4205 2075 4246 no-

2189 3382 2495 3460 ἀνδριάντες
2527 3384 2782 3464 χάλκεοι.
2815 3387 3044 3444 Κάκεῖσε
3074 3386 3152 3451 εἰς
3206 3388 3354 3459 τάξιν
3412 3386 3474 3444 τὸ
3525 3386 3648 3462 περὶ
3678 3385 3837 3442 αὐτὸν

2187 3477 2525 3546 καταστήσας
2610 3476 2639 3530 6
2724 3481 2928 3552 Καῖσαρ
2993 3475 3083 3531 καὶ
3140 3477 3219 3550 τῷ
3302 3480 3574 3551 σταυρικῷ
3630 3475 3844 3550 σημείῳ

2189 3564 2525 3640 φραξάμενος
2555 3568 2663 3620 τῶν
2724 3563 2912 3620 ἄλλων
2966 3562 3310 3641 προεκπηδᾷ.
3372 3567 3438 3624 Οἱ
3493 3563 3543 3621 δ’
3606 3565 3695 3622 ἐπὶ
3739 3573 3843 3637 τῆς

2187 3657 2284 3710 τοῦ
2340 3653 2764 3732 Αύγουστεῶνος
2819 3653 3069 3724 αὐλαίας,
3128 3655 3220 3710 καὶ
3277 3655 3416 3732 πρὸς
3471 3656 3572 3726 τήν
3618 3655 3846 3732 πρώτην

2189 3744 2367 3818 ὁρμήν
2427 3739 2852 3819 έκθαμϐηθέντες
2891 3749 2989 3800 τοῖ’)
3047 3745 3338 3822 Καίσαρος,
3400 3743 3490 3801 διὰ
3544 3749 3653 3802 τῶν
3697 3744 3849 3801 εἶσό-

2187 3829 2296 3888 δων
2379 3827 2702 3907 θλιϐόμενοι
2777 3831 3080 3908 ἐξεχέοντο,
3168 3835 3259 3890 ’ὀτε
3338 3833 3429 3890 καὶ
3512 3833 3845 3912 τραυματίαι

2189 3922 2286 3996 μὲν
2344 3921 2405 3976 ἐκ
2459 3926 2568 3978 τῶν
2626 3926 2722 3978 τοῦ
2780 3921 3072 3999 βασιλικοῦ
3138 3922 3417 4000 τάγματος
3481 3923 3696 3981 πολλοὶ
3750 3945 3848 4002 γε-

2185 4012 2426 4088 γόνασιν,
2487 4013 2568 4076 εἷς
2633 4008 2690 4066 δέ
2743 4031 2826 4074 ταις
2886 4012 2976 4067 καὶ
3029 4011 3301 4085 ἐτεθνήκει
3371 4017 3453 4086 τῷ
3535 4013 3671 4092 ξίφει
3733 4011 3854 4070 διε-

2185 4099 2392 4164 λαθείς.
2451 4102 2524 4158 Τὸ
2579 4098 2624 4156 δ’
2685 4101 2792 4156 ἀπὸ
2848 4101 3010 4158 τοῦδε
3066 4103 3094 4158 6
3147 4104 3242 4176 μὲν
3303 4108 3514 4178 Καῖσαρ
3576 4103 3848 4160 ἐπάνεισιν

2182 4189 2334 4254 α’ύθις
2400 4189 2519 4256 ὅθεν
2572 4189 2909 4266 ἐξώρμησεν,
2969 4193 3022 4246 οἱ
3081 4189 3128 4247 δ’
3184 4189 3244 4246 ἐκ
3271 4196 3378 4248 τῶν
3409 4196 3508 4248 τοῦ
3571 4191 3855 4267 βασιλέως

415 4295 609 4348 verca,
637 4278 724 4334 vel
754 4296 787 4334 a
821 4277 1226 4350 protosebasto
1253 4277 1474 4348 Alexio,
1502 4293 1689 4350 neque
1729 4278 2072 4351 dignitatem

2196 4280 2378 4352 τάξεων
2463 4279 2644 4336 ούκέτι
2723 4280 3010 4356 παρελθεῖν
3093 4279 3396 4359 έθάῤῥησαν
3455 4281 3531 4344 εἰς
3583 4282 3686 4352 τὴν
3747 4282 3850 4338 αὕ-

420 4370 505 4427 eis
536 4373 801 4442 ereptum
835 4367 924 4436 iri,
950 4367 1034 4424 ita
1087 4367 1345 4436 demum,
1381 4368 1518 4424 data
1576 4369 1753 4424 etiam
1813 4368 1988 4424 sociis
2018 4373 2078 4425 et

2196 4371 2352 4440 λειον,
2405 4367 2550 4424 ἀλλὰ
2641 4365 2711 4424 δι’
2793 4365 3217 4446 ἀκροϐολισμῶν
3275 4369 3504 4448 ἠγάπων
3589 4373 3855 4448 μαχόμε-

413 4457 784 4532 adiutoribus
813 4474 1015 4515 eorum
1049 4457 1236 4529 venia,
1261 4458 1523 4514 secundo
1555 4455 1758 4528 praelio
1781 4457 2073 4514 abstinue-

2196 4479 2292 4518 μοι.
2378 4454 2522 4528 Ἤδη
2618 4454 2677 4512 δὲ
2761 4464 2864 4529 τῆς
2937 4458 3146 4536 ἡμέρας
3221 4459 3624 4531 ὑποκλινούσης
3685 4459 3854 4518 αὐτοί

415 4553 573 4607 runt.
596 4551 674 4606 Ac
696 4547 1202 4620 aliijurejurandu
1225 4546 1362 4602 dato
1406 4551 1464 4602 et
1503 4546 1908 4618 pacificatione
1940 4565 2069 4620 per-

2196 4568 2238 4603 ιε
2295 4549 2347 4602 οἱ
2433 4546 2746 4626 μαχόμενοι
2826 4547 3092 4622 καμόντες
3186 4546 3476 4618 ἐνέδωκαν,
3569 4549 3664 4605 καὶ
3755 4553 3855 4606 τοῦ

410 4643 540 4697 acta
568 4639 770 4696 statim
827 4636 1139 4694 abierunt:
1189 4635 1383 4690 Caesar
1440 4650 1576 4690 vero
1635 4637 1692 4692 et
1749 4635 2065 4694 Caesarissa

2196 4635 2516 4712 πατριάρχου
2606 4633 2924 4700 στείλαντος
3011 4636 3086 4700 εἷς
3191 4639 3292 4706 τὴν
3375 4635 3665 4693 δέσποιναν
3753 4639 3854 4694 τὸν

409 4733 582 4786 noctu
613 4727 832 4800 templo
863 4728 1239 4785 excesserunt
1269 4727 1326 4779 et
1356 4723 1416 4780 in
1449 4739 1730 4796 magnum
1765 4724 2049 4796 palatium

2196 4729 2354 4780 αυτοῦ
2414 4723 2720 4800 ὑπηρέτην,
2781 4724 2844 4789 ὅς
2933 4715 2994 4780 ἐκ
3058 4730 3152 4782 τοῦ
3210 4723 3585 4802 παραϐάλλειν
3648 4727 3732 4790 εἰς
3784 4728 3855 4782 τὰ

408 4835 472 4874 se
497 4817 893 4879 contulerunt,
926 4816 986 4871 in
1017 4832 1130 4887 quo
1161 4819 1288 4871 tum
1319 4813 1700 4886 imperatores
1741 4813 2050 4888 degebant.

2196 4819 2371 4890 ιρχεῖα
2399 4814 2490 4870 καὶ
2542 4812 2969 4890 διαπορθμεύειν
3004 4820 3120 4878 τοῖς
3157 4815 3439 4892 βασιλεῦσι
3500 4816 3567 4872 τὰ
3631 4817 3862 4891 βουληο

411 4906 504 4960 τέα
589 4903 676 4958 καὶ
748 4903 842 4963 τας
898 4901 1212 4976 ἀποκρίσεις
1287 4903 1436 4966 αὖθις
1507 4900 1708 4966 ἐκεῖθεν
1785 4902 2099 4980 μεταφέρειν
2165 4902 2477 4968 Παλατῖνος
2538 4904 2877 4981 ὠνόμασται,
2941 4905 3032 4962 καὶ
3091 4912 3282 4983 πρῶτα
3363 4908 3459 4980 μὶν
3527 4907 3630 4976 τὴν
3693 4907 3857 4972 θείαν

415 4985 972 5064 έπεμὸριμησαμένου
1021 4991 1189 5064 ταύτῃ
1246 4991 1416 5066 ὁργήν
1477 4989 1650 5054 οὕτως
1717 4989 2110 5068 όξυδερκοῦσαν
2177 4993 2268 5048 καὶ
2353 4996 2672 5070 καθορῶσαν
2766 4994 2816 5051 ἐν
2904 4995 3095 5072 ἀκαρεῖ
3138 4997 3204 5051 τὰ
3279 4994 3629 5067 ὁπουδήποτε
3691 4994 3851 5074 δρώ-

412 5099 546 5155 μενα
609 5077 834 5152 ἄθεσμα,
899 5073 1084 5134 ἔπειτα
1142 5076 1198 5132 δέ
1252 5079 1348 5143 τὰς
1404 5081 1526 5154 περὶ
1586 5078 1836 5136 σπονδῶν
1886 5087 1987 5150 τῆς
2049 5082 2417 5158 Καισαρίσσης
2483 5081 2966 5159 διαμεμηνυκότος
3031 5087 3231 5161 φωνάς,
3293 5085 3594 5164 ἀφικνεῖται
3659 5073 3851 5163 λυτήρ

410 5172 523 5258 τῶν
583 5168 908 5258 μηνιμάτων
969 5165 1304 5258 ἀμφοτέροις
1350 5173 1467 5258 τοῖς
1532 5168 1743 5258 μέρεσιν
1802 5169 1829 5258 6
1887 5169 2056 5246 μέγας
2114 5169 2238 5243 δοῦξ
2306 5169 2661 5248 Ἀνδρόνικος
2718 5175 2746 5229 6
2837 5174 3292 5256 Κοντοστέφανος,
3378 5176 3406 5231 6
3465 5172 3632 5252 μέγας
3695 5176 3856 5232 ἐται-

409 5255 676 5329 ρειάρχης
713 5251 972 5324 Ἰωάννης
1031 5255 1060 5308 6
1111 5254 1334 5322 Δούκας,
1386 5255 1473 5308 καὶ
1537 5255 1734 5330 συχνοὶ
1801 5251 1980 5327 ἕτεροι
2047 5256 2112 5312 τὸ
2169 5257 2326 5333 γένος
2384 5259 2704 5335 ἀριπρεπεϊς
2765 5261 2853 5318 καὶ
2911 5251 3187 5339 μεγίστοις
3247 5251 3610 5338 περίϐλεπτοι
3673 5263 3860 5333 ἀζίώ-

419 5363 570 5416 μασι.
629 5341 731 5399 Καὶ
787 5342 910 5398 τότε
969 5343 1064 5418 μὲν
1107 5343 1260 5399 νυκτὶ
1323 5341 1534 5417 μᾶλλον
1591 5339 1898 5408 πεισθέντες
1943 5344 1978 5414 ἢ
2037 5352 2156 5410 ταῖς
2215 5346 2593 5424 καταλλαγαῖς
2650 5350 3043 5425 τεθαρῥηκότες
3068 5352 3160 5406 τὸν
3193 5352 3377 5428 ἀγῶνα
3427 5349 3707 5422 διέλυσαν,
3773 5357 3848 5428 τῇ

416 5430 466 5488 δ’
525 5432 777 5508 ὑστεραίᾳ
829 5431 921 5487 καὶ
976 5433 1128 5494 αὖθις
1181 5431 1320 5508 πρὸς
1377 5431 1622 5505 πόλεμον
1675 5431 2061 5510 διηρῥένωντο.
2121 5437 2238 5491 Τῶν
2308 5433 2355 5492 δ’
2431 5437 2609 5494 αὐτῶν
2667 5439 2756 5495 καὶ
2813 5437 2982 5495 πάλιν
3051 5443 3505 5516 παραγενομένων
3595 5437 3853 5518 ἀνδρῶν,

409 5522 500 5578 καὶ
529 5521 738 5585 πίστεις
792 5518 998 5577 δόντων
1049 5524 1118 5596 τῇ
1177 5521 1515 5596 Καισαρίσσῃ
1569 5521 1664 5577 ταὶ
1717 5527 1797 5596 τῷ
1855 5523 2058 5597 ταύτης
2109 5523 2286 5602 ἀνδρὶ,
2341 5525 2432 5582 καὶ
2494 5529 2679 5604 ’ὀρκοις
2759 5528 3178 5606 κρατυναμένων
3235 5529 3419 5600 αὐτὰς,
3494 5529 3584 5586 καὶ
3679 5529 3851 5603 πλη-

412 5612 676 5698 ροφορίαν
731 5612 1167 5690 παρασχομένων
1223 5612 1298 5674 ὠς
1364 5611 1480 5698 οὐκ
1561 5610 1623 5698 ἄν
1679 5631 1734 5667 τι
1815 5616 2035 5670 πάθοιεν
2111 5614 2276 5688 ἀηδὲς
2355 5617 2479 5674 οὒτε
2541 5620 2649 5693 μὴν
2712 5620 3050 5698 ἀφαιρεθεῖεν
3125 5623 3224 5692 τὴν
3291 5622 3494 5678 οἰκείαν
3554 5621 3862 5697 ἐπιτιμίαν

407 5697 547 5784 πρὸς
612 5708 710 5762 τοῦ
770 5701 1013 5784 ἀδελφοῦ
1075 5701 1167 5759 καὶ
1229 5697 1499 5778 βασιλέως
1555 5697 1592 5770 ἦ
1649 5706 1751 5770 τῆς
1809 5709 2078 5776 μητρυιᾶς
2140 5701 2432 5776 δεσποίνης
2493 5707 2529 5777 ἤ
2589 5711 2691 5762 τοῦ
2747 5697 3205 5785 πρωτοσεῦαστοῦ
3263 5711 3530 5788 Ἀλεξίου,
3587 5709 3745 5768 ἀλλὰ
3783 5710 3860 5785 δὴ
