4126 6294
330 376 454 438 593

1504 370 1842 434 ALEXIUS
1886 370 2289 436 MANUELIS
2329 372 2610 436 FILIUS.

3639 382 3756 445 596

332 505 435 564 καὶ
493 499 793 578 ἀμνηστίας
847 504 1022 557 κακοῦ
1088 498 1339 574 δοθείσης
1408 502 1565 576 οἲπερ
1632 500 1815 566 αὐτοῖς
1882 502 2315 578 προσεχώρησαν
2370 503 2459 558 καὶ
2518 504 2595 568 εἷς
2654 504 2983 581 συμμάχους
3043 504 3428 584 ἐνεγράφησαν,
3481 503 3626 563 οὕτω
3681 509 3747 582 δή

343 600 447 664 τῆς
496 590 743 667 δευτέρας
801 592 1112 672 ἀπέσχοντο
1172 590 1525 665 συμπλοκῆς.
1587 593 1690 650 Καὶ
1758 592 1810 646 οἱ
1867 592 1960 666 μὶν
2032 592 2271 666 ἀπῄεσαν
2331 592 2486 657 εὐθὺς
2549 594 2684 668 μετά
2728 595 2828 664 τήν
2883 600 2991 650 τῶν
3040 596 3218 670 ὅρκων
3251 596 3477 652 καὶτῶν
3506 597 3751 655 σπονδῶν

348 681 731 759 ἐκπεράτωσιν,
762 683 953 747 νυκτὸς
983 680 1030 737 δ’
1061 682 1359 753 ἐπιστάσης
1416 683 1444 736 6
1503 686 1707 756 Καῖσαρ
1760 682 1850 736 καὶ
1918 684 1952 752 ἡ
2010 682 2206 739 τούτου
2264 682 2511 753 ξύνευνος
2571 682 2739 756 ἐξίασι
2767 688 2863 740 τοῦ
2893 685 2997 741 νεὼ
3027 685 3120 741 καὶ
3148 685 3495 765 ἀφικνοῦνται
3529 689 3667 760 πρὸς
3691 690 3752 747 τὸ

355 774 490 850 μέγα
517 772 801 843 παλάτιον,
833 774 953 828 καθ’
985 772 1014 828 6'
1048 772 1174 827 τότε
1205 773 1257 827 οἱ
1287 774 1613 847 κρατοῦντες
1644 766 1936 849 διέτριϐον.

410 950 480 1017 ‘q'.
508 946 736 999 Τοιοῦτο
800 943 897 1017 μὶν
954 939 1043 997 οῦν
1104 943 1172 997 τὰ
1222 942 1357 998 κατὰ
1412 944 1502 999 τὸν
1556 940 1803 1018 Καίσαρα
1833 939 1979 1018 πέραι

2179 946 2231 999 8.
2265 945 2431 1001 Hunc
2454 945 2691 1003 Caesaris
2708 963 2799 1003 res
2817 947 3040 1004 exitum
3090 948 3443 1023 habuerunt,
3471 954 3527 1007 et
3559 952 3648 1010 his
3679 953 3750 1009 de

340 1033 626 1109 εἰλήφασι,
685 1033 776 1088 καὶ
827 1029 898 1087 δι’
946 1033 1122 1095 αἰτίας
1169 1033 1366 1095 ταύτας
1416 1033 1444 1088 6
1493 1030 1761 1101 δυσκλεὴς
1793 1030 1996 1087 ἐκεῖνος

340 1123 563 1194 συνέστη
635 1123 907 1195 πόλεμος,
977 1122 1067 1178 καὶ
1134 1123 1234 1192 τήν
1319 1123 1464 1187 θείαν
1532 1120 1813 1196 ἐπενέγκας
1880 1123 1998 1186 καθ’

338 1215 501 1286 ἡμῶν
556 1210 777 1282 κίνησιν
831 1209 902 1266 δι’
955 1212 1056 1265 ’ὀσα
1110 1212 1247 1267 κατὰ
1302 1210 1365 1266 τὸ
1417 1211 1561 1284 ἱερὸν
1608 1205 1998 1280 ἐπισυνέϐησαν

340 1302 567 1377 ἄθεσμα.
640 1300 782 1359 Οὔτε
848 1302 953 1379 γὰρ
1026 1303 1126 1370 τήν
1202 1306 1569 1377 προσρυεῖσανν
1629 1302 1997 1377 Καισάρισσαν

340 1391 546 1467 ἀφίημι
577 1396 677 1447 τοῦ
709 1390 1088 1465 ἐγκλήματος,
1148 1389 1224 1454 είς
1282 1389 1557 1446 ἀτάσθαλα
1601 1389 1734 1468 ἔργα
1764 1389 1997 1467 ῥέψασαν

337 1482 428 1538 καὶ
497 1479 901 1552 διακυκήσασαν
955 1481 1018 1537 τὸ
1075 1478 1405 1554 πολίτευμαο
1471 1479 1561 1535 καί
1600 1500 1663 1559 γε
1723 1478 1850 1542 τοὺς
1919 1482 1993 1553 μὴ

338 1573 675 1651 καθυφέντας
720 1572 900 1650 βραχὺ
963 1571 1120 1647 ,πρὸς
1173 1571 1242 1635 τὰ
1296 1572 1394 1639 τῆς
1448 1566 1715 1643 δεομένης
1765 1569 1995 1640 ταυτησὶ

340 1662 590 1740 ῥήματα,
648 1662 750 1730 τὴν
809 1658 854 1716 δ’
921 1659 1020 1715 οὐκ
1073 1660 1274 1737 ἀγαθὴν
1334 1654 1444 1735 ἔριν
1504 1657 1866 1733 ἀνελομένους
1905 1658 1996 1713 καὶ

335 1753 428 1808 τὸν
485 1758 587 1821 τῆς
637 1756 955 1826 προσευχῆς
1003 1749 1153 1805 οἶκον
1207 1747 1445 1813 ἐντεῦθεν
1496 1749 1689 1825 φονίου
1746 1746 1994 1818 πλήσαν-

339 1858 437 1903 τας
469 1843 725 1915 αἳματος,
780 1838 922 1895 εἲποι
980 1841 1064 1913 [Ρ.
1100 1840 1222 1912 157]
1280 1836 1341 1893 ἄν
1383 1857 1466 1899 τις
1497 1836 1725 1913 ἐνόχους
1756 1857 1995 1912 παρανο-

346 1933 628 2007 μήματος.
662 1929 728 1984 Εἰ
786 1930 890 2006 γὰρ
923 1930 950 1984 6
980 1932 1089 1984 τῶν
1147 1928 1435 2001 Ῥωμαίων
1470 1929 1772 2005 στρατηγὸς
1804 1929 1992 1993 Τῖτος,

342 2022 369 2077 6
421 2019 594 2076 πάλαι
654 2023 724 2094 τῇ
772 2016 1136 2092 Ἰερουσαλὴμ
1192 2015 1377 2092 βαλὼν
1438 2019 1678 2093 χάρακα,
1733 2013 1994 2071 τοσοῦτον

340 2108 579 2191 ἐφείδετο
608 2112 706 2164 τοῦ
743 2108 1165 2182 Σολομωντείου
1196 2107 1301 2162 νεὼ
1357 2105 1447 2162 καὶ
1488 2107 1632 2161 οὕτω
1662 2110 1759 2161 τοῦ
1791 2105 1990 2160 ἐκεῖνον

337 2197 574 2274 ἐξείχετο
608 2198 876 2269 σώζεσθαι
928 2198 1003 2259 ὡς
1057 2195 1268 2252 ἑλέσθαι
1306 2194 1604 2271 βάλλεσθαι
1641 2193 1855 2270 μᾶλλον
1891 2195 1991 2250 ὑπὸ

334 2293 430 2345 τοῦ
479 2287 680 2352 ἐκεῖθεν
735 2283 1085 2356 ἐκπηδῶντος
1111 2282 1415 2341 Ἰουδαϊκοῦ
1447 2285 1726 2360 τάγματος
1758 2286 1852 2341 καὶ
1891 2305 1990 2340 κα-

333 2382 444 2441 κῶς
476 2380 711 2453 πάσχειν
742 2376 807 2432 τὸ
837 2373 1038 2431 οἲκεῖον
1090 2376 1396 2450 στράτευμα
1427 2376 1461 2447 ἢ
1495 2378 1625 2450 γοῦν
1658 2395 1711 2430 τι
1742 2375 1994 2449 θεομισὲς

333 2466 420 2525 ἐπὶ
449 2471 529 2539 τῷ
568 2464 871 2522 πολυτελεῖ
915 2463 1104 2538 ἐκείνῳ
1151 2464 1242 2519 καὶ
1275 2463 1559 2538 θαυμασίῳ
1590 2457 1731 2540 ἔργῳ
1765 2463 1996 2540 βουλεύ-

335 2566 546 2626 σασθαι,
577 2555 714 2628 ἀνὴρ
749 2555 837 2610 καὶ
869 2557 1037 2609 ταῦτα
1089 2554 1167 2626 μὴ
1218 2551 1376 2617 εἰδὼς
1416 2553 1543 2608 Θεὸν
1583 2552 1644 2607 οῦ
1673 2552 1734 2607 τὸ
1764 2551 1990 2626 τέμενος

335 2643 719 2717 ὑπεστέλλετο,
770 2642 918 2699 ἀλλὰ
974 2644 1117 2705 θεοῖς
1168 2641 1454 2716 ἀπονέμων
1501 2636 1659 2704 σέϐας
1707 2646 1889 2704 κακῶς
1937 2640 1991 2697 οἵ

330 2735 423 2790 τὸν
456 2733 681 2809 οὐρανὸν
712 2733 812 2788 οὐκ
852 2730 1137 2804 ἐποίησαν,
1193 2729 1357 2787 ποίαν
1399 2731 1501 2786 οὐκ
1554 2729 1612 2785 ἂν
1676 2724 1783 2784 ἔδει
1811 2729 1983 2803 τιμὴν

334 2818 718 2887 θεοσεϐοῦντας
776 2824 1064 2895 ἀπονεῖμαι
1150 2819 1512 2896 Χριστιανοὺς
1567 2825 1648 2894 τῷ
1705 2818 1991 2893 καλλίστῳ

2104 1035 2303 1091 causis
2333 1035 2794 1107 ignominiosum
2826 1037 2967 1094 illud
3003 1037 3222 1095 bellum
3267 1047 3356 1096 est
3410 1041 3750 1111 conﬂatum,

2106 1139 2221 1195 quo
2255 1123 2450 1181 divina
2481 1123 2801 1194 indignatio
2835 1134 3070 1199 propter
3098 1145 3266 1185 sacra
3296 1130 3525 1202 polluta
3552 1135 3755 1188 contra

2108 1230 2216 1269 nos
2246 1219 2538 1270 commota
2568 1219 2676 1271 est.
2731 1216 2931 1289 Neque
2974 1218 3132 1274 enim
3191 1218 3565 1277 Cesarissam
3595 1238 3737 1294 sup-

2108 1302 2318 1375 plicem
2351 1304 2508 1359 314
2529 1304 2788 1372 absolvo,
2824 1321 2951 1377 quas
2974 1308 3304 1364 temeritate
3342 1325 3451 1365 sua
3489 1325 3610 1366 rem
3644 1327 3751 1383 pu-

2109 1391 2323 1448 blicam
2356 1393 2655 1461 turbavit;
2717 1410 2906 1468 neque
2962 1411 3062 1452 eos
3122 1397 3222 1469 qui
3268 1399 3445 1455 verba
3473 1399 3752 1472 supplicis

2107 1483 2403 1555 aspernati
2436 1482 2495 1539 in
2538 1485 2972 1541 contentionem
3012 1484 3172 1543 haud
3210 1504 3352 1545 sane
3398 1488 3753 1545 laudabilem

2108 1571 2538 1628 descenderunt
2567 1576 2623 1628 et
2652 1572 2894 1629 domum
2912 1575 3261 1647 precationis
3280 1578 3535 1633 caedibus
3553 1577 3754 1650 imple-

2106 1660 2552 1732 verunt,piaculi
2574 1666 2836 1732 expertes
2868 1679 2997 1719 esse
3030 1668 3247 1721 statuo.
3282 1670 3430 1722 Nam
3487 1668 3537 1723 si
3590 1667 3751 1723 Titus

2104 1750 2611 1822 imperator,urhis
2641 1751 3175 1824 Hierosolymorum
3227 1764 3613 1827 oppugnator,
3645 1762 3752 1815 Sa-

2105 1838 2362 1895 lomonio
2391 1839 2604 1912 templo
2638 1857 2827 1912 usque
2862 1842 3005 1897 adeo
3032 1844 3312 1914 pepercit,
3337 1848 3393 1899 et
3448 1844 3500 1900 ei
3549 1846 3749 1902 defen-

2105 1928 2295 1984 dendo
2327 1929 2408 1984 ita
2438 1929 2686 1998 studuit,
2722 1934 2789 1986 ut
2823 1931 2894 1986 ab
2925 1940 3266 2004 erumpente
3321 1934 3457 1988 inde
3503 1935 3749 1991 Judaiea

2105 2019 2341 2075 cohorte
2370 2017 2499 2074 teiis
2532 2019 2649 2092 peti
2680 2022 2738 2074 et
2764 2019 2913 2075 male
2944 2019 3183 2076 tractari
3212 2037 3385 2077 suum
3429 2023 3746 2080 exercitum

2102 2124 2276 2179 quam
2310 2110 2726 2179 sumptuosum
2753 2111 2810 2163 et
2840 2108 3167 2165 mirandum
3190 2108 3334 2164 illud
3367 2124 3512 2181 opus
3541 2111 3746 2169 violari

2102 2196 2372 2254 maluerit
2403 2215 2416 2267 ;
2457 2197 2636 2270 idque
2665 2198 2839 2254 homo
2870 2199 2994 2270 ejus
3026 2198 3128 2254 Dei
3154 2199 3395 2271 ignarus
3417 2201 3587 2271 cujus
3608 2206 3753 2259 tem-

2104 2288 2261 2362 plum
2292 2288 2684 2355 reverebatur,
2744 2293 2801 2344 et
2855 2304 3057 2345 eorum
3115 2289 3359 2345 deorum
3426 2289 3614 2346 cultor
3651 2293 3749 2363 qui

2105 2374 2311 2431 coelum
2340 2391 2457 2431 non
2488 2374 2769 2443 fecerunt,
2798 2377 2932 2449 quis
2963 2375 3149 2432 honos
3208 2393 3242 2432 ιι
3302 2375 3593 2449 religiosis
3633 2383 3690 2434 et
3718 2396 3752 2434 a

2101 2463 2449 2520 Christianis
2484 2464 2617 2520 huic
2654 2464 3051 2537 pulcherrimo
3081 2469 3139 2521 et
3168 2466 3342 2537 plane
3373 2466 3568 2523 divino
3598 2472 3750 2523 tem-

2102 2552 2198 2627 plo
2225 2553 2529 2610 habendus
2563 2571 2678 2610 non
2710 2554 2837 2624 fuit,
2863 2554 3021 2626 quod
3051 2554 3289 2611 omnino
3341 2556 3439 2611 Dei
3479 2556 3751 2613 manibus

2102 2641 2454 2699 fabricatum
2488 2647 2598 2711 est,
2631 2644 2886 2715 primum
2920 2659 2987 2698 ac
3020 2648 3387 2714 postremum
3414 2661 3586 2716 opus,
3617 2645 3751 2716 pul-

2105 2731 2462 2788 cherrimum
2495 2729 3065 2802 atqueinimitabile,
3099 2748 3204 2788 nec
3260 2732 3320 2787 in
3364 2732 3539 2788 terris
3587 2732 3746 2789 aliud

2103 2836 2277 2892 quam
2312 2817 2467 2874 orbis
2497 2817 2736 2890 quidam
2765 2817 3017 2874 celestis
3050 2818 3269 2874 exstitit
3294 2818 3323 2873 ?

335 2910 479 2984 τῷδε
506 2910 599 2966 καὶ
640 2909 766 2984 θείῳ
794 2916 921 2985 ναῷ,
955 2910 1115 2986 ὅνπερ
1147 2912 1391 2989 ἀτεχνῶς
1422 2915 1559 2965 Θεοῦ
1607 2914 1788 2987 χεῖρες
1841 2906 2305 2985 ἡρχιτεκτόνησαν
2334 2905 2424 2961 καὶ
2455 2903 2683 2963 ὕστατον
2712 2906 2801 2962 καὶ
2832 2910 3051 2982 πρῶτον
3085 2904 3551 2984 ἐκαλλιτέχνησαν
3580 2905 3742 2987 ἔργον

340 3000 620 3076 ἀμίμητον
647 3000 733 3056 καί
763 2997 1013 3077 ἄντικρυς
1046 3000 1132 3056 ἐπὶ
1163 3008 1268 3076 γῆς
1300 2999 1554 3075 οὐράνιον
1587 2997 1920 3076 σφαίρωμα;

406 3091 555 3149 Κατὰ
587 3088 643 3146 δὶ
689 3095 786 3147 τοῦ
834 3091 1180 3167 πατριάρχου
1227 3086 1517 3145 Θεοδοσίου
1569 3087 1877 3165 βαρύμηνις
1905 3086 1979 3143 ὢν

2164 3091 2241 3145 At
2270 3087 2711 3161 protosebastus
2734 3084 3079 3160 patriarcha
3100 3087 3424 3146 Theodosio
3456 3088 3644 3147 iratus
3675 3094 3742 3147 ut

327 3180 355 3235 6
414 3173 862 3255 πρωτοσεϐαστὸς
906 3179 983 3241 ὡς
1036 3183 1153 3240 τοῖς
1209 3176 1376 3233 αὐτοῦ
1434 3175 1780 3253 βουλήμασιν
1838 3175 1984 3231 ἀνθι-

322 3266 584 3342 σταμένου
652 3268 923 3345 λαμπρῶς
988 3268 1078 3322 καὶ
1139 3266 1235 3329 τὰς
1302 3266 1504 3331 οἰκείας
1563 3265 1770 3347 ἐφέσεις
1826 3263 1982 3342 ἐγκό-

316 3381 573 3430 πτοντος,
615 3358 708 3414 καὶ
762 3354 1029 3434 πρότερον
1101 3358 1194 3432 μὶν
1250 3360 1363 3413 κατ’
1400 3357 1564 3413 αὐτοῦ
1594 3354 1843 3419 πολλοὺς
1875 3360 1981 3411 τῶν

317 3451 622 3528 ἀρχιερέων
686 3443 1069 3518 ἐπισυνέστησε
1120 3448 1335 3523 χρυσίῳ
1390 3448 1479 3503 καὶ
1541 3446 1830 3521 συμποσίῳ
1863 3444 1981 3501 δια-

315 3539 557 3621 φθείρας,
616 3536 707 3594 καὶ
764 3535 1073 3612 καθαιρέσει
1128 3541 1321 3593 τοῦτον
1351 3537 1441 3592 καὶ
1472 3535 1672 3592 ἀπόντα
1711 3530 1975 3590 ὑπέϐαλε)

318 3629 363 3683 ὡ
398 3626 557 3699 δῆθεν
620 3630 689 3701 τῇ
752 3627 1093 3702 Καισαρίσσῃ
1155 3626 1293 3682 κατὰ
1347 3630 1444 3682 τοῦ
1506 3624 1777 3701 βασιλέως
1833 3623 1973 3679 ἐπα-

318 3720 551 3794 ναστᾶσῃ
584 3719 959 3794 προσθέμενον
1009 3716 1098 3772 καὶ
1152 3716 1227 3781 ὡς
1273 3717 1362 3794 ἀφ’
1394 3715 1743 3792 ὄρμητηρίου
1773 3717 1869 3770 τοῦ
1901 3714 1976 3769 ἱε-

318 3813 422 3886 ροῦ
452 3813 830 3866 στασιοκοπεῖν
890 3807 1027 3883 αὐτῇ
1088 3810 1203 3882 μεθ’
1261 3806 1447 3863 ὅπλων
1482 3804 1701 3864 ἐνδόντα
1732 3804 1820 3861 καὶ
1849 3827 1978 3860 νεω-

313 3903 620 3975 τεροποιεῖν
678 3896 929 3974 ἀφρόνως
980 3896 1070 3952 καὶ
1133 3895 1468 3972 ἀλογίστως.
1516 3896 1675 3971 Τάχα
1724 3893 1768 3949 δ’
1796 3891 1856 3949 ἄν
1885 3894 1974 3949 καὶ

314 3993 412 4045 τοῦ
480 3990 886 4067 πατριαρχικοῦ
946 3985 1138 4061 θρόνου
1193 3984 1404 4059 ἀτίμως
1462 3990 1654 4040 τοῦτον
1704 3984 1972 4040 κατέσπα-

318 4100 424 4150 σεν,
469 4076 621 4154 εἴπερ
652 4080 688 4147 ἡ
720 4077 1057 4152 Καισάρισσα
1118 4077 1193 4150 μὴ
1243 4073 1577 4153 ἀμφοτέραις
1621 4073 1971 4149 προσίστατο,

312 4171 394 4240 τῷ
429 4167 525 4240 μὲν
558 4158 1000 4242 πρωτοσεϐαστῷ
1055 4163 1131 4237 μή
1186 4162 1376 4237 χώραν
1434 4159 1657 4216 διδοῦσα
1711 4161 1805 4216 τὸν
1858 4181 1972 4215 πα·-

311 4255 587 4332 τριάρχην
663 4258 985 4329 καταγαγεῖν
1089 4252 1180 4308 καὶ
1283 4251 1689 4328 ἀντεισαγαγεῖν
1766 4244 1970 4326 ἕτερον,

311 4350 477 4406 αὐτὸν
511 4346 569 4403 δὲ
613 4348 706 4403 τὸν
758 4348 1054 4421 ἱερώτατον
1106 4341 1275 4419 ἄνδρα
1324 4342 1606 4417 ἐπιμελῶς
1640 4346 1970 4420 φρουροῦσα,

317 4442 521 4516 μήπως
575 4438 948 4512 ὑποχωρήσας
1003 4433 1190 4489 ἑαυτὸν
1240 4435 1335 4537 μὲν
1386 4430 1973 4537 ἀπαλξάξῃιπραγμά-
2006 4471 2051 4537 D

312 4551 419 4586 των
451 4529 503 4586 ἐν
535 4532 616 4601 τῷ
649 4527 764 4581 καθ’
822 4525 1061 4604 ἡσυχίαν
1124 4528 1221 4598 ζῇν
1281 4521 1357 4585 είς
1416 4520 1482 4592 ἢν
1528 4519 1840 4596 ὶδομήσατο
1870 4541 1973 4593 μο-

309 4621 410 4690 νὴν
440 4618 581 4675 κατὰ
629 4618 728 4686 τήν
782 4620 946 4685 νῆσον
995 4613 1096 4681 τὴι
1154 4606 1498 4686 Τερέϐινθον,
1534 4611 1695 4684 ἑαυτῇ
1728 4607 1785 4664 δὲ
1813 4608 1970 4665 ἀπω-

313 4708 463 4772 λείας
524 4707 820 4784 όφθήσεται
879 4700 1135 4779 πρόξενος
1186 4699 1344 4765 εὐθὺς
1401 4699 1461 4755 ἐκ
1504 4703 1602 4755 τοῦ
1632 4703 1763 4754 ναοῦ
1794 4699 1969 4774 ἁρπα-

311 4797 601 4878 γησομένῃ
643 4792 733 4849 καὶ
764 4792 1059 4865 πεισομένῃ
1106 4791 1172 4844 τά
1219 4790 1490 4867 χείρισταο
1524 4790 1665 4847 Τότε
1696 4785 1752 4843 δὶ
1780 4788 1966 4878 καιρὸν

306 4877 483 4965 εὐρὼν
536 4890 618 4959 τῷ
649 4887 808 4957 θυμῷ
839 4881 1191 4962 χαρίσασθαι,
1220 4885 1328 4937 τῶν
1362 4880 1517 4955 ἰερῶν
1551 4878 1790 4955 ἀρχείων
1836 4877 1971 4934 ἀπε-

307 4978 501 5037 λαύνει
531 4976 623 5031 τὸν
658 4972 807 5029 ὅσιον
836 4972 927 5028 καὶ
974 4974 1044 5045 τῇ
1092 4973 1188 5026 τοῦ
1242 4970 1627 5026 Παντεπόπτου
1668 4967 1969 5044 περιορίζει

312 5072 482 5145 μονῇ.
556 5062 820 5130 Πλείστας
863 5084 924 5137 γε
976 5063 1083 5136 μὴν
1147 5058 1309 5124 ὀδοὺς
1374 5061 1555 5135 τεμὼν
1593 5059 1685 5115 καὶ
1728 5056 1966 5122 πολλαῖς

306 5154 713 5217 ἀντιπαλαίσας
769 5151 1017 5222 ἐννοίαις,
1076 5149 1165 5206 καὶ
1222 5156 1337 5213 τοῖς
1395 5149 1517 5206 τότε
1570 5150 1967 5225 πονηροτάτοις

306 5254 414 5306 τῶν
480 5245 540 5301 ἐκ
608 5249 708 5314 τῆς
771 5240 1085 5316 συγκλήτου
1149 5238 1361 5315 βουλῆς
1419 5238 1837 5316 συγγενόμενος,
1877 5238 1965 5293 καὶ

305 5337 503 5394 ὁπόσοι
536 5336 646 5389 τῶν
706 5331 976 5407 ἐντρόφων
1034 5332 1131 5384 τοῦ
1187 5330 1439 5404 βήματος
1474 5332 1613 5402 μήτε
1666 5332 1800 5384 Θεοῦ
1841 5326 1964 5382 ὄπιν

309 5429 443 5503 μήτ’
494 5422 803 5497 ἀνθρώπων
867 5421 1159 5499 ὑφωρῶντο
1209 5419 1420 5493 νέμεσιν
1454 5414 1791 5492 συμϐούλοις
1821 5436 1966 5492 χρη-

232 5501 237 5507 ,
306 5501 570 5592 σάμενος,
603 5510 755 5574 ὅπως
786 5508 1147 5587 εὐσχημόνως
1179 5508 1206 5562 6
1238 5507 1382 5583 ἱερὸς
1412 5507 1568 5572 οὗτος
1611 5508 1700 5562 καὶ
1742 5505 1970 5581 εὐπροσ-

310 5591 478 5667 ώπως
528 5594 881 5669 ἀποϐληθείη
933 5595 1090 5669 ἀνὴρ,
1143 5594 1241 5649 οὐκ
1284 5591 1440 5670 ἔσχεν
1474 5593 1697 5665 ἐπιτελῆ
1739 5592 1804 5647 τά
1832 5593 1967 5648 κατά

312 5694 522 5750 σκοπὸν
586 5688 678 5744 καὶ
737 5685 826 5742 διὰ
898 5683 963 5740 τὸ
1035 5682 1335 5762 καθαιρέσει
1398 5685 1493 5761 μὲν
1551 5683 1793 5761 εὐλόγως
1852 5679 1966 5737 οὐδ’

2094 3178 2219 3235 suis
2238 3176 2662 3252 cupiditatibus
2683 3179 2880 3249 aperte
2903 3176 3257 3245 adversanti,
3273 3177 3558 3251 principio
3588 3179 3741 3236 mul-

2090 3270 2183 3325 tos
2214 3268 2532 3341 primarius
2562 3268 2893 3324 sacerdotes
2951 3284 3093 3324 auro
3153 3271 3211 3325 et
3266 3268 3548 3326 conviviis
3614 3287 3743 3326 cor-

2091 3361 2301 3431 ruptos
2331 3361 2537 3413 contra
2566 3356 2734 3414 illum
2767 3357 3133 3414 subornavit.
3187 3358 3405 3414 Deinde
3459 3358 3636 3415 etiam
3667 3359 3737 3415 de

2092 3447 2332 3504 absente
2349 3447 2644 3519 judicium
2670 3447 2793 3502 fieri
2814 3446 3179 3519 jussit,quod
3193 3447 3516 3504 Caesarisss:
3539 3452 3741 3506 contra

2089 3535 2505 3609 imperatorem
2533 3535 2824 3593 seditiosm
2885 3537 3034 3593 315
3102 3536 3320 3608 faverit,
3353 3541 3410 3592 et
3460 3553 3490 3592 e
3519 3537 3737 3610 templo

2089 3627 2253 3700 quasi
2287 3642 2419 3683 arce
2449 3627 2698 3697 quadam
2730 3623 3024 3680 tumultus
3055 3641 3189 3680 cum
3222 3625 3402 3681 armis
3445 3625 3735 3682 excitandi

2086 3719 2143 3772 et
2172 3715 2339 3770 novis
2381 3714 2656 3771 studendi
2718 3714 2894 3771 rebus
2950 3718 3317 3770 occaetonem
3365 3713 3737 3785 impudenter

2085 3821 2151 3861 ac
2173 3808 2385 3861 temere
2406 3803 2817 3876 suppeditarit.
2851 3803 3115 3859 Forsitan
3137 3801 3316 3859 etiam
3348 3802 3734 3875 patriarchico

2084 3892 2230 3950 solio
2259 3896 2385 3948 tum
2419 3908 2554 3948 eum
2587 3892 2954 3961 detraxisset,
2986 3892 3099 3949 nisi
3123 3892 3436 3950 Cassarissa
3457 3893 3734 3951 manibus

2084 3981 2449 4057 pedibusque
2467 3980 2810 4051 obstitisset,
2848 3996 2952 4037 nec
2982 3981 3035 4038 ei
3066 3985 3297 4038 tantum
3349 3982 3449 4038 otii
3490 3999 3733 4039 conces-

2084 4072 2259 4129 sisset
2288 4075 2352 4128 ut
2372 4070 2481 4128 hoc
2511 4069 2846 4143 patriarcha
2876 4069 3043 4141 pulso
3083 4069 3265 4127 alium
3324 4070 3727 4137 substitueret,

2084 4166 2142 4220 et
2159 4162 2344 4219 virum
2370 4159 2814 4218 sanctissimum
2840 4158 3291 4232 diligentissime
3338 4161 3728 4230 observasset,

2083 4269 2155 4311 ne
2182 4269 2215 4309 a
2243 4250 2434 4308 turbis
2466 4248 2831 4323 negotiorum
2864 4249 2923 4304 in
2957 4249 3142 4306 otium
3178 4250 3539 4322 monasterii,
3571 4250 3730 4325 quod

2082 4342 2143 4399 in
2172 4339 2521 4398 Terebinlho
2552 4336 2744 4394 insula
2776 4342 3085 4408 struxerat,
3119 4356 3181 4397 se
3201 4339 3353 4396 clam
3376 4341 3730 4397 subduceret

2081 4430 2310 4505 ipsique
2340 4447 2517 4487 causa
2546 4428 2819 4484 interitus
2848 4433 3023 4496 esset,
3057 4430 3256 4485 statim
3290 4446 3320 4485 e
3349 4429 3570 4501 templo
3584 4430 3732 4485 abri-

2083 4521 2306 4594 piendas
2336 4528 2390 4576 et
2415 4517 2761 4592 gravissimo
2817 4516 3105 4590 supplicio
3166 4518 3507 4575 efficienda).
3567 4523 3729 4573 Tunc

2082 4614 2280 4667 autem
2299 4608 2796 4682 opportunitatem
2809 4605 3077 4679 explendi
3100 4606 3281 4663 animi
3307 4605 3727 4673 nactus,virum

2082 4702 2353 4758 sanctum
2384 4716 2548 4757 sacro
2588 4697 2806 4771 palatio
2847 4697 3082 4771 pulsum
3116 4698 3177 4753 in
3208 4697 3550 4769 Pantepopti
3602 4712 3725 4753 mo.

2082 4788 2404 4847 nasterium
2439 4788 2675 4861 relegat,
2729 4788 3003 4860 plurimis
3054 4787 3164 4844 viis
3218 4790 3351 4843 ante
3407 4786 3642 4843 tentatis
3669 4791 3727 4843 et

2077 4877 2255 4936 variis
2285 4876 2613 4933 rationibus
2644 4875 3009 4949 excogitatis,
3042 4872 3612 4948 improbissimorum
3634 4890 3725 4931 se-

2079 4969 2348 5023 natorum
2383 4968 2441 5020 et
2495 4964 2861 5019 sacerdotum
2920 4963 3182 5021 consiliis
3239 4979 3406 5034 usus,
3462 4963 3564 5037 qui
3620 4980 3728 5022 nec

2078 5061 2262 5114 Dcum
2293 5070 2399 5110 nec
2425 5052 2692 5110 homines
2724 5054 3078 5122 metuebant,
3114 5058 3181 5112 ut
3239 5054 3297 5111 id
3358 5053 3589 5111 facinus
3623 5054 3723 5110 ho-

2080 5149 2249 5203 nesta
2277 5143 2469 5215 specie
2482 5143 2854 5199 fucaret.Non
2879 5147 3076 5199 tamen
3100 5143 3382 5200 successit
3404 5143 3722 5216 negotium,

2079 5241 2200 5293 tum
2230 5233 2389 5307 quod
2421 5232 2563 5288 nihil
2598 5232 2655 5287 in
2689 5248 2755 5287 eo
2786 5233 3257 5305 comperiebatur
3302 5237 3538 5306 propter
3565 5233 3721 5304 quod

2079 5325 2387 5401 pellendus
2413 5326 2589 5391 esset,
2623 5326 2749 5378 tum
2784 5322 2938 5393 quod
2970 5322 3209 5378 domina
3240 5326 3298 5379 et
3328 5321 3425 5378 alii
3456 5321 3719 5393 plurimi,

2077 5421 2254 5487 atque
2285 5413 2428 5470 adeo
2458 5412 2577 5468 fere
2607 5426 2813 5467 omnes
2842 5412 2996 5467 δια
3054 5411 3424 5485 imperatoris
3474 5427 3720 5467 consan-

2076 5503 2495 5578 guinei,virum
2526 5501 2693 5558 iilum
2721 5517 3097 5574 summopere
3142 5502 3586 5559 venerabantur.
3622 5500 3719 5555 ln-

2078 5594 2232 5650 vitus
2294 5592 2472 5663 igitur
2530 5592 2806 5663 obliquus
2860 5591 2970 5648 iste
3037 5593 3265 5663 anguis,
3321 5588 3718 5648 voluminibus

2079 5682 2338 5749 omissis,
2367 5685 2424 5737 et
2455 5696 2672 5739 veneno
2704 5681 2858 5753 quod
2920 5681 2976 5735 in
3035 5681 3224 5741 virum
3283 5683 3550 5739 sanctum
3582 5689 3713 5730 evo-
