4126 6294
376 407 496 471 595

1684 403 1992 469 NICETE
2033 403 2458 466 GHONIATIE

3675 409 3795 470 596

377 547 658 604 mendum
692 547 925 602 curarat
964 557 1170 601 rursus
1201 543 1494 611 devorato,
1528 543 1654 618 ipse
1686 557 2021 617 quoqueas-

2143 540 2324 594 ὁτιοῦν
2357 535 2570 613 ὑπάγον
2599 534 2652 592 ἐν
2698 536 2848 612 αύτῷ
2896 535 3254 616 εὖρίσκεσθαι,
3303 534 3452 596 ἀλλὰ
3497 537 3565 609 δὴ
3613 540 3707 596 καὶ
3735 541 3798 597 τὸ

378 638 631 697 sentitur
661 640 727 691 ut
756 633 1083 707 patriarcha
1114 633 1172 690 in
1208 634 1515 706 pristinam
1557 635 1752 690 sedem
1789 647 2030 705 repona-

377 731 494 784 tur.
527 726 628 782 Die
659 725 880 780 reditus
910 723 1166 780 instante
1198 739 1404 780 omnes
1453 723 1859 796 magistratus,
1901 738 2026 778 om-

377 832 482 872 nes
521 815 851 871 sacerdotes
909 813 1234 870 honestatis
1292 817 1583 881 amantes,
1615 819 1670 869 et
1700 816 1823 869 tota
1865 811 2030 868 urbis

377 904 714 974 multitudo,
743 919 1030 960 concursu
1083 903 1154 957 ad
1215 903 1634 958 monasterium
1674 902 1849 968 facto,
1895 917 2030 973 pro-

378 995 737 1065 gressionem
770 993 923 1048 cives
955 991 1502 1064 splendidissimam
1531 991 1886 1047 effecerunt:
1919 990 2029 1046 vici

379 1083 698 1155 unguentis
757 1081 1024 1149 delibuti,
1087 1080 1326 1136 sufﬁtus
1385 1097 1451 1136 ex
1511 1080 1683 1151 lignis
1726 1079 1944 1135 Indicis
1975 1084 2032 1134 et

381 1172 738 1229 aromatibus
771 1171 924 1239 facti,
960 1173 1122 1224 tanta
1163 1169 1540 1226 multitudine
1600 1169 1935 1236 comitante,
1969 1173 2033 1224 ut

377 1260 602 1332 vesperi
633 1261 870 1316 demum
904 1261 961 1316 in
988 1274 1265 1331 magnum
1309 1257 1536 1328 Sophim
1595 1255 1876 1328 templum
1909 1271 2034 1328 per-

385 1350 768 1416 veniret,cum
801 1349 992 1420 primo
1024 1347 1286 1404 diluculo
1316 1345 1738 1402 monasterium
1760 1362 2032 1419 egressus

379 1443 554 1496 esset.
589 1438 935 1495 Sacerdotes
966 1452 1100 1493 vero
1132 1437 1230 1508 qui
1291 1435 1343 1492 si
1403 1435 1741 1506 dignitatem
1794 1435 2034 1507 abroga-

382 1533 534 1594 rant,
569 1528 653 1583 ita
684 1527 819 1584 facti
851 1527 1085 1600 puduit,
1119 1531 1178 1582 ut
1210 1542 1324 1581 non
1376 1525 1550 1582 modo
1596 1522 1860 1596 publicas
1909 1525 2032 1580 vias

385 1617 742 1674 declinarent
773 1617 846 1672 ob
879 1616 1202 1672 admissum
1260 1614 1466 1670 facinis
1525 1618 1582 1670 et
1617 1613 1899 1682 derisum,
1931 1613 2033 1668 sed

387 1713 632 1764 mortem
665 1706 837 1763 etiam
866 1711 1152 1778 optarent.

2142 631 2242 699 τήν
2277 625 2559 684 δέσποιναν
2609 627 2700 682 καὶ
2741 628 2870 690 τοὺς
2919 627 3146 691 πλείους
3176 626 3372 704 σχεδὸν
3403 629 3438 698 ἢ
3464 628 3594 692 τοὺς
3627 631 3800 686 ἀπαν-

2136 737 2232 780 τας
2279 721 2390 772 τῶν
2449 715 2510 772 ἐκ
2563 717 2660 772 τοῦ
2721 714 3007 792 βασιλείου
3047 716 3283 792 αἵματος
3334 714 3800 792 ὑπερϐαλλόντως

2138 809 2231 862 τὸν
2267 803 2436 881 ἄνδρα
2468 809 2652 879 τιμᾷν.
2685 806 2869 862 Ἀκων
2903 806 2996 862 οῦν
3053 807 3082 861 ὁ
3137 805 3361 870 σκολιὸς
3392 804 3518 886 ὅφις
3544 813 3656 864 τῶν
3686 809 3802 866 ἐλί-

2140 897 2271 967 ξεων
2328 895 2589 963 ἃποστὰς,
2647 895 2740 950 καὶ
2797 895 2889 952 τὸν
2961 895 3040 952 ἰὸν
3114 896 3266 958 αὖθις
3321 900 3674 962 κατεσπακὼς
3740 899 3799 954 δν

2142 982 2477 1058 ἐμημεκέναι
2551 985 2686 1038 κατὰ
2740 988 2837 1039 τοῦ
2889 984 3050 1060 ἁγίου
3113 983 3315 1059 [αὖθις]
3368 988 3798 1062 προητοιμάκει,

2141 1072 2424 1129 ἐπευδοκιῖ
2469 1072 2558 1127 καὶ
2621 1071 2784 1136 αὐτὸς
2825 1077 2893 1148 τῇ
2955 1075 3009 1138 ἐς
3059 1074 3150 1130 τὸν
3183 1073 3446 1150 πρότερον
3483 1076 3675 1152 θρόνον
3704 1075 3803 1132 αὗ-

2144 1175 2228 1228 θις
2283 1166 2380 1218 τοῦ
2437 1162 2782 1238 πατριάρχου
2843 1163 3206 1221 ἐπανελεύσει.
3279 1165 3432 1222 Ἐπεὶ
3485 1163 3606 1236 δὲή
3638 1168 3801 1238 κυρία

2138 1259 2240 1322 τῆς
2270 1251 2471 1308 ἀνόδου
2503 1249 2820 1325 ἐνειστήκει,
2872 1253 3067 1308 ὀπόσοι
3117 1257 3226 1309 τῶν
3279 1253 3333 1310 ἐν
3381 1253 3529 1313 τέλει
3561 1257 3651 1312 καὶ
3681 1257 3799 1312 ’ὀσοι

2139 1347 2238 1398 τοῦ
2263 1344 2516 1418 βήματος
2547 1346 2642 1398 τοῦ
2689 1342 2863 1400 καλοῦ
2908 1341 3127 1423 ἔτρεφον
3159 1343 3356 1422 ἔρωτα,
3387 1345 3478 1402 καί
3508 1349 3536 1402 ὁ
3567 1354 3668 1418 τῆς
3699 1347 3800 1404 πό·

2140 1433 2283 1496 λεως
2315 1435 2452 1497 ἅπας
2479 1431 2656 1508 δῆμος
2701 1434 2778 1497 είς
2827 1437 2889 1490 τὸ
2936 1439 3024 1508 [Ρ.
3058 1439 3180 1510 158]
3209 1437 3354 1511 ἱερὸν
3384 1440 3803 1515 φροντιστήριον

2143 1521 2540 1598 συνδραμόντες
2600 1522 2998 1600 λαμπροτάτην
3057 1523 3245 1600 ἐκείνῳ
3315 1526 3640 1583 συντελοῦσι
3697 1530 3800 1598 τὴν

2141 1610 2404 1686 πρόοδον,
2459 1613 2654 1687 μύροίς
2691 1615 2786 1676 τὰς
2833 1613 3027 1691 ἀγυιὰς
3071 1614 3358 1693 τέγγοντες
3408 1617 3501 1672 καὶ
3547 1622 3665 1680 τοῖς
3696 1617 3803 1676 Ἰν-

2144 1699 2321 1764 δικοῖς
2377 1701 2564 1772 ξύλοις
2623 1702 2713 1756 καὶ
2770 1709 3122 1778 καρυκευτοῖς
3181 1704 3435 1780 ἇρώμασι
3501 1707 3592 1761 τὸν
3671 1707 3802 1782 ἀέρα

383 1793 790 1864 εὐωδιοὶζοντες’
851 1793 1010 1852 Οὕτω
1065 1791 1122 1849 δὶ
1171 1795 1206 1864 ἡ
1273 1792 1585 1868 προπομπή
1647 1791 2070 1866 μυριάνθρωπος
2135 1789 2202 1861 ἧν
2267 1791 2340 1853 ὡς
2396 1789 2562 1864 μόλις
2613 1790 2738 1865 περὶ
2790 1793 3008 1867 βαθεῖαν
3057 1793 3284 1869 ἑσπέραν
3327 1794 3676 1867 ἐπαναζεῦξαι
3705 1797 3798 1852 τὸν

377 1885 842 1960 προπεμπόμενον
905 1883 964 1948 ἐς
1012 1885 1105 1939 τὸν
1160 1881 1327 1960 μέγαν
1380 1885 1480 1951 τῆς
1528 1880 1730 1958 Σοφίας
1780 1884 1914 1936 Θεοῦ
1969 1880 2118 1951 ναὸν,
2179 1877 2626 1956 ὒποφαινομένης
2673 1882 2891 1958 ἡμόρας
2925 1881 2984 1938 ἐκ
3012 1889 3112 1952 τῆς
3138 1887 3236 1939 τοῦ
3267 1883 3657 1940 Παντεπόπτου
3689 1879 3801 1959 μα’-

375 1976 474 2042 νῆς
534 1974 833 2050 ἀπάραντα.
893 1970 1138 2043 Τοσαύτη
1173 1969 1220 2026 δ’
1279 1971 1515 2046 αἰσχύνη
1555 1969 1622 2025 τὰ
1677 1974 1783 2024 τῶν
1845 1967 2086 2042 θεμένων
2145 1967 2305 2024 αὐτὸν
2355 1967 2614 2024 ὑπόδικον
2672 1969 2972 2046 ἀρχιερέων
3013 1971 3250 2048 ἐκάλυψε
3285 1975 3576 2050 πρόσωπα,
3609 1973 3684 2037 ὠς
3722 1975 3798 2048 μὴ

381 2058 544 2136 μόνον
593 2065 686 2124 τὰς
739 2059 1038 2134 δημοσίους
1080 2059 1354 2135 παρόδους
1395 2058 1741 2136 ἐκτρέπεσθαι
1789 2055 1879 2114 διὰ
1916 2057 1979 2112 τὸ
2026 2057 2080 2120 ἐς
2127 2059 2218 2113 τὸν
2267 2057 2572 2132 ἆρχιθύτην
2623 2057 2976 2134 ἀμπλάκημα
3025 2061 3113 2117 καὶ
3163 2061 3225 2116 τὸ
3274 2060 3496 2118 ἐκείνων
3558 2061 3798 2129 ἐντεῦθεν

377 2149 914 2228 παγκαταγέλαστον,
945 2149 1092 2206 ἀλλᾶ
1123 2147 1189 2220 δὴ
1221 2150 1309 2204 καὶ
1341 2149 1402 2204 τὸ
1433 2151 1603 2204 θανεῖν
1635 2142 2060 2204 ὑποϐλέπεσθαι.
2095 2147 2200 2205 Καὶ
2225 2151 2393 2202 ταῦτα
2421 2148 2516 2219 μὲν
2548 2148 2700 2223 εἶχεν
2732 2146 2926 2212 οὕτως.

448 2243 770 2299 9.1uterim
798 2240 1166 2297 Andronicus
1188 2255 1322 2312 spes
1353 2240 1721 2312 principatus
1766 2238 1952 2294 elatus
1983 2247 2021 2296 e1

2210 2237 2272 2292 θ’.
2304 2237 2366 2294 Ὁ
2405 2233 2453 2290 δ’
2487 2235 2834 2314 Ἀνδρόνικος
2887 2243 2956 2313 τῇ
3013 2239 3189 2319 ἐφέσει
3245 2247 3346 2310 τῆς
3390 2243 3570 2318 ἀρχῆς
3597 2264 3796 2317 κουφι-

381 2332 571 2388 orebis
590 2331 904 2386 illustrium
921 2330 1177 2385 virorum
1193 2328 1408 2386 litteris
1449 2329 1850 2398 conﬁrmatus,
1880 2344 2028 2399 quas,

379 2426 446 2476 ut
469 2419 605 2491 dixi,
637 2436 706 2476 ex
757 2418 1079 2490 longinquo
1102 2419 1172 2473 ad
1201 2434 1333 2473 eum
1383 2417 1750 2486 advolabant,
1782 2415 2032 2488 denique

379 2511 560 2567 Maria
590 2525 824 2582 quoque
847 2506 990 2578 ﬁlia,
1026 2524 1151 2579 quas
1172 2506 1326 2562 haud
1379 2507 1450 2563 ab
1501 2507 1628 2579 ipso
1672 2506 1822 2562 817
1857 2505 2029 2578 dege-

377 2601 641 2666 nerabat,
673 2599 811 2670 fuga
837 2599 908 2653 ad
929 2613 1063 2653 eum
1096 2597 1296 2670 elapsa
1338 2601 1396 2653 et
1435 2595 1650 2652 diserte
1673 2611 1902 2652 omnem
1927 2612 2032 2668 pa-

371 2689 494 2746 latii
530 2693 746 2745 statum
794 2687 1100 2752 referente,
1163 2685 1442 2742 suavibus
1498 2685 1660 2742 illius
1725 2685 1916 2744 verbis
1971 2687 2032 2740 ut

377 2796 565 2852 equus
591 2793 796 2834 cursor
813 2777 1062 2848 ﬂagellis
1083 2775 1882 2848 concitatus,Paphlagonum
1898 2773 2030 2830 ﬁni-

378 2871 492 2928 bus
515 2867 733 2926 relictis
764 2866 931 2922 Ponti
987 2865 1328 2923 Heracleam
1377 2865 1791 2938 proﬁciscitur.
1841 2866 2030 2936 Atque

379 2960 513 3016 inde
539 2958 771 3030 longius
794 2972 1139 3029 progressus
1181 2955 1494 3028 multiplici
1553 2954 1891 3022 calliditate,
1923 2954 2028 3010 ob-

381 3064 554 3106 scuro
578 3045 808 3118 ingenio
831 3050 889 3100 et
915 3043 1238 3100 simulandi
1261 3043 1510 3100 artiﬁcio
1533 3042 1733 3100 obvios
1767 3057 2030 3114 quosque

377 3135 726 3209 praeparavit
755 3141 809 3189 et
839 3131 1185 3190 conciliavit.
1219 3131 1365 3188 Nam
1420 3131 1552 3204 quis
1599 3147 1669 3187 ex
1706 3131 1857 3186 dura
1887 3130 2028 3186 adeo

382 3241 526 3296 rupe
558 3227 731 3279 natus
755 3225 911 3278 esset
940 3225 999 3276 et
1028 3221 1202 3276 corde
1224 3221 1368 3276 adeo
1400 3221 1583 3277 ferreo
1633 3220 1932 3293 praeditus,
1964 3225 2030 3276 ut

379 3311 694 3370 Andronici
718 3309 993 3382 lacrymis
1014 3314 1071 3366 et
1097 3310 1404 3366 verborum
1429 3308 1741 3382 praestigiis
1764 3311 1940 3380 atque
1957 3308 2029 3364 il-

381 3401 652 3470 lecebris,
690 3415 817 3472 quze
841 3399 1224 3455 fontisinstar
1255 3399 1671 3466 exuberabant,
1707 3414 1820 3454 non
1837 3414 2026 3456 move-

381 3492 541 3544 retur
562 3487 589 3542 ?
619 3485 886 3542 Jactabat
915 3484 1071 3540 enim
1107 3485 1336 3542 honesti
1363 3487 1648 3553 studium,
1680 3490 1738 3542 et
1777 3486 2029 3559 impera-

2140 2325 2392 2399 ζόμενος,
2458 2326 2548 2382 καὶ
2611 2333 2728 2390 τοῖς
2806 2327 3144 2386 ἐπιστολίοις
3221 2330 3593 2406 πτερούμενος
3660 2334 3795 2409 ἅπερ

2141 2415 2291 2486 αύτῷ
2333 2414 2594 2490 συχνόίκις
2647 2416 2994 2474 ἐπεποτῶντο
3054 2414 3512 2494 τηλεόολούμενα
3543 2421 3595 2494 ἐξ
3625 2421 3791 2478 οἴκων

2139 2503 2434 2581 λαμπρῶν,
2462 2507 2536 2567 ὡς
2580 2504 2688 2579 ἤδη
2741 2505 2930 2582 έρῥέθη
2996 2531 3115 2584 μοι,
3175 2509 3340 2576 τέλος
3370 2512 3462 2569 καὶ
3495 2513 3661 2586 αὐτὴν
3695 2519 3798 2587 τὴν

2139 2595 2405 2671 θυγατέρα
2463 2595 2673 2670 Μαρίαν
2733 2593 3026 2671 δραπέτιδα
3083 2601 3218 2676 πρὸς
3265 2600 3426 2656 αὐτὸν
3471 2603 3798 2681 ἀφιγμένην,

2139 2681 2255 2737 ἐπεὶ
2311 2682 2401 2737 καὶ
2456 2683 2709 2741 τοιούτου
2764 2687 2970 2760 πατρὸς
3028 2683 3222 2764 εὔχετο
3264 2690 3428 2761 εἶναι,
3461 2688 3798 2752 διδάσκαλον

2139 2772 2566 2850 ἆπαρᾶγραπτον
2629 2778 2737 2829 τῶν
2800 2777 2940 2831 κατά
3012 2777 3207 2854 ἀρχεῖα
3281 2780 3627 2856 τελουμένων
3696 2787 3800 2858 ηὗ-

2135 2860 2368 2936 τύχησε,
2398 2863 2488 2916 καὶ
2542 2864 2880 2936 μυωπισθεῖς
2929 2867 3019 2928 οἷς
3064 2869 3192 2944 παρ’
3240 2869 3410 2940 αὐτῆς
3439 2873 3674 2944 ἠκηκόει
3706 2886 3798 2941 θυ-

2143 2951 2338 3024 μήρεσι
2369 2950 2608 3028 ῥήμασιν
2659 2953 2734 3016 ὡς
2777 2951 2952 3020 ἵππος
3007 2954 3350 3028 σταδιευτής,
3407 2961 3476 3016 τὰ
3539 2964 3637 3036 μὲν
3692 2969 3798 3022 τῶν

2141 3037 2520 3117 Παφλαγόνων
2572 3042 2822 3114 μεθίησιν
2857 3042 3000 3118 ὅρια,
3053 3045 3131 3110 εἰς
3181 3045 3238 3102 δὲ
3275 3048 3375 3118 τὴν
3423 3050 3560 3109 κατά
3591 3053 3796 3111 Πόντον

2137 3125 2462 3200 Ἡράκλειαν
2531 3128 2908 3206 παραγίνεται,
2975 3131 3216 3191 κάκεῖθεν
3285 3138 3614 3216 προσωτέρω
3671 3163 3795 3220 χω-

2142 3221 2244 3291 ρεῖ,
2273 3219 2342 3291 τῇ
2373 3216 2710 3292 πολυτρόπῳ
2746 3217 3001 3295 μεθοδείᾳ
3047 3223 3138 3278 καὶ
3187 3229 3268 3298 τῷ
3315 3231 3408 3283 τοῦ
3448 3225 3614 3296 ἤθους
3648 3216 3786 3284 ὑπο-

2137 3305 2440 3380 καθειμένῳ
2487 3307 2578 3362 καὶ
2623 3311 2702 3380 τῷ
2755 3312 3130 3388 σεσοφισμένῳ
3177 3317 3477 3392 φρονήματι
3505 3314 3784 3389 ἐξομιλῶν

2138 3395 2268 3458 τοὺς
2321 3396 2373 3452 ἐν
2429 3397 2557 3452 ποσὶ
2597 3398 2796 3461 πάντας
2844 3401 2934 3455 καὶ
2984 3400 3378 3478 οἰκειούμενος.
3407 3406 3558 3462 Ἐπεὶ
3586 3407 3679 3462 καὶ
3707 3408 3793 3472 τίς

2138 3483 2200 3541 ἐκ
2243 3482 2441 3562 πέτρας
2500 3487 2804 3562 ἀγελάστου
2863 3490 3037 3553 οὓτως
3094 3495 3160 3562 ἦν
3220 3495 3430 3570 προϊὼν
3486 3497 3521 3567 ἢ
3571 3495 3796 3572 καρδίαν

381 3576 528 3634 toris
559 3575 884 3632 libertatem
919 3589 1070 3631 curae
1102 3573 1214 3630 sibi
1246 3589 1370 3630 esse
1423 3575 1818 3646 proﬁtebatur.
1851 3574 2021 3631 ϐίοιο-

381 3683 502 3688 _--_
540 3681 641 3688 η--
676 3664 1114 3688 __-.__-..-_..--
1148 3663 1222 3688 ε.-
1277 3662 1610 3688 --φημι
1682 3680 2010 3688 _--___---_

2141 3572 2385 3688 σιδηρέιμ
2437 3575 2763 3688 χαλκευθεὶς
2816 3577 3033 3654 ἄκμονι,
3089 3583 3166 3646 ὡς
3224 3582 3486 3661 ἄτεγκτος
3516 3586 3798 3652 εἶναιτοῖς

2634 3667 2827 3688 γι..
3085 3672 3100 3688 ι
3201 3677 3228 3688 η.
3327 3675 3342 3688 -
3436 3673 3494 3688 κ.
3597 3681 3623 3688 -
3709 3676 3722 3688 -

375 3683 508 3724 rum
539 3681 643 3722 nec
675 3664 1116 3738 protosebastus
1148 3663 1229 3720 ita
1277 3662 1633 3737 negligebat,
1679 3680 2015 3737 quanquam

372 3755 547 3813 homo
569 3755 956 3825 eﬁeminatus,
991 3753 1092 3826 qui
1149 3770 1265 3810 non
1308 3770 1575 3810 auroram
1607 3757 1835 3810 tantum
1867 3762 2013 3812 ster-

371 3846 547 3902 tendo
577 3843 1088 3913 consumebat,sed
1111 3859 1384 3916 magnam
1409 3843 1522 3901 diei
1545 3861 1776 3918 quoque
1789 3848 2015 3916 partem

371 3951 577 3993 somno
609 3933 905 3990 tribuebat
938 3958 952 4002 ;
985 3937 1042 3988 et
1073 3949 1144 3989 ne
1165 3933 1345 4004 jubar
1373 3933 1539 4001 solis,
1584 3935 1717 3990 aliis
1764 3934 2012 4007 Optatis-

370 4024 606 4093 simum,
635 4023 815 4079 radiis
846 4021 1042 4078 oculos
1073 4021 1124 4078 ei
1155 4022 1427 4094 aperiret,
1459 4023 1602 4079 velis
1643 4023 2014 4080 densioribus

369 4112 704 4170 cubiculum
735 4112 1088 4168 obscurabat
1115 4129 1128 4180 ;
1161 4127 1284 4181 quae
1317 4128 1410 4168 res
1466 4128 1532 4168 eo
1574 4129 1809 4185 quoque
1839 4118 2013 4184 perti-

373 4200 548 4255 nebat
577 4198 726 4254 utin
761 4197 1014 4253 tenebris
1074 4197 1457 4257 dolitesceret.
1519 4200 1682 4263 Quod
1741 4197 1790 4255 si
1823 4198 2015 4254 verius

371 4286 675 4344 dicendum
701 4290 808 4353 est,
852 4302 1027 4358 opera
1084 4290 1351 4344 nocturni
1411 4286 1586 4344 luxus
1644 4287 1871 4344 facibus
1927 4304 2018 4345 ac-

370 4375 562 4434 censis
576 4375 1138 4448 peragebat,factitio
1161 4376 1383 4434 lumine
1405 4377 1690 4434 discussis
1736 4377 2012 4434 tenebris.

371 4467 505 4524 Sole
533 4483 666 4524 vero
696 4467 757 4522 in
798 4471 1064 4523 nostrum
1119 4466 1594 4539 hemisphmrium
1645 4467 2012 4537 ascendente,

369 4573 530 4614 more
559 4556 815 4614 ferarum
874 4556 1066 4612 cubile
1117 4559 1342 4628 petens,
1402 4556 1556 4612 818
1609 4557 1900 4628 tapetibus
1958 4561 2014 4612 et

367 4647 552 4721 peplis
571 4649 764 4706 lumen
787 4647 1154 4704 excludebat.
1179 4645 1430 4701 Proinde
1447 4661 1580 4702 cum
1604 4650 2013 4719 putrescentes

366 4737 570 4794 dentes
600 4739 978 4810 abstergeret,
1011 4739 1070 4793 et
1099 4735 1198 4808 qui
1243 4735 1316 4790 ob
1373 4737 1598 4792 aetatem
1657 4736 2010 4806 exciderant,

365 4826 650 4898 picatione
673 4825 949 4898 expleret,
985 4825 1180 4882 mollis
1246 4823 1424 4881 homo
1481 4828 1538 4882 et
1596 4825 1838 4898 ignavus
1888 4825 2012 4899 plu-

365 4913 548 4969 rimos
577 4915 730 4968 viros
753 4913 977 4969 nobiles
1001 4930 1151 4970 nova
1206 4914 1320 4970 sibi
1380 4913 1610 4970 ratione
1657 4915 2008 4983 conciliavit,

2137 3662 2486 3754 Ἀνδρονίκου
2518 3663 2970 3743 δακρυῤῥοήμασι
3011 3672 3101 3726 καὶ
3162 3677 3231 3748 τῇ
3289 3673 3529 3748 αὶμυλίᾳ
3557 3681 3664 3731 τῶν
3695 3676 3793 3754 ῥη-

2135 3753 2319 3827 μάτων
2369 3755 2619 3812 ὁπωσοῦν
2668 3757 3021 3832 ἀγοήτευτος,
3071 3759 3208 3838 ἃπερ
3258 3764 3395 3818 κατὰ
3443 3767 3653 3840 κρήνην
3699 3753 3794 3840 με·

2130 3841 2397 3932 λάνυδρον
2429 3838 2553 3920 ἔχεε
2581 3846 2671 3901 καὶ
2700 3849 2786 3909 οἷς
2815 3848 3115 3920 ἀπατηλῶς
3161 3871 3220 3908 τε
3259 3853 3372 3926 ἅμα
3423 3838 3514 3908 καὶ
3544 3838 3792 3932 ἐφολκῶς

2129 3931 2542 4007 ἐστωμύλλετο,
2575 3936 2667 3990 τὸν
2730 3937 2861 4014 ὑπὲρ
2901 3943 3000 3994 τοῦ
3055 3941 3230 3996 καλοῦ
3289 3943 3462 4014 ζῆλον
3495 3931 3790 4022 προφέρων

2127 4022 2216 4111 καί
2243 4109 2250 4111 λ
2276 4024 2403 4111 τήν⁸
2438 4028 2536 4080 τοῦ
2591 4030 2920 4100 κρατοῦντος
2969 4027 3278 4108 ἐλευθερίαν
3313 4032 3787 4111 ὑποκρινόμενοςς

2125 4109 2290 4166 Ἀλλ’
2315 4108 2432 4168 οὐδ’
2465 4113 2493 4168 ὁ
2525 4111 2980 4188 πρωτοσεϐαστὸς
3027 4117 3116 4174 ἐπὶ
3163 4121 3386 4185 τούτοις
3417 4108 3621 4198 ἠμέλει
3651 4146 3788 4181 παν-

2124 4201 2377 4274 τάπασιν,
2453 4203 2630 4258 καίτοι
2709 4202 3006 4282 γυνανδρος
3067 4207 3166 4280 ὤν,
3213 4209 3304 4265 καὶ
3366 4213 3441 4284 μὴ
3487 4215 3650 4286 μόνον
3681 4217 3787 4286 τὴν

2123 4285 2198 4344 ἕω
2255 4288 2333 4352 εἷς
2389 4291 2452 4346 τὸ
2509 4293 2767 4367 νήγρετον
2817 4294 3115 4352 ύπνώττειν
3173 4285 3606 4372 καταναλίσκων,
3639 4285 3792 4360 ἀλλὰ

2123 4376 2213 4432 καὶ
2258 4376 2402 4434 πολὺ
2450 4387 2552 4450 τῆς
2620 4381 2832 4456 ἡμέρας
2897 4385 3036 4460 πρὸς
3100 4391 3262 4443 τοῦτο
3329 4387 3664 4463 ἐκδαπανῶν,
3695 4393 3790 4448 καὶ

2119 4464 2214 4560 *ἶνα
2247 4468 2323 4560 μὴ
2355 4467 2418 4560 τὸ
2463 4465 2874 4560 ἂσπασιώτατον
2919 4479 3038 4536 τοῖς
3083 4473 3278 4541 ἄλλοις
3309 4477 3476 4548 ἡλίου
3508 4480 3786 4560 βλέφαρον

2124 4556 2220 4618 τὰς
2273 4555 2480 4612 ἐκείνου
2525 4559 2692 4633 κόρας
2772 4559 3042 4638 ύπανοίγῃ
3122 4561 3467 4646 διαφωτίζον,
3512 4555 3792 4645 παραπε-

2121 4645 2359 4734 τάσμασι
2417 4647 2836 4725 στεγανωτέροις
2885 4648 3127 4729 ἐκζοφῶν
3177 4645 3240 4710 τὸ
3292 4654 3575 4731 δωμάτιον
3632 4657 3686 4714 ἐν
3735 4661 3789 4734 ᾧ

2122 4733 2393 4809 ἐκάθευδε,
2424 4737 2514 4793 καὶ
2575 4739 2694 4804 καθ’
2743 4734 2928 4816 ἕτερον
2983 4763 3036 4798 τι
3095 4745 3496 4820 σημαινόμενον
3535 4733 3790 4809 ἀποκουὲ

2123 4820 2225 4894 δὴν
2280 4826 2474 4882 ἑαυτοῦ
2527 4828 2590 4882 τὸ
2648 4828 2840 4890 σκότος
2891 4831 3192 4907 τιθέμενος.
3238 4835 3308 4894 Εἴ
3355 4833 3411 4893 δὲ
3463 4835 3546 4894 δεῖ
3574 4839 3788 4911 ἀληθέ-

2122 4935 2308 4988 στερον
2359 4914 2548 4988 εἷπεῖν,
2602 4915 2669 4972 τὰ
2731 4918 2826 4991 μὲν
2901 4922 3092 4985 νυκτὸς
3168 4919 3302 5000 ἔργα
3356 4928 3574 5006 τρυφῶν
3633 4930 3785 4998 φωτὶ

366 5001 737 5090 imperatoris
769 5008 956 5090 matre
994 5003 1340 5076 plerumque
1399 5006 1851 5078 propugnatrice
1907 5009 2010 5062 aut

2132 5009 2335 5076 ποιητῷ
2391 5006 2455 5060 τὸ
2511 5005 2767 5090 νύκτερον
2824 5004 3007 5065 διέλυε
3067 4993 3320 5090 ζόφωμα,
3379 4993 3546 5086 ἦλίου
3603 4993 3659 5073 δέ
3686 5017 3786 5074 τδν

367 5089 566 5163 potius
625 5089 1018 5146 conciliatrice
1071 5091 1448 5164 insuperabili
1506 5095 1723 5150 utendo
1785 5120 1800 5164 ;
1887 5110 2010 5166 quae

369 5177 680 5250 splendore
701 5178 1060 5250 etelegantia
1087 5179 1304 5249 vultus,
1323 5181 1720 5254 aequabilitate
1760 5199 2012 5254 morum,

365 5267 544 5322 animi
579 5267 828 5325 candore
861 5270 917 5320 et
945 5268 1228 5324 suavitate
1258 5270 1566 5326 verborum
1625 5270 1802 5327 veluti
1853 5271 2010 5327 funi-

367 5354 498 5411 culo
520 5355 844 5411 attrahebat
875 5372 1097 5412 omnes.
1131 5356 1480 5432 Plerumque
1509 5364 1703 5416 tamen
1764 5360 2012 5434 pecunia

365 5444 612 5518 placavit
641 5448 695 5500 et
727 5445 1129 5502 muniﬁcentia
1157 5446 1425 5505 delinivit
1481 5465 1601 5518 eos,
1634 5448 1734 5522 qui
1794 5466 1856 5506 se
1905 5467 2010 5524 po-

364 5534 636 5590 steriores
663 5534 811 5591 ferre
841 5535 1064 5608 iniquis
1096 5535 1310 5594 animis
1369 5538 1760 5611 patiebantur.
1803 5541 2008 5613 itaque

2122 5093 2256 5165 ἒῷον
2291 5092 2540 5170 ὁρίζοντα
2570 5089 2946 5160 ἀναϐαίνοντος
2995 5089 3151 5156 κατᾶγ
3177 5103 3243 5158 τὰ
3271 5103 3436 5180 θηρία
3465 5107 3556 5162 τὸν
3589 5112 3777 5163 κοῖτον

2129 5180 2481 5256 μεταδιώκων
2535 5182 2739 5256 τάπησι
2781 5187 2872 5240 καὶ
2924 5187 3160 5254 πέπλοις
3189 5193 3251 5247 τὸ
3281 5197 3396 5273 φῶς
3429 5195 3775 5274 ἀντέφραττε.

2124 5274 2320 5330 Τοίνυν
2375 5275 2464 5328 καὶ
2523 5277 2760 5350 σμήχων
2810 5277 2939 5340 τοὺς
2997 5286 3338 5356 σαπριῶντας
3368 5289 3477 5340 τῶν
3533 5283 3773 5343 ὀδόντων

2120 5361 2212 5417 καὶ
2240 5365 2693 5438 καταπιττώμασι
2725 5363 3058 5444 ἀναπληρῶν
3107 5369 3236 5434 τοὺς
3285 5373 3386 5428 ὑπὸ
3434 5374 3643 5449 χρόνου
3686 5374 3777 5432 ἐκ·

2117 5451 2498 5528 κρουσθέντας,
2558 5450 2860 5530 θηλυδρίας
2916 5477 2974 5512 τε
3017 5455 3093 5513 ὢν
3155 5461 3245 5516 καὶ
3299 5461 3616 5540 ὑπόνωθρος
3644 5466 3777 5530 τοὺς

2117 5540 2408 5610 πλείστους
2465 5548 2572 5601 τῶν
2631 5549 2930 5616 τηνικαῦτα
3011 5550 3247 5627 εὐγενῶν
3302 5552 3512 5630 ἀνδρῶν
3578 5557 3776 5612 ἑαυτοῦ

361 5623 560 5680 nullus
593 5625 878 5683 Adronico
937 5626 1209 5683 resistere
1259 5629 1467 5697 jussus
1526 5644 1560 5683 a
1607 5630 2004 5701 protosebasto

2132 5637 2489 5709 ιαινοπρεπῶς
2569 5633 2922 5712 ἐξηρτήσατο,
2983 5641 3274 5714 χρώμενος
3333 5644 3426 5717 μὲν
3479 5646 3569 5700 καὶ
3627 5665 3773 5720 προ-

360 5717 430 5774 ad
460 5731 594 5774 eum
625 5715 857 5790 defecit,
882 5715 1006 5790 jam
1050 5715 1210 5775 haud
1267 5718 1513 5776 obscure
1565 5734 1809 5789 regnum
1862 5719 2000 5775 οσο-

2112 5720 2422 5796 τειχίσματι
2486 5724 2521 5795 ἢ
2579 5721 2803 5794 ἀληθῶς
2861 5725 3028 5783 εἰπεῖν
3087 5727 3410 5810 μειλίγματι
3459 5733 3668 5814 ἀμάχῳ
3697 5737 3772 5810 τῇ
