4126 6294
304 410 425 471 59"!

1476 410 1819 474 ALEXIUS
1860 411 2283 475 MANUELIS
2329 411 2619 475 FILIUS.

3608 413 3727 475 598

303 545 409 598 τοῦ
444 538 715 617 βασιλέως
760 539 932 615 μητρὶ
992 539 1150 616 (αὕτη
1204 542 1309 618 γὰρ
1359 545 1440 616 τῷ
1491 549 1594 613 τῆς
1652 542 1772 607 θέας
1810 542 1957 618 λαμ-

2082 549 2338 604 ctantsm
2368 570 2383 617 ;
2416 563 2607 621 neque
2635 562 2885 621 persona
2915 548 3034 620 illa,
3067 564 3183 621 qua
3206 563 3268 605 se
3298 546 3349 605 is
3405 546 3635 607 velabat
3662 559 3729 612 ut

311 651 442 707 πρῳ
470 630 560 686 καὶ
588 634 666 702 τῷ
695 635 793 699 τῆς
824 626 1001 704 ὅψεως
1037 629 1381 706 μαργαρώδει
1429 632 1521 688 καὶ
1558 636 1640 705 τῷ
1668 637 1766 689 τοῦ
1795 635 1964 704 ἤθους

318 718 516 794 δμαλῷ
563 718 649 773 καὶ
698 724 778 791 τῷ
834 724 932 774 τοῦ
982 723 1333 797 φρονήματος
1378 720 1724 796 ἀσυμπλόκῳ
1767 721 1856 777 καὶ
1886 726 1964 795 τῷ

322 807 586 885 ἐπαγωγῷ
636 810 734 862 τοῦ
782 809 866 880 [Ρ.
904 812 1027 879 159]
1079 809 1385 885 φθέγματος
1437 810 1512 872 ὡς
1556 810 1663 865 ἀπὸ
1697 808 1963 886 μηρίνθου

316 898 512 957 πάντας
559 893 887 974 ἐφείλκετο),
934 897 1004 952 τὰ
1047 896 1279 954 πλεῖστα
1331 900 1513 971 μέντοι
1569 903 1685 961 τοῖς
1732 900 1963 975 χρήμα-

312 1006 391 1042 σιν
444 984 793 1061 ὑπαγόμενος
859 986 950 1041 καὶ
1029 991 1098 1061 τῇ
1189 984 1502 1063 φιλοδωρίᾳ
1554 986 1960 1061 κατακοιμίζων

302 1080 429 1141 τοὺς
466 1078 519 1133 ἐν
573 1076 734 1151 δεινῷ
764 1101 818 1134 τι
844 1080 1104 1153 θεμένους
1135 1078 1337 1136 ἐκείνου
1367 1082 1542 1158 φέρειν
1599 1081 1666 1136 τὰ
1720 1078 1959 1156 δεύτερα.

301 1169 459 1227 Ὀθεν
522 1166 706 1233 οὐδεὶς
759 1173 866 1224 τῶν
930 1168 1332 1245 ἐπιταχθέντων
1395 1171 1772 1244 ἀντιτάξασθαι
1839 1172 1958 1226 ’Λν-

304 1255 540 1333 δρονίκῳ
585 1258 726 1332 πρὸς
780 1255 1126 1333 ’Δνδρόνικον
1178 1259 1500 1332 μετετάξατο
1547 1260 1642 1316 τὸν
1673 1257 1782 1330 ἤδη
1816 1259 1956 1334 λαμο

301 1353 458 1423 πρῶς
535 1353 638 1417 τῆς
710 1345 1022 1424 τυραννίδος
1092 1349 1426 1422 ἀπτόμενον,
1501 1348 1814 1411 ἀποπτύσας
1870 1349 1961 1404 τὸν

301 1432 759 1511 πρωτοσεϐαστὸν
816 1437 906 1492 καὶ
957 1441 1038 1511 τῷ
1094 1437 1427 1512 προσωπείῳ
1479 1443 1577 1495 τοῦ
1637 1436 1959 1513 μισοτυράν-

299 1547 400 1583 νου
471 1523 826 1602 Ἀνδρονίκου
902 1523 1230 1593 δελεασθείς.
1287 1531 1356 1584 ‘H
1411 1548 1470 1583 τι
1522 1528 1613 1583 οὗν
1678 1538 1961 1602 προκαθη-

309 1610 441 1689 μὲνη
517 1621 626 1671 τῶν
700 1620 948 1681 Βιθυνῶν
1023 1616 1250 1691 μεγίστη
1305 1614 1468 1678 πόλις
1526 1619 1561 1687 ὴ
1619 1617 1819 1675 Νίκαια
1844 1614 1960 1672 οὐδ’

304 1705 453 1767 ὅλως
506 1702 842 1780 ’Λνδρονίκῳ
892 1704 1209 1780 προσέθετο,
1240 1706 1330 1761 καὶ
1361 1707 1389 1760 ὁ
1418 1706 1516 1774 τὴν
1564 1707 1765 1777 ταύτης
1794 1707 1959 1779 ἐμπι-

304 1793 542 1856 στευθεῖς
591 1792 840 1873 φυλακήν
902 1792 1159 1866 Ἰωάννης
1213 1796 1242 1850 ὁ
1295 1795 1501 1858 Δούκας
1529 1802 1646 1859 τοῖς
1675 1793 1959 1871 ’Δνδρονίο

300 1904 402 1939 κου
478 1884 769 1959 γράμμασι
867 1884 1165 1957 μεμένηκεν
1259 1883 1675 1962 ἀστυφέλικτος,
1764 1885 1957 1961 καίπερ

301 1975 399 2037 τὰς
428 1973 654 2049 γνώμας
701 1970 1038 2043 πλήττουσιν
1097 1971 1406 2029 ἑλεπόλεων
1457 1970 1836 2049 ἀκριϐέστερον
1866 1974 1957 2031 καὶ

301 2064 707 2142 τειχομαχείου
758 2061 1067 2135 ξύμπαντος
1138 2062 1512 2139 ἰσχυρότερον.
1566 2063 1742 2122 Ἀλλά
1797 2065 1957 2120 καὶὸ

304 2151 471 2227 μέγας
525 2149 851 2226 δομέστικος
898 2150 1149 2222 Ἰωάννης
1209 2154 1238 2207 ὁ
1297 2153 1585 2226 Κομνηνὸς
1635 2154 1735 2222 τὴν
1793 2152 1960 2227 ἐπαρ-

299 2241 428 2320 χίαν
462 2238 667 2296 διέπων
696 2246 806 2296 τῶν
849 2241 1174 2315 Θρᾳκησίων
1236 2240 1299 2297 οὐ
1363 2241 1530 2315 μόνον
1562 2237 1685 2299 ἔϐυε
1727 2244 1797 2299 τὰ
1846 2244 1959 2299 ὦτα

299 2332 434 2406 πρὸς
475 2330 542 2386 τὰ
592 2334 691 2387 τοῦ
730 2327 1082 2404 Ἀνδρονίκου
1130 2329 1434 2404 ἐπάσματα,
1467 2329 1613 2387 ἀλλὰ
1638 2331 1729 2387 καὶ
1761 2332 1835 2394 ὡς
1859 2331 1959 2387 τύ-

301 2440 485 2494 ραννον
546 2416 895 2489 διετώθαζεν,
953 2421 1043 2474 οἷα
1098 2421 1392 2495 κατόπτρῳ
1456 2425 1573 2482 τοῖς
1639 2419 1960 2495 λεγομένοις

301 2508 668 2585 προσκύπτων
728 2507 864 2581 λείῳ
921 2508 1013 2564 καὶ
1070 2504 1481 2581 ἂποστίλϐοντι,
1536 2509 1624 2564 καὶ
1677 2507 1955 2589 διαφαινό-

307 2619 463 2673 μενον
500 2597 551 2654 ἐν
581 2599 805 2660 τούτοις
862 2598 1004 2671 ὁρῶν
1061 2597 1153 2654 τὸν
1211 2597 1569 2674 πολύμορφον
1610 2600 1837 2673 Ηρωτέα
1865 2598 1956 2653 καὶ

304 2688 623 2762 τυραννικὸν
682 2689 777 2743 τὸν
839 2686 1040 2761 τρόπον
1106 2685 1481 2761 ’Δνδρόνικον.
1550 2689 1702 2745 Ἐπεὶ
1771 2686 1827 2743 δὲ
1884 2692 1953 2762 τῇ

304 2780 518 2853 Ταρσίᾳ
554 2779 582 2832 ὁ
611 2775 959 2852 Ἀνδρόνικος
992 2780 1186 2855 ἤγγιζε
1234 2779 1324 2833 καὶ
1370 2783 1481 2835 τῶν
1541 2777 1665 2854 περί
1719 2780 1818 2848 τὴν
1856 2782 1957 2837 Νι-

305 2864 593 2937 κομήδους
665 2866 826 2922 πόλιν
884 2869 936 2922 οἱ
992 2866 1242 2930 πλείονες
1316 2866 1464 2941 αύτῷ
1537 2868 1953 2943 προσεχώρουν,

309 2951 592 3010 στέλλεται
632 2957 751 3011 κατ’
793 2955 954 3011 αὐτοῦ
1006 2957 1142 3030 μετὰ
1194 2954 1474 3031 δυνάμεως
1516 2958 1705 3026 ἱκανῆς
1736 2955 1958 3034 Ἀνδρό-

304 3063 454 3105 νικος
485 3044 513 3098 ὁ
544 3045 826 3120 Ἄγγελος,
886 3047 1053 3119 οὗπερ
1122 3047 1176 3101 οἱ
1231 3047 1367 3108 υἱεῖς
1416 3045 1469 3109 ἐς
1514 3045 1734 3123 ὕστερον
1779 3048 1956 3104 ’[σαά-

297 3132 420 3195 κιός
452 3152 507 3188 τε
558 3133 647 3188 καὶ
707 3132 951 3208 Ἀλέξιος
1010 3136 1124 3208 μετ’
1178 3132 1522 3211 Ἀνδρόνικον
1554 3130 1824 3207 ἐπέϐησαν
1852 3143 1953 3207 τῆς

293 3221 503 3300 ἀρχῆς.
548 3223 611 3280 Ὀ
665 3220 724 3279 δέ
769 3225 896 3299 περὶ
950 3225 1042 3280 τὸν
1103 3224 1334 3300 Χάρακα
1359 3227 1423 3281 τὸ
1455 3227 1663 3301 χωρίον
1703 3224 1951 3300 πόλεμον

297 3286 670 3386 συγκροτήσας
735 3286 963 3383 ἡττίῖτται
1034 3286 1325 3388 λαμπρῶς,
1373 3286 1565 3389 καίπερ
1615 3313 1716 3370 οὐκ
1763 3286 1953 3371 ἰσοπα-
1984 3286 2028 3354 c

297 3400 385 3461 λεῖ
435 3404 777 3478 συμπλακεὶς
832 3410 1055 3479 στρατιᾷ
1109 3406 1144 3475 ἢ
1200 3406 1294 3460 τὸν
1350 3406 1747 3481 ἀνταγωνιστὴν
1780 3405 1951 3479 εύρὼν

300 3494 625 3571 ἀξιόμαχον,
686 3494 814 3552 αλλ’
875 3494 1107 3570 ἐκτομίᾳ
1179 3494 1284 3551 τινὶ
1360 3494 1631 3569 συμμίξας
1699 3493 1955 3571 ἀχρείους

303 3584 805 3662 στρατολογήσαντι
872 3584 1148 3663 γεωργοὺς
1216 3585 1305 3640 καὶ
1386 3591 1580 3659 μοῖραν
1657 3604 1955 3659 συνεπαγο-

312 3673 458 3747 μένῳ
505 3673 878 3749 Παφλαγόνων
925 3678 1291 3749 στρατιωτῶν.
1342 3673 1438 3739 Εἰς
1483 3676 1585 3744 τήν
1633 3673 1798 3729 πόλιν
1838 3672 1957 3729 τοί-

306 3784 399 3818 νυν
429 3762 579 3826 εὖθὺς
641 3763 778 3837 μετὰ
832 3765 931 3834 τήν
983 3764 1150 3834 ἧτταν
1202 3763 1381 3818 εἰσιὼν
1432 3760 1646 3825 ἀκλεῶς
1689 3762 1955 3837 ἀπῃτεῖτο

306 3856 622 3911 καταθέσθαι
668 3854 737 3910 τὰ
795 3856 1077 3929 χρήματα,
1133 3856 1232 3909 δσα
1290 3855 1342 3909 οἱ
1398 3853 1534 3929 πρὸς
1562 3854 1656 3916 τὰς
1686 3853 1823 3909 κατὰ
1852 3855 1954 3909 πό-

302 3941 474 4016 λεμον
540 3941 772 4005 δαπάνας
848 3938 1202 4019 βεϐράϐευτο.
1266 3946 1326 4000 Ὁ
1391 3938 1448 3998 δὲ
1525 3942 1954 4018 βασανιζομένην

303 4033 448 4106 ὁρῶν
506 4033 606 4101 τήν
668 4031 834 4087 αὐτοῦ
871 4030 1221 4106 κατάσχεσιν,
1279 4031 1364 4087 ὅτι
1421 4029 1578 4107 φίλια
1633 4036 1848 4109 φρονῶν
1878 4034 1959 4103 τῷ

302 4119 640 4196 ’Δνδρονίκῷ
703 4122 772 4176 τὰ
854 4121 1149 4197 πράγματα
1211 4121 1478 4196 χειρόνως
1551 4117 1758 4184 διέθετο
1823 4122 1956 4195 ἅπερ

304 4209 617 4285 εὖμαρίσειν
676 4209 1003 4280 ἀπέσταλτο,
1063 4209 1395 4287 ἐναγόμενος
1450 4209 1598 4285 παρὰ
1649 4215 1759 4265 τῶν
1800 4210 1959 4266 υἱέων

303 4290 356 4372 ἕξ
413 4296 585 4356 ὄντων
641 4300 733 4355 καὶ
807 4300 1026 4355 πάντων
1095 4297 1412 4373 ὁπλοτέρων
1470 4300 1566 4361 τὰς
1616 4298 1812 4378 φρένας
1868 4300 1959 4354 καὶ

300 4389 439 4445 κατᾶ
484 4394 647 4465 χεῖρα
703 4387 986 4464 γενναίων,
1045 4383 1342 4445 ἐπεϐάλετό
1398 4387 1492 4462 μὲν
1522 4388 1614 4443 τὸν
1644 4386 1842 4442 οἰκεῖον
1876 4388 1959 4443 οἶ-

299 4500 394 4535 κον
465 4476 836 4555 διακρατύνειν
890 4477 981 4533 καὶ
1047 4479 1460 4547 κατασκευάζειν
1534 4474 1955 4551 ἐπιτειχίσματα

2074 636 2302 694 hostem
2333 638 2685 710 tyrannidis,
2717 643 2806 695 est
2834 639 3132 710 deceptus.
3165 638 3356 694 Nicaea
3383 639 3539 694 enim
3569 639 3725 711 prin-

2075 740 2209 797 ceps
2240 741 2307 781 ac
2338 726 2592 783 maxima
2640 727 2920 799 Bithynia:
2981 726 3117 783 urbs
3175 727 3346 800 plane
3398 722 3725 800 repudiavit

2072 814 2469 872 Andronicum
2504 834 2519 886 ;
2551 833 2658 873 nec
2696 818 2825 888 ejus
2883 816 3046 873 urbis
3103 817 3410 889 praefectus
3470 818 3721 875 Joannes

2074 903 2266 961 Ducas
2294 904 2508 963 litteris
2538 905 2698 963 illius
2728 922 2792 962 se
2821 907 2893 963 de
2922 907 3106 979 gradu
3136 906 3307 977 dejici
3359 923 3568 978 passus
3610 912 3717 980 est,

2073 992 2211 1050 licet
2239 995 2433 1052 acrius
2465 995 2811 1052 ferientibus
2852 1013 3030 1067 quam
3091 995 3304 1052 mmnia
3351 994 3457 1052 ulli
3510 998 3719 1054 arietes

2075 1083 2270 1140 aliave
2326 1085 2632 1142 machinae.
2694 1089 2978 1142 Prmterea
3041 1101 3291 1158 magnus
3360 1086 3720 1143 domesticus

2069 1175 2330 1232 Joannes
2360 1174 2714 1243 Comnenus,
2745 1175 3005 1231 Thracias
3036 1175 3359 1248 praefectas,
3379 1192 3494 1231 non
3526 1175 3720 1232 solum

2072 1280 2243 1320 aures
2273 1267 2473 1320 contra
2505 1264 2823 1320 Andronici
2881 1266 3034 1320 811)
3095 1265 3360 1321 carmina
3406 1265 3718 1337 obturavit,

2071 1368 2273 1409 verum
2296 1352 2472 1408 etiam
2497 1358 2562 1408 ut
2580 1361 2893 1423 tyrannum
2916 1354 3241 1409 insectatus
3279 1356 3390 1421 est,
3421 1361 3719 1426 perspecto

2070 1441 2133 1497 in
2172 1442 2301 1513 eius
2328 1441 2538 1498 litteris
2565 1441 2917 1498 multiformi
2951 1443 3179 1511 Proteo,
3239 1442 3545 1514 tyrannico
3599 1446 3718 1499 An-

2073 1530 2297 1586 dronici
2326 1530 2562 1602 ingenio
2592 1529 2746 1586 velut
2775 1530 2837 1586 in
2894 1532 3049 1587 claro
3108 1531 3347 1603 speculo
3405 1531 3715 1588 relucente.

2074 1621 2180 1685 QUI
2209 1634 2342 1674 cum
2364 1619 2584 1674 Tarsite
2603 1619 3095 1690 appropinquaret
3107 1623 3162 1673 et
3182 1619 3718 1676 Nicomediensium

2074 1707 2392 1764 maximam
2424 1711 2647 1777 partem
2679 1706 2791 1763 sibi
2823 1707 3715 1777 adjunxisset,AndronicusAn-

2073 1795 2261 1868 gelus,
2287 1796 2457 1867 cujus
2487 1794 2591 1850 filii
2640 1794 2895 1852 Isaacius
2961 1799 3016 1851 et
3070 1795 3306 1852 Alexius
3337 1801 3470 1867 post
3498 1797 3573 1852 ad
3601 1797 3716 1852 im-

2073 1888 2219 1961 perii
2277 1887 2576 1961 fastigium
2634 1888 3042 1955 ascenderunt,
3102 1903 3235 1942 cum
3288 1887 3469 1958 justis
3534 1888 3717 1959 copiis

2067 1980 2270 2034 contra
2301 1992 2434 2033 eum
2459 1976 2714 2033 mittitur
2743 1980 2801 2032 et
2828 1976 2985 2033 circa
3035 1976 3351 2033 Characem
3408 1976 3714 2034 castellum

2063 2066 2382 2124 commisso
2404 2066 2597 2139 praelio
2619 2066 2965 2135 succumbit,
2983 2082 3321 2138 quanquam
3345 2080 3541 2138 neque
3574 2081 3709 2122 cum

2065 2157 2190 2230 pari
2218 2156 2473 2213 exercitu
2506 2172 2694 2228 neque
2722 2171 2858 2212 cum
2888 2156 3035 2212 duce
3092 2154 3387 2227 bellicoso,
3418 2156 3522 2212 sed
3579 2171 3713 2211 cum

2066 2246 2327 2317 spadone
2357 2244 2606 2316 quodam
2639 2260 3013 2316 congressus,
3047 2245 3148 2317 qui
3185 2244 3433 2302 rusticos
3480 2244 3716 2302 inutiles

2066 2339 2124 2390 et
2134 2334 2401 2392 cohortes
2416 2334 2638 2406 aliquot
2652 2333 2903 2391 militum
2920 2330 3361 2406 Paphlagonum
3374 2333 3714 2391 adduxerat.

2066 2423 2205 2480 Post
2234 2428 2532 2496 acceptam
2564 2423 2789 2480 cladem
2817 2440 2949 2480 cum
2983 2424 3182 2481 statim
3239 2424 3301 2480 in
3358 2423 3568 2480 urbem
3623 2439 3718 2479 ve-

2065 2514 2273 2580 nisset,
2307 2515 2556 2586 repetita
2586 2517 2676 2569 est
2704 2514 2776 2569 ab
2806 2530 2872 2569 eo
2903 2515 3153 2586 pecunia
3183 2528 3361 2585 quam
3393 2514 3465 2569 ad
3488 2512 3712 2570 bellum

2063 2602 2605 2659 administrandum
2640 2606 2959 2674 acceperat.
3012 2604 3229 2660 Videns
3268 2602 3451 2674 igitur
3506 2619 3711 2659 casum

2064 2708 2199 2749 eum
2233 2693 2317 2747 sic
2347 2690 2529 2763 accipi
2563 2690 2732 2761 quasi
2785 2707 2855 2746 ex
2906 2691 3166 2747 amicitia
3219 2690 3537 2746 Andronici
3586 2707 3710 2747 rem

2062 2781 2133 2837 de
2161 2779 2452 2835 industria
2483 2780 2651 2850 pejus
2681 2779 2985 2850 gessisset,
3009 2796 3044 2835 a
3072 2796 3173 2835 sex
3224 2778 3361 2835 filiis
3391 2777 3707 2850 impulsus,

2063 2869 2165 2942 qui
2195 2883 2396 2925 omnes
2424 2868 2648 2925 cordati
2675 2872 2733 2924 et
2765 2883 2943 2923 manu
2974 2869 3201 2924 strenui
3238 2866 3345 2922 viri
3397 2870 3584 2939 erant,
3612 2868 3710 2924 do-

2062 2974 2228 3016 mum
2261 2974 2431 3015 suam
2464 2957 2525 3013 in
2554 2957 2835 3014 exteriore
2861 2957 3060 3015 Cionio
3083 2958 3257 3014 sitam
3304 2957 3532 3014 firmare
3560 2974 3707 3030 prae~

2062 3048 2231 3106 sidiis
2262 3047 2537 3113 instituit,
2570 3046 2789 3119 aliquot
2817 3063 2885 3103 ex
2940 3046 3109 3119 plebe
3164 3046 3533 3119 adjutoribus
3560 3047 3715 3105 asci-

2061 3139 2161 3196 tis.
2195 3138 2307 3196 Sed
2341 3153 2477 3193 cum
2508 3153 2601 3194 res
2633 3154 2770 3194 suas
2826 3152 2894 3194 eo
2943 3153 3178 3210 vergere
3225 3140 3508 3207 cerneret,
3540 3142 3605 3194 ut
3634 3137 3707 3193 ab

2063 3229 2416 3300 imperatore
2447 3232 2883 3299 oppugnaretur
2930 3228 3084 3285 820
3127 3230 3185 3284 et
3235 3226 3585 3284 adversariis
3617 3243 3712 3284 re-

2065 3320 2271 3376 sistere
2301 3335 2418 3375 non
2449 3322 2666 3389 posset,
2726 3321 2951 3375 mutato
3017 3317 3282 3387 consilio,
3337 3334 3439 3374 sex
3492 3317 3628 3374 ﬁliis
3656 3321 3713 3374 et

2063 3425 2242 3465 uxore
2264 3408 2324 3465 in
2346 3423 2551 3465 navem
2574 3407 2891 3480 impositis,
2913 3408 2985 3463 ad
3009 3406 3409 3464 Andronicum
3426 3408 3567 3465 abit.
3600 3407 3710 3473 Qui

2063 3512 2130 3554 eo
2158 3497 2285 3554 viso
2313 3497 2533 3554 dixisse
2572 3496 2757 3554 fertur
2791 3514 2805 3554 :
2856 3519 2885 3547 ιι
2932 3496 3073 3552 Ecce
3130 3495 3359 3552 mittam
3423 3496 3705 3569 Angelum

2065 3602 2258 3643 meum
2289 3592 2423 3642 ante
2451 3587 2656 3643 faciem
2686 3590 2873 3655 tuam,
2901 3586 3002 3658 qui
3022 3585 3175 3642 viam
3207 3585 3312 3641 tibi
3343 3588 3645 3657 praeparet.
3672 3606 3702 3639 ››

2065 3676 2384 3746 Resumpta
2411 3675 2593 3747 igitur
2629 3691 2700 3731 ex
2730 3674 3040 3746 praesentia
3077 3674 3413 3731 consobrini
3468 3673 3710 3744 ﬁducia,

2064 3768 2123 3822 et
2152 3780 2428 3821 successu
2456 3762 2688 3821 consilii
2719 3764 2813 3820 sui
2872 3764 3276 3834 conﬁrmatus,
3307 3762 3535 3818 itineris
3586 3778 3713 3819 am-

2068 3853 2312 3925 bagibus
2339 3852 2572 3909 omissis
2616 3860 2669 3907 et
2721 3852 2968 3909 urbibus
3017 3852 3205 3910 Nicwa
3260 3855 3319 3909 et
3375 3851 3716 3909 Nicomedia

2066 3942 2431 4014 contemptis,
2465 3949 2624 3997 recta
2647 3940 2870 4013 Cpolim
2905 3940 3112 4013 pergit.
3143 3943 3212 3996 Et.
3268 3939 3491 3997 Peuciis
3521 3940 3715 3996 diver-

2067 4035 2228 4090 satus
2258 4030 2446 4104 (locus
2475 4029 2528 4086 is
2556 4034 2643 4087 est
2670 4046 2845 4101 supra
2874 4029 3348 4101 Chalcedonem),
3398 4034 3456 4085 et
3513 4026 3716 4085 multis

2068 4120 2228 4195 pyris
2257 4118 2533 4186 incensis,
2562 4134 2678 4176 non
2704 4134 2809 4191 pro
2849 4118 3261 4191 magnitudine
3289 4116 3713 4185 exercitus,sed

2068 4215 2134 4267 ut
2163 4211 2415 4282 majores
2442 4209 2645 4282 copias
2673 4208 2889 4265 habere
2905 4208 3224 4278 videretur,
3249 4223 3454 4265 omnes
3502 4213 3720 4282 Byzan-

2068 4299 2224 4357 tinos
2253 4315 2565 4372 suspensos
2587 4297 2862 4366 reddidit,
2894 4303 2959 4353 ut
2988 4298 3116 4356 suis
3161 4298 3437 4371 operibus
3480 4297 3718 4355 omissis

2067 4388 2234 4446 littus
2256 4388 2592 4461 oppositum
2651 4387 3043 4455 intuerentur,
3100 4388 3159 4442 et
3214 4386 3463 4444 collibus
3512 4403 3579 4442 ac
3631 4389 3720 4443 tu-

2064 4478 2245 4535 mulis
2282 4477 2617 4535 censcensis
2676 4475 3075 4532 Andronicum
3135 4474 3329 4531 adhuc
3382 4474 3583 4545 procul
3643 4474 3715 4529 ab

301 4571 438 4625 κατὰ
469 4568 531 4624 τὸ
560 4566 664 4642 ἔξω
694 4567 914 4625 Κιόνιον
972 4565 1339 4641 διακείμενον,
1405 4567 1497 4620 καὶ
1565 4572 1674 4623 τῶν
1742 4564 1802 4621 ἐκ
1851 4571 1953 4622 τοῦ

2067 4569 2207 4625 urbe
2234 4572 2522 4625 remotum
2552 4566 2798 4624 nutibus
2852 4564 3031 4621 veluti
3092 4563 3471 4620 attraherent.
3506 4562 3592 4619 Ita
3622 4577 3715 4619 res

301 4656 486 4733 δήμου
513 4641 664 4721 τινὰς
713 4656 1049 4713 ἐπεσπάσατο
1096 4658 1233 4731 πρὸς
1293 4653 1501 4711 ἐαυτόψ
1561 4656 1704 4729 ὁρῶν
1763 4651 1822 4710 δὲ
1872 4656 1946 4717 ὡς

2067 4656 2387 4714 recalvastri
2417 4661 2475 4713 et
2504 4657 2633 4713 cani
2667 4654 2985 4712 Andronici
3012 4653 3426 4726 procedebant.

297 4751 403 4804 οὐκ
447 4748 685 4823 ἆκμαῖός
733 4746 847 4803 ἐστι
892 4748 1028 4822 πρὸς
1079 4744 1357 4821 βασίλειον
1403 4741 1831 4802 πλεονεκτοῦσαν
1881 4742 2204 4802 άνθόπλισιν
2250 4745 2341 4799 γαὶ
2389 4745 2464 4806 ὡς
2513 4743 2612 4800 οὐκ
2659 4741 2718 4799 ἂν
2767 4744 2940 4818 σχοίη
2998 4742 3367 4817 περιγενέσθαι
3414 4744 3523 4795 τῶν
3596 4737 3716 4795 δια-

297 4837 507 4916 φόρων,
555 4839 693 4912 πρὸς
747 4838 924 4916 φυγὴν
971 4836 1388 4911 μεθαρμόζεται,
1437 4836 1527 4891 καὶ
1575 4834 1703 4900 τοὺς
1743 4831 1798 4906 ἓξ
1843 4835 1995 4897 υἱοὺς
2040 4829 2399 4909 παραλαϐὼν,
2440 4835 2541 4904 τήν
2590 4831 2635 4888 δ’
2688 4830 3027 4907 ὁμόλεκτρον
3059 4834 3157 4886 τοῦ
3190 4826 3366 4904 δόμου
3391 4829 3712 4905 ἀπαγαγὼν,

292 4930 430 4997 νηὸς
465 4920 666 4988 ’ἐπιϐάς
691 4932 791 4996 τῆς
823 4923 877 4987 ἐς
910 4922 1263 5001 Ἀνδρόνικον
1295 4924 1540 4980 ἅπτεται.
1595 4925 1657 4982 Ὀ
1725 4922 1782 4979 δὲ
1845 4920 1979 4979 ἱδὼν
2035 4924 2331 4999 προσιόντα
2380 4926 2471 4978 τὸν
2516 4920 2783 4998 Ἄγγελον
2837 4921 3056 4995 λέγεται
3087 4919 3283 4976 εἰπεῖν·
3319 4942 3348 4972 ‹‹
3380 4916 3544 4991 Ἰδου,
3578 4919 3718 4975 ἀπο-

298 5016 481 5075 στελῶ
530 5014 622 5069 τὸν
689 5011 925 5089 ἄγγελόν
973 5033 1079 5087 μου
1134 5014 1241 5088 πρὸ
1288 5013 1584 5088 προσώπου
1630 5034 1749 5081 σου,
1799 5014 1859 5076 ’ὸς
1915 5011 2296 5069 κατασκευάσει
2359 5014 2459 5082 τὴν
2511 5007 2639 5066 ὁδόν
2706 5031 2800 5065 σου
2850 5004 3155 5086 ἔμπροσθέν
3226 5030 3342 5065 σου.
3397 5031 3428 5062 ››
3506 5010 3716 5086 Θάρσος

297 5110 392 5164 οὗν
448 5103 538 5159 ἐπὶ
590 5106 657 5177 τῇ
703 5107 802 5159 τοῦ
842 5099 1138 5180 ἐξαδέ).φου
1185 5100 1456 5177 παρουσίᾳ
1506 5098 1689 5159 λαϐὼν
1746 5100 2096 5179 Ἀνδρόνικος
2144 5102 2234 5158 καὶ
2282 5101 2349 5158 τὰ
2395 5102 2512 5157 κατ’
2566 5095 2745 5179 ἔφεσιν
2798 5101 2940 5175 ὁρῶν
2990 5094 3379 5174 προϐαίνοντα,
3429 5102 3538 5154 τῶν
3596 5098 3717 5153 ἐνο-

287 5197 422 5255 δίων
502 5192 779 5269 ἐκτροπῶν
850 5193 1117 5268 ἀφέμενος
1184 5191 1274 5247 καὶ
1342 5190 1554 5267 χαίρειν
1616 5192 1773 5256 ἐάσας
1837 5193 1933 5254 τὰς
2000 5191 2192 5255 πόλεις
2262 5190 2488 5249 Νίκαιάν
2542 5211 2601 5247 τε
2654 5191 2743 5245 καὶ
2805 5188 3179 5264 Νικομήδειαν
3238 5190 3326 5243 καὶ
3393 5189 3456 5243 τὸ
3496 5186 3629 5263 τῇδε
3679 5189 3713 5257 ἢ

289 5288 470 5345 ἐκεῖσε
543 5283 1022 5361 μεταστρέφεσθαι,
1098 5281 1232 5355 πρὸς
1300 5283 1399 5352 τήν
1471 5288 1875 5337 Κωνσταντινου
1929 5283 2021 5338 τὸν
2081 5282 2286 5358 δρόμον
2339 5278 2550 5337 ἀκλινεῖ
2611 5282 2875 5337 συνέτεινε
2939 5280 3191 5353 νεύματι,
3249 5278 3322 5341 ὠς
3372 5275 3505 5333 ὀδοῦ
3547 5276 3719 5332 Φιλι⁹

290 5378 479 5451 στιεὶμ
534 5375 637 5443 τῆς
696 5373 749 5435 ἐς
800 5372 970 5442 αὐτὴν
1014 5369 1287 5450 φερούσης
1341 5368 1624 5445 ἐχόμενος.
1693 5371 1799 5428 Καὶ
1855 5370 1923 5441 δὴ
1981 5372 2118 5428 κατᾶ
2171 5373 2240 5428 τὰ
2279 5370 2479 5430 Πευκία
2527 5371 2952 5445 ἐναυλισάμενος
2998 5371 3187 5444 (τόπος
3221 5366 3278 5424 δέ
3301 5368 3414 5423 ἐστι
3464 5370 3631 5423 ταῦτα
3662 5366 3716 5422 ἐν

289 5472 408 5530 τοῖς
470 5464 588 5520 ἄνω
635 5458 994 5533 Χαλκηδόνος
1047 5459 1386 5534 διακείμενος
1434 5460 1615 5536 μέρεσι
1654 5460 1746 5516 καὶ
1794 5461 1969 5524 οὕτως
2016 5461 2442 5535 ὀνομαζόμενος)
2492 5465 2575 5536 [Ρ.
2630 5465 2755 5535 160]
2808 5463 2898 5518 καὶ
2945 5461 3089 5536 πυρᾶ
3136 5458 3324 5516 πολλὰ
3370 5459 3569 5521 καύσας
3617 5458 3717 5526 τὴν

290 5556 461 5612 νύκτα
516 5551 658 5622 ὅλην
713 5550 945 5621 ἐκείνην,
997 5553 1072 5625 μή
1120 5550 1256 5606 κατᾶ
1323 5548 1491 5625 λόγον
1535 5558 1636 5621 τῆς
1680 5549 1943 5623 συνούσης
1992 5552 2144 5624 αὐτῷ
2193 5556 2464 5625 στρατιᾶς,
2515 5551 2641 5609 ἀλλ’
2695 5552 2748 5615 ἐς
2798 5550 3023 5625 δόκησιν
3074 5551 3472 5627 στρατεύματος
3511 5547 3710 5604 πλείο-

299 5666 410 5717 νος,
460 5643 749 5716 ἐκκρεμεῖς
802 5642 991 5696 ἑαυτοῦ
1035 5640 1163 5701 τοὺς
1210 5638 1540 5708 Βυζαντίους
1587 5635 1736 5703 ἔθετο
1787 5639 1861 5702 ὡς
1908 5640 1974 5695 τὰ
2022 5639 2123 5696 ἀνὰ
2168 5645 2360 5716 χεῖρας
2410 5642 2745 5715 προεμένους
2805 5641 2934 5717 ἔργα
2982 5643 3057 5702 εἰς
3104 5647 3204 5709 τῆν
3251 5636 3471 5713 περαίαν
3515 5635 3706 5690 τείνειν
