4126 6294
443 431 562 493 599

1764 425 2074 488 NICETIE
2115 422 2538 487 CHONIATE

3735 419 3854 481 600

435 564 502 618 τὸ
533 559 710 637 ὄμμα,
746 561 929 622 ἀκταῖς
959 579 1016 614 τε
1045 559 1136 613 καὶ
1174 555 1448 634 γηλόφοις
1480 556 1805 632 προσιόντας
1845 564 1948 627 τῆς
1989 555 2228 627 πόλεως,
2259 557 2350 613 καὶ
2381 557 2661 634 πόῤῥωθεν
2695 551 2824 614 ὄντα
2853 554 3200 633 Ἀνδρόνικον
3235 555 3559 612 ἒπισπᾶσθαι
3592 553 3714 610 οἷον
3745 559 3858 620 τοῖς

435 652 726 726 νεύμασιν.
756 647 884 705 Ὧδε
919 649 1014 722 μὲν
1046 650 1139 702 οὖν
1173 646 1373 722 ἐχώρει
1403 648 1472 703 τὰ
1498 651 1636 702 κατα
1662 649 1752 704 τὸν
1787 645 2180 725 ἀναφαλαντίαν
2211 647 2302 703 καὶ
2329 645 2706 724 πολιοκόρσην
2738 645 3108 722 Ἀνδρόνικον.

523 744 606 797 10.
641 742 876 798 Alexius
906 756 1038 796 vero
1071 741 1515 811 protosebastus
1537 756 1671 795 cum
1721 739 2091 811 ingruentem

2285 738 2334 794 ι’.
2368 736 2609 808 Ἀλέξιος
2653 735 2709 794 δὲ
2767 740 2795 793 ὁ
2853 730 3307 810 πρωτοσεϐαστὸς
3361 735 3437 808 μὴ
3467 727 3613 808 ἔχων
3644 730 3738 790 διὰ
3766 754 3860 790 πε-

437 835 666 890 hostem
698 830 1067 903 pedestribus
1099 829 1285 901 copiis
1340 829 1686 901 propulsare
1743 845 1856 884 non
1897 833 2096 901 posset

439 922 583 994 (jam
613 921 770 975 enim
795 917 894 973 alii
927 916 1141 973 animis
1173 916 1321 972 clam
1357 917 1428 972 ad
1452 917 1858 973 Andronicum
1911 915 2090 972 incli-

434 1012 676 1076 nabant,
708 1007 916 1078 quibus
950 1007 1020 1062 ad
1066 1022 1200 1062 eum
1235 1006 1481 1062 transire
1513 1006 1760 1078 pedibus
1816 1011 1944 1062 tuto
1979 1021 2092 1061 non

433 1101 682 1166 licebat;
711 1098 807 1153 alii
830 1112 890 1153 sc
916 1095 1088 1152 ﬁdem
1104 1112 1273 1151 suam
1289 1096 1628 1167 imperatori
1653 1096 1796 1152 satis
1812 1096 2092 1168 probasse

438 1191 745 1264 putabant,
789 1189 836 1243 si
870 1187 1028 1242 domi
1061 1188 1352 1253 sederent,
1388 1187 1582 1243 neutri
1616 1186 1769 1259 parti
1821 1186 2040 1242 addicti
2075 1203 2089 1242 :

435 1282 519 1338 sic
545 1282 700 1337 enim
734 1279 914 1334 animi
951 1277 1265 1346 calliditas,
1299 1283 1355 1334 et
1387 1279 1537 1334 821
1579 1279 1942 1334 consuetudo
1991 1275 2094 1332 illa

433 1377 499 1428 ut
533 1370 793 1444 plerique
815 1368 1071 1424 caedibus
1105 1373 1162 1423 et
1192 1368 1480 1440 sanguine
1501 1369 1746 1440 imperio
1769 1369 2092 1440 potiantur,

431 1461 644 1532 vulgus
674 1464 732 1514 et
761 1459 976 1514 sentire
1010 1463 1067 1514 et
1125 1457 1284 1529 loqui
1347 1458 1590 1527 docuit),
1652 1457 1842 1513 navali
1897 1472 2094 1528 pugna

435 1551 756 1606 imminens
783 1548 1100 1603 discrimen
1136 1555 1392 1603 avertere
1449 1551 1714 1604 conatur.
1749 1547 1932 1617 Igitur
1990 1545 2090 1602 tri-

439 1639 703 1696 remibus
734 1640 1017 1708 occupata
1037 1641 1128 1692 est
1157 1637 1492 1708 Propontis,
1523 1637 1584 1692 in
1616 1637 1836 1708 quibus
1877 1635 2090 1708 partim

438 1727 690 1786 Romani
743 1727 1106 1798 remigabant
1161 1731 1220 1782 et
1275 1742 1344 1782 ex
1393 1725 1676 1782 tabulatis
1725 1724 2091 1798 pugnabant,

439 1818 654 1891 partim
687 1817 931 1873 diversas
965 1817 1234 1872 nationes
1262 1816 1455 1872 Latini
1483 1815 1758 1882 neminis,
1791 1833 1927 1887 pars
1977 1813 2090 1870 for-

437 1909 672 1965 tissima
701 1911 758 1964 et
795 1907 1236 1980 pugnacissima
1297 1905 1618 1978 sepiarum,
1677 1906 1913 1977 quibus,
1955 1905 2094 1977 quia

436 2001 574 2072 plus
601 2015 774 2072 quam
805 1999 1088 2054 Romanis
1119 1998 1303 2054 fretus
1335 2000 1480 2065 erat,
1519 1996 1824 2068 pecuniam
1878 1995 2090 2066 ingen-

2205 835 2304 900 ζῆς
2363 827 2650 907 φάλαγγος
2707 825 3054 900 ἀποσοϐῆσαι
3109 829 3200 884 τὸν
3257 827 3475 884 ἐπιόντα
3503 827 3556 882 οἱ
3586 825 3857 900 πολέμιον

2207 917 2338 992 (ἤδη
2372 921 2479 996 γὰρ
2513 921 2564 975 οἱ
2610 921 2704 994 μὶν
2743 915 3057 994 μετέϐαινον
3090 922 3210 982 ταῖς
3260 918 3507 992 γνώμαις
3537 913 3868 994 κρυφιωδῶς

2203 1010 2340 1084 πρὸς
2374 1007 2746 1085 Ἀνδρόνικον,
2781 1009 3006 1072 ὁπόσοις
3067 1007 3167 1064 οὐκ
3223 1008 3258 1077 ἦ
3319 1005 3466 1068 ’ὀλως
3508 1003 3797 1066 ἀκίνδυνος
3829 1007 3862 1075 ἠ

2207 1100 2343 1174 πρὸς
2377 1099 2584 1155 ἐκεῖνον
2639 1100 2842 1168 τοπική
2906 1093 3222 1174 μετάϐασις,
3274 1101 3392 1159 τοῖς
3448 1093 3508 1150 δὲ
3553 1094 3778 1173 ἀρκετὸν
3811 1093 3866 1160 ές

2202 1189 2300 1258 τήν
2346 1189 2483 1264 πρὸς
2521 1189 2612 1244 τὸν
2655 1192 2954 1262 κρατοῦντα
2997 1185 3179 1243 πίστιν
3243 1185 3536 1261 λελόγιστο
3563 1186 3633 1240 τὸ
3663 1185 3745 1240 ἐπ’
3777 1183 3865 1239 οἷ’-

2201 1298 2300 1332 κου
2347 1281 2613 1348 καθῆσθαι
2663 1277 2752 1333 καὶ
2806 1275 3002 1352 μηδενὶ
3054 1277 3440 1351 προστίθεσθαι
3487 1279 3596 1330 τῶν
3654 1276 3859 1350 μερῶν·

2203 1364 2348 1422 οὕτω
2395 1368 2501 1443 γὰρ
2551 1373 2766 1446 φρονεῖν
2817 1388 2876 1423 τε
2922 1367 3010 1422 καὶ
3060 1365 3236 1442 λέγειν
3279 1366 3410 1429 τοὺς
3456 1362 3707 1428 πολλοὺς
3740 1362 3862 1436 ἔξε-

2201 1454 2456 1512 παίδευσε
2509 1456 2574 1512 τὸ
2629 1463 2728 1526 τῆς
2781 1457 3012 1534 γνώμης
3068 1452 3470 1534 κερδαλεόφρον
3525 1454 3618 1510 καὶ
3667 1455 3732 1508 τὸ
3771 1451 3865 1509 διὰ

2202 1546 2377 1626 φόνων
2423 1545 2508 1602 ἀεὶ
2550 1545 2641 1600 καὶ
2690 1545 3016 1624 προχύσεως
3065 1545 3296 1617 αἳματος
3336 1543 3466 1608 τοὺς
3493 1541 3720 1605 πλείους
3751 1547 3864 1598 τῶν

2205 1633 2473 1711 βασιλέων
2517 1641 2618 1705 τῆς
2653 1637 2972 1708 Ῥωμαϊκῆς
3021 1628 3317 1690 ἐπιϐαίνειν
3375 1635 3580 1711 ἀρχῆς)
3611 1630 3700 1688 διὰ
3727 1654 3867 1688 ναυ-

2205 1723 2410 1804 μαχίας
2476 1719 2725 1787 ἔπειρᾶτο
2791 1724 2882 1779 τὸν
2961 1723 3335 1798 προσέρποντα
3395 1719 3640 1777 κίνδυνον
3723 1723 3866 1778 ἀπο-

2199 1813 2550 1887 κρούσασθαι.
2608 1814 2866 1889 Τριήρεις
2921 1833 3105 1868 τοινυν
3159 1813 3260 1882 τὴν
3329 1807 3684 1888 Προποντίδα
3736 1808 3863 1866 bd-

2202 1899 2425 1972 λυπτον,
2471 1903 2527 1956 αἱ
2581 1902 2675 1976 μὶν
2723 1901 3035 1976 Ῥωμαίους
3087 1896 3317 1978 ἔχουσαι
3367 1900 3496 1962 τοὺς
3542 1899 3863 1974 ἐρέσσοντας

2197 1991 2288 2046 καὶ
2360 1990 2489 2054 τοὺς
2564 1989 2624 2046 ἐκ
2694 1995 2804 2047 τῶν
2878 1991 3361 2066 καταστρωμάτων
3420 1988 3860 2064 διαμαχέσασθαι

437 2094 559 2144 tem
591 2089 960 2144 numerabat.
993 2089 1137 2144 Cum
1171 2089 1366 2142 autem
1409 2084 1520 2140 sibi
1551 2083 1960 2140 ﬁdississimos
1986 2081 2090 2138 tri—

2205 2079 2531 2157 μέλλοντας,
2600 2083 2652 2137 αἱ
2720 2080 2780 2138 δὲ
2842 2086 2950 2138 τῶν
3023 2083 3159 2137 κατὰ
3225 2079 3389 2138 πόλιν
3456 2077 3858 2156 διαφορογενῶν

438 2177 710 2233 crarchas
741 2176 994 2248 deligere
1023 2179 1079 2231 et
1108 2178 1386 2244 cognatos
1415 2191 1554 2230 suos
1585 2172 1759 2230 classi
1801 2172 2093 2245 prteﬁcere

438 2265 502 2318 in
537 2263 733 2318 animo
763 2261 1024 2327 haberet,
1059 2261 1528 2333 Contostephano
1559 2275 1770 2332 magno
1809 2259 1955 2314 duce
1986 2259 2091 2314 ad-

442 2356 712 2408 versante
742 2356 799 2407 et
827 2351 1235 2423 praefecturam
1263 2349 1476 2406 classis
1505 2349 1619 2406 sibi
1669 2348 1874 2420 quovis
1919 2347 2092 2402 modo

442 2442 808 2512 vendicants,
841 2444 1072 2498 coactus
1103 2440 1414 2496 consilium
1447 2443 1640 2494 mutat
1676 2444 1736 2494 et
1791 2441 2092 2495 Contoste-

445 2532 706 2605 phanum
741 2531 1023 2586 universes
1054 2529 1229 2586 classi
1263 2530 1520 2600 praeficit,
1573 2528 1870 2599 adjunetis
1914 2525 2092 2583 etiam

446 2624 710 2694 cognatis
743 2625 799 2676 et
829 2620 1169 2675 domesticis
1201 2619 1347 2674 suis.
1411 2622 1498 2674 Ita
1550 2615 1945 2674 Orientalibus
1984 2631 2092 2671 na-

443 2711 611 2766 vibus
645 2709 803 2765 aditu
839 2708 1180 2776 intercluso,
1214 2708 1388 2780 paulo
1421 2715 1550 2780 post
1609 2705 1851 2777 quidam
1909 2722 1978 2761 ex
2006 2721 2093 2759 or-

444 2801 580 2856 dine
612 2796 1676 2869 sacerdotum,GeorgiusXiphilinus,
1711 2796 1782 2852 ab
1841 2795 2092 2867 impera-

442 2896 566 2947 tore
599 2890 672 2945 ad
701 2888 1101 2944 Andronicum
1133 2887 1411 2944 mittitur.
1444 2886 1552 2952 Qui
1583 2902 1716 2942 cum
1766 2885 1826 2940 in
1856 2883 2092 2955 tyranni

438 2985 817 3052 conspectum
848 2979 1124 3043 venisset,
1154 2977 1381 3032 litteras
1439 2975 1714 3044 reddidit,
1747 2980 1804 3030 et
1863 2991 1990 3046 quae
2031 2974 2092 3028 in

441 3071 594 3128 822
627 3069 919 3124 mandatis
952 3072 1253 3138 acceperat
1280 3066 1570 3139 exposuit.
1627 3064 1705 3120 Ea
1762 3069 1930 3120 erant
1961 3079 2091 3134 pro-

439 3160 644 3216 missio
677 3172 1028 3228 magnorum
1063 3171 1373 3212 munerum
1404 3163 1459 3210 et
1489 3153 1788 3226 amplioris
1837 3152 2093 3223 dignita-

437 3249 518 3303 tis
549 3251 604 3302 et
636 3246 832 3317 gratiae
865 3245 964 3299 Dei
998 3260 1198 3316 pacem
1232 3242 1622 3315 procurantis,
1648 3242 1698 3297 ei
1731 3258 1764 3297 a
1793 3240 2092 3313 proposito

444 3335 771 3400 desisteret,
807 3333 962 3388 unde
985 3331 1140 3387 bella
1161 3330 1352 3388 civilia
1403 3331 1624 3386 oritura
1669 3333 1890 3400 essent,
1933 3334 1990 3385 et
2020 3329 2090 3385 ad

444 3424 764 3497 pristinum
795 3422 924 3476 vitae
957 3437 1144 3494 genus
1176 3425 1580 3477 reverteretur.
1611 3421 1978 3478 Andronicus
2002 3436 2093 3477 ve-

2199 2169 2439 2226 Λατίνων
2497 2169 2528 2224 8
2583 2189 2638 2224 τι
2690 2191 2792 2246 περ
2851 2169 3136 2246 κράτιστον
3196 2171 3360 2246 μέρος
3398 2171 3490 2226 καὶ
3523 2172 3864 2248 μαχιμώτα-

2195 2279 2312 2330 τον,
2347 2259 2430 2322 οἶς
2457 2259 2548 2314 καὶ
2597 2259 2664 2313 τὰ
2718 2261 2983 2334 χρήματα
3033 2257 3356 2334 ποταμηδόν
3394 2257 3708 2336 έπεχέοντο,
3741 2260 3857 2316 ἐπεὶ

2199 2350 2290 2403 καὶ
2320 2347 2538 2412 τούτοις
2567 2345 2840 2404 ἔπεποίθει
2894 2346 3110 2422 μᾶλλον
3159 2349 3188 2403 ὁ
3234 2348 3526 2424 χρώμενος
3573 2370 3858 2426 πρωτοσε-

2201 2432 2402 2500 ϐαστὸς
2459 2434 2602 2513 ’ἤπερ
2659 2442 2778 2500 τοῖς
2829 2438 3128 2512 Ῥωμαίοις
3184 2437 3374 2501 αὐτοῖς
3425 2439 3501 2502 ὡς
3551 2441 3861 2516 ἆρήεουσιν.

2199 2529 2451 2601 *Ὥρμησε
2487 2527 2580 2600 μὲν
2627 2525 2722 2582 οὖν
2775 2525 2903 2590 τοὺς
2955 2529 3314 2591 πιστοτάτους
3362 2529 3538 2602 ἑαυτῷ
3568 2528 3862 2594 ἐπιστῆσαι

2199 2618 2542 2692 τριηράρχας
2590 2615 2681 2671 καὶ
2735 2613 3070 2691 παραδοῦναι
3117 2619 3208 2673 τὸν
3261 2615 3458 2673 στόλον
3505 2623 3622 2680 τοῖς
3676 2617 3862 2693 ἒκείνῳ

2199 2705 2335 2760 κατά
2390 2705 2545 2781 γένος
2599 2703 2896 2781 ἐγγίζουσι.
2947 2709 3051 2760 Τοῖ’)
3107 2703 3166 2761 δὲ
3223 2706 3464 2781 μεγάλου
3521 2707 3724 2772 δουκὸς
3769 2712 3862 2764 τοῦ

2201 2794 2642 2872 Κοντοστειράνου
2708 2795 3161 2858 ἀντιπνεύσαντος
3214 2796 3303 2850 καὶ
3364 2797 3464 2864 τῆς
3523 2795 3857 2874 στολαρχίας

2200 2885 2362 2940 παντὶ
2394 2884 2590 2959 τρόπῳ
2621 2883 2950 2959 ἐξεχομένου
2990 2885 3064 2947 ὡς
3111 2883 3260 2958 αὐτῷ
3290 2885 3381 2940 καὶ
3412 2885 3522 2962 ούχ
3551 2888 3724 2962 ἑτέρῳ
3761 2885 3856 2958 δή·

2197 2985 2398 3038 πουθεν
2473 2974 2883 3047 προσηκούσης,
2961 2976 3310 3049 ἀναγκαστῶς
3387 2976 3490 3045 τὴν
3589 2975 3851 3052 βούλησιν

2201 3066 2540 3140 μετατίθησι.
2591 3066 2696 3123 Καὶ
2751 3064 2817 3137 δὴ
2867 3067 2896 3121 ὁ
2963 3067 3057 3140 μὶν
3107 3069 3540 3147 Κοντοστέιρανος
3572 3067 3851 3143 ’Δνδρόνιο

2196 3176 2290 3218 κος
2335 3155 2524 3232 κύριος
2575 3157 2920 3228 καθειστήκει
2969 3160 3067 3211 τοῦ
3117 3156 3316 3214 στόλου
3369 3158 3584 3225 παντὸς,
3633 3157 3723 3212 καὶ
3749 3177 3846 3212 κα-

2196 3242 2440 3308 τάπλους
2496 3246 2634 3307 ἅπας
2679 3249 2796 3308 τοῖς
2844 3245 2950 3301 ἀπὸ
2993 3252 3092 3316 τῆς
3141 3242 3216 3302 ἕω
3265 3241 3672 3322 περαιουμένοις
3699 3244 3843 3298 ἀπο-

2195 3333 2522 3409 τετείχιστοο
2585 3340 2748 3404 συνῆν
2807 3333 2866 3390 δὲ
2913 3339 2993 3408 τῷ
3046 3335 3462 3414 Κοντοστεφάνῳ
3509 3334 3599 3390 καί
3647 3355 3703 3390 τι
3749 3337 3846 3390 to?)

2199 3417 2654 3498 πρωτοσεϐαστοῢ
2687 3423 3003 3499 συγγενικὸν
3039 3424 3127 3480 καὶ
3176 3422 3436 3481 οἰκίδιον.
3481 3422 3630 3480 Μετὰ
3669 3420 3850 3498 βραχῦ

444 3489 532 3582 re,
567 3526 701 3568 cum
734 3489 987 3582 legatus.
1018 3508 1374 3580 Xiphilinus,
1432 3512 1497 3564 ut
1551 3509 1738 3578 aiunt,
1773 3506 1924 3565 mala
1981 3508 2091 3565 ﬁde

2203 3489 2260 3568 δέ
2309 3513 2401 3568 καὶ
2453 3508 2677 3588 πρέσϐις
2733 3489 2842 3568 ἀπὸ
2895 3517 2992 3568 τοῦ
3067 3512 3337 3588 βασιλέως
3397 3511 3452 3578 ξς
3508 3489 3852 3588 Ἀνδρόνικόν

449 3618 666 3658 munus
697 3617 872 3656 suum
931 3598 1168 3656 obiisset
1222 3613 1469 3670 eumque
1527 3597 1853 3655 monuisset
1905 3613 1977 3654 ne
2003 3597 2094 3654 vel

448 3691 759 3747 minimum
789 3689 1037 3758 cederet,
1071 3687 1526 3760 postulationem
1568 3687 1732 3744 illam
1783 3687 1992 3758 rejicit.
2027 3686 2094 3743 Et

445 3781 668 3852 legatos
701 3779 952 3851 superbe
981 3776 1260 3834 dimissos
1291 3775 1548 3833 vicissim
1595 3777 1869 3834 nuntiare
1905 3776 2094 3848 impe-

443 3871 622 3927 ratori
648 3870 845 3940 jussit,
881 3868 929 3923 si
964 3867 1367 3923 Andronicum
1399 3882 1466 3922 eo
1495 3866 1705 3924 reverti
1726 3865 1908 3923 velint
1938 3867 2094 3923 unde

442 3960 801 4025 discesserit,
861 3957 1334 4030 pretosebastum
1387 3956 1448 4013 in
1505 3956 1712 4029 primis
1754 3955 2090 4028 pellendum

440 4067 568 4106 esse
599 4053 656 4106 et
685 4049 757 4103 ad
791 4047 1118 4102 reddendas
1151 4046 1475 4102 facinorum
1536 4062 1782 4102 suorum
1839 4045 2094 4101 rationes

441 4137 822 4210 adigendum,
856 4136 1232 4204 imperatoris
1273 4139 1520 4191 matrem
1579 4136 1640 4190 in
1699 4134 1964 4190 ordinem
1994 4149 2092 4191 co-

443 4226 692 4300 gendam
725 4233 779 4278 el
811 4229 978 4278 tenso
1009 4223 1222 4294 capillo
1279 4225 1339 4278 in
1399 4223 1820 4280 monasterium
1881 4223 2096 4278 abden-

446 4320 604 4388 dam,
635 4314 974 4388 imperatori
1007 4331 1074 4370 ex
1099 4319 1454 4372 testamento
1480 4322 1722 4388 paterno
1781 4330 2092 4386 capessen—

447 4409 587 4466 dum
618 4405 928 4478 imperium
962 4423 976 4473 ;
1011 4421 1199 4476 neque
1229 4405 1721 4462 committendum
1754 4407 1817 4461 ut
1845 4404 2093 4461 alierum

445 4499 707 4574 potentia
736 4501 1018 4568 tanquam
1089 4495 1251 4568 spica
1304 4495 1442 4552 lolio
1501 4495 1836 4552 suﬁ'ocetur.
1883 4495 2090 4553 Verum

446 4590 653 4664 paucis
685 4587 890 4644 diebus
923 4591 1052 4658 post
1084 4601 1336 4657 magnus
1370 4585 1486 4640 dux
1537 4583 1905 4642 Andronicus
1961 4600 2094 4642 cum

447 4679 723 4738 omnibus
745 4675 933 4746 longis
964 4675 1390 4745 navibus,quas
1417 4677 1814 4730 Romanorum
1873 4674 2092 4732 catalo-

447 4786 558 4844 gus
590 4765 948 4833 continebat,
980 4765 1052 4820 ad
1085 4763 1485 4820 Andronicum
1543 4763 1771 4820 defecit.
1831 4765 1966 4830 Quae
2001 4781 2092 4822 res

2203 3597 2486 3658 στέλλεται
2545 3623 2628 3664 τις
2677 3605 2784 3658 τῶν
2831 3600 3103 3680 έντρόφων
3148 3607 3246 3658 τοῦ
3295 3603 3573 3679 βήματος.
3603 3603 3662 3656 Ὃ
3691 3605 3856 3680 Ξιφι-

2203 3690 2355 3755 λῖνος
2387 3691 2454 3761 ἦν
2485 3692 2644 3754 οὗτος
2676 3691 2973 3767 Γεώργιος,
3007 3690 3066 3754 ὅς
3111 3693 3202 3748 καὶ
3232 3690 3310 3757 είς
3340 3693 3468 3767 ὄψιν
3498 3695 3579 3765 τῷ
3611 3711 3857 3767 τυραν-δῳ

2201 3779 2492 3852 ἐληλυθὼς
2550 3782 2618 3836 τά
2673 3801 2733 3837 τε
2788 3782 3092 3856 γράμματα
3141 3781 3444 3858 ἐνεχείρισε
3487 3780 3580 3837 καὶ
3634 3783 3705 3838 τὰ
3734 3779 3857 3838 δια·-

2205 3870 2504 3945 μηνυθέντα
2570 3871 2623 3924 οἱ
2689 3867 3041 3946 ἀπήγγειλεν.
3107 3875 3208 3928 Ἢν
3273 3869 3332 3927 et
3396 3875 3566 3927 ταῦτα
3633 3868 3855 3946 δωρεῶν

2202 3958 2527 4036 ἐπαγγελίαι
2589 3958 2848 4033 μειζόνων
2909 3960 2998 4016 καὶ
3047 3959 3370 4034 ἀξιωμάτων
3424 3955 3734 4036 ἂναϐαθμοὶ
3761 3959 3856 4016 καὶ

2203 4049 2365 4126 χάρις
2424 4049 2530 4106 ἀπὸ
2584 4052 2683 4104 τοῦ
2753 4049 3179 4125 πρυτανεύοντος
3247 4049 3474 4126 εἰρήνην
3535 4053 3670 4106 Θεοῦ
3729 4050 3863 4106 ἀπο-

2201 4140 2382 4196 στάντι
2443 4139 2535 4212 μὲν
2605 4143 2702 4194 τοῦ
2758 4137 3125 4214 προκειμένου
3178 4141 3518 4213 σκέμματος,
3582 4139 3634 4211 ἐξ
3689 4139 3860 4216 οὗπερ

2202 4226 2465 4309 ἐμφύλιοι
2510 4223 2885 4302 συμϐήσονται
2933 4227 3196 4303 πόλεμοι,
3228 4229 3366 4304 πρὸς
3397 4226 3456 4284 δὲ
3484 4227 3594 4300 ἤθη
3624 4229 3692 4284 τὰ
3723 4229 3864 4306 πρό-

2199 4339 2354 4393 τερον
2415 4317 2759 4388 ἐπανήκοντι.
2813 4319 2874 4375 Ὀ
2931 4315 2989 4372 δὲ
3043 4321 3142 4374 τοῦ
3197 4313 3552 4394 πρεσϐευτοῦ,
3598 4316 3677 4381 ὥς
3709 4341 3866 4398 φασι,

2201 4407 2494 4488 Ξιφιλίνου
2561 4409 2660 4477 τήν
2729 4403 3016 4483 πρεσϐείαν
3089 4408 3574 4478 ὑπονοθεύσαντος,
3633 4407 3728 4464 καὶ
3784 4411 3862 4483 μὴ

2198 4495 2454 4552 ἓνδοῦναι
2483 4495 2694 4566 δλωςῆ
2752 4494 2932 4570 βραχύ
2987 4516 3042 4550 τι
3091 4498 3219 4570 γοῦν
3273 4497 3593 4574 καθυφεῖναι
3619 4515 3870 4571 παρακε-

2201 4582 2532 4661 λευσαμένου
2607 4590 2688 4658 τῷ
2763 4581 3114 4659 Ἀνδρονίκῳ,
3171 4587 3272 4657 τήν
3329 4605 3388 4642 τε
3441 4584 3659 4656 αἴτησιν
3721 4587 3869 4644 ἀπο-

2201 4675 2471 4752 πέμπεται
2503 4675 2593 4731 καὶ
2623 4675 2723 4744 τὴν
2780 4671 3122 4748 προσλαλιᾶν
3181 4679 3417 4731 ποιεῖται
3470 4679 3589 4740 τοῖς
3630 4673 3862 4750 διαπρε-

2203 4761 2586 4839 σϐευσαμένοις
2632 4763 2958 4842 ὑπέρογκον,
3009 4763 3226 4840 φάσκων
3277 4765 3414 4841 πρὸς
3449 4764 3622 4842 ὀργὴν
3655 4765 3760 4838 ὡς,
3793 4766 3863 4824 Εἰ

447 4857 791 4913 seditiosum
821 4853 1216 4908 Andronicum
1241 4869 1420 4926 super
1457 4851 1658 4910 omnia
1681 4853 1906 4924 extulit,
1939 4854 2091 4910 828

2201 4851 2542 4928 Ἀνδρόνικον
2614 4853 2902 4928 βούλοιντο
2976 4852 3308 4930 παλίνορσον
3385 4853 3664 4924 ἀναζεῦξαι
3732 4855 3860 4910 ’ὀθεν

447 4950 504 5000 et
533 4943 997 5015 protoscbastum
1030 4942 1172 4998 adeo
1202 4943 1514 5015 depressit,
1551 4946 1614 4998 ut
1659 4943 1837 5000 rebus
1880 4943 2091 5014 despe-

443 5033 587 5088 ratis
619 5046 852 5086 omnern
882 5029 1064 5084 animi
1107 5031 1464 5088 alacrilatem
1520 5032 1832 5087 amitteret.
1893 5031 2093 5100 Neque

439 5123 594 5178 enim
611 5119 863 5190 amplius
879 5117 1321 5174 dissimulanter
1332 5116 2092 5175 concursabantAndronici

441 5207 714 5274 studiosi,
748 5209 847 5262 sed
872 5209 1336 5277 pretosebastum
1362 5207 1738 5278 impudenter
1756 5205 2088 5276 irridentes,

439 5299 538 5371 qui
573 5297 734 5354 novis
765 5297 938 5350 rebus
959 5293 1316 5367 gaudebant,
1355 5293 1781 5350 Chalcedenem
1835 5291 2089 5364 trajicie-

443 5390 604 5454 bant,
637 5390 694 5441 et
713 5383 1014 5441 turmatim
1043 5381 1446 5438 Andronicum
1477 5381 1761 5437 adeuntes
1805 5385 2088 5440 staturam

441 5478 567 5548 ejus
600 5483 655 5530 et
685 5475 933 5530 formam
968 5469 1424 5543 pulcherrimam
1455 5475 1514 5526 et
1561 5469 1952 5528 venerabilem
1995 5488 2088 5530 se-

443 5569 736 5624 nectutem
771 5563 1158 5619 mirabantur.
1192 5561 1264 5617 Et
1293 5561 1580 5618 suavitate
1633 5562 1908 5621 orationis
1963 5565 2086 5636 ejus

446 5654 882 5729 magnificentia
914 5649 1238 5724 pollicentis
1271 5651 1421 5724 capti
1455 5648 1676 5708 alacres
1717 5657 1772 5710 ct
1822 5653 1936 5711 laeti
1981 5655 2086 5709 do-

447 5763 608 5804 mum
641 5745 1026 5817 redeunt,non
1051 5756 1219 5800 secus
1242 5757 1308 5803 ac
1341 5741 1388 5800 si
1419 5741 1480 5799 in
1513 5741 1820 5802 fortunatis
1873 5743 2084 5804 insulis

2199 4941 2486 5012 ἐλήλυθεν,
2517 4942 3038 5018 ἀποσκορακισθήτω
3101 4944 3194 5015 μὶν
3252 4940 3313 4998 έκ
3370 4941 3538 5016 μέσου
3569 4943 3598 4998 ὁ
3628 4962 3861 5018 πρωτο-

2199 5025 2457 5092 σεϐαστὸς
2517 5032 2600 5104 [Ρ.
2653 5033 2778 5104 161]
2835 5032 2926 5086 καὶ
2978 5028 3121 5086 δότω
3169 5029 3371 5106 λόγους
3417 5033 3491 5086 ὧν
3523 5034 3860 5108 πεπαρῲνηο

2196 5121 2373 5191 κεν,ἡ
2408 5116 2465 5174 δὲ
2491 5124 2588 5176 τοῦ
2642 5119 2914 5196 βασιλέως
2965 5122 3151 5196 μήτηρ
3206 5123 3322 5176 καθ’
3382 5121 3580 5192 ἑαυτὴν
3635 5123 3862 5196 βιοτευο

2196 5207 2322 5279 έτω,
2371 5209 2472 5278 τὴν
2519 5210 2689 5288 τρίχα
2735 5209 3030 5284 κειραμένη
3075 5209 3319 5280 καθάπαξ
3349 5211 3450 5278 τήν
3490 5213 3798 5284 κοσμικὴν,
3833 5214 3862 5267 ὁ

2197 5294 2254 5352 δὲ
2316 5297 2574 5374 βασιλεὺς
2628 5299 2764 5354 κατὰ
2818 5300 2918 5369 τὴν
2978 5299 3234 5375 πατρῴαν
3298 5295 3568 5370 διαθήκην
3609 5300 3862 5376 ἀρχέτω,

2198 5389 2273 5462 μή
2331 5389 2405 5452 ὡς
2465 5389 2670 5464 στάχυς
2730 5385 2908 5463 οἰέραις
2963 5392 3084 5452 τοῖς
3135 5385 3664 5462 παραδυναστεύουσι
3712 5411 3860 5464 συμ-

2193 5476 2545 5555 πνιγόμενος.
2602 5473 2760 5534 Ἀλλ’
2818 5473 2972 5530 οὔπω
3029 5473 3233 5550 ἡμέραι
3303 5476 3500 5552 συχναὶ
3557 5477 3860 5552 παρήλθο-

2195 5587 2312 5636 σαν,
2381 5565 2469 5622 καὶ
2541 5568 2856 5640 μεταχωρεῖ
2919 5561 2976 5626 ἐς
3041 5561 3384 5636 ’Λνδρόνικον
3448 5565 3538 5620 καὶ
3597 5567 3625 5620 ὁ
3675 5565 3857 5640 μέγας

2195 5653 2318 5726 δοὺξ
2375 5651 2748 5729 Ἀνδρόνικος,
2805 5651 2902 5715 τὰς
2974 5652 3182 5726 μακρᾶς
3251 5660 3384 5723 νῆας
3461 5653 3856 5728 παρειληφὼς,

2195 5743 2396 5807 ὁπόσας
2451 5745 2478 5798 ὁ
2531 5741 2819 5817 Ῥωμαίων
2862 5737 3108 5816 ἐπλήρου
3163 5742 3492 5820 κατὸὶλογος.
3543 5741 3647 5801 Καὶ
3677 5746 3853 5801 τοῦτο
