4126 6294
330 370 455 433 601
1500 364 1834 427 ALEXIUS
1879 362 2294 428 MANNELIS
2337 365 2596 428 FILIUS
2609 410 2624 427 .
3628 363 3751 426 602

339 506 407 562 τὸ
436 500 594 581 ἔργον
657 500 819 579 ἐπῆρε
844 500 938 574 μὲν
972 500 1107 574 ὖπὲρ
1167 500 1305 556 ἅπαν
1368 497 1511 559 ἄλλο
1539 501 1629 556 τὸν
1685 502 1970 574 ἀποστάτηε

2105 502 2266 559 omni
2299 501 2639 560 deliciarum
2673 513 2883 573 genere
2913 497 3130 572 expleti
3187 497 3458 555 fuissent.
3499 498 3757 558 Fuerunt

339 592 713 670 Ἀνδρόνικον,
773 590 862 645 τὸν
892 587 950 645 δὲ
1006 586 1754 665 πρωτοσεϐαστὸνήφάντωσε
1781 590 1965 647 τέλεον

2100 595 2277 649 etiam
2310 592 2410 665 qui
2443 592 2554 648 sub
2587 590 2737 663 pelle
2767 589 2938 645 ovina
2960 589 3394 645 delitescentem
3428 587 3633 661 lupum
3688 606 3756 646 ex

345 685 519 746 πάσας
576 682 670 743 τὰς
726 676 953 741 ἐλπίδας
999 679 1357 755 ἀπεγνωκότα
1400 679 1489 734 καὶ
1554 680 1970 744 κατακλεισθέντες

2099 680 2289 753 primo
2322 697 2639 753 congressu
2674 683 3119 751 perspexerunt,
3144 684 3201 734 et
3248 684 3580 750 serpentem
3631 683 3753 737 sta-

348 775 412 830 τὸ
441 772 743 847 πρόθυμον,
802 768 997 827 Οὐκέτι
1054 770 1158 845 γάρ
1192 766 1447 844 λαθραῖαι
1481 767 1693 823 σύνοδοι
1723 774 1829 824 τῶν
1864 770 1970 828 Ἀνι

2100 774 2204 829 tim
2236 773 2708 830 arei’ocillatione
2761 775 3167 843 grassaturum
3226 770 3286 827 in
3340 788 3438 828 eos
3495 788 3746 844 quorum

344 861 574 937 δρονίκῳ
652 857 1064 933 προσκειμένων
1145 857 1409 933 ἐγίνοντο,
1465 857 1593 914 ἀλλ’
1653 856 1846 929 ἀνέδην
1896 861 1970 913 τὸ*

2099 863 2231 919 sinu
2265 864 2572 919 foveretur.

334 947 785 1030 πρωτοσεϐαστὸν
859 949 1275 1025 ἐρεσχελοῦντες
1335 951 1385 1004 οἱ
1442 955 1560 1011 ταῖς
1629 954 1736 1004 τῶν
1815 951 2153 1028 πραγμάτων
2215 948 2549 1024 μεταϐολαῖς
2627 949 2918 1027 χαίροντες
2978 950 3032 1012 ἐς
3104 946 3435 1021 Χαλκηδόνα
3493 948 3753 1006 διεπλωΐ-

333 1052 516 1115 ςοντο,
549 1042 750 1114 καὶτῷ
826 1038 1156 1114 Ἀνδρονίκῳ
1213 1038 1350 1094 κατὰ
1381 1038 1607 1116 φατρίας
1667 1039 2045 1115 συγγινόμενοι
2121 1044 2261 1119 φυὴν
2339 1042 2546 1097 ἐκείνου
2595 1042 2682 1096 καὶ
2730 1040 2878 1103 εἶδος
2954 1040 3154 1116 ἀγητὸν
3212 1040 3303 1094 καὶ
3335 1048 3511 1115 γῆρας
3552 1041 3746 1113 σεμνὸν

330 1130 743 1203 ἀπεθαύμαζον,
781 1129 956 1183 καὶτὸ
1029 1135 1129 1198 τῆς
1178 1126 1381 1182 ἐκείνου
1455 1128 1709 1202 γλώττης
1762 1135 2067 1205 τρυγῶντες
2102 1128 2427 1205 μελίκηρον,
2504 1131 2594 1185 καὶ
2653 1131 2726 1194 ὡς
2772 1129 3038 1206 ἅγρωστις
3080 1123 3292 1202 ὄμϐρον
3324 1130 3400 1203 (9)
3474 1129 3511 1200 ἢ
3554 1126 3746 1202 δρόσον

325 1225 657 1297 Ἐρμωνῖτιν
696 1224 763 1275 τᾶ
803 1215 905 1294 ὄρη
965 1220 1136 1287 Σιὼν,
1214 1216 1248 1272 ’ὰ
1304 1217 1371 1287 ἦν
1403 1218 1696 1294 ὑψηγορῶν
1770 1218 2141 1294 προσιέμενοι,
2199 1222 2335 1295 μετᾶ
2398 1219 2664 1291 πλείστης
2724 1219 3112 1295 ἐπανέστρεφον
3173 1225 3484 1294 χαρμονῆς,
3544 1220 3619 1280 ὡς
3679 1218 3749 1275 εἱ-

331 1332 431 1386 περ
460 1309 554 1371 τὰς
594 1306 867 1382 ᾀδομένας
900 1313 1106 1383 χρυσᾶς
1138 1305 1284 1369 ἔννας
1315 1307 1405 1361 καὶ
1428 1308 1528 1377 τήν
1552 1305 1938 1382 ἀληλεσμένην
1988 1313 2085 1363 τοῦ
2138 1308 2327 1383 μήλου
2385 1307 2594 1365 δίαιταν
2653 1307 2689 1379 ἤ
2740 1311 2840 1378 τὴν
2901 1309 3206 1383 λεγομένην
3258 1306 3422 1376 ἡλίου
3477 1308 3744 1382 τράπεζαν

328 1399 734 1474 παρακειμένην
793 1398 1021 1473 εὕραντο
1070 1397 1161 1452 καὶ
1227 1403 1547 1470 κατακορεῖς
1604 1396 1772 1467 αὐτῆς
1827 1397 2182 1474 ἐγεγόνεισαν,
2230 1400 2399 1453 Ἦσαν
2460 1398 2515 1453 ο’ί
2566 1399 2669 1453 κάκ
2733 1400 2959 1471 πρώτης
3013 1393 3190 1471 ὅψεως
3268 1395 3425 1461 εὐθὺς
3506 1397 3600 1452 τὸν
3684 1397 3735 1452 ἐν

334 1487 557 1565 δέρματι
614 1483 897 1563 προϐάτου
952 1485 1330 1562 κεκρυμμένον
1397 1486 1562 1542 λύκον
1617 1484 1932 1564 ἐγνώρισαν,
1991 1488 2082 1542 γαὶ
2136 1489 2229 1545 τὸν
2290 1490 2414 1543 ὅσον
2468 1489 2619 1543 ούπω
2680 1489 2813 1562 μετὰ
2872 1486 3072 1562 θάλψιν
3132 1486 3527 1561 ἐπιθησόμενον
3608 1487 3737 1567 ’ὄφιν

330 1581 419 1638 καὶ
449 1586 631 1643 κακῶς
660 1580 793 1643 τοὺς
824 1580 926 1635 ὑπὸ
957 1580 1166 1635 κόλπον
1199 1579 1455 1656 φέροντας
1496 1576 1780 1654 δράσοντα.

408 1671 495 1731 ιά’.
536 1672 664 1728 Ἐπὶ
692 1670 908 1730 τούτοις
934 1669 1162 1725 ἀνίενται
1195 1670 1288 1742 μὲν
1315 1676 1415 1739 τῆς
1446 1669 1667 1743 εἱρκτῆς
1708 1668 1872 1723 αὐτοῦ
1929 1690 1986 1723 τε
2016 1677 2062 1740 Β

330 1765 428 1816 τοῦ
456 1757 803 1835 Ἀνδρονίκου
823 1759 874 1814 οἱ
904 1757 1092 1820 παῖδες
1124 1761 1152 1813 6
1181 1760 1432 1829 Ἰωάννης
1489 1759 1576 1813 καὶ
1639 1759 1666 1812 6
1727 1758 1986 1827 Μανουὴλ

329 1850 420 1906 καὶ
477 1850 529 1905 οἱ
615 1846 806 1905 λοιποὶ
885 1848 978 1911 οὕς
1053 1849 1325 1923 καθεῖρξεν
1399 1850 1427 1901 6
1512 1843 2018 1923 πρωτοσεϐαστὸς,Δ

332 1938 678 2014 ἰγκλείονται
709 1935 758 1993 δ’
780 1934 982 2013 ⁴ἕτεροι,
1011 1938 1098 1998 οἷς
1130 1937 1287 2000 οὗτος
1340 1933 1712 2013 προσέϐλεπεν
1752 1940 1983 2012 ἣμερον,

322 2029 415 2084 καὶ
472 2028 600 2083 ὅσον
657 2034 760 2097 τῆς
816 2027 987 2082 αὐτοῦ
1039 2024 1259 2101 μερίδος
1314 2026 1405 2081 καὶ
1485 2026 1819 2102 συγγενείας.
1880 2027 1983 2083 Καὶ

330 2117 488 2180 αὐτὸς
516 2114 575 2172 δὲ
600 2117 740 2172 κατὰ
780 2114 847 2172 τὲ
896 2117 1165 2189 ἀνάκτορα
1222 2115 1556 2195 συλληφθεὶς
1617 2117 1644 2171 6
1701 2135 1984 2190 πρωτοσε-

328 2203 527 2268 ϐαστὸς
559 2207 648 2261 καὶ
682 2210 894 2285 φρουρᾷ
934 2202 1258 2283 διαληφθεὶς
1307 2211 1623 2278 Γερμανῶν,
1685 2202 1744 2259 ο’ί
1803 2225 1981 2259 κατω-

332 2293 503 2371 μαδὸν
551 2295 680 2359 τοὺς
740 2293 1133 2371 έτεροστόμους
1192 2293 1443 2355 πελέκεις
1493 2294 1779 2373 ἀνέχουσιν
1839 2296 1977 2367 (10),

325 2383 619 2461 ἀπρόσιτος
673 2382 884 2457 ἔμενεν.
938 2383 1098 2446 Αὖθις
1149 2380 1205 2437 δὲ
1258 2384 1365 2437 τῶν
1401 2384 1493 2457 μὲν
1549 2381 1838 2458 βασιλείων
1875 2382 1979 2438 λα·-

326 2474 529 2547 θραίως
580 2474 669 2528 καὶ
726 2472 850 2547 περὶ
922 2472 1087 2547 μέσας
1150 2471 1342 2532 νύκτας
1403 2471 1667 2550 ἐξάγεται,
1735 2477 1852 2534 τοῖς
1920 2470 1978 2527 δὲ

324 2563 464 2617 κατὰ
499 2564 562 2618 τὸ
593 2563 736 2637 ἱερὸν
771 2562 1061 2637 ἀνάκτορον
1096 2561 1365 2633 οἰκήμασι
1424 2558 1651 2634 δίδοται,
1680 2563 1751 2615 ὧν
1807 2560 1978 2635 δομή-

326 2672 443 2726 τωρ
470 2654 498 2707 ὁ
528 2652 876 2731 πατριάρχης
907 2650 1095 2730 γέγονε
1151 2651 1409 2727 Μιχαὴλ,
1474 2654 1609 2725 μετὰ
1661 2658 1763 2722 τῆς
1805 2652 1972 2723 αὐτῆς

325 2742 421 2795 καὶ
462 2740 628 2795 πάλιν
666 2743 755 2796 καὶ
809 2739 1067 2805 πλείονος
1142 2739 1540 2817 ἀσφαλεστέρας
1591 2747 1846 2819 φρουρᾶς.
1905 2744 1974 2797 ’Ὢ

327 2830 667 2904 πραγμάτων
723 2830 1125 2906 παλινπρόφου
1187 2836 1381 2908 φορᾶς,
1436 2831 1526 2885 καὶ
1558 2832 1747 2886 θᾶττον
1803 2831 1838 2900 ἢ
1872 2829 1971 2887 λό-

336 2938 437 2994 γος
474 2917 925 2994 μετακλινομένης
956 2919 1129 2975 ἐνίοτε
1164 2921 1176 2976 ί
1209 2920 1271 2976 Ὁ
1310 2921 1447 2976 κατὰ
1475 2927 1575 2991 τῆς
1642 2920 1971 2992 Ἐκκλησίας

2168 1670 2251 1726 il.
2288 1671 2426 1727 Post
2483 1671 2605 1726 haec
2656 1671 2770 1726 duo
2829 1669 3145 1726 Andronici
3204 1669 3332 1738 filii,
3389 1671 3650 1727 Joannes
3691 1675 3746 1727 et

2092 1759 2345 1829 Manuel,
2380 1762 2689 1833 ceterique
2720 1778 2869 1832 quos
2899 1762 3340 1832 prolosebastus
3396 1761 3455 1815 in
3509 1761 3746 1816 vincula

2094 1849 2442 1920 conjecerat,
2475 1865 2705 1907 carcere
2734 1851 3127 1920 emittuntur;
3189 1852 3246 1905 et
3304 1848 3403 1904 alii
3445 1865 3511 1904 eo
3554 1848 3748 1920 conji-

2092 1940 2346 2008 ciuntur,
2381 1941 2598 2012 quibus
2628 1940 2782 1996 idem
2814 1939 3062 2006 favebat,
3126 1942 3298 2010 atque
3357 1939 3501 1995 adeo
3549 1937 3742 1994 omnis

2090 2030 2221 2100 ejus
2255 2030 2429 2086 factio
2460 2038 2634 2102 atque
2668 2029 2959 2101 cognatio,
3007 2034 3065 2085 et
3122 2029 3247 2101 ipse
3305 2028 3747 2101 protosebastus

2090 2119 2150 2174 in
2174 2118 2392 2190 palatio
2423 2118 2881 2191 comprehensus
2916 2136 2949 2176 a
2998 2118 3266 2174 custodia
3317 2117 3746 2173 Germanorum

2089 2208 2372 2280 ancipites
2428 2224 2661 2264 secures
2715 2207 2773 2263 in
2837 2207 3093 2263 humeris
3151 2206 3511 2280 gestantium
3591 2205 3748 2262 exitu

2085 2297 2243 2354 824
2270 2297 2629 2368 prohibetur.
2664 2298 2775 2353 Sed
2834 2297 2944 2353 sub
3006 2296 3256 2352 mediam
3311 2298 3539 2351 noctem
3591 2294 3742 2351 clam

2084 2387 2300 2458 palatio
2331 2387 2578 2442 eductus
2610 2386 2666 2441 in
2697 2389 2844 2442 (edes
2877 2403 3057 2442 sacrae
3088 2386 3286 2451 curiae,
3320 2402 3463 2456 quas
3494 2384 3738 2456 patriar-

2082 2477 2194 2531 cha
2224 2475 2470 2532 Michael
2530 2478 2758 2545 struxit,
2820 2476 3181 2547 perducitur,
3243 2490 3373 2530 cum
3435 2475 3637 2530 eadem
3678 2481 3731 2529 et

2081 2568 2305 2639 majore
2336 2582 2401 2621 ac
2434 2566 2689 2621 firmiore
2719 2567 3004 2622 custodia.
3039 2565 3084 2620 Ο
3131 2564 3599 2620 vicissitudinem
3642 2581 3729 2620 re-

2079 2671 2211 2710 rum
2271 2655 2585 2726 aliquando
2644 2655 2799 2709 dicto
2856 2654 3023 2709 citius
3086 2654 3475 2724 ingruentem.
3536 2653 3590 2707 Is
3630 2652 3729 2721 qui

2080 2743 2266 2815 pridie
2324 2743 2546 2799 bellum
2605 2743 3037 2799 atrocissimum
3099 2741 3366 2797 Ecclesiae
3423 2740 3725 2810 intulerat,

2079 2835 2446 2907 amplissima
2477 2833 2695 2888 familia
2726 2837 2909 2901 ortus,
2944 2832 3004 2887 in
3036 2849 3270 2888 summo
3330 2831 3565 2903 fastigio
3609 2831 3730 2887 col-

2076 2924 2431 2995 locatus,qui
2455 2928 2662 2979 contra
2685 2923 2946 2979 ofﬁcium
2997 2922 3295 2993 snpplices
3337 2921 3472 2976 inde
3506 2921 3731 2977 abstra-

328 3007 465 3085 χθὲς
514 3007 818 3085 εἰσενεγκὼν
878 3011 1182 3086 ἀκήρυκτον
1237 3007 1482 3084 πόλεμον
1539 3010 1613 3072 ὡς
1668 3008 1842 3073 πολὺς
1907 3011 1968 3065 τὸ

2082 3014 2219 3071 here
2242 3015 2753 3085 studuerat,quem
2771 3014 2954 3069 multa
2985 3012 3171 3069 millia
3191 3013 3726 3085 circumsonabant,

318 3098 483 3171 γένος
510 3097 724 3168 καὶτήν
765 3099 942 3174 τύχην
1000 3098 1331 3175 ὕπέραυχος,
1389 3099 1480 3154 καὶ
1534 3102 1663 3162 τοὺς
1722 3097 1967 3180 φυγάδας

317 3185 522 3253 ἐκεῖθεν
551 3189 810 3245 ἀποσπῶν
847 3190 920 3251 ὡς
980 3191 1081 3245 οὐκ
1144 3184 1274 3260 ἔδει,
1313 3190 1404 3245 καὶ
1464 3187 1712 3266 μυριάσιν
1772 3190 1961 3266 ὄχλων

313 3275 852 3354 περιϐομϐούμενος,
885 3282 1122 3357 σήμερον
1158 3280 1379 3355 δέσμιος
1408 3282 1495 3337 καὶ
1532 3281 1793 3353 ἀνέστιος,
1854 3304 1961 3355 μη-

302 3361 425 3422 δένο
494 3365 639 3445 ἔχων
700 3366 913 3424 ἀπαδὸν
973 3368 1063 3425 καὶ
1125 3367 1489 3445 συλλήπτορα
1532 3371 1569 3441 ἢ
1602 3371 1691 3425 τὸν
1725 3371 1965 3439 σώζοντα

309 3456 401 3512 καὶ
461 3455 854 3533 λυτρούμενον.
911 3460 973 3516 Ὀ
1033 3456 1089 3513 δὲ
1145 3456 1491 3534 ἐδυσχέραινε
1533 3460 1627 3533 μὲν
1662 3459 1795 3515 κάπί
1833 3460 1964 3515 τού-

301 3564 446 3617 τοις,
478 3545 796 3611 ἐπαθαίνετο
830 3544 888 3602 δὲ
921 3548 1183 3620 μειζόνως
1234 3546 1317 3603 ὅτι
1364 3550 1438 3622 μὴ
1474 3551 1608 3621 εῷτο
1666 3549 1964 3604 ὕπνώττειν

311 3633 421 3690 ὑπὸ
447 3641 554 3692 τῶν
589 3634 849 3715 φυλάκων
874 3637 955 3692 ἀεὶ
1000 3636 1404 3693 ἐπιπιπτόντων
1446 3638 1591 3711 αὐτῷ
1614 3639 1751 3713 πρὸς
1796 3638 1960 3694 ὕπνον

314 3727 638 3803 τρεπομένῳ
694 3727 783 3781 καὶ
839 3728 1138 3802 βιαζόντων
1207 3728 1354 3799 ἱστᾷν
1426 3727 1554 3791 τοὺς
1640 3727 1962 3805 ὀφθαλμοὺς

312 3816 496 3892 ὣσπερ
520 3814 684 3891 κέρας
717 3815 752 3886 ἢ
787 3814 1029 3891 σίδηρον.
1058 3817 1121 3873 Ὀ
1166 3813 1225 3872 δὲ
1280 3818 1629 3895 πατριάρχης
1692 3819 1767 3890 μή
1831 3840 1965 3892 μνη-

311 3912 551 3965 σικακῶν
583 3905 713 3962 ἀλλ’
735 3905 1019 3983 οἴκτείρων
1046 3913 1147 3976 τῆς
1195 3903 1505 3981 μεταϐολῆς
1548 3912 1633 3981 [Ρ.
1685 3911 1811 3982 162]
1868 3910 1960 3963 τὸν

313 3992 600 4071 ἄνθρωπον
664 3993 954 4068 θεραπείας
1000 4016 1060 4051 τε
1108 3996 1295 4066 ἱκανῆς
1332 3994 1612 4070 μετεδίδου
1660 3996 1750 4052 καὶ
1836 4020 1960 4074 συγ-

312 4086 601 4162 γινόμενες
678 4085 743 4139 τὸ
799 4084 937 4160 ἄχος
995 4084 1269 4164 ἐκούφιζε,
1326 4087 1415 4141 καὶ
1480 4087 1714 4162 μετρίως
1774 4086 1962 4161 ἐκείνῳ

313 4173 713 4253 προσφέρεσθαι
796 4175 1026 4250 παρῄνει
1101 4180 1216 4236 τοῖς
1272 4173 1466 4248 φύλαξι
1535 4174 1675 4250 μηδὲ
1728 4176 1962 4250 γίνεσθαι

317 4264 651 4342 βαρυτέρους
678 4264 853 4338 τύχης
911 4272 1012 4333 τῆς
1043 4263 1363 4335 ἐνεστώσης.
1398 4264 1473 4321 Οὔ
1512 4268 1620 4338 μήν
1649 4264 1776 4320 ἀλλ’
1822 4270 1963 4340 ἡμε-

315 4358 427 4432 ρῶν
452 4375 611 4410 τινων
648 4350 1019 4408 διαλιπουσῶν
1053 4354 1187 4427 ἑῷος
1211 4352 1468 4427 ἀπάγεται
1496 4351 1592 4408 τοῦ
1649 4352 1753 4409 νεὼ
1807 4355 1961 4429 ἳππῳ

319 4423 653 4519 βραχυτάτῳ
734 4423 1134 4516 ἐπικαθήμενος
1190 4442 1283 4496 καὶ
1332 4423 1750 4516 ϋπροοδεύουσαν
1820 4423 1963 4518 ἔχων
1998 4423 2043 4491 D

321 4532 557 4604 σημαίαν
582 4529 673 4586 ἐπὶ
722 4529 959 4606 καλάμῳ
1015 4532 1399 4604 ἠνεμιυμένην,
1453 4530 1543 4585 καὶ
1599 4534 1965 4607 παροινούμε-

316 4643 410 4686 νος
466 4621 610 4678 οὕτω
668 4623 855 4693 κατήει
887 4622 1025 4698 πρὸς
1077 4620 1372 4680 Θάλασσαν.
1408 4620 1665 4685 Κάκεῖθεν
1694 4622 1967 4698 παραῤῥι-

314 4711 433 4793 φεῖς
468 4708 658 4766 ἁλιάδι
689 4709 740 4773 ἐς
771 4711 834 4765 τὸ
863 4711 1027 4786 πέραν
1078 4708 1330 4787 ἀνάγεται
1386 4710 1524 4784 πρὸς
1588 4708 1960 4784 Ἀνδρόνικον,

309 4801 500 4862 ἔπειτα
521 4798 760 4864 καὶτοὺς
792 4799 1112 4876 ὀφθαλμοὺς
1145 4796 1501 4874 ἐξορύττεται,
1542 4803 1740 4863 κοινῶς
1792 4800 1961 4855 ἁπάν-

2081 3104 2132 3160 is
2164 3104 2438 3177 perendie
2468 3104 3001 3172 vinctus,extorris,
3026 3102 3257 3159 nullum
3289 3103 3727 3176 pedissequum,

2083 3192 2312 3249 nullum
2354 3194 2707 3265 adjutorem,
2741 3193 2969 3248 nullum
3001 3192 3291 3250 vindicem
3333 3192 3560 3249 habuit.
3593 3194 3728 3260 Qum

2080 3298 2213 3338 cum
2247 3298 2395 3354 aegre
2427 3282 2622 3351 ferret,
2656 3281 2798 3337 illud
2834 3281 3023 3354 magis
3082 3282 3454 3354 querebatur,
3490 3282 3647 3353 quod
3699 3297 3731 3337 a

2079 3373 2426 3427 custodibus
2458 3371 2709 3428 dormire
2740 3371 3169 3444 prohiberetur,
3200 3371 3451 3427 subinde
3509 3373 3731 3427 irruen-

2080 3462 2240 3517 tibus
2270 3465 2326 3517 et
2347 3461 2611 3518 immotis
2642 3462 2827 3517 oculis
2858 3466 3049 3517 astare
3105 3462 3467 3533 cogentibus.
3523 3464 3596 3516 At
3625 3478 3731 3533 pa-

2079 3550 2335 3606 triarcha
2366 3551 2583 3607 oblitus
2648 3552 3023 3622 injuriarum,
3083 3555 3139 3605 et
3190 3553 3431 3605 mutatae
3484 3550 3730 3606 fortunae

2079 3640 2376 3709 misertus,
2409 3657 2524 3695 non
2557 3657 2793 3712 parvam
2825 3641 2953 3711 ejus
2987 3656 3184 3694 curam
3238 3639 3436 3709 gessit,
3471 3641 3527 3693 et
3574 3655 3725 3694 onus

2076 3729 2225 3784 illud
2254 3745 2360 3785 suo
2392 3728 2677 3799 colloquio
2737 3730 2964 3795 levavit,
3022 3729 3265 3784 hortans
3325 3731 3390 3782 ut
3428 3727 3725 3782 moderate

2077 3834 2210 3874 cum
2239 3817 2583 3873 custodibus
2613 3822 2827 3887 ageret,
2889 3833 3076 3889 neque
3134 3816 3504 3888 arrogantius
3545 3831 3722 3886 quam

2075 3926 2180 3981 pro
2208 3907 2441 3963 fortuna
2463 3906 2814 3978 loqueretur.
2839 3907 3071 3977 Aliquot
3089 3907 3293 3961 diebus
3326 3905 3559 3976 elapsis,
3593 3921 3724 3961 ma-

2076 4000 2265 4056 tutino
2296 4002 2555 4070 tempore
2585 4014 2652 4052 ex
2684 3997 2900 4069 templo
2949 3998 3279 4063 abducitur,
3328 4000 3384 4052 et
3443 3995 3722 4052 minutis-

2077 4091 2225 4146 simo
2274 4088 2487 4160 equulo
2540 4087 2876 4158 impositus,
2910 4086 3138 4155 vexillo,
3173 4087 3327 4157 quod
3384 4085 3443 4141 in
3494 4086 3720 4142 calamo

2074 4180 2483 4247 ventilabatur,
2517 4182 2830 4251 praeeunte,
2891 4194 2990 4251 per
3047 4177 3371 4234 ludibrium
3432 4178 3502 4233 ad
3563 4192 3722 4234 mare

2077 4271 2364 4325 deductus
2391 4273 2447 4324 et
2476 4270 2535 4323 in
2566 4267 2801 4323 lintrem
2860 4268 3158 4338 conjectus
3216 4268 3284 4322 ad
3318 4267 3717 4323 Andronicum

2078 4359 2355 4414 defertur.
2388 4359 2524 4414 Post
2554 4358 2723 4413 etiam
2777 4358 2926 4414 325
2989 4358 3060 4412 de
3117 4358 3405 4413 sententia
3453 4357 3717 4412 omnium

2075 4449 2600 4519 procerum,jussu
2630 4448 2945 4502 Andronici
2978 4451 3317 4502 excaecatur.
3368 4446 3473 4501 Hic
3532 4448 3721 4501 exitus

2075 4536 2184 4593 fuit
2214 4536 2483 4608 potentiae
2535 4553 2600 4592 ac
2658 4536 2855 4609 potius
2913 4535 3176 4591 nondum
3236 4537 3476 4591 firmata
3532 4538 3726 4607 tyran-

2075 4626 2227 4682 nidis
2260 4631 2318 4683 et
2348 4626 2879 4683 administrationis
2910 4625 3297 4699 protosebasti
3325 4642 3339 4695 ;
3399 4624 3500 4696 qui
3554 4624 3624 4692 si,
3660 4628 3724 4681 ut

2076 4719 2199 4770 erat
2229 4715 2405 4773 homo
2436 4717 2517 4772 rei
2550 4716 2764 4772 bellicae
2805 4716 3026 4788 peritus
3078 4719 3135 4772 et
3180 4732 3293 4771 non
3353 4714 3620 4787 ignavus,
3645 4715 3723 4770 ila

2076 4804 2331 4875 majores
2362 4806 2560 4877 copias
2592 4808 2991 4879 comparasset
3044 4808 3100 4861 et
3147 4803 3368 4876 majore
3421 4803 3724 4878 vigilantia

1690 4959 1876 5027 Hier.
1911 4960 2152 5029 \Volﬁi
2179 4968 2381 5030 notae.

382 5106 460 5173 (9)
516 5101 739 5178 T6_tﬁ_c
806 5099 1012 5178 ἐκείνου
1081 5097 1334 5178 γλώττης
1411 5102 1966 5178 τρυγωντεςῃμελί-

304 5167 480 5258 κηρόν
538 5172 634 5258 καὶ
686 5167 759 5234 ὧς
806 5167 1105 5258 ἄγρωστιί
1139 5167 1369 5258 ὄμϐρον.
1443 5167 1662 5258 Favurn
1748 5167 1962 5258 lingua)

303 5244 493 5310 illius,
526 5252 594 5302 ut
624 5244 1155 5318 grameri'imbrem
1181 5244 1284 5318 aut
1329 5262 1524 5301 rorem
1576 5244 1962 5302 Ilermonium

300 5325 546 5381 montes
568 5316 1352 5390 Sionii,magniloqucnti_am
1375 5318 1503 5387 ejus
1534 5319 1966 5390 amplecteban-

300 5400 420 5462 tur,
456 5388 1127 5462 maxima‘cum’lmtitia
1155 5388 1812 5462 redeuntes,nonsecus
1833 5408 1896 5446 ac
1913 5391 1961 5445 si

295 5459 557 5525 aureum
574 5460 860 5516 saeculum
885 5465 943 5515 et
964 5459 1240 5515 molitum
1264 5460 1437 5515 molae
1454 5462 1674 5517 victum
1694 5467 1795 5516 aut
1817 5463 1961 5517 solis

295 5550 580 5596 mensam
632 5532 961 5603 appositam
1018 5532 1399 5603 reperissent,
1453 5538 1565 5588 etc.
1625 5533 1814 5588 Verba
1858 5533 1957 5599 τήν

296 5599 1036 5677 ἀληλεσμένηντοῦ-μύλου
1058 5599 1264 5656 δίαιταν
1298 5610 1573 5677 suspecta
1605 5605 1749 5657 mihi
1801 5611 1958 5672 sunt,

292 5672 414 5739 nisi
451 5672 540 5735 sit
560 5691 771 5733 recens
802 5672 1041 5745 aliquod
1084 5672 1482 5748 proverbium.
1519 5678 1827 5748 Utcunque
1860 5677 1956 5743 sit,

2079 5123 2182 5179 ego
2213 5106 2571 5179 sententiam
2602 5107 2963 5179 expressisse
2985 5113 3301 5179 contentus
3325 5110 3431 5166 fui.

2341 5177 2483 5239 Τοὺς
2567 5177 2957 5255 ἔτερ-οστ-ὀμους
3061 5178 3307 5255 πελέκεις
3409 5180 3715 5255 ἀνέχουσιν,

2073 5246 2382 5324 Τοὲτερον,
2414 5257 2479 5305 ut
2507 5246 2685 5324 supra
2717 5246 2895 5307 etiam
2924 5254 3150 5315 monui.
3195 5254 3254 5307 in
3287 5246 3716 5324 compositione

2071 5323 2195 5377 iere
2238 5324 2553 5405 alterumue
2614 5323 2860 5405 duobus.
2905 5324 3215 5405 signiﬁcat,
3274 5331 3360 5405 ut_
3390 5323 3720 5405 ἑτερόφθαλ-

2076 5413 2177 5472 μος
2211 5395 2426 5472 coclcs._
2455 5395 2559 5449 Iiie
2588 5413 2695 5465 pro
2728 5395 2976 5472 ancipiti
3009 5396 3175 5464 verti,
3207 5396 3365 5472 quod
3386 5395 3715 5472 intelligere

2070 5465 2725 5537 ypideturhcllemparlas.
2762 5467 2817 5521 Si
2852 5465 2983 5537 quis
3004 5484 3137 5521 vero
3172 5468 3507 5537 partisonas
3536 5465 3716 5526 irith-

2071 5485 2725 5536 viueiurncuemparras.
2762 5485 2817 5521 δι
2852 5485 2871 5519 c
2895 5485 2983 5521 ωδ
3004 5485 3137 5521 vero
3172 5485 3507 5537 parusonas
3536 5485 3714 5526 inter-

2069 5535 2253 5617 ligere
2284 5536 2651 5619 mavultm‘on
2684 5485 2960 5619 imperiio.
3015 5537 3089 5592 Τὸ
3140 5537 3495 5619 ἑτερόστομον
3535 5543 3714 5619 .certe

2069 5608 2309 5662 nonnisi
2342 5625 2447 5679 per
2462 5609 2737 5680 ambages
2752 5609 3029 5665 molestas
3042 5608 3277 5680 proprie
3301 5608 3709 5679 explicabitur.
