4126 6294
445 398 566 462 603

1758 389 2072 452 ΝΙΟΕΤΕ
2111 391 2542 456 ΟΗΟΝΙΑΤΛΕ

3727 395 3846 456 604

445 550 572 592 rem
602 531 904 606 gessisset,
961 534 1084 585 tam
1137 525 1532 584 Andronicum
1601 523 1766 582 urbis
1821 527 2094 600 ingressu

2213 547 2318 583 των
2347 531 2456 583 τῶν
2475 526 2528 584 ἐν
2561 529 2812 608 ὑπεροχῇ
2844 527 3210 596 συνελθόντων
3251 533 3346 586 καῖ
3405 529 3522 603 μετ’
3577 524 3853 602 Ἀνδρονί-

449 624 760 698 prohibere
790 635 967 694 quam
999 619 1125 690 ipse
1154 617 1254 672 illa
1314 617 1468 672 mala
1525 617 1743 673 evitare
1791 617 2098 690 potuisset.

453 720 597 771 Nam
653 713 724 767 de
781 707 1173 782 imperatoriis
1221 706 1516 763 thesauris
1563 722 1798 763 sumere
1840 705 2104 763 licuisset

453 809 738 878 quantum
769 798 1042 856 libuisset
1080 816 1094 854 :
1127 801 1185 852 et
1217 797 1554 853 triremibus
1585 797 1656 852 ad
1689 795 2101 853 debellandum

451 889 850 949 adversarium
883 889 968 944 uti
1025 885 1336 960 potuisset,
1369 887 1428 940 in
1479 884 1696 958 quibus
1747 885 1932 941 Latini
1991 885 2105 941 mi-

447 982 580 1038 lites
606 986 791 1047 erant,
823 981 944 1034 tota
976 977 1240 1032 Romana
1278 973 1468 1031 classe
1522 975 1798 1047 potiores,
1828 975 1930 1031 toti
1990 975 2104 1030 fer-

447 1071 531 1127 rei
562 1074 622 1126 et
650 1067 900 1124 cruenti.
935 1066 1234 1121 Enimvero
1260 1079 1420 1132 eum,
1451 1065 1565 1120 fato
1613 1064 1979 1131 adversante,
2011 1080 2103 1120 se-

447 1161 710 1236 gniorem
728 1155 1098 1213 Andronicus
1125 1153 1316 1210 factus
1341 1153 1588 1209 alacrior
1627 1154 1854 1225 evertit,
1888 1153 2104 1210 illustri

452 1248 694 1307 victoria
723 1245 983 1320 potitus;
1015 1244 1278 1316 quidam
1310 1243 1464 1299 ultra
1491 1243 1707 1299 fretum
1737 1243 1929 1299 adhuc
1975 1258 2104 1298 ver-

457 1343 704 1406 saretur,
738 1337 937 1392 missis
972 1333 1314 1390 triremibus
1371 1349 1500 1404 quae
1558 1349 1839 1404 magnum
1893 1333 2102 1389 ducem

457 1428 855 1500 sequebantur
876 1429 933 1481 et
950 1423 1192 1480 delectis
1222 1440 1290 1480 ex
1313 1439 1416 1478 suo
1455 1421 1692 1478 exerciti
1740 1421 2102 1493 cohortibus,

456 1518 678 1576 bellum
708 1514 930 1572 Latinis
976 1516 1037 1570 in
1088 1511 1233 1568 urbe
1286 1511 1661 1568 versantibus
1718 1510 1914 1567 infert.
1958 1512 2102 1566 Cum

454 1613 652 1664 autem
674 1605 900 1660 urbana
921 1617 1154 1676 quoque
1177 1600 1489 1656 multitudo
1516 1599 1744 1656 animos
1773 1606 1974 1656 contra
2003 1615 2103 1656 eos

450 1695 808 1768 sumpsisset
837 1698 893 1749 et
923 1691 1166 1748 invicem
1201 1691 1270 1747 ad
1287 1695 1524 1747 strenue
1547 1691 1700 1746 326
1720 1689 2101 1762 pugnandum

448 1784 735 1845 cohortati
771 1787 988 1850 essent,
1019 1785 1175 1838 terra
1233 1779 1499 1851 marique
1557 1779 1730 1835 simul
1773 1782 2100 1852 pugnatum

2207 637 2306 672 κου
2337 619 2435 686 τὴν
2465 620 2727 690 τοιαύτην
2758 621 2948 696 πρᾶξιν
3007 623 3432 694 κυρωσαμένων.
3490 620 3596 679 Καὶ
3634 620 3852 676 τοιοῦτο

2212 707 2307 779 μὶν
2364 705 2431 762 τά
2483 715 2584 778 τῆς
2639 713 2737 764 τοῦ
2787 705 3243 784 πρωτοσιϐαστοῦ
3301 709 3766 780 παραδυναστείας
3817 711 3852 779 ἢ

2212 795 2426 870 μᾶλλον
2457 795 2610 854 οὔπω
2641 799 2908 874 παγείσης
2955 795 3198 876 ἀκριϐῶς
3231 797 3540 874 τυραννίδος
3595 799 3690 856 καὶ
3754 805 3854 869 τῆς

2207 887 2316 937 τῶν
2346 888 2564 954 ίκοινῶν
2622 887 2960 961 πραγμάτων
3032 885 3354 957 διοικήσεως
3409 888 3573 964 πέρας
3629 886 3858 964 εἰλήφε-

2208 993 2321 1032 σαν.
2354 975 2497 1048 Εἶχε
2529 975 2624 1048 μὲν
2659 973 2750 1030 οῦν
2791 977 2885 1038 τὰς
2917 981 3110 1051 χεῖρας
3177 977 3254 1039 εἷς
3312 977 3607 1051 παράταξιν
3666 975 3855 1038 ἱκανάς

2205 1063 2450 1126 καὶτοὺς
2510 1062 2810 1128 δακτύλους
2844 1066 2980 1140 πρὸς
3039 1064 3288 1139 πόλεμον
3333 1063 3668 1136 ἐδεδίδακτο,
3729 1064 3858 1120 ἴσως

2209 1149 2255 1206 δ’
2287 1150 2345 1207 ἂν
2379 1153 2468 1208 καὶ
2508 1152 2724 1208 πλείονι
2756 1153 3008 1229 πολέμου
3039 1158 3350 1230 παρασκευῇ
3380 1154 3470 1210 καὶ
3516 1155 3666 1230 ὁρμῇ
3726 1155 3858 1224 ὀξυ-

2205 1245 2335 1318 τέρα
2362 1245 2708 1320 χρησάμενος
2738 1249 2818 1316 τῷ
2848 1265 2908 1300 τε
2945 1242 3285 1320 Ἀνδρονίκῳ
3312 1246 3411 1314 τήν
3457 1244 3532 1308 εἷς
3563 1245 3667 1313 τὴν
3691 1243 3860 1301 πόλιν

2207 1331 2445 1408 πάροδον
2474 1335 2792 1414 ἀπετείχισε
2819 1335 2905 1390 καὶ
2975 1331 3160 1390 ἐαυτὸν
3222 1335 3511 1410 ἀπείρατον
3568 1332 3862 1412 διεφύλαξε

2205 1426 2304 1476 τοῦ
2331 1421 2631 1500 ἐφεστῶτος
2661 1427 2853 1479 κακοῦ⁶
2884 1429 3060 1480 ποιεῖν
3091 1425 3192 1498 γὰρ
3228 1423 3316 1480 ἐπὶ
3367 1428 3488 1486 τοῖς
3551 1422 3861 1499 βασιλείοις

2207 1509 2445 1582 ἠδύνατο
2477 1515 2768 1588 θησαυροῖς
2805 1514 2980 1570 ὁπόσα
3026 1509 3326 1585 ἠϐούλετο,
3385 1513 3478 1568 καὶ
3523 1519 3644 1576 ταῖς
3701 1515 3863 1586 τριή-

2211 1621 2354 1678 ρεσιν
2412 1601 2534 1672 ἐνῆν
2594 1604 2904 1678 χρήσασθαι
2969 1602 3106 1679 πρὸς
3173 1605 3273 1672 τήν
3332 1607 3429 1660 τοῦ
3471 1603 3864 1676 ἀνθισταμένου

2207 1691 2653 1766 καταπολέμησιν
2705 1691 2768 1748 αἶ’
2809 1693 2872 1749 τὸ
2930 1692 2990 1749 ἐκ
3036 1694 3278 1749 Λατίνων
3337 1693 3489 1768 εἶχον
3550 1694 3861 1760 ὁπλιτικὸν,

2209 1783 2352 1840 οὕτω
2395 1785 2489 1857 μιν
2519 1783 2960 1859 ἐπικρατέστερον
3017 1779 3074 1838 ὅν
3135 1788 3230 1838 τοῦ
3286 1785 3603 1858 Ῥωμαϊκοῦ
3659 1785 3863 1838 παντά-

449 1879 541 1932 est
571 1894 586 1944 ;
619 1878 677 1930 et
705 1871 896 1929 Latini
928 1887 961 1926 a
989 1870 1221 1926 duobus
1281 1868 1636 1926 exercitibus
1695 1867 2100 1936 circumventi,

2213 1893 2337 1930 πασι
2366 1877 2643 1942 ναυτικοῦ,
2677 1873 2824 1927 οὕτω
2883 1869 2940 1927 δὶ
2979 1871 3306 1948 πάγχαλκον
3363 1873 3453 1928 καὶ
3511 1870 3644 1928 ὅλον
3700 1873 3866 1945 αἱμοο

454 1965 595 2038 quia
611 1979 674 2019 se
693 1961 1004 2018 defendere
1031 1977 1144 2016 non
1169 1962 1459 2031 poterant,
1492 1961 1557 2014 ut
1605 1957 1854 2030 quisque
1890 1960 2101 2030 potuit,

451 2053 701 2114 salutem
729 2051 1143 2126 quasiverunt,
1177 2049 1392 2121 apertis
1425 2048 1496 2104 ad
1520 2047 1915 2120 diripiendum
1960 2049 2099 2104 tedi-

446 2143 583 2212 bus,
613 2158 737 2212 quae
769 2140 953 2214 plenae
989 2139 1326 2196 divitiarum
1371 2137 1564 2194 omnis
1611 2136 1843 2208 generis
1863 2153 2099 2194 eorum-

445 2249 556 2306 que
575 2233 863 2288 bonorum
887 2229 1124 2286 fuerunt
1145 2245 1273 2301 quas
1298 2228 1573 2286 mortales
1594 2231 1862 2300 expetere
1881 2230 2095 2286 solent.

441 2323 640 2395 Neque
669 2321 825 2378 enim
862 2320 1206 2385 consistere,
1241 2333 1432 2390 neque
1478 2323 1776 2374 Romanos
1802 2317 2100 2387 invadere,

449 2430 641 2487 neque
671 2429 871 2470 eorum
896 2412 1182 2483 impetum
1215 2409 1505 2466 sustinere
1548 2409 1864 2466 audebant.
1898 2409 2101 2482 Itaque

450 2503 574 2570 alii,
607 2518 719 2574 quo
739 2516 867 2558 sors
897 2499 1052 2566 tulit,
1075 2499 1134 2553 in
1167 2499 1312 2554 urbe
1368 2505 1507 2555 sunt
1562 2499 1852 2570 dispersi;
1885 2499 1985 2555 alii
2038 2500 2099 2556 in

451 2595 794 2664 magnatum
839 2591 991 2646 aedes
1038 2592 1388 2659 evaserunt;
1447 2586 1548 2644 alii
1602 2587 1795 2661 longis
1854 2589 2100 2646 navibus

452 2696 694 2737 suorum
726 2677 1096 2752 pepularium
1131 2677 1470 2733 conscensis
1500 2677 1717 2733 ferrum
1749 2677 1844 2734 vix
1901 2695 2101 2735 evase-

447 2767 722 2834 runt.Qui
745 2767 1155 2840 comprehensi
1178 2767 1356 2838 fuere,
1383 2766 1592 2847 capitis
1615 2771 1752 2822 sunt
1789 2767 2052 2824 damnati
2083 2788 2098 2839 ;

353 2851 360 2856 ’
448 2875 654 2916 omnes
685 2858 767 2914 rei
803 2855 1108 2914 familiaris
1139 2856 1430 2928 iacturam
1485 2855 1766 2912 fecerunt.
1810 2856 2103 2914 Triremes

445 2964 580 3005 vero
613 2946 873 3020 fugitivis
905 2945 1116 3018 plenae,
1147 2949 1205 3002 et
1259 2943 1548 3018 portubus
1593 2945 1756 3002 urbis
1789 2943 1846 3000 in
1879 2945 2100 3002 Helles-

454 3043 699 3112 pontum
731 3041 1032 3108 provectm,
1065 3051 1131 3092 eo
1191 3034 1283 3092 die
1340 3035 1412 3090 ad
1471 3033 1698 3091 insulas
1729 3034 2018 3106 Principis
2048 3039 2106 3092 et

456 3132 694 3186 Protam
711 3130 1066 3196 casterasque
1090 3125 1220 3182 urbi
1247 3124 1491 3192 vicinas,
1524 3141 1639 3180 non
1686 3124 1747 3179 in
1792 3123 1906 3180 alto
1937 3125 2100 3195 sitas,

463 3216 834 3288 appulerunt.
851 3213 1154 3279 Postridie,
1186 3211 1488 3269 nonnullis
1509 3228 1706 3269 earum
1733 3214 2104 3273 monasteriis

459 3303 740 3369 incensis,
771 3301 914 3359 velis
943 3302 1236 3374 remisque
1259 3302 1673 3360 discesserunt.
1698 3304 1942 3362 Nemine
1997 3322 2101 3362 au-

457 3397 572 3451 tem
597 3391 1107 3466 persequente,uhi
1130 3391 1348 3465 placuit
1368 3392 1654 3450 descensu
1684 3394 1858 3465 iacto,
1891 3396 2102 3454 Roma-

453 3484 546 3540 nis
568 3481 857 3555 q'iidquid
887 3485 1125 3554 potuere
1157 3487 1506 3539 nocuerunt.

457 3590 574 3641 σαν,
675 3571 710 3640 ἢ
811 3569 946 3626 κατά
973 3569 1262 3642 Ῥωμαίων
1363 3568 1669 3642 ἐπήλθοσαν
1701 3567 1884 3643 αὸτοὶ,

2141 3260 2188 3328 C

1987 3575 2022 3644 ἤ
2063 3573 2211 3638 ’ὀλως
2244 3573 2494 3638 ἐπιόντας

2213 1961 2398 2039 χαρές.
2428 1961 2612 2018 Ἀλλά
2640 1959 2738 2017 τοῦ
2779 1963 3082 2037 μορσίμου,
3108 1961 3184 2024 ὡς
3231 1958 3430 2030 ἔοικεν,
3490 1961 3868 2036 ἀντικρούσαν-

2207 2071 2302 2114 τος
2334 2051 2362 2108 ὁ
2396 2053 2490 2124 μὲν
2527 2052 2590 2107 τὸ
2641 2050 2926 2127 πρόθυμον
2985 2049 3352 2126 ὑπεχάλασεν,
3412 2048 3759 2126 Ἀνδρόνικος
3819 2047 3864 2105 δ’

2209 2140 2472 2204 ἐπιτείνας
2544 2139 2862 2196 ὑπεσκέλισε
2917 2140 3135 2196 τουτονί
3192 2140 3282 2195 καὶ
3343 2137 3648 2216 ὑπέδραμεν
3715 2140 3866 2197 ἀντι-

2210 2229 2502 2306 τρέχοντα,
2533 2229 2624 2284 καὶ
2681 2230 2780 2298 τὴν
2820 2228 2976 2300 νίκην
3027 2226 3286 2302 λαμπρὰν
3337 2229 3704 2305 ἀπηνέγκατο.
3762 2231 3862 2294 Ὃς

2207 2317 2466 2374 καὶκατά
2501 2319 2598 2387 τήν
2653 2316 2876 2392 περαίαν
2928 2312 3008 2372 ἔτι
3065 2311 3381 2394 διατρίϐων,
3429 2315 3650 2382 στείλας
3703 2321 3865 2394 τριή-

2209 2427 2322 2482 ρεις
2354 2407 2476 2462 δσάι
2546 2405 2724 2462 ὀπίσω
2781 2407 2878 2462 τοῦ
2935 2405 3176 2482 μεγάλου
3237 2404 3430 2469 δουκὸς
3476 2406 3858 2479 ἠκολούθησαν

2208 2496 2313 2554 κάκ
2365 2497 2472 2552 τῶν
2533 2497 3122 2568 συνακολουθησάντων
3188 2496 3339 2569 αύτῷ
3407 2497 3544 2553 κατὰ
3623 2495 3861 2574 πάροδον

2213 2591 2617 2662 στρατιωτικῶν
2658 2585 2979 2661 καταλόγων
3043 2585 3182 2642 ἃπαν
3241 2584 3550 2657 ἐπίλεκτον,
3609 2587 3859 2664 πόλεμον

2211 2683 2495 2752 συγκροτεῖ
2543 2678 2679 2732 κατὰ
2741 2680 2847 2732 τῶν
2909 2676 2960 2731 ἐν
3013 2679 3082 2750 τῇ
3141 2676 3302 2732 πόλει
3351 2678 3622 2736 Λατίνων.
3655 2679 3760 2736 Καὶ
3795 2676 3860 2748 δὴ

2209 2767 2298 2822 καὶ
2330 2770 2428 2821 τοῦ
2461 2763 2644 2840 δήμου
2673 2771 2772 2836 τῆς
2802 2765 3019 2830 πόλεως
3060 2763 3538 2840 ἀνιθαῤῥήσαντος
3591 2770 3706 2822 κατ’
3761 2769 3863 2824 αὑ-

2209 2860 2316 2912 τῶν
2375 2856 2469 2910 καὶ
2525 2853 2814 2925 ἀλλήλους
2873 2854 2926 2916 ἐς
3002 2855 3370 2929 συνασπισμὸν
3455 2858 3864 2931 παραθήεαντος

2213 2942 2500 3008 θαλάττιος
2557 2945 2696 3016 ὁμοῦ
2751 2943 2842 2997 καὶ
2894 2942 3128 3017 ἐπίγειος
3186 2940 3299 3020 ἔρις
3331 2943 3542 3024 φύεται.
3591 2947 3691 3002 Καὶ
3726 2947 3861 3022 πρὸς

2213 3030 2370 3108 ἄμφα
2401 3034 2468 3088 τὰ
2514 3032 2705 3104 πλήθη
2766 3030 3161 3107 κυκλωσάμενά
3214 3053 3273 3088 τε
3335 3035 3427 3089 καὶ
3487 3035 3865 3110 περιζώσαντα

2217 3123 2295 3196 μή
2361 3121 2734 3178 ἀντιπαλαίειν
2791 3122 3067 3184 σθένοντες
3135 3123 3186 3177 οἱ
3245 3127 3489 3193 Λατῖνοι,
3550 3123 3624 3186 ὡς
3676 3124 3850 3198 εἶχον,

2215 3211 2441 3278 ἕκαστος
2471 3215 2663 3284 σώζειν
2692 3211 2915 3276 ἑαυτοὺς
2946 3207 3310 3282 ἐπεϐάλοντο,
3337 3215 3432 3276 τὰς
3476 3212 3644 3275 οἰκίας
3697 3212 3846 3267 ἀνὲνο

2216 3325 2304 3368 τες
2333 3303 2567 3378 πλήρεις
2593 3303 2837 3360 πλούτου
2867 3305 3069 3366 παντὸς
3123 3303 3215 3358 καὶ
3255 3301 3549 3361 πολυειδῶν
3617 3302 3851 3380 ἀγαθῶν,

2212 3393 2388 3450 ὁπόσα
2465 3391 2890 3466 μεταδιώκουσιν
2974 3392 3277 3468 ἂνθρωποι,
3323 3398 3440 3456 τοῖς
3493 3390 3858 3468 βουλομένοις

2209 3485 2588 3560 προ-νόμευμα,
2622 3481 2749 3540 οὐδὲ
2775 3484 2876 3560 γὰρ
2939 3483 3110 3558 μένειν
3165 3485 3302 3539 κατὰ
3361 3485 3548 3560 χώραν
3607 3483 3864 3556 ἐτόλμη-

2597 3573 2920 3645 ὑπέστησαν,
2951 3573 3223 3637 Ἐντεῦθεν
3256 3574 3308 3628 οἱ
3387 3573 3482 3648 μὶν
3521 3573 3658 3628 κατὰ
3695 3569 3857 3628 πόλιν

452 3657 831 3734 διασπαρέντες
887 3660 962 3722 ὡς
1021 3656 1234 3735 ἔτυχεν,
1267 3657 1432 3716 ἄλλοι
1490 3661 1845 3736 προσρυέντες
1902 3659 2110 3726 οἴκοις.
2147 3664 2532 3741 ὑπερηφάνοις,
2600 3665 2652 3718 οἱ
2707 3660 2764 3717 δὲ
2819 3663 2911 3716 καὶ
2967 3667 3074 3718 τῶν
3134 3666 3358 3738 μακρῶν
3403 3657 3687 3725 ἐπιϐάντες
3716 3665 3861 3733 νηῶν

452 3751 512 3812 ἅς
541 3747 810 3823 ἐκλήρουν
871 3750 924 3804 οἱ
953 3746 1230 3827 ὁμόφυλοι
1288 3771 1490 3828 σφισιν,
1548 3748 1802 3829 ἐξέφυγον
1863 3750 2029 3826 μόλις
2090 3752 2153 3808 τὸ
2199 3752 2462 3828 ομαχαίρᾳ
2511 3757 2838 3828 περιπεσεῖν.
2905 3751 3126 3807 Ὀπόσοι
3157 3749 3214 3806 δὲ
3271 3750 3707 3830 συνελήφθησαν,
3766 3752 3864 3806 θα-

451 3839 599 3913 νάτῳ
661 3835 1108 3910 ὑπεδικάσθησαν.
1173 3839 1372 3902 Πάντες
1414 3837 1600 3914 μέντοι
1645 3841 1742 3904 τὰς
1794 3843 1982 3906 οὐσίας
2055 3837 2420 3899 ἀπεϐάλοντο.
2477 3842 2549 3899 Αἱ
2591 3839 2647 3896 δὲ
2701 3837 2935 3914 πλήρεις
2993 3846 3100 3896 τῶν
3171 3838 3642 3917 δραπετευσάντων
3701 3840 3865 3914 τριή-

457 3949 570 4006 ρεις
599 3933 706 3985 τῶν
733 3935 834 4000 τῆς
864 3928 1081 3990 πόλεως
1149 3927 1466 4004 ἀναχθεῖσαι
1525 3927 1766 4004 λιμένῶν
1826 3930 1916 3986 καὶ
1979 3931 2248 4007 βλέψασαι
2307 3931 2442 4006 πρὸς
2496 3927 2907 4001 Ἑλλήσποντον
2966 3931 3030 3985 τὸ
3086 3931 3182 4004 μὲν
3239 3929 3431 3986 λεῖπον
3492 3935 3595 4000 τῆς
3651 3930 3867 4006 ἡμέρας

447 4021 654 4093 ἐκείνης
709 4022 828 4084 ταῖς
883 4021 1074 4090 νήσοις
1140 4023 1604 4094 προσωρμηκυῖαι
1655 4017 1995 4095 ἐξεπέραναν,
2069 4020 2265 4094 ρπόσαι
2357 4019 2549 4094 μικρὸν
2630 4015 2826 4082 ἄποθεν
2904 4024 3006 4088 τῆς
3086 4016 3370 4092 βασιλίδος
3463 4017 3862 4097 ἀμφιρῥέονται

445 4109 664 4172 πόλεως
707 4111 783 4184 μὴ
815 4109 953 4166 πάνυ
982 4107 1263 4185 πελάγιαι,
1296 4110 1441 4186 φημὶ
1473 4105 1540 4178 δὴ
1571 4110 1671 4180 τὴν
1723 4109 2026 4186 Ιιρίγκιπον
2085 4109 2174 4164 καὶ
2223 4110 2322 4180 τὴν
2383 4111 2472 4184 [Ρ.
2534 4111 2658 4182 163]
2717 4110 2948 4184 Πρώτην
3009 4108 3098 4162 καὶ
3155 4107 3280 4163 ἀσαι
3337 4107 3464 4182 περὶ
3523 4106 3690 4169 αὑτὰς
3748 4106 3870 4162 ἀνί-

451 4217 646 4274 σχουσι
703 4200 802 4252 τοῦ
873 4198 1061 4272 βυθοῦ·
1127 4201 1226 4266 τὴν
1289 4194 1335 4252 δ’
1403 4195 1660 4252 ἐπιοῦσάν
1717 4217 1836 4252 τινα
1891 4201 1995 4252 τῶν
2065 4197 2119 4254 ἐν
2179 4199 2366 4264 αὑταῖς
2411 4200 2570 4274 ἱερῶν
2649 4218 3076 4276 φροντιστηριων
3159 4195 3585 4274 πυρπολήσασαι
3667 4195 3871 4272 ἐξῆραν

451 4285 652 4344 ἐκεῖθεν
677 4287 890 4351 κώπαις
931 4287 1160 4348 ἀπάσαις
1215 4287 1306 4342 καὶ
1365 4283 1764 4342 διαπετασθεῖσι
1823 4285 2062 4362 λαίφεσι·
2121 4287 2366 4362 Μηδενὸς
2434 4287 2480 4343 δ’
2543 4283 2954 4359 ἐπιδιώκοντος,
3011 4285 3136 4342 ἔνθα
3187 4287 3252 4356 ἦν
3310 4287 3450 4362 πρὸς
3508 4283 3724 4361 βουλῆς
3783 4307 3878 4343 κα-

451 4379 756 4456 ταίρουσαι.
785 4373 957 4456 ἔδρων
989 4379 1020 4434 ὅ
1046 4400 1098 4434 τι
1123 4377 1214 4434 καὶ
1245 4379 1398 4454 εἶχον
1427 4379 1590 4434 κακὸν
1613 4379 1741 4441 τοὺς
1773 4375 1946 4434 ἐκεῖσε
1975 4379 2308 4454 Ῥωμαίους.

525 4472 611 4527 12.
649 4469 860 4529 Diebus
891 4470 1012 4528 illis
1038 4475 1268 4530 cometa
1295 4470 1356 4527 in
1390 4469 1536 4526 οωιο
1587 4473 1936 4542 conspectus
1989 4474 2102 4541 est,
2133 4475 2181 4540 D

457 4561 559 4636 qui
587 4561 967 4632 gravissimas
997 4562 1149 4619 827
1185 4561 1399 4628 clades,
1425 4576 1554 4632 qua
1585 4563 1910 4616 consecutis
1941 4565 2102 4628 sunt,

451 4653 948 4725 portendit,atque
978 4651 1174 4724 ipsum
1194 4650 1338 4707 adeo
1365 4649 1765 4706 Andronicum
1797 4650 2100 4723 expressit.

451 4745 596 4798 Nam
617 4745 948 4814 serpentem
981 4741 1290 4798 sinuosum
1322 4745 1748 4812 reprasentaus
1791 4755 1948 4797 nunc
1971 4757 2103 4813 por-

455 4829 932 4900 rigebatur,nunc
962 4831 1022 4887 in
1061 4831 1254 4902 spiras
1283 4845 1346 4886 se
1375 4827 1705 4902 colligebat,
1759 4845 1915 4886 nunc
1971 4845 2107 4886 cum

452 4918 693 4974 horrore
718 4917 1100 4988 intuentium,
1124 4919 1292 4990 quasi
1328 4917 1631 4974 inferiores
1681 4933 1751 4974 ex
1779 4917 1898 4975 alto
1929 4920 2106 4976 devo-

457 5009 694 5062 raturus
723 5010 878 5063 esset
932 5007 1179 5064 humani
1237 5008 1544 5081 sanguinis
1603 5008 1828 5077 avidus,
1871 5012 2106 5066 vastum

453 5095 664 5151 rictum
697 5093 1008 5164 aperiebat.
1069 5093 1184 5150 Sed
1240 5110 1372 5152 cum
1433 5113 1551 5152 non
1609 5097 1766 5153 ultra
1799 5095 1912 5152 diei
1946 5095 2107 5151 illius

454 5181 746 5253 reliquum
771 5185 828 5238 et
856 5185 1119 5239 secutam
1143 5185 1371 5240 noctem
1399 5183 1954 5254 durasset,evanuit.
1995 5185 2108 5240 Ac-

456 5273 667 5346 cipiter
695 5289 927 5346 quoque
961 5271 1210 5346 aucupio
1241 5273 1610 5345 exercitatus,
1640 5275 1834 5343 albus,
1875 5273 2111 5332 vincula

459 5362 706 5436 pedibus
736 5365 996 5434 gestans,
1029 5363 1130 5434 qui
1163 5362 1384 5435 plumis
1422 5363 1482 5420 in
1517 5365 1654 5421 nido
1686 5379 1839 5436 saepe
1879 5362 2110 5420 amissis

457 5454 836 5526 repubuerat,
869 5454 942 5510 ab
974 5453 1196 5512 oriente
1254 5455 1314 5510 in
1376 5455 1548 5513 Verbi
1601 5457 1926 5514 maximum
1957 5460 2108 5514 tem-

456 5542 624 5615 plum
663 5542 912 5600 tetendit
967 5559 1034 5600 ac
1091 5543 1513 5604 Thomaiticam
1563 5545 1744 5602 aedem
1805 5547 2110 5619 ingressus

455 5630 670 5690 multos
701 5632 771 5689 ad
805 5631 894 5688 sui
925 5632 1328 5706 spectaculum
1364 5633 1620 5691 attraxit.
1684 5635 1868 5690 Erant
1927 5635 2108 5690 etiam

458 5722 559 5796 qui
589 5737 724 5782 eum
781 5722 1274 5800 comprehendere
1331 5723 1672 5782 studerent:
1723 5727 1944 5781 verum‘
1987 5723 2114 5795 ipse

2287 4469 2378 4546 ιβ’.
2437 4468 2573 4523 Κατ’
2627 4465 2834 4528 ἐκείνας
2894 4463 2952 4521 δὲ
3015 4463 3110 4528 τὰς
3167 4463 3379 4539 ἡμέρας
3443 4463 3535 4520 καὶ
3601 4467 3874 4538 κομήτης

2215 4559 2382 4637 ἐφάνη
2416 4560 2535 4615 κατ’
2563 4557 2812 4634 οὐρανὸν,
2875 4555 3270 4628 ὑποσημαίνων
3338 4557 3405 4612 τὰ
3459 4553 3698 4628 ἐσόμενα
3736 4557 3874 4632 χεί-

2215 4669 2374 4724 ριστα
2428 4647 2518 4704 καὶ
2575 4647 2735 4702 αὑτὸν
2774 4645 3017 4722 ἀτεχνῶς
3074 4643 3454 4722 διαχαράττων
3478 4642 3872 4720 ,Ἀνδρόνικον·

2215 4734 2397 4816 ὄφεως
2432 4737 2537 4814 γὰρ
2567 4743 2762 4811 σχῆμα
2790 4735 2880 4790 καὶ
2913 4731 3120 4810 ἕλιγμα
3149 4737 3183 4804 ἡ
3231 4738 3328 4790 τοῦ
3387 4731 3638 4812 φανέντος
3697 4736 3877 4810 ἀνάμ-

2219 4847 2388 4904 ματος
2443 4825 2571 4900 ὄψις
2630 4823 2965 4881 διατυποῦσα
3011 4822 3096 4880 νῦν
3159 4825 3254 4898 μὲν
3348 4821 3641 4895 διετέτατο,
3735 4825 3880 4899 μετά

2220 4915 2398 4994 βραχὺ
2431 4913 2476 4970 δ’
2539 4913 3054 4992 ἀμφιπεριελίσσετο
3113 4913 3190 4977 εἷς
3247 4911 3470 4982 ὁλκοὺς,
3525 4911 3735 4970 ἄλλοτε
3797 4915 3878 4980 εἰς

2217 5007 2410 5085 χάσμα
2465 5003 2794 5080 ἀνοιγομένη
2845 5003 3119 5078 στόματος
3177 4997 3349 5082 φόϐον
3427 5001 3656 5058 ἐνεποίει
3754 5012 3878 5069 τοῖς

2217 5093 2514 5170 θεωμένοις
2543 5093 2712 5150 οἱονεὶ
2742 5093 3163 5167 καταγάσκουσα
3208 5091 3256 5162 ἐξ
3291 5091 3462 5166 ὕψους
3521 5096 3630 5147 τῶν
3687 5094 3878 5149 κάτω-

2219 5195 2304 5250 θεν
2337 5183 2429 5240 καὶ
2489 5181 2790 5258 ἀνδρομέου
2848 5181 3165 5258 γλιχομένη
3215 5181 3468 5256 αἳματος·
3501 5181 3744 5256 Ἡμέρας
3781 5183 3883 5237 οὗν

2219 5273 2434 5344 ἐκείνης
2463 5273 2525 5328 τὸ
2561 5273 2730 5347 μήπω
2781 5269 3110 5348 ἐκμετρηθέν
3166 5269 3258 5324 καὶ
3313 5269 3414 5338 τήν
3465 5267 3724 5326 ἐπιοῦσαν
3781 5271 3882 5326 νύ-

2217 5384 2318 5419 κτα
2350 5361 2635 5438 διαρκέσας
2664 5361 3004 5436 ἠφάντωται.
3047 5356 3225 5414 Ἀλλὰ
3282 5357 3372 5414 καὶ
3416 5357 3562 5431 ἱέραξ
3615 5363 3715 5415 τοῦ
3777 5362 3882 5426 θη-

2219 5453 2390 5528 ρεύειν
2448 5453 2592 5523 ἐθὰς,
2651 5449 2846 5514 λευκὸς
2897 5451 3000 5521 τήν
3029 5446 3321 5513 πτίλωσιν,
3375 5445 3503 5510 τοὺς
3551 5444 3725 5509 πόδας
3761 5446 3883 5502 λωο

2221 5540 2645 5618 ροπεδούμενος.
2676 5539 2810 5597 κάπὶ
2867 5539 3065 5602 καλιᾶς
3123 5537 3532 5614 πτερορρυήσας
3591 5533 3884 5594 πολλάκις

2219 5634 2309 5686 καὶ
2341 5633 2407 5687 αὖ
2440 5631 2604 5687 πάλιν
2633 5625 2956 5702 ἀνηϐηκὼς,
2995 5626 3256 5702 ὥρμησεν
3288 5625 3348 5682 ἐκ
3375 5631 3474 5696 τῆς
3503 5622 3578 5680 ἔω
3611 5623 3756 5700 πρὸς
3815 5627 3882 5682 τὸ

2218 5723 2316 5776 τοῦ
2347 5718 2526 5798 Λόγου
2556 5715 2805 5796 μέγιστον
2835 5719 3080 5794 τέμενος,
3120 5717 3212 5772 καὶ
3265 5716 3355 5774 τὸν
3406 5711 3700 5791 Θωμαΐτην
3759 5715 3886 5772 εἷσε
