4126 6294
304 370 424 436 605

1470 367 1810 433 ALEXIUS
1852 366 2267 431 MANUELIS
2315 366 2599 430 FILIUS.

3603 376 3719 439 606

311 505 411 560 ιὼν
458 500 629 576 δόμον
678 498 925 563 πολλοὺς
983 497 1122 555 κατὰ
1179 500 1372 577 φήμην
1448 502 1635 563 θεατὰς
1722 499 1943 578 ἐφειλκύ

2081 498 2217 555 inde
2238 499 2296 556 in
2331 515 2611 573 magnum
2640 497 2922 573 palatium
2953 500 3289 573 pervolavit,
3333 509 3387 560 et
3445 519 3624 577 super
3661 522 3728 564 eo

314 614 469 650 σατο.
500 594 665 648 Ἦσαν
700 588 747 645 δ’
778 588 831 644 o'i
863 589 955 644 καὶ
1010 586 1366 665 διετεχνῶντο
1430 585 1721 646 συλλαϐεῖν
1781 589 1964 645 αὑτὸν.

314 684 380 741 Ὁ
448 679 493 736 δ’
548 679 745 743 ἐκεῖθεν
800 677 983 752 ἀρθεὶς
1039 679 1278 749 κατέπτη
1339 679 1474 754 πρὸς
1533 681 1595 736 τὸ
1645 678 1778 753 μέγα
1813 676 1965 753 βασί-

319 770 489 840 λειον,
518 769 738 824 καίἅνω
758 772 854 824 τοῦ
888 768 1190 842 οἰκήματος
1243 769 1587 831 καταπαύσας
1643 768 1695 822 ἐν
1835 767 1963 830 τοὺς

323 859 593 936 ὑπογυίως
620 859 748 919 τοὺς
802 854 992 933 ἃρχειν
1046 855 1489 931 ἐπειλημμένους
1550 856 1773 913 εἷ’θισται
1826 856 1963 933 πρὸς

315 953 410 1005 τοῦ
471 947 655 1020 δίμου
721 948 923 1009 παντὸς
993 946 1418 1021 ἀνευφημεῖσθαι
1498 947 1960 1026 στεφανηφόρους,

321 1039 436 1112 μετ’
495 1036 557 1091 οὑ
607 1035 755 1092 πολὺ
813 1033 1049 1092 ἐπάνεισι
1105 1035 1273 1091 πάλιν
1330 1037 1466 1113 πρὸς
1515 1038 1604 1093 τὸν
1648 1040 1800 1093 νεών.
1863 1038 1961 1091 Καὶ

305 1129 407 1196 τὴν
461 1127 728 1197 τοιαύτην
782 1122 1092 1201 περιοδείαν
1142 1131 1377 1201 τρισσῶς
1438 1124 1749 1189 σταδιεύσας
1803 1124 1958 1180 ὔστε-

306 1236 400 1292 ρον
432 1216 595 1290 παρᾶ
630 1237 728 1271 του
781 1215 1066 1291 θηρεύεται
1125 1217 1212 1271 καὶ
1271 1216 1545 1293 εἰσάγεται
1590 1221 1668 1289 τῷ
1723 1216 1957 1292 βασιλεῖ.

305 1310 414 1363 τῶν
455 1308 547 1379 μὲν
584 1306 676 1361 οὗν
721 1301 1001 1367 πλείστοις
1065 1304 1287 1378 μέλλειν
1357 1305 1549 1362 αὐτίκα
1607 1303 1956 1379 Ἀνδρόνικον

328 1394 512 1473 συληφ
563 1401 685 1464 ἧναι
754 1392 1037 1464 οἶωνίζετο
1098 1391 1305 1450 ἐνθένδε
1354 1395 1445 1449 καὶ
1512 1392 1665 1459 δίκας
1713 1394 1955 1472 γενναίας

306 1483 534 1563 ὑφέξειν,
604 1481 718 1539 ἒ,πεί
767 1485 854 1538 καὶ
891 1483 943 1546 ές
978 1482 1149 1555 ,αὑτὸν
1184 1481 1416 1559 ἶφασκον
1450 1485 1689 1559 ἀτεχνῶς
1721 1486 1783 1539 τό
1815 1484 1955 1539 οἰώ-

302 1593 472 1648 νισμα
516 1573 746 1654 ἆφορᾷν,
807 1571 1126 1635 πλειστάκις
1182 1572 1524 1648 ένειρχθέντα
1591 1572 1956 1649 δεσμωτηρίῳ

2077 590 2335 645 canclavi
2367 590 2632 646 consedit
2662 590 2720 645 in
2779 608 2895 662 quo
2955 608 3157 647 recens
3206 593 3453 664 imperio
3485 587 3721 666 potitos,

2076 679 2407 735 diademate
2468 681 2793 750 redimitos,
2849 681 2920 736 ab
2970 680 3129 736 omni
3188 682 3403 754 populo
3447 682 3731 741 celebrari

2077 770 2255 826 moris
2286 774 2395 826 est.
2430 769 2610 825 Paulo
2633 775 2765 841 post
2796 771 2866 825 ad
2926 769 3206 842 templum
3268 773 3611 842 revertitur;
3666 780 3726 831 et

2072 859 2182 914 hoc
2212 860 2459 915 circuitu
2495 863 2580 915 ter
2609 864 2840 932 peracto
2871 861 3107 916 tandem
3140 877 3173 915 a
3202 861 3457 933 quodam
3514 868 3721 936 captus

2071 950 2141 1004 ad
2176 949 2590 1018 imperatorem
2649 949 2910 1004 affertur.
2972 951 3032 1005 Id
3093 951 3420 1022 auspicium
3482 953 3722 1023 quidam

2071 1035 2240 1109 plane
2255 1038 2326 1091 ad
2343 1041 2378 1090 A
2392 1037 2673 1092 ndronicu
2687 1054 2737 1093 m
2753 1037 3203 1110 referentes,qui
3218 1043 3273 1094 et
3291 1040 3617 1110 saepissime
3657 1041 3717 1095 in

2070 1144 2362 1183 carcerem
2383 1128 2684 1198 conjectus
2703 1131 2756 1183 et
2771 1142 2951 1182 canus
2965 1132 3277 1197 esset,cum
3294 1129 3493 1184 statim
3510 1147 3712 1202 poenas

2069 1217 2220 1273 328
2253 1216 2633 1288 gravissimas
2688 1217 2964 1272 daturum
3018 1218 3573 1289 interpretabantur.
3605 1220 3715 1274 Sed

2070 1308 2476 1379 prudentiores
2534 1311 2591 1360 et
2641 1305 3086 1362 sublimioribus
3154 1308 3378 1380 praaditi
3438 1309 3710 1380 ingeniis,

2065 1395 2323 1451 volatum
2355 1393 2521 1448 illum
2555 1399 2642 1449 ter
2680 1396 2991 1467 repetitum
3032 1396 3352 1451 triennium
3387 1395 3714 1465 significare

2065 1484 2424 1550 asserebant,
2485 1500 2596 1552 quo
2644 1483 2703 1537 in
2757 1484 2996 1555 imperio
3081 1488 3283 1541 exacto
3340 1485 3713 1542 Andronicus

2067 1589 2275 1629 rursus
2304 1573 2366 1627 in
2399 1571 2660 1627 custodia
2690 1575 2746 1627 et
2779 1573 3158 1643 compedibus
3192 1575 3426 1630 futurus
3457 1579 3631 1631 esset.

305 1664 397 1721 καὶ
453 1684 517 1719 το
568 1663 670 1731 τὴς
725 1660 971 1740 κεφαλῆς
1019 1662 1283 1739 τρίχωμα
1341 1662 1717 1738 χιονούμενον’
1780 1665 1831 1718 οἳ
1882 1661 1938 1717 δὲ
1993 1683 2054 1737 γε
2111 1661 2419 1738 σοφώτερόν
2473 1681 2525 1714 τι
2584 1655 2988 1734 προόλέποντες
3044 1661 3134 1715 καὶ
3181 1663 3243 1715 τὸ
3276 1667 3489 1743 φρονεῖν
3522 1657 3712 1737 ὑψιϐά-

308 1774 470 1829 μονες
500 1752 710 1828 τριετὲς
739 1749 943 1825 ἕλιγμα
971 1753 1231 1827 χρονικὸν
1258 1754 1356 1821 τήν
1385 1754 1604 1829 τριττὴν
1638 1753 1713 1816 εἷς
1738 1754 1800 1808 τὸ
1830 1752 1961 1807 αὐτὸ
1990 1752 2221 1818 κατάντη
2234 1770 2306 1823 μα
2335 1756 2531 1819 πτῆσιν
2562 1749 2906 1825 ἰσχυρίζοντο
2937 1770 3113 1823 προση
3126 1750 3353 1822 μαίνειν⁹
3387 1752 3476 1806 καὶ
3526 1751 3710 1807 τελευ-

304 1848 458 1900 ταῖον
477 1841 631 1904 αὖθις
666 1838 1016 1916 Ἀνδρόνικον
1051 1843 1287 1917 φρουρὰν
1321 1842 1410 1897 καὶ
1435 1839 1745 1907 ποδοκάκας
1771 1838 2236 1915 καθυποδέχεσθαι
2267 1838 2553 1911 Ῥωμαίων
2583 1838 2928 1914 κατάρξαντα.
3560 1842 3563 1846 ’

378 1934 601 1989 Πάντων
686 1928 731 1986 δ’
820 1930 872 1993 ἐς

302 2019 524 2083 λοῖσθος
555 2020 609 2083 ές
641 2019 801 2076 αὑτὸν
822 2024 1138 2095 περαιοῦται
1179 2022 1207 2076 ὁ
1260 2021 1606 2098 πατριάρχης
1665 2019 1950 2084 Θεοδόσιος

305 2114 444 2186 μετὰ
499 2115 608 2167 τῶν
669 2110 920 2189 λογίμων
966 2112 1063 2166 τοῦ
1112 2113 1381 2186 βήματος.
1412 2113 1470 2170 Ὀ
1500 2112 1593 2185 μὲν
1623 2112 1718 2166 οὑν
1754 2113 1829 2177 είς
1854 2113 1953 2181 τὴν

301 2202 493 2257 ἒαυτοῦ
524 2201 757 2278 ἐγγίζειν
816 2201 1020 2271 σκηνήν
1079 2200 1172 2255 τὸν
1228 2199 1388 2275 μέγαν
1442 2201 1704 2277 ἀρχιερέα
1760 2199 1954 2256 ἑνωτι-

301 2292 537 2365 σάμενος
600 2288 790 2361 ἔξεισιν
849 2288 1005 2355 εὒθὺς
1038 2289 1173 2366 πρὸς
1231 2291 1544 2364 ὑπάντησιν,
1603 2291 1805 2362 στολὴν
1847 2294 1956 2367 ἠμ-

302 2382 592 2454 φιεσμένος
654 2382 887 2457 σχιστήν
943 2375 1221 2456 ἷοϐάφινον
1286 2381 1427 2456 ὑφῆς
1492 2387 1592 2450 τῆς
1652 2377 1950 2458 Ἰϐηρικῆς,

303 2468 380 2532 εἷς
428 2470 630 2544 γόνατα
686 2469 774 2524 καὶ
837 2468 1105 2544 γλουτοὺς
1160 2471 1274 2543 (11)
1350 2465 1774 2525 καταϐαίνουσαν
1860 2473 1951 2526 καὶ

301 2560 644 2629 πυκάζουσαν
673 2559 741 2613 τὰ
778 2555 883 2619 ἕως
943 2559 1261 2634 βραχίονος,
1318 2559 1407 2614 καὶ
1466 2557 1947 2634 πυραμιδουμένην

301 2646 620 2723 καλύπτραν
680 2651 739 2722 τῇ
796 2645 1008 2726 κεφαλῇ
1078 2648 1476 2722 περικείμενος,
1523 2649 1798 2723 καπνηρὰν
1847 2651 1947 2719 τήν

305 2737 527 2812 χροιάν
563 2735 653 2791 καῖ
681 2738 815 2813 πρὸς
845 2740 953 2792 τῶν
986 2736 1218 2792 ἱππείων
1265 2736 1462 2816 χηλῶν
1519 2732 1704 2793 ϐαλὼν
1759 2739 1946 2794 ἑαυτὸν

312 2824 488 2879 ἔκειτο
517 2825 893 2898 τετανυσμένος
928 2825 1092 2900 μέγας
1145 2825 1480 2904 μεγαλωστί.
1538 2829 1686 2883 Μετὰ
1754 2829 1945 2903 μικρὸν

316 2908 365 2967 δ’
405 2913 703 2986 ἀνίσταται,
734 2916 954 2972 καὶτῶν
983 2920 1080 2971 τοῦ
1145 2916 1491 2993 πατριάρχοο
1550 2914 1734 2973 ποδῶν
1793 2938 1947 2993 περι-

309 3000 589 3081 λιχμᾶται
616 3004 681 3058 τὰ
704 3002 976 3078 πέλματα,
1007 3013 1228 3080 σωτῆρα
1254 3011 1352 3060 τοῦ
1415 3005 1684 3081 βασιλέως
1738 3008 1947 3062 ἆπυκα·

302 3090 440 3163 λῶν,
477 3090 732 3165 ζηλωτὴν
764 3099 861 3150 τοῦ
890 3093 1088 3168 καλοῦ,
1129 3099 1227 3165 τῆς
1279 3095 1538 3167 ἀληθείας
1604 3096 1944 3173 ὑπέρμαχον,

296 3185 377 3255 τῷ
431 3187 622 3262 χρυσῷ
667 3184 768 3252 τὴν
824 3182 1074 3260 γλῶτταν
1134 3186 1354 3260 Ἰωάννῃ
1431 3185 1795 3260 ἀνθάμιλλον,
1853 3188 1944 3243 καὶ

961 1928 1297 2006 ’Λνδρόνικον
1381 1929 1945 2007 διαπορθμευομένων,

2135 1930 2422 1986 Omnibus
2444 1935 2638 1985 autem
2697 1931 2769 1985 ad
2827 1930 3217 1986 Andronicum
3267 1931 3704 2003 navigantibus,

2059 2028 2390 2094 postremus
2420 2019 2687 2075 omnium
2727 2020 2901 2075 etiam
2956 2020 3288 2092 patriarcha
3339 2021 3705 2078 Theodosius

2061 2126 2193 2166 cum
2220 2109 2516 2182 primariis
2540 2110 2944 2165 sacerdotibus
2966 2109 3321 2179 trajicit.Qui
3348 2127 3481 2167 cum
3515 2112 3708 2183 ponti-

2062 2198 2226 2254 ficem
2287 2200 2356 2254 ad
2416 2214 2593 2254 suum
2672 2198 2982 2255 tentorium
3037 2200 3307 2255 accedere
3361 2200 3704 2269 audivisset,

2062 2290 2257 2345 statim
2317 2289 2370 2345 ei
2418 2289 2647 2345 obviam
2708 2289 2990 2362 procedit,
3050 2294 3208 2347 veste
3268 2291 3509 2347 indutus
3568 2291 3710 2347 ﬁssa

2059 2377 2299 2434 violacei
2331 2378 2563 2445 coloris,
2594 2378 2718 2433 tela
2769 2378 3022 2446 Ibericaa,
3085 2395 3272 2450 usque
3327 2381 3395 2436 ad
3436 2394 3628 2454 genua
3655 2383 3712 2435 et

2061 2468 2290 2524 cubitos
2343 2469 2690 2539 pertinente,
2753 2469 2968 2539 pileum
3030 2469 3091 2524 in
3149 2470 3338 2541 capite
3383 2486 3615 2542 gerens,
3648 2473 3707 2528 in

2060 2562 2293 2613 acutam
2327 2557 2648 2629 pyramidis
2678 2558 2868 2613 instar
2897 2557 3439 2629 desinentem,pulli
3461 2559 3706 2629 coloris;

2057 2652 2114 2703 et
2144 2650 2396 2718 quantus
2452 2649 2596 2713 erat,
2630 2661 2692 2700 se
2749 2647 2818 2701 ad
2871 2646 3002 2714 equi
3063 2646 3313 2718 ungulas
3368 2648 3703 2718 prosternit.

2056 2734 2239 2791 Paulo
2270 2737 2400 2805 post
2422 2734 2697 2805 assurgit,
2729 2737 2787 2788 et
2819 2734 3161 2805 patriarchae
3195 2734 3419 2806 plantas
3461 2736 3708 2791 deoscu-

2056 2823 2186 2879 lans
2214 2840 2345 2879 eum
2379 2823 2742 2895 imperatoris
2773 2827 3152 2892 servatorem,
3182 2824 3509 2881 honestatis
3540 2842 3706 2881 ama-

2058 2922 2263 2986 torem,
2295 2914 2558 2970 veritatis
2617 2919 3110 2987 propugnatorem
3159 2925 3322 2971 vocal
3377 2922 3436 2972 et
3489 2916 3706 2973 Joanni

2055 3005 2469 3075 Chrysostomo
2503 3004 2988 3076 comparandum,
3009 3003 3171 3060 nullo
3192 3004 3514 3061 honoriﬁco
3537 3006 3708 3079 titulo

2058 3093 2475 3168 praetermisso.
2537 3092 2873 3150 Patriarcha
2929 3109 3085 3162 vero,
3126 3094 3228 3166 qui
3285 3098 3413 3151 tum
3448 3097 3705 3167 primum

2055 3184 2455 3241 Andronicum
2507 3184 2762 3250 videbat,
2820 3184 3150 3240 accuratius
3198 3201 3264 3240 eo
3330 3185 3700 3257 perlustrato,

293 3276 469 3327 πᾶσαν
500 3272 1037 3349 αὑτῷπροσηγορίαν
1082 3277 1164 3349 [Ρ.
1197 3276 1322 3347 404]
1363 3275 1658 3351 περιτιθεὶς
1713 3278 1941 3351 ἀγαθήν.

2060 3273 2719 3345 animadversoquevisu
2734 3273 2905 3344 truci,
2938 3274 3166 3331 occulto
3189 3274 3440 3345 ingenio,
3475 3274 3703 3333 callidis

292 3363 360 3419 Ὀ
402 3358 460 3416 δὲ
506 3361 632 3418 τότε
688 3362 922 3437 πρώτως
999 3360 1347 3440 Ἀνδρόνικον
1415 3365 1763 3438 θεασάμενος,
1833 3367 1948 3423 ἐπεὶ

302 3452 639 3525 κατηθρήκει
681 3452 1087 3528 περιεργότερόν
1162 3451 1387 3529 βλέμμα
1453 3455 1679 3531 γοργὸν,
1744 3456 1949 3512 ὑποκα-

306 3541 560 3612 θειμένον
613 3541 890 3619 φρόνημα,
946 3541 1254 3620 σοφιστικὸν
1308 3543 1397 3597 καὶ
1455 3545 1736 3620 περίεργον
1793 3548 1946 3615 ἦθος,

301 3625 524 3696 ἡλικίας
551 3627 865 3704 ἀναδρομὴν
896 3628 949 3692 ἐς
993 3628 1133 3686 πόδα
1192 3628 1416 3687 δέκατον
1482 3637 1679 3708 μικροῦ
1735 3634 1948 3690 ἀνατεί-

298 3736 521 3789 νουσαν,
576 3718 862 3794 ἀγέρωχον
943 3716 1204 3795 βάδισμα,
1266 3720 1431 3797 ὀφρὺν
1487 3720 1942 3779 ἐπιλλώπτουσαν

304 3807 626 3882 ὑπεροψίαν,
699 3810 1076 3886 φροντιστικόν
1144 3831 1203 3865 τε
1255 3811 1344 3865 καὶ
1406 3809 1492 3865 ἐπὶ
1560 3813 1804 3874 συννοίας
1863 3813 1942 3869 ἀεὶ

293 3893 935 3971 ἅνθρωπον,ταλανίσας
971 3899 1099 3963 τεὺς
1164 3899 1413 3976 ἀφρόνως
1474 3897 1640 3975 ἄνδρα
1693 3907 1941 3958 τοιοῦτον

292 3984 766 4059 εἰσοικισαμένους
833 3986 916 4041 ἐπ’
974 3986 1290 4058 ἀνηκέστοις
1349 3988 1551 4043 ἑαυτῶν
1613 3996 1939 4069 συμφοραῖς,

294 4094 322 4126 α
354 4074 528 4149 ’Δκοῇ
563 4074 679 4148 μὲν,
713 4075 899 4152 φησὶν,
931 4074 1132 4145 ἤκουόν
1164 4097 1260 4130 σου
1285 4076 1346 4131 τό
1390 4079 1678 4153 πρότερον,
1735 4084 1825 4135 νῦν
1884 4078 1942 4135 δὲ

285 4163 378 4218 καὶ
435 4164 697 4234 ἑωράκειν
741 4164 829 4219 καὶ
889 4164 1144 4242 ἐγνώκειν
1197 4170 1468 4245 σαφῶς.»
1519 4168 1617 4223 Καὶ
1648 4169 1713 4223 αὗ
1770 4168 1938 4226 πάλιν

283 4254 349 4308 τὸ
377 4256 477 4307 τοῦ
501 4250 671 4327 Δαβὶδ
704 4253 1030 4317 ἆποκναίσας
1063 4256 1200 4308 εἷπε·
1239 4278 1267 4306 ‹‹
1300 4255 1551 4330 Καθάπερ
1586 4257 1937 4332 ρήκούσαμεν,

286 4340 432 4396 οὕτω
464 4342 552 4396 καὶ
599 4339 838 4416 είδομεν,
874 4365 902 4394 ››
959 4341 1214 4417 αἰμύλως
1266 4344 1672 4419 καθαπτόμενος
1714 4345 1939 4423 Ἀνδρο-

279 4430 438 4486 νίκὸο
495 4431 579 4493 οἷς
635 4432 702 4486 τὰ
769 4438 872 4502 τῆς
925 4431 1274 4503 ὑπαντησεως
1322 4431 1510 4506 ἐκείνῳ
1564 4434 1644 4507 τῷ
1698 4442 1936 4510 σκηνικῷ

288 4520 644 4596 ὑπεξῆρετῆς
676 4521 927 4596 γνώμης,
989 4521 1174 4576 ἑαυτὸν
1233 4519 1499 4600 ἐδαφίζων
1553 4524 1645 4578 καὶ
1703 4524 1935 4599 κυνηδὸν

282 4611 783 4684 προσκνυζόμενος,
861 4610 1142 4689 ἀναφέρων
1215 4609 1328 4684 ἃμα
1382 4609 1450 4666 τὰ
1512 4610 1740 4690 ὀφθέντα
1794 4616 1932 4690 πρὸς

276 4699 416 4773 ἅπερ
448 4699 602 4769 αὑτῷ
631 4697 962 4773 ἀπήγγειλεν
988 4699 1016 4754 ὁ
1070 4698 1325 4775 βασιλεὺς
1383 4700 1673 4772 Μανουὴλ,
1732 4701 1933 4774 διαζω-

272 4790 502 4864 γραφῶν
561 4786 642 4859 τῷ
703 4785 853 4862 λόγῳ
908 4783 1255 4861 Ἀνδρόνικον
1308 4786 1399 4842 καὶ
1458 4790 1575 4843 οἷον
1640 4790 1931 4865 ἀγνοοῦντι

265 4875 439 4937 τιθεὶς
471 4875 728 4949 ὑπόψιον.
782 4872 939 4930 Ἀλλ’
999 4876 1103 4931 οὐκ
1158 4871 1319 4941 ἔλαθε
1372 4876 1437 4932 τὸ
1503 4882 1613 4934 τῶν
1665 4877 1927 4955 ῥημάτων

270 4962 641 5042 ἆμφοτερίζον
670 4965 759 5020 τὸν
810 4962 1151 5038 πολύμητιν·
1217 4963 1592 5042 Ἀνδρόνικον·
1662 4969 1780 5026 ὅθεν
1838 4970 1929 5026 καὶ

268 5059 341 5129 τῇ
397 5057 506 5109 τῶν
563 5053 865 5130 λεχθέντων
923 5052 1126 5131 διπλόη
1187 5056 1261 5119 ὡς
1314 5057 1402 5111 οἷα
1467 5056 1717 5133 διπάλτῳ
1791 5061 1930 5142 ξίφει

260 5143 501 5219 τρωθεὶς
551 5143 653 5212 τὴν
720 5146 933 5219 ψυχὴν,
991 5144 1081 5199 καὶ
1137 5146 1238 5215 τήν
1298 5148 1638 5220 σκυζομένην
1678 5151 1799 5205 οἷον
1838 5169 1926 5223 καὶ

263 5238 548 5316 συνηρεφῆ
609 5236 716 5286 τῶν
771 5233 987 5311 ὀφρύων
1052 5239 1147 5289 τοῦ
1234 5236 1578 5312 πατριάρχου
1661 5242 1925 5316 γραμμὴν

256 5326 369 5378 τῶν
432 5314 590 5376 ἔιδον
652 5320 742 5374 καὶ
797 5322 922 5398 περὶ
985 5323 1171 5397 ψυχὴν
1229 5324 1548 5398 κινημάτων
1583 5314 1753 5401 εὗρῶν
1788 5349 1927 5403 προ-

2059 3372 2108 3420 et
2127 3362 2411 3420 aﬂ‘ectatis
2441 3363 2727 3431 moribus,
2759 3366 2985 3418 statura
3014 3365 3083 3419 ad
3126 3364 3325 3420 decem
3382 3367 3499 3421 fere
3528 3366 3704 3437 pedes

2057 3457 2423 3525 assurgente,
2458 3453 2708 3524 superbo
2765 3452 3024 3522 incessu,
3066 3453 3308 3509 arrectis
3357 3455 3705 3527 superciliis,

2056 3544 2209 3600 829
2242 3543 2552 3599 severitate
2581 3549 2636 3598 et
2655 3542 2892 3598 tristitia
2917 3546 3215 3614 perpetua,
3245 3544 3559 3599 miseratus
3605 3561 3705 3601 eos

2055 3632 2157 3704 qui
2176 3632 2351 3687 talem
2373 3631 2557 3687 virum
2584 3632 2642 3686 in
2663 3632 2976 3702 perniciem
3005 3648 3171 3687 suam
3210 3632 3650 3688 accersivissent
3681 3651 3697 3690 :

2060 3742 2080 3771 ι
2108 3721 2419 3787 Hactenus,
2449 3720 2662 3791 inquit,
2696 3720 2910 3789 audivi,
2946 3736 3102 3777 nunc
3131 3721 3307 3776 etiam
3346 3721 3466 3775 vidi
3496 3726 3553 3777 et
3591 3738 3700 3793 pa-

2053 3809 2169 3865 lam
2194 3808 2494 3880 cognovi.»
2517 3811 2593 3863 Ac
2626 3810 2964 3866 Davidicum
3007 3808 3148 3865 illud
3181 3827 3296 3865 non
3331 3810 3457 3865 sine
3502 3809 3696 3867 dolore

2052 3898 2289 3971 adjicit:
2323 3897 2443 3954 «Ut
2475 3897 2914 3966 andivimus,ita
2931 3914 3165 3970 quoque
3194 3900 3471 3956 vidimus.
3499 3922 3526 3950 »
3558 3900 3694 3964 Qui-

2052 3990 2161 4044 bus
2189 3985 2382 4044 verbis
2410 3985 2563 4041 salse
2598 3987 3025 4058 perstringebat
3082 3987 3420 4044 simulatum
3471 3990 3695 4045 Andro-

2052 4079 2166 4134 nici
2199 4094 2509 4135 occursum
2542 4081 2597 4134 et
2627 4076 3107 4135 submissionem.
3137 4078 3323 4133 Simul
3369 4079 3544 4135 etiam
3576 4096 3694 4136 me-

2051 4168 2234 4223 moria
2264 4167 2558 4239 repetebat
2595 4167 2770 4220 verba
2820 4165 3109 4223 Manuelis
3166 4168 3553 4240 imperatoris,
3594 4170 3697 4242 qui

2049 4259 2449 4314 Andronicum
2507 4257 2778 4313 Oratione
2826 4257 3166 4330 depinxerat
3236 4264 3294 4315 et
3373 4261 3696 4333 ignorantis

2048 4348 2392 4420 patriarchae
2415 4346 2590 4403 veluti
2613 4345 2795 4404 oculis
2822 4347 3170 4418 subjecerat.
3200 4350 3309 4404 Sed
3345 4349 3457 4405 illae
3485 4352 3691 4407 verbo-

2047 4454 2177 4492 rum
2202 4438 2478 4509 ambages
2500 4436 2814 4492 Andronici
2833 4436 3208 4509 sagacitatem
3235 4454 3348 4493 non
3370 4437 3689 4507 latuerunt,

2046 4527 2147 4598 qui
2169 4526 2462 4598 ambiguis
2496 4526 2611 4582 illis
2634 4526 2827 4582 verbis
2859 4535 3139 4598 tanquam
3196 4526 3436 4597 ancipiti
3494 4527 3686 4597 gladio

2045 4616 2402 4685 vulneratus,
2432 4616 2558 4673 visa
2576 4616 3017 4688 superciliorum
3044 4615 3386 4687 patriarcha
3419 4616 3688 4672 subtristi

2043 4710 2100 4762 et
2129 4706 2313 4762 densa
2343 4707 2491 4762 serie
2523 4707 2594 4763 ad
2627 4707 2828 4763 oculos
2857 4709 3287 4779 vergente,quaa
3315 4705 3691 4761 aifectionum

2043 4794 2223 4851 animi
2253 4796 2425 4852 index
2451 4801 2602 4852 esset
2626 4813 2640 4852 :
2665 4818 2691 4847 ‹‹
2719 4798 2878 4867 Ecce,
2912 4796 3125 4867 inquit,
3153 4795 3447 4852 occultum
3498 4797 3695 4852 Arme-

2043 4886 2261 4939 nium.»
2297 4884 2446 4939 Nam
2477 4891 2644 4957 patre
2674 4886 2945 4943 Armenio
2972 4889 3146 4942 natus
3188 4902 3316 4943 esse
3375 4884 3692 4943 ferebatur.

2042 4973 2254 5029 Eodem
2286 4972 2530 5030 dicterio
2560 4990 2687 5030 eum
2719 4974 2862 5032 alias
2886 4992 3118 5048 quoque
3150 4974 3508 5048 perstringit,
3553 4991 3690 5032 cum

2039 5061 2098 5117 in
2130 5061 2421 5135 colloquio
2453 5063 2671 5118 dolenti
2706 5065 2919 5120 similis
2951 5066 3168 5121 diceret
3197 5081 3259 5121 se
3293 5081 3473 5120 unum
3505 5064 3692 5137 impe-

2039 5152 2250 5209 ratoris
2276 5153 2460 5207 Alexii
2493 5158 2827 5209 curatorem
2883 5170 3212 5227 superesse,
3245 5155 3371 5210 sine
3400 5153 3516 5209 ullo
3564 5170 3696 5210 mo-

2038 5240 2342 5298 lestiarum
2377 5247 2432 5298 et
2496 5242 2761 5298 laborum
2824 5245 3005 5313 socio,
3065 5259 3135 5299 ne
3196 5244 3507 5299 sanctitate
3565 5245 3690 5314 qui-

2038 5332 2167 5388 dem
2199 5332 2328 5403 ejus
2384 5332 2540 5389 880
2597 5333 2935 5404 adjuvante,
2994 5349 3334 5405 quanquam
3366 5331 3691 5396 ei,Manuel

1606 5470 1792 5539 Hier.
1836 5472 2075 5540 Wolfii
2114 5482 2315 5541 nota.

332 5609 453 5684 (Η)
487 5606 577 5668 Ἐς
623 5607 828 5735 ¹γόνατα
882 5608 968 5663 καὶ
1027 5606 1312 5685 γλουτούς.
1362 5610 1635 5674 Γλουτούς
1692 5616 1924 5673 videtur

332 5698 622 5735 στοοκνημ
649 5675 778 5735 δων.

2056 5633 2073 5675 >
2130 5636 2349 5692 ponere
2399 5636 2519 5677 non
2572 5636 2679 5694 pro
2728 5620 3024 5694 clunibus,
3068 5624 3170 5681 sed
3213 5640 3320 5696 pro
3352 5622 3528 5690 suris,
3561 5620 3683 5681 ἀντὶ

251 5698 572 5763 γαστροκνη
583 5698 622 5752 μ
