4126 6294
467 358 582 420 607

1780 334 2088 424 meum:
2127 359 2560 423 CHONIATE

3753 365 3861 426 608

473 493 657 551 Alexii
690 493 794 548 ﬁlii
827 509 1025 549 curam
1079 492 1438 564 mandasset,
1494 497 1552 550 et
1607 493 1837 566 imperii
1867 493 2116 550 adminl‘

2231 493 2555 570 μνήστριαν,
2593 515 2620 548 α
2657 490 2786 563 Ἴδε,
2827 491 2983 571 φησὶ,
3020 491 3183 569 βαθὺς
3221 492 3534 566 Ἀρμένιος,
3567 516 3598 546 n
3639 493 3756 550 ἐπεὶ
3781 497 3859 552 καὶ

477 583 824 643 strationem
857 583 1028 639 etiam
1079 599 1196 655 prae
1245 583 1511 656 cognatis
1545 582 1960 640 commisisset.
2019 583 2124 640 Cui

478 673 814 750 patriarcha
842 673 1143 745 respondit
1175 690 1238 729 se
1261 673 1385 744 jam
1419 673 1556 729 olim
1583 671 2036 730 sollicitudinem
2054 673 2124 729 de

474 763 824 836 imperatore
852 761 1209 834 deposuisse,
1239 761 1350 818 hoc
1379 767 1470 820 est
1499 764 1652 820 inter
1695 766 1955 819 mortuos
1987 779 2122 819 eum

473 871 806 924 numerare,
839 860 1222 928 posteaquam
1253 855 1626 913 Andronicus
1656 856 1862 912 urbem
1897 857 2121 930 ingres-

475 963 574 1003 sus
604 961 797 1002 rerum
834 944 1408 1001 administrationem
1442 946 1786 1018 susceperit.
1834 947 1957 1012 Quo
1998 962 2122 1001 res-

471 1052 656 1110 ponso
679 1034 960 1092 contusus
989 1034 1377 1102 Andronicus,
1410 1039 1468 1090 et
1507 1052 1570 1091 se
1620 1034 1972 1091 intellexisse
2003 1035 2124 1090 dis-

469 1125 783 1194 simulans,
817 1123 1042 1196 rogavit
1067 1123 1206 1194 quid
1237 1123 1348 1180 sibi
1380 1123 1554 1180 vellet
1584 1141 1653 1180 ea
1677 1125 1883 1194 oratio,
1917 1141 2123 1196 quam-

472 1216 560 1272 vis
592 1215 735 1272 satis
759 1213 933 1270 sciret
963 1212 1231 1268 divinum
1289 1213 1481 1268 virum
1536 1213 1703 1286 pueri
1755 1213 2124 1287 imperatoris

477 1308 724 1363 mortem
783 1304 1143 1375 designasse.
1205 1307 1279 1358 At
1339 1301 1458 1372 ille,
1513 1319 1589 1359 ne
1642 1303 1824 1359 feram
1902 1303 2125 1376 alioqui

471 1401 673 1453 contra
702 1411 765 1450 se
796 1393 1127 1466 rugientem
1163 1393 1352 1464 magis
1385 1392 1662 1460 irritaret,
1696 1398 1794 1449 aut
1837 1393 2124 1450 camelum

467 1487 540 1544 ad
574 1485 814 1541 solitum
835 1483 1123 1540 vomitum
1155 1486 1513 1554 provocaret,
1555 1482 1778 1538 dictum
1828 1483 1973 1539 illud
2011 1483 2124 1540 alio

471 1574 736 1642 detorsit,
769 1591 835 1630 ac
870 1590 932 1630 se
955 1573 1079 1645 jam
1113 1573 1276 1642 olim,
1309 1578 1366 1628 ct
1391 1572 1719 1629 canonibus
1750 1577 1806 1628 et
1849 1573 2010 1628 senio
2044 1589 2129 1628 re-

473 1677 607 1716 rum
639 1659 1146 1716 administratione
1184 1659 1698 1726 interdicentibus,
1714 1661 2125 1734 imperatorem

475 1767 680 1806 curare
711 1749 976 1818 desiisse,
1011 1767 1198 1822 neque
1230 1749 1406 1805 licere
1437 1749 1547 1805 sibi
1583 1749 1900 1806 mundanis
1955 1751 2125 1806 rebus

475 1839 764 1912 implicari
795 1857 810 1908 ;
840 1847 1114 1912 praeterea
1143 1840 1338 1910 ipsum
1369 1838 1769 1894 Andronicum
1796 1839 1885 1896 vel
1931 1839 2121 1898 solum

471 1945 674 2001 parem
705 1945 834 1986 esse
865 1929 1207 2002 imperatori
1238 1929 1560 1984 educando.

2227 583 2292 638 τὸ
2355 587 2611 658 πατρῷον
2695 583 2850 660 γένος
2930 581 2980 656 ἐξ
3039 581 3341 657 Ἀρμενίων
3403 579 3580 638 ἕλκειν
3636 581 3860 661 ἐλέγετο.

2229 676 2404 730 Τοῦτο
2435 670 2493 728 δὲ
2522 671 2611 728 καὶ
2645 671 2848 728 ἄλλοτέ
2877 693 3012 729 ποτε
3055 671 3360 746 ἐπέσκωψεν
3424 671 3479 736 ἐς
3537 671 3697 730 αὐτὸν
3757 675 3864 733 Ἀν-

2232 759 2503 838 δρόνικος,
2545 763 2633 818 ὅτε
2665 763 2692 816 ὁ
2728 762 2823 836 μὲν
2853 761 2989 836 πρὸς
3014 761 3106 818 τὸν
3147 762 3499 836 πατριάρχην
3555 764 3649 818 τὸν
3711 760 3863 840 λόγον

2229 851 2558 925 ποιούμενος
2591 849 2885 926 ἀχθομένῳ
2915 850 3074 924 ἐῴκει
3129 851 3219 906 καὶ
3265 849 3429 925 μόνος
3490 851 3871 932 ὕπολέλεῖφθαι

2227 945 2324 996 τοῦ
2359 939 2631 1016 βασιλέως
2661 940 2906 1012 Ἀλεξίου
2935 938 3194 1014 κηδεμὼν
3242 937 3419 1015 ἔλεγε,
3465 939 3670 1015 μηδένα
3736 940 3867 1016 ἔχων

2230 1031 2323 1086 τὸν
2391 1031 2774 1104 συμπονοῦντά
2820 1051 2877 1086 τε
2931 1030 3023 1085 καὶ
3080 1031 3474 1106 συγκάμνοντα,
3537 1029 3670 1104 μηδ’
3711 1031 3866 1101 αὐτὴν

2227 1122 2330 1190 τὴν
2364 1120 2570 1176 ἐκείνου
2605 1117 2890 1198 ἁγιότητα,
2923 1119 3118 1196 καίπερ
3156 1124 3254 1176 τοῦ
3276 1119 3546 1196 βασιλέως
3606 1121 3868 1193 Μανουήλ

2231 1213 2321 1266 καὶ
2360 1211 2562 1286 πατρὸς
2585 1217 2661 1284 τῷ
2697 1208 2913 1286 βασιλεῖ
2954 1209 3180 1282 Ἀλεξίῳ
3219 1210 3272 1274 ἐς
3332 1211 3494 1266 αὐτὸν
3550 1211 3867 1285 ἀναθεμένου

2229 1305 2322 1358 τὸν
2385 1305 2731 1380 πατριάρχην
2758 1305 2859 1373 τήν
2915 1305 3012 1358 τοῦ
3037 1304 3158 1358 υἱοῦ
3201 1302 3590 1380 τημελούχησι
3613 1326 3640 1359 ν
3667 1304 3764 1360 καὶ
3789 1306 3874 1376 τήν

2231 1397 2329 1449 τοῦ
2399 1394 2629 1468 κράτους
2707 1394 2856 1465 αὐτῷ
2939 1387 3264 1468 κυϐέρνησιν
3329 1395 3462 1470 ὑπὲρ
3521 1394 3650 1458 τοὺς
3705 1395 3872 1468 τούτῳ

2231 1482 2367 1538 κατά
2389 1485 2540 1558 γένος
2583 1485 2983 1558 προσήκοντας·
3052 1483 3080 1538 ὀ
3145 1479 3194 1538 δ’
3240 1479 3434 1560 ἔφησεν
3491 1485 3870 1564 ἀποφροντίσαι

2233 1572 2404 1628 πάλαι
2461 1573 2553 1627 τὸν
2616 1569 2862 1648 βασιλέα,
2919 1570 3018 1628 εἴτ’
3069 1573 3161 1628 οὗν
3219 1579 3336 1636 τοῖς
3401 1575 3684 1630 τεθνεῶσιν
3737 1573 3871 1650 ἔχειν

2233 1660 2548 1735 ἐνάριθμον,
2606 1659 2655 1730 ἐξ
2716 1662 2843 1716 δτου
2900 1681 3000 1735 περ
3049 1660 3212 1724 αὐτὸς
3265 1659 3612 1732 Ἀνδρόνικος
3642 1667 3754 1735 τήν
3787 1667 3872 1740 βα-

2235 1747 2417 1807 σιλίδα
2477 1749 2638 1807 πόλιν
2699 1748 3042 1820 εἷ’σεληλύθει
3099 1751 3190 1806 καὶ
3245 1752 3312 1806 τὰ
3342 1751 3496 1808 κοινά
3555 1751 3875 1834 διαχειρίζει

2233 1839 2549 1914 πράγματα.
2627 1839 2772 1914 Πρὸς
2851 1839 2912 1908 ἦν
2996 1837 3284 1914 ἀπόκρισιν
3368 1846 3466 1896 τοῦ
3542 1843 3878 1919 πατριάρχου

2233 1929 2548 2005 ἐρυθριάσας
2581 1925 2928 2004 Ἀνδρόνικος
2979 1927 3142 2004 ἤρετο
3203 1928 3255 1984 τί
3311 1927 3422 1986 ἐστι
3478 1933 3542 1986 τὸ
3605 1931 3876 2009 ἀποφρον-

469 2015 613 2072 τίσαι
633 2015 723 2072 καὶ
753 2017 890 2092 πρὸς
921 2015 952 2072 ὅ
979 2017 1378 2090 σημαινόμενον
1413 2014 1798 2087 ἐκτετόξευται,
1829 2017 1921 2072 τὸν
1957 2019 2033 2092 μή
2078 2019 2319 2075 συνιέντα
2363 2016 2757 2091 πλαττόμενος,
2813 2018 2994 2072 καίτοι
3054 2015 3308 2093 ἐγνωκὼς
3363 2018 3588 2090 ἀληθῶς
3640 2021 3721 2083 ὡς
3774 2023 3854 2077 τὸν

471 2111 569 2162 τοῦ
598 2105 790 2168 παιδὸς
821 2105 911 2160 καὶ
941 2105 1208 2181 βασιλέως
1241 2105 1460 2170 θάνατον
1485 2103 1696 2175 ἀνίξατο
1729 2101 1796 2159 δι’
1838 2107 1910 2160 ὧν
1943 2107 1971 2160 ὁ
2001 2108 2142 2171 θεῖος
2175 2106 2332 2170 οὗτος
2363 2106 2500 2182 ἀνὴρ
2545 2105 2852 2186 ἐφθέγξατο.
2885 2106 2946 2163 Ὁ
3013 2104 3070 2160 δὲ
3121 2107 3211 2162 τὸν
3267 2114 3410 2182 θῆρα
3479 2110 3553 2183 μὴ
3605 2108 3870 2183 ἐκμαίνειν

477 2193 678 2259 ἐθέλων
705 2196 795 2250 καὶ
829 2193 1018 2258 ἄλλως
1048 2195 1164 2250 κατ’
1196 2193 1360 2249 αὐτοῦ
1381 2195 1718 2269 ὠρυόμενον,
1751 2193 1786 2264 ἢ
1815 2197 1916 2265 τὴν
1947 2196 2202 2269 κάμηλον
2229 2197 2568 2270 ἇναστομοῦν
2604 2196 2680 2261 είς
2709 2195 2939 2270 ἐξέραμα
2976 2195 3114 2271 πρὸς
3146 2194 3276 2271 ὅπερ
3335 2196 3560 2270 ε’ἰθιστο,
3622 2198 3685 2254 οὐ
3748 2201 3869 2256 κατὰ

475 2295 576 2363 τὴν
651 2290 830 2363 ἀληθῆ
892 2293 982 2347 καὶ
1041 2294 1176 2368 πρὸς
1249 2293 1316 2362 ἢν
1376 2292 1566 2370 ἐρρέθη
1631 2293 1881 2366 ἐξήγησιν
1951 2295 2042 2350 τὸν
2090 2299 2187 2350 τοῦ
2261 2295 2510 2374 ῥήματος
2557 2297 2686 2350 νοῦν
2765 2294 3125 2368 ῥῆμήνευσεν,
3186 2292 3354 2363 ἀλλὰ,
3433 2296 3631 2370 μηκέτι
3709 2294 3865 2373 ἔφησε

473 2383 776 2460 φροντίζειν
810 2386 905 2436 τοῦ
940 2376 1208 2458 βασιλέως
1239 2381 1327 2436 καὶ
1357 2382 1418 2436 τὸ
1449 2382 1644 2438 τούτου
1675 2381 1845 2438 πάλαι
1877 2381 2121 2458 παριδεῖν
2151 2383 2392 2459 τημελές
2420 2385 2509 2439 καὶ
2541 2381 2632 2438 διὰ
2657 2383 2718 2438 τὸ
2745 2384 2871 2444 τοὺς
2900 2383 3124 2446 κανόνας
3201 2383 3294 2456 μὶν
3354 2389 3442 2440 καί
3473 2386 3536 2440 τὸ
3570 2387 3747 2462 γῆρας
3801 2389 3868 2460 μή

471 2471 748 2549 ἐγχωρεῖν
778 2471 924 2556 αὐτῴ
953 2477 1070 2534 τοῖς
1099 2473 1235 2527 κατά
1262 2473 1468 2545 κόσμον
1499 2470 1897 2546 συμαλέκετθαι
1931 2473 2240 2550 πράγμασι,
2283 2474 2345 2529 τὸ
2373 2473 2433 2528 τὶ
2499 2470 2664 2528 πλέον
2726 2471 2884 2528 αὐτὸν
2938 2471 3031 2528 τὸν
3079 2469 3429 2547 Ἀνδρόνικον
3491 2473 3736 2550 αὐτάρκη
3790 2474 3870 2531 καὶ

475 2563 786 2636 μονώτατον
817 2564 949 2617 εἴναι
979 2561 1069 2616 τὸν
1098 2559 1324 2637 βασιλέα
1353 2559 1732 2636 παιδοκομεῖν.

545 2654 632 2708 13.
662 2656 946 2710 Caeterum
978 2653 1178 2726 palatii
1211 2655 1384 2710 rebus
1409 2671 1478 2710 ex
1508 2653 1824 2710 Andronici
1879 2657 2113 2712 senien-
2147 2663 2192 2729 ο

465 2745 548 2800 tia
578 2759 681 2816 per
709 2742 860 2798 filios
891 2746 947 2798 et
978 2743 1197 2800 amicos
1230 2745 1358 2816 ejus
1389 2759 1566 2816 quam
1607 2744 1936 2801 rectissime
1985 2763 2118 2802 con-

467 2832 774 2901 stitutis,et
805 2831 1178 2905 imperatoris
1200 2833 1376 2888 etiam
1400 2832 1604 2890 amicis
1635 2834 1782 2890 331
1811 2835 2112 2906 ejusacce-

468 2923 646 2980 dendi
671 2925 731 2978 et
769 2923 897 2994 ejus
926 2922 1212 2978 voluntati
1242 2938 1305 2979 se
1329 2924 1810 2980 accommodandi
1835 2929 2118 2998 potestate

465 3011 619 3082 data,
680 3013 916 3068 tandem
976 3012 1103 3086 ipse
1164 3029 1400 3085 quoque
1457 3014 1831 3070 Andronicus
1891 3014 2117 3072 Damali

463 3104 734 3162 discedit.
764 3106 844 3161 Ac
876 3105 1097 3160 triremi
1127 3121 1470 3173 conscensa,
1501 3106 1640 3162 dum
1672 3121 1776 3178 per
1805 3106 2022 3163 fretum
2055 3107 2115 3164 in

466 3195 668 3250 urbem
699 3193 934 3264 trajicit,
965 3192 1470 3249 Davidicumillud
1493 3193 1757 3249 hilariter
1771 3194 2066 3250 succinuit
2097 3211 2111 3252 :

465 3303 493 3333 ιι
521 3281 1067 3347 Revertere,'anima
1099 3281 1313 3349 mea,in
1345 3283 1606 3354 requiem
1636 3284 2110 3356 tuam,quoniam

463 3369 753 3428 Dominus
781 3369 888 3426 tibi
919 3370 1222 3442 benefecit,
1257 3374 1452 3443 erepta
1483 3371 1600 3430 vita
1633 3389 1758 3428 mea
1792 3389 1862 3430 ex
1904 3378 2112 3442 morte,

465 3459 654 3517 oculis
693 3457 842 3516 meis
893 3475 928 3514 a
993 3459 1290 3534 lacrymis,
1349 3461 1600 3533 pedibus
1650 3461 1796 3518 meis
1853 3481 1888 3518 a
1943 3462 2115 3536 lapsu

465 3548 828 3606 vindicatisa
855 3551 1210 3620 Imperotere
1240 3549 1438 3607 Alexio
1464 3555 1521 3606 et
1551 3555 1734 3608 matre
1781 3553 1910 3624 ejus
1953 3555 2116 3611 Xene

463 3657 496 3698 ο
523 3639 764 3712 palatio,
797 3644 862 3695 ut
899 3639 1163 3696 voluerat
1191 3639 1582 3710 Andronicus,
1625 3640 1685 3697 in
1735 3641 2115 3715 Manganicas

461 3729 690 3804 regales
718 3731 873 3788 sedes
904 3730 977 3787 ad
1004 3728 1400 3803 Pbilopatium
1432 3729 1739 3802 digressis,
1771 3748 1837 3788 eo
1880 3748 1941 3789 se
1973 3749 2114 3788 con-

463 3822 574 3880 fert
604 3836 619 3888 ;
653 3837 740 3890 ac,
763 3821 1116 3893 imperatore
1147 3819 1444 3877 submisse
1473 3819 1731 3890 adorato,
1763 3821 1942 3894 pedes
1985 3823 2115 3894 ejus

464 3909 838 3984 amplectitur
865 3926 1000 3966 cum
1031 3909 1202 3966 solito
1235 3911 1475 3982 planctu
1507 3914 1564 3967 et
1587 3910 1748 3968 ﬂetu.
1771 3913 1948 3968 Matre
1977 3927 2110 3968 vero

464 4002 593 4072 ejus
615 3999 1290 4104 obiter.et,contemptim
1321 3999 1596 4102 salutata,
1628 4000 1752 4056 sine
1773 4001 2110 4104 dissimula-
2145 4041 2190 4104 Β

467 4090 626 4148 tione
649 4089 859 4146 veteris
891 4090 950 4145 in
982 4105 1107 4146 eam
1139 4088 1276 4158 odii,
1323 4088 1470 4146 citra
1528 4105 1751 4145 moram
1793 4088 2112 4162 longiorem

469 4181 532 4236 in
558 4179 872 4236 tentorium
893 4195 1008 4235 non
1033 4178 1232 4250 procul
1249 4177 1385 4234 inde
1425 4182 1691 4250 paratum
1717 4178 1985 4250 discedit,
2013 4177 2114 4234 ubi

468 4283 674 4324 omnes
705 4267 814 4323 viri
837 4267 1063 4323 nobiles
1094 4272 1152 4323 et
1181 4266 1450 4324 honorati
1493 4284 1602 4324 sua
1645 4283 1877 4340 quoque
1924 4266 2113 4324 taber-

471 4357 681 4416 nacula
709 4362 1034 4426 erexerunt,
1069 4358 1569 4431 quemadmodum
1603 4357 1744 4429 pulli
1775 4358 1888 4412 sub
1933 4357 2110 4430 galli-

468 4466 558 4508 ηε)
607 4447 727 4506 alas
757 4447 1130 4522 confugiunt.
1164 4449 1311 4504 Tum
1343 4446 1518 4504 homo
1551 4446 2112 4518 quidam,alterlrus

463 4538 826 4609 Homericus,
855 4541 1021 4608 teter,
1054 4535 1180 4592 sine
1211 4536 1406 4604 domo,
1432 4535 1584 4592 832
1622 4533 1870 4590 divitum
1901 4533 2112 4591 limina

461 4635 659 4690 terens
690 4636 756 4689 ut
787 4629 994 4688 frustis
1023 4627 1195 4702 panis
1226 4627 1441 4682 famem
1472 4625 1724 4692 sedaret,
1756 4629 1964 4697 captus
1993 4630 2104 4695 est,

464 4737 596 4778 cum
627 4721 978 4792 intempesta
1008 4721 1177 4774 nocte
1201 4715 1375 4787 juxta
1402 4713 1718 4770 Andronici
1760 4715 2112 4772 tabernacu-

463 4811 588 4868 lum
617 4811 836 4867 viclum
863 4808 1241 4875 mendicaret,
1272 4805 1363 4862 vir
1418 4820 1694 4878 procerus
1747 4807 1804 4860 et
1849 4803 2108 4862 strabus.

465 4905 549 4956 Ac
578 4901 834 4970 primum
868 4899 940 4954 ab
970 4897 1288 4954 Andronici
1317 4894 1606 4952 ministris
1646 4911 1750 4968 pro
1790 4911 1960 4967 mago
2017 4895 2106 4951 in-

465 4985 798 5056 simulatur,
841 4985 1051 5042 deinde
1081 4984 1316 5041 urbanae
1349 4983 1502 5057 plebi
1533 4987 1740 5057 praeter
1771 4984 2108 5057 opinionem

466 5076 714 5133 deditur.
743 5075 824 5130 Ea
851 5089 985 5130 vero
1015 5074 1333 5145 spectando
1389 5074 1735 5145 Andronico,
1795 5077 1860 5128 ut
1914 5071 2109 5129 divino

463 5165 653 5224 vultui
703 5165 950 5230 intenta,
1008 5179 1140 5218 cum
1189 5163 1405 5220 indicta
1447 5180 1645 5236 causa,
1706 5162 1993 5234 congestis
2049 5163 2106 5218 in

464 5257 692 5313 theatro
725 5253 902 5324 lignis
933 5251 1115 5308 aridis
1173 5257 1231 5308 et
1287 5255 1621 5322 sarmentis,
1680 5251 1742 5310 in
1800 5251 2110 5309 Andronici

465 5345 712 5420 gratiam
744 5343 954 5400 exurit.

2308 2654 2394 2728 ιγ’.
2429 2649 2777 2727 Τῶν’μέντοι
2832 2651 2968 2708 κατᾶ
3022 2654 3089 2708 τὰ
3148 2653 3344 2728 ἀρχεῖα
3391 2653 3734 2729 πραγμάτων
3787 2652 3866 2710 οὐ·

2225 2743 2360 2798 τωσὶ
2385 2739 2744 2817 διῳκημένων
2775 2743 2849 2804 ὡς
2883 2741 3228 2816 Ἀνδρόνικος
3261 2739 3487 2798 ὑπέθετο
3547 2749 3668 2808 τοῖς
3732 2745 3866 2800 eisii-

2225 2853 2306 2888 σιν
2360 2833 2527 2887 αὐτοῦ
2575 2833 2666 2887 καὶ
2722 2837 2838 2896 τοῖς
2891 2831 3075 2910 φίλοις
3134 2833 3221 2888 καὶ
3286 2830 3345 2886 οἷ’
3397 2837 3505 2888 τῶν
3560 2835 3681 2890 καθ’
3737 2835 3863 2909 αἷμα

2224 2921 2588 2996 ᾦκειωμένων
2621 2926 2700 2994 τῷ
2744 2920 2964 2997 βασιλεῖ
2991 2921 3274 2978 ἀνεύθυνον
3335 2921 3395 2978 ἐκ
3455 2923 3728 2999 βασιλέως
3782 2922 3862 2978 καῖ

2221 3010 2286 3066 τὸ
2317 3009 2448 3067 δλον
2480 3010 2816 3088 ἀνάγκλητον
2876 3012 3027 3086 εἶχον
3082 3012 3145 3066 τὸ
3196 3012 3477 3087 προσιέναι
3541 3011 3861 3088 Ἀνδρονίκῳ

2222 3103 2314 3156 καὶ
2347 3106 2464 3164 τοῖς
2497 3099 2704 3156 ἐκείνου
2733 3101 3096 3176 προσανέχειν
3133 3099 3524 3176 βουλεύμασιν,
3575 3101 3673 3176 ὀψέ
3735 3121 3863 3156 ποτε

2221 3191 2309 3245 καὶ
2343 3188 2504 3255 αὐτὸς
2535 3188 2879 3264 Ἀνδρόνικος
2920 3190 3206 3266 ὑποχωρεῖ
3241 3197 3344 3260 τῆς
3397 3188 3691 3263 Δαμάλεως
3743 3187 3852 3242 είσ-

2226 3279 2320 3334 ιὼν
2378 3282 2578 3355 τριήρη
2647 3281 2736 3334 καὶ
2797 3276 3088 3353 ὑποψήλας
3145 3278 3210 3334 τὸ
3252 3283 3347 3334 τοῦ
3376 3275 3535 3334 Δαϐἰδ
3565 3276 3618 3332 ἐν
3656 3281 3732 3349 τῷ
3760 3277 3854 3330 τὸν

2221 3369 2466 3446 πορθμὸν
2527 3371 2612 3443 [Ρ.
2650 3370 2772 3442 165]
2833 3362 3124 3423 διαϐαίνειν
3171 3375 3271 3438 τῆς
3315 3363 3592 3444 βασιλίδος
3631 3370 3733 3421 τῶν
3766 3363 3866 3420 πό-

2223 3455 2362 3514 λεων
2426 3456 2515 3512 καὶ
2575 3457 3046 3534 ὐποφθεγξάμενος
3109 3458 3242 3531 μετὰ
3293 3453 3618 3532 διαχύσεως,
3657 3454 3866 3512 ιιἘπῖ-

2223 3550 2472 3622 στρεψον,
2497 3549 2650 3622 ψυχή
2688 3568 2815 3622 μου,
2839 3545 2916 3609 είς
2946 3548 3044 3616 τὴν
3077 3546 3370 3602 ἀνάπαυσίν
3405 3567 3523 3616 σου,
3556 3545 3641 3602 δτι
3667 3543 3865 3621 Κύριος

2221 3635 2552 3715 εὐηργέτησέ
2611 3658 2690 3706 σε,
2753 3637 2836 3691 δτι
2867 3635 3104 3710 ἐξείλετο
3167 3637 3268 3706 τήν
3315 3638 3504 3712 ψυχήν
3531 3657 3636 3711 μου
3669 3635 3728 3691 ἐκ
3771 3635 3866 3688 θα-

2217 3727 2404 3798 νάτου,
2432 3725 2558 3788 τοὺς
2591 3725 2908 3804 όῳθαλμούς
2959 3747 3064 3800 μου
3117 3725 3224 3781 ἀπὸ
3279 3721 3526 3800 δακρύων
3595 3725 3686 3780 καὶ
3742 3722 3864 3784 τοὺς

2219 3813 2390 3878 πόδας
2425 3837 2529 3890 μου
2561 3815 2667 3870 ὰπὸ
2699 3813 3094 3888 ὀλισθήματος.
3131 3838 3160 3866 ››
3180 3817 3286 3872 Τοῦ
3320 3812 3378 3869 δὲ
3411 3811 3683 3891 βασιλέως
3709 3812 3869 3870 Ἀλε-

2219 3905 2336 3976 ξίου
2391 3905 2482 3960 καὶ
2531 3911 2630 3974 τῆς
2698 3902 2903 3960 ἐκείνου
2964 3905 3174 3981 μητρὸς
3241 3903 3418 3975 Ξένης
3464 3903 3717 3975 ἐξιόντων
3765 3903 3856 3977 μὶν

2220 3995 2282 4052 ἐκ
2337 3999 2446 4050 τῶν
2509 3991 2797 4070 βασιλείων
2855 3993 2992 4049 κατὰ
3035 3994 3135 4062 τὴν
3193 3991 3541 4069 Ἀνδρονίκου
3575 3992 3865 4071 βούλησιν,

2221 4085 2298 4147 είς
2337 4081 2523 4146 δὲτὰς
2578 4083 2628 4138 ἐν
2687 4087 2765 4157 τῷ
2819 4081 3143 4156 Φιλοπατίῳ
3193 4077 3483 4148 ϐασιλικὰς
3517 4104 3864 4158 μετασκηνη-

2223 4173 2470 4248 σαμένων
2503 4171 2800 4247 οἰκοδομὰς
2831 4174 2887 4229 αἳ
2918 4177 3014 4228 τοῦ
3046 4173 3306 4250 Μαγγάνη
3361 4172 3638 4252 ἐλέγοντο,
3699 4175 3869 4250 πρόο-

2223 4284 2354 4320 εισιν
2405 4261 2576 4318 ἐκεῖσε
2620 4261 2995 4338 Ἀνδρόνικος,
3054 4262 3146 4317 καὶ
3201 4266 3281 4336 τῷ
3331 4263 3426 4338 μὲν
3488 4261 3718 4340 βασιλεῖ
3778 4265 3872 4340 βαο

2223 4358 2368 4418 θεῖαν
2428 4349 2685 4425 ἀπονέμει
2754 4351 3120 4428 προσκύνησιν
3180 4350 3266 4406 ἐπὶ
3326 4353 3458 4428 γόνυ
3514 4354 3727 4426 πεσὼν,
3786 4351 3868 4408 καὶ

2219 4441 2346 4504 τοὺς
2400 4439 2604 4496 ἐκείνου
2661 4437 2831 4504 πόδας
2887 4441 3340 4517 προσπτύσσεται,
3401 4443 3477 4505 ὡς
3526 4439 3740 4515 εἷῲθει,
3783 4462 3871 4499 κο-

2219 4534 2464 4607 ψάμενος
2523 4530 2616 4586 καὶ
2675 4529 2880 4606 δάκρυα
2937 4531 3232 4610 χεάμενος,
3281 4533 3350 4604 τῇ
3383 4527 3659 4586 δὶτούτου
3706 4531 3871 4608 μητρῖ

2218 4622 2365 4698 Ξένῃ
2397 4620 2495 4676 ὅσα
2531 4620 2622 4676 καὶ
2656 4619 2867 4693 ἀπούσῃ
2907 4620 3006 4689 τὴν
3049 4620 3219 4693 τιμὴν
3276 4618 3736 4694 ἀφοσιωσάμενος
3785 4622 3868 4676 καὶ

2217 4717 2318 4781 τῆς
2375 4711 2545 4766 ἐκεῖσε
2581 4707 2879 4782 παρουσίας
2909 4708 3177 4784 πάρεργον
3227 4707 3521 4782 ἀπονείμας
3552 4711 3658 4779 τήν
3704 4731 3870 4787 προσ-

2217 4801 2522 4878 αγόρευσιν,
2591 4798 2682 4853 καὶ
2737 4795 2937 4868 ταύτην
2996 4797 3229 4872 ὑποψίας
3302 4797 3506 4871 μεστὴν
3591 4801 3690 4854 καὶ
3779 4802 3872 4856 τοῦ

2221 4890 2416 4964 μίσους
2473 4886 2802 4956 ἐνδεικτικὴν
2853 4883 2987 4962 ὅπερ
3041 4887 3160 4942 κατ’
3217 4885 3385 4956 αὐτῆς
3441 4885 3500 4942 ἐκ
3555 4886 3777 4966 μακροῧ
3807 4890 3871 4962 τῇ

2217 4981 2374 5054 ψυχῇ
2415 4977 2721 5044 ἐναπέθετο,
2787 4975 2968 5053 βραχύ
3018 4996 3070 5032 τι
3127 4972 3556 5053 προσδιατρίψας
3619 4998 3876 5054 μεταχω-

2220 5072 2323 5142 ρεῖ.
2385 5069 2486 5124 Καὶ
2543 5066 2676 5123 κατά
2731 5067 2829 5136 τὴν
2889 5064 3432 5142 προηυτρεπισμένην
3519 5067 3673 5140 αὐτῷ
3768 5067 3876 5122 ἐκεῖ

2219 5179 2323 5214 που
2353 5157 2554 5229 σκηνὴν
2575 5157 2905 5235 ἀφικόμενος
2932 5157 3055 5232 εἶχε
3101 5153 3224 5231 περὶ
3273 5155 3434 5211 αὐτὸν
3487 5156 3582 5220 τὰς
3635 5154 3871 5218 αὐλαίας

2219 5247 2586 5322 πηξαμένους,
2632 5247 2689 5302 ὅν
2745 5247 2947 5322 τρόπον
3003 5245 3056 5300 αἱ
3109 5241 3285 5322 ὅρνεις
3349 5245 3453 5300 ὑπὸ
3508 5249 3605 5312 τᾶς
3660 5247 3870 5302 ἑαυτῶν

2219 5338 2607 5416 ἐπισυνάγουσι
2663 5337 2933 5414 πτέρυγας
2985 5336 3052 5390 τὰ
3137 5333 3370 5407 νεόττια,
3445 5334 3621 5390 πάντα
3705 5335 3876 5414 ἄνδρα

467 5435 660 5508 εὐγενῆ
717 5430 806 5486 καὶ
863 5427 1166 5506 περίδοξον,
1232 5429 1320 5484 ’ὀτε
1374 5429 1463 5483 καὶ
1519 5451 1600 5494 τις
1667 5431 1805 5507 ἀνὴρ
1849 5431 1987 5505 Ἰρος
2011 5428 2182 5490 ἄλλος
2215 5427 2539 5504 Ὁμηρικὸς,
2585 5421 2868 5502 μολοϐρὸς
2899 5424 2991 5480 καὶ
3026 5423 3291 5494 ἀνέστιος,
3321 5423 3418 5485 τὰς
3447 5429 3556 5480 τῶν
3585 5422 3874 5508 πλουσίων

467 5502 631 5598 θύρας
691 5502 950 5596 ἐκτρίϐων
1005 5518 1095 5574 καὶ
1166 5517 1470 5592 θεραπεύων
1527 5521 1626 5590 τὴν
1683 5502 1916 5598 γαστέρα
1971 5525 2086 5582 τοῖς
2138 5523 2246 5575 τῶν
2307 5502 2486 5594 ἄρτων
2534 5515 2849 5596 τεμάχεσιν,
2909 5513 3056 5570 ἰάλω
3111 5511 3180 5569 τὰ
3239 5514 3483 5588 βιώσιμα
3530 5512 3700 5570 αἰτῶν
3731 5502 3872 5590 ἀωρῖ

464 5619 572 5670 τῶν
593 5616 797 5668 νυκτῶν
828 5611 950 5686 περὶ
979 5611 1078 5680 τήν
1109 5605 1460 5682 Ἀνδρονίκου
1493 5611 1694 5680 σκηνὴν
1728 5607 2322 5684 εἷλούμενος,ἐξωμίας
2369 5607 2650 5682 ἅνθρωπος
2702 5607 2792 5661 καὶ
2851 5599 3186 5686 παραῧλὼψ,
3243 5604 3334 5658 καὶ
3399 5603 3467 5659 τά
3525 5603 3619 5678 μὲν
3675 5609 3875 5679 πρῶτα

467 5707 572 5767 ὑπὸ
622 5709 724 5776 τῆς
771 5703 1056 5781 θεραπείας
1136 5694 1484 5777 Ἀνδρονίκου
1566 5700 1642 5764 ὡς
1696 5699 1978 5776 γοητείαις
2035 5696 2306 5761 εὐθύνεται
2373 5697 2684 5772 χρώμενος,
2747 5691 2931 5752 ἔπειτα
2985 5694 3078 5749 καὶ
3125 5697 3208 5768 τῷ
3264 5689 3430 5769 δήμῳ
3485 5699 3586 5764 τῆς
3640 5691 3875 5758 πόλεως
