4126 6294
247 372 365 433 609

1414 364 1752 427 ALEXIUS
1795 362 2191 428 MANUELIS
2234 367 2518 431 FILIUS.

3543 373 3664 436 610

256 500 540 560 ἐκδίδοται
570 497 923 574 παραλόγως.
959 498 1026 555 Οἱ
1061 494 1116 552 δὲ
1146 495 1245 551 ὅσα
1275 498 1365 552 καὶ
1398 499 1542 562 θείας
1573 493 1752 573 ὅψεως
1784 505 1883 569 τῆς
1909 496 2260 573 Ἀνδρονίκου
2316 502 2440 565 θεας
2494 501 2777 581 ἐχόμενοι,
2839 502 3227 580 ἀνεξελέγκτως
3282 504 3441 559 αὐτὸν
3497 505 3571 568 εἰς
3602 508 3664 561 τὸ

262 593 487 668 θᾶατρον
519 588 885 664 ἀπαγαγόντες
925 585 1016 641 καὶ
1056 590 1264 662 κραῦρα
1294 586 1428 657 ξύλα
1457 588 1546 642 καὶ
1579 585 1875 662 φακιόλους
1933 594 2180 665 φορυτῶν
2241 591 2640 668 ξυναγείραντες
2677 592 3055 649 κατακαίουσιν
3084 590 3412 668 Ἀνδρονίκῳ
3442 597 3668 673 χαριζό-

264 704 441 760 μενοι.

328 772 541 848 Συχνάς
571 770 618 826 δ’
650 770 988 845 ἐκμετρῆσας
1036 770 1248 844 ἡμέρας
1304 769 1651 846 Ἀνδρόνικος
1686 770 1776 825 σὺν
1827 773 1904 841 τῷ

2089 772 2194 838 Qui
2230 773 2353 831 dies
2384 775 2716 848 complures
2740 792 2873 833 cum
2906 778 3257 848 imperatore
3299 777 3358 833 in
3389 778 3666 853 Philopa-

261 861 476 941 βασιλεῖ
534 861 673 917 κατὰ
700 861 763 916 τὸ
796 858 1161 933 Φιλοπάτιον,
1194 856 1351 935 ἔσχεν
1380 856 1499 935 ἔρον
1534 859 1612 924 εἴς
1646 862 1746 928 τὴν
1806 880 1904 932 με-

257 950 556 1031 γαλόπολιν
615 949 837 1005 εἰσιέναι
890 949 980 1004 καὶ
1039 948 1129 1004 τὸν
1172 952 1269 1004 τοῦ
1302 947 1575 1024 βασιλέως
1609 946 1903 1026 ἐξαδέλιρου

256 1041 514 1111 Μανουήλ
546 1040 715 1117 τάρον
749 1036 903 1095 ἰδεῖν.
936 1041 1093 1097 ’Ὀθεν
1127 1038 1263 1093 κατὰ
1294 1039 1391 1106 τήν
1440 1042 1537 1093 τοῦ
1592 1038 1902 1110 Παντοκρά-

249 1151 405 1208 τορος
451 1131 626 1205 μονὴν
686 1129 948 1205 γεγονὼς,
1006 1127 1096 1182 καὶ
1154 1131 1261 1182 ποῦ
1318 1126 1574 1182 τέοαπται
1637 1127 1665 1181 ὁ
1718 1127 1904 1201 νεκρὸς

252 1221 548 1295 ἐρωτήσας,
592 1217 682 1274 καὶ
742 1215 962 1279 ἐπιστὰς
1013 1221 1095 1290 τῷ
1144 1215 1702 1293 σωματοφυλακοῦντι
1764 1217 1903 1287 μνή-

254 1330 382 1384 ματι
411 1311 619 1383 πικρῶς
648 1304 977 1380 ἐπεδάκρυσε
1032 1306 1122 1360 καὶ
1188 1309 1503 1382 περιπαθῶς
1563 1303 1903 1384 ὠλοφύρετο,

253 1401 327 1462 ὡς
356 1398 447 1455 καὶ
475 1396 723 1461 πολλοὺς
757 1401 867 1452 τῶν
926 1395 1288 1470 παρεστώτων
1350 1396 1459 1468 μὴν
1488 1395 1577 1449 τὸν
1608 1395 1903 1471 κρυψίνουν

249 1488 396 1552 ’ὀλως
429 1485 613 1563 διορᾷν
647 1484 998 1561 Ἀνδρόνικον
1039 1482 1271 1561 ἔχοντας
1309 1484 1581 1559 θαυμάσαι
1637 1483 1782 1555 λίαν,
1814 1484 1904 1538 καὶ

249 1578 438 1634 εἰπεῖν·
478 1600 505 1628 ‹‹
537 1584 603 1631 ⁶Ω
632 1579 729 1632 τοῦ
761 1574 1059 1648 θαύματος,
1091 1575 1209 1637 πῶς
1270 1572 1447 1649 ἐφίλει
1505 1574 1595 1629 τὸν
1630 1579 1901 1649 προσγενῆ

249 1670 472 1735 ἄνακτα,
503 1664 697 1739 καίπερ
731 1662 969 1735 διώκτην
1023 1658 1151 1718 ὄντα
1204 1664 1405 1738 θερμὸν
1462 1662 1552 1718 καὶ
1593 1662 1905 1741 φιλανθρώ-

248 1777 363 1821 πως
394 1753 543 1829 αὒτῷ
579 1755 658 1829 μὴ
690 1753 1065 1830 χρησάμενον.
1099 1776 1128 1807 ››
1190 1756 1363 1811 Τινῶν
1428 1750 1484 1807 δὲ
1537 1757 1645 1809 τῶν
1687 1752 1747 1807 ἐκ
1809 1755 1904 1806 τοῦ

249 1848 435 1924 γένους
473 1844 849 1919 ἀποσπώντων
879 1843 1043 1898 αὐτὸν
1104 1849 1204 1913 τῆς
1233 1842 1398 1918 σοροῦ
1450 1843 1539 1898 καὶ
1588 1841 1905 1918 ἀρκούντως

254 1934 688 2013 ὑποφωνούντων
769 1933 1179 2009 τεθρηνηκὲναι,
1241 1930 1357 1988 οὐδ’
1411 1930 1558 1994 ὅλως
1617 1932 1905 2000 καθυπεῖξε

249 2031 364 2089 ταῖς
429 2024 846 2101 παραιφάσεσιν,
909 2022 1035 2079 ἀλλ’
1098 2021 1325 2094 αἰτήσας
1378 2022 1470 2076 καὶ
1547 2015 1624 2075 ἔτι
1710 2020 1904 2096 μικρὸν

250 2113 528 2186 ἐνδοθῆναί
559 2114 610 2169 οἱ
643 2120 1116 2189 προσκαρτερῆσαι
1174 2117 1254 2186 τῷ
1283 2111 1456 2191 τάφῳ,
1498 2108 1643 2186 ἔχειν
1693 2111 1793 2186 γάρ
1850 2131 1903 2165 τι

248 2210 326 2280 τῷ
356 2202 596 2279 κειμένῳ
625 2204 763 2259 κατὰ
797 2205 965 2277 μόνας
997 2200 1378 2278 διαλεχθῆναι,
1434 2200 1531 2264 τὰς
1580 2206 1771 2279 χεῖρας
1830 2200 1908 2263 ὡς

248 2294 384 2372 πρὸς
412 2293 620 2349 ἱκεσίαν
680 2291 1034 2354 διασκευάσας
1088 2293 1175 2347 καὶ
1221 2289 1542 2354 διαπετάσας
1593 2291 1688 2353 τας
1729 2288 1909 2345 παλά-

252 2406 352 2460 μας
420 2386 511 2439 καὶ
562 2381 752 2460 διαρας
832 2380 959 2444 τοὺς
1022 2381 1339 2460 ὀφθαλμοὺς
1426 2382 1561 2457 πρὸς
1622 2379 1772 2445 λίθον
1819 2380 1909 2436 τὸν

246 2472 672 2553 νεκροδέγμονα,
743 2472 833 2528 καὶ
891 2473 959 2528 τὰ
1016 2471 1182 2546 χείλη
1224 2473 1318 2545 μὲν
1379 2477 1566 2540 κινῶν,
1620 2472 1805 2551 φωνὴν
1862 2467 1905 2525 δ’

247 2561 506 2638 οὐδαμῶς
565 2562 946 2636 ἐξικνουμένην
1033 2560 1112 2624 εἷς
1193 2562 1306 2617 ὦτα
1380 2565 1488 2616 τῶν
1544 2560 1904 2633 παρεστώτων

250 2654 514 2727 οὐμενοῦν
546 2653 747 2730 ἀφιείς,
782 2649 1022 2721 διάλεξιν
1080 2671 1203 2705 τινα
1260 2648 1523 2726 λαθραίαν
1581 2647 1904 2719 ἐπεποίητο.

244 2746 377 2805 Τοῖς
408 2746 494 2814 [Ρ.
530 2743 656 2814 166]
694 2740 786 2813 μὲν
843 2738 938 2795 οὖν
978 2738 1266 2803 πλείστοις
1311 2735 1498 2811 ἐπῳδή
1559 2758 1643 2798 τις
1699 2733 1906 2813 βαρϐα-

250 2829 705 2907 ρικὴλελόγιστο
732 2830 796 2885 τὰ
853 2828 1311 2904 ὑποψαλλόμενα·
1368 2827 1504 2896 ἦσαν
1574 2824 1619 2881 δ’
1681 2825 1763 2896 δ’ί,
1816 2827 1907 2882 καὶ

263 2920 473 2977 τούτων
534 2919 764 2993 μάλιστα
817 2920 867 2976 οἱ
923 2923 1025 2991 τὴν
1058 2918 1417 2994 εὐτραπελίαν
1454 2914 1906 2993 μεταδιώκοντες,

260 3012 641 3086 ἐπικερτομεῖν
700 3009 1047 3088 Ἀνδρόνικον
1099 3008 1329 3090 ἔφασκον
1381 3014 1462 3083 τῷ
1518 3008 1734 3085 βασιλεῖ
1788 3011 1906 3066 Μα-

253 3098 453 3171 νουὴλ,
502 3102 590 3156 καί
645 3100 891 3177 ἀτεχνῶς
948 3101 1184 3175 κειμένῳ
1253 3095 1654 3174 ἐπεμϐαίνοντα
1707 3095 1905 3174 λέγειν,

251 3216 279 3244 α
313 3192 472 3266 Ἕχω
503 3211 561 3246 σε
591 3191 681 3245 τὸν
712 3187 963 3260 διώκτην
984 3191 1075 3245 καὶ
1102 3187 1322 3252 πολλὰς
1355 3187 1478 3264 ἐμοὶ
1500 3185 1709 3250 πλάνας
1736 3187 1907 3263 προῦ-

251 3281 534 3353 ξενηκότα,
568 3280 660 3335 καὶ
699 3280 785 3357 ὑφ’
851 3277 913 3335 οῦ
966 3279 1309 3357 παγκόσμιον
1374 3282 1570 3353 μικροῦ
1609 3277 1906 3354 γεγένημαι

252 3366 639 3444 περιλάλημα,
683 3374 858 3423 πᾶσαν
917 3365 1202 3444 δυστυχῶς
1256 3367 1422 3422 ἐπιὼν
1479 3366 1685 3438 ὁπόσην
1741 3365 1906 3437 ἣλιος

1935 2135 1983 2201 Β

2018 859 2092 915 tio
2124 867 2542 935 commoratus,
2572 880 2845 936 magnam
2878 866 3081 923 urbem
3120 864 3339 922 intrare
3368 862 3677 923 desidera-4

2014 948 2097 1005 vit
2130 955 2187 1006 et
2217 950 2508 1008 Manuelis
2539 952 2822 1025 patruelis
2848 953 3184 1026 sepulcrum
3218 956 3662 1026 spectare.Cum

2014 1037 2073 1093 in
2108 1038 2537 1097 Pantocratoris
2597 1045 3013 1099 monasterium
3066 1045 3339 1112 venisset,
3399 1045 3667 1116 quaesivit

2016 1127 2115 1183 ubi
2142 1129 2289 1185 situs
2320 1135 2476 1187 esset
2520 1131 2888 1205 imperator;
2947 1134 3195 1205 ejusque
3252 1134 3520 1206 sepulcro
3578 1152 3667 1191 as-

2018 1220 2147 1274 tans
2177 1219 2383 1275 acerbe
2417 1220 2593 1287 ﬂevit,
2656 1221 3069 1278 miserabiliter
3125 1222 3377 1294 ejulans,
3422 1228 3489 1279 ut
3545 1223 3669 1295 qui-

2016 1306 2152 1362 dam
2183 1324 2254 1362 ex
2282 1309 2613 1365 astantibus
2664 1314 2875 1367 artium
2929 1311 3246 1367 Andronici
3295 1312 3503 1384 ignari,
3547 1329 3663 1383 prae

2017 1395 2400 1453 admiratione
2430 1399 2725 1454 dicerent:
2753 1421 2781 1449 ‹‹
2807 1400 2849 1455 Ο
2886 1417 3005 1456 rem
3032 1401 3238 1456 miram
3268 1401 3280 1455 Ι
3308 1406 3369 1456 ut
3408 1401 3662 1473 impera-

2016 1486 2201 1540 torem
2229 1491 2563 1558 cognatum,
2599 1488 2866 1558 quamvis
2907 1506 3099 1545 acrem
3160 1493 3217 1544 et
3272 1489 3663 1545 inhumanum

2016 1584 2463 1647 persecutorem,
2522 1576 2713 1631 dixit:
2779 1600 2808 1627 «
2869 1577 3012 1633 Cum
3068 1582 3264 1634 autem
3325 1579 3564 1651 quidam
3597 1596 3666 1636 ex

2015 1664 2280 1734 cognatis
2309 1680 2440 1719 eum
2475 1682 2507 1719 a
2538 1664 2763 1721 tumulo
2796 1665 3133 1736 avellerent,
3167 1672 3224 1722 et
3281 1666 3464 1723 luctui
3522 1667 3664 1725 satis

2015 1767 2141 1807 esse
2167 1753 2369 1809 datum
2402 1754 2683 1822 dicerent,
2735 1754 2974 1811 monitis
3030 1772 3232 1812 eorum
3292 1759 3663 1830 neqiiaquam

2016 1840 2321 1912 acquievit,
2349 1843 2447 1898 sed
2473 1843 2639 1915 petiit
2685 1848 2745 1899 ut
2768 1845 2920 1900 333
2945 1860 3002 1901 se
3029 1844 3326 1918 paulisper
3347 1846 3539 1903 adhuc
3570 1863 3661 1903 se-

2015 1929 2258 2003 pulchro
2308 1932 2590 1989 inhaerere
2640 1938 3011 2006 paterentur;
3046 1935 3262 1991 habere
3317 1936 3471 1992 enim
3501 1937 3657 2008 quod

2014 2036 2148 2076 cum
2181 2022 2453 2078 defuncto
2484 2024 2728 2079 seorsim
2750 2024 3135 2096 colloquatur.
3161 2029 3363 2098 Itaque
3385 2027 3660 2085 manibus

2015 2114 2073 2166 et
2101 2110 2313 2183 palmis
2343 2112 2627 2184 supplicis
2659 2112 2716 2169 in
2750 2115 2990 2170 modum
3014 2115 3451 2187 compositis,et
3470 2115 3660 2173 oculis

2016 2202 2076 2257 in
2107 2201 2361 2274 sepulcri
2391 2219 2598 2260 saxum
2645 2203 2885 2261 intentis
2941 2204 3098 2261 labia
3146 2207 3347 2277 movit,
3389 2207 3662 2279 editaque

2016 2307 2174 2358 voce,
2206 2308 2327 2362 qua
2355 2309 2388 2348 a
2419 2291 2652 2349 nemine
2688 2294 3082 2362 exaudiretur,
3138 2295 3436 2353 occultum
3483 2296 3661 2353 collo-

2017 2378 2222 2449 quium
2257 2381 2481 2437 habuit.
2512 2382 2586 2436 At
2615 2380 2878 2453 plerique
2907 2399 3176 2439 murmur
3204 2382 3352 2439 illud
3397 2384 3664 2441 incanta-

2017 2468 2235 2523 tionem
2260 2468 2627 2525 barbaricam
2653 2485 2803 2536 esse,
2845 2471 3145 2527 facetiores
3196 2475 3392 2528 autem
3440 2474 3663 2529 Andro-

2015 2557 2203 2613 nicum
2235 2557 2487 2612 Manueli
2519 2557 2803 2614 insultare
2832 2563 2890 2614 et
2947 2576 3152 2615 manes
3208 2561 3337 2632 ejus
3370 2563 3665 2633 exagitare

2013 2645 2283 2702 dicebant
2314 2646 2408 2702 his
2464 2646 2702 2703 verbis:
2739 2668 2769 2698 ι(
2826 2648 3021 2703 Habeo
3082 2654 3158 2718 te,
3228 2656 3586 2721 persecutor,
3631 2668 3665 2707 a

2014 2753 2129 2808 quo
2164 2734 2365 2791 multis
2397 2740 2563 2792 actus
2621 2754 2751 2792 sum
2810 2738 3109 2793 erroribus
3166 2747 3221 2794 et
3281 2739 3459 2796 totius
3519 2754 3665 2811 pene

2015 2824 2220 2880 mundi
2253 2824 2440 2880 factus
2471 2825 2689 2893 fabula,
2723 2825 2994 2882 universo
3026 2826 3163 2881 orbe
3195 2831 3487 2898 pererrato
3524 2846 3539 2890 ς
3598 2844 3665 2883 ac

2014 2913 2330 2985 tequidem
2366 2914 2744 2987 sepulchrum
2808 2914 2966 2970 istud
3023 2915 3081 2969 in
3142 2921 3362 2988 septem
3421 2917 3666 2974 vertices

2015 3018 2333 3076 assurgens
2385 3007 2440 3058 et
2500 3002 2855 3059 inevitabilis
2913 3020 3109 3059 carcer
3139 3006 3428 3075 profundo
3461 3023 3666 3064 somno

2012 3108 2360 3165 oppressum
2421 3096 2603 3164 tenet,
2661 3107 2730 3148 ex
2779 3108 2894 3165 quo
2953 3093 3190 3149 nonnisi
3245 3093 3466 3151 ultimis
3515 3095 3669 3152 tubas

2012 3182 2287 3256 clangore
2309 3182 2656 3239 excitaberis
2684 3199 2706 3246 ;
2728 3199 2834 3254 ego
2857 3199 2991 3239 vero
3009 3187 3171 3240 tuum
3189 3200 3373 3256 genus
3398 3185 3670 3255 ulciscar,

2017 3278 2082 3329 ut
2100 3272 2189 3329 leo
2211 3273 2468 3344 praedam
2491 3272 2749 3346 opimam
2775 3276 3005 3340 nactus,
3028 3273 3667 3347 etpoanasinjuriarum

2015 3369 2249 3421 tuarum
2278 3380 2482 3437 graves
2502 3365 2754 3437 exigam,
2784 3369 3096 3437 postquam
3118 3365 3270 3423 hanc
3298 3366 3670 3438 splendidam

252 3451 455 3512 ἔπεισιν
483 3454 707 3533 ἅρματι.
741 3457 848 3513 Καὶ
881 3456 938 3511 σε
1006 3456 1102 3529 μὲν
1163 3457 1191 3511 ὁ
1248 3450 1661 3531 ἐπτακόρυμϐος
1721 3455 1904 3511 οὑτοσὶ

2022 3455 2225 3511 urbem
2257 3471 2389 3511 sum
2421 3455 2745 3527 ingressus,
2780 3473 2906 3528 quas
2937 3461 3161 3529 septem
3194 3474 3312 3513 una
3341 3458 3457 3514 sibi
3501 3472 3670 3514 muro

252 3546 451 3617 συνέξει
483 3544 636 3608 λίθος
676 3545 775 3601 ’ὀσα
829 3544 920 3600 καὶ
978 3544 1210 3623 ἂφυκτον
1252 3543 1655 3619 δεσμωτήριον,
1711 3546 1910 3622 νηγερ-

2023 3545 2407 3601 circumdedit
2438 3562 2619 3602 arces.
2653 3567 2684 3598 ι

257 3657 353 3693 τον
386 3633 715 3701 καθεύδοντα
745 3634 907 3691 ὕπνον
941 3635 1028 3689 καὶ
1055 3642 1156 3705 τῆς
1183 3635 1495 3697 τελευταίας
1534 3632 1835 3710 σάλπιγγος
1867 3630 2078 3689 ἐπιδεᾶ·
2121 3630 2227 3708 ἐγὼ
2260 3630 2317 3686 δὲ
2370 3633 2431 3688 τὸ
2491 3633 2580 3688 σὸν
2650 3632 3045 3707 μετελεύσομαι
3087 3634 3243 3709 γένος
3278 3637 3368 3689 οἶα
3406 3637 3494 3689 καὶ
3529 3633 3668 3692 λέων

271 3725 493 3800 μεγάλῳ
524 3724 862 3802 ἐπεγκύρσας
894 3724 1192 3800 θηράματι,
1220 3724 1310 3779 καὶ
1352 3722 1504 3788 δίκας
1534 3723 1607 3778 ὧν
1641 3723 1745 3778 ὑπὸ
1775 3727 1871 3777 σοῦ
1926 3725 2109 3784 κακῶς
2164 3719 2476 3785 ἐπεπόνθειν
2534 3722 2782 3795 γενναίας
2816 3722 3176 3797 εἶσπράξομαι
3231 3724 3328 3792 τήν
3363 3721 3671 3798 ἒπτά).οφον

254 3816 478 3887 ταυτηνῖ
509 3816 600 3872 καὶ
634 3813 892 3890 λαμπράν
922 3814 1101 3869 εἰσιὼν
1144 3813 1545 3890 μεγαλόπολιν.
1574 3838 1603 3867 ››

329 3901 414 3961 ιδ’.
458 3905 554 3961 Ἐκ
612 3901 669 3959 δῖε
723 3905 920 3960 τούτου
978 3905 1151 3960 πάντα
1201 3904 1349 3959 οἶκον
1414 3902 1582 3959 ἐπιὼν
1644 3908 1908 3979 περιφανῆ

243 3992 337 4051 καὶ
425 3993 706 4069 λαμπρὸν,
779 3996 870 4049 καί
953 3994 1226 4069 σταθμοὺς
1276 3994 1327 4049 ἐν
1384 3993 1567 4055 αὐτοῖς
1623 3993 1910 4064 τιοὲμενος

245 4082 432 4158 ὥσπερ
518 4084 570 4139 οἱ
627 4081 1052 4159 παροδεύοντες,
1111 4082 1318 4159 ἐχρῆτο
1394 4088 1512 4145 τοῖς
1569 4087 1779 4145 κοινοῖς
1837 4081 1913 4144 ὡς

246 4175 439 4251 ᾑρεῖτο
468 4175 770 4250 πράγμασι,
828 4178 910 4247 τῷ
971 4175 1066 4248 μὲν
1127 4170 1343 4250 βασιλεῖ
1390 4173 1624 4245 Ἀλεξίῳ
1681 4191 1913 4247 κυνηγι-

246 4261 388 4324 σίοις
421 4260 589 4340 ἐφιεὶς
621 4262 978 4336 προσανέχειν
1025 4260 1117 4316 καὶ
1174 4255 1407 4335 κούφοις
1462 4263 1541 4331 τῷ
1592 4256 1730 4321 τὲως
1783 4256 1911 4331 τρέ-

246 4353 442 4427 φεσθαι
474 4350 742 4425 πνεύμασι
779 4352 914 4425 μετὰ
967 4354 1074 4406 τῶν
1136 4348 1393 4427 φυλάκων
1454 4344 1548 4411 ούς
1588 4346 1735 4419 αὐτῷ
1786 4345 1909 4402 ἐπέ-

249 4462 464 4512 στησεν,
510 4440 573 4496 οὐ
606 4441 772 4514 μόνον
799 4442 900 4511 τήν
962 4437 1170 4495 ε’ίσοδον
1230 4438 1395 4494 αὐτοῦ
1452 4438 1543 4493 καὶ
1600 4438 1697 4506 τὴν
1727 4430 1907 4507 ἔξοδον

250 4532 564 4608 ἐφορῶντας
589 4535 689 4587 τοῦ
731 4534 965 4604 μυθικοῦ
996 4527 1400 4603 πολυομμάτου
1431 4530 1640 4600 ’Ἄργου
1694 4546 1912 4601 περιερ-

250 4620 502 4697 γότερον,
534 4618 802 4677 ἀλλὰκαὶ
864 4616 1072 4693 μηδένα
1127 4622 1235 4673 τῶν
1296 4617 1541 4672 ἁπάντων
1602 4620 1913 4690 παρεῶντας

250 4709 410 4782 μόνῳ
462 4706 812 4785 ἐντυγχάνειν
871 4708 1019 4780 αὐτῷ
1077 4706 1207 4781 ὑπὲρ
1254 4726 1313 4761 τε
1372 4704 1683 4761 οὑτινοσοῦν
1724 4703 1912 4780 διομι-

245 4795 465 4854 λεῖσοαι
522 4801 870 4875 πράγματος,
932 4796 1119 4853 ἑαυτὸν
1194 4794 1250 4852 δὲ
1307 4795 1436 4851 ’ὀλον
1507 4791 1728 4857 ἐπιδοὺς
1794 4799 1913 4859 ταῖς

246 4888 561 4964 μερίμναις,
617 4887 724 4944 οὐχ
782 4888 932 4948 ’ὁπως
992 4887 1048 4941 εὗ
1132 4886 1417 4961 πράττοιεν
1481 4885 1549 4939 τά
1599 4884 1909 4956 Ῥωμαίων,

2097 3903 2182 3958 14.
2215 3901 2501 3973 Deinceps
2523 3918 2727 3958 omnes
2743 3902 3287 3960 domosillustreset
3326 3903 3669 3977 splendidas

2022 3990 2413 4065 pervagando,
2447 3995 2504 4047 et
2535 3990 2823 4047 viatorum
2854 3992 3042 4047 instar
3070 3991 3131 4047 in
3161 3994 3245 4048 eis
3294 3994 3673 4065 diversando,

2021 4098 2144 4137 rem
2161 4079 2457 4155 publicam
2475 4096 2580 4136 suo
2597 4080 2880 4136 arbitratu
2903 4080 3376 4138 administrabat.
3411 4083 3673 4155 Impera-

2020 4171 2130 4225 tori
2146 4169 2344 4226 Alexio
2360 4168 2694 4226 venationes
2709 4172 2764 4225 et
2800 4169 2915 4225 alia
2954 4168 3184 4226 ludicra
3216 4171 3486 4241 indulsit,
3517 4173 3674 4229 334

2020 4259 2367 4316 custodibus
2380 4256 2790 4330 adhibitis,qui
2807 4275 2922 4314 non
2940 4260 3113 4315 modo
3132 4260 3464 4332 ingressum
3488 4266 3546 4318 et
3576 4278 3674 4335 eg-

2022 4363 2246 4404 ressum
2264 4348 2391 4420 ejus
2405 4346 2855 4419 diligentissime
2868 4349 3376 4417 observarent,sed
3390 4349 3563 4406 etiam
3579 4367 3677 4407 ne-

2025 4438 2244 4495 minem
2260 4438 2500 4495 omnino
2519 4436 2638 4493 ulla
2654 4437 2723 4493 de
2740 4454 2798 4494 re
2811 4454 2944 4494 cum
2962 4454 3027 4494 eo
3043 4437 3297 4511 colloqui
3310 4444 3668 4510 paterentur:

2023 4529 2136 4585 sibi
2159 4545 2359 4585 curam
2382 4545 2577 4585 rerum
2610 4528 2955 4597 vendicavit,
2986 4545 3101 4584 non
3123 4527 3263 4583 inid
3291 4529 3575 4598 intentus,
3609 4536 3672 4585 ut

2024 4616 2288 4673 Romana
2308 4635 2399 4674 res
2423 4616 2671 4686 ﬂoreret,
2687 4617 2783 4673 sed
2801 4621 3078 4673 utomnes
3092 4620 3210 4672 tam
3224 4617 3468 4674 consilio
3490 4633 3669 4689 quam

2027 4724 2203 4763 manu
2217 4706 2499 4779 pollentes
2516 4709 2572 4761 et
2599 4705 2845 4778 imperio
2867 4706 3082 4773 idonei,
3107 4706 3345 4763 diversae
3378 4707 3672 4778 factionis,

2023 4795 2237 4867 palatio
2259 4796 2648 4867 exigerentur.
2682 4794 3082 4867 Paphlagones
3101 4798 3451 4867 crateresque
3466 4812 3674 4854 omnes

2023 4901 2271 4956 quorum
2302 4900 2479 4955 opera
2534 4891 2591 4940 et
2645 4883 2860 4940 studiis
2913 4901 3161 4956 regnum
3219 4891 3556 4958 occuparat,
3616 4892 3676 4944 et

240 4975 377 5032 ἀλλ’
438 4975 589 5039 ὅπως
637 4974 830 5055 ααελεῖ
884 4975 945 5030 ἐκ
999 4979 1105 5030 τῶν
1144 4973 1436 5049 βασιλείων
1467 4972 1558 5028 καὶ
1591 4967 1906 5045 σύμϐουλον

2020 4974 2342 5031 honoribus
2366 4976 2423 5028 et
2450 4972 2861 5044 largitionibus
2894 4978 2985 5030 est
3006 4980 3435 5033 remuneratus.
3472 4975 3676 5048 Digni-

238 5066 451 5143 ἀγαθὸν
511 5064 599 5120 καὶ
656 5066 793 5121 κατὰ
862 5070 1022 5141 χεῖρα
1060 5069 1301 5140 γενναῖον
1331 5061 1499 5138 ἂνδρα
1530 5062 1620 5117 καὶ
1682 5062 1909 5137 ἀρειμά-

240 5176 363 5212 νιον
393 5155 486 5212 καί
518 5153 758 5211 ὕποπτον
792 5153 983 5226 ἐκείνῳ
1015 5153 1103 5208 καὶ
1160 5152 1296 5229 πρὸς
1342 5151 1521 5228 ἀρχὴν
1574 5149 1906 5221 ἐπιτήδειον.

242 5239 654 5318 Ἀμειϐόμενος
685 5241 744 5298 δὲ
800 5250 901 5313 τῆς
959 5243 1094 5317 πρὸς
1146 5240 1304 5296 αὐτὸν
1366 5239 1575 5302 εὐνοίας
1617 5238 1742 5302 τοὺς
1801 5244 1908 5297 lla-

238 5331 526 5409 φλαγόνας
594 5329 685 5385 καὶ
744 5331 920 5385 πάντα
978 5326 1149 5384 ἄλλον
1236 5327 1677 5405 συνεφαψάμενος]
1765 5325 1910 5399 αὐτῷ

237 5428 339 5492 τῆς
372 5418 735 5489 ἆποστασίας,
767 5418 1037 5493 ἀξιώμασι
1087 5416 1314 5481 τούτους
1372 5416 1596 5490 ἐτίμησε
1651 5417 1739 5472 καὶ
1803 5414 1910 5470 δω-

238 5515 390 5587 ρεαῖς
420 5506 749 5589 φιλοτίμοις
778 5504 1119 5579 ἐδεξιώσατο.
1153 5507 1252 5562 Καὶ
1282 5508 1348 5562 τά
1404 5502 1635 5581 λαμπρὰ
1692 5501 1749 5559 δὲ
1800 5508 1907 5560 τῶν

236 5598 576 5677 ἀξιωμάτων
604 5596 697 5652 καὶ
751 5597 819 5652 τά
865 5602 971 5653 τῶν
1024 5596 1290 5677 όφφικίων
1356 5593 1772 5671 μεγαλοπρεπῆ,
1837 5595 1911 5658 ὡς

234 5690 441 5767 ἐκείνῳ
472 5687 678 5762 ἐδόκει,
715 5687 1016 5764 μετατιθεὶς
1074 5685 1163 5743 ἐπί
1228 5706 1392 5744 τινων
1438 5686 1531 5763 μὲν
1592 5687 1719 5750 τοὺς
1777 5685 1909 5742 ἑαυ-

2020 5067 2168 5121 tates
2200 5068 2257 5121 et
2279 5062 2467 5119 ofﬁcia
2498 5063 2808 5135 magnifica
2839 5081 2942 5136 pro
2974 5064 3138 5122 libito
3170 5068 3386 5137 partim
3427 5066 3487 5123 in
3520 5065 3671 5122 ﬁlios

2021 5153 2399 5226 suos,partim
2426 5153 2485 5208 in
2506 5151 2651 5209 alios
2672 5153 3096 5222 transtulit,eos
3122 5155 3325 5228 utique
3347 5157 3441 5227 qui
3473 5157 3667 5228 ipsum

2020 5243 2206 5298 secuti
2261 5246 2451 5312 erant,
2511 5246 2576 5297 ut
2632 5240 2774 5298 olim
2834 5242 2873 5297 ii
2934 5244 3033 5314 qui
3092 5261 3124 5299 a
3181 5245 3298 5301 Deo
3331 5245 3556 5301 vivente
3596 5246 3669 5301 ad

2020 5331 2256 5389 Baalem
2290 5333 2648 5399 defecerunt,
2675 5332 2896 5405 quique
2954 5335 3143 5406 ipsius
3196 5335 3440 5407 gloriam
3493 5336 3674 5408 priori

2021 5418 2303 5477 laudabili
2334 5421 2604 5491 dignitati
2636 5438 2768 5479 cum
2802 5424 3037 5494 justitia
3060 5425 3393 5496 cunjunctze
3416 5423 3678 5497 przetule-

2021 5514 2178 5565 runt.
2214 5509 2462 5565 Proinde
2521 5509 2661 5565 clari
2713 5511 2821 5568 viri
2879 5514 3091 5585 partim
3142 5514 3314 5570 domo
3377 5518 3434 5569 et
3488 5511 3676 5583 patria

2020 5598 2447 5672 pellebantur,a
2463 5599 2822 5658 charissimis
2843 5602 2967 5659 suis
3003 5601 3204 5671 avulsi,
3238 5603 3449 5673 partim
3485 5600 3672 5656 oculis

2020 5687 2421 5760 privabantur,
2452 5687 2668 5761 partim
2709 5688 2771 5746 in
2797 5706 3087 5748 carcerem
3105 5692 3163 5745 et
3178 5689 3396 5745 ferreas
3411 5685 3668 5745 manicas
