4126 6294
471 327 588 388 611

1789 315 2096 380 NICETIE
2141 310 2568 376 CHONIATIE

3746 318 3854 380 612

476 456 961 529 conjiciebantur,
1030 451 1250 510 nullius
1309 451 1423 510 sibi
1479 450 1716 509 sceleris
1746 450 1987 523 conscii,
2021 451 2122 508 sed

2233 451 2331 502 τοῦ
2362 441 2561 506 παῖδας
2587 436 2954 518 προύϐάΛετο,
2995 439 3190 504 ἄλλοις
3241 439 3289 496 δ’
3348 438 3601 519 ὗπεξῆρεν
3639 445 3860 522 ἐτέρους,

475 547 640 604 illius
671 543 936 602 criminis
965 542 1137 599 tacite
1195 542 1344 599 885
1407 541 1799 608 condemnati,
1859 541 2014 612 quod
2058 557 2128 596 ex

476 637 777 694 nobilitate
799 637 995 691 essent
1012 637 1069 689 et
1093 631 1239 688 bello
1270 648 1422 704 saepe
1450 632 1679 688 fortiter
1700 646 1763 686 se
1785 630 2124 702 gessissent,

477 731 580 784 aut
609 724 950 799 proceritate
1013 721 1273 794 corporis
1328 727 1386 777 et
1445 720 1734 793 elegantia
1774 721 1994 788 formae,
2028 724 2128 776 aut

475 813 590 871 alia
647 811 923 885 quapiam
981 827 1041 866 re
1101 826 1228 882 quae
1284 809 1569 865 morderet
1622 807 2012 864 Andronicum
2070 810 2129 862 et

475 919 577 974 spe
607 901 763 957 haud
803 900 955 956 bona
979 897 1180 964 aleret,
1223 895 1676 965 antecellerent;
1736 902 1837 952 aut
1885 895 1956 950 ob
1989 894 2128 952 resi-

476 992 627 1048 duas
657 995 918 1046 veterum
951 987 1304 1043 offensarum
1340 985 1649 1054 scintillas,
1683 1003 1810 1057 quae
1842 985 2124 1041 hactenus

475 1081 634 1138 velut
687 1079 841 1149 ignis
913 1077 1024 1134 sub
1093 1077 1284 1133 cinere
1343 1075 1652 1142 latuerant,
1725 1075 2124 1143 resuscitatas,

483 1169 909 1225 multabantur.
931 1167 1130 1237 Itaque
1161 1165 1475 1238 peracerba
1502 1163 1860 1219 fuitillorum
1907 1167 2127 1235 tempo-

481 1277 612 1317 rum
645 1259 922 1329 conditio,
955 1263 1013 1314 et
1041 1255 1668 1329 conjunctissimorum
1699 1254 1854 1310 inter
1883 1270 1946 1312 se
1990 1270 2124 1326 per-

482 1350 620 1406 fidia
649 1349 872 1406 malum
904 1345 1288 1404 intolerabile.
1323 1346 1437 1401 Nec
1468 1345 1620 1402 enim
1679 1347 1856 1400 frater
1913 1344 2123 1400 dunta-

479 1445 577 1496 xat
610 1440 870 1509 fratrem,
901 1440 1066 1510 pater
1085 1435 1273 1493 tilium
1297 1435 1650 1508 negligebat,
1691 1434 1740 1490 si
1790 1433 2124 1490 Andronico

477 1529 561 1585 ita
582 1529 774 1586 visum
801 1530 954 1583 esset
971 1543 983 1580 :
999 1525 1098 1581 sed
1117 1525 1438 1596 proditores
1451 1540 1652 1581 eorum
1707 1523 2123 1580 infestissimos

480 1621 551 1675 ad
575 1620 1030 1676 internecionem
1062 1616 1292 1673 familiae
1323 1617 1686 1688 adjutabant.
1723 1617 1896 1672 Erant
1947 1615 2121 1672 etiam

481 1711 583 1782 qui
608 1709 720 1782 ipsi
753 1726 890 1766 suos
921 1709 1236 1774 deferrent,
1269 1711 1454 1762 utaut
1481 1706 1796 1763 Andronici
1831 1713 1958 1762 acta
1989 1705 2125 1760 irri-

2231 539 2468 602 ἐκείνους
2531 536 2799 609 δήπουθεν
2843 537 2896 593 οἳ
2935 536 3112 593 ὀπίσω
3168 537 3336 594 αὐτοῦ
3389 537 3744 614 ἐπορεύθησαν
3794 543 3862 608 ὡς

2230 635 2327 686 τοῦ
2361 627 2510 687 Βάαλ
2543 628 2805 703 πρότερον
2839 628 2891 682 οἱ
2919 625 3249 689 ἀποστάντες
3310 633 3512 698 ζῶντος
3570 629 3724 702 Θεοῦ,
3781 633 3860 688 καὶ

2233 718 2284 775 ο’ί
2338 720 2438 789 τήν
2483 719 2608 794 παρ’
2669 716 2859 791 ἐκείνῳ
2899 715 3052 788 δόξαν
3100 717 3391 794 προέθεντο
3443 722 3543 784 τῆς
3600 719 3864 792 ἐπαινετῆς

2229 810 2319 864 καὶ
2360 808 2624 884 προτέρας
2651 815 2821 882 τιμῆς
2879 809 2967 863 καὶ
3023 813 3101 881 τῷ
3159 805 3354 881 δικαιῳ
3416 807 3612 883 μερίδα
3639 831 3863 887 παρεχο-

2235 898 2412 972 μένης.
2443 897 2510 954 Οἱ
2541 898 2635 970 μὲν
2678 898 2858 952 τοίνυν
2901 901 3008 952 τῶν
3041 895 3358 971 ἐπιστήμων
3392 896 3602 973 ἀνδρῶν
3633 897 3861 970 ἀπηλαύ-

2228 1007 2382 1044 νοντο
2413 984 2566 1040 οτίκου
2594 985 2686 1040 καὶ
2725 983 2986 1061 πατρίδος
3018 985 3110 1041 καὶ
3175 990 3284 1040 τῶν
3325 985 3606 1064 φιλτάτων
3663 986 3862 1043 ἀποδιίο

2231 1097 2444 1148 σταντο,
2480 1078 2533 1131 οἱ
2565 1072 2620 1131 δῖε
2651 1075 2890 1152 εἱρκταῖς
2947 1076 3038 1131 καί
3101 1073 3451 1151 χειροπέδαις
3481 1075 3727 1150 σιδηραῖς
3772 1098 3860 1132 παι

2229 1163 2525 1238 ρεδίδοντο,
2569 1162 2735 1220 ἄλλοι
2776 1164 2904 1228 τοὺς
2939 1163 3264 1243 ὀφθαλμοὺς
3295 1163 3670 1237 ἐξεκόπτοντο,
3710 1166 3858 1222 αἰτίαν

2231 1253 2493 1330 οὐδεμίαν
2534 1253 2816 1332 πρόδηλον
2887 1253 3230 1331 ἐπαγομένην
3287 1257 3467 1336 σφίσιν
3529 1255 3860 1331 εὕρίσκοντες,

2229 1346 2294 1402 τὸ
2324 1343 2372 1402 δ’
2411 1345 2549 1401 εἶναι
2587 1350 2695 1401 τῶν
2727 1341 3069 1421 εὐπατριδῶν
3108 1343 3410 1417 σιωπηλῶς
3469 1343 3863 1423 ἐγκαλούμενοι,

2229 1436 2321 1490 καὶ
2371 1437 2509 1492 κατὰ
2572 1431 2824 1509 πόλεμον
2879 1433 3155 1498 πολλάκις
3214 1433 3606 1510 εὐδοκιμῆσαι,
3659 1435 3692 1506 ἢ
3743 1441 3864 1514 φυῆς

2230 1528 2485 1599 σώματος
2543 1525 2931 1603 γενναιοτάτης
2991 1521 3028 1594 ἤ
3085 1523 3232 1600 ὥρας
3283 1523 3624 1597 ἰκανωτάτης
3653 1525 3868 1599 μεταλα-

2229 1621 2371 1690 χεῖν,
2403 1614 2438 1684 ἢ
2498 1636 2552 1670 τι
2618 1610 2802 1692 ἕτερον
2857 1613 3035 1692 φέρειν
3078 1614 3378 1684 ἐπαινετὸν,
3413 1615 3704 1685 ὗποκνίζον
3758 1615 3866 1673 Ἀν-

2231 1701 2477 1778 δρόνικον
2513 1701 2636 1760 οὐδ’
2675 1703 2878 1780 ἀγαθὰς
2931 1702 3116 1777 ἐκείνῳ
3161 1705 3258 1767 τὰς
3289 1701 3514 1768 ἐλπίδας
3551 1699 3862 1776 ὑποϐάλλον,

479 1801 1022 1871 dentes,autspreto
1053 1796 1386 1852 Andronico
1445 1800 1754 1866 paternum
1806 1794 2116 1866 imperium

2231 1791 2339 1864 ε’ἰτε
2396 1793 2503 1866 μὴν
2559 1791 2797 1852 παλαιᾶς
2833 1790 3202 1868 μικρολυπίας
3255 1792 3537 1872 ὑποτῦιρῠν
3571 1789 3866 1867 ἐμπύρευμα

476 1889 701 1961 gerenti
734 1887 925 1944 Alexio
955 1887 1236 1944 addictos.
1271 1883 1436 1941 Multi
1485 1901 1715 1956 quoque
1767 1885 1918 1940 inter
1956 1900 2122 1939 accu-

479 1980 729 2036 sandum
764 1985 904 2035 sunt
933 1977 1188 2034 accusati
1219 1993 1234 2044 ;
1285 1979 1342 2031 et
1398 1975 1538 2031 dum
1593 1975 1737 2032 alios
1776 1979 2030 2046 arguunt
2059 1978 2126 2030 ut

483 2069 801 2125 Andronici
832 2068 1229 2134 insidiatores,
1263 2065 1336 2121 ab
1367 2065 1511 2137 ipsis
1571 2065 1684 2122 reis
1735 2075 1833 2121 aut
1870 2065 2124 2122 circum-

485 2157 775 2213 stantibus
822 2159 962 2212 sunt
1020 2152 1214 2220 delati,
1248 2156 1304 2207 et
1365 2153 1422 2208 in
1481 2153 1740 2210 eamdem
1799 2153 2125 2208 custodiam

488 2244 716 2314 utrique
739 2243 996 2300 abducti.
1025 2240 1358 2298 Orationem
1403 2257 1590 2298 meam
1641 2241 2130 2297 conﬁrmatJoan-

483 2349 588 2389 nes
617 2333 1184 2402 Cantacuzenus,qui
1217 2331 1426 2407 pugnis
1458 2331 1517 2387 in
1575 2331 1892 2404 spadonem
1943 2330 2126 2387 Zitam

481 2421 567 2478 ita
593 2421 794 2492 saeviit,
836 2427 901 2477 ut
929 2423 1132 2478 dentes
1163 2423 1214 2479 ei
1247 2423 1538 2478 excuteret
1563 2423 1620 2476 et
1651 2419 1804 2477 labia
1833 2419 2126 2475 discinde-

479 2515 588 2580 ret,
624 2512 777 2584 quod
811 2527 944 2568 cum
973 2511 1326 2584 imperatore
1354 2510 1550 2567 Alexio
1599 2511 1672 2566 de
1712 2507 2128 2566 communibus

482 2602 739 2658 miseriis
761 2606 917 2658 esset
934 2601 1462 2668 collocutus;886
1485 2601 1759 2672 idemque
1797 2617 1928 2656 mox
1975 2616 2129 2656 com-

474 2692 800 2765 prehensus
830 2696 886 2747 et
917 2690 1103 2748 oculis
1133 2695 1314 2748 erutis
1372 2692 1429 2746 in
1463 2690 1781 2747 obscurum
1833 2706 2126 2747 carcerem

474 2787 563 2838 est
583 2783 903 2853 conjectus,
937 2782 1088 2852 quod
1121 2798 1221 2853 per
1264 2781 1576 2854 quemdam
1629 2779 1880 2836 carceris
1937 2784 2124 2835 custo-

480 2871 612 2927 dem
647 2873 808 2927 t'ratri
833 2874 1028 2928 uxoris
1044 2889 1162 2928 sua:
1185 2871 1404 2943 Angelo
1435 2870 1816 2926 Constantino
1875 2870 2126 2925 salutem

479 2960 716 3018 dixerat.
754 2960 1131 3034 Nemoigitur
1185 2977 1577 3016 aerumnarum
1619 2964 1744 3016 erat
1793 2975 2038 3031 expers;
2071 2961 2130 3014 et

475 3050 527 3104 si
559 3067 860 3122 nunquam
895 3049 1060 3115 alias,
1102 3054 1227 3106 tum
1284 3055 1438 3105 certe
1497 3049 1690 3121 reipsa
1735 3051 1998 3104 monstra
2027 3046 2130 3103 illa

474 3141 853 3212 apparebant,
890 3155 1014 3210 qua:
1036 3139 1410 3210 Empedocles
1441 3140 1512 3194 de
1569 3137 1939 3194 contentione
1967 3136 2130 3192 fabu-

471 3226 646 3282 latur.
680 3227 877 3296 Neque
932 3227 1088 3282 enim
1147 3243 1413 3298 proceres
1473 3227 1757 3282 duntaxat
1803 3225 2122 3282 Andronici

474 3314 816 3380 adversarii,
849 3315 948 3370 sed
979 3315 1110 3385 ejus
1167 3314 1341 3371 etiam
1403 3314 1658 3370 cultores
1713 3313 2121 3370 crudelissime

478 3405 898 3460 tractabantur.
930 3403 1074 3458 Nam
1109 3419 1255 3476 quos
1287 3403 1412 3460 heri
1441 3403 1870 3460 humanissime
1889 3419 2122 3476 excepe-

477 3497 570 3548 rat
603 3497 660 3548 et
686 3493 845 3548 inter
871 3491 1109 3548 intimos
1140 3492 1445 3562 habuerat,
1479 3493 1534 3547 in
1568 3508 1667 3548 eos
1697 3491 1866 3548 hodie
1907 3493 2119 3548 atroci-

473 3585 566 3638 ter
595 3582 885 3639 secviebat.
919 3583 1004 3638 Ita
1033 3582 1225 3638 videre
1256 3587 1381 3638 erat
1421 3582 1688 3638 eumdem
1741 3582 1942 3638 eodem
2002 3581 2117 3652 die,

474 3675 538 3730 ut
569 3673 640 3730 de
670 3673 960 3732 navareho
993 3673 1192 3730 Xerxis
1221 3678 1312 3730 est
1352 3673 1646 3730 memoriae
1705 3672 2024 3744 proditum,
2065 3677 2122 3729 et

477 3764 733 3821 coronati
792 3768 850 3821 et
905 3763 1096 3820 securi
1155 3763 1398 3836 percuti,
1453 3763 1676 3819 laudari
1731 3771 1784 3818 et
1843 3762 2119 3819 conviciis

472 3853 998 3925 proscindi.ltaque
1027 3853 1431 3926 prudentiores
1463 3851 1772 3908 Andronici
1829 3850 2122 3908 laudatio-

474 3960 606 4000 nem
670 3943 896 4015 injuriua
957 3941 1332 4015 principium,
1387 3945 1444 3998 et
1501 3942 1929 3998 beniticentiam
1995 3941 2119 4012 ejus

474 4031 818 4090 facultatum
851 4032 1135 4103 rapinam,
1169 4030 1585 4101 benignitatem
1643 4030 1772 4102 ejus
1815 4029 2114 4086 interitum

471 4118 832 4190 judicabant.
869 4117 1065 4189 Neque
1094 4135 1227 4174 vero
1293 4117 1619 4186 constabat,
1677 4133 1810 4172 cum
1870 4133 2116 4189 regnum

473 4207 791 4273 ati'ectaret,
823 4221 959 4261 eum
1009 4207 1329 4262 veneﬁcum
1381 4221 1511 4262 esse
1578 4205 2010 4262 atrocissimum
2062 4210 2119 4260 et

473 4293 694 4350 Iehalia
725 4294 934 4367 pocula
967 4293 1507 4368 miscendiperitum
1537 4311 1550 4350 :
1576 4296 1676 4350 sed
1713 4295 1861 4351 887
1899 4293 2119 4366 aliquot

470 4382 677 4440 diebus
710 4387 840 4457 post
869 4383 928 4438 id
959 4383 1235 4440 omnibus
1275 4385 1332 4440 in
1366 4400 1464 4440 ore
1520 4388 1662 4450 erat,
1721 4399 1854 4438 vere
1914 4398 2114 4454 necne,

465 4473 622 4532 haud
658 4474 778 4532 scio
813 4495 828 4546 ;
865 4490 931 4530 ac
969 4474 1104 4546 ejus
1161 4475 1396 4530 nefaria:
1453 4474 1596 4529 artis
1655 4473 1844 4545 prima
1909 4473 2116 4528 fecisse

2237 1881 2324 1936 καὶ
2356 1885 2653 1960 φρυκτεῦον
2712 1881 2852 1936 κατά
2905 1880 3088 1956 βραχὺ
3154 1881 3217 1936 τὸ
3249 1881 3441 1956 πρώην
3489 1878 3730 1952 λεληθὸς
3787 1883 3866 1936 καὶ

2236 1966 2628 2044 σποδιούμενον
2659 1975 2760 2026 τοῦ
2817 1973 3014 2044 Θυμοῦ.
3071 1973 3174 2028 Ἦν
3232 1969 3412 2026 τοίνυν
3471 1971 3785 2033 ἀνύποιστος
3834 1972 3864 2038 ἡ

2233 2063 2332 2114 τοῦ
2359 2059 2484 2114 τότε
2509 2063 2704 2135 καιροῦ
2733 2059 2896 2138 φορὰ,
2927 2059 3018 2114 καὶ
3065 2061 3100 2128 ἡ
3133 2059 3271 2134 πρὸς
3303 2057 3594 2131 ἀλλήλους
3639 2059 3724 2115 καὶ
3775 2063 3864 2114 τῶν

2235 2149 2372 2204 πάνυ
2426 2149 2818 2224 γνησιωτάτων
2893 2146 2994 2204 οὐκ
3075 2147 3320 2204 εὐπιστία
3401 2149 3570 2205 κακὸν
3628 2152 3706 2224 [Ρ.
3761 2148 3869 2220 16⁸1]

2236 2237 2512 2313 ἀφόρητον
2549 2239 2640 2310 ἦν.
2674 2239 2750 2297 Οὐ
2783 2239 2886 2315 γὰρ
2949 2237 3118 2313 μόνον
3164 2237 3398 2318 ἀδελφὸς
3465 2241 3728 2318 παρεώρα
3787 2258 3875 2294 κα-

2239 2327 2485 2403 σίγνητον
2543 2329 2634 2384 καί
2705 2330 2887 2402 πατὴρ
2971 2327 3092 2385 υἱέα
3174 2331 3530 2406 παρέτρεχεν,
3591 2333 3658 2386 ἄν
3722 2327 3872 2390 οὕτως

2237 2417 2460 2492 ἤρεσκεν
2519 2415 2871 2494 Ἀνδρονίκῳ·
2931 2416 3078 2475 ἀλλὰ
3133 2420 3224 2474 καὶ
3281 2425 3396 2482 τοῖς
3434 2416 3871 2494 καταπροδιδοῦσι

2237 2503 2462 2566 τούτους
2503 2503 2860 2580 συνέπραττον
2918 2505 2986 2560 τὰ
3041 2505 3326 2576 ἀνήκεστα,
3375 2506 3468 2561 καὶ
3523 2507 3633 2575 τήν
3658 2509 3746 2562 τοῦ
3795 2503 3874 2580 γέ-

2237 2613 2363 2656 νους
2423 2590 2783 2650 συνδιετίθουν
2843 2591 3136 2651 ἀπώλειαν.
3193 2595 3312 2650 Εἰσὶ
3344 2593 3391 2649 δ’
3431 2593 3486 2650 οἵ
3521 2599 3620 2651 καὶ
3649 2595 3872 2668 κατεμή³

2239 2704 2362 2740 νυον
2421 2681 2708 2739 αὺτότατοι
2765 2683 2890 2746 τοὺς
2927 2683 3160 2747 οἰκείους
3220 2684 3296 2748 ὡς
3323 2685 3360 2754 ἢ
3417 2684 3485 2740 τὰ
3514 2687 3647 2762 παρ’
3677 2681 3866 2760 Ἀνδρο-

2237 2773 2387 2828 νίκου
2448 2771 2818 2852 χλευάζοντας
2872 2771 3124 2847 δρώμενα
3152 2773 3187 2843 ἢ
3228 2778 3358 2848 γοῦν
3394 2778 3476 2847 τῷ
3505 2777 3610 2845 τὴν
3639 2776 3862 2851 πατρῴαν

2238 2862 2466 2938 ἄρχοντι
2519 2863 2699 2942 ἀρχὴν
2763 2861 2992 2936 Ἀλεξίῳ
3044 2865 3494 2939 προσκειμένους,
3541 2863 3862 2942 Ἀνδρονίκου

2239 2949 2296 3007 δὲ
2325 2952 2787 3031 ἀπαυχενίζοντας
2819 2953 3064 3015 ἑαυτούς.
3099 2951 3315 3008 Πολλοί
3364 2950 3422 3008 δὲ
3477 2955 3572 3009 κᾶν
3632 2960 3708 3028 τῷ
3759 2951 3864 3029 ἄρτι

2237 3047 2562 3118 κατηγορεῖν
2619 3041 3016 3116 κατηγόρηντο,
3074 3041 3164 3097 καὶ
3239 3039 3618 3121 διελέγχοντες
3672 3043 3863 3119 ἑτέρους

2239 3131 2320 3188 ἐπ’
2380 3129 2714 3206 Ἀνδρονικῳ
2770 3133 3024 3194 τέκτονας
3081 3135 3258 3188 κακῶν
3311 3133 3398 3188 ὑπ’
3456 3133 3625 3188 αὐτῶν
3664 3133 3867 3188 ἐκείνων

2236 3223 2344 3275 τῶν
2399 3221 2891 3296 κατηγορουμένων
2977 3222 3013 3292 ἢ
3097 3221 3188 3276 καὶ
3266 3219 3448 3278 ἄλλων
3521 3220 3853 3296 παρεστώτων

2230 3309 2745 3386 προσηγγέλλοντο,
2777 3310 2867 3364 καὶ
2925 3310 3046 3384 εἶχε
3100 3310 3329 3375 τούτους
3384 3309 3646 3372 κάκείνους
3701 3329 3858 3368 συνα-

2229 3398 2575 3475 παγομένους
2609 3399 2707 3472 μία
2739 3398 2968 3474 φρουρά.
3004 3399 3102 3454 Καὶ
3141 3399 3427 3457 πιστοῦταί
3489 3420 3580 3474 μοι
3634 3399 3722 3454 τὸν
3771 3395 3868 3454 λό-

2227 3513 2321 3569 γον
2404 3493 2432 3547 6
2509 3495 2952 3564 Καντακουζηνός
3037 3494 3275 3567 Ιωάννης
3386 3492 3870 3568 παλαμναιοτάταις

2229 3586 2474 3657 πυγμαῖς
2528 3583 2704 3639 παίων
2767 3582 3024 3657 ἐκτομίαν
3112 3585 3234 3640 τινὰ
3296 3587 3490 3655 Τζίταν
3544 3582 3864 3658 καλούμενον

2227 3670 2472 3734 καὶτοὺς
2505 3669 2730 3735 ὀδόντας
2770 3670 2996 3749 ἐκριζων
3052 3675 3142 3729 καὶ
3201 3676 3270 3730 τά
3329 3673 3498 3750 χείλη
3530 3674 3862 3754 ἀφαιματῶν,

2229 3760 2313 3816 ὅτι
2343 3764 2660 3840 πεφώραται
2713 3760 2859 3826 ὅλως
2916 3760 3146 3836 Ἀλεξίῳ
3175 3767 3255 3836 τῷ
3315 3763 3534 3838 βασιλεῖ
3589 3765 3712 3840 περί
3764 3766 3862 3818 τῶν

2229 3857 2420 3906 κοινῶν
2473 3848 2783 3926 διαλεχθεὶς
2842 3857 3164 3928 συμφορῶν,
3224 3859 3572 3934 παραχρῆμα
3625 3851 3682 3910 δὲ
3745 3851 3866 3908 συλ-

2229 3935 2647 4015 λαμϐανόμενος
2723 3939 2814 3996 καὶ
2872 3942 3037 4005 αὐτὸς
3118 3941 3599 4016 ἐξομματούμενός
3677 3963 3734 3998 τε
3786 3941 3870 3996 καὶ

2229 4031 2416 4105 εἰρκτῇ
2478 4028 2715 4108 ζοφώδει
2770 4029 3320 4106 παραρῥιπτούμενος
3363 4033 3449 4094 οῖς
3506 4030 3872 4108 προσηγορίαν

2229 4118 2318 4176 διὰ
2345 4123 2443 4174 τοῦ
2483 4117 2902 4197 δεσμοφύλακος
2971 4119 3254 4195 πέπομφεν
3315 4121 3394 4176 ἐνὶ
3449 4125 3557 4177 τῶν
3626 4141 3874 4198 γυναικο-

2232 4208 2452 4282 μαίμων
2501 4207 2747 4286 Ἀγγέλῳ
2797 4206 3052 4284 δεσμώτῃ
3139 4209 3256 4266 ὄντι
3333 4215 3412 4283 τῷ
3468 4211 3874 4284 Κωνσταντίνῳ.

2227 4300 2440 4357 Οὐκοῦν
2483 4296 2574 4354 διὰ
2611 4303 2778 4354 ταῦτα
2816 4299 2882 4368 ἦν
2917 4299 2994 4364 εἰς
3047 4300 3210 4356 πόνον
3268 4299 3447 4356 ἅπασα
3503 4299 3742 4382 κεφαλὴ,
3793 4300 3874 4356 καὶ

2227 4388 2532 4466 παρρησίαν
2589 4388 2722 4465 ἦγον
2775 4389 2850 4450 ὡς
2917 4387 2978 4444 οὔ
3037 4410 3190 4460 ποτε,
3249 4394 3374 4454 τοῖς
3459 4387 3646 4467 ἔργοις
3706 4389 3878 4450 αὐτοῖς

2227 4478 2585 4552 πιστούμενα,
2642 4478 2743 4532 ’ὀσα
2797 4478 2858 4533 τὸ
2917 4475 3344 4552 Ἐμπεδόκλειον
3373 4485 3552 4542 νεῖκος
3607 4481 3877 4557 τερθρεύε·

465 4563 793 4636 periculum
817 4565 1001 4624 Maria
1031 4565 1368 4630 Caesarissa,
1402 4561 1688 4620 Manuclis
1745 4561 2114 4635 imperatoris

2231 4591 2308 4626 ται
2365 4568 2583 4643 τέρατα.
2624 4567 2700 4626 Οὐ
2757 4567 2860 4646 γὰρ
2893 4567 3148 4632 ἐκλεκτὸς
3179 4571 3341 4644 μόνον
3398 4568 3538 4636 ἃπας
3591 4569 3688 4627 καὶ
3748 4571 3878 4645 ὑψη-

470 4655 612 4725 ﬁlia,
645 4656 958 4722 ferebatur,
1020 4670 1149 4728 quae
1207 4657 1263 4710 et
1315 4652 1588 4725 princeps
1621 4656 1676 4706 et
1743 4668 1858 4724 prae
1893 4651 2116 4708 caeteris

474 4745 750 4803 omnibus
830 4743 1148 4801 Andronici
1221 4743 1469 4799 reditum
1535 4741 1908 4814 expetiverat.
1969 4746 2116 4798 Nam

469 4833 983 4904 pollicitationibus
1017 4834 1088 4889 ab
1120 4850 1185 4889 eo
1219 4837 1557 4905 corruptum
1619 4836 1927 4904 paternum
1989 4833 2117 4903 ejus

465 4923 810 4993 spadonem,
843 4927 1226 4992 cognomento
1259 4922 1736 4995 Pterygionitezn,
1773 4921 1996 4978 lentum
2029 4920 2117 4976 illi

462 5025 754 5066 venenum
787 5011 1115 5066 miscuisse.
1148 5011 1262 5068 Nec
1295 5013 1480 5068 multo
1505 5019 1629 5083 post
1688 5011 1880 5066 Cmsar
1923 5009 2118 5066 uxoris

463 5097 689 5154 obitum
721 5102 810 5154 est
840 5102 1209 5166 consecutus,
1245 5101 1342 5172 qui
1373 5117 1477 5158 nec
1499 5102 1621 5173 ipse
1643 5098 1896 5156 naturali
1929 5101 2116 5155 morte

464 5186 809 5254 decessisse,
843 5188 942 5244 sed
977 5204 1129 5244 unus
1159 5188 1305 5244 calix
1336 5190 1482 5248 duos
1525 5194 1870 5262 praestantes
1924 5189 2114 5244 homi-

465 5291 592 5346 nes,
625 5277 943 5334 Andronici
984 5278 1238 5345 insidiis,
1270 5279 1592 5337 cont‘ecisse
1616 5280 1952 5352 putabatur.

2226 4659 2324 4724 λὸς
2352 4665 2451 4729 τῆς
2485 4657 2726 4722 ἐναντίας
2769 4655 2842 4711 ὢν
2899 4655 3230 4734 Ἀνδρονίκῳ
3292 4657 3514 4735 μερίδος
3555 4658 3768 4737 ἔπασχε
3818 4659 3878 4714 τὰ

2227 4748 2569 4824 οἰκτρότατα,
2627 4745 2773 4803 ἀλλᾶ
2829 4747 2918 4802 καὶ
2975 4747 3098 4823 περί
3129 4750 3258 4809 τοὺς
3290 4748 3524 4813 οἰκείους
3555 4752 3880 4827 θεραπευτῆ-

2227 4853 2320 4909 ρας
2347 4833 2708 4894 ἀπιστότατος
2743 4829 2840 4902 ὣν,
2897 4829 2989 4896 οὕς
3051 4835 3182 4908 χθὲς
3213 4832 3460 4909 ἐψώμιζε
3490 4836 3654 4913 στέαρ
3712 4833 3880 4908 πυροῦ

2223 4923 2314 4979 καὶ
2372 4924 2453 4986 οἷς
2492 4922 2585 4978 τὸν
2622 4921 2835 4997 μόσχον
2865 4921 3142 4997 παρετίθει
3199 4923 3294 4980 τὸν
3355 4925 3595 4980 σιτευτὸν
3665 4921 3878 4980 καὶτὸν

2224 5011 2518 5087 ἀνθοσμίαν
2601 5009 2781 5083 ἐκίρνα
2848 5013 3150 5088 ζωρότερον
3211 5013 3300 5068 καὶ
3381 5017 3462 5086 τῷ
3529 5011 3724 5087 κύκλῳ
3780 5015 3879 5066 τῶν

2224 5100 2348 5178 περὲ
2401 5099 2601 5156 ἐκεῖνον
2659 5097 2938 5175 ἐνέγραφε,
3011 5100 3242 5167 τούτους
3307 5099 3526 5167 διετίθει
3589 5102 3878 5180 χειρίστως

2223 5193 2486 5266 σήμερον.
2518 5193 2616 5247 Ἦν
2651 5185 2708 5244 δὲ
2737 5188 2826 5244 καὶ
2859 5191 2950 5245 τὸν
2997 5191 3158 5246 αὐτὸν
3195 5191 3281 5246 ἐπὶ
3311 5199 3410 5262 τῆς
3441 5191 3608 5264 αὐτῆς
3671 5191 3879 5266 ἡμέρας

2224 5277 2498 5342 πολλάκις
2531 5278 2660 5354 ὁρᾷν
2702 5277 3132 5358 στεφανούμενόν
3183 5302 3243 5336 τε
3273 5279 3387 5354 ἅμα
3442 5282 3578 5337 κατᾶ
3631 5281 3726 5336 τὸν
3785 5280 3876 5334 τοῦ

470 5363 677 5442 Ξέρξου
706 5365 984 5442 ναύαρχον
1025 5365 1116 5420 καὶ
1157 5362 1672 5442 δειροτομούμενον,
1715 5365 2054 5442 ὑμνούμενόν
2108 5389 2168 5424 τε
2233 5369 2322 5424 καὶ
2393 5365 2915 5444 βλασφημούμενον.
2969 5371 3130 5425 Ὥστε
3181 5370 3271 5425 καὶ
3329 5368 3535 5426 πολλοὶ
3588 5373 3699 5426 τῶν
3755 5366 3878 5424 ἐπι-

472 5456 834 5533 γραφομένων
863 5453 1226 5530 Ἀνδρόνικον,
1258 5456 1308 5510 οἱ
1343 5455 1486 5517 ὅλως
1517 5454 1574 5519 ἒς
1612 5461 1738 5512 νοῦν
1788 5456 2105 5532 βάπτοντες,
2161 5459 2255 5516 τὸν
2305 5457 2356 5533 ἐξ
2415 5455 2622 5513 ἐκείνου
2681 5449 2898 5512 ἔπαινον
2962 5453 3275 5528 καταϐολὴν
3332 5456 3577 5532 ἐνόμιζον
3643 5452 3876 5534 ὕϐρεως,

466 5545 558 5602 καὶ
615 5548 716 5616 τήν
775 5546 986 5624 ἀγαθοῦ
1042 5567 1192 5611 τινος
1245 5545 1594 5622 ἀνθρωπικοῦ
1651 5551 1907 5626 παροχήν
1977 5548 2161 5624 ἔμεσιν
2220 5553 2330 5606 τῶν
2380 5547 2696 5624 προσόντων
2758 5546 2936 5620 ᾣοντο
2995 5549 3128 5605 εῖναι
3180 5548 3272 5605 καὶ
3329 5549 3712 5629 καταστροφὴν
3785 5547 3882 5615 τὴν

465 5634 821 5718 ἐπιστροφήν.
907 5638 964 5694 '0
1049 5633 1097 5694 δ’
1184 5634 1342 5700 αὐτὸς

1443 5637 1729 5715 φαρμακὸς
1797 5637 1868 5696 ὢν
1947 5637 2262 5706 ὀλοώτατος
2317 5635 2570 5712 ἐλελήθει
2625 5635 2923 5715 πρότερον,
2971 5636 3136 5710 ἡνίκα
3187 5644 3461 5720 τυραννεῖν
3521 5632 3883 5696 ἐπεϐάλλετο·

4037 1605 4039 1630 t

4037 1657 4039 1690 ί

4038 1823 4039 1848 l

4037 2205 4039 2238 l

4038 2279 4039 2310 ί

4037 2387 4039 2504 ξ

4037 2551 4039 2608 i
