4126 6294
260 313 384 375 613

1415 310 1754 374 ALEXIUS
1799 311 2196 375 MANUELIS
2240 310 2521 374 FILIUS.

3560 318 3679 379 614

267 448 496 519 ἡμερῶν
533 440 591 498 δέ
618 462 781 498 τινων
817 437 1219 498 διαλειπουσῶν
1250 440 1415 518 ᾔδετο
1447 443 1593 517 παρᾶ
1630 448 1791 498 πᾶσιν
1833 444 1902 519 (εἰ
1936 442 1993 499 δὲ
2021 446 2110 500 καὶ
2145 441 2391 514 άληθῶς,
2426 444 2525 499 οὐκ
2550 442 2665 519 ἔχω
2697 442 3005 522 λέγειν)καὶ
3027 443 3355 518 θανασίμους
3384 448 3688 522 κεραννύειν

277 533 604 597 ἐπίστασθαι
662 528 916 603 κύλικας,
977 531 1067 586 καὶ
1127 538 1229 601 τῆς
1289 530 1543 608 ὀλεθριας
1601 532 1803 603 ταύτης
1842 531 1894 595 ἐς
1968 532 2099 604 ᾇδου
2157 540 2483 608 καταγωγῆς
2541 534 2767 608 πρώτην
2825 539 2933 588 τῶν
2991 532 3176 591 ἄλλων
3214 543 3537 609 πειραθῆναι
3592 539 3691 607 τήν

274 624 634 700 Καισάρισσαν
691 622 904 698 Μαρίαν
961 624 1062 692 τήν
1125 622 1386 698 θυγατέρα
1440 627 1537 677 τοῦ
1608 622 1879 697 βασιλέως
1937 622 2226 694 Μανουήλ,
2284 624 2384 693 τήν
2437 624 2528 680 καὶ
2588 624 2826 699 πρώτως
2879 625 2969 679 καὶ
3026 626 3171 699 παρὰ
3201 626 3404 688 πάντας
3456 624 3691 700 μάλιστα

282 718 385 787 τὴν
416 712 766 792 Ἀνδρονίκου
788 711 1017 778 κάθοδον
1048 713 1101 776 ἐς
1130 714 1229 783 τήν
1257 711 1495 789 πατρίδα
1523 713 1866 790 γλιχομένην
1902 711 2054 770 ἰδεῖν·
2091 715 2465 792 ύποιρθαρῆναι
2522 716 2627 793 γὰρ
2684 721 2954 796 χρησταῖς
3023 716 3379 792 ὑποσχέσεσιν
3433 717 3687 791 ἐκτομίαν

284 805 406 862 τινὰ
429 808 677 880 πατρῷον
714 805 998 879 ὑπηρέτην
1027 808 1095 878 τῇ
1128 824 1362 880 γυναικι,
1392 803 1699 872 τούπίκλην
1733 805 2176 880 ΙΙτερυγιονίτην,
2207 805 2298 859 καὶ
2358 803 2557 881 λυγρὸν
2613 804 2917 886 ἐγχυθῆναι
2953 809 3020 880 τῇ
3065 806 3332 881 ἂνθρώπῳ
3364 805 3453 862 διὰ
3489 808 3685 863 τούτου

279 895 579 973 φάρμακον,
642 893 778 948 εἶναι
842 890 899 947 δὲ
952 895 1028 966 μὴ
1087 897 1195 948 τῶν
1257 893 1447 948 αὐτίκα
1502 893 1868 949 θανατούντων
1936 894 1999 949 τὸ
2065 894 2226 958 ποθὲν
2286 891 2648 970 δηλητήριον,
2701 893 2847 951 ἀλλὰ
2901 900 3010 950 τῶν
3066 896 3203 950 κατὰ
3237 896 3416 970 βραχὺ
3445 916 3686 971 παρακα-

273 981 631 1056 τατιθεμένων
690 984 903 1056 θανάτῳ
934 985 1025 1038 καὶ
1085 983 1453 1058 ὁπεξαγόντων
1509 984 1606 1039 τοῦ
1670 988 1763 1058 ζῇν
1822 983 2202 1058 σχολαίτερον.
2263 986 2343 1043 Ού
2402 985 2579 1049 πολὺς
2657 987 2685 1040 6
2754 985 2807 1039 έν
2865 987 3013 1058 μέσῳ
3060 986 3268 1060 καιρὸς,
3301 984 3388 1040 καὶ
3447 990 3526 1058 τῷ
3589 991 3689 1054 τῆς

274 1073 526 1148 γυναικὸς
599 1074 756 1148 μόρῳ
813 1074 902 1128 καὶ
956 1074 984 1128 6
1043 1072 1212 1148 ταύτῃ
1271 1074 1519 1149 συζυγεὶς
1579 1077 1787 1148 Καῖσαρ
1845 1071 2284 1145 ἐπηκολούθησε.
2342 1075 2499 1145 Πλὴν
2563 1071 2675 1130 οὐδ’
2707 1075 2865 1137 οὗτος
2896 1079 3137 1151 φυσικῶς
3166 1072 3381 1151 ἐλέγετο
3412 1074 3689 1145 τελευτᾷν,

270 1161 396 1218 ἀλλ’
429 1160 674 1226 ὕποπτος
706 1165 795 1236 [Ρ.
832 1164 956 1237 168]
987 1164 1052 1232 ἦν
1084 1163 1182 1219 κᾶν
1212 1162 1391 1235 τούτῳ
1422 1160 1789 1239 Ἀνδρόνικος,
1824 1163 1915 1218 καὶ
1944 1161 2102 1237 κύλιξ
2133 1165 2483 1240 ἒτεκμαίρετό
2517 1164 2616 1238 μία
2648 1168 2797 1239 ζωῆς
2827 1166 3209 1240 κατευνάστρια
3241 1161 3335 1219 δύο
3367 1163 3693 1239 ἀμαυρῶσαι

265 1252 427 1307 τέκνα
452 1252 735 1323 πιότητος.

344 1342 419 1397 ιε’.
472 1339 774 1429 Βλουληθεὶς
833 1337 891 1394 δὲ
930 1428 935 1429 7
972 1341 1034 1396 τὸ
1092 1340 1153 1397 ἐκ
1206 1347 1309 1412 τῆς
1346 1341 1571 1429 ἀνεψιᾶς
1629 1339 1910 1429 Θεοδώρας
1946 1363 1992 1429 Α

266 1426 561 1503 ἂποτεχθὶν
604 1426 752 1500 αὐτῷ
810 1428 1096 1504 θυγάτριον
1145 1430 1244 1499 τὴν
1293 1428 1533 1503 Εἰρήνην
1605 1428 1683 1492 είς
1739 1430 1918 1505 γάμον

264 1517 500 1593 ἁρμόσαι
564 1523 645 1591 τῷ
715 1517 968 1592 Ἀλεξίῳ,
1029 1520 1087 1573 ’ὸν
1133 1520 1167 1588 ἡ
1227 1521 1481 1592 Κομνηνή
1533 1516 1790 1594 Θεοδώρα
1842 1523 1922 1591 τῷ

268 1605 486 1671 βασιλεῖ
512 1606 756 1683 ἐγείνατο
788 1608 1076 1678 Μανουήλ,
1140 1602 1359 1682 βιϐλίον
1417 1608 1719 1678 λακωνίζον
1752 1608 1920 1679 ξυντί-

262 1700 386 1767 θησι
418 1698 555 1772 πρὸς
587 1698 688 1768 τήν
732 1698 882 1770 ἱερὰν
913 1694 1161 1766 σύνοδον,
1192 1698 1281 1753 καὶ
1334 1701 1498 1753 τοῦτο
1554 1695 1920 1770 ὑποσημηνά-

265 1808 424 1861 μενος
446 1788 687 1852 κάτωθεν
748 1785 836 1842 διὰ
905 1786 1251 1861 μέλανοςτῷ
1292 1787 1479 1861 οἲκείῳ
1539 1788 1770 1862 ὀνόματι
1832 1785 1920 1842 ἐπὶ

261 1884 450 1947 κοινῆς
482 1876 791 1951 ἂκροάσεώς
824 1898 881 1932 τε
920 1877 1008 1931 καί
1042 1875 1283 1952 σκέψεως
1322 1874 1671 1934 ἂναδίδωσιν.
1728 1879 1828 1934 Ἦν
1865 1873 1921 1931 δὲ

259 1973 365 2022 τῶν
394 1968 755 2043 γραφομένων
790 1968 817 2022 6
854 1971 1000 2036 νοῦς,
1036 1967 1081 2022 εἰ
1116 1968 1613 2044 συγχωρηθήσεται
1643 1962 1916 2043 προϐῆναι

261 2056 625 2135 συνάλλαγμα
659 2058 895 2133 γαμικὸν
929 2058 1111 2137 βραχὺ
1175 2059 1267 2132 μὲν
1323 2060 1358 2128 ἢ
1417 2056 1571 2114 οὐδὲν
1629 2078 1918 2134 παρυπεμ-

261 2154 444 2227 φαῖνον
472 2150 534 2203 τὸ
566 2147 821 2221 ἄσεμνον,
850 2148 1214 2225 γενησόμενον
1251 2147 1298 2204 δ’
1330 2147 1485 2224 ὅμως
1540 2148 1614 2210 εἷς
1660 2149 1917 2223 ἁρμογὴν

257 2245 356 2309 τῆς
384 2239 560 2310 Ἑῴας
584 2237 673 2293 καὶ
705 2239 996 2313 Ἑσπερίου
1027 2236 1239 2309 λήξεως
1304 2239 1393 2293 καὶ
1453 2237 1740 2314 ἀνάρρυσιν
1791 2236 1920 2314 αἰχ-

265 2327 534 2402 μαλώτων
570 2328 657 2383 καὶ
699 2328 947 2405 χορηγὸν
978 2325 1251 2383 πλείστων
1308 2326 1448 2382 ὅσων
1493 2324 1690 2401 ἑτέρων
1749 2346 1922 2381 συνοι-

260 2418 462 2472 σόντων
496 2420 672 2491 κοινῇ.
744 2416 841 2471 Καὶ
903 2418 964 2472 τὸ
1022 2412 1484 2493 βραχυσύλλαϐον
1520 2419 1681 2472 τοῦτο
1738 2437 1917 2491 γραμ-

264 2508 479 2581 μάτιον,
510 2507 648 2562 καθά
674 2528 760 2570 τις
782 2505 1126 2582 εὑρυχανδὴς
1161 2509 1481 2584 ζωμήρυσις
1502 2505 1538 2576 ἤ
1556 2503 1917 2567 Ποσειδώνιος

255 2597 472 2672 τρίαινα
499 2594 535 2666 ἤ
575 2595 701 2672 γοῦν
725 2596 787 2651 τὸ
815 2595 1002 2673 εὐφυὲς
1032 2602 1133 2666 τῆς
1163 2594 1387 2670 Ἔριδος
1450 2594 1659 2668 μῆλον,
1712 2597 1811 2665 τήν
1861 2614 1920 2650 τε

260 2684 487 2742 σύνοδον
517 2684 805 2757 διεκύκησε
862 2685 955 2741 καὶ
1007 2692 1108 2755 τῆς
1158 2685 1468 2763 συγκλήτου
1516 2685 1679 2761 μέρος
1712 2685 1915 2740 ὁπόσον

262 2777 384 2848 περὶ
451 2775 514 2829 τὸ
569 2776 770 2849 κρίνειν
824 2772 1123 2845 διέστησεν,
1210 2773 1247 2844 ἥ
1326 2773 1687 2850 ἀληθέστερον
1747 2773 1916 2829 εἰπεῖν

265 2865 386 2917 κατ’
444 2862 711 2933 ἀλλήλων
767 2863 1047 2942 έιρώπλισε
1101 2863 1191 2918 καὶ
1263 2864 1338 2926 είς
1400 2864 1592 2939 μοίρας
1680 2861 1921 2927 ἒναντίας

272 2950 547 3027 ἀπέκρινε.
597 2953 845 3027 Χρήμασι
906 2954 1014 3029 γὰρ
1067 2954 1118 3007 οἱ
1174 2951 1425 3008 πλεῖστοι
1489 2953 1695 3008 τούτων
1755 2954 1918 3006 καθυ-

268 3041 568 3115 παχθέντες
617 3042 703 3099 καί
756 3048 933 3118 τιμῶν
992 3038 1279 3098 ἀναϐάσεσι
1347 3040 1720 3117 μαλαχθέντες
1760 3040 1921 3096 ἕπευ-

263 3127 479 3200 δόκουν,
518 3131 592 3194 ὡς
665 3133 766 3187 οὐκ
820 3128 1056 3210 ὤφελον,
1135 3133 1228 3187 οἷα
1278 3134 1354 3206 μή
1424 3130 1787 3205 κεκωλυμὶνῳ
1842 3134 1922 3203 τῷ

256 3220 443 3296 γάμῳ.
479 3221 545 3278 Οἱ
572 3218 629 3276 δὲ
661 3223 983 3297 θρασύτεροι
1034 3225 1140 3276 τῶν
1201 3218 1468 3277 δικαστῶν
1526 3220 1617 3277 καὶ
1659 3223 1921 3298 ψηφοφα-

257 3313 380 3385 γεῖν
411 3309 664 3374 εἰωθότες
710 3312 800 3367 καὶ
857 3311 992 3367 κατὰ
1047 3312 1174 3374 τοὺς
1229 3316 1542 3391 περιφανεῖς
1599 3309 1919 3387 ἆγυρτεύον-

252 3419 344 3462 τες
376 3397 581 3470 οἴκους,
614 3400 704 3455 καὶ
737 3401 787 3455 οἱ
846 3400 1179 3479 φιλόχρυσοι
1235 3406 1343 3457 τῶν
1401 3403 1465 3456 ἒκ
1528 3406 1633 3471 τῆς
1691 3397 1921 3456 συνόδου

263 3490 352 3544 καὶ
414 3488 779 3561 θεοκάπηλοι,
838 3488 979 3562 μηδὲ
1040 3492 1344 3567 συγγένειαν
1404 3488 1750 3565 ἐπισύρεσθαι
1810 3487 1926 3545 διε-

261 3579 507 3635 τείνοντο
563 3581 633 3635 τὰ
692 3580 1149 3658 συναιροησὸμενα
1225 3580 1494 3657 πρόσωπα
1583 3577 1673 3635 διὰ
1752 3579 1815 3634 τὸ
1872 3579 1925 3650 ἒξ

257 3668 534 3741 ἀθεμίτων
593 3669 839 3724 ένώσεων
923 3668 1205 3749 ἀμφότερα
1260 3672 1585 3745 γεγενῆσθαι
1659 3668 1749 3724 καὶ
1809 3674 1925 3731 τοῖς

258 3758 459 3831 νόμοις
498 3759 567 3814 τὰ
594 3756 779 3816 τοιάδε
809 3761 1067 3832 κυήματα
1102 3760 1577 3830 ἀνεπικοινώνητα
1618 3758 1929 3835 συγγενείας

258 3848 349 3903 καί
382 3847 442 3904 ἐκ
480 3846 776 3925 ’διαμέτρου
822 3849 1106 3924 ἀφεστῶτα
1164 3850 1500 3924 λογίζεσθαιο
1561 3849 1651 3904 καὶ
1720 3849 1925 3921 ἀμαθὲς

257 3935 317 3992 δὲ
350 3934 544 4013 ἔλεγον
576 3938 703 3993 εἶναι
736 3937 825 3993 καὶ
855 3938 918 3993 τὸ
964 3937 1171 4002 οἲεσοαι
1224 3937 1371 4000 ὅλως
1401 3935 1510 3993 δεῖν
1543 3940 1630 3993 ὑπ’
1685 3936 1928 4008 ἐξέτασιν

252 4025 475 4083 πίπτειν
509 4024 874 4101 ἐκδηλοτέραν
909 4024 1073 4096 ἡλίου
1111 4026 1385 4092 ὑπόθεσιν.
1409 4028 1478 4085 Οἱ
1507 4025 1552 4082 δ’
1582 4024 1697 4082 οὐδ’
1728 4024 1916 4102 ἄκροις

2100 1344 2186 1399 15.
2220 1345 2365 1400 Cum
2426 1348 2619 1401 autem
2681 1344 2861 1401 filiam
2923 1347 3152 1414 Irenen,
3211 1358 3281 1400 ex
3331 1343 3686 1400 consobrina

2031 1433 2331 1489 Theodora
2360 1433 2653 1489 Comnena
2683 1438 2887 1491 contra
2911 1434 3070 1506 leges
3090 1431 3681 1505 susceptam,Alexio,

2030 1523 2313 1579 Manuelis
2343 1540 2412 1579 ex
2444 1526 2660 1579 incesto
2688 1523 3001 1579 concubitu
3033 1521 3349 1579 Theodore:
3378 1521 3520 1589 filio,
3545 1521 3681 1576 des-

2032 1614 2283 1683 pondere
2314 1613 2505 1684 vellet,
2537 1614 2707 1668 breve
2738 1613 3024 1685 scriptum
3056 1613 3127 1669 ad
3185 1619 3452 1668 sanctum
3500 1609 3689 1666 conci-

2033 1701 2170 1758 lium
2206 1703 2523 1775 componit,
2553 1702 2728 1774 idque
2762 1718 2867 1758 suo
2901 1702 3136 1758 nomine
3168 1706 3492 1757 atramento
3542 1700 3684 1755 sub-

2033 1791 2311 1862 scriptum
2371 1791 2607 1863 publice
2663 1791 3028 1846 recitandum
3099 1793 3156 1844 et
3241 1788 3682 1845 deliberandum

2033 1881 2322 1953 proponit.
2356 1882 2535 1953 Cujus
2566 1881 2687 1938 haec
2719 1885 2846 1938 erat
2875 1879 3184 1947 sententia,
3245 1882 3444 1935 utrum
3489 1878 3679 1933 feren-

2032 1972 2172 2026 dum
2207 1975 2363 2027 esset
2394 1970 2864 2038 matrimonium,
2923 1969 3078 2041 quod
3136 1984 3266 2024 cum
3326 1982 3533 2039 parum
3577 1968 3682 2022 aut

2030 2058 2177 2114 nihil
2208 2060 2406 2131 potius
2464 2058 2821 2115 incommodi
2879 2075 2990 2127 prae
3050 2073 3110 2114 se
3165 2057 3333 2123 ferat,
3365 2060 3561 2112 tamen
3602 2054 3678 2111 ad

2030 2147 2282 2205 Orientis
2303 2157 2356 2205 et
2381 2148 2711 2205 Occidentis
2728 2146 3200 2218 eonjunctionem
3223 2146 3277 2201 et
3316 2144 3680 2217 captivorum

2031 2237 2488 2311 redemptionem
2521 2239 2860 2311 pertineret,
2892 2254 2958 2294 ac
2989 2235 3161 2308 plura
3199 2235 3316 2292 alia
3374 2233 3684 2290 commoda

2031 2327 2112 2384 rei
2143 2327 2383 2400 publica:
2415 2328 2731 2384 allaturum
2763 2327 3008 2384 esset.ld
3042 2327 3215 2382 breve
3268 2324 3553 2395 scriptum
3585 2338 3686 2378 ve-

2030 2415 2141 2472 luti
2171 2417 2424 2473 ahenum
2459 2418 2611 2473 888
2637 2417 2927 2473 ebulliens
2950 2421 3052 2472 aut
3078 2415 3407 2487 Neptunius
3437 2413 3683 2484 tridens,

2032 2510 2132 2562 aut
2156 2506 2455 2579 ingeniose
2482 2508 2798 2563 confictam
2821 2506 2963 2561 illud
2993 2503 3386 2561 contentionis
3422 2518 3681 2575 pomum,

2028 2594 2343 2651 concilium
2374 2595 2718 2667 permiscuit
2750 2613 2765 2664 ;
2798 2598 2854 2650 et
2886 2594 3041 2649 inter
3089 2592 3412 2649 senatorios
3451 2591 3681 2661 judices

2031 2699 2234 2741 omnes
2261 2683 2572 2740 dissidium
2604 2683 2918 2749 etl'ecit,aut
2949 2689 3012 2738 ut
3039 2681 3231 2736 verius
3289 2680 3502 2748 dicam,
3535 2678 3680 2734 alios

2031 2774 2090 2829 in
2121 2774 2267 2830 alios
2296 2774 2544 2830 armavit
2598 2776 2657 2828 et
2706 2773 2765 2827 in
2819 2770 3140 2827 contrarias
3191 2769 3351 2824 velut
3379 2768 3532 2824 acies
3561 2768 3682 2824 dis-

2028 2864 2222 2921 traxit.
2246 2864 2393 2920 Nam
2426 2879 2626 2920 eorum
2654 2862 2908 2918 maxima
2937 2877 3073 2934 pars
3106 2862 3382 2930 corrupta
3421 2856 3685 2930 largitio-

2028 2951 2202 3006 nibus
2242 2958 2292 3006 et
2326 2949 2754 3021 ampliﬁcanda;
2796 2946 3102 3018 dignitatis
3163 2944 3677 3017 promissionibus,

2028 3039 2086 3094 id
2110 3038 2451 3112 coniugium
2483 3042 2549 3094 ut
2578 3036 2799 3093 licitum
2821 3036 3000 3108 (quod
3051 3035 3273 3091 utinam
3311 3035 3531 3090 factum
3563 3047 3682 3088 non

2029 3129 2201 3201 esset)
2244 3127 2609 3200 approbavit.
2665 3126 2904 3182 Judices
2959 3141 3095 3181 vero
3153 3123 3518 3188 audaciores,
3580 3120 3684 3193 qui

2030 3236 2333 3293 procerum
2389 3218 2542 3275 aedes
2603 3217 2974 3288 frequentare
3028 3231 3095 3271 ac
3153 3212 3434 3285 suffragia
3485 3210 3683 3269 convi-

2027 3312 2138 3368 viis
2163 3325 2367 3366 eorum
2396 3310 2726 3365 condonare
2758 3305 2967 3374 solent,
3000 3308 3058 3361 et
3089 3302 3362 3360 homines
3418 3301 3577 3358 avari
3632 3305 3688 3356 et

2029 3417 2123 3457 res
2144 3400 2370 3457 divinas
2396 3395 2713 3471 cauponari
2741 3394 2920 3465 soliti,
2954 3409 3051 3450 eas
3081 3408 3365 3466 personas
3416 3392 3570 3447 inter
3623 3404 3688 3447 se

2029 3493 2307 3562 cognatas
2338 3504 2465 3545 esse
2495 3487 2810 3558 negabant,
2842 3487 3150 3556 propterea
3170 3482 3327 3556 quod
3350 3497 3419 3537 ex
3463 3478 3685 3536 illicitis

2031 3579 2252 3651 nuptiis
2285 3581 2599 3651 procreata
2627 3574 2774 3632 nihil
2805 3590 2942 3630 cum
2971 3573 3103 3643 jure
3124 3569 3491 3643 cognationis
3522 3585 3682 3625 com-

2033 3684 2209 3725 mune
2237 3668 2522 3722 haberent
2570 3682 2636 3721 ac
2693 3663 3065 3720 alienissimis
3116 3661 3480 3732 putarentur.
3538 3658 3681 3713 Esse

2032 3764 2227 3815 autem
2246 3756 2512 3822 inscitiae,
2528 3770 2768 3811 causam
2791 3753 2911 3809 sole
2934 3750 3314 3808 illustriorem
3331 3749 3389 3803 in
3408 3747 3679 3819 quaestio-

2034 3864 2162 3903 nem
2190 3845 2403 3902 vocari.
2433 3844 2545 3898 Alii
2577 3860 2709 3899 vero
2741 3841 3105 3914 argumentis
3134 3839 3268 3895 istis
3298 3838 3469 3910 plane
3506 3853 3675 3909 repu-

2032 3937 2205 3992 diatis
2237 3935 2463 3991 fortiter
2493 3932 2974 4001 adversabantur,
3007 3934 3065 3985 et
3095 3926 3329 4000 nuptias
3351 3927 3513 3991 istas,
3546 3942 3675 3997 quas

2032 4028 2265 4083 incestae
2287 4027 2498 4095 essent,
2534 4020 2840 4094 procedere
2872 4033 3247 4091 nequaquam
3280 4015 3674 4088 patiebantur.

254 4117 360 4172 ὠσὶ
391 4092 835 4194 παραδεγόμενδι
888 4092 955 4173 τά
1014 4118 1382 4197 φθεγγόμενα,
1446 4119 1537 4172 καὶ
1605 4117 1680 4182 ὡς
1736 4092 1918 4193 ἀγχω-

2029 4118 2169 4189 Ejus
2201 4092 2607 4187 pulcherrirna:
2654 4111 2807 4166 889
2848 4107 3150 4165 sententiae
3199 4111 3466 4162 auctores
3514 4110 3679 4161 erant.

258 4208 465 4280 μάλοις
520 4205 718 4270 ὅπλοις
777 4212 898 4267 τοῖς
961 4208 1154 4281 νόμοις
1213 4208 1309 4269 τὰς
1365 4202 1678 4282 προσϐολὰς
1736 4207 1913 4262 αὐτῶν

252 4296 681 4371 ἀπρακτοῦντες,
753 4295 896 4370 μηδὲ
982 4301 1396 4376 συγχωροῦντες
1453 4301 1522 4371 τῇ
1598 4297 1785 4370 πράξει
1840 4297 1914 4359 ὡς

253 4386 692 4464 ἆθεμιτογαμίας
798 4391 969 4461 μεστῇ
1098 4386 1420 4442 ἀντέπιπτον
1521 4385 1914 4462 γενναιότερον.

252 4477 425 4533 Ἦσαν
460 4474 506 4531 δ’
540 4478 592 4531 οἱ
622 4477 721 4545 τὴν
774 4475 1083 4548 καλλίστην
1114 4476 1315 4545 ταύτην
1359 4475 1735 4550 εἰσηγούμενοι
1768 4476 1912 4552 γνώ-

262 4585 398 4636 μην,
427 4565 515 4620 καὶ
546 4572 649 4634 τῆς
678 4564 862 4635 πάλης
888 4572 987 4636 τῆς
1034 4563 1364 4640 κρείττονος,
1401 4564 1627 4639 βραχεῖς
1687 4562 1748 4619 ἐκ
1802 4569 1910 4619 τῶν

258 4652 563 4729 ἀρχιερέων
592 4654 688 4710 καὶ
743 4658 853 4709 τῶν
885 4653 1159 4731 ἐντρόιρων
1217 4657 1315 4708 τοῦ
1351 4654 1598 4728 βήματος
1626 4652 1717 4707 καὶ
1771 4673 1912 4717 τινες

256 4741 579 4799 εὐσύνοπτοι
608 4748 717 4799 τῶν
745 4751 845 4814 τῆς
895 4743 1212 4821 συγκλήτου
1249 4741 1480 4816 βουλῆς.
1542 4742 1645 4799 Καὶ
1715 4739 1912 4805 αὖτοὺς

254 4829 314 4887 δὲ
336 4833 364 4887 6
394 4838 491 4889 τοῦ
521 4834 867 4908 πατριάρχου
901 4832 1072 4902 ζῆλος
1120 4831 1431 4903 ἐπισυνίστη
1465 4853 1524 4887 τε
1554 4834 1646 4886 καὶ
1685 4830 1912 4902 ἐπήλει-

251 4945 374 5001 φεν,
430 4922 531 4977 οὐκ
585 4923 686 4978 ἐῶν
754 4924 1090 4998 ἑτεροζυγεῖν
1132 4923 1222 4977 καὶ
1281 4920 1486 4977 εἷ’κοθεν
1530 4919 1718 4984 ἄλλως
1750 4920 1909 4977 σπεύ-

251 5009 473 5073 δοντας.
524 5008 660 5067 Οῧτε
715 5013 820 5088 γὰρ
911 5014 946 5080 ἡ
1029 5008 1374 5087 Ἀνδρονίκου
1448 5016 1637 5067 τοῦτον
1699 5009 1913 5082 ἐξέλυσε

252 5097 624 5177 μεγαλειότης
673 5101 786 5156 036’
852 5104 887 5170 ἡ
954 5104 1061 5155 τῶν
1130 5100 1294 5155 αὐτοῦ
1361 5099 1541 5177 λόγων
1600 5099 1912 5176 ἐστυφέλιξε

248 5189 507 5266 δύναμις,
550 5189 665 5254 οὔθ’
695 5192 750 5246 αἱ
781 5190 1000 5247 ἀπειλαὶ
1034 5187 1369 5265 διετάραξαν,
1412 5188 1539 5246 ἀλλ’
1594 5190 1661 5259 ἦν
1722 5190 1909 5245 ἀτίνα-

244 5300 378 5342 κτος
409 5280 489 5343 ὡς
518 5280 725 5342 ἐκεῖνος
756 5280 784 5334 6
832 5273 1113 5355 πρόϐολος
1142 5278 1264 5351 περὶ
1339 5278 1396 5332 ὅν
1457 5278 1539 5332 ἀεὶ
1569 5282 1719 5351 κῦμα
1747 5279 1907 5356 ὀρθὸν

237 5368 590 5426 ἵσταταικαὶ
620 5369 774 5441 ἅλμη
834 5366 1343 5443 περιμορμύρουσαο
1406 5367 1434 5420 6
1493 5364 1550 5421 δέ
1603 5367 1677 5429 είς
1744 5369 1910 5445 ἀφρὸν

2028 4204 2198 4279 pauci
2226 4221 2296 4261 ex
2325 4202 2527 4260 ordine
2579 4198 2925 4273 pontiﬁcum
2982 4201 3041 4253 et
3099 4195 3492 4265 sacerdotum,
3520 4197 3578 4249 et
3608 4209 3678 4249 ex

2024 4294 2292 4366 patribus
2324 4289 2670 4362 conscriptis
2699 4286 2942 4358 aliquot,
2987 4286 3089 4358 qui
3144 4289 3202 4341 et
3256 4284 3371 4356 ipsi
3429 4282 3677 4356 patriar-

2025 4386 2148 4443 chae
2191 4383 2387 4441 studio
2445 4380 2672 4438 incitati
2730 4383 2789 4436 et
2842 4376 3185 4434 auctoritate
3238 4374 3568 4431 conﬁrmati
3613 4372 3672 4427 in

2024 4480 2182 4533 recta
2212 4471 2800 4545 sententia,quamvis
2817 4484 2947 4525 eam
2971 4467 3145 4522 domo
3162 4481 3278 4520 non
3321 4463 3677 4530 attulissent,

2024 4565 2465 4636 permanebant.
2495 4567 2665 4618 Hunc
2695 4558 2851 4615 enim
2886 4571 3075 4627 neque
3116 4550 3435 4608 Andronici
3492 4549 3674 4619 maje-

2024 4659 2142 4710 stas
2163 4652 2505 4718 debilitavit,
2538 4666 2728 4722 neque
2745 4649 2833 4705 vis
2854 4643 3199 4717 eloquentiae
3222 4640 3449 4710 evertit,
3490 4653 3678 4709 neque

2024 4746 2200 4801 minae
2230 4742 2669 4815 perturbarunt,
2697 4736 3014 4811 quominus
3033 4732 3221 4788 instar
3243 4728 3480 4785 marinae
3499 4730 3677 4799 petra)

2021 4836 2409 4892 inconcussus
2440 4832 2723 4885 maneret.
2756 4825 2865 4891 Qui
2897 4840 3033 4880 cum
3082 4838 3145 4879 se
3204 4818 3352 4875 nihil
3398 4816 3675 4888 prolicere

2022 4930 2080 4981 et
2112 4923 2269 4981 mala
2298 4920 2610 4976 manifeste
2639 4917 2912 4989 ingruere
2941 4917 2998 4971 et
3029 4915 3252 4985 partem
3313 4906 3609 4964 meliorem
3639 4924 3674 4965 a

2024 5017 2243 5087 majore
2271 5009 2424 5067 vinci
2455 5010 2740 5072 cerneret,
2772 5022 2803 5061 e
2868 5020 3033 5060 sacro
3084 4999 3295 5074 palatio
3326 4999 3387 5054 in
3413 4995 3671 5053 insulam

2020 5101 2459 5165 Terebinthum,
2488 5096 2587 5153 ubi
2646 5094 2759 5152 sibi
2817 5091 3199 5150 diversorium
3231 5096 3287 5146 et
3333 5087 3670 5161 sepulcrum

2022 5196 2338 5260 struxerat,
2371 5186 2638 5245 discedit.
2665 5185 3037 5242 Andronicus
3074 5197 3230 5248 vero,
3265 5182 3331 5235 ut
3377 5175 3673 5234 desidera-

2019 5287 2173 5355 tum,
2204 5283 2287 5338 ita
2310 5280 2684 5351 inopinatum
2716 5276 2845 5347 ejus
2879 5274 3212 5330 discessum
3272 5266 3541 5355 instituto
3566 5278 3676 5318 suo

2018 5351 2566 5428 commodissimum
2599 5369 2785 5435 ratus,
2816 5362 3055 5433 nuptias
3110 5357 3357 5432 perﬁcit,
3402 5351 3675 5422 Bulgaro-

245 5457 493 5516 διαλύων
535 5457 625 5512 καὶ
667 5458 845 5531 μακρᾶ
871 5456 1058 5514 κλάειν
1090 5456 1190 5512 ἐῶν
1219 5458 1319 5526 τήν
1370 5457 1652 5531 ἠχήεσσαν
1718 5456 1915 5513 θάλασ-

2029 5476 2151 5516 rum
2185 5457 2476 5530 episcopo,
2509 5453 2609 5526 qui
2636 5457 2762 5510 tum
2794 5453 2939 5508 forte
2969 5452 3028 5506 in
3048 5449 3193 5505 urbe
3233 5448 3378 5510 erat,
3405 5453 3677 5498 caeremo-

245 5570 342 5604 σαν
373 5548 467 5603 ἐπῖ
522 5553 625 5616 τῆς
658 5546 827 5617 αὐτῆς
875 5544 1190 5622 ἐστήρικται
1241 5544 1467 5619 βάσεως.
1536 5544 1758 5620 Ἀμέλει
1824 5565 1910 5601 τοι

241 5639 339 5695 καὶ
377 5637 515 5695 ἰδὼν
552 5635 627 5700 ὡς
661 5633 814 5692 οὐδὲν
845 5634 1070 5717 ὠφελεῖ,
1132 5632 1258 5691 ἄλλ’
1313 5634 1710 5702 ἀνακαλύπτως
1737 5631 1910 5696 ἔπεισι

2021 5551 2151 5606 nias
2173 5545 2536 5605 matrimonii
2552 5546 2886 5617 peragente.
2920 5542 3066 5598 Cum
3087 5539 3159 5595 de
3175 5545 3516 5594 successore
3550 5543 3671 5584 sum

2024 5638 2295 5697 factionis
2326 5633 2657 5707 patriarcha
2695 5633 2889 5692 dando
2949 5627 3317 5687 deliberaret.
3367 5618 3674 5678 Camatero
