4126 6294
466 294 586 356 615

1787 287 2094 367 NlCETzE
2137 284 2576 350 CHONIA'M.

3747 296 3852 362 616

472 428 691 486 Basilio
757 425 1178 484 meumenicum
1238 423 1636 496 pontificatum
1722 423 1953 492 defert;
2014 440 2073 480 at

2186 473 2196 490 ι
2224 422 2290 476 τὰ
2322 419 2466 477 δεινά
2496 420 2583 476 καὶ
2614 425 2736 494 νικᾷ
2765 419 2830 478 τὰ
2887 422 3134 498 χείρονα,
3189 428 3296 482 τῶν
3353 427 3514 501 ἱερῶν
3577 425 3853 488 ἀπανίστα-

468 520 663 590 potius
693 517 853 574 illius
883 512 1216 586 syngrapha
1271 511 1563 584 impulsus
1619 511 1837 580 vendit,
1899 527 2016 582 qua
2062 511 2111 566 is

465 609 814 682 promiserat
867 622 931 663 se
985 604 1268 678 quidquid
1327 603 1486 659 cordi
1550 608 1705 659 esset
1756 603 2108 673 Andronico,

464 695 840 770 quantumvis
872 695 1166 761 illicitum,
1201 695 1515 763 facturum,
1547 697 1604 748 et
1659 708 1726 748 ea
1780 691 2109 748 declinatu—

461 803 591 844 rum
624 803 751 858 quas
785 785 866 840 illi
897 784 1293 856 displicerent.

2217 532 2305 566 ται
2367 512 2604 587 ἀρχείων
2640 511 2730 567 καὶ
2778 513 2912 586 πρὸς
2969 514 3068 584 τὴν
3114 521 3277 584 νῆσον
3346 517 3650 594 ἀφικνεῖται
3705 520 3855 594 Τερέ-

2223 594 2431 669 6ινθον,
2483 602 2602 656 καθ’
2651 599 2718 670 ἤν
2772 601 2919 675 αὐτῷ
2973 604 3074 673 τὴν
3105 606 3426 682 καταγωγὴν
3465 607 3556 661 καὶ
3612 608 3716 677 τήν
3769 613 3853 664 τού

2221 691 2450 761 σκήνους
2518 691 2833 766 ηὐτρεπίκει
2925 695 3230 758 κατάθεσιν.
3289 697 3351 754 Ὀ
3409 693 3466 751 δὲ
3523 694 3852 770 Ἀνδρόνικος

2216 781 2317 848 τήν
2366 783 2464 834 τοῦ
2522 779 2812 835 Θεοδοσίου
2874 783 3233 860 ὑποχώρησιν
3291 782 3529 858 δεξίωμα
3588 789 3677 861 [Ρ.
3744 793 3854 880 169]

458 875 640 950 τύχης
667 871 968 929 κάλλιπον
1001 872 1352 948 ἡγησάμενος
1385 871 1460 932 ὡς
1491 869 1637 945 ποιρά
1667 867 1821 942 δόξαν
1843 865 1957 942 ἅμα
1985 869 2076 924 καὶ
2108 870 2244 924 κατά
2267 870 2494 944 γνώμην
2528 869 2716 943 ἐκείνῳ
2771 873 3157 948 γεγενημένην,
3187 874 3251 930 τό
3280 896 3336 930 τε
3368 874 3733 950 συνάλλαγμα
3764 865 3857 948 ἑξεῖ

461 966 661 1042 πέρανε
691 969 796 1021 τῶν
831 964 1048 1038 γάμων,
1083 962 1392 1038 εύλογητὴν
1424 960 1698 1032 ἀναδείξας
1721 963 1811 1015 τὸν
1872 961 2247 1035 ἀρχιποίμενα
2300 965 2407 1015 τῶν
2468 961 2794 1037 Βουλγάρων
2851 965 3094 1038 παρόντα
3130 971 3427 1035 τηνικαῦτα
3465 971 3534 1041 τῇ
3564 965 3751 1042 πόλει,
3780 968 3859 1024 καὶ

458 1058 584 1132 περὶ
615 1061 712 1112 τοῦ
744 1055 835 1111 τὸν
868 1054 1270 1128 πατριάρχικὸν
1300 1052 1495 1127 θρόνον
1527 1049 1913 1124 διαδεξομένου
1945 1051 2035 1105 καὶ
2065 1049 2210 1122 αὐτῷ
2241 1050 2637 1126 πληρώσοντος
2666 1054 2733 1108 τὰ
2753 1054 2870 1109 κατ’
2900 1052 3074 1134 ἔφεσιν
3109 1053 3502 1114 διασκέπτεται.
3531 1058 3638 1113 Καὶ
3667 1057 3862 1133 ἐπικρί-

629 1145 642 1166 ν
733 1141 756 1162 ἡ
1023 1142 1037 1162 ν
1145 1144 1157 1158 ε
1260 1141 1278 1160 ι
1444 1163 1460 1174 ρ
1568 1141 1582 1160 ς
1822 1139 1870 1174 ,ν
2371 1140 2384 1156 κ
2599 1141 2608 1158 ι
2863 1142 2875 1162 \
2977 1143 2989 1158 κ
3041 1137 3066 1164 »ι
3350 1147 3364 1166 ς
3761 1147 3773 1164 ν
3815 1149 3826 1162 ι

453 1166 596 1200 νεται
649 1144 962 1216 Ανδρονίκῳ
994 1163 1070 1204 εις
1100 1163 1200 1212 την
1225 1161 1622 1214 οικουμινικην
1646 1137 1936 1216 προεδριαν
2004 1140 2032 1194 ὁ
2092 1141 2425 1215 Καματηρος
2475 1141 2782 1214 Βασιλειος,
2841 1145 2875 1212 ἡ
2935 1163 2999 1198 το
3039 1141 3302 1216 εμπαλιν,
3334 1167 3409 1208 ως
3441 1143 3678 1222 ἐλέγετο,
3712 1167 3862 1211 αυτος

455 1231 798 1308 Ἀνδρόνικον
831 1230 1190 1310 ἐφειλκύσατο
1229 1229 1368 1305 πρὸς
1397 1233 1495 1298 την
1523 1230 1782 1301 τοιαύτην
1825 1229 2094 1304 ἐπιλογὴν
2119 1229 2206 1292 οἷς
2243 1227 2555 1302 μονώτατος
2587 1229 2636 1299 ἐξ
2670 1231 2919 1286 ἁπάντων
2951 1229 3280 1307 Ἀνδρονίκῳ
3310 1233 3594 1312 ἐγγράφως
3622 1238 3860 1294 συνέθετο

453 1322 630 1379 ἐκεῖνα
657 1323 710 1379 ἐν
741 1322 822 1396 τῷ
850 1320 1264 1398 ἀρχιερατεύειν
1287 1317 1705 1397 διαπράττεσθαι
1728 1321 1826 1376 ὃσα
1858 1318 2067 1399 φιλητὰ
2098 1315 2449 1394 Ἀνδρονίκῳ,
2479 1317 2575 1376 κάν
2603 1317 2790 1392 εἷήσαν
2837 1323 3197 1398 παναθέμιτα,
3227 1323 3451 1381 κάκεῖνα
3478 1323 3646 1382 πάλιν
3696 1325 3857 1383 ἀποσ-

447 1419 630 1490 τυγεῖν
673 1414 848 1468 ὁπόσα
881 1413 990 1491 οὐχ
1020 1410 1206 1482 ἡδύνει
1241 1409 1609 1486 Ἀνδρόνικον,

521 1506 794 1562 34016.
828 1504 944 1560 Hoc
995 1509 1114 1560 tam
1173 1503 1386 1560 afﬂicto
1438 1503 1693 1558 civitatis
1752 1505 1908 1558 statu
1957 1517 2097 1574 pro-

445 1595 649 1652 vinciae
673 1596 838 1666 pejus
861 1596 1039 1650 etiam
1068 1593 1382 1662 habebant,
1413 1592 1608 1648 nescio
1659 1609 1774 1664 quo
1819 1592 1938 1648 fato
1985 1591 2098 1647 Ro-

448 1701 688 1741 manum
717 1684 1028 1756 imperium
1055 1681 1805 1740 labefactante.Namlconii
1826 1681 2098 1737 sultanus

447 1774 647 1831 audito
675 1773 962 1830 Manuelis
991 1773 1359 1846 imperatoris
1411 1771 1594 1836 obitu,
1629 1787 1802 1842 quem
1856 1774 1920 1824 ut
1947 1769 2096 1824 Tan-

2284 1499 2367 1562 ις’.
2401 1497 2478 1556 Ού
2505 1499 2670 1572 μόνον
2734 1497 2790 1556 δὲ
2845 1500 2912 1556 τὰ
2967 1500 3103 1559 κατά
3157 1504 3256 1574 τὴν
3299 1503 3461 1561 πόλιν
3509 1503 3683 1570 οὕτως
3754 1506 3858 1564 ἐνό-

2207 1607 2356 1656 σουν,
2391 1585 2534 1643 ἀλλά
2585 1587 2676 1643 καὶ
2733 1588 2799 1644 τὰ
2857 1583 2956 1664 ἔξω
3011 1593 3282 1668 χειρόνως
3323 1587 3586 1672 ἔμασχον,
3645 1597 3863 1654 ἆντιπεέ

2205 1677 2510 1753 ριάγοντος,
2544 1678 2721 1751 οἶμαι,
2752 1684 2848 1733 τοῦ
2905 1677 3188 1755 δαιμονίου
3244 1685 3342 1754 την
3397 1684 3502 1740 ὑπὸ
3555 1687 3861 1760 Ῥωμαίους

2204 1766 2279 1828 εἰς
2310 1770 2412 1820 πᾶν
2466 1766 2801 1846 ἀξύμφορον.
2834 1769 2896 1827 Ὀ
2951 1771 3054 1846 γὰρ
3102 1777 3200 1827 τοῦ
3260 1774 3490 1831 Ἰκονίου
3545 1775 3858 1851 σουλτάνος,

442 1862 598 1919 talus
625 1881 829 1920 saxum
855 1864 1102 1935 jamjam
1135 1863 1310 1934 capiti
1357 1860 1672 1916 imminens
1727 1859 2070 1916 formidarat

2201 1855 2260 1910 δν
2291 1853 2563 1930 ἐδείμαινε
2602 1843 2798 1933 πέτρον
2852 1859 2934 1915 ἀεὶ
2965 1843 3126 1917 ’κοιτά
3179 1863 3458 1920 Τάνταλον
3507 1865 3639 1941 ὑπὲρ
3697 1843 3857 1949 mea;

442 1953 770 2026 Sozopolim
803 1953 940 2008 belli
968 1955 1102 2024 jure
1129 1953 1304 2022 capit,
1353 1950 1570 2023 oppida
1627 1947 2096 2019 circumjaccntia

442 2041 672 2114 direpta
700 2059 820 2098 suae
853 2042 1093 2097 ditionis
1119 2042 1280 2106 facit,
1312 2045 1369 2095 et
1399 2038 1936 2110 splendidissimum
1997 2037 2096 2092 At-

441 2131 546 2186 tali
595 2133 800 2188 urbem
857 2131 1035 2203 longa
1092 2131 1394 2186 obsidione
1451 2128 1706 2200 afﬂigit;
1766 2125 2091 2198 Cotyalium

441 2225 653 2288 vastat,
693 2225 750 2276 et
775 2220 918 2276 alias
949 2220 1277 2292 complures
1297 2218 1626 2292 provincias
1653 2219 1710 2274 in
1734 2217 2091 2273 deditionem

443 2309 669 2382 accipit.
705 2311 787 2365 Ad
819 2310 939 2365 hazc
973 2326 1225 2381 magnus
1252 2307 1611 2365 domesticus
1639 2307 1891 2364 Joannes
1920 2306 2091 2362 Com-

443 2416 658 2468 nenus,
689 2404 1076 2471 cognomento
1111 2400 1395 2465 Batatzcs,
1427 2398 1514 2453 vir
1561 2397 1642 2452 rei
1693 2395 1916 2452 bellicae
1972 2413 2088 2452 non

436 2487 701 2559 ignarus,
737 2488 935 2544 multis
973 2488 1228 2544 victoriis
1285 2492 1490 2544 contra
1547 2491 1756 2542 Persas
1814 2484 2087 2556 insignis,

434 2580 562 2632 tum
595 2577 1012 2649 Philadelphia:
1071 2579 1310 2648 degens,
1365 2577 1576 2632 acriter
1624 2574 1953 2630 Andronico
1984 2573 2087 2629 ad-

432 2671 720 2732 versatur,
752 2666 880 2737 ejus
911 2667 1100 2722 edicta
1133 2665 1394 2738 ncgligit,
1439 2664 1630 2720 minas
1687 2665 1814 2734 ejus
1863 2663 2088 2735 gravio-

433 2755 594 2812 ribus
650 2755 828 2810 minis
887 2756 1092 2812 eludit.
1151 2755 1220 2810 Et
1270 2771 1401 2810 cum
1451 2754 1522 2810 ob
1588 2753 1838 2809 ali'ectati
1919 2756 2085 2823 regni

435 2845 652 2901 crimen
684 2846 835 2901 male
892 2847 1140 2912 audiret,
1210 2862 1343 2902 eum
1377 2845 1476 2916 qui
1536 2844 1594 2899 id
1621 2843 1747 2914 jam
1791 2843 2084 2899 invaserat

437 2935 729 3007 objurgat,
755 2940 810 2990 et
841 2940 900 2990 ut
949 2935 1170 2991 malum
1232 2935 1492 3006 genium,
1533 2950 1719 3004 genus
1773 2932 2084 3004 imperato-

437 3025 587 3081 rium
602 3023 1040 3096 exstirpantem,
1076 3029 1431 3080 exsecratur.
1460 3023 1625 3078 Unde
1655 3021 1883 3077 Asiana:
1911 3023 2084 3076 urbes

437 3113 828 3168 seditionibus
859 3121 914 3168 et
943 3112 1240 3168 intestinis
1297 3111 1465 3167 hellis
1523 3109 1760 3182 gravius
1817 3124 1992 3180 quam
2044 3124 2080 3164 a

436 3200 704 3256 ﬁnitimis
725 3200 993 3255 hostibus
1021 3200 1447 3271 alﬂigcbantur.
1467 3203 1612 3266 imo,
1645 3215 1819 3269 quem
1842 3196 2076 3252 barbari

430 3304 548 3344 non
579 3289 886 3360 violarent,
919 3305 1050 3344 eum
1078 3289 1232 3344 cives
1255 3289 1658 3356 trucidabant;
1704 3291 1762 3342 et
1804 3284 2077 3343 concitati

428 3384 627 3432 contra
659 3393 784 3432 sese
811 3377 1144 3450 populares,
1190 3377 1356 3434 obliti
1415 3375 1892 3444 necessitudinis,
1943 3376 2076 3432 bar-

424 3465 623 3523 barico
651 3467 795 3523 34]
861 3483 1020 3523 more
1076 3467 1186 3522 alii.
1233 3468 1291 3522 in
1322 3465 1468 3523 alios
1517 3467 1960 3538 grassabantur.
1997 3470 2073 3522 Λο

423 3555 790 3614 Andronicus
821 3557 881 3612 in
914 3559 1110 3614 animo
1141 3556 1350 3612 habuit
1407 3555 1802 3611 Andronicum
1855 3556 2069 3626 Lapar-

423 3645 756 3718 damjustis
789 3648 970 3718 cepiis
1002 3647 1156 3702 datis
1213 3663 1346 3702 cum
1397 3647 1627 3702 Batatze
1683 3645 2068 3716 committere,

417 3735 610 3792 virum
643 3753 885 3808 parvum
920 3736 1086 3792 illum
1111 3736 1372 3808 quidem,
1434 3736 1533 3792 sed
1594 3734 1961 3791 bellicosum.
1994 3739 2068 3791 At

411 3825 670 3882 Joannes
701 3827 1034 3883 Comnenus
1063 3843 1380 3898 oppressus
1413 3825 1636 3892 morbo,
1671 3825 1826 3881 circa
1875 3825 2064 3880 Phila-

417 3914 713 3987 delphiam
737 3915 1364 3982 castrametatus,tilios
1384 3917 1706 3973 Manuelem
1732 3915 2060 3972 etAlexium

413 4011 618 4061 contra
645 4007 968 4077 Lapardam
1003 4005 1200 4062 mittit.
1235 4010 1374 4061 Cum
1420 4011 1614 4061 autem
1662 4006 1822 4060 vario
1853 4009 2060 4060 eventu

415 4100 776 4166 pugnaretur
805 4105 858 4151 et
891 4095 1060 4151 multi
1101 4095 1380 4168 utrinque
1437 4096 1708 4152 civilibus
1759 4095 1939 4151 armis
1969 4111 2061 4150 ca-

412 4183 637 4250 derent,
669 4183 728 4238 in
762 4200 976 4256 magno
1005 4187 1162 4240 luctu
1187 4189 1312 4242 erat
1341 4186 1630 4254 Batatzes,
1692 4200 1758 4240 ac
1799 4183 2060 4240 fortunas

411 4287 552 4327 suas
583 4271 994 4341 miserebatur,
1053 4275 1208 4345 quod
1267 4279 1395 4330 tum
1453 4272 1763 4329 infeliciter
1820 4271 1876 4326 in
1911 4271 2060 4328 lecto

407 4361 950 4433 decumberet,cum
986 4365 1041 4419 in
1083 4363 1318 4436 publico
1349 4371 1405 4420 et
1435 4363 1492 4419 in
1527 4362 1649 4420 acie
1707 4362 2058 4418 versandum

401 4457 459 4508 et
478 4453 686 4511 bellica
709 4454 894 4512 virtus
919 4455 1268 4512 declaranda
1290 4471 1354 4511 ac
1382 4453 1767 4510 Orientalium
1821 4453 2056 4509 urbium

401 4560 568 4602 voces
599 4545 672 4602 ob
703 4547 1006 4603 victoriam
1067 4545 1374 4601 audiendm
1431 4547 1647 4610 essent,
1711 4546 1774 4598 ut
1831 4559 1887 4599 re
1929 4544 2058 4616 ipsa

403 4633 750 4707 intelligeret
779 4652 953 4693 senex
983 4633 1373 4700 Andronicus,
1435 4650 1570 4690 cum
1623 4632 1780 4704 quali
1813 4633 1922 4689 sibi
1955 4633 2056 4690 ad-

406 4726 659 4781 versario
693 4741 784 4781 res
814 4729 988 4783 esset.
1022 4725 1130 4780 Sed
1166 4723 1307 4797 quid
1354 4740 1470 4780 non
1530 4723 1670 4779 iacit
1697 4721 1971 4781 alacritas
2000 4727 2058 4779 et

406 4813 642 4869 animus
681 4815 741 4868 in
774 4830 834 4868 re
866 4813 1021 4870 mala
1052 4814 1240 4870 bonus
1271 4813 1298 4868 ?
1324 4813 1502 4868 Jubet
1533 4830 1595 4869 se
1626 4813 1685 4869 in
1727 4813 2050 4879 tumulum,

408 4900 561 4953 unde
593 4916 788 4969 pugna
816 4903 1076 4973 conspici
1107 4908 1322 4974 posset,
1357 4903 1415 4958 in
1473 4901 1687 4959 lectulo
1733 4901 1966 4969 deferri,
1997 4906 2054 4956 et

403 4986 542 5041 ﬁliis
573 4993 640 5043 ut
667 4987 1012 5046 instruenda
1038 4991 1116 5046 sit
1144 4993 1297 5048 acies
1329 4992 1610 5064 praecipit.
1657 4993 1750 5048 Sic
1808 4989 2053 5046 victoria

393 5074 611 5130 illustri
645 5077 864 5148 potitur
903 5081 1030 5150 ejus
1056 5081 1364 5149 exercitus,
1398 5085 1454 5136 et
1480 5080 1854 5151 Lapardanos
1879 5077 2051 5147 longe

396 5165 771 5236 persequitur
799 5183 866 5222 ac
923 5167 1108 5224 caedit.
1163 5170 1316 5225 342
1377 5169 1582 5224 Paucis
1651 5167 1862 5222 diebus
1922 5172 2050 5236 post

394 5251 644 5308 Batatzis
675 5253 948 5310 interitus
981 5271 1265 5327 magnum
1311 5253 1925 5324 Philadelphiensibus
1959 5253 2052 5308 lu-

395 5345 554 5397 ctum
585 5340 798 5406 attulit,
834 5349 891 5400 et
919 5345 1152 5400 animos
1183 5361 1385 5402 eorum
1419 5343 1686 5400 omnium
1717 5343 1798 5399 ita
1829 5343 2045 5400 immu-

395 5431 539 5487 tavit
567 5437 631 5488 ut
661 5451 794 5490 cum
824 5434 1156 5490 Andronico
1187 5451 1249 5492 se
1290 5435 1644 5505 conjungere
1702 5439 2040 5507 statuerent,

393 5525 448 5578 et
482 5521 682 5580 missis
710 5523 936 5596 Cpolim
969 5524 1200 5596 legatis,
1232 5525 1301 5582 ad
1333 5523 1680 5597 captandam
1722 5528 2043 5587 Andronici

390 5611 878 5688 benevolentiam,
939 5617 1233 5673 Batatzem
1285 5618 1342 5674 et
1400 5613 1552 5673 filios
1607 5617 1733 5691 ejus
1803 5635 2043 5678 summa

2207 1944 2312 2015 λῆς
2344 1946 2733 2016 ἀνατέλλοντα,
2765 1949 2909 2028 φημὶ
2943 1947 2998 2006 δὲ
3044 1952 3135 2006 τὸν
3194 1950 3396 2009 ἄνακτα
3435 1956 3733 2026 Μανὸυήλ,
3777 1944 3859 2024 εἰς

2207 2029 2336 2104 ᾅδου
2399 2035 2910 2112 μετακεχωρηκέναι
2987 2039 3174 2113 μαθὼν
3229 2043 3330 2111 τὴν
3410 2065 3470 2100 τε
3530 2046 3856 2116 Σωζόπολιν

2203 2121 2455 2196 πολέμου
2513 2125 2668 2199 νόμῳ
2723 2128 2982 2202 κατέσχε,
3041 2129 3129 2184 καὶ
3186 2131 3284 2194 τὰς
3315 2131 3468 2206 πέριξ
3497 2136 3856 2208 κωμοπόλεις

2203 2211 2532 2287 ληϊσάμενος
2567 2215 2654 2290 ὑφ’
2685 2215 2871 2272 ἑαυτὸν
2935 2217 3248 2290 ἐποιήσατο,
3307 2221 3398 2276 καὶ
3453 2224 3551 2292 τήν
3583 2226 3852 2282 Ἀττάλου

2203 2297 2260 2356 δὲ
2291 2301 2681 2378 λαμπροτάτην
2741 2305 2905 2362 πόλιν
2961 2307 3257 2384 πολιορκίᾳ
3323 2313 3528 2386 γρονίᾳ
3582 2314 3853 2388 ἐπάκωσε,

2199 2388 2290 2444 καὶ
2346 2392 2408 2446 τὸ
2463 2394 2757 2449 Κοτυάειον
2809 2395 3152 2472 ἐξεπόρθησε,
3233 2400 3324 2454 καὶ
3405 2401 3590 2474 ἐτέρας
3647 2407 3853 2480 συχνὰς

2199 2480 2390 2556 χώρας
2474 2486 2871 2557 παρεστήσατο.
2933 2485 3036 2542 Καὶ
3089 2487 3117 2541 ὁ
3179 2488 3351 2564 μέγας
3409 2487 3468 2544 δὲ
3526 2489 3852 2564 δομέστικος

2198 2569 2450 2641 Ἰωάννης
2483 2571 2510 2625 ὁ
2542 2569 2600 2626 ὲκ
2630 2577 2960 2646 Κομνηνῶν,
2991 2575 3036 2646 ᾧ
3091 2576 3154 2630 τὸ
3211 2577 3496 2652 ἐπώνυμον
3548 2583 3851 2656 Βατάτζης,

2196 2659 2330 2734 ἀνῆρ
2361 2663 2425 2715 ού
2458 2661 2663 2738 φαῦλος
2707 2664 2776 2718 τά
2825 2667 3073 2736 τακτικὰ,
3127 2665 3344 2732 πολλάς
3403 2667 3458 2726 δὲ
3497 2671 3652 2738 νίκας
3709 2675 3850 2732 πολ-

2197 2746 2353 2844 λάκις
2405 2748 2811 2844 ἐπανῃρημένος
2855 2756 2991 2808 κατὰ
3046 2761 3292 2830 Περσῶν,
3349 2762 3419 2833 τῇ
3475 2760 3850 2844 Φιλαδελφείᾳ

2193 2834 2546 2914 ἐνδιατρίϐων
2622 2841 2945 2914 ἀντεκάθητο
3037 2846 3288 2918 γενναίως
3345 2853 3424 2919 τῷ
3511 2834 3846 2930 Ἀνδρονίκιρ

2192 2927 2281 2982 καὶ
2313 2927 2605 3005 ὀλιγώρως
2640 2935 2747 2986 τῶν
2778 2931 2975 2988 τούτου
3031 2935 3178 3010 εἶχεν
3236 2935 3528 3016 ἐπιταγῶν,
3568 2927 3660 2997 καί
3693 2927 3845 3001 ἀπειλ-

2193 3012 2378 3072 λοῦντι
2447 3015 2594 3073 δεινά
2647 3017 3064 3097 ἁντενεϐριμᾶτο
3135 3012 3428 3103 δεινότερα,
3486 3029 3579 3085 καί
3663 3039 3842 3098 κακῶς

2189 3105 2400 3161 ἀκούων
2433 3107 2506 3168 ὡς
2545 3108 2818 3183 τυραννίδι
2876 3109 3173 3188 ἐπιχειρῶν
3223 3119 3303 3188 τῷ
3351 3114 3457 3189 ἤδη
3515 3141 3844 3197 τετυραννη-

2116 3196 2309 3288 ρκότι
2381 3195 2654 3274 λαμπρῶς
2736 3200 2966 3276 ἐπετίμα
3043 3223 3100 3258 τε
3172 3206 3262 3260 καὶ
3346 3195 3667 3278 ἐπέπληττεν
3757 3216 3839 3278 ὡς

2189 3285 2410 3363 ἐνστάτῃ
2501 3284 2743 3362 δαίμονι,
2799 3289 2862 3346 τὸ
2955 3291 3234 3366 βασίλειον
3292 3293 3435 3370 γένος
3503 3293 3834 3372 ἐκτρίϐοντι.

2184 3377 2343 3433 Ὀθεν
2376 3375 2658 3454 ἐμφυλίων
2693 3378 2928 3436 στάσεων
2960 3381 3048 3436 καὶ
3095 3383 3355 3458 πολέμων
3414 3386 3469 3440 αἱ
3526 3387 3840 3454 ’Δσιάτιδες

2182 3462 2631 3554 ἐγεμοννπόλεις.
2674 3467 2777 3524 Καὶ
2825 3469 2892 3538 ἦν
2948 3471 3018 3525 τά
3061 3469 3298 3538 ἐντεῦθεν
3329 3471 3579 3550 δρώμενα
3633 3477 3846 3554 πολλῷ

2182 3549 2582 3630 δυσαχθέστερα
2611 3561 2720 3610 τῶν
2772 3556 2820 3628 ἐξ
2879 3559 3101 3636 ὁμόρων
3169 3559 3577 3636 συμϐαινόντων
3645 3568 3849 3643 ἐθνῶν,

2179 3641 2334 3712 ἤκαὶ
2381 3643 2558 3707 οὕτως
2614 3645 2808 3716 εἰπεῖν,
2864 3650 2909 3720 ᾧ
2971 3651 3094 3726 χεὶρ
3155 3651 3252 3707 ούκ
3306 3651 3602 3726 ἐπεξῆλθεν
3659 3641 3849 3716 ἀλλόέ

2175 3730 2445 3805 γλωττος,
2483 3739 2644 3789 τοῦτο
2671 3737 2706 3805 ἡ
2740 3735 3016 3813 ἐγχώριος
3073 3738 3278 3813 ἐθέριζε
3336 3740 3502 3816 δεξιὰ,
3545 3747 3634 3802 καὶ
3727 3751 3851 3805 κατ’

2177 3819 2443 3894 ἀλλήλων
2504 3822 2931 3899 ἐκπεπολέμωτο
2996 3829 3057 3884 τὸ
3113 3831 3400 3910 ὁμόφυλον
3477 3831 3848 3910 βαρϐαρωθὶν

2174 3911 2312 3966 ἃπαν
2344 3914 2430 3966 καὶ
2462 3913 2590 3978 τοὺς
2617 3921 2715 3983 τῆς
2756 3916 3064 3993 συγγενείας
3119 3920 3320 3994 νόμους
3378 3925 3684 3999 ἠγνοηκός,
3745 3935 3854 3991 Καὶ

2173 3999 2515 4074 Ἀνδρόνικος
2576 4005 2671 4076 μὲν
2736 4005 2981 4076 ὁπλίζειν
3040 4004 3178 4084 ἔγνω
3229 4013 3369 4068 κατά
3422 4019 3520 4069 τοῦ
3578 4019 3850 4091 Βατάτζη

2169 4091 2260 4146 τὸν
2318 4089 2608 4165 Λαπαρδᾶν
2677 4091 3048 4168 Ἀνδρόνικον,
3108 4095 3277 4174 ἄνδρα
3329 4102 3544 4178 βραχὺν
3618 4107 3722 4180 μὲν
3787 4089 3854 4164 τὸ

2172 4178 2359 4254 δέμας,
2393 4178 2716 4258 δραστήριον
2775 4180 2832 4238 δὲ
2886 4187 2953 4239 τὰ
2984 4185 3246 4261 πολέμια,
3281 4188 3380 4245 οὐκ
3433 4178 3630 4269 ὀλίγον
3690 4197 3856 4270 αὐτῶ

2173 4266 2614 4344 στρατολογήσας
2655 4269 2964 4329 ὁπλιτικόν.
3022 4275 3082 4332 Ὁ
3115 4273 3172 4331 δὲ
3228 4281 3512 4354 Κομνηνὸς
3541 4266 3858 4357 ”Ἰωάννης

2168 4359 2310 4432 νόσῳ
2337 4359 2460 4414 τότε
2520 4360 2922 4434 συνισχημένος
2949 4363 3038 4417 καὶ
3087 4367 3214 4442 περί
3263 4389 3370 4424 που
3401 4371 3501 4440 τὴν
3545 4372 3859 4431 Φιλαδελ-

2171 4444 2312 4542 φέων
2362 4446 2556 4542 ,πόλιν
2619 4447 2993 4524 ἐσκηνημένος
3038 4541 3041 4542 ν
3083 4453 3354 4532 ἀντεξάγει
3423 4463 3505 4532 τῷ
3565 4463 3862 4542 Λαπαρδᾷ

2093 4585 2136 4650 D
2167 4539 2294 4602 τοὺς
2327 4540 2486 4614 υἱεῖς,
2536 4541 2628 4596 τὸν
2685 4561 2746 4596 τε
2801 4541 3067 4614 Μανουήλ
3099 4547 3188 4601 καί
3238 4549 3334 4604 τὸν
3391 4549 3674 4624 Ἀλέξιον.
3739 4539 3860 4613 Τοῦ

2173 4626 2218 4650 δὶ
2351 4649 2358 4650 κ
2377 4627 2397 4650 λ
2422 4629 2433 4650 ι
2680 4649 2684 4650 γ
2759 4630 2773 4647 κ
3021 4632 3037 4650 \
3093 4628 3122 4650 ρ
3143 4634 3154 4650 Ι
3525 4639 3537 4650 ι
3652 4645 3668 4650 -
3783 4645 3795 4650 -

2170 4626 2228 4683 δὲ
2300 4627 2549 4704 πολέμου
2609 4630 2812 4705 συχνὰς
2879 4628 3288 4704 μεταλαϐόντος
3372 4639 3579 4716 τροπάς
3643 4645 3862 4709 ὁποίας

2167 4717 2328 4780 αὒτὸς
2387 4716 2595 4791 ἵστησι,
2634 4720 2724 4774 καὶ
2781 4718 3008 4777 πολλῶν
3059 4724 3442 4803 ἒξεκατέρωθεν
3491 4729 3858 4810 ἀναιρουμέ-

2165 4827 2272 4862 νων
2319 4811 2436 4867 ταῖς
2493 4803 2786 4886 ἐμφυλίοις
2843 4820 3213 4887 συμπλοκαῖς,
3276 4803 3636 4891 βαρυπενθήςί
3827 4827 3859 4882 ὁ

2165 4894 2444 4964 Βατάτζης
2532 4899 2599 4968 τῇ
2685 4897 2992 4976 ἐνσκηψάσῃ
3082 4905 3309 4980 καχέξιᾳ
3423 4905 3856 4988 ἐπιστυγνάζων

2164 4985 2238 5047 ὡς
2291 4984 2624 5063 ἀμφοτέραις
2720 4989 2882 5045 αὐτὸν
2943 4995 3220 5068 συσχούσῃ
3277 4997 3366 5052 καὶ
3431 4984 3858 5080 καταϐαλούοῃ

2164 5070 2448 5148 δυστυχῶς
2504 5073 2591 5128 ἐπὶ
2657 5075 2871 5149 κλίνης,
2952 5083 3034 5137 ὅτι
3094 5080 3438 5158 δημοσιεύειν
3522 5087 3642 5148 ἔδει
3753 5070 3857 5151 καὶ

2161 5161 2693 5242 παριστᾷνὸτρέφει
2734 5171 2819 5239 [Ρ.
2879 5176 3000 5246 170]
3059 5175 3183 5250 περὶ
3240 5176 3307 5232 τὰ
3362 5175 3655 5253 πολεμικᾶ
3726 5208 3862 5264 γεν-

2160 5259 2336 5326 ναῖον,
2367 5253 2456 5309 καὶ
2509 5254 2604 5351 τάς
2664 5255 2750 5311 ἐπὶ
2808 5260 2929 5335 νίκῃ
2992 5265 3384 5340 νενομισμένας
3433 5271 3619 5346 φωνάς
3704 5253 3861 5351 ⁸πρὸς

2155 5349 2264 5402 τῶν
2293 5345 2443 5419 ἑῴων
2501 5342 2714 5401 πόλεων
2775 5345 3165 5425 δέχεσθαι,ἕτι
3216 5353 3274 5412 δὲ
3329 5342 3664 5418 πιστοῦσθαι
3726 5342 3863 5430 τοῖς

2154 5434 2525 5535 ἔργοις-πρὸς
2585 5439 2698 5494 οἷον
2784 5439 3440 5535 ἀντιφέρεταιὲἄρχηγὸν
3492 5451 3520 5504 ὁ
3579 5452 3864 5535 βαρυγέ..

2155 5547 2262 5604 ρων
2324 5524 2698 5603 Ἀνδρόνικος.
2783 5531 3078 5609 Πράγμασι
3139 5531 3200 5590 δὶ
3255 5524 3704 5608 καθυποδεικγνὺς
3772 5524 3861 5614 ὧς

2151 5615 2432 5694 προθυμία
2513 5615 2606 5673 καὶ
2691 5619 2913 5696 νεκροὺς
2990 5621 3240 5701 ἀνίστησι
3327 5627 3418 5685 καί
3511 5629 3588 5695 ὡς
3671 5633 3826 5696 mist
