4126 6294
233 349 350 412 ϐίτ

1382 349 1724 413 ALEXIUS
1770 346 2184 412 MANUELIS
2227 345 2510 411 FILIUS.

3534 355 3653 418 618

236 483 466 561 καρδίας
520 484 842 556 αἰσθητικῆς
903 482 1286 561 ἴσχυρότερον,
1345 484 1515 559 αἲρειν
1580 484 1746 539 αὐτὸν
1798 480 1887 537 ἐπὶ

2001 481 2184 539 animi
2213 480 2446 538 levitate
2491 481 2959 540 criminarentur.
3012 481 3260 540 Proinde
3309 486 3511 557 magni
3539 488 3651 544 do-

239 571 520 632 κλινιδίου
602 573 924 630 αὖτοσκεόου
1027 573 1412 650 προτρέπεται,
1515 573 1607 629 καὶ
1700 577 1891 641 στῆσαι

245 665 506 743 φέροντας
528 663 582 719 ἐν
622 662 874 744 γηλόφῳ,
909 663 1029 727 ὅθεν
1080 662 1248 737 ὁρατά
1278 664 1330 717 οἱ
1360 663 1428 719 τὰ
1457 661 1594 717 κατά
1642 659 1891 732 πόλεμον

248 753 450 813 ἔσοιτο.
480 755 557 812 Οὗ
589 751 654 822 δὴ
695 774 1001 830 γεγονρτος,
1055 753 1147 808 καὶ
1198 753 1327 817 τοὺς
1383 754 1519 814 υἱεῖς
1570 752 1741 807 αὐτοῦ
1793 752 1894 819 τήν

254 846 502 921 στρατιὰν
575 844 712 900 κατά
781 844 873 899 τὸν
947 841 1213 898 δοκοῦντά
1286 844 1338 898 οἱ
1410 843 1615 918 τρόπον
1682 841 1894 911 ἐκτάξαι

252 935 623 1005 κελεύσαντος,
685 935 720 1003 ἡ
787 932 910 1003 νίκη
979 937 1284 1011 περιφανῶς
1353 934 1489 1008 πρὸς
1560 934 1623 989 τὸ
1689 932 1895 988 ἐκείνου

253 1020 449 1099 μετέϐη
506 1025 832 1097 στράτευμα·
903 1022 966 1077 τὸ
1019 1020 1078 1077 δὲ
1135 1026 1233 1077 τοῦ
1298 1019 1561 1097 Λαπαρδᾶ
1628 1022 1695 1078 τὰ
1753 1025 1896 1076 νῶτα

249 1109 556 1187 μεταϐαλὸν
601 1110 689 1166 ἐπὶ
747 1110 1004 1167 πλεῖστον
1049 1112 1116 1180 ἦν
1156 1110 1356 1187 χρόνον
1418 1107 1752 1185 διωκόμενον
1805 1112 1895 1166 καὶ

242 1199 615 1273 κτεινόμενον.
685 1199 838 1255 Μετὰ
901 1198 1166 1272 βραχείας
1254 1195 1299 1252 δ’
1358 1199 1571 1273 ἡμέρας
1624 1198 1716 1252 τὸν
1775 1197 1895 1272 βίον

244 1288 709 1363 καταστρέψαντος
767 1290 866 1341 τοῦ
923 1286 1202 1357 Βατάτζη,
1253 1287 1304 1342 οἱ
1383 1283 1751 1367 Φιλαδελφεῖς
1804 1307 1895 1342 πι-

244 1384 392 1455 κρῶς
422 1376 504 1433 ἐπ’
560 1377 711 1448 αὐτῷ
773 1375 862 1431 καὶ
907 1376 1091 1451 βύθιον
1138 1373 1498 1446 ὁλολύξαντες
1548 1380 1893 1451 προσχωρεῖν

244 1468 571 1546 ἐγνώκεισαν
604 1463 960 1539 Ἀνδρονίκῳ,
1003 1465 1078 1528 ὡς
1115 1467 1192 1538 μὴ
1226 1466 1359 1520 εἶναι
1411 1466 1560 1527 ὅστις
1609 1466 1741 1540 οὐχί
1788 1469 1896 1519 τῶν

243 1556 511 1612 ἁπάντων.
546 1556 613 1613 Οἱ
644 1552 702 1610 δὲ
729 1554 821 1609 καὶ
852 1552 905 1615 ἐς
934 1553 1104 1621 αὐτὴν
1159 1554 1258 1622 τὴν
1312 1552 1701 1628 βασιλεύουσαν
1732 1550 1896 1609 πόλιν

239 1648 305 1703 τὸ
360 1649 464 1711 τῆς
518 1644 827 1720 προθυμίας
883 1644 1080 1717 πτερὸν
1156 1637 1336 1712 ἔλυον,
1396 1642 1486 1697 καὶ
1554 1640 1890 1718 Ἀνδρόνικον

239 1734 626 1811 θεραπεύοντες
689 1731 827 1788 κατὰ
880 1737 978 1787 τοῦ
1039 1729 1283 1793 ἀετιδοῦς
1339 1731 1556 1807 ὄρνιθος
1622 1737 1721 1787 τοῦ
1780 1738 1889 1787 Βα-

2005 572 2229 629 mestici
2258 571 2387 640 filii,
2415 576 2744 630 metuentes
2767 589 2838 629 ne
2868 574 3275 646 comprehensi
3314 576 3652 635 Andronico

1999 663 2401 735 proderentur,
2422 663 2493 718 ad
2527 662 2902 719 Iconiensem
2932 662 3236 719 sultanum
3262 666 3644 738 confugiunt;

2000 768 2247 823 quorum
2279 751 2614 809 calamitate
2645 752 3007 809 declaratum
3028 757 3116 810 est
3143 754 3383 826 laqueos
3414 762 3471 813 et
3502 759 3650 816 retia

1998 841 2209 898 divinis
2259 841 2640 898 Providentiaa
2682 843 2981 899 neminem
3012 859 3184 913 posse
3204 846 3466 901 evadere.
3499 850 3649 904 Nam

1998 946 2132 986 cum
2154 929 2373 985 sultani
2393 930 2781 986 cessationem
2813 930 2873 985 in
2906 931 3161 987 ferendis
3190 937 3395 989 contra
3419 933 3646 993 hostem

2001 1018 2235 1074 auxiliis
2273 1018 2516 1075 moleste
2561 1018 2800 1084 ferrent,
2844 1020 3006 1075 abire
3045 1021 3104 1075 in
3154 1021 3416 1078 Siciliam
3449 1025 3650 1080 decre-

1998 1112 2209 1164 verunt
2235 1127 2251 1176 ;
2284 1112 2340 1164 et
2362 1108 2491 1164 navi
2516 1124 2857 1180 conscensa,
2891 1110 3180 1181 principio
3202 1126 3480 1183 prospero
3505 1112 3647 1169 ﬂatu

2001 1197 2210 1253 Cretici
2259 1197 2451 1269 pelagi
2481 1213 2640 1253 oram
2672 1198 2894 1269 legunt.
2930 1198 3014 1253 Ibi
3044 1216 3177 1256 vero
3210 1200 3450 1257 adverso
3475 1210 3647 1258 vento

2000 1290 2198 1342 coorto
2256 1287 2327 1342 ad
2360 1286 2589 1341 Cretam
2649 1286 2940 1358 appellere
2979 1290 3185 1357 coacti,
3220 1294 3278 1344 et
3304 1291 3348 1360 fa
3389 1292 3644 1361 quodam

2002 1373 2362 1447 praesidiaria
2413 1375 2598 1443 Gallo,
2630 1392 2698 1431 ex
2747 1392 2950 1432 eorum
3008 1377 3212 1435 ordine
3243 1381 3346 1450 qui
3399 1396 3639 1437 secures

2002 1467 2255 1537 gestant,
2286 1464 2505 1536 cogniti
2544 1466 3142 1536 comprehenduntur,
3186 1472 3243 1524 et
3268 1470 3422 1539 apud
3465 1470 3642 1525 Cretae

2001 1561 2349 1626 quaestorem
2389 1554 2745 1610 deferuntur.
2778 1556 2887 1618 Qui
2919 1572 3054 1611 cum
3100 1572 3199 1613 eos
3232 1557 3557 1615 incolumes
3589 1564 3647 1615 et

2000 1650 2329 1699 commeatu
2378 1643 2698 1700 instructos
2728 1660 2797 1700 ex
2828 1645 2981 1701 848
3027 1646 3223 1702 insula
3252 1648 3549 1705 dimittere
3580 1648 3642 1704 in

2002 1733 2198 1788 animo
2220 1733 2480 1800 haberet,
2514 1748 2621 1789 nec
2639 1739 2834 1789 tamen
2850 1751 3023 1790 suum
3055 1737 3295 1808 exsequi
3328 1737 3643 1793 consilium

237 1826 409 1894 τάτζη
438 1824 527 1879 καὶ
562 1825 672 1878 τῶν
726 1818 932 1877 ἐκείνου
980 1826 1210 1875 νεοττῶν
1251 1818 1490 1893 ἔκρωζον
1528 1821 1604 1882 ὡς
1655 1824 1887 1895 κορῶναι

2003 1821 2266 1894 illisjam
2312 1822 2527 1894 agnitis
2580 1827 2798 1893 posset,
2853 1840 2975 1879 rem
3032 1825 3369 1883 Andronico
3401 1826 3643 1881 indicat.

240 1914 556 1988 λακέρυζαι,
657 1911 693 1981 ἢ
797 1914 927 1986 γοῦν
1000 1909 1074 1971 ὡς
1149 1916 1391 1989 κηφῆνες
1485 1904 1890 1985 περιεϐόμϐουν

238 2002 428 2078 ἀγυιὰς
457 1999 549 2055 καὶ
581 2000 872 2074 ἀνάκτορα,
913 1999 1104 2054 ὁποῖον
1147 1995 1213 2069 δὴ
1272 2004 1380 2054 τῶν
1427 1997 1791 2073 κακοσχόλων
1826 1998 1891 2052 τὸ

2002 1910 2111 1979 Qui
2143 1915 2207 1967 ut
2237 1911 2383 1966 lucis
2403 1910 2681 1968 inimicus
2705 1917 2760 1968 et
2787 1912 2973 1969 oculis
2995 1912 3446 1981 infestissimus,
3471 1914 3646 1971 mise-

2002 2015 2096 2057 ros
2127 1999 2258 2056 illos
2285 1999 2615 2056 Comnenos
2645 2008 2913 2057 excaecat.

238 2090 580 2165 ἐπιτήδευμα
617 2090 707 2145 καὶ
772 2093 882 2145 τῶν
922 2086 1140 2164 δικρόαν
1189 2090 1493 2166 τρεφόντων
1543 2092 1792 2165 γλῶτταν
1840 2087 1927 2143 ἐπὶ
1977 2092 2074 2142 τοῦ
2119 2087 2411 2162 στόματος.
2463 2090 2531 2145 Ol
2581 2085 2638 2144 δὲ
2678 2094 2774 2144 τοῦ
2821 2089 3060 2164 μεγάλου
3115 2088 3438 2165 δομεστίκου
3502 2094 3641 2167 μιοὶ,

243 2182 510 2245 δείσαντες
546 2184 622 2256 μὴ
684 2185 991 2255 συσχεθεῖεν
1050 2179 1141 2234 καὶ
1198 2176 1671 2254 καταπροδοθεῖεν.
1733 2176 2085 2254 Ἀνδρονίκῳ,
2148 2180 2494 2253 μεθίστανται
2554 2181 2749 2235 ἐκεῖθεν
2807 2183 2896 2236 καὶ
2956 2187 3036 2255 τῷ
3090 2184 3310 2238 Ἰκονιεῖ
3365 2183 3645 2258 σουλτάνῳ

242 2272 627 2349 προσρύονταιο
696 2266 750 2325 ο⁹ί
803 2271 891 2324 καὶ
947 2267 1186 2344 ὕστερον,
1254 2266 1306 2338 ἐξ
1362 2268 1437 2322 ὧν
1492 2264 1708 2336 ἔπαθον,
1766 2264 2066 2341 προδήλως
2122 2264 2398 2340 ὖπὲδειξαν
2460 2270 2535 2342 μὴ
2596 2267 2787 2341 ἐξεῖναί
2854 2290 2957 2325 τινι
3030 2270 3126 2332 τὰς
3202 2273 3380 2347 πάγας
3436 2273 3643 2347 ὑπερα-

235 2363 420 2428 λέσοαι
491 2359 528 2431 ἤ
588 2359 651 2416 τὸ
719 2353 1138 2438 ἀμφίϐληστρον
1224 2354 1493 2412 διεκδῦναι
1552 2358 1582 2412 ὅ
1637 2359 1672 2427 ἡ
1730 2354 1904 2421 ἃνωθν
1984 2355 2201 2430 ἐξέτεινε
2268 2358 2525 2432 Πρόνοια.
2602 2358 3031 2433 Δυσχεράναντες
3082 2360 3186 2435 γὰρ
3241 2360 3327 2418 ἐπὶ
3379 2367 3448 2436 τῇ
3510 2365 3645 2437 μετὰ

231 2457 332 2509 τοῦ
363 2446 670 2507 σουλτάνου
703 2447 899 2523 χρονίᾳ
929 2442 1207 2522 διατριϐῇ,
1256 2446 1332 2510 ὼς
1389 2445 1488 2501 οὐκ
1544 2445 1766 2519 ἀμύνειν
1823 2444 1951 2508 τοὺς
2010 2445 2240 2520 ἐχθροὺς
2306 2444 2534 2508 ἐκείνοις
2588 2446 2886 2518 ἐθέλοντος,
2948 2449 3024 2512 εἷς
3084 2451 3338 2507 Σικελίαν
3393 2451 3639 2527 ἀπαίρειν

229 2543 535 2617 κεκρίκασι,
590 2541 684 2595 καὶ
759 2535 826 2610 δὴ
893 2540 1023 2609 νηὸς
1076 2532 1358 2598 ἐπιϐάντες
1413 2537 1505 2592 καὶ
1562 2536 1733 2612 οὐρίῳ
1788 2537 1855 2591 τὰ
1910 2540 2100 2611 πρῶτα
2155 2537 2416 2609 πνεύματι
2476 2538 2755 2613 χρώμενοι
2812 2541 2875 2593 τὸ
2935 2541 3208 2614 Κρητικὸν
3268 2539 3641 2613 διαπλωίζον-

226 2654 313 2689 ται
384 2630 650 2706 πέλαγος.
713 2627 857 2684 Κατᾶ
909 2626 967 2683 at
1020 2631 1182 2683 τοῦτο
1234 2632 1333 2682 τοῦ
1420 2625 1731 2700 πνεύματος
1800 2626 2148 2689 ἀντιστάντος
2218 2626 2568 2701 ἀναγκαστῶς
2643 2630 2711 2701 τῇ
2796 2630 2988 2703 Κρήτῃ
3077 2630 3468 2705 προσίσχουσι,
3548 2635 3637 2687 καὶ

220 2721 550 2798 γνωσθέντες
587 2719 735 2794 παρά
796 2738 945 2780 τινος
1003 2717 1173 2772 ἐκεῖσε
1230 2714 1603 2793 φυλάσσυντος
1661 2714 1868 2791 (γένους
1928 2714 2086 2778 οὗτος
2144 2719 2241 2771 τοῖ’)
2296 2713 2673 2794 πελεκυφόρου
2730 2717 2822 2771 καὶ
2878 2715 3167 2789 Κελτικοῦ)
3227 2714 3641 2792 συλλαμϐάνον-

223 2816 313 2867 τάιι
344 2810 440 2864 καὶ
471 2812 549 2880 τῷ
577 2814 676 2876 τῆς
700 2808 922 2883 Κρήτης
966 2802 1303 2882 δασμολόγῳ
1350 2805 1809 2878 καταμηνῦονται.
1867 2806 1928 2862 Ὀ
1977 2805 2037 2860 αὶ
2091 2803 2281 2879 ᾑρεῖτο
2332 2804 2427 2877 μὶν
2469 2803 2597 2866 τοὺς
2637 2802 2834 2877 ἄνδρας
2873 2802 3107 2861 ἐκσῶσαι
3156 2807 3247 2862 καὶ
3302 2811 3403 2873 τῆς
3470 2812 3643 2880 νήσου

228 2897 505 2972 ἀρτεμέας
557 2895 843 2970 ἐκπέμψαι,
893 2893 1101 2973 ἄλφιτα
1138 2895 1323 2958 αὐτοῖς
1372 2892 1806 2968 ἐπισιτισάμενος
1859 2894 1951 2948 καὶ
1992 2894 2142 2948 οἶνον
2192 2889 2583 2968 ὑδρευσάμενος
2631 2894 2721 2948 καὶ
2762 2892 2945 2950 τᾶλλα
2986 2895 3053 2949 τὰ
3102 2897 3239 2967 πρὸς
3295 2898 3386 2951 τὸν
3465 2903 3640 2953 πλοῦν

236 2982 530 3054 ἐπιτήδεια
558 2988 889 3060 χορηγήσας,
922 2986 1026 3041 οὐκ
1075 2978 1221 3063 ἔχων
1272 2981 1319 3039 δ’
1371 2982 1522 3046 ὅπως
1565 2987 1782 3058 περανεῖ
1828 2982 1898 3037 τὰ
1951 2982 2088 3038 κατὰ
2144 2982 2342 3038 σκοπὸν
2394 2985 2739 3060 (καταφανεῖς
2779 2983 2885 3059 γὰρ
2931 2981 3042 3054 ἤδη
3091 2989 3210 3047 τοῖς
3269 2984 3465 3041 ’ἅπασιν
3534 2986 3647 3063 ἔγε-

230 3077 503 3151 γόνεισαν)
537 3072 676 3144 δῆλα
722 3076 936 3145 τίθησιν
995 3072 1328 3150 Ἀνδρονίκῳ
1383 3075 1453 3130 τὰ
1509 3074 1646 3129 κατᾶ
1699 3072 1927 3135 τούτους
1980 3073 2107 3136 τοὺς
2159 3072 2392 3135 τάλανας
2451 3073 2794 3144 Κομνηνοῦς.
2856 3074 2955 3132 Καὶ
3010 3075 3170 3138 οὗτος
3226 3080 3507 3156 μισοφαής
3568 3076 3643 3132 ὢν

228 3166 319 3221 καὶ
360 3170 480 3228 ταῖς
509 3169 615 3220 τῶν
651 3162 858 3241 ἀνδρὼν
890 3166 1080 3241 κόραις
1109 3164 1415 3237 ἀκορέστως
1456 3164 1711 3235 ἀντικαθή
1722 3185 1883 3238 μενος
1904 3168 2002 3220 τοῦ
2032 3164 2215 3243 φωτὸς
2242 3162 2471 3226 τούτους
2500 3164 2809 3240 ἀποστερεῖ.

305 3314 387 3382 ιζ’.
425 3310 564 3370 Τότε
605 3308 650 3366 δ’
708 3309 802 3365 οὖν
871 3307 1212 3386 Ἀνδρόνικος
1261 3310 1404 3373 θείαν
1448 3309 1752 3378 ἐπισκοπὴν
1787 3307 1878 3363 τὶν
1909 3312 1951 3379 C

229 3406 326 3456 τοῦ
383 3400 631 3471 Βατάτζη
692 3401 922 3465 θάνατον
979 3400 1346 3475 ἡγησάμενος,
1404 3400 1493 3455 καὶ
1574 3399 1885 3474 προστιθεὶς

226 3497 344 3554 ταῖς
387 3490 614 3554 λοιπαῖς
653 3491 851 3547 δαυτοῦ
909 3487 1346 3569 δολοφροσύναις
1393 3489 1484 3544 καὶ
1547 3486 1728 3564 ’ἕτερον
1783 3490 1885 3543 τοῦ

226 3581 436 3655 τρόπου
493 3579 897 3654 προκάλυμμα,
969 3580 1256 3656 στεφθῆναι
1336 3576 1710 3651 αὐτοκράτορα
1772 3575 1882 3631 εἷσ-

233 3675 451 3743 ηγεῖται
480 3671 575 3724 τὸν
611 3666 839 3744 βασιλέα
879 3666 1141 3738 Ἀλέξων.
1178 3665 1276 3724 Καὶ
1307 3664 1375 3736 δὴ
1415 3665 1506 3722 ἰπὶ
1546 3669 1656 3721 τῶν
1712 3663 1880 3738 ὢμων

228 3759 363 3833 ἄρας
391 3759 553 3814 αὑτὸν
612 3758 705 3813 καὶ
767 3756 902 3831 μετὰ
960 3754 1208 3830 δακρύων
1257 3758 1471 3831 θερμῶν
1518 3756 1595 3819 είς
1642 3755 1735 3811 τὸν
1780 3760 1881 3823 τῆς

226 3846 490 3925 Μεγάλης
523 3845 821 3917 ἐκκλησίας
850 3845 1179 3919 ἀνακομίσας
1234 3845 1572 3917 ἀνάσταθμον
1602 3844 1690 3901 ἐπὶ
1740 3844 1883 3919 μάρ-

227 3958 349 3992 τυσι
379 3935 606 4012 μυριάσι
636 3934 877 3997 πολλαῖς
904 3933 1156 4006 πλήθους
1201 3934 1435 3991 ἀστυκοῦ
1485 3932 1576 3990 καὶ
1624 3932 1882 4003 ἀλλοίου,

229 4026 319 4081 καὶ
377 4023 547 4082 πάλιν
606 4025 819 4098 ὁμοίως
865 4022 1066 4088 ἐκεῖθεν
1120 4022 1480 4100 κατενεγκὼν,
1530 4018 1679 4093 ἔδοξε
1718 4020 1881 4099 φιλο-

229 4117 592 4191 στοργότερος
624 4116 765 4169 εἶναι
824 4114 1027 4187 πατρὸς
1066 4113 1156 4168 καὶ
1209 4113 1334 4187 χεὶρ
1385 4110 1531 4183 δεξιά
1577 4111 1881 4181 ἐπιστῆναι,

228 4212 309 4278 τῷ
339 4209 521 4281 νεαρῷ
549 4210 652 4273 τῆς
687 4202 970 4279 βασιλείας
1004 4201 1229 4279 δρπηκι.
1263 4203 1324 4260 Ὀ
1374 4198 1433 4257 δὲ
1473 4202 1536 4256 τὸ
1579 4204 1676 4257 τοῦ
1715 4194 1881 4256 Δαϐίδ

224 4298 480 4371 ἄντικρυς
514 4290 699 4354 διδοὺς
728 4291 944 4367 πέρατι,
985 4291 1016 4347 ὅ
1047 4312 1230 4369 φησιν,
1263 4314 1292 4345 ‹‹
1326 4291 1563 4363 Ἐπάρας
1594 4288 1883 4365 κατέρραξί

226 4406 315 4458 με,
353 4410 373 4435 ι
410 4381 674 4438 διενοείτο
704 4384 873 4437 ταῦτα
901 4382 986 4456 [Ρ.
1025 4382 1152 4453 171]
1207 4380 1298 4434 καὶ
1345 4376 1610 4435 ἐπετίλει.
1661 4381 1751 4450 Τῷ
1794 4398 1881 4433 τοι

217 4474 312 4529 καὶ
371 4472 580 4534 πάντας
643 4467 889 4526 ἰκποδὼν
960 4470 1142 4527 θέσθαι
1191 4467 1569 4544 προθυμηθεὶς
1634 4464 1878 4543 διεξῆγεν

222 4564 300 4623 ὡς
325 4563 515 4638 ᾑρεῖτο
565 4562 636 4617 τὰ
689 4561 830 4616 κατά
883 4561 983 4629 τήν
1052 4557 1331 4636 βασιλείαν
1400 4557 1719 4633 πράγματα,
1774 4561 1881 4613 τῶν

226 4652 376 4709 ὅλων
430 4652 621 4728 κύριος
668 4651 968 4714 καθεστώς.
1038 4648 1137 4705 Καὶ
1203 4651 1395 4721 πρῶτα
1463 4648 1561 4721 μὶν
1625 4649 1724 4717 τήν
1783 4650 1879 4702 τοῦ

225 4739 505 4818 βασιλέως
539 4739 753 4813 μητέρα
779 4741 877 4793 τοῦ
926 4739 1049 4793 υἱοῦ
1106 4739 1196 4793 καί
1258 4735 1528 4812 βασιλεως
1573 4735 1879 4805 ἀποστῆσαι

226 4831 598 4909 βουλόμενος,
631 4829 733 4885 οὐκ
762 4828 959 4905 ἔληγεν
986 4827 1158 4897 αὐτῆς
1189 4822 1610 4900 καταϐοώμενος
1650 4826 1740 4881 καὶ
1786 4827 1879 4883 τὸν

220 4921 633 4977 ἁπονοστούντα
704 4918 1103 4991 πλαττόμενος,
1180 4917 1398 4994 φάσκων
1503 4916 1881 4983 ἀντικαθίστα-

220 5015 349 5069 σθαι
382 5011 437 5065 o't
476 5010 703 5082 ταυτηνὶ
741 5007 1131 5080 πθοδηλότατα
1160 5009 1248 5064 καὶ
1299 5009 1436 5083 πρὸς
1461 5014 1636 5064 πᾶσαν
1689 5011 1880 5085 πρᾶξιν

220 5100 316 5156 καὶ
355 5100 618 5175 μηχανὴν
655 5103 732 5171 τῷ
761 5103 928 5171 κοινῷ
952 5102 1053 5165 τῆς
1084 5095 1369 5160 πολιτείας
1407 5100 1495 5155 καὶ
1537 5102 1618 5170 τῷ
1669 5097 1886 5173 βασιλεῖ

219 5209 577 5247 συνοισουσαν
603 5186 1127 5259 ἀντιπολιτεὺεσθαι,
1183 5186 1274 5243 καὶ
1319 5187 1413 5243 τὸν
1458 5185 1637 5261 δῆμον
1683 5187 1763 5252 εἲς
1791 5187 1885 5249 τὰς

214 5284 336 5338 κατ’
367 5280 544 5349 αὐτῆς
600 5278 945 5353 ἑξεκόμαινεν
987 5274 1197 5355 ὕϐρεις,
1246 5278 1320 5340 ὡς
1373 5276 1649 5342 πολλάκις
1701 5278 1778 5343 είς
1822 5278 1885 5333 τὸ

212 5372 365 5447 ἱερὸν
471 5368 698 5445 ἀρχεῖον
799 5365 1338 5444 ἱκδημαγωγηθᾶντα
1409 5369 1884 5442 συναθροισθῆναι,

210 5461 305 5517 καὶ
376 5459 521 5535 πρὸς
578 5460 679 5529 τὴν
728 5457 865 5515 κατᾶ
927 5460 1028 5527 τῆς
1090 5454 1381 5527 δεσποίνης
1438 5458 1626 5532 σκέψιν
1689 5477 1749 5513 τε
1793 5454 1884 5511 καὶ

212 5546 629 5623 προϐούλευσιν
671 5545 971 5623 ἐξαρπάσαι
998 5547 1090 5602 καὶ
1125 5546 1202 5619 μή
1242 5546 1433 5602 ἑκόντα
1482 5546 1573 5601 τὸν
1620 5544 1884 5620 πατριάρ-

215 5658 331 5719 χην
398 5639 496 5695 τὸν
567 5635 705 5692 πάνυ
771 5635 863 5692 τὸν
928 5633 1237 5704 Θεοδόσιον,
1302 5636 1391 5720 καὶ
1447 5630 1885 5711 παραϐιάσασθαι

550 5757 810 5818 Parnm.
858 5755 967 5817 Gs.
1014 5752 1329 5816 CXXXIX.

2063 3310 2152 3367 47.
2184 3313 2265 3367 Ac
2295 3311 2552 3368 Batatzis
2590 3310 2817 3367 obitum
2865 3311 3133 3368 divinum
3163 3312 3522 3370 beneficium
3543 3314 3647 3370 in-

1992 3401 2369 3472 terpretatus,
2425 3398 2651 3456 ceteris
2679 3399 2831 3456 dolis
2877 3400 3057 3457 etiam
3104 3401 3256 3459 hunc
3311 3404 3526 3474 adjecit
3554 3402 3643 3458 in-

1989 3485 2147 3557 genii
2176 3485 2269 3541 sui
2292 3485 2711 3542 dissimulandi
2733 3503 2930 3544 causa.
2952 3488 3169 3542 Auctor
3197 3492 3286 3544 est
3315 3488 3638 3545 coronandi

1988 3575 2195 3644 Alexii,
2227 3590 2481 3647 eumque
2534 3574 2594 3631 in
2628 3576 2906 3632 humeros
2953 3575 3175 3632 elatum
3212 3575 3543 3649 lacrymans
3574 3577 3635 3632 in

1988 3664 2213 3736 Magnas
2267 3664 2523 3719 ecclesias
2582 3664 2896 3720 ambonem
2955 3663 3227 3735 pertulit;
3279 3669 3462 3736 atque
3494 3665 3634 3721 inde

1989 3752 2203 3821 retulit,
2256 3757 2322 3807 ut
2358 3758 2583 3824 patrem
2630 3753 2840 3825 pietate
2897 3768 3175 3824 superare
3232 3753 3531 3810 videretur
3577 3758 3636 3811 et

1988 3840 2375 3898 adolescentis
2395 3841 2763 3913 imperatoris
2792 3842 3134 3914 praesidium
3156 3842 3636 3911 haberetur,cum

1987 3931 2113 4004 ipse
2140 3930 2301 3987 aliud
2343 3930 2403 3984 in
2442 3928 2638 3986 animo
2696 3930 2960 3998 haberet,
3017 3948 3085 3988 ac
3116 3930 3460 3989 Davidicum
3493 3931 3638 3988 illud

1988 4021 2250 4094 agitaret,
2279 4042 2308 4072 κ
2346 4019 2571 4075 Elatum
2600 4035 2690 4076 me
2710 4019 2912 4075 allisit.
2945 4042 2967 4072 ι
2991 4021 3177 4087 Quare
3206 4021 3642 4078 omnibusaulrs

1990 4109 2329 4182 proceribus
2366 4107 2604 4179 amotis,
2644 4124 2997 4180 summaque
3034 4124 3232 4165 rerum
3263 4108 3323 4165 in
3358 4126 3417 4167 se
3449 4118 3640 4167 trans-

1989 4203 2123 4272 lata,
2157 4203 2468 4276 imperium
2490 4218 2595 4259 suo
2627 4201 2914 4259 arbitratu
2938 4204 3176 4275 gerebat
3204 4224 3220 4274 ;
3254 4220 3322 4262 ac
3347 4206 3635 4279 principio

1992 4298 2241 4349 matrem
2272 4290 2664 4365 imperatoris,
2724 4294 2790 4347 ut
2818 4296 3017 4363 aperte
3045 4292 3154 4348 sibi
3179 4299 3234 4349 et
3270 4293 3643 4365 imperatoris

1988 4400 2054 4440 ac
2086 4383 2168 4440 rei
2198 4381 2445 4455 publica
2493 4380 2819 4437 commodis
2862 4381 3293 4453 adversantem,
3340 4383 3645 4440 criminari

1988 4489 2105 4530 non
2135 4471 2375 4539 destitit,
2409 4485 2583 4542 seque
2612 4470 3011 4527 discessurum
3041 4470 3265 4539 iterum
3300 4471 3601 4527 simulavit
3626 4492 3642 4540 ;

1986 4565 2045 4619 et
2074 4559 2290 4634 populo
2320 4560 2391 4615 ad
2422 4576 2548 4616 eam
2580 4558 2855 4616 conviciis
2903 4558 3277 4616 lacerandam
3308 4560 3631 4626 concitato,

1913 4686 1957 4751 ὓ
1989 4648 2116 4707 suis
2144 4649 2372 4705 artibus
2416 4649 2605 4705 eil‘ecit
2635 4656 2700 4704 ut
2726 4647 2787 4703 in
2818 4663 2981 4705 sacro
3032 4646 3247 4720 palatio
3277 4648 3635 4716 conveniret,

1989 4742 2048 4796 et
2078 4737 2470 4811 patriarcham
2502 4738 2659 4794 844
2680 4736 3449 4809 Theodosiumimportunis
3467 4735 3637 4809 ﬂagi-

1996 4828 2317 4886 tationibus
2374 4830 2433 4882 et
2480 4826 2703 4883 crebris
2755 4826 3028 4883 conviciis
3072 4824 3419 4899 perpelleret
3469 4831 3534 4883 ut
3575 4826 3638 4883 in

1995 4915 2386 4990 imperatricis
2441 4915 2781 4985 eiectionem
2874 4931 2906 4971 s
2991 4914 3205 4988 palatio
3262 4915 3640 4975 consentiret.

1995 5009 2186 5064 Tanta
2222 5005 2380 5062 enim
2428 5004 2899 5062 circumforaneae
2956 5005 3143 5061 turbae
3189 5005 3460 5062 vecordia
3489 5012 3636 5076 erat,

1997 5100 2060 5153 ut
2087 5096 2415 5154 timendum
2446 5098 2603 5152 esset
2649 5110 2722 5151 ne
2755 5093 2815 5152 in
2858 5094 3101 5151 barbam
3132 5095 3263 5166 ejus
3292 5096 3639 5161 involarent,

1997 5185 2144 5243 nihil
2198 5185 2524 5243 elucentem
2569 5183 2631 5242 in
2681 5199 2748 5241 eo
2800 5184 3251 5241 sanctimoniam
3305 5185 3557 5255 reveriti,
3582 5188 3643 5242 ni

1995 5276 2309 5334 Andronici
2362 5275 2698 5349 postulatis,
2761 5279 2826 5332 ut
2855 5276 2929 5333 ab
2986 5276 3201 5348 injuria
3239 5281 3391 5334 esset
3442 5276 3641 5349 tutior,

1995 5367 2317 5423 annuisset.
2351 5364 2470 5421 Beli
2499 5381 2733 5438 quoque
2753 5364 3011 5436 judices,
3032 5364 3476 5421 Monasteriotes
3507 5368 3641 5420 Leo.

1994 5456 2302 5513 Tornicius
2352 5454 2711 5523 Demetrius
2749 5457 2807 5511 et
2862 5454 3274 5511 Constantinus
3328 5456 3639 5521 Patrenus,

1995 5544 2257 5602 nondum
2286 5543 2345 5599 in
2372 5542 2572 5601 album
2614 5558 2817 5600 eorum
2870 5542 3139 5614 inscripti
3176 5541 3277 5614 qui
3306 5541 3637 5598 Andronico

1995 5636 2330 5705 studebant,
2392 5647 2496 5688 nec
2574 5632 2940 5707 apertissime
2996 5630 3160 5689 illius
3217 5628 3636 5701 cupiditatibus

3234 5742 3312 5800 20
