4126 6294
474 341 597 403 619
1809 339 2112 406 NICETE

2220 337 2589 404 ΗΟΝῙΑΤΑΕ
3777 352 3907 413 620

475 477 823 550 mancipati,
845 476 971 532 vita
1014 475 1338 548 periculum
1393 479 1685 535 adierunt.
1739 478 1883 534 Nam
1916 476 1988 532 de
2015 475 2112 531 im«

2237 471 2485 530 κάκεῖνὸν
2535 473 2831 546 εὗδοκῆσαι
2891 474 2963 532 δι’
3013 477 3409 552 ὑπομνήματος
3459 479 3561 548 τήν
3611 480 3673 535 ἐκ
3730 482 3899 553 μέσου

477 568 761 639 peratrice
808 564 1127 622 sententias
1177 567 1368 637 rogati
1416 567 1843 640 responderunt
1879 583 1940 623 se
1970 565 2112 639 prin:

2239 561 2441 633 ταύτης
2482 565 2803 636 μετάστασιν
2832 566 2921 620 καὶ
2949 567 3049 635 τήν
3090 566 3149 621 ἐκ
3204 572 3310 622 τῶν
3365 567 3659 642 βασιλείων
3718 569 3903 646 ἄπαρ-

478 653 636 711 velle
672 668 1043 726 cognoscere,
1088 670 1160 709 an
1190 653 1248 709 id
1299 656 1613 712 concilium
1660 657 1731 712 de
1760 654 2112 727 imperatori:

2240 671 2341 707 σιν.
2372 651 2527 727 Τάχα
2558 651 2604 708 δ’
2655 652 2716 709 ἂν
2753 653 2845 709 καὶ
2907 661 3016 712 τῶν
3067 653 3284 732 γενείων
3341 656 3505 712 αὐτοῦ
3558 656 3901 715 ἐπελάϐοντο

485 744 777 801 sententia
833 746 1100 798 coactum
1169 747 1341 800 esset.
1395 747 1520 810 Qua
1549 745 1811 801 oratione
1852 752 2130 815 tanquam

486 831 728 889 stimulo
754 829 1103 886 vulneratus
1134 832 1514 889 Andronicus
1541 849 1556 888 :
1587 854 1614 885 ι
1649 834 1749 888 Isti
1782 830 2136 903 sunt,inquit

479 921 581 993 qui
638 921 1109 991 protosebastum
1168 920 1237 976 ad
1291 919 1392 976 illa
1449 921 1712 977 facinora
1775 920 2130 993 impelluntz,

484 1009 949 1081 comprehendite
986 1023 1107 1065 eos.
1144 1030 1167 1057 ι
1203 1009 1414 1065 Statim
1458 1010 1641 1081 igitur
1688 1010 1968 1066 satellites
2008 1009 2130 1079 gla-

478 1100 607 1155 dios
635 1115 786 1171 quos
835 1099 985 1155 845
1043 1098 1308 1153 humeris
1365 1098 1740 1154 sustinebant
1778 1099 1838 1154 in
1883 1097 2016 1154 illos
2045 1098 2132 1152 vi-

479 1189 758 1255 brarunt;
782 1191 840 1242 et
863 1186 1115 1258 populus
1134 1186 1544 1259 chlamydibus
1576 1203 1776 1244 eorum
1806 1187 2130 1260 apprehen-

476 1279 560 1334 sis
589 1278 744 1334 viros
795 1293 899 1349 per
935 1275 1355 1333 contumeliam
1416 1276 1532 1332 huc
1573 1282 1631 1332 et
1658 1276 1799 1332 illuc
1840 1277 2035 1345 traxit,
2068 1280 2133 1332 ut

477 1372 724 1424 mortem
756 1382 906 1438 aegre
936 1367 1283 1438 effugerent.
1321 1367 1427 1422 His
1477 1367 1735 1439 peractis
1764 1365 2132 1422 Andronicus

477 1471 746 1527 proceres
777 1453 995 1511 invasit
1021 1469 1035 1520 ;
1070 1454 1170 1525 qui
1201 1470 1334 1509 cum
1367 1470 1436 1510 ea
1457 1453 1714 1510 facinora
1745 1454 1983 1510 ferenda
2014 1469 2126 1509 non

481 1546 782 1611 ducerent,
808 1548 865 1599 et
919 1540 1253 1616 Cyclopiam
1303 1559 1526 1599 coenam
1561 1549 1695 1600 ante
1729 1542 1930 1599 oculos
1959 1542 2129 1599 habe-

482 1637 632 1703 rent,
662 1634 837 1689 ﬂdem
896 1632 1049 1687 inter
1084 1648 1213 1688 sese
1261 1633 1549 1688 dederunt
1585 1641 1643 1688 et
1670 1637 2038 1705 acceperunt,
2073 1635 2131 1688 ct

479 1718 853 1775 concordiam
905 1717 1278 1773 sanctissimo
1314 1718 1700 1789 jurejurando
1729 1717 2127 1787 ﬁrmaverunt,

2235 745 2345 795 τῶν
2421 739 2696 816 ἀγοραίων
2770 745 2822 798 οἱ
2895 745 3334 817 κυνογνώμονες,
3409 748 3535 822 παρ⁸
3592 747 3751 803 οὐδὲν
3792 751 3896 820 τὴν

2237 827 2617 904 ἐμπρέπουσαν
2665 832 2854 905 ἐκείνῳ
2909 833 3126 906 θέμενοι
3180 834 3459 905 όσιότηνα,
3505 836 3553 891 εἰ
3609 839 3686 910 μή
3739 838 3901 894 κατὲ-

2237 940 2390 974 νευσε
2418 922 2553 994 πρὸς
2606 921 2673 975 τὰ
2719 923 2845 996 παρ’
2906 920 3252 996 Ἀνδρονίκου
3310 923 3627 999 αἰτούμενα,
3685 926 3775 981 ἐπὶ
3834 930 3898 984 τὸ

2237 1010 2293 1063 εὗ
2315 1005 2576 1072 διατιθεὶς
2628 1012 2727 1080 τὴν
2773 1016 2870 1065 τοῦ
2928 1009 3177 1067 κινδύνου
3248 1010 3620 1093 σφοδρότητα.
3677 1018 3895 1091 Μικροῦ

2238 1094 2296 1152 δί
2353 1096 2540 1168 ἐδέησε
2603 1096 2943 1154 κινδυνεῦσαι
2997 1102 3119 1176 περὶ
3177 1103 3238 1157 τὸ
3299 1106 3396 1176 ζῇν
3454 1103 3556 1158 κάκ
3629 1110 3738 1160 τῶν
3791 1110 3893 1161 τοῦ

2235 1184 2428 1256 Βήλου
2457 1192 2657 1262 κριτῶν
2687 1190 2779 1244 τὸν
2834 1189 3100 1264 Τορνίκην
3156 1192 3497 1265 Δημήτριον,
3555 1193 3647 1248 τὸν
3719 1195 3901 1251 Μονα-

2235 1275 2547 1348 στηριώτην
2601 1276 2806 1332 Λέοντα
2856 1278 2945 1332 καὶ
3003 1281 3398 1335 Κωνσταντῖνον
3447 1281 3538 1335 τὸν
3590 1283 3894 1357 Πατρηνὸν,

2235 1362 2391 1417 οθπω
2418 1368 2497 1435 τῷ
2526 1364 2716 1438 κύκλῳ
2771 1363 3134 1442 ἐγγραφέντας
3200 1371 3307 1422 τῶν
3357 1366 3692 1442 Ἀνδρονίκῳ
3722 1391 3887 1446 προσ-

2234 1447 2495 1524 θεμένων,
2548 1450 2690 1527 μηδὲ
2747 1457 2884 1529 πρὸς
2943 1461 3047 1511 πᾶν
3111 1455 3371 1530 ἐράσμιον
3430 1457 3626 1532 έκείιῳ
3682 1456 3885 1515 δουλο-

2230 1542 2604 1619 γραφηθέντας
2659 1544 2981 1619 τρανότερον
3030 1544 3122 1599 καὶ
3178 1545 3239 1600 τὸ
3298 1546 3428 1620 γόνυ
3483 1548 3691 1623 βαθέως
3747 1551 3887 1622 κάμ-

2232 1632 2450 1702 ψαντας.
2482 1630 2549 1688 Οἱ
2603 1631 2695 1704 μὶν
2756 1631 2861 1708 γὰρ
2912 1631 3305 1706 ἀπαιτούμενοι
3352 1635 3416 1689 τὸ
3482 1638 3884 1711 παριστάμειον

2232 1717 2403 1773 εἰπεῖν
2470 1720 2606 1796 πρὸς
2659 1721 2726 1775 τὰ
2777 1721 2916 1777 κατά
2993 1729 3094 1792 τῆς
3186 1719 3478 1794 δεσποίνης
3554 1726 3881 1801 είσαγόμενα

477 1808 632 1879 pacti
652 1824 714 1863 se
744 1823 851 1863 nec
882 1806 1070 1863 oculis
1114 1822 1387 1861 somnum
1417 1807 1647 1861 visuros
1698 1822 1801 1861 nec
1833 1806 2112 1879 capitibus

2235 1805 2442 1913 ἐθέλειν
2467 1810 2700 1883 πρώτως
2731 1807 2924 1890 ἔφασαν
2963 1813 3149 1884 μαθεῖν
3188 1812 3233 1867 εἰ
3277 1814 3304 1867 6
3350 1812 3627 1890 σύλλογος
3677 1816 3881 1880 ἐκεῖνος

488 1898 741 1967 quietem
789 1898 1054 1964 daturos,
1100 1895 1159 1949 ni
1206 1896 1369 1965 prius
1431 1895 1854 1963 Andronicum,
1914 1895 1962 1951 si
2002 1894 2108 1952 fier

2236 1896 2326 1951 καὶ
2355 1899 2390 1967 ἡ
2423 1897 2729 1962 συνέλευσις
2776 1900 2866 1955 καὶ
2907 1903 2942 1970 ἡ
3002 1901 3127 1977 περὶ
3183 1905 3291 1957 τῶν
3352 1903 3727 1976 προκειμένων
3783 1904 3889 1975 ἑξέ-

475 1995 688 2059 pcsset,
724 1986 1129 2052 sustulissent,
1162 1990 1227 2040 ut
1251 1991 1458 2057 suopte
1480 1987 1673 2056 potius
1704 2001 1877 2057 quam
1897 1986 2131 2041 conchae

484 2078 774 2149 sanguine
828 2078 970 2148 (qua
1008 2084 1220 2131 vestem
1246 2091 1407 2131 suam
1456 2076 1679 2146 tingere
1718 2076 1981 2147 cupiens,
2012 2093 2132 2131 om-

478 2181 613 2220 nem
666 2163 1103 2235 imperatoriam
1163 2162 1403 2235 stirpem
1457 2164 1699 2220 evellere
1748 2169 1808 2219 et
1851 2171 2126 2236 tanquam

480 2252 754 2308 immanis
800 2252 998 2307 bellua
1037 2252 1310 2307 devorare
1356 2254 1687 2321 conaretur)
1734 2268 2123 2324 purpurasce-

486 2345 595 2396 ret.
632 2340 926 2411 Conjurati
948 2345 1116 2395 erant
1145 2339 1511 2396 Andronicus
1536 2340 2126 2411 AngeliConstantini

486 2429 666 2495 filius,
715 2444 963 2499 magnus
1017 2428 1134 2483 dux
1182 2428 1548 2487 Andronicus
1593 2429 2122 2501 Contostephanus,

480 2523 536 2577 et
568 2520 775 2574 horum
803 2518 905 2573 tilii
941 2518 1216 2585 sedecim,
1266 2533 1472 2574 omnes
1507 2518 1613 2574 viri
1658 2518 1881 2575 robusti
1913 2525 1971 2575 et
1997 2520 2120 2576 bel-

472 2606 680 2674 licosi;
732 2606 1049 2678 Logotheta
1107 2607 1294 2662 dromi
1351 2610 1689 2663 Camaterus
1736 2606 2006 2677 Basilius,
2064 2613 2124 2664 et

477 2706 576 2763 alii
623 2705 956 2777 complures
1009 2704 1201 2775 juncti
1261 2720 1472 2776 genere
1522 2705 1629 2777 eis,
1689 2706 1798 2763 viri
1836 2705 2117 2765 illustres.

470 2797 578 2852 Sed
611 2810 679 2852 ea
715 2793 1077 2867 conspiratio
1123 2793 1354 2865 prodita
1400 2810 1515 2850 non
1571 2794 1670 2850 diu
1699 2793 1867 2851 latuit
1896 2795 2115 2851 Andro-

468 2888 706 2955 nicum;
758 2886 856 2957 qui
889 2887 1110 2956 impetu
1162 2884 1311 2940 facto
1361 2884 1422 2940 in
1471 2884 1871 2941 Andronicum
1915 2885 2115 2959 Angeli

471 2973 679 3042 illium,
715 2977 837 3028 tum
899 2972 1052 3028 340
1087 2987 1203 3027 non
1246 2971 1449 3043 procul
1497 2988 1529 3026 a
1560 2973 1936 3028 terrestribus
1979 2989 2118 3029 mm-

468 3063 643 3118 nibus
672 3061 1056 3131 habitantem,
1090 3058 1256 3115 illum
1298 3076 1430 3115 cum
1461 3065 1717 3131 quatuor
1752 3060 1891 3116 filiis
1920 3060 1981 3116 in
2013 3077 2113 3117 ex-

463 3151 663 3208 silium
721 3151 878 3222 agit:
942 3165 1071 3204 nam
1133 3164 1346 3219 sagena
1416 3148 1734 3205 satellitum
1793 3151 2110 3207 Andronici

464 3238 844 3311 cupidissime
881 3237 1116 3302 evitata,
1154 3252 1586 3308 conscensaque
1617 3254 1748 3293 cum
1779 3238 1914 3293 (iliis
1949 3240 2110 3295 navi-

2221 3252 2376 3287 τνουν
2465 3254 2533 3309 φρ
2546 3233 2790 3291 ικώδεσιν

462 3325 615 3390 cula,
666 3323 861 3378 vacuis
910 3320 1211 3392 amphoris
1270 3338 1398 3392 quae
1449 3322 1508 3376 in
1566 3338 1634 3378 ea
1681 3329 1849 3379 erant
1888 3325 2108 3397 ejectis,

464 3413 788 3488 periculum
814 3412 907 3468 vix
948 3411 1203 3467 evitavit.
1254 3410 1755 3483 Contostephanus
1800 3430 1929 3471 cum
1964 3432 2111 3487 qua-

463 3511 597 3574 tuor
646 3502 782 3559 filiis
851 3504 910 3557 et
994 3499 1333 3556 Camaterus
1390 3500 1642 3555 Basilius
1700 3502 2109 3575 comprehensi

462 3609 670 3651 omnes
701 3596 1077 3650 excaecantur.
1112 3591 1252 3647 Item
1275 3589 1372 3646 alii
1406 3607 1519 3647 non
1553 3593 1823 3661 convicti,
1855 3609 1925 3650 ex
1956 3596 2111 3652 fama

462 3685 745 3741 duntaxat
798 3698 983 3755 eaque
1047 3680 1322 3751 ambigua
1378 3679 1819 3751 coniurationis,
1871 3684 2106 3740 easdem

454 3790 659 3847 poenas
714 3772 1019 3829 dederunt.
1054 3770 1138 3825 Ad
1190 3769 1346 3825 hunc
1383 3769 1619 3825 modum
1669 3770 1742 3826 iis
1774 3788 1921 3843 quos
1965 3773 2106 3829 olim

460 3861 914 3935 comprehensos
964 3859 1257 3932 cupiebat,
1290 3873 1391 3932 per
1432 3859 1794 3916 occasionem
1851 3861 1910 3916 in
1945 3867 2104 3933 pote-

449 3956 663 4009 statem
721 3948 991 4019 redactis,
1048 3952 1106 4005 et
1157 3946 1289 4004 aliis
1342 3946 1405 4003 in
1455 3964 1745 4005 carcerem
1804 3952 2104 4021 conjectis,

448 4040 582 4098 aliis
612 4040 672 4095 in
696 4038 971 4096 exsilium
1032 4037 1202 4104 actis,
1253 4035 1387 4092 aliis
1438 4036 1608 4093 aliter
1648 4038 1936 4106 multatis,
1969 4056 2104 4095 cum

453 4144 671 4201 paucos
731 4128 1046 4182 admodum
1132 4124 1387 4196 reliquos
1465 4140 1596 4181 esse
1666 4136 1945 4194 cerneret,
2003 4128 2103 4199 qui

455 4217 676 4273 omissa
749 4214 1087 4287 pertinacia,
1176 4215 1490 4269 errantium
1553 4213 1861 4269 stellarum
1919 4231 2102 4282 more,

451 4320 628 4361 cursu
678 4304 737 4360 in
798 4303 1155 4360 contrarium
1207 4305 1431 4357 mutato
1482 4302 1594 4357 sibi
1637 4303 1962 4369 studerent,
2000 4305 2103 4359 do-

453 4394 621 4451 minae
654 4391 963 4465 perniciem
1022 4390 1302 4458 molitur;
1332 4407 1398 4446 ac
1430 4394 1561 4462 post
1606 4391 1803 4447 varias
1831 4393 2102 4448 crimina-

455 4485 640 4541 tiones
699 4483 972 4540 miseram
1033 4480 1335 4537 mulierem
1410 4478 1655 4535 concilio
1716 4496 1981 4551 suorum,
2046 4488 2104 4539 et

2234 2006 2387 2049 τασις
2446 1988 2584 2043 κατὰ
2633 1989 2866 2064 γνώμην
2947 1991 3158 2065 γίνεται
3240 1995 3338 2045 τοῦ
3414 1996 3742 2067 κρατοῦντος
3801 1994 3895 2049 καί

2236 2075 2484 2149 ὁρισμόν·
2519 2077 2549 2132 6
2598 2074 2643 2131 δ’
2697 2075 3046 2152 Ἀνδρόνικος
3104 2080 3180 2142 ὡς
3239 2080 3547 2155 βουκέντρῳ
3603 2086 3682 2153 τῶ
3727 2080 3888 2159 λόγῳ

2232 2164 2411 2237 τούτῳ
2441 2165 2691 2241 τρωθεὶς,
2721 2190 2750 2219 ιι
2782 2168 2951 2224 Οὗτοί
2985 2168 3145 2241 εἶσιν,
3189 2191 3217 2221 ››
3248 2166 3466 2247 ἔφησεν,
3491 2195 3519 2222 ‹‹
3545 2171 3597 2225 οἱ
3614 2171 3708 2225 τὸν
3731 2193 3887 2246 πρω-

2232 2248 2553 2310 τοσεϐαστὸν
2600 2254 2881 2332 ἐνάγοντες
2936 2257 3011 2318 εἰς
3058 2258 3120 2312 τὸ
3168 2257 3236 2313 τά
3273 2258 3447 2314 ἃτοπα
3488 2255 3639 2335 δρᾷν·
3674 2260 3886 2316 συλλά-

2232 2339 2354 2399 6ετε
2392 2342 2608 2408 αὺτούς.
2640 2368 2667 2399 ι
2713 2348 2818 2404 Καὶ
2845 2348 2909 2403 τὸ
2938 2348 3044 2403 άπὸ
3075 2345 3233 2404 τοῦδε
3264 2351 3317 2403 οἱ
3352 2350 3448 2422 μὲν
3481 2347 3770 2429 δορυφόροι
3814 2355 3884 2407 τά

2231 2431 2318 2487 ἐπὶ
2397 2436 2506 2488 τῶν
2566 2428 2735 2507 ὤμων
2795 2434 3122 2509 ἐτερόθηκτα
3195 2437 3322 2515 ξίφη
3380 2438 3456 2499 ὡς
3521 2428 3866 2511 καθιξόμενοι

2228 2523 2584 2607 κατήνεγκαν·
2619 2525 2647 2578 6
2679 2520 2737 2578 δὲ
2760 2521 2937 2598 δῆμος
2968 2523 3100 2600 τῇδέ
3127 2546 3187 2582 τε
3223 2526 3438 2582 κάκεῖσε
3484 2531 3595 2583 τῶν
3643 2528 3875 2607 χλαμύ-

2228 2605 2334 2663 δων
2365 2606 2665 2683 λαϐόμενοι
2695 2614 3010 2692 περιέφερον
3042 2613 3171 2677 τοὺς
3225 2613 3424 2690 ἄνδρας
3480 2619 3595 2689 μεθ’
3643 2605 3876 2693 ὕϐρεως,

2225 2698 2298 2760 ὡς
2331 2698 2494 2772 μόλις
2527 2700 2777 2778 ἐκφυγεῖν
2806 2704 2867 2757 τὸ
2916 2709 3114 2767 θανεῖν.
3165 2706 3341 2761 Τοῦτο
3400 2702 3447 2760 δ’
3498 2704 3697 2769 ἀνύσας
3750 2710 3878 2765 ’Av-

2223 2784 2473 2862 δρόνικος
2528 2796 2645 2854 τοῖς
2699 2798 2983 2866 μεγιστᾶσι
3042 2787 3327 2865 μετέπεινα
3383 2793 3665 2873 ἐπεφύετο.
3705 2798 3774 2854 Οἱ
3814 2796 3869 2854 δὲ

2221 2877 2296 2937 ὡς
2327 2876 2426 2932 οὐκ
2454 2878 2649 2934 ἀνεκτὰ
2674 2881 2741 2934 τὰ
2788 2884 3012 2936 τοιαῦτα
3059 2879 3189 2957 ἔργα
3233 2881 3582 2956 ὑφορώμενοι
3630 2885 3721 2941 καὶ
3767 2887 3863 2955 τὴν

2222 2963 2584 3023 Κυκλώπειον
2654 2966 2903 3043 ἃντικρυς
2949 2970 3056 3045 πρὸ
3106 2969 3404 3047 ὀφθαλμῶν
3444 2971 3667 3052 ἔχοντες
3705 2995 3862 3030 κατα.

2221 3053 2489 3126 θοίνησιν,
2533 3055 2811 3129 ἀλλήλοις
2861 3057 3067 3121 πίστεις
3115 3055 3295 3122 δόντες
3339 3081 3398 3116 τε
3444 3063 3535 3116 καὶ
3584 3058 3866 3133 λαϐόντες,

2220 3144 2309 3196 καὶ
2356 3146 2454 3213 τὴν
2515 3146 2775 3220 ὁμόνοιαν
2825 3148 3219 3222 κρατυνάμενοι
3268 3150 3361 3204 καὶ
3404 3148 3586 3224 ὅρκοις
3625 3152 3686 3205 τὸ
3734 3153 3873 3222 6,116-

2917 3233 3329 3310 έμπεδώσαντες
3424 3237 3687 3293 συνέθεντο
3785 3243 3869 3310 μὴ

2225 3318 2412 3375 δοῦναι
2445 3324 2613 3378 ὕπνον
2657 3330 2776 3390 τοῖς
2825 3326 3158 3406 ὀφθαλμοῖς,
3210 3324 3352 3399 μηδέ
3396 3332 3502 3388 τοῖς
3549 3327 3867 3405 κροτάφοις,

2219 3409 2263 3465 εἰ
2296 3406 2542 3480 δυνατὸν,
2596 3414 2971 3489 παρασχέσθαι
3019 3414 3336 3484 ἀνάπαυσιν,
3377 3410 3477 3479 ἔως
3521 3412 3581 3468 οὗ
3625 3416 3870 3470 θανεῖται

2218 3497 2567 3574 Ἀνδρόνικος
2598 3502 2688 3557 καὶ
2719 3504 2781 3559 τὸ
2809 3505 3016 3559 τούτου
3047 3503 3185 3577 αἷμα
3228 3506 3335 3577 πρὸ
3370 3509 3470 3560 τοῦ
3513 3511 3611 3574 τῆς
3655 3503 3875 3580 κόγχης

2216 3590 2483 3663 χρώσειεν
2533 3593 2725 3663 αὐτου,
2774 3592 2827 3665 ἐξ
2888 3593 2956 3662 ἧς
3024 3593 3193 3668 βάψαι
3249 3595 3351 3663 τήν
3407 3593 3609 3648 οἰκείαν
3666 3592 3874 3663 στολήν

2218 3679 2541 3753 μειρόμενος
2595 3686 2767 3736 πᾶσαν
2835 3683 2933 3752 τὴν
3003 3680 3282 3757 βασίλειον
3337 3681 3601 3759 φυταλιάν
3659 3681 3871 3757 ἐκριζοῖ

2213 3768 2302 3822 καὶ
2334 3768 2409 3829 ὡς
2449 3769 2642 3842 μονιὸς
2674 3768 3087 3843 διαλυμαίνεται
3135 3768 3342 3846 ἃγριος.
3393 3773 3562 3827 Ἦσαν
3614 3767 3671 3825 δὲ
3721 3772 3867 3826 οῧτω

2215 3858 2646 3928 συνομοσάμενοι
2722 3857 3068 3934 Ἀνδρόνικος
3145 3861 3173 3915 6
3247 3861 3364 3922 υἱὸς
3438 3863 3535 3914 τοῦ
3592 3859 3866 3933 Ἀγγέλου

2216 3947 2641 4017 Κωνσταντίνου,
2710 3949 2738 4002 6
2786 3947 2957 4025 μέγας
3006 3947 3129 4019 δοὺξ
3178 3947 3527 4023 Ἀνδρόνικος
3568 3950 3597 4004 6
3657 3955 3863 4005 Κοντο-

2214 4033 2493 4108 στέφανος,
2523 4036 2614 4093 καὶ
2649 4037 2706 4091 οἶ
2747 4039 2955 4092 τούτων
3001 4039 3137 4101 υἱεῖς
3185 4035 3467 4094 ἑκκαίδεκα
3511 4035 3685 4111 ὅντες,
3727 4040 3864 4094 πάν-

2210 4147 2296 4190 τες
2352 4124 2576 4198 ἀκμαῖοι
2625 4128 2715 4181 καὶ
2780 4126 3048 4202 ῥομφαίαν
3111 4126 3435 4200 ἐσπασμένοι
3494 4128 3630 4202 πρὸς
3691 4127 3863 4183 πόλε-

2213 4234 2338 4286 μον,
2370 4216 2399 4270 6
2426 4218 2525 4270 τοῦ
2583 4216 2669 4290 [Ρ.
2704 4218 2827 4289 172]
2880 4214 3091 4291 δρόμου
3140 4215 3439 4292 λογοθέτης
3473 4218 3501 4271 6
3534 4219 3867 4292 Καματηρὸς

2214 4302 2518 4373 Βασίλειος,
2594 4304 2685 4358 καὶ
2763 4304 2953 4379 συχνοί
3026 4301 3203 4378 ἓτεροι
3277 4305 3424 4361 κατὰ
3479 4305 3637 4379 γένος
3681 4306 3871 4369 αὐτοῖς

2211 4391 2604 4463 συναπτόμενοι
2635 4392 2725 4447 καὶ
2757 4390 2944 4457 ἃλλως
2973 4392 3034 4447 τὸ
3087 4392 3359 4466 ἐπίσημον
3407 4392 3648 4468 ἔχοντες.
3697 4392 3866 4451 Ἀλλ’

2210 4478 2308 4533 οὐκ
2339 4473 2499 4534 ἔλαθε
2550 4480 2612 4534 τὸ
2670 4480 2990 4556 σύστρεμμα
3045 4501 3135 4534 τον
3196 4478 3567 4556 Ἀνδρόνικον,
3631 4482 3735 4536 ούκ
3786 4482 3865 4544 εἰς

449 4591 653 4633 eorum
690 4575 959 4648 judicum
1014 4576 1168 4628 coetu
1227 4574 1453 4637 coacto,
1499 4569 1600 4640 qui
1634 4584 1749 4625 non
1779 4570 2104 4640 judicaturi

2220 4566 2369 4631 τέλος
2429 4566 2727 4647 ἄφθεγκτον
2785 4569 2876 4623 καὶ
2940 4570 3168 4648 κρύφιον
3248 4567 3556 4643 διαμεῖναν.
3615 4571 3711 4625 Διὸ
3771 4571 3864 4625 καὶ

448 4668 597 4724 347
637 4668 738 4723 sed
791 4661 1124 4722 damnaturi
1175 4665 1364 4729 erant,
1412 4658 1762 4732 proditionis
1810 4667 2090 4718 accusat:

444 4773 572 4813 eam
599 4757 669 4811 ad
699 4754 893 4811 Belam
927 4749 1237 4824 Hungarim
1284 4764 1502 4822 regem,
1538 4749 1754 4804 sororis
1789 4749 2092 4819 maritum,

445 4845 679 4900 crebras
702 4843 933 4898 dedisse
963 4842 1205 4906 litteras,
1231 4843 1287 4896 et
1310 4838 1540 4912 magnis
1570 4839 2093 4909 pollicitationibus

441 4949 576 4990 eum
604 4931 907 5001 impulisse
936 4934 1002 4985 ut
1048 4929 1429 4984 Branizobam
1466 4931 1525 4983 et
1572 4928 1959 4999 Belligradum
1993 4947 2089 4986 va-

437 5023 635 5077 staret.
693 5023 890 5089 itaque
946 5019 1005 5073 in
1057 5016 1543 5089 augustissimum
1589 5032 1880 5073 carcerem
1915 5035 2092 5090 prope

437 5112 496 5167 S.
532 5108 830 5166 Diomedis
869 5106 1293 5163 monasterium
1329 5106 1721 5178 ignominioso
1761 5106 2090 5175 abducitur,

438 5198 549 5255 Ubi
582 5201 637 5253 et
668 5197 977 5253 custodum
1035 5194 1307 5251 ludibriis
1338 5211 1402 5250 ac
1452 5194 1828 5251 contumeliis
1850 5200 1907 5252 et
1938 5197 2091 5254 fame

435 5288 648 5360 sitique
678 5286 917 5355 afﬂicta,
950 5284 1257 5341 saevissimi
1306 5284 1596 5340 carnificis
1627 5300 1865 5340 manum
1901 5287 2088 5342 conti-

437 5382 645 5435 nenter
682 5375 1077 5447 exspectabat.
1131 5373 1499 5429 Andronicus
1541 5389 1677 5428 vero
1709 5372 1855 5429 nihil
1888 5374 2088 5432 immi-

436 5471 582 5524 nuta
614 5465 858 5531 feritate,
901 5462 1050 5518 nihil
1096 5461 1205 5517 nisi
1254 5466 1419 5517 atrox
1446 5466 1504 5517 et
1555 5462 1787 5519 crudele
1819 5463 2084 5536 cogitans

2208 4656 2402 4712 αὐτίκα
2431 4657 2522 4731 ὅγε
2577 4657 2714 4711 κατά
2766 4661 2863 4712 τοῦ
2920 4658 3041 4711 υἱοῦ
3096 4662 3192 4713 τοῦ
3252 4657 3519 4733 Ἀγγέλου
3579 4660 3861 4732 ὁρμήσας,

2210 4746 2402 4818 μικρὸν
2443 4745 2639 4809 ἄποθεν
2669 4745 3033 4819 αὖλιζομένου
3056 4750 3166 4802 τῶν
3198 4748 3469 4822 χερσαίων
3526 4745 3721 4803 πυλῶν
3754 4755 3861 4816 τῆς

2202 4835 2420 4897 πόλεως
2475 4840 2793 4904 τηνικαῦτα,
2852 4834 3053 4891 ἐκεῖνον
3116 4836 3209 4909 μὶν
3287 4834 3497 4915 φυγάδα
3557 4838 3694 4909 μετά
3748 4842 3859 4891 τῶν

2203 4924 2363 4979 υἱέων
2413 4924 2648 4994 τίθησιν,
2708 4924 2991 4985 ἀσπασίως
3048 4921 3365 5000 διεκδράντα
3440 4927 3539 4995 τὴν
3608 4927 3855 5002 σαγήνην

2200 5012 2267 5081 ἤν
2313 5012 2365 5066 οί
2423 5011 2730 5089 ὁπλοφόροι
2790 5010 3139 5088 Ἀνδρονίκου
3195 5012 3342 5083 αύτῷ
3400 5010 3737 5083 διεπέτασαν,
3795 5013 3861 5069 ἐκ

2200 5107 2298 5158 τοῦ
2368 5101 2531 5176 μόλις
2605 5102 2815 5174 ἀκατίῳ
2888 5108 3203 5178 περιτυχεῖν
3280 5103 3571 5181 ἀμφορέων
3645 5102 3856 5175 πλήρει

2199 5197 2392 5262 κενῶν,
2423 5192 2515 5247 καὶ
2542 5192 2677 5247 αὐτὰ
2709 5192 2803 5266 μὲν
2853 5190 3118 5263 έκτινάξαι
3174 5190 3251 5255 είς
3296 5190 3567 5254 θάλασςαν
3617 5192 3719 5247 ὅσα
3764 5194 3859 5248 καὶ

2199 5276 2621 5360 ἀμφιϐλήστρου
2665 5276 2935 5351 σκύϐαλα,
2984 5282 3143 5336 αὐτὸν
3178 5278 3225 5336 δ’
3256 5279 3308 5336 ἐν
3338 5280 3518 5355 τούτῳ
3561 5279 3857 5337 διεκπλεῦο

2198 5393 2287 5428 σαι
2316 5373 2451 5446 μετὰ
2485 5376 2594 5426 τῶν
2623 5367 2834 5425 παίδων
2885 5368 3050 5444 μόλις
3094 5369 3187 5425 τὸν
3234 5367 3505 5425 κίνδυνον⁶
3553 5371 3647 5425 τὸν
3695 5367 3754 5425 δέ
3795 5391 3861 5444 γε

2199 5462 2628 5539 Κοντοστέφανον
2685 5460 3030 5538 συνειληφὼς
3083 5459 3174 5516 καὶ
3224 5455 3489 5537 τέσσαρας
3566 5464 3674 5515 τῶν
3721 5458 3857 5513 παί-

434 5563 490 5615 et
539 5558 727 5612 vivere
782 5553 943 5610 illam
986 5551 1238 5625 graviter
1290 5552 1503 5615 ferens,
1555 5565 1669 5604 non
1715 5552 1900 5608 multo
1952 5559 2086 5624 post

2228 5575 2302 5608 ων
2340 5553 2428 5607 καὶ
2484 5552 2576 5605 τὸν
2625 5550 2952 5626 Καματηρὸν
3009 5550 3297 5607 Βασίλειον
3347 5551 3553 5613 πάντας
3600 5548 3851 5622 έξομμα·

428 5648 781 5723 injuriarum
832 5645 1132 5705 ministros
1176 5642 1404 5715 jndices
1434 5645 1736 5711 convocat,
1758 5657 1891 5712 qua
1913 5661 2081 5715 poena

2224 5646 2298 5712 οῖ,
2326 5640 2461 5714 πρὸς
2507 5638 2564 5694 δε
2609 5640 2701 5695 καὶ
2750 5639 2980 5710 ἄλλους,
3030 5640 3270 5703 ὁπόσους
3319 5642 3384 5695 ού
3438 5640 3554 5713 μετ’
3610 5636 3847 5713 ἔλεγχον
