4126 6294
261 414 373 479 621

1410 410 1746 476 ALEXIUS
1792 407 2202 476 MANUELIS
2249 411 2526 479 FILIUS.

3567 424 3685 484 622

265 555 545 629 προφανῆ,
587 546 730 605 ἆλλᾶ
799 545 937 603 κατὰ
1011 549 1232 627 φήμην,
1310 548 1481 623 ψιλήν
1554 550 1641 602 καὶ
1719 545 1917 616 ταύτην

2033 547 2261 620 legibus
2294 550 2353 606 in
2385 551 2618 608 urbium
2652 557 2709 609 et
2740 555 3169 627 provinciarum
3205 556 3529 630 proditores
3562 564 3684 617 sta-

262 642 593 722 ἀμφίλογον,
623 638 850 709 ἠκηκόει
920 645 1252 707 κοινωνῆσαι
1300 643 1418 701 τοῖς
1469 636 1780 712 εἰρημένοις
1827 639 1923 690 τοῦ

278 732 608 805 σκέμματος.
668 729 828 786 Οὕτω
879 729 1066 783 τοίνυν
1112 726 1275 791 θύσας
1324 728 1411 782 καὶ
1465 725 1737 786 ἀπολέσας
1797 726 1925 781 Ἀν-

280 819 524 896 δρόνικος
553 818 645 878 οὕς
674 815 847 873 πάλαι
910 818 1004 892 μὲν
1056 812 1351 872 συλλαϐεῖν
1406 813 1617 885 ὢδινεν,
1671 815 1746 877 είς
1796 836 1921 870 και-

283 910 370 985 ρὸν
429 905 476 962 δ’
532 901 865 961 ἀνεϐάλλετο
918 908 1020 976 τὴν
1075 905 1331 975 ἐπίθεσιν,
1390 905 1536 967 τινὰς
1591 901 1647 960 δὲ
1694 906 1784 960 καὶ
1834 901 1922 959 δε-

277 995 608 1070 σμωτηρίοις
665 993 962 1069 παραδοὺς,
1023 997 1091 1069 τῇ
1135 993 1397 1070 ὒπερορίᾳ
1454 993 1511 1050 δὲ
1558 992 1922 1056 καταδικάσας

272 1085 483 1161 ἑτέρους
510 1085 603 1140 καὶ
635 1081 846 1147 ἃλλους
905 1080 1095 1147 ἄλλως
1145 1082 1479 1162 διαφθείρας.
1532 1082 1673 1156 ὁρῶν
1722 1081 1779 1139 δὲ
1830 1083 1919 1137 καὶ

269 1176 494 1249 ’ὅσοιπερ
559 1171 990 1253 κατελείφθησαν
1061 1168 1356 1249 εὕγνωστοί
1410 1194 1469 1228 τε
1541 1172 1632 1228 καὶ
1705 1173 1921 1245 εὐαρίθ-

274 1284 463 1339 μητοι,
540 1264 617 1324 εἷς
687 1258 1007 1336 τοῦμπαλιν
1085 1260 1213 1317 ἱέναι
1262 1264 1455 1337 πρώην
1509 1267 1629 1325 τοῖς
1667 1261 1914 1318 πλείοσιν

273 1356 682 1429 ἐπιχειροῦντες
730 1353 868 1408 κατὰ
912 1353 1043 1415 τοὺς
1089 1351 1478 1426 πλανωμένους
1521 1357 1630 1408 τῶν
1678 1350 1918 1427 ἀστέρων

269 1443 547 1504 κάκείνους
590 1442 984 1515 μεταθεμένους
1023 1441 1118 1504 τὰς
1160 1443 1389 1517 γνώμας
1434 1441 1525 1496 καὶ
1572 1442 1665 1496 τὸν
1718 1439 1918 1517 αὒχένα

267 1531 682 1608 παρεχομένους
760 1529 1093 1606 Ἀνδρονίκῳ
1165 1535 1352 1586 πατεῖν
1414 1530 1507 1584 καὶ
1573 1533 1655 1601 τῷ
1706 1528 1917 1584 ἒκείνου

269 1622 382 1693 ἅμα
430 1618 881 1699 συμφερομένους
934 1618 1102 1690 ἄξονι,
1160 1619 1253 1675 τὸν
1293 1625 1393 1688 τῆς
1445 1615 1733 1689 δεσποίνης
1792 1617 1916 1673 ἑπέ-

271 1705 494 1764 σπευδεν
554 1703 801 1783 ὄλεθρον,
855 1708 946 1762 καὶ
1004 1704 1297 1784 διαφόρους
1353 1706 1533 1768 αῗτίας
1609 1708 1919 1780 ξυνθέμενος

264 1796 425 1859 τέλος
454 1797 547 1852 καὶ
572 1794 871 1871 προδοσίας
900 1797 1074 1871 κρίνει
1105 1797 1206 1865 τὴν
1238 1793 1546 1871 ἄνθρωπον,
1605 1796 1918 1872 συναγαγὼν

265 1889 327 1944 τὸ
402 1887 590 1959 ἐκείνῳ
665 1885 828 1961 φίλον
902 1885 1178 1957 συνέδριον
1253 1886 1344 1941 καὶ
1554 1882 1821 1975 δικαστῶν
1864 1881 1916 1938 ο⁹ί
1951 1911 1995 1975 Β

268 1980 633 2051 κατακρινεῖν,
673 1976 735 2031 ού
761 1981 963 2050 κρινεῖν
1018 1978 1118 2046 τήν
1183 1978 1239 2029 ’ἐν
1299 1974 1510 2051 γυναιξὶ
1566 1972 1916 2048 ταλαίπωρον

271 2064 550 2138 ἤμελλον.
601 2066 703 2122 Καὶ
743 2067 779 2135 ἡ
824 2066 918 2137 μὲν
975 2066 1052 2127 ὡς
1108 2064 1199 2121 τὸν
1253 2062 1336 2119 ἐπ’
1394 2061 1604 2139 ἀδελφῇ
1668 2057 1917 2137 γαμϐρὸν

264 2157 355 2211 τὸν
389 2154 531 2231 ρῆγα
575 2153 851 2231 Ούγγρίας
898 2153 990 2209 τὸν
1040 2153 1212 2209 Βελᾶν
1262 2151 1583 2207 ἀνασείουσα
1631 2151 1723 2206 καὶ
1776 2170 1917 2225 πορο

265 2249 373 2310 θεῖν
426 2245 489 2299 τὰ
544 2244 683 2299 κατὰ
742 2238 1107 2316 Βρανίτζοϐαν
1159 2241 1248 2297 καὶ
1308 2238 1628 2317 Βελᾶγραδα
1684 2246 1915 2319 γραφαῖς

259 2334 519 2409 ἐνάγουσα
594 2331 683 2388 καὶ
761 2328 952 2405 ἁδραῖς
1027 2330 1325 2405 ἐπαίρουσα
1401 2328 1784 2405 ὑποσχέσεσιν,
1839 2329 1914 2391 εἷς

257 2426 352 2493 τήν
383 2427 483 2480 τοῦ
512 2423 667 2499 ἁγίου
724 2419 1037 2496 Διομήδους
1089 2424 1262 2495 μονὴν
1313 2419 1434 2495 περί
1484 2439 1603 2475 τινα
1648 2419 1763 2475 ἐκεῖ
1809 2440 1913 2474 που

258 2514 595 2583 στενωτάτην
654 2513 819 2568 οὖσαν
878 2512 1096 2584 εἱρκτήν
1149 2509 1359 2572 ἀκλεῶς
1440 2511 1727 2585 ἀπάγεται,
1789 2507 1914 2564 ἔνθα

263 2600 332 2672 δὴ
362 2602 452 2656 καὶ
480 2600 559 2680 ἐφ’
590 2599 776 2657 ἱκανὸν
826 2600 974 2675 παρᾶ
1014 2603 1122 2654 τῶν
1170 2597 1428 2676 φυλάκων
1471 2596 1912 2672 ἐρεσχελούντων

2032 640 2155 694 tuta
2183 638 2259 694 sit
2291 645 2476 712 rogat.
2509 642 2754 715 Accepto
2785 645 3020 714 scripto,
3054 662 3167 717 quo
3216 649 3683 719 respondebatur

2031 726 2277 798 capitale
2306 727 2364 784 id
2387 745 2515 786 esse
2547 731 2798 802 facinus,
2830 733 3087 789 cohiberi
3147 751 3262 791 non
3322 737 3512 808 potuit
3543 739 3682 812 quin

2029 816 2249 889 impetu
2283 819 2341 874 in
2375 821 2802 892 imperatricem
2844 824 3108 891 ferretur,
3159 830 3302 883 Cum
3355 833 3552 886 autem
3578 833 3681 902 ju-

2031 906 2188 964 dices
2219 907 2304 962 illi
2330 908 2521 983 iniqui
2578 911 2734 969 clara
2785 931 2917 969 voce
2972 915 3397 974 cxclamassent
3428 920 3680 976 miserri-

2030 1011 2185 1052 mam
2216 996 2376 1054 illam
2406 1002 2833 1073 imperatricem
2866 1019 2896 1059 e
2928 1006 3119 1060 medio
3166 1005 3490 1064 tollendam
3523 1025 3674 1077 esse,

2029 1088 2225 1141 statim
2260 1087 2476 1144 charta
2507 1092 2578 1146 ab
2610 1090 3109 1164 imperstore,fllio
3140 1096 3291 1166 ejus,
3314 1097 3486 1168 quasi
3508 1102 3676 1170 gutta

2029 1175 2272 1230 materni
2305 1177 2459 1233 848
2494 1181 2823 1251 sanguinis,
2855 1199 2972 1252 qua
3005 1183 3109 1239 illa
3154 1186 3300 1240 mori
3325 1187 3672 1256 jubebatur,

2026 1264 2438 1322 subscribitur.
2470 1267 2636 1324 Illius
2667 1271 3133 1327 crudelissimiet
3164 1274 3365 1328 nefarii
3400 1275 3672 1331 facinoris

2027 1351 2284 1408 ministri
2315 1355 2547 1412 Manuel
2582 1357 3008 1431 primogenitus
3042 1361 3375 1431 Andronici,
3418 1371 3473 1419 et
3502 1365 3672 1421 Geor—

2026 1439 2155 1510 gius
2192 1445 2488 1514 Augustus
2546 1447 2862 1503 Andronici
2928 1450 3145 1516 afﬁnis,
3221 1451 3577 1523 deliguntur.
3630 1453 3673 1509 Ii

2024 1545 2158 1584 vero
2189 1531 2261 1585 ad
2314 1532 2496 1588 solam
2554 1536 2682 1605 ejus
2738 1536 2819 1591 rei
2880 1539 3236 1596 mentionem
3293 1542 3677 1610 consternati,

2025 1616 2288 1687 neglecto
2320 1620 2693 1692 imperatorio
2726 1624 3026 1691 mandato,
3080 1627 3260 1683 libere
3305 1630 3581 1685 dixerunt
3613 1647 3675 1686 se

2026 1720 2129 1761 nec
2161 1710 2297 1762 ante
2326 1707 2386 1764 in
2417 1709 2808 1781 imperatricis
2841 1730 3038 1770 necem
3081 1718 3473 1787 consensisse,
3508 1724 3565 1774 et
3603 1720 3676 1774 ab

2024 1811 2091 1851 eo
2127 1796 2353 1867 piaculo
2407 1815 2580 1869 puras
2636 1800 2852 1857 habere
2898 1818 3128 1871 manus,
3188 1810 3247 1859 et
3296 1822 3452 1861 nunc
3484 1807 3673 1862 multo

2026 1886 2221 1942 minus
2259 1890 2684 1946 commissuros
2734 1899 2793 1945 ut
2847 1892 2904 1946 in
2950 1897 3265 1965 conspectu
3318 1911 3424 1949 suo
3458 1911 3673 1967 corpus

2025 1975 2306 2032 innocens
2340 1977 2607 2036 lanietur.
2641 1980 2864 2044 Quibus
2888 1982 3082 2037 verbis
3108 1982 3473 2038 Andronicus
3498 1984 3670 2054 plane

2025 2063 2343 2135 inopinatis
2370 2068 2641 2124 turbatus
2672 2069 2912 2123 barbam
2946 2068 3143 2140 digitis
3192 2070 3442 2128 subinde
3471 2072 3668 2144 impli-

2023 2156 2176 2226 cuit;
2208 2160 2265 2213 et
2293 2157 2638 2213 ardentibus
2669 2157 2855 2212 oculis
2884 2162 3059 2230 caput
3081 2159 3331 2214 subinde
3354 2160 3668 2216 nttollendo

2021 2250 2079 2301 et
2108 2246 2468 2302 demittendo
2518 2264 2684 2302 suam
2738 2248 3026 2303 miseriam
3075 2249 3424 2320 deploravit,
3464 2251 3667 2306 crebro

2021 2334 2382 2407 indignatus,
2411 2337 2565 2407 quod
2600 2336 2947 2391 amicissimi
2998 2337 3091 2393 sui
3136 2354 3168 2391 a
3198 2339 3543 2394 crudelitate
3573 2340 3673 2394 ab-

2018 2424 2323 2479 horrentes
2355 2424 2479 2479 solo
2515 2429 2656 2479 nutu
2689 2426 2760 2479 ad
2812 2425 3037 2479 facinus
3087 2426 3518 2482 atrocissimum
3556 2444 3667 2483 non

2019 2511 2480 2583 impellerentur.
2513 2515 2592 2568 Ac
2622 2518 2744 2568 tum
2798 2529 3063 2586 represso
3105 2513 3350 2585 impetu,
3389 2520 3454 2570 ut
3483 2532 3671 2587 equus

2019 2602 2180 2657 ferox
2221 2608 2277 2658 et
2325 2608 2660 2671 contumax,
2730 2618 3165 2675 suppressaque
3226 2606 3551 2676 iracundia,
3609 2614 3673 2661 ut

260 2688 666 2765 παροινουμένη
699 2690 790 2745 καὶ
843 2688 996 2761 λιμῷ
1039 2688 1129 2744 καὶ
1180 2685 1326 2761 δίψει
1375 2687 1770 2762 τετρυχωμὲνη
1818 2686 1912 2740 τὸν

2025 2692 2175 2762 ignis
2198 2693 2360 2746 fumo
2386 2691 2687 2748 involutus
2719 2691 3028 2756 occulitur,
3061 2692 3267 2763 paucis
3302 2693 3511 2749 diebus
3541 2700 3673 2765 post

264 2777 470 2855 σφαγέα
500 2776 763 2850 διηνεκῶς
793 2777 1116 2857 ἐφαντάζετο
1141 2777 1193 2831 ἒν
1236 2773 1421 2846 δεξιῶν
1471 2775 1680 2831 ἑστῶτα
1721 2774 1909 2847 τομώ-

2025 2779 2295 2833 miseram
2328 2779 2600 2834 suffocari
2622 2779 2813 2849 jubet,
2831 2779 2959 2850 ejus
2990 2780 3251 2833 mandati
3283 2780 3666 2836 Constantino

271 2888 457 2925 τατον.
529 2869 594 2924 Ὀ
667 2866 712 2922 δ’
785 2865 1135 2942 ’Δνδρόνικος
1212 2864 1335 2921 οὐδὲ
1412 2865 1595 2943 βραχὺ
1642 2867 1773 2941 γοῦν
1812 2868 1909 2919 τοῦ

2025 2868 2333 2940 I‘ripsycho
2390 2868 2770 2923 hetaeriarcha
2826 2872 2884 2923 et
2950 2867 3209 2937 spadone
3256 2867 3668 2941 Pterygionite,

275 2954 573 3032 ἀγριαίνειν
605 2955 1040 3031 ὗποκεχάλαστο,
1071 2953 1218 3011 ἀλλὰ
1252 2954 1315 3010 τὸ
1361 2958 1459 3009 τοῦ
1504 2948 1692 3024 Δαὸὶδ,
1743 2951 1906 3007 πόνον

2025 2957 2186 3027 cujus
2238 2957 2515 3012 veneﬁcio
2572 2955 2813 3013 Mariam
2874 2955 3427 3027 Porphyrogenitam
3504 2959 3657 3015 340

273 3045 365 3099 καὶ
401 3044 570 3116 θυμὸν
601 3049 866 3100 κατανοῶν
926 3046 1016 3099 καὶ
1063 3041 1396 3119 παραδοῦναι
1441 3040 1684 3099 σπεύδων
1736 3042 1906 3114 αὒτήν

2025 3047 2359 3102 exstinctam
2392 3062 2519 3101 esse
2549 3062 2730 3117 supra
2759 3046 2901 3114 dixi,
2932 3046 3490 3102 exsecutoribus.Sic
3515 3049 3660 3104 illud

269 3133 348 3195 είς
380 3133 623 3203 θάνατον,
658 3135 843 3207 καιρὸς
884 3133 1039 3188 οὔπω
1077 3130 1252 3194 πολὺς
1303 3131 1395 3186 καὶ
1443 3136 1564 3194 τοῖς
1612 3137 1774 3203 ζῶσιν
1821 3134 1904 3188 ὅτι

2025 3136 2290 3191 eximium
2321 3135 2517 3191 formai
2552 3136 2729 3191 decus
2758 3134 3207 3205 jucundissimm
3239 3134 3389 3191 lucis
3419 3141 3655 3207 aspectu

262 3221 469 3277 σύνεστι
514 3220 882 3298 δυσχεραίνων
937 3221 1177 3297 ἀθροίζει
1218 3219 1385 3277 πάλιν
1432 3221 1564 3285 τοὺς
1606 3227 1675 3297 τῇ
1721 3220 1904 3294 ἀδικίᾳ

2025 3226 2303 3297 privatum
2338 3226 2396 3281 in
2448 3224 2640 3280 littore
2691 3240 2865 3279 arena
2913 3224 3205 3280 obruitur.
3256 3224 3380 3280 Heu
3421 3230 3653 3282 tantum

659 3273 677 3277 -
721 3273 873 3278 ν-τν
940 3273 1175 3291 """1"
1446 3273 1562 3285 "—v
1620 3273 1675 3297 -μ
1723 3273 1903 3294 π--ν--τ

258 3273 652 3387 βραϐεύονταςκ
679 3273 959 3382 δικαστὰς,
1008 3273 1107 3366 Ακαὶ
1164 3309 1239 3364 ὧν
1279 3312 1315 3379 ἡ
1375 3308 1519 3384 δεξιὰ
1580 3307 1727 3382 δεξιὰ
1780 3310 1903 3367 ἀδι-

2025 3273 2303 3297 τ-..--η...
2338 3273 2396 3281 ,η
2448 3273 2638 3280 -.-----
2692 3273 2864 3279 τηε.-
2917 3273 3205 3280 -_-_--__-
3256 3273 3380 3280 --η
3426 3273 3653 3282 -__-_...

2025 3316 2179 3371 nefas
2209 3317 2393 3371 solem
2436 3314 2699 3371 intueri?
2724 3317 2769 3370 Ο
2800 3314 2899 3369 Dei
2947 3313 3200 3369 Verbum
3257 3314 3417 3370 omni
3450 3315 3667 3387 princi-

255 3400 398 3471 κίας,
428 3401 519 3455 καὶ
551 3400 822 3475 ἐρώτησιν
870 3400 1298 3475 προτεινάμενος
1349 3398 1511 3454 ὁποία
1551 3420 1637 3461 τις
1687 3399 1747 3455 ἐκ
1793 3404 1899 3457 τῶν

2025 3404 2110 3476 pio
2143 3405 2329 3476 prius,
2370 3420 2571 3460 eamne
2612 3420 2741 3461 esse
2787 3407 2950 3460 tuam
3001 3402 3308 3459 lenitatem
3340 3402 3666 3462 incredibi-

254 3488 439 3562 νόμων
471 3488 780 3564 ἐπήρτηται
818 3490 984 3558 ποινὴ
1025 3493 1142 3551 τοῖς
1190 3484 1486 3561 προδόταις
1536 3486 1755 3544 πόλεων
1812 3489 1903 3545 καί
2017 3493 2183 3550 lem?

260 3584 487 3658 χωρῶν,
521 3580 613 3636 καὶ
642 3579 911 3659 ἀπόφασιν
943 3574 1215 3656 ἔγγραφον
1243 3577 1455 3650 θανάτῳ
1486 3575 1916 3650 ὑποδικᾶζουσαν
1974 3580 2101 3644 τοὺς
2149 3580 2291 3638 οὕτω
2329 3580 2566 3657 δρῶντας
2624 3580 2726 3636 ἀνὰ
2780 3585 2973 3657 χεῖρας
3022 3577 3333 3654 δεξάμενος,
3381 3582 3447 3651 ἠν
3500 3582 3564 3636 τὸ
3617 3580 3677 3636 ἐκ

253 3667 457 3723 τούτου
510 3668 648 3724 κατά
703 3675 803 3738 τῆς
862 3667 1102 3738 ἀνάσσης
1159 3663 1391 3742 ἄσχετος
1447 3668 1548 3736 τήν
1608 3667 1810 3742 ὁρμήν.
1870 3669 2067 3725 Τοίνυν
2130 3670 2217 3725 καὶ
2268 3671 2369 3741 τήν
2424 3672 2605 3746 φωνὴν
2671 3670 2998 3743 ὑψωσάντων
3060 3669 3153 3723 καὶ
3220 3665 3487 3742 διατόρως
3543 3669 3681 3744 βοη-

256 3757 467 3812 σάντων
495 3763 604 3813 τῶν
635 3758 967 3833 παρανόμων
1000 3755 1214 3811 ἐκείνων
1244 3755 1592 3836 ψηφηφόρων
1625 3753 1733 3811 δεῖν
1766 3756 1825 3811 ἐκ
1865 3755 1963 3813 τοῦ
2006 3759 2127 3834 βίου
2179 3761 2420 3834 γενέσθαι
2465 3761 2565 3828 τὴν
2618 3754 2930 3832 δύσποτμον
2972 3755 3183 3827 ἐκείνην
3215 3755 3267 3810 ἐν
3303 3756 3672 3832 βασιλίσσαις,

267 3847 479 3922 χάρτης
511 3847 669 3911 εὐθὺς
699 3847 845 3921 παρά
895 3849 992 3901 τοῦ
1049 3842 1242 3908 παιδὸς
1301 3845 1391 3900 καὶ
1452 3843 1722 3922 βασιλέως
1781 3846 2237 3921 ὐποσημαίνεται,
2294 3848 2535 3923 ἀτεχνῶς
2592 3843 2782 3921 ψεκάδι
2849 3851 2946 3901 τοῦ
3008 3850 3280 3922 μητρικοῦ
3348 3844 3671 3902 διεκτυπού-

263 3957 425 4009 μενος
480 3935 735 4009 αἳματος,
791 3933 993 4006 ταύτην
1051 3934 1356 4007 μετατιθεὶς
1411 3937 1511 4004 τῆς
1567 3939 1735 4004 ζωαῖς.
1796 3936 2141 4012 Ἐκκέγονται
2200 3934 2377 3992 τοίνυν
2435 3935 2512 3998 είς
2567 3935 2629 3991 τὸ
2725 3936 2812 4008 [Ρ.
2894 3937 3016 4008 173]
3092 3937 3544 4012 καθυπουργῆσαι
3600 3938 3670 4009 τῇ

266 4030 483 4101 μυσαρᾷ
511 4025 680 4100 ταύτῃ
731 4024 823 4080 καὶ
880 4024 1080 4097 ἀνοσίῳ
1136 4024 1511 4099 πράξειὸτοῦ
1567 4021 1921 4099 Ἀνδρονίκου
1972 4025 2323 4100 πρωτότοκος
2386 4025 2504 4087 υἱὸς
2560 4021 2791 4092 Μανοήλ
2850 4025 2937 4079 καὶ
2999 4025 3027 4078 ὁ
3081 4018 3337 4086 σεϐαστὸς
3405 4024 3676 4100 Γεώργιος

266 4116 416 4183 ὁτῆς
466 4118 568 4173 τοῦ
624 4110 969 4188 Ἀνδρονίκου
1027 4113 1282 4189 γυναικὸς
1338 4110 1593 4191 ἀδελφός.
1653 4117 1856 4191 ’Ἄμφω
1914 4111 1970 4169 δὲ
2016 4115 2106 4169 καί
2162 4116 2299 4190 πρὸς
2358 4115 2530 4188 μόνην
2584 4109 2942 4184 ἀπεπήδησαν
3000 4114 3102 4182 τὴν
3155 4111 3422 4188 έπιλογήν
3471 4112 3672 4183 ταύτην

264 4202 715 4279 δυσχεράναντες,
775 4203 866 4259 καὶ
916 4204 979 4258 τὸ
1033 4207 1130 4257 τοῦ
1191 4200 1458 4278 βασιλέως
1538 4201 1890 4281 ἐξεφαύλισαν
1968 4201 2166 4277 δόγμα,
2241 4205 2482 4265 εἰπόντες
2542 4204 2681 4278 μήτε
2745 4202 3007 4277 πρότερον
3089 4205 3159 4277 τῇ
3243 4201 3510 4279 ἀναιρέσει
3576 4209 3677 4273 τῆς

269 4289 560 4368 βασιλίδος
590 4289 979 4361 συνιυδοκῆσαι
1012 4288 1180 4358 ὅλως,
1214 4287 1359 4345 ἀλλὰ
1386 4290 1484 4353 τὰς
1512 4294 1703 4364 χεῖρας
1760 4289 1937 4367 φέρειν
1984 4291 2150 4366 ἁγνὰς
2198 4295 2294 4347 τοῦ
2355 4292 2685 4366 μιάσματος,
2737 4290 2828 4345 καὶ
2875 4293 2968 4344 νῦν
3012 4287 3070 4345 δὶ
3117 4288 3317 4363 πολλῷ
3373 4289 3539 4347 πλέον
3598 4292 3674 4365 μὴ

269 4382 550 4455 ἀνέξεσθαι
617 4380 792 4436 αὐτῶν
851 4380 1138 4454 θεωμένων
1197 4383 1360 4451 σῶμα
1415 4376 1764 4434 διεκσπᾶσθαι
1825 4376 2054 4449 δίκαιον,
2113 4382 2209 4437 κᾶν
2274 4378 2619 4456 Ἀνδρόνικος
2694 4379 2769 4441 ὡς
2852 4382 3082 4451 σκηπτῷ
3165 4383 3282 4441 τοῖς
3360 4377 3674 4453 λεγομένοις

269 4472 488 4533 νούτοις
545 4469 807 4545 πληγεὶς,
860 4471 1010 4545 παρὰ
1066 4466 1223 4542 δόξαν
1272 4470 1443 4523 πᾶσαν
1504 4466 1866 4540 ἀπηντηκόσι,
1925 4469 2017 4531 τάς
2071 4490 2131 4525 τε
2183 4470 2280 4525 τοῦ
2361 4469 2568 4545 γενείου
2622 4467 2821 4547 τρίχας
2904 4467 3079 4522 πυκνὰ
3154 4464 3486 4543 περιείλισσε
3563 4472 3681 4529 τοῖς

273 4560 591 4632 δακτύλοις,
624 4565 730 4636 πῦρ
762 4565 870 4615 τῶν
900 4559 1164 4633 ὀμμάτων
1200 4556 1442 4634 βλέπων,
1501 4557 1589 4612 καὶ
1650 4558 1711 4613 τὸ
1770 4559 1909 4633 κάρη
1967 4557 2165 4613 κλίνων
2218 4580 2277 4614 τε
2333 4559 2424 4616 καὶ
2480 4559 2695 4634 ἀνάγων
2756 4557 2942 4613 ἑαυτὸν
3005 4557 3205 4620 ἱκανῶς
3258 4554 3538 4611 ἑταλάνισε
3590 4555 3681 4610 καὶ

280 4649 398 4724 μέγ’
455 4646 684 4726 ὤχθησε
738 4646 1016 4711 πολλάκις
1073 4649 1161 4710 οἷς
1219 4644 1319 4703 οὒκ
1368 4648 1491 4721 εἶχε
1544 4646 1607 4701 τὸ
1664 4644 1846 4720 φίλιον
1915 4648 2220 4723 αἰμοχαρὶς
2285 4648 2376 4703 καὶ
2435 4648 2569 4723 πρὸς
2650 4647 2977 4725 φονουργίαν
3066 4645 3220 4719 μόνῳ
3273 4643 3677 4720 ἰκπυρούμενον

271 4739 519 4814 νεύματι.
588 4741 731 4798 Τότε
784 4740 878 4813 μὶν
933 4740 1025 4794 οὗν
1079 4745 1181 4809 τῆς
1242 4738 1422 4812 ὁρμῆς
1479 4737 1878 4811 ἇνασειρασθεὶς
1942 4738 2069 4793 ὡσεὶ
2126 4739 2214 4793 καὶ
2269 4739 2439 4801 ἳππος
2497 4737 2697 4813 θερμὸς
2754 4736 2845 4792 καὶ
2902 4735 3280 4804 δυσκάθεκτος,
3339 4733 3376 4806 ἤ
3434 4736 3535 4793 ὃσα
3589 4736 3682 4792 καὶ

268 4831 474 4891 καπνὸς
550 4828 732 4906 φλόγα
804 4828 929 4903 περὶ
1004 4827 1173 4896 αὐτὴν
1247 4825 1511 4897 είληθεὶς,
1584 4827 1677 4882 τὸν
1754 4826 1952 4882 οἰκεῖον
2029 4823 2334 4890 ἀποσϐέσας
2414 4829 2490 4902 μή
2570 4826 2849 4900 ὑπεξιόντα
2926 4826 3117 4900 θυμὸν,
3221 4826 3510 4900 ὑπερέθετο
3583 4828 3715 4895 τὴν,

273 4917 562 4991 ἀναίρεσιν·
629 4918 763 4989 μετᾶ
817 4914 874 4972 δὶ
934 4916 1198 4991 βραχείας
1256 4914 1436 4991 ἡμέρα
1490 4913 1569 4987 τῷ
1629 4914 1718 4972 διὰ
1772 4923 2085 4992 πνιγμυνῆς
2164 4917 2384 4989 ἐλεεινῷ
2464 4916 2619 4990 μόρῳ
2705 4912 3020 4985 ὗποδικάζει
3105 4916 3205 4984 τήν
3283 4913 3682 4989 κακοδαίμονα,

263 5004 745 5073 ἐπιστατησάντων
838 5008 917 5077 τῷ
1010 5005 1391 5080 ὑπουργήματι
1465 5008 1561 5060 τοῦ
1635 5006 1926 5082 Τριψύχου
2022 5007 2447 5075 Κωνσταντίνου,
2524 5004 2583 5068 ὅς
2657 5005 2756 5075 τὴν
2827 5011 2927 5075 τῆς
3002 5004 3403 5083 έταιρειαρχίας
3503 5007 3684 5076 ζώνην

263 5096 418 5169 εἶχε,
496 5094 586 5149 καί
659 5097 756 5150 τοῦ
829 5091 1088 5166 ἑκτομίου
1166 5094 1600 5169 Πτερυγιονίτου,
1674 5094 1733 5158 ’ὸς
1808 5091 2188 5168 διεθρυλλεῖτο
2262 5095 2406 5171 πορὰ
2478 5097 2609 5149 πᾶσι
2681 5092 2772 5149 καὶ
2846 5094 2938 5149 τὸν
3007 5101 3108 5164 τῆς
3165 5096 3685 5173 ΙΙορφυρογενντςτου

265 5182 485 5259 Μαρίας
514 5180 606 5239 διὰ
648 5186 940 5258 φαρμάκου
995 5189 1374 5258 κακουργῆσαι
1432 5182 1678 5240 θάνατον.
1744 5184 1842 5239 Καὶ
1899 5184 1999 5253 τήν
2058 5185 2179 5257 μὶν,
2229 5184 2293 5242 τὸ
2348 5185 2613 5261 γλυκερὸν
2670 5186 2805 5263 φάος
2853 5185 2945 5240 καὶ
3000 5182 3168 5240 καλὸν
3230 5181 3414 5259 ὅραμα
3477 5182 3685 5259 ἀνθρώ-

265 5294 421 5342 ποις,
472 5272 622 5348 είχεν
677 5274 714 5342 ἡ
772 5271 883 5327 ἐκεῖ
939 5290 1045 5328 που
1103 5272 1242 5340 ἀκτὴ
1306 5274 1376 5346 τῇ
1437 5272 1652 5347 ψάμμῳ
1713 5278 2176 5348 καταχωσθεῖσαν.
2237 5272 2374 5332 Ηλιε
2425 5276 2522 5330 τοῦ
2580 5272 2912 5349 μιάσματός,
2966 5273 3056 5330 καὶ
3139 5274 3282 5349 Λόγε
3337 5270 3471 5329 Θεοῦ
3546 5290 3682 5345 προ-

266 5365 499 5438 ἀναρχε,
530 5366 632 5430 τῆς
661 5361 794 5436 ὑπὲρ
820 5360 1130 5435 κατάληψιν
1166 5365 1265 5430 σῆς
1295 5360 1507 5441 ἀνοχῆς
1533 5362 1546 5417 ί

346 5452 441 5521 ιη’.
473 5450 535 5505 Ὀ
575 5446 623 5504 δ’
681 5447 1029 5523 Ἀνδρόνικος
1079 5448 1166 5505 ἐπὶ
1223 5449 1445 5511 τούτοις
1501 5448 1743 5524 ἐσκίρτα,
1805 5454 1917 5513 πῶς

2107 5454 2192 5510 18.
2242 5454 2612 5511 Andronicus
2669 5470 2800 5510 vero
2850 5453 3182 5510 exsultabat
3231 5469 3297 5508 ac
3352 5450 3680 5519 laetabatur,

270 5540 334 5596 ἂν
365 5536 517 5597 εἴποι
549 5556 676 5608 τις;
708 5538 800 5593 καὶ
858 5536 1100 5620 διεχεῖτο
1142 5539 1207 5593 τὸ
1251 5543 1350 5608 τῆς
1393 5541 1581 5614 ψυχῆς
1630 5536 1917 5612 ἡδόμενον,

2038 5557 2171 5598 cum
2203 5542 2426 5599 familia
2452 5543 2742 5600 Manuelis
2770 5543 3206 5599 exsoinderelur
3237 5544 3294 5596 et
3324 5537 3689 5613 imperatorii

270 5632 373 5685 τοῦ
412 5628 610 5704 γένους
658 5621 1046 5702 ἃκτριϐομένου
1073 5630 1171 5682 τοῦ
1202 5624 1469 5697 Μανουὴλ
1523 5627 1613 5682 καὶ
1644 5623 1917 5703 δενδροτο-

2037 5629 2190 5686 horti
2223 5631 2461 5688 arbores
2502 5632 3003 5699 exscinderentur,
3060 5629 3228 5703 quasi
3269 5628 3430 5685 solus
3481 5629 3687 5682 Roma-

272 5716 564 5796 μουμίνου
593 5716 779 5788 κήπου
831 5720 928 5772 τοῦ
986 5713 1293 5793 βασιλείου,
1350 5715 1423 5778 ὡς
1476 5715 1640 5788 μόνος
1689 5716 1917 5789 οἰκήσων

2037 5719 2131 5776 nis
2151 5721 2468 5793 provinciis
2497 5721 2793 5794 petiturus
2824 5726 2882 5778 et
2911 5719 3221 5792 imperium
3241 5716 3367 5773 sine
3398 5715 3514 5773 ullo
3537 5710 3685 5785 peri-
