4126 6294
478 375 598 438 63.3

1799 369 2110 434 NICETE
2148 370 2570 434 CHONIATB

3759 377 3862 436 0N

480 511 613 567 culo
644 511 1057 582 occupaturus.
1089 509 1276 581 Igitur
1324 507 1654 582 Septembri
1707 522 1930 576 mense,
1981 506 2120 562 indi-

2239 507 2338 575 τὴν
2371 506 2474 562 ὑπὸ
2503 507 2812 581 Ῥωμαίους
2869 508 2958 564 καὶ
3009 513 3116 564 τῶν
3166 505 3368 580 ταύτης
3427 507 3718 582 σκήπτρων
3762 507 3868 564 tm-

480 601 670 658 ctione
701 617 768 670 ιι,
803 615 955 655 anno
985 616 1019 654 a
1043 598 1250 654 mundi
1300 597 1534 654 exordio
1581 596 1771 654 sexies
1818 594 2132 652 millesimo

481 694 538 745 et
565 687 1011 758 sexcentesimo,
1045 687 1432 760 designationi
1457 702 1580 742 sum
1609 685 1814 758 adjicit
1842 685 2133 755 animum;

486 794 552 833 ac
585 776 890 850 improbus
917 774 1016 832 ille
1056 791 1196 848 grex
1224 783 1275 832 et
1303 774 1664 832 mercenaria
1691 791 1929 841 manus,
1952 789 2136 847 quan-

481 883 660 940 quam
685 866 1018 922 Andronico
1041 864 1401 921 voluntatem
1425 881 1596 921 suam
1621 861 2134 928 dissimulante,de

479 951 786 1028 Bithynice.
815 954 1100 1010 seditione
1134 955 1320 1024 deque
1353 953 1580 1009 Isaacio
1609 951 1829 1025 Angela
1861 958 1918 1008 et
1945 950 2132 1010 Theo.

483 1046 624 1101 doro
653 1045 1054 1100 Gantacuzeno
1085 1042 1289 1098 Nicaeae
1320 1059 1414 1098 rce
1435 1041 1616 1114 eptis,
1657 1046 1714 1097 et
1744 1043 1816 1096 de
1851 1039 2134 1112 improbis

476 1133 895 1190 Prusaensium
927 1131 1261 1198 conatibus,
1294 1129 1396 1202 qui
1441 1131 1813 1187 Theodorum
1845 1129 2128 1201 Angelum

483 1224 816 1279 Nicteenses
847 1221 1064 1276 imitati
1096 1221 1482 1292 recepissent,
1516 1218 1764 1275 concilio
1795 1218 2017 1274 indicto
2047 1234 2135 1274 as-

480 1312 623 1370 serit
654 1309 884 1367 nullum
917 1310 1039 1364 fore
1069 1309 1424 1366 seditionum
1459 1306 1812 1379 ﬁnem,.nisi
1843 1305 2130 1363 Androni-

477 1417 580 1456 cus
613 1399 1054 1471 imperaret,qui
1085 1397 1157 1454 ob
1183 1395 1575 1454 venerabilem
1611 1399 1976 1452 senectutem
1999 1411 2135 1467 pru-

477 1490 677 1545 dentis
705 1490 941 1560 superet
980 1485 1398 1552 adolescentes,
1450 1490 1508 1542 et
1549 1486 1608 1542 in
1659 1485 1806 1542 solio
1836 1489 2132 1558 gemmato

479 1575 792 1632 concidens
821 1577 880 1630 et
909 1573 1284 1645 imperatorio
1311 1573 1642 1630 diademate
1672 1573 1983 1630 redimitus
2007 1572 2127 1644 pari

477 1667 765 1737 potestate
791 1678 922 1718 cum
956 1663 1112 1720 350
1133 1663 1450 1719 immaturo
1471 1663 1822 1734 imperatore
1847 1665 2128 1730 uteretur,

479 1753 666 1808 oculis
697 1755 872 1824 atque
903 1751 1101 1808 animo
1134 1751 1194 1807 in
1225 1767 1422 1808 rerum
1453 1751 1718 1808 omnium
1749 1749 2126 1807 administra-

478 1841 696 1898 tionem
727 1846 783 1898 et
800 1841 1234 1898 exsecutionem
1255 1840 1578 1912 majoribus
1600 1839 1823 1895 viribus
1853 1844 1912 1896 et
1935 1843 2132 1896 aucto-
2161 1881 2208 1947 Β

482 1931 654 1988 ritate
698 1931 978 1988 intentus.
1025 1930 1253 1987 Corona
1304 1945 1438 1986 vero
1482 1930 1895 1996 circumstans,
1927 1931 1983 1984 et
2012 1929 2128 1984 An-

477 2021 700 2077 dronici
726 2021 798 2077 ob
821 2019 1194 2093 splendorem
1227 2017 1458 2091 generis
1479 2021 1536 2075 et
1565 2019 1917 2091 dignitatum
1939 2017 2130 2074 excel-

476 2110 720 2167 lentiam
753 2124 1230 2176 assessores,una
1260 2123 1398 2164 voce
1418 2106 1823 2163 exclamarunt
1842 2120 1972 2162 eam
2006 2122 2127 2162 rem

489 2197 601 2254 sibi
625 2197 751 2268 jam
785 2194 924 2251 olim
951 2196 1012 2250 in
1043 2195 1189 2251 votis
1219 2211 1366 2260 esse,
1402 2209 1508 2251 nec
1553 2193 2020 2268 tergiversationi
2052 2194 2130 2250 lo-

475 2300 613 2342 cum
645 2282 920 2354 relinqui.
949 2283 1112 2347 Quod
1145 2281 1262 2338 nisi
1315 2297 1448 2338 cum
1491 2283 1681 2354 gratia
1726 2283 2124 2354 impetrarent,

472 2373 594 2430 vim
625 2371 987 2442 minitantes,
1042 2369 1530 2427 acclamationem
1576 2370 1726 2427 hanc
1776 2369 2034 2443 (Alexius
2071 2376 2126 2428 et

471 2460 842 2519 Andronicus
869 2460 1169 2530 Comneni,
1213 2458 1414 2532 magni
1460 2459 1848 2532 imperatores
1878 2463 1935 2516 et
1965 2459 2127 2534 prin-

471 2551 631 2622 cipes
681 2550 1094 2615 Romanorum,
1146 2547 1366 2605 multos
1417 2565 1604 2606 annos
1649 2548 1910 2622 vivunto)
1942 2549 2125 2606 hianti

473 2654 572 2696 ore
602 2643 659 2694 et
687 2638 876 2710 plenis
907 2639 1178 2694 faucibus
1205 2639 1566 2708 cecinerunt,
1604 2642 1670 2694 ut
1717 2655 1930 2712 parum
1955 2640 2126 2697 abes-

471 2735 558 2785 set
597 2726 736 2800 quin
784 2726 1142 2784 clamoribus
1182 2733 1619 2800 rumperentur.
1663 2729 1809 2784 Cum
1860 2745 1929 2785 ea
1979 2745 2118 2800 pns-

473 2816 628 2873 clara
649 2833 744 2873 res
767 2816 840 2873 ad
863 2815 1150 2888 simplicis
1181 2815 1380 2888 populi
1412 2832 1584 2873 aures
1629 2817 1987 2888 pervenisset
2017 2817 2126 2891 (sic

469 2905 628 2962 enim
659 2905 964 2978 Cpolitana
995 2905 1158 2975 plebs
1191 2905 1454 2961 vocanda
1482 2905 1613 2978 est),
1647 2904 1838 2962 omnia
1867 2906 2122 2978 generis,

470 2993 903 3065 aatatis,opificti
921 2993 1238 3050 multitudo
1258 2993 1418 3050 velut
1445 3010 1623 3066 apum
1651 2993 1920 3050 examina
1941 2993 2126 3051 alvea-

469 3082 634 3138 ribus
664 3083 849 3138 ett‘usa
879 3081 1154 3137 convenit
1182 3097 1198 3150 ;
1229 3085 1290 3136 et
1318 3081 1562 3154 quidam
1591 3081 2123 3152 Belijudex,cuius

471 3187 682 3226 nomen
723 3170 914 3225 libens
963 3173 1262 3240 praetereo,
1294 3173 1362 3224 ut
1409 3169 1971 3226 observantissimus
2003 3174 2120 3227 An-

2246 592 2566 670 ληψόμενος
2630 595 2820 661 ἀδεῶς.
2877 599 3194 660 Ἐνστάντος
3245 595 3302 652 δὶ
3355 601 3451 653 τοῦ
3507 594 3872 672 Σεπτεμϐρίου

2245 686 2420 757 μηνὸς
2448 693 2548 755 τῆς
2581 683 2831 762 δευτέρας
2878 685 3214 750 ίνδικτιῶνος
3267 691 3364 742 τοῦ
3414 683 3872 762 ἑξακισχιλιοστοῦ

2243 773 2625 844 ἓξακοσιοστοῦ
2665 772 2818 840 ἔτους
2859 781 2930 852 τῇ
2978 775 3270 852 ἀναῤῥήσει
3320 771 3632 833 ἐπιϐάλλει.
3685 775 3872 832 Οὐκοῦν

2244 865 2296 918 οἳ
2327 862 2387 919 ἐκ
2413 871 2514 936 τῆς
2572 865 2790 943 φαύλης
2847 867 3182 940 συμμορίας,
3221 866 3359 920 κατᾶ
3402 866 3634 942 γνώμην
3682 861 3874 935 δήπου-

2244 953 2328 1008 θεν
2407 951 2788 1029 ’Δνδρονίκου,
2861 953 2956 1010 κᾶν
3055 961 3412 1030 περιέκρυπτε
3499 957 3604 1024 τὴν
3703 955 3871 1008 ἑαυτοῦ

2247 1040 2538 1118 βούλησιν,
2571 1041 2734 1119 λόγον
2796 1043 3110 1120 είσήνεγκαν
3166 1048 3248 1116 τῷ
3305 1039 3564 1118 συνεδρίῳ
3619 1041 3872 1118 περὶτῆς

2241 1132 2658 1206 νεοχμωθείσης
2705 1138 2823 1195 τοῖς
2873 1133 3126 1195 Βιθῦνοις
3183 1132 3593 1194 ἐπαναστάσεως
3649 1131 3739 1186 καὶ
3785 1139 3871 1201 τῆς

2243 1219 2393 1285 ἐντὸς
2423 1228 2524 1292 τῆς
2553 1221 2770 1285 πόλεως
2811 1223 3043 1286 Νικαίας
3091 1221 3419 1299 παραδοχῆς
3465 1221 3744 1279 Ἰσαακίου
3786 1227 3868 1277 τοῦ

2241 1309 2294 1380 ἐξ
2327 1309 2602 1386 Ἀγγέλων
2676 1312 2767 1366 καὶ
2841 1309 3134 1389 Θεοδώρου
3224 1315 3322 1367 τοῦ
3416 1315 3868 1381 Καντακουζηνοῦ,

2241 1397 2387 1454 ἀλλὰ
2419 1397 2486 1470 δὴ
2519 1402 2605 1457 καὶ
2640 1401 2740 1458 ὅσα
2785 1407 3179 1480 κακουργοῦσιν
3238 1402 3291 1458 οἱ
3345 1407 3670 1476 Προυσαεῖς,
3723 1402 3872 1456 εἰσοι-

2239 1489 2519 1562 κισάμενοι
2580 1489 2861 1568 Θεόδωρον
2915 1493 3010 1548 τὸν
3068 1491 3334 1569 Ἄγγελον
3391 1491 3482 1547 καὶ
3541 1491 3716 1547 ταύτὰ
3773 1497 3871 1552 τοῖς

2240 1578 2499 1633 Νικαεῦσι
2575 1583 2959 1655 φρονήσαντες.
3038 1581 3136 1636 Καὶ
3214 1581 3447 1656 φάμενοι
3528 1583 3610 1654 μή
3688 1580 3783 1636 οὐκ
3823 1577 3873 1634 ἄν

2239 1664 2428 1730 ἄλλως
2459 1669 2760 1744 ἠρεμήσειν
2790 1669 2916 1734 τοὺς
2944 1667 3282 1740 στασιώδεις,
3331 1669 3378 1725 εί
3421 1671 3497 1744 μὴ
3543 1666 3872 1744 Ἀνδρόνικος

2245 1754 2611 1831 βασιλεύσειεν
2645 1761 2674 1814 ὁ
2725 1757 2814 1815 διὰ
2865 1761 2966 1830 τήν
3027 1759 3504 1837 ὑπαργυρίζουσαν
3565 1764 3648 1832 τῷ
3704 1759 3872 1834 χρόνῳ

2237 1845 2407 1922 τρίχα
2481 1851 2587 1902 τῶν
2665 1849 2798 1904 νέων
2875 1847 3020 1926 ἔχων
3093 1847 3246 1920 λέξαι
3321 1849 3634 1926 σοφώτερα,
3671 1849 3759 1904 καὶ
3795 1846 3871 1904 ἐπὶ

2237 1935 2428 2008 θρόνου
2457 1936 2681 2002 καθίσας
2708 1941 2806 1992 τοῦ
2836 1934 3088 2002 διαλίθου
3128 1937 3219 1994 καὶ
3266 1940 3336 2011 τῇ
3398 1935 3670 2012 βασιλείῳ
3713 1941 3870 2006 ταινιᾷ

2237 2019 2516 2095 διαδηθεὶς
2580 2026 3106 2101 συναυτοκρατοροίη
3153 2029 3232 2098 τῷ
3272 2024 3620 2099 παναφήλικι
3673 2025 3870 2102 βασιλεῖ

2236 2111 2327 2166 καὶ
2403 2109 2611 2191 διορῴη
2671 2115 2734 2170 τὸ
2794 2116 3160 2193 γενησόμενον
3205 2114 3296 2170 καὶ
3343 2117 3584 2190 περατοῖ
3638 2115 3701 2171 τὸ
3752 2135 3869 2189 πρα-

2237 2200 2584 2276 χθησόμενον
2628 2204 2744 2277 μετ’
2777 2203 2971 2284 ἰσχύος
3003 2206 3253 2278 μείζονος
3292 2203 3382 2260 καὶ
3417 2203 3668 2276 ἐξουσίας
3719 2204 3870 2277 ἀρχε-

2232 2289 2495 2364 κωτέρας,
2530 2293 2688 2368 εἶχον
2720 2291 2873 2356 εὐθὺς
2903 2291 3031 2356 τοὺς
3077 2297 3466 2369 περιεστῶτας,
3518 2293 3622 2348 καὶ
3669 2293 3867 2364 ὅσοιπερ

2235 2377 2421 2454 ἐκείνῳ
2452 2381 2538 2455 [Ρ·
2577 2384 2702 2455 174]
2763 2379 3088 2457 συνήδρευον
3140 2379 3234 2438 διὰ
3276 2380 3466 2460 γένους
3517 2379 3868 2457 λαμπρότητα

2231 2467 2322 2522 καὶ
2351 2468 2679 2542 ἀξιωμάτων
2733 2471 3060 2544 σεμνότητα,
3117 2471 3426 2548 ὁμοφώνως
3473 2471 3863 2546 ἀνακραγόντας

2231 2556 2404 2614 πάλαι
2437 2559 2630 2622 αὐτοῖς
2661 2559 2796 2615 εἶναι
2823 2561 2886 2616 τὸ
2915 2553 3231 2636 προϐληθὲν
3278 2559 3330 2614 ἐν
3373 2556 3443 2614 δι’
3493 2557 3750 2639 ἐφέσεως,
3789 2559 3864 2613 καί

2235 2643 2432 2718 μηκέτι
2455 2646 2642 2722 καιρὸν
2692 2647 2826 2702 εἶναι
2881 2651 2980 2702 τοῦ
3037 2643 3377 2711 ἀναδύεσθαι·
3435 2646 3474 2717 ἦ
3529 2647 3642 2724 γὰρ
3683 2647 3737 2704 ἂν
3788 2647 3862 2703 καί

2234 2731 2356 2806 βίαν
2429 2734 2763 2809 συμμίξωσι,
2838 2738 3238 2814 προχωροῦσαν
3315 2735 3417 2790 οὐκ
3489 2731 3713 2811 ἔχοντες
3779 2736 3860 2804 τήν

2229 2824 2424 2888 πειθώ.
2461 2823 2688 2898 Ἀμέλει
2718 2825 2810 2881 καὶ
2865 2832 2966 2896 τῆς
3025 2824 3297 2906 εὐφημίας
3342 2826 3737 2900 κατάρχονται,
3784 2825 3855 2881 καί

2231 2911 2432 2968 οὑτωσί
2472 2935 2590 2978 πως
2622 2911 2917 2970 διατιθέασι
2983 2916 3080 2982 τὴν
3134 2913 3448 2992 ἀνάρρησιν,
3497 2913 3745 2987 Ἀλεξίου
3781 2913 3853 2969 καί

2233 2997 2580 3075 Ἀνδρονίκου
2643 3001 2893 3078 μεγάλων
2985 3002 3254 3078 βασιλέων
3308 3003 3401 3059 καὶ
3455 3003 3845 3080 αὐτοκρατόρων

2229 3090 2516 3164 Ῥωμαίων
2543 3095 2652 3147 τῶν
2693 3095 2994 3165 Κομνηνῶν
3054 3089 3242 3148 πολλᾶ
3291 3093 3359 3152 τὰ
3409 3089 3527 3164 ἔτη,
3563 3116 3595 3144 ››
3651 3093 3852 3149 πλατὲσι

2229 3180 2321 3236 καὶ
2353 3179 2644 3256 ἀνεωγόσιν
2688 3177 2908 3252 ᾅδοντες
2955 3181 3187 3254 στόμασι
3240 3180 3329 3236 καὶ
3391 3185 3590 3258 μικροῦ
3647 3181 3856 3256 auger,-

469 3257 696 3314 dronici
751 3256 1010 3312 famulus
1073 3256 1411 3327 supplicum
1479 3256 1808 3314 libellorum
1859 3258 2116 3316 ofﬁcium

2232 3248 2518 3347 yvépevm'
2566 3248 2710 3333 ταῖς-
2761 3275 2988 3346 φωναῖς.
3059 3248 3420 3333 λιαδοοέντος
3467 3248 3518 3325 δέ
3552 3273 3650 3324 τοῦ
3690 3248 3848 3322 καλοῦ

467 3346 801 3416 adeptus,et
829 3343 984 3400 alius
1013 3343 1252 3414 quidam
1277 3345 1912 3416 protonotarius,homo
1936 3351 2119 3404 tumi-

469 3435 558 3489 da:
587 3433 800 3505 lingua
830 3440 886 3488 et
915 3431 1242 3505 praecipuus
1275 3433 1602 3505 tyrannidis
1643 3433 1932 3505 minister,
1966 3437 2114 3494 851

469 3537 704 3579 rumore
734 3521 835 3594 qui
866 3521 937 3576 de
964 3519 1286 3578 Andronici
1319 3521 1725 3594 designatione
1769 3524 1990 3596 passim
2020 3543 2120 3581 va~

471 3612 720 3682 gabatur
749 3611 972 3678 audito,
1000 3609 1254 3682 improbi
1295 3615 1690 3668 assentatores
1744 3629 1862 3669 uno
1910 3613 2118 3686 spiritu

471 3701 531 3756 in
563 3699 926 3772 tyrannicam
959 3700 1202 3755 domum
1234 3715 1364 3772 quae
1411 3699 1748 3757 Michaelrze
1777 3701 2118 3772 dicitur,ubi

474 3791 588 3846 ista
617 3790 1040 3856 tractabantur,
1072 3792 1457 3860 properarunt
1483 3805 1498 3856 ;
1529 3794 1586 3844 et
1622 3791 1932 3848 senatoriis
1961 3794 2117 3864 capi-

476 3886 604 3937 tum
635 3879 993 3952 tegminibus
1038 3879 1336 3952 detractis,
1359 3878 1522 3936 albas
1565 3880 1842 3939 sindones
1893 3900 1964 3940 ex
2011 3885 2115 3940 liu-

473 3969 650 4026 meris
681 3969 1077 4043 dependentes
1109 3969 1170 4024 in
1207 3968 1405 4026 orbem
1437 3971 1891 4042 convolverunt;
1923 3977 1980 4030 et
2003 3991 2114 4030 coe-

469 4059 626 4116 tibus
673 4059 734 4114 in
783 4059 970 4116 triviis
1021 4059 1260 4129 coactis,
1309 4063 1374 4114 ut
1439 4059 1816 4132 praesultores
1863 4063 2112 4136 chorem,

463 4151 712 4205 fractum
746 4153 804 4202 et
835 4146 1010 4202 molle
1055 4148 1348 4204 canticum
1405 4150 1695 4221 suspicati
1723 4152 2112 4224 exsultarunt,

463 4253 600 4294 cum
635 4236 840 4308 plausu
891 4249 1202 4305 manuum,
1233 4238 1302 4292 ad
1361 4253 1671 4294 numerum
1728 4240 2036 4298 saltantes.
2070 4243 2112 4298 0

461 4325 888 4398 impudentiam
919 4323 1280 4397 singularem
1315 4329 1372 4382 et
1409 4327 1672 4384 vecordia
1698 4328 1880 4386 animi
1909 4329 2110 4388 levita-

461 4417 583 4470 tem
609 4415 620 4470 Ι
658 4429 793 4470 cum
825 4417 1020 4470 autem
1051 4414 1421 4471 Andronicus
1441 4430 1510 4471 ex
1543 4417 1862 4488 tyrannicis
1892 4419 2113 4476 uadibus

461 4503 523 4560 in
552 4502 957 4561 Blachernium
990 4503 1273 4576 paiatium
1305 4504 1706 4561 descendisset
1734 4510 1792 4562 et
1843 4507 2111 4583 Polytimi

2227 3355 2386 3415 τοῦδε
2415 3357 2740 3435 πράγματος
2766 3364 2884 3420 τοῖς
2916 3357 2968 3414 ἐν
3012 3362 3082 3433 τῇ
3131 3359 3292 3414 πόλει
3340 3355 3648 3434 ἀϐελτέρως
3693 3354 3844 3430 (οὕτω

2225 3451 2330 3526 γὰρ
2390 3451 2566 3525 χρεὼν
2619 3451 2712 3506 τὸν
2787 3450 3444 3524 Κωνσταντινουπολίτην
3516 3450 3688 3524 δῆμον
3757 3469 3850 3504 κα-

2229 3537 2342 3594 λεῖν
2373 3541 2532 3614 [12],)
2571 3539 2647 3604 ὡς
2679 3538 2952 3614 μελισσῶν
2989 3541 3173 3612 σμήνη
3213 3545 3321 3596 τῶν
3374 3535 3626 3613 σίμϐλων
3673 3540 3852 3594 ἀπανα-

2226 3627 2419 3683 στάντα
2447 3629 2514 3682 τα
2553 3625 2747 3699 πλήθη
2810 3627 3116 3686 συνείλεκτο
3173 3627 3234 3685 ἐκ
3279 3630 3480 3692 παντὸς
3539 3628 3732 3706 γένους
3775 3644 3856 3695 καὶ

2222 3718 2427 3792 τέχνης
2460 3717 2677 3789 ἀπάσης
2705 3717 2797 3774 καὶ
2846 3717 3024 3788 πάσης
3073 3715 3300 3788 ἡλικίας
3345 3725 3443 3788 τῆς
3491 3715 3718 3774 συνόδου
3772 3736 3856 3792 γε·

2221 3807 2545 3882 γενημένης,
2576 3806 2666 3862 ὅτε
2721 3805 2812 3862 καί
2861 3827 2946 3864 τις
2989 3811 3098 3862 τῶν
3147 3812 3247 3863 τοῦ
3295 3806 3482 3879 Βήλου
3530 3808 3730 3883 κριτῶν
3779 3805 3856 3876 (τὸ

2225 3892 2281 3951 δὲ
2335 3894 2508 3968 ὄνομα
2564 3895 2670 3950 ὲκὼ
2731 3889 3136 3970 ὑπερϐήσομαι)
3193 3897 3268 3958 εἰς
3351 3896 3414 3950 τὸ
3471 3900 3568 3950 τοῦ
3625 3895 3712 3952 ἐπὶ
3765 3899 3855 3948 τῶν

2223 3979 2458 4055 δεήσεων
2501 3982 2755 4062 ὀφφίκιον
2819 3980 3016 4048 ἀναϐὰς
3073 3985 3148 4046 ὡς
3216 3985 3462 4061 θεράπων
3518 3982 3854 4062 Ἀνδρονίκου

2220 4073 2576 4149 Θερμότατος,
2607 4073 2699 4129 καὶ
2749 4071 2921 4136 ἂλλος
2972 4071 3030 4130 δέ
3077 4096 3159 4138 τις
3217 4074 3662 4151 πρωτονοτάριος
3706 4096 3858 4148 τιμη-

2222 4160 2332 4226 osi:
2404 4160 2841 4238 γλωττογᾶστωρ
2915 4161 3007 4216 καὶ
3085 4159 3320 4234 μηδενὸς
3366 4159 3714 4238 ἂγενέστερος
3767 4167 3856 4230 τῆς

2219 4251 2532 4328 τυραννίδος
2612 4250 2988 4329 ὑποδρηστήρ,
3062 4260 3172 4324 τῆς
3227 4254 3364 4310 κατὰ
3433 4256 3534 4324 τήν
3577 4254 3860 4334 ἀνάρρησιν

2217 4345 2314 4398 τοῦ
2348 4339 2698 4418 Ἀνδρονίκου
2730 4345 2923 4420 φήμης
2986 4343 3279 4418 ἀπανταχῆ
3329 4340 3730 4421 διατρεχοῦσης
3778 4341 3860 4397 καὶ

2219 4429 2398 4486 αὐτῶν
2431 4429 2490 4486 δὲ
2509 4435 2620 4486 τῶν
2644 4431 3080 4506 φαυλοκολείκων
3107 4431 3175 4487 τὰ
3203 4433 3318 4487 ὦτα
3364 4434 3859 4507 περικτυπησάσης,

2216 4516 2398 4594 ὥσπερ
2433 4518 2487 4575 ἐν
2542 4520 2623 4576 ἐνὶ
2674 4518 2946 4592 πνεύματι
2993 4521 3056 4576 τὸ
3106 4525 3418 4598 τυραννεῖον
3474 4515 3862 4578 καταλαϐόντες

461 4593 744 4652 sublimes
771 4596 926 4651 aedes
953 4595 1262 4666 ingressus
1282 4593 1642 4659 esset,etiam
1677 4595 1909 4653 Alexius
1930 4598 2106 4672 impe-

2229 4608 2336 4662 καθ’
2372 4593 2412 4663 νὸ
2459 4605 2874 4684 ἔτελεταρχεῖτο
2922 4607 3050 4665 τάδε
3095 4593 3414 4684 ταόἱοεσμα
3463 4611 3647 4683 (τοῦτο
3700 4607 3757 4664 δὲ
3802 4609 3858 4677 ἦν

461 4691 618 4740 rator
646 4684 1166 4742 acclamationibus
1193 4679 1290 4754 ζου
1310 4682 1581 4755 suspiriis
1617 4683 1923 4742 hominum
1953 4690 2106 4746 exci-

460 4779 557 4831 tus
587 4779 796 4846 (neque
824 4775 980 4830 enim
1009 4789 1217 4829 omnes
1264 4788 1345 4828 eis
1398 4773 1756 4846 intemperies
1783 4777 2110 4853 agitabant)

463 4863 560 4919 ubi
591 4863 872 4933 palatium
902 4863 1248 4918 hominibus
1297 4862 1574 4918 refertum
1607 4869 1666 4920 et
1707 4866 2107 4925 Andronicum

459 4953 534 5008 ab
564 4950 838 5005 omnibus
871 4967 973 5020 pro
1021 4951 1372 5023 imperatore
1425 4951 1704 5009 celebrari
1749 4955 1909 5029 vidit,
1959 4961 2109 5014 tem-

459 5039 588 5113 pori
617 5037 990 5094 serviendum
1022 5045 1184 5095 ratus
1230 5041 1355 5094 seni
1400 5057 1535 5097 cum
1586 5044 1806 5100 caeteris
1836 5045 2108 5106 adulatus

459 5129 572 5196 est,
607 5141 863 5198 eumque
888 5127 958 5181 ad
981 5126 1211 5197 imperii
1233 5127 1570 5184 societatem
1600 5133 1922 5202 vocavit,ad
1949 5137 2106 5207 quod

454 5217 576 5288 jam
609 5213 752 5272 olim
783 5229 991 5286 magno
1022 5215 1175 5274 852
1211 5215 1433 5290 impetu
1461 5218 1774 5278 ferebatur.
1796 5229 1877 5280 Ac
1900 5223 2106 5283 factio-

2219 4697 2247 4751 ὁ
2279 4699 2374 4750 τοῦ
2401 4694 2756 4776 Μιχαηλίτζη
2791 4695 3092 4770 λεγόμενος
3126 4697 3318 4770 οἶκος),
3366 4696 3437 4753 τὰ
3484 4695 3860 4772 συγκλητικῶς

2217 4783 2550 4864 ἐξυφασμένα
2613 4790 2722 4840 τῶν
2803 4790 3052 4862 κεφαλῶν
3105 4784 3465 4863 ἐξενεγκόντες
3536 4785 3862 4860 καλύμμοτα

2215 4875 2306 4929 καὶ
2347 4877 2456 4929 τῶν
2515 4874 2652 4929 κατὰ
2704 4875 2881 4930 νώτου
2930 4874 3250 4951 κεχυμένων
3310 4874 3639 4932 λευκολίνων
3701 4870 3860 4931 λαϐό-

2219 4979 2377 5033 μενοι
2407 4958 2646 5016 διείλουν
2717 4961 2852 5018 αὐτὰ
2929 4963 3002 5025 ὡς
3077 4965 3328 5039 σφαίρας,
3406 4968 3857 5040 χοροστατοῦντες

2213 5054 2332 5112 τοῖς
2362 5048 2424 5106 ἐκ
2453 5047 2686 5126 τριόδων
2715 5052 2930 5122 καὶτῆς
2975 5051 3098 5109 τότε
3126 5052 3352 5125 τελετῆς
3408 5055 3856 5132 προεξάρχοντεςι

2213 5139 2351 5213 πρὸς
2387 5139 2556 5214 μέλος
2603 5161 2662 5196 τε
2708 5137 3080 5216 κεκλασμένον
3134 5141 3558 5220 μετεβρύθμιζον
3603 5145 3702 5214 τήν
3751 5162 3860 5219 9w-

2212 5229 2332 5300 νήν,
2368 5228 2460 5286 καὶ
2499 5235 2743 5292 πανικῶς
2773 5229 3139 5306 ἐξαλλόμενοι
3181 5233 3271 5289 καὶ
3316 5232 3413 5297 τὰς
3458 5237 3650 5312 χεῖρας
3695 5231 3768 5292 ὡς
3814 5226 3860 5287 ἐς

1807 5375 1986 5447 Hier.
2038 5381 2252 5450 Wolﬂi
2299 5392 2498 5452 notae.

532 5509 649 5585 (t2)
682 5511 743 5586 In
775 5508 988 5586 vetusti
1021 5507 1236 5586 codicis
1268 5512 1529 5586 margine
1556 5513 1673 5586 hoc,
1700 5515 1828 5573 loco
1861 5523 2108 5578 menda-

459 5579 550 5660 cii'
571 5579 837 5660 arguitur
863 5579 1194 5660 Choniales,
1228 5579 1637 5660 quasi'populo
1664 5585 1984 5660 Byzantino
2007 5595 2110 5650 ﬁat

459 5653 681 5729 injuria
714 5670 726 5710 :
760 5665 836 5723 et,
873 5653 920 5708 si
954 5669 1069 5724 qua
1097 5653 1401 5725 perperam
1423 5653 1889 5730 committantur,
1921 5681 1990 5720 ea
2010 5682 2106 5737 po-

2213 5525 2334 5599 tius
2353 5526 2709 5599 hominibus
2747 5527 3094 5599 potentibus
3125 5533 3187 5586 et
3215 5530 3532 5587 seditionis
3552 5525 3863 5599 sintascri:

2217 5597 2428 5654 benda.
2463 5597 2814 5674 Quanquam
2850 5601 3007 5656 enim
3060 5603 3356 5674 scriptura
3399 5620 3522 5659 non
3573 5597 3858 5674 satis_legi

2217 5674 2430 5739 potest,
2462 5675 2662 5726 tamen
2693 5670 2838 5726 satis
2878 5679 3124 5744 apparet
3148 5670 3303 5731 hanc
3334 5690 3465 5732 esse
3487 5672 3857 5766 sententiam.
3884 5751 3894 5762 ο
