4126 6294
273 414 391 474 625

1440 388 1781 470 sua“st
1827 409 2226 472 MANUELIS
2269 411 2532 474 FILIUS

3570 418 3686 477 626

276 547 476 620 κρότον
519 539 927 616 ξυμϐάλλοντες
957 541 1035 594 τὼ
1066 538 1200 594 πόδε
1258 539 1612 609 ὁπεσάλευον,
1659 541 1749 594 καὶ
1797 538 1932 594 κατᾶ

2053 542 2136 598 nis
2169 560 2304 614 pars
2335 545 2518 600 acrior
2549 545 2940 600 Andronicum
2966 545 3451 617 tergiversantem
3479 550 3535 602 et
3558 564 3687 605 con-

277 635 446 708 μέσον
473 631 730 701 ἐδίνευον,
767 629 956 704 μολπῇ
985 629 1225 706 τ’ἰϋγμῷ
1272 649 1332 684 τε
1386 630 1480 698 τὴν
1530 635 1632 703 γῆν
1675 628 1929 702 ἐκρότουν

277 724 716 806 ὑπορχοόμενοι.
749 728 817 776 ’Ώ
862 724 960 790 τῆς
1010 718 1279 782 ἀναιδείας
1324 721 1415 774 καὶ
1457 725 1558 789 τῆς
1621 719 1932 796 μικρογνώ-

282 809 451 888 μονος
491 813 682 888 φρενὸς
735 813 823 866 καὶ
885 809 1275 890 κουφότητοςέ
1330 813 1437 866 Τοῦ
1496 807 1544 863 δ’
1585 807 1932 885 Ἀνδρονίκου

276 899 613 964 καταϐάντος
644 901 872 956 ἀπὸτοῦ
918 898 1228 974 τυραννείου
1279 895 1335 962 ἐς
1390 898 1453 953 τὸ
1501 896 1552 953 ἓν
1588 896 1933 973 Βλαχέρναις

281 991 589 1068 βασίλειον,
666 990 758 1046 καὶ
831 987 1123 1065 γενομένου
1196 987 1333 1043 κατὰ
1404 988 1495 1042 τὸν
1548 987 1698 1049 ἐντὸς
1737 989 1933 1044 τούτου

277 1084 532 1158 ὐεὺηρεφῆ
596 1079 766 1153 δόμον
829 1080 887 1141 ὅς
946 1077 1263 1150 Πολύτιμος
1346 1076 1580 1152 Λέγεται,
1655 1076 1934 1155 ἐφίσταται

280 1171 368 1226 καί
401 1172 428 1224 ὁ
466 1168 726 1244 βασιλεὺς
758 1168 1004 1238 Ἀλέξιος
1051 1165 1111 1222 ἐκ
1146 1172 1256 1221 τῶν
1314 1161 1529 1237 ἔξωθεν,
1582 1167 1725 1240 ὁμοῦ
1771 1169 1934 1222 παιά-

284 1282 388 1314 νων
417 1279 475 1314 τε
505 1259 594 1313 καί
629 1258 1014 1332 στεναγμάτων
1063 1257 1147 1328 (οὐ
1211 1257 1315 1332 γὰρ
1372 1256 1570 1317 πάντες
1624 1260 1704 1327 τῷ
1760 1260 1934 1330 καιρῷ

286 1348 686 1424 παρεσόρησαν)
727 1345 897 1422 εὑρὼν
945 1345 1112 1419 μεστὰ
1164 1344 1229 1399 τὰ
1288 1343 1590 1419 ἆηάκτορα,
1637 1346 1724 1399 καί
1778 1344 1936 1400 αὐτὸν

287 1435 626 1510 Ἀνδρόνικον
661 1437 736 1497 ὡς
797 1433 1025 1511 βασιλέα
1081 1432 1276 1509 σχεδὸν
1326 1436 1473 1508 παρὰ
1501 1435 1717 1488 πάντων
1767 1453 1934 1489 κατα-

282 1522 470 1583 λαϐὼν
546 1524 985 1603 εὐφημούμενον.
1062 1524 1232 1580 Ἑκὼν
1308 1523 1489 1578 τοίνυν
1582 1520 1800 1577 ἀέκοντί
1874 1543 1938 1598 γε

280 1620 441 1689 θυμῷ
480 1621 597 1677 τοῖς
657 1612 1013 1687 τελουμένοις
1069 1610 1440 1684 ἐπευδοκτςσας
1495 1611 1784 1668 ἐκολάκευε
1839 1613 1935 1667 κᾶ-

279 1711 464 1766 κεῖνος
497 1705 550 1759 ἐν
582 1709 699 1766 τοῖς
731 1706 950 1766 λοιποῖς
1005 1704 1067 1758 τὸ
1122 1703 1421 1778 γερόντιον,
1468 1701 1806 1775 Ἀνδρόνικον
1861 1703 1938 1764 είς

281 1795 344 1850 τὸ
379 1788 801 1867 συμϐασιλεύειν
857 1792 1172 1868 ἐπεγείρων,
1229 1791 1320 1848 καὶ
1379 1793 1808 1867 προθυμοποιῶν
1859 1791 1936 1853 εἰς

282 1885 346 1938 τὸ
423 1883 633 1944 ἐνεστὸς
707 1876 860 1957 ἔργον
937 1882 1028 1936 τὸν
1107 1883 1354 1955 ἀκρατῶς
1432 1881 1507 1940 εἰς
1553 1883 1714 1934 τοῦτο
1761 1883 1934 1934 πάλαι
1969 1906 2016 1972 Β

289 1973 612 2050 φερόμενον.
676 1972 756 2028 Τὸ
815 1968 871 2025 δὲ
926 1976 1026 2039 τῆς
1078 1967 1426 2044 Ἀνδρονίκου
1459 1970 1685 2044 φατρίας
1742 1969 1939 2044 θερμό-

287 2081 442 2134 τερον
495 2060 586 2115 καὶ
646 2059 1027 2132 ἀκκιζόμενον.
1090 2058 1432 2133 Ἀννρόνικον
1489 2058 1580 2114 καὶ
1636 2060 1736 2127 τὴν
1791 2078 1937 2112 συνε-

287 2147 439 2225 δρίαν
483 2147 909 2223 εἰρωνευόμενον
966 2148 1300 2224 ἀμφοτέραις
1353 2147 1644 2223 συσχόντες
1704 2147 1782 2211 εἰς
1837 2148 1936 2215 τήν

291 2240 677 2315 χρυσόπαστον
711 2236 901 2308 κλίνην
936 2236 1136 2314 ἐφῆκαν
1192 2236 1274 2314 ἐφ’
1329 2236 1396 2305 ἧς
1459 2239 1487 2291 ὁ
1539 2235 1792 2311 βασιλεὺς
1819 2234 1938 2304 ’ίζα-

287 2347 394 2383 νίν.
432 2325 642 2382 Ἀλλοι
674 2322 730 2380 δὲ
757 2327 858 2394 τήν
907 2325 1183 2400 καπνηρὰν
1243 2324 1332 2380 καὶ
1384 2322 1732 2400 πυραμοειδῆ
1790 2322 1939 2397 ἐρέαν

291 2427 393 2488 τῆς
454 2417 702 2498 κεφαλῆς
755 2416 1083 2497 ἀφελόμενοι
1136 2418 1351 2494 πυρσήν
1403 2415 1549 2490 αὐτῷ
1605 2416 1937 2491 περιέθεντο,

288 2510 380 2563 καὶ
416 2508 622 2578 στολήν
656 2505 950 2582 βασιλικὴν
998 2503 1250 2562 ἓνέδυσαν
1294 2503 1492 2576 ἳτεροι.
1545 2509 1629 2580 Τῇ
1681 2504 1736 2561 δὶ
1786 2505 1938 2560 ὑστε-

288 2599 413 2672 ραία
441 2596 530 2652 ἐπὶ
561 2604 668 2667 τῆς
700 2596 965 2673 Μεγάλης
994 2594 1293 2666 ἐκκλησίας
1326 2594 1626 2669 ἀρξαμένης
1681 2601 1782 2664 τῆς
1832 2599 1940 2648 τῶν

288 2685 566 2760 βασιλέων
617 2685 962 2762 ἀναρρήσεως
1018 2687 1260 2760 γίνεσθαι
1316 2683 1672 2759 ’Δνδρόνικος
1730 2685 1936 2758 ἀνηγοο

292 2777 480 2852 ρε·ἓετο
511 2776 797 2849 πρότερον,
831 2777 859 2830 ὁ
892 2772 950 2829 δὶ
979 2773 1224 2846 Ἀλέξιος
1257 2776 1342 2847 [Ρ.
1401 2776 1523 2847 175]
1571 2768 1934 2842 ὑπεϐέϐαστο,

299 2866 704 2937 μεταπεσούσης
733 2871 832 2935 τῆς
861 2865 1085 2934 τάξεως.
1141 2864 1244 2920 Καὶ
1276 2865 1310 2933 ἡ
1343 2861 1492 2917 αἰτία
1541 2863 1616 2926 ὡς
1664 2861 1934 2931 καλλίστη

297 2958 394 3011 καὶ
427 2956 717 3030 εὐπρεπής·
749 2955 807 3012 οὔ
836 2978 962 3037 φασι
1014 2953 1122 3012 δεῖν
1172 2958 1269 3011 τὸν
1323 2956 1545 3034 ’ἰνφαντα
1585 2955 1676 3010 καὶ
1729 2952 1782 3017 ἐς
1841 2954 1938 3028 μέ-

297 3066 429 3121 τρον
471 3041 622 3100 οὔπω
669 3043 883 3115 ἡλικίας
938 3046 1194 3119 ἱκόμενον
1246 3043 1567 3122 λειογένειον
1629 3064 1936 3121 προαναγο-

294 3134 544 3210 psi-£301:
574 3139 668 3188 τοῦ
695 3135 1060 3213 πολιότριχος
1093 3133 1444 3210 Ἀνδρονίκου
1476 3135 1563 3189 καὶ
1613 3137 1846 3209 γεραροῦ
1875 3132 1938 3188 τὸ

289 3229 512 3303 φρονεῖν
541 3224 628 3278 καὶ
661 3226 772 3297 ἅμα
819 3225 1008 3298 πρόσω
1061 3223 1149 3277 καὶ
1200 3223 1374 3278 ὀπίσω
1429 3224 1492 3278 τὸ
1545 3224 1670 3297 ὁρᾷν
1714 3216 1938 3296 ἔχοντος

285 3319 368 3384 τῷ
403 3311 584 3385 ἐσθλῷ
615 3320 715 3382 τῆς
747 3313 978 3392 φύσεως.
1013 3314 1162 3369 Ἐπεὶ
1213 3310 1269 3368 δὲ
1317 3313 1406 3367 γαί
1460 3313 1624 3375 αὐτὸς
1663 3309 1939 3386 Ἀνδρόνι-

287 3421 384 3464 κος
416 3404 484 3458 τὰ
511 3402 630 3476 ἱερὰ
680 3400 962 3481 ἐσαφίκετο
1012 3400 1252 3475 μέλαθρα
1311 3402 1770 3481 στεφθησόμενος,
1817 3401 1941 3456 τότε

288 3492 527 3566 πρώτως
560 3488 716 3566 ὣφϐη
745 3495 864 3552 τοῖς
926 3489 1230 3564 ἀνθρώποις
1283 3487 1562 3564 διαχυθεὶς
1607 3490 1696 3543 καὶ
1737 3491 1800 3544 τὸ
1844 3493 1941 3544 τοῦ

294 3581 624 3656 βλέμματος
656 3581 683 3635 ὁ
715 3581 815 3651 Θήρ
853 3579 1212 3654 μεταθέμενος
1249 3579 1518 3656 βλοσυρὸν
1567 3579 1657 3634 καὶ
1704 3581 1802 3648 τὴν
1855 3577 1943 3633 ἐπὶ

290 3672 356 3727 τὸ
388 3676 632 3745 κρεῖττον
665 3673 772 3726 τῶν
817 3670 1152 3744 πραγμάτων
1211 3668 1513 3725 ἀλλοίωσιν
1558 3666 1794 3731 πολλοῖς
1834 3672 1940 3724 τῶν

298 3761 566 3836 δεομένων
626 3762 1133 3837 καθυποσχόμενος.
1202 3768 1306 3819 ’Ἡν
1388 3759 1445 3816 δὲ
1526 3766 1692 3816 ταῦτα
1745 3760 1941 3836 φενάκη

295 3851 580 3928 πρόδηλος
610 3853 700 3907 καὶ
731 3849 934 3926 ψευδὴς
966 3849 1266 3926 ἐπαγγελία
1313 3855 1410 3906 τοῦ
1461 3851 1800 3920 ἀπατεῶνος,
1856 3851 1945 3904 καὶ

296 3947 359 4001 τὸ
393 3949 492 4000 τοῦ
521 3944 823 4018 προσώπου
875 3941 1090 4018 ἱλαρὸν,
1141 3940 1552 4020 φιλανθρωπίας
1597 3941 1951 4018 παρυφιστῶκ

296 4034 622 4110 ἰσχνότατον
672 4031 914 4105 ἰ¹νδαλμα
971 4030 1301 4106 πρόσκαιρον
1360 4031 1644 4100 συσκιάζον
1704 4031 1803 4098 τὴν
1860 4025 1947 4083 ἕν-

298 4123 453 4180 δοΟεν
485 4122 807 4198 ἀγριότητα.
839 4119 1123 4185 Εἰσελθὼν
1154 4118 1211 4175 δὲ
1241 4121 1304 4175 τὸ
1334 4122 1478 4195 ἱερὸν
1533 4119 1622 4175 καὶ
1681 4119 1952 4180 τελεσθείς

301 4215 482 4269 ὁπόσα
555 4218 672 4274 τοῖς
750 4210 1099 4288 στεφομένοις
1176 4210 1402 4273 εἰθισται
1479 4206 1646 4280 ἅναξι,
1705 4209 1952 4282 πρόσεισι

300 4303 500 4374 δεῆσαν
530 4307 639 4358 τῶν
672 4300 958 4379 ἀχράντων
1022 4300 1306 4373 ἁγιασμῶν
1363 4303 1676 4372 μετασχεῖν,
1723 4297 1812 4352 καὶ
1859 4297 1950 4351 τὸν

301 4394 558 4467 οὐράνιον
601 4391 760 4465 ἄρτον
808 4387 1095 4462 δεξάμενος
1143 4387 1194 4442 ἐν
1240 4392 1319 4458 τῷ
1367 4385 1600 4463 ἐγγίζειν
1646 4387 1724 4457 τῷ
1781 4383 1954 4440 ἐκπώ-

303 4481 555 4556 ματιτᾶς
586 4484 778 4559 χεῖρας
828 4477 1042 4552 ἀνέσχε,
1089 4478 1179 4533 καί
1237 4475 1581 4552 σχηματίσας
1634 4475 1820 4531 ἑαυτὸν
1877 4473 1953 4536 εἰς

299 4570 704 4644 παθαινόμενρν
747 4568 883 4623 κατὰ
939 4572 1044 4622 τῶν
1084 4563 1372 4644 φρικωδῶν
1423 4564 1688 4637 ἐπόμνυσι
1750 4584 1958 4636 μυστη-

2043 648 2277 687 sessum
2339 637 2709 688 recusantem
2769 633 3012 699 scilicet,
3073 635 3361 690 ambabus
3416 637 3688 694 manibus

2042 720 2552 792 comprehensum,
2602 721 2660 775 in
2720 727 2925 777 aurata
2984 722 3129 778 sella
3182 723 3530 781 collocavit:
3593 727 3689 782 alii

2043 809 2202 882 pullo
2232 813 2288 866 et
2318 818 2486 866 acuto
2519 810 2669 882 pileo
2699 811 2979 880 detracto,
3014 813 3251 869 rubram
3293 814 3527 871 mitram
3561 817 3688 887 ejus

2043 899 2216 971 capiti
2247 900 2689 972 imposuerunt;
2725 900 2823 956 alii
2854 903 3007 957 stola
3039 902 3401 976 imperatoria
3430 922 3565 960 eum
3597 905 3687 961 in-

2042 989 2318 1044 duerunt.
2354 989 2635 1046 Postridie
2667 1007 2800 1046 cum
2831 991 2890 1046 in
2923 991 3138 1064 Magna
3162 992 3407 1049 ecclesia
3437 994 3690 1066 impera-

2043 1084 2198 1136 tores
2256 1079 2778 1151 proclamarentur,
2839 1079 3042 1136 ordine
3101 1085 3324 1137 mutato
3374 1082 3694 1140 Andronici

2045 1184 2258 1223 nomen
2293 1168 2504 1239 priore,
2532 1168 2714 1223 Alexii
2749 1169 3064 1240 posteriore
3117 1169 3243 1226 loco
3292 1175 3382 1226 est
3431 1189 3693 1243 pronun-

2044 1256 2277 1323 tiatum,
2310 1257 2382 1312 ob
2418 1273 2652 1312 causam
2687 1257 2972 1314 nimirum
3004 1258 3313 1316 honestam
3359 1264 3418 1316 et
3470 1262 3695 1332 specio-

2046 1362 2170 1402 sam
2203 1363 2216 1402 :
2251 1362 2366 1401 non
2391 1347 2592 1402 decere
2615 1345 2924 1416 infantem,
2951 1347 3281 1404 immaturae
3309 1350 3513 1419 astatis,
3539 1349 3692 1405 laevi-

2045 1437 2156 1490 bus
2213 1435 2408 1502 malis,
2469 1435 2750 1490 celebrari
2806 1440 2939 1492 ante
3008 1437 3428 1506 Andronicum,
3499 1439 3693 1494 virum

2047 1542 2279 1594 canum,
2315 1525 2628 1598 prudentia
2674 1527 3086 1597 venerabilem,
3130 1529 3433 1585 excellenti
3483 1530 3691 1599 praedi-

2046 1620 2172 1672 tum
2208 1617 2459 1687 ingenio.
2493 1617 2810 1688 Postquam
2855 1635 2990 1674 vero
3038 1618 3164 1690 ipse
3212 1619 3583 1678 Andronicus
3633 1621 3691 1675 in

2047 1721 2272 1760 sacram
2300 1706 2484 1760 aedem
2535 1707 2796 1776 pervenit
2842 1710 2902 1760 ut
2951 1713 3347 1778 coronaretur,
3398 1713 3524 1762 tum
3570 1709 3691 1781 pri-

2049 1811 2210 1849 mum
2243 1793 2487 1849 hilarior
2527 1794 2690 1850 visus
2740 1801 2826 1850 est
2859 1795 3010 1851 truci
3062 1801 3302 1868 asper-tu
3355 1798 3581 1868 posito;
3635 1801 3692 1853 et

2047 1883 2248 1939 multis
2281 1882 2754 1955 supplicantibus
2787 1900 2950 1956 spem
2982 1900 3177 1939 rerum
3203 1885 3500 1941 meliorem
3536 1885 3688 1952 fecit,

2048 1973 2361 2028 manifesta
2394 1973 2594 2043 utique
2626 1973 2827 2028 fraude
2859 1977 2913 2028 et
2945 1974 3098 2028 falsa
3130 1973 3550 2046 pollicitatione
3573 1975 3686 2031 im—

2047 2062 2313 2132 posteris.
2345 2063 2490 2118 Nam
2550 2062 2651 2118 illa
2697 2062 2894 2119 vultus
2942 2062 3231 2135 hilaritas,
3286 2065 3693 2122 tenuissimam

2047 2151 2432 2208 humanitatis
2485 2152 2740 2223 speciem
2797 2153 2866 2207 ad
2928 2156 3158 2224 tempus
3208 2171 3326 2226 pra:
3369 2169 3432 2209 se
3480 2154 3691 2219 ferens,

2046 2240 2382 2296 abstrusam
2415 2240 2475 2295 in
2507 2257 2572 2296 eo
2595 2241 3020 2298 immanitatem
3041 2242 3364 2315 obtegebat.
3387 2244 3692 2316 Templum

2047 2329 2372 2401 ingressus,
2405 2331 2795 2387 coronationis
2826 2331 3190 2388 caeremoniis
3235 2333 3508 2404 peractis,
3561 2350 3693 2389 cum

2048 2423 2419 2474 sacrosancta
2451 2420 2726 2491 mysteria
2758 2421 3132 2491 percipienda
3162 2427 3378 2489 essent,
3415 2439 3545 2478 cum
3581 2440 3695 2478 cce-

2047 2505 2175 2562 lesti
2208 2525 2354 2578 pane
2386 2512 2656 2578 percepto
2683 2509 2753 2563 ad
2797 2509 3037 2565 calicem
3090 2512 3326 2581 pretiosi
3379 2516 3435 2567 et
3480 2512 3693 2567 viviﬁci

2046 2596 2354 2668 sanguinis
2385 2596 2538 2652 353
2573 2597 2894 2652 bibendum
2921 2599 3240 2669 accederet,
3265 2601 3539 2656 manibus
3562 2609 3691 2656 tan-

2047 2702 2224 2759 quam
2261 2686 2332 2740 ad
2366 2684 2637 2756 poculum
2670 2685 3154 2757 prehendendum
3178 2690 3426 2744 extentis
3447 2694 3504 2745 et
3525 2689 3693 2745 vultu

2046 2775 2117 2831 ad
2154 2772 2447 2829 tristitiam
2479 2775 2826 2845 composito,
2861 2791 2966 2846 per
3013 2777 3343 2832 veneranda
3394 2778 3690 2850 mysteria,

2048 2864 2165 2919 fere
2195 2862 2467 2918 omnibus
2498 2861 2617 2919 illis
2651 2863 2945 2919 stantibus
2977 2869 3032 2919 et
3063 2865 3438 2920 audientibus
3479 2867 3580 2937 qui
3632 2866 3692 2921 in

2046 2969 2210 3008 sacro
2244 2952 2414 3024 adyto
2445 2959 2630 3018 erant,
2653 2952 2812 3023 jurat
2843 2969 2902 3009 se
2934 2970 3047 3009 non
3081 2951 3195 3009 alia
3213 2954 3283 3010 de
3305 2971 3483 3010 causa
3503 2955 3692 3027 impe-

2047 3040 2199 3096 rium
2244 3041 2536 3111 accepisse
2584 3040 2702 3096 nisi
2749 3047 2812 3095 ut
2860 3041 3122 3097 Alexium
3179 3042 3585 3113 imperatorem
3639 3049 3696 3100 et

2046 3131 2463 3187 consobrinum
2489 3130 2740 3199 juvaret,
2772 3131 3013 3200 ejusque
3044 3131 3365 3202 potentiam
3388 3133 3696 3204 stabiliret,

2054 3236 2226 3291 quem
2259 3219 2461 3291 paucis
2484 3219 2689 3276 diebus
2715 3223 2844 3290 post
2865 3219 3073 3291 laqueo
3093 3221 3468 3292 praefocatum
3492 3222 3550 3278 in
3578 3240 3696 3280 ma-

2055 3309 2136 3365 ris
2158 3310 2404 3366 fundum
2421 3310 2716 3366 demersit.
2737 3310 3043 3382 Templum
3062 3328 3194 3367 cum
3214 3312 3694 3384 splendidissimo

2050 3401 2326 3456 comitatu
2357 3407 2414 3455 et
2441 3399 2709 3471 plurimis
2741 3399 3046 3472 armigeris
3074 3418 3347 3474 egressus
3371 3404 3517 3472 (eam
3537 3405 3692 3460 enim

2054 3490 2331 3544 rationem
2365 3488 2619 3543 dictabat
2651 3487 2732 3542 illi
2782 3492 2974 3544 metus
3027 3489 3396 3561 sacerrimus)
3443 3492 3538 3546 ubi
3590 3509 3693 3563 per

2051 3576 2371 3633 Servatoris
2402 3576 2618 3632 Christi
2647 3577 2828 3632 isdem
2859 3576 2919 3632 in
2951 3577 3216 3632 Chalcem
3266 3579 3519 3647 transiit,
3570 3597 3684 3636 non

2053 3664 2409 3737 pedetentim
2433 3666 2714 3734 processit
2735 3682 2839 3720 nec
2856 3666 3076 3721 alicubi
3095 3666 3443 3722 immoratus
3467 3673 3574 3730 est,
3592 3670 3692 3739 qui

2052 3753 2541 3823 triumphantium
2573 3753 2991 3823 imperatorum
3025 3769 3151 3809 mos
3183 3762 3289 3823 est,
3333 3755 3431 3810 sed
3473 3773 3692 3826 equum

2051 3840 2234 3896 libero
2267 3841 2412 3911 pede
2442 3839 2706 3895 incedere
2738 3857 2946 3911 passus
2978 3845 3086 3896 est.
3123 3842 3182 3897 Id
3209 3841 3425 3898 factum
3448 3842 3504 3898 in
3539 3861 3697 3915 quaa-

2055 3931 2244 3987 stione
2276 3929 2386 3984 fuit
2415 3933 2614 3984 utrum
2648 3946 2681 3984 a
2712 3934 2869 3985 metu
2906 3931 3389 4001 proﬁcisceretur,
3425 3949 3498 3987 an
3523 3932 3699 3988 aliam

2055 4035 2292 4076 causam
2324 4018 2584 4073 haberet.
2617 4023 2936 4089 Postquam
2966 4020 3026 4074 in
3079 4037 3358 4090 magnum
3413 4021 3701 4093 palatium

2057 4111 2318 4182 pervenit
2346 4114 2404 4165 et
2433 4109 2836 4181 compluribus
2868 4111 3073 4166 diebus
3109 4128 3212 4182 pro
3245 4114 3476 4185 imperii
3509 4116 3703 4186 auspi-

2059 4211 2164 4266 ciis
2195 4227 2318 4266 rem
2350 4208 2608 4264 divinam
2651 4207 2809 4272 fecit,
2861 4209 2931 4263 ad
2986 4208 3102 4265 alia
3156 4211 3374 4267 scelera
3428 4214 3709 4269 convertit

2060 4298 2345 4354 animum.
2377 4297 2520 4353 Nam
2551 4314 2684 4352 cum
2715 4296 2982 4352 Alexium
3015 4298 3427 4370 imperatorem
3461 4317 3491 4356 e
3516 4303 3707 4358 medio

2061 4387 2399 4443 sublaturus
2429 4390 2599 4452 esset,
2634 4391 2896 4442 senatum
2937 4387 3092 4442 354
3125 4405 3299 4443 suum
3345 4395 3622 4446 convocat
3654 4395 3710 4445 et

2062 4475 2403 4532 sodalitium
2442 4475 2729 4531 scelerum
2775 4474 3179 4530 ministrorum
3229 4477 3400 4548 cogit.
3454 4478 3522 4532 Hi
3575 4495 3707 4534 vero

2063 4564 2433 4620 Homericum
2462 4563 2607 4618 illud
2637 4564 2834 4619 statim
2870 4581 2983 4619 uno
3017 4581 3114 4619 ore
3163 4565 3487 4621 exclamant
3520 4583 3532 4620 :
3561 4589 3587 4616 ‹‹
3613 4571 3714 4623 Est

305 4661 464 4736 ρίων,
500 4657 869 4734 ἀκροωμένων
922 4654 1118 4735 σχεδὸν
1177 4655 1426 4710 ἁπάντων
1483 4653 1642 4715 ὅσους
1699 4653 1760 4708 τὸ
1812 4652 1943 4726 ἱερὸκ

2068 4652 2224 4708 mala
2254 4669 2342 4708 res
2375 4652 2593 4708 multos
2625 4653 3016 4709 dominarier:
3082 4653 3290 4708 unicus
3322 4659 3444 4709 esto
3478 4655 3595 4710 Rex
3612 4657 3713 4711 do-

304 4759 560 4827 συνεῖχεν
591 4749 814 4816 ἄδυτον,
852 4749 926 4822 μὴ
971 4744 1038 4801 δι’
1076 4744 1254 4820 ἔτερόν
1297 4767 1351 4800 τι
1405 4742 1747 4819 βασιλεύσειν
1798 4743 1955 4816 αἰρε-

302 4843 556 4906 τίσασθαι
588 4838 624 4908 ἥ
657 4839 716 4893 τὸ
747 4836 975 4906 θελῆσαι
1013 4836 1282 4910 βοηθῆσαι
1311 4835 1490 4906 τούτῳ
1519 4833 1610 4887 καὶ
1651 4837 1731 4906 τῷ
1760 4832 1957 4888 τούτου

305 4932 518 5004 κράτει,
566 4926 738 4998 δείξας
792 4926 884 4981 τὸν
947 4929 1247 4980 συνεστῶτα
1306 4923 1534 5000 βασιλέα
1590 4923 1679 4978 καὶ
1739 4920 1956 4995 ἀνεψιὸν

304 5019 581 5090 Ἀλέξιον,
639 5018 696 5071 ’ὀν
765 5018 880 5088 μεθ’
936 5015 1144 5089 ἡμέρας
1190 5013 1550 5092 ἀπηγχόνησε
1593 5013 1682 5067 καὶ
1733 5014 1811 5082 τῷ
1857 5016 1959 5079 τῆς

303 5109 590 5178 Θαλάσσης
650 5107 802 5181 βυθῷ
858 5103 1230 5177 παρέπεμψεν.
1289 5102 1476 5172 Ἐξιὼν
1536 5097 1592 5155 δῖε
1646 5104 1743 5156 τοῦ
1811 5100 1960 5174 ἱεροῦ

307 5201 449 5276 μετά
484 5192 816 5272 δορυφορίας
857 5194 929 5253 ὡς
979 5191 1103 5260 ἦνῆν
1166 5189 1403 5266 μάλιστα
1452 5190 1839 5266 λαμπροτέρας
1869 5187 1960 5242 καὶ

300 5287 584 5347 πλείστων
651 5283 1000 5338 ὑπασπιστῶν
1071 5279 1156 5353 (τὸ
1231 5279 1330 5355 γὰρ
1404 5277 1698 5351 δειμαίνειν
1783 5276 1962 5352 ἄκρως

294 5377 532 5436 τοιαῦτα
595 5373 862 5450 ὑφηγεῖτο
919 5369 1131 5440 ἐκείνῳ)
1182 5369 1271 5422 καὶ
1331 5365 1563 5430 διελθὼν
1631 5369 1721 5423 τὸν
1783 5365 1835 5421 ἐν
1889 5368 1959 5438 τῇ

291 5471 500 5543 Χαλκῇ
542 5464 680 5518 νεὼν
714 5464 810 5516 τοῦ
842 5465 1102 5532 Σωτῆρος
1136 5461 1378 5532 Χριστοῦ
1433 5457 1534 5526 τήν
1591 5456 1813 5532 πορείαν
1863 5453 1956 5509 ἐπ-

290 5539 530 5627 έτεινεν,
565 5550 634 5606 οὗ
670 5550 839 5626 βάδην
867 5542 1176 5624 προϐαίνων
1228 5546 1320 5602 καὶ
1378 5544 1519 5600 ἔστιν
1567 5545 1628 5600 οὗ
1686 5539 1962 5618 ἐμϐραδύ-

284 5675 423 5724 νων,
490 5645 572 5703 ὡς
633 5636 754 5702 ἔθος
821 5643 936 5701 τοῖς
1015 5629 1432 5710 θριαμϐεύουσιν
1516 5633 1962 5708 αὐτοκράτορσιν,

248 5721 597 5810 ἀλλ’νάνείς
628 5727 720 5785 τὸν
750 5725 924 5783 ’ίππον
957 5725 1227 5800 ἐλευθέρου
1277 5721 1407 5780 ποδὶ
1459 5724 1803 5799 πορεύεσθαις
1855 5721 1957 5778 Ἦν

2069 4741 2415 4809 minusque:
2452 4762 2480 4790 »
2517 4741 2658 4797 item
2718 4741 2926 4814 aquilas
2980 4742 3211 4798 senium
3272 4759 3400 4799 esse
3458 4746 3714 4816 corydali

2061 4831 2386 4901 juventam.
2419 4831 2496 4884 Ac
2528 4831 2850 4886 decernunt
2881 4830 3161 4902 privatam
3210 4832 3386 4888 vitam
3427 4835 3712 4906 agendam

2065 4933 2194 4975 esse
2225 4917 2416 4974 Alexio
2445 4935 2459 4985 ;
2485 4935 2589 4974 nec
2611 4920 2738 4989 jam
2772 4920 3122 4991 ambagibus
3154 4920 3456 4978 involvunt
3499 4925 3713 4980 oratio-

2067 5024 2225 5077 nem,
2242 5008 2463 5063 omissa
2485 5008 2780 5064 mentione
2803 5009 3165 5065 educationis
3188 5015 3245 5066 et
3262 5013 3717 5070 conservationis

2068 5097 2319 5170 imperii,
2352 5114 2476 5168 quae
2510 5114 2623 5153 non
2677 5097 2758 5153 ita
2805 5099 3033 5171 pridem
3085 5100 3144 5154 in
3207 5103 3463 5160 maxima
3518 5105 3718 5176 populi

2069 5187 2401 5260 frequentia
2423 5187 2739 5256 jactarant,
2774 5204 3020 5259 quaeque
3054 5205 3248 5246 rerum
3283 5191 3516 5248 illarum
3547 5194 3716 5265 igna-

2069 5276 2149 5331 ris
2181 5293 2284 5348 pro
2317 5275 2657 5330 defensione
2688 5275 3013 5332 facinorum
3046 5281 3387 5350 responderi
3438 5281 3717 5338 solebant.

2069 5365 2174 5421 Vix
2200 5367 2322 5438 jam
2341 5367 2637 5422 decretum
2661 5371 2787 5422 erat
2809 5367 2866 5421 in
2893 5383 2952 5422 re
2980 5369 3214 5438 publica
3240 5371 3558 5441 cognitum,
3584 5389 3718 5429 cum

2068 5454 2390 5528 imperator
2432 5455 2665 5511 Alexius
2719 5455 2789 5511 ab
2839 5455 3106 5527 improbo
3156 5457 3255 5513 illo
3305 5463 3458 5513 cirtu
3513 5461 3721 5529 capitis

2071 5541 2406 5609 damnatur,
2440 5548 2671 5599 tantum
2700 5561 2816 5601 non
2849 5543 3254 5604 Salomonium
3280 5545 3424 5601 illud
3448 5546 3675 5603 elocuto
3697 5568 3716 5601 :

2072 5653 2102 5684 «ι
2134 5631 2474 5689 Vinciamus
2499 5633 2730 5703 justum
2763 5651 2775 5691 :
2811 5633 2948 5707 quia
2979 5650 3096 5690 non
3128 5638 3217 5690 est
3258 5634 3423 5690 nobis
3452 5650 3715 5688 commo-

2071 5725 2222 5781 dus:
2255 5726 2602 5796 conspectus
2653 5724 2782 5795 ejus
2827 5725 2994 5781 nobis
3044 5727 3134 5780 est
3182 5722 3392 5794 gravis.
3428 5741 3456 5770 κ
3508 5722 3713 5788 Itaque
