4126 6294
418 379 537 439 627

1760 375 1819 435 Ν
1825 374 2083 436 ΙΟΕΤΑΞ
2124 371 2546 434 CHONIATM

3705 367 3820 429 628

493 508 824 581 Stephanus
842 506 1500 580 Hagiochristopborila,
1514 507 1931 563 Constantinus
1946 506 2072 562 Tri-

2194 503 2276 557 »ὗν
2307 503 2371 557 τὸ
2419 502 2645 579 γεγονὸς
2698 502 2862 557 τοῦτο
2929 498 3005 560 είς
3058 496 3395 576 ἀμφίλογον·
3456 498 3509 553 οἰ
3576 498 3674 571 μὶν
3730 496 3824 584 γὰρ

424 598 684 671 psycbus
705 601 762 652 et
776 596 1114 652 Theodorus
1132 595 1374 667 quidam
1394 595 1779 665 Badibrenus,
1800 594 2072 651 lictorum

427 688 755 758 praafsctus,
790 692 965 740 noctu
997 700 1129 739 sum
1162 684 1349 740 adorti
1381 699 1555 739 nervo
1584 700 1758 740 arcus
1797 699 2073 754 strangu—

427 775 573 831 lant.
605 773 976 829 Andronicus
1008 772 1305 829 cadaveris
1327 773 1478 829 855
1504 771 1658 827 latus
1682 772 1824 844 pede
1846 773 2070 840 tundit;

426 869 485 920 et
514 865 821 934 parentum
842 862 973 932 ejus
995 861 1244 917 alterum
1271 868 1332 917 ut
1358 862 1660 933 perjurum
1686 866 1746 917 et
1766 860 2070 932 iniurium,

428 952 671 1008 alteram
704 956 767 1007 ut
800 950 1012 1019 vulgati
1043 950 1298 1021 corporis
1331 950 1735 1006 mulierculam
1768 954 2074 1006 contume-

422 1041 571 1097 liose
600 1040 934 1095 insectatur.
971 1039 1191 1095 Deinde
1231 1055 1371 1094 veru
1416 1039 1573 1094 auris
1620 1039 1672 1094 ei
1723 1038 2072 1110 perforatur,

423 1130 789 1200 trajectoque
819 1128 916 1184 ﬁlo
972 1144 1227 1197 appensa
1285 1144 1417 1183 sera
1483 1127 1800 1184 Andronici
1857 1128 2075 1183 annulo

423 1219 728 1288 signatur:
775 1217 1070 1287 reliquum
1116 1234 1330 1288 corpus
1379 1219 1439 1271 in
1488 1216 1847 1288 profundum
1897 1217 2075 1272 maris

424 1307 622 1379 abjici,
656 1291 831 1378 caput
859 1323 993 1361 vero
1025 1322 1060 1360 θ.
1090 1306 1310 1361 cervice
1342 1305 1637 1362 revulsum
1672 1306 1741 1360 ad
1785 1305 2073 1361 Androni-

416 1414 552 1453 cum
590 1396 789 1451 referri
812 1394 1073 1465 jubetur.
1109 1395 1371 1450 Peractis
1403 1396 1698 1449 mandatis
1729 1400 1905 1465 caput
1925 1395 2074 1450 clam

419 1484 476 1539 in
512 1486 830 1540 Catabaten
863 1483 996 1555 (loci
1030 1499 1242 1537 nomen
1275 1482 1332 1537 id
1365 1484 1476 1555 est)
1505 1483 1803 1553 abjicitur,
1832 1488 2077 1538 truncus

428 1566 574 1627 arcas
633 1571 920 1642 plumbeae
974 1570 1267 1627 involutus
1323 1570 1383 1626 in
1461 1587 1620 1627 mare
1695 1572 2074 1643 demergitur.

429 1660 668 1729 Cymba,
702 1676 815 1732 qua
846 1659 1175 1716 miserrima
1207 1659 1309 1715 illa
1353 1661 1576 1715 sarcina
1631 1666 1798 1717 vecta
1844 1665 1992 1727 erat,
2044 1678 2078 1716 a

434 1749 667 1805 duobus
699 1748 872 1805 claris
904 1750 1043 1805 viris
1092 1765 1227 1804 cum
1272 1750 1630 1805 carminibus
1678 1755 1736 1805 st
1781 1749 2075 1822 tripudiis,

431 1838 660 1895 Joanne
716 1837 1021 1893 Camatero
1078 1836 1349 1893 Caniclasi
1418 1837 1708 1909 praefecto,
1788 1839 1887 1909 qui
1948 1844 2079 1908 post

2185 588 2391 648 δειλίαν
2420 592 2482 646 τὸ
2513 590 2797 660 ποιητικὸν
2835 587 3008 644 αἴτιον
3049 591 3145 643 τοῦ
3193 585 3476 663 ὁρωμένου
3532 582 3827 663 ἀπεφοίϐα-

2188 686 2296 749 ζον,
2330 681 2381 734 οἰ
2414 677 2471 734 ὂὶ
2501 676 2643 734 ἄλλο
2672 699 2727 734 τι
2778 676 3057 734 ὑπενόουν.
3111 676 3414 749 Ιιενόμενος
3475 672 3533 730 δὲ
3589 675 3730 730 κατὰ
3773 675 3832 730 τὸ

2190 769 2329 846 μέγα
2384 768 2653 824 παλάτιον
2713 766 2804 822 καὶ
2876 765 3008 836 ᾅσας
3095 766 3163 820 τὰ
3245 765 3699 840 ἆναγορευτήρια,
3759 762 3836 840 ἐφ’

2183 855 2340 933 ἕτερα
2388 856 2571 930 τρέπει
2627 857 2720 911 τὸν
2779 859 2905 911 νοῦν
2964 854 3129 930 ἄναγῆ
3186 849 3335 929 ἔργα.
3394 851 3679 910 Ἐκποδὼν
3737 854 3836 927 γὰρ

2186 946 2366 1011 Θὲσοαι
2401 949 2491 1000 τὸν
2548 944 2777 1022 βασιλέα
2836 942 3131 1019 βουληθεὶς
3187 942 3453 1013 Ἀλέξων,
3511 945 3612 1012 τήν
3661 941 3840 1020 φίλιον

2187 1037 2276 1091 καὶ
2308 1036 2475 1091 πάλιν
2536 1035 2780 1109 ἀθροίζει
2836 1035 3009 1089 πνύκα
3061 1032 3152 1089 καὶ
3209 1034 3309 1103 τὴν
3367 1031 3631 1107 ἑταιρείαν
3688 1031 3838 1108 ἂγεί-

2190 1145 2269 1199 ρει
2328 1126 2425 1194 τήν
2483 1122 2691 1179 ἐκείνου
2750 1120 3202 1197 συνοργιάζουσαν
3253 1121 3320 1175 τὰ
3372 1123 3448 1193 μὴ
3528 1121 3674 1176 ὃσια.
3733 1119 3839 1176 Καὶ

2186 1214 2370 1268 τοίνυν
2427 1214 2491 1268 τὸ
2544 1215 2837 1286 Ὀμήρειον
2897 1207 3027 1273 ἔπος
3086 1210 3312 1270 ἅπαντες
3382 1211 3751 1283 φωνήσαντες,
3814 1208 3842 1262 8

2191 1299 2465 1371 διέξεισιν,
2495 1326 2523 1352 ‹‹
2557 1301 2675 1359 Οὐκ
2731 1299 2932 1373 ἂγαθὸν
2989 1297 3411 1373 πολυκοιρανίη·
3462 1298 3540 1358 εἶς
3587 1295 3843 1370 κοίρανος

2189 1388 2352 1459 ἔστω,
2386 1394 2464 1453 εἷς
2511 1390 2787 1465 βασιλεὺς,
2823 1413 2851 1441 ››
2896 1388 2988 1443 καὶ
3046 1389 3121 1450 ὡς
3166 1389 3324 1442 ἀετοῦ
3377 1393 3551 1463 γῆρας
3607 1384 3845 1460 κορόδου

2191 1482 2405 1554 νεότης,
2445 1482 2777 1559 ψηφίζονται
2812 1479 3119 1536 ἰδιωτεῦσαι
3148 1480 3241 1535 τὸν
3294 1477 3525 1554 βασιλέα
3573 1477 3845 1551 Ἀλέξιον,

2192 1571 2369 1627 οὐκέτι
2406 1570 2585 1646 λόγων
2614 1570 2927 1644 οἰκονομίας
2960 1568 3183 1639 ἀδήλων
3216 1574 3333 1631 τοῖς
3362 1566 3600 1630 πολλοῖς
3626 1589 3851 1641 μεμνη-

2193 1659 2344 1733 μένοι
2417 1656 2789 1732 παιδοκομίας
2861 1679 2920 1713 τε
2993 1658 3085 1712 καὶ
3162 1655 3432 1731 διαμονῆς
3470 1654 3568 1712 τοῦ
3607 1658 3849 1731 κράτους

2190 1746 2504 1819 καλλίονος,
2560 1752 2729 1803 ταῦτα
2787 1744 2854 1816 δὴ
2913 1748 2981 1803 τὰ
3036 1747 3166 1822 χθὲς
3221 1768 3279 1801 τε
3333 1747 3425 1801 καὶ
3497 1745 3691 1820 πρώην
3756 1744 3849 1800 ἐπὶ

2189 1837 2641 1913 πολυανθρώπων
2698 1836 3057 1893 συνελεύσεων
3114 1831 3547 1911 προϐαλλόμενα
3592 1837 3682 1890 καὶ
3722 1840 3847 1896 τοῖς

434 1928 714 2000 Bulgaria
772 1928 1105 2000 patriarcha
1159 1926 1403 1993 exstitit,
1471 1933 1528 1983 et
1601 1944 1633 1983 a
1717 1927 2080 1984 Chartulario

2194 1928 2435 2001 ἐρωτῶσι
2486 1930 2586 1997 τήν
2636 1926 2813 1983 αἰτίαν
2879 1931 2989 1982 τῶν
3046 1926 3346 2001 γινομένων
3401 1925 3476 1987 εἰς
3532 1923 3845 2001 ἀπολογίαν

439 2017 743 2073 Theodoro
772 2021 862 2072 est
892 2017 1153 2073 reducta.

2190 2017 2544 2092 προκείμενα,
2586 2015 2762 2079 εἴτις
2824 2017 2961 2077 τὲως
3018 2020 3301 2088 παροικῶν
3364 2015 3605 2092 ἀτεχνῶς
3659 2013 3711 2069 ἐν
3778 2013 3846 2087 τῇ

436 2103 800 2177 λαμπροτάτῃ
830 2101 992 2157 πόλει
1033 2107 1130 2158 τοῦ
1178 2101 1576 2157 Κωνσταντίνου
1634 2103 1738 2158 οὐκ
1791 2103 1859 2172 ἦν
1915 2101 2081 2178 ρίδὼς
2137 2104 2204 2160 τὰ
2257 2103 2513 2181 γινόμενα
2570 2104 2662 2160 καὶ
2718 2105 2808 2160 τὸν
2865 2102 3033 2181 λόγον
3095 2102 3241 2165 ὅλως
3299 2102 3589 2177 ἠγνοηκὼς
3652 2101 3721 2156 δι’
3789 2102 3846 2156 ὅν

434 2191 800 2269 ἐπεραίνοντο.
835 2194 989 2251 Ἀλλ’
1022 2189 1445 2267 οὕπωᾶκριϐῶς
1499 2194 1562 2249 τὸ
1609 2190 1891 2269 βράϐευμα
1934 2199 2095 2251 τοῦτο
2137 2194 2206 2262 τῆ
2252 2194 2505 2266 πολιτείᾳ
2556 2198 2646 2270 [Ρ.
2702 2198 2825 2269 176]
2873 2195 3194 2271 ἐγνώριστο,
3242 2193 3332 2249 καὶ
3380 2194 3555 2267 κρίμα
3610 2191 3847 2257 θανάτου

434 2285 570 2340 κατὰ
598 2305 694 2338 του
730 2283 998 2358 βασιλέως
1030 2284 1266 2358 ἐξάγεται
1317 2283 1462 2357 παρὰ
1512 2291 1614 2354 τῆς
1664 2284 1891 2360 φατρίας
1939 2286 2142 2357 ἐκείνης
2190 2293 2291 2356 τῆς
2337 2291 2605 2361 πονηρᾶς,
2648 2287 2710 2342 τὸ
2761 2290 2882 2343 τοῦ.
2933 2283 3302 2358 Σολομῶντος
3338 2283 3590 2358 ἄντικρυς
3639 2284 3851 2339 ἐπαινεο

433 2375 642 2428 σάντων
702 2376 809 2427 τῶν
871 2371 1302 2450 συνειλεγμὲνων
1357 2373 1479 2429 τότε
1508 2374 1595 2428 καὶ
1654 2372 2035 2453 φθεγξαμένων
2115 2372 2378 2437 ἀναιδῶς*
2444 2400 2472 2428 ‹‹
2517 2377 2779 2449 Δήσωμεν
2853 2376 2946 2431 τὸν
3019 2371 3248 2445 δίκαιον,
3335 2374 3417 2429 δτι
3501 2370 3849 2447 δύσχρηστος

431 2465 569 2535 ἡμῖν
600 2459 710 2516 ἐστι
742 2462 831 2516 καὶ
882 2461 1049 2537 βαρύς
1101 2460 1213 2516 ἐστι
1263 2460 1354 2516 καὶ
1417 2463 1592 2536 μόνον
1651 2455 2012 2535 ϐλεπόμενος.
2049 2486 2077 2513 ››
2137 2464 2240 2519 Καὶ
2293 2464 2481 2524 νυκτὸς
2538 2461 2969 2518 ἐπεισπεσόντων
3022 2462 3170 2534 αὖτῷ
3229 2466 3327 2517 τοῦ
3387 2462 3849 2537 Ἀγιοχριστοιρο-

437 2551 596 2623 ρίτου
661 2550 957 2623 Στεφάνου,
1019 2554 1115 2604 τοῦ
1167 2553 1454 2626 Τριψύχου
1512 2549 1912 2607 Κωνσταντίνου
1968 2551 2057 2606 καί
2113 2572 2255 2614 τινος
2314 2546 2656 2621 Δαδιϐρηνοῦ
2723 2548 3031 2627 Θεοδώρου,
3081 2554 3425 2626 προεστῶτος
3480 2555 3589 2605 τῶν
3651 2546 3850 2624 ῥαϐδο-

437 2636 643 2716 φόρων,
673 2639 774 2706 τήν
808 2635 897 2691 διὰ
927 2639 1085 2707 τόξου
1141 2642 1330 2713 νευρᾶς
1386 2635 1812 2715 καθυποδέχεται
1872 2642 2203 2715 πνιγμονήν.
2265 2640 2472 2712 Ἀρθεὶς
2520 2636 2576 2696 δὲ
2633 2641 2662 2696 ὁ
2720 2640 2906 2713 νεκρὸς
2959 2638 3051 2695 καὶ
3107 2639 3295 2717 ἀχθεὶς
3354 2638 3430 2699 εἰς
3499 2636 3844 2712 Ἀνδρόνικον

434 2725 570 2781 κατὰ
595 2730 695 2781 τοῦ
741 2726 1006 2789 κενεῶνος
1065 2731 1145 2800 τῷ
1203 2725 1404 2782 ἐκείνου
1461 2726 1592 2783 ποδὶ
1648 2728 1926 2800 τύπτεται,
1986 2729 2074 2783 καὶ
2131 2733 2239 2783 τῶν
2295 2727 2498 2783 τοκέων
2553 2733 2634 2800 τῷ
2686 2729 2919 2801 κειμένῳ
2975 2730 3003 2783 ὁ
3064 2729 3159 2801 μὲν
3215 2728 3289 2788 ὡς
3347 2724 3604 2800 ἑπίορκος
3664 2724 3846 2797 ἐκείνῳ

443 2814 535 2869 καὶ
594 2814 934 2890 ἐπηρεαστής
998 2812 1409 2887 διατωθάζεται,
1471 2819 1506 2885 ἡ
1553 2814 1611 2871 δὲ
1666 2817 1741 2879 ὡς
1800 2815 2299 2896 περιλεσχήνευτον
2358 2816 2627 2893 ἑταιρικὸν
2686 2820 3074 2890 καταμωκᾶται
3128 2816 3366 2891 γύναιον,
3421 2811 3609 2870 ἔπειτα
3664 2820 3844 2888 τιτρᾶ-

436 2923 528 2957 ται
583 2898 852 2976 ὀϐελίσκῳ
903 2906 966 2959 τὸ
1024 2905 1138 2973 οῦς,
1206 2907 1297 2959 καὶ
1352 2905 1557 2980 κρόκης
1616 2905 1931 2983 ὲξαφθείσης
1988 2906 2159 2980 κηρὸς
2216 2905 2604 2979 περιπλασθεὶς
2662 2906 2741 2977 τῷ
2799 2902 3148 2980 Ἀνδρονίκου
3221 2905 3636 2982 σφραγιστηρίῳ
3696 2902 3844 2973 ἐνση-

446 2992 691 3065 μαίνεται
722 2990 1023 3065 δακτυλίῳ.
1086 2993 1183 3047 Καὶ
1239 2995 1303 3049 τὸ
1364 2995 1457 3065 μὲν
1513 2991 1709 3050 λοιπὸν
1766 2999 1926 3069 σῶμα
1985 2993 2393 3064 καταδικάζεται
2463 2996 2687 3069 ῥιφῆναι
2749 2996 2921 3069 βυθῷ,
2975 2997 3010 3064 ἡ
3071 2991 3129 3049 δὶ
3183 2992 3397 3070 κεφαλῆ
3455 2994 3841 3066 ἀποτμηθῆναι

437 3081 531 3134 καὶ
589 3079 741 3143 αὖθις
800 3079 1135 3155 Ἀνδρονίκῳ
1193 3089 1650 3157 προσενεχθῆναι.
1723 3083 1824 3137 Καὶ
1878 3083 2042 3159 πέρας
2121 3082 2413 3162 εῗληιρότος
2495 3088 2594 3138 τοῦ
2670 3081 3035 3156 ἐπιτάγματος
3117 3085 3152 3153 ἦ
3233 3084 3326 3157 μὶν
3396 3080 3450 3137 ἐν
3515 3077 3837 3154 παραϐύστῳ

436 3169 577 3223 κατᾶ
640 3171 739 3237 τὴν
800 3167 1105 3246 λεγομένην
1167 3166 1483 3239 Καταϐατήν
1540 3168 1830 3251 διαφίεται,
1896 3173 1958 3227 τὸ
2019 3170 2076 3227 δὲ
2131 3180 2326 3243 σκῆνος
2386 3171 2609 3248 κεράμῳ
2670 3168 2976 3246 μολιϐδίνῳ
3033 3171 3306 3243 ἐνειληθὶν
3362 3176 3478 3234 τοῖς
3538 3170 3847 3235 θαλαττίοις

438 3255 671 3317 κόλποις
702 3254 999 3326 ἐκδίδοται,
1047 3261 1146 3322 τῆς
1207 3256 1460 3330 ἁλιάδος,
1499 3258 1621 3328 ἣτις
1670 3260 1761 3314 τὸν
1822 3260 2172 3333 οἰκτρότατον
2230 3266 2423 3317 τοῦτον
2480 3262 2677 3338 φόρτον
2747 3262 2953 3341 ἀνεῖχε,
3012 3259 3162 3317 δυσὶν
3222 3259 3558 3338 ἀνοιγομένης
3610 3256 3847 3328 ἐνδόξοις

438 3341 662 3418 ἀνδράσι
697 3346 832 3416 μετὰ
869 3343 1101 3417 μολπῶν
1130 3345 1221 3400 καὶ
1248 3345 1428 3419 ᾠδῶν,
1484 3344 1700 3417 δηλαδή
1758 3353 1837 3421 τῷ
1888 3348 1977 3405 ἐπὶ
2032 3355 2128 3404 τοῦ
2183 3348 2493 3406 κανικλείου
2554 3350 2774 3425 ’[ωάννῃ
2831 3355 2909 3422 τῷ
2960 3355 3308 3426 Καματηρῷ,
3364 3347 3423 3404 ὅν
3474 3347 3557 3403 καί
3612 3346 3839 3418 ὕστερον

439 3432 810 3576 ῗρχιποίμενα
859 3435 894 3503 ὴ
960 3438 1073 3489 τῶν
1130 3433 1463 3511 Βουλγάρων
1529 3435 1936 3514 προεδρεύουσα
1992 3436 2181 3515 ἔλαχε,
2238 3439 2327 3496 καὶ
2387 3437 2656 3515 Θεοδώρῳ
2710 3445 2791 3513 τῷ
2845 3440 3107 3514 Χούμνῳ,
3165 3440 3223 3503 ὅς
3278 3441 3548 3512 τετίμητο
3595 3457 3847 3515 χαρτου-

480 3541 654 3576 αοιος.

480 3541 654 3597 αριος.

441 3685 3854 3714 Ἡ

885 3905 893 3911 ’
996 3869 1587 3971 ΒΑΣΙΛΕΙΑ
1664 3872 2489 3971 ΑΝΔΡΟΝΙΚΟΥ
2565 3873 3282 3972 ΚΟΜΝΗΝΟΥ

1830 4103 1920 4155 ΕΝ
1958 4100 2221 4156 ΤΟΜΟΙΣ
2263 4098 2437 4156 ΔΥΣΙ.

1147 4428 1460 4526 1MPE
1478 4425 1650 4524 RII
1717 4426 2077 4524 ANDR

2194 4428 2419 4524 \lICI
2504 4427 2852 4525 COMN
2861 4428 3031 4524 EN
3039 4430 3079 4523 Ι

1959 4619 2148 4676 LIBRI
2186 4619 2330 4675 DUO

530 4950 779 5008 3501.
838 4949 918 5005 Ad
976 4949 1134 5005 hunc
1189 4949 1431 5005 modum
1487 4947 1724 5005 Alexius
1784 4947 2172 5020 imperatorC

454 5040 632 5097 rebus
665 5036 943 5093 humanis
975 5042 1281 5109 exemptus
1312 5042 1422 5106 est,
1454 5054 1608 5094 anno
1638 5037 1824 5093 aetatis
1842 5037 2080 5092 nondun

2214 5034 2456 5117 ’ᾼλὲξιος
2503 5033 2808 5111 ἐγεγένητο,
2866 5038 3030 5105 ζήσας
3086 5035 3180 5091 τὸν
3242 5039 3336 5110 μὶν
3398 5035 3609 5095 ἅπαντα
3668 5043 3877 5117 χρόνον

451 5145 544 5195 xv,
573 5123 804 5197 imperii
851 5126 1021 5179 tertio
1067 5135 1283 5181 exacto.
1335 5126 1499 5189 Quod
1547 5131 1741 5182 tamen
1794 5141 1900 5182 suo
1948 5124 2069 5179 arbi

2213 5115 2305 5194 ἔτη
2345 5125 2420 5197 μὴ
2451 5123 2763 5202 ἀκραιφνῶς
2821 5123 3216 5195 πεντεκαίδεκα,
3265 5125 3390 5200 τρία
3438 5125 3495 5182 δὲ
3545 5129 3604 5184 ἐκ
3654 5115 3873 5186 τούτων

452 5221 610 5272 tratu
661 5229 778 5269 non
837 5211 1042 5283 gessit,
1100 5231 1132 5268 a
1187 5218 1373 5270 matre
1431 5215 1742 5288 principio,
1801 5214 2010 5269 deinde
2071 5231 2080 5268 ι

2213 5210 2399 5286 ἄρξας,
2433 5211 2494 5267 οὗ
2527 5213 2646 5275 καθ’
2694 5213 2880 5267 ἑαυτὸν
2939 5210 2994 5268 δὲ
3043 5214 3132 5268 καὶ
3191 5214 3425 5292 ἀμιγῶς,
3474 5216 3624 5273 ἀλλὰ
3672 5220 3744 5275 τὰ
3782 5221 3879 5292 μὶν

456 5304 687 5362 duobus
719 5301 980 5374 tyrannis
1012 5318 1071 5356 re
1095 5301 1331 5372 publica
1354 5302 1763 5359 administrata
1788 5320 1801 5371 ;
1834 5318 1936 5373 per
1956 5318 2080 5373 quo:

2212 5306 2403 5376 πρῶτα
2437 5301 2540 5357 ὑπὸ
2586 5301 2757 5377 μητρὶ
2812 5302 2911 5370 τήν
2971 5302 3152 5379 ἀρχὴν
3212 5301 3530 5382 διεξαγόύσῃ
3593 5306 3879 5364 παιδοκο-

457 5398 525 5448 ut
553 5409 589 5448 a
617 5392 772 5447 nube
802 5390 888 5445 sol
922 5389 1410 5462 abscondebatur,
1450 5391 1720 5447 ministro
1771 5407 1947 5462 quam
1993 5390 2080 5447 im

2217 5391 2511 5465 μούμενος,
2543 5384 2729 5445 ἔπειτα
2764 5391 2868 5445 ὑπὸ
2917 5389 3066 5446 δυοῖν
3113 5395 3381 5469 τυράννων
3440 5400 3549 5452 τῶν
3602 5399 3879 5476 πραγμά-

462 5481 715 5555 peratori
747 5477 1018 5546 similior,
1049 5494 1183 5533 cum
1223 5496 1291 5534 ea
1343 5481 1550 5535 faceret
1597 5484 1654 5536 et
1692 5480 1928 5551 juberet
1976 5496 2080 5553 qua

2210 5501 2319 5534 των
2348 5487 2448 5550 τῆς
2484 5476 2768 5554 βασιλείας
2798 5478 3220 5555 ἐπειλημμένων
3255 5481 3354 5538 ὅσα
3400 5483 3491 5539 καὶ
3540 5483 3705 5556 ἣλιος
3764 5487 3874 5541 ὑπό

464 5573 850 5645 praeceptores
903 5564 1211 5635 iubebant,
1268 5568 1451 5622 donec
1504 5567 1712 5640 laqueo
1763 5570 2080 5641 prefocatu:

2213 5569 2404 5646 νέφους
2444 5570 2889 5640 συσκιαζόμενος,
2944 5570 3080 5625 ὥστε
3134 5572 3224 5627 καὶ
3287 5570 3697 5647 βασιλευομὲνῳ
3756 5573 3873 5647 ἐῴ-

470 5666 582 5722 est.
614 5660 732 5717 Isto
763 5655 1082 5713 miserabili
1112 5656 1261 5716 357
1314 5657 1567 5715 facinore
1612 5663 1940 5731 perpetrato
1987 5658 2069 5719 An

2214 5678 2295 5714 κει
2354 5656 2568 5730 μᾶλλον
2635 5657 2671 5729 ἢ
2733 5658 3099 5735 βασιλεύοντι,
3157 5661 3329 5717 ἐκεῖνα
3394 5660 3696 5719 ἰπιτάσσων
3774 5663 3873 5721 καὶ

2283 4946 2368 5019 [Ρ.
2406 4946 2528 5019 178]
2559 4951 2625 5005 α’.
2660 4944 2761 5002 Καὶ
2792 4944 2933 5001 οὕτω
2968 4946 3061 5018 μὲν
3110 4945 3162 5018 ἐξ
3214 4947 3514 5024 ἀνθρώπων
3541 4949 3569 5004 ὁ
3605 4950 3874 5026 βασιλεὺς
