4126 6294
258 385 387 450 629

1319 389 1418 448 DE
1461 389 1921 453 ANDRONICO
1965 391 2333 455 COMNENO
2380 397 2527 457 LIB.
2575 397 2624 457 Ι.

3562 400 3684 459 630

249 520 394 594 δρῶν
430 517 531 572 ὅσα
567 516 893 592 εἴσηγοῦντο
931 516 984 570 οἱ
1018 515 1323 586 ἐπιστάται,
1369 519 1535 594 μέχρι
1591 525 1688 576 τοῦ
1729 519 1798 575 δι’
1831 522 1921 598 ἆγ-

2035 527 2312 586 dronicns
2343 530 2562 584 Annam
2593 529 2965 601 imperatoris
2993 527 3177 583 Alexii
3200 544 3502 601 sponsam,
3527 531 3681 602 regis

258 611 439 688 χόνης
469 608 532 662 τὸ
563 605 726 679 πέρας
768 604 1018 677 δέξασθαι
1049 613 1150 676 τῆς
1185 613 1356 677 ζωῆς.
1389 611 1502 676 Τῆς
1562 607 1619 664 δὲ
1675 611 1919 686 πράξεως

257 703 461 771 ταύτης
505 698 649 754 οὕτω
703 699 1096 771 τετελεσμένης
1149 700 1416 775 οίκτρῶς,
1478 703 1772 777 ἁρμόζεται
1803 705 1920 759 Ἀν-

261 789 501 866 δρονίκῳ
574 789 713 863 πρὸς
781 786 1085 862 συμϐίωσιν
1147 791 1323 848 Ἀννα
1379 793 1412 858 ἡ
1488 795 1587 845 τοῦ
1649 792 1920 867 βασιλέως

258 880 504 952 Ἀλεξίου
591 881 827 951 μνηστὴ,
887 879 1126 953 θυγάτηρ
1206 878 1340 934 οὖσα
1398 884 1496 934 τοῦ
1579 881 1677 948 τὴν
1740 881 1918 955 ἀρχὴν

2031 616 2383 672 Francorum
2443 616 2624 672 ﬁliam
2687 617 3061 673 matrimonio
3111 618 3223 672 sibi
3267 617 3484 689 jungit,
3533 617 3676 673 nihil

2029 707 2455 762 verecundatus
2533 708 2740 763 effetus
2815 711 2873 762 et
2942 708 3132 762 vietus
3210 723 3386 763 senex
3457 707 3681 763 sobrini

2032 811 2269 850 uxorem
2342 795 2858 862 adolescentulam,
2934 812 3164 852 roseam
3241 802 3298 851 et
3375 796 3678 864 tenellam,

2030 885 2292 938 nondum
2325 901 2508 940 annos
2535 902 2591 939 xx
2624 889 2844 949 natam,
2873 901 2976 956 per
3005 885 3168 940 nefas
3209 883 3501 955 amplecti.

253 974 362 1023 τῶν
397 969 672 1042 Φράγγων
707 964 1002 1028 διέποντος.
1036 968 1142 1022 Καὶ
1173 967 1273 1022 οὐκ
1299 967 1570 1042 ᾐσχύνετο
1602 969 1854 1041 Κρονίων
1910 970 2127 1038 ἀπόζων
2185 971 2405 1044 ἀνεψιοῦ
2461 970 2675 1044 γυναικὶ
2738 971 3110 1046 μιλτοπαρήῳ
3165 971 3256 1026 καὶ
3314 975 3551 1051 τρυφερᾷ
3581 974 3673 1028 καὶ

268 1061 438 1132 μήπω
468 1058 532 1113 τὸ
566 1053 844 1111 ἑνδέκατον
869 1054 992 1118 ἔτος
1021 1055 1307 1128 ἐξηνυκυίᾳ
1335 1059 1821 1132 συγκατακείμενος
1858 1058 2154 1132 ἀθεμίτως,
2186 1061 2830 1136 καὶπαραγκαλιζόμενος
2863 1061 3087 1116 ὁπέπων
3120 1063 3218 1130 τὴν
3254 1063 3681 1139 όμςρακίζουσαν⁹

257 1150 284 1201 6
322 1147 618 1222 ὑπέρωρος
655 1146 755 1213 τὴν
793 1142 1015 1214 ἡλικίαν
1043 1147 1143 1214 τήν
1178 1145 1488 1220 ὀρθότιτθον
1522 1144 1761 1217 νεάνιδα,
1789 1147 1879 1202 καὶ
1908 1149 1935 1201 6
1969 1147 2146 1224 ῥικνὸς
2178 1153 2256 1220 τῷ
2287 1151 2476 1224 χρόνῳ
2507 1150 2597 1204 καὶ
2625 1151 2870 1225 χαλαρὸς
2897 1152 2996 1220 τὴν
3031 1147 3432 1226 ῥοδοδάκτυλον
3455 1151 3680 1225 κορίσκη

263 1237 356 1291 καὶ
389 1233 584 1310 δρόσον
615 1229 824 1308 ἔρωτος
856 1233 1171 1302 στάζουσαν.

330 1323 670 1387 Βασιλεύσας
727 1321 774 1378 δ’
826 1321 1176 1398 ’Λνδρόνικος
1236 1323 1461 1380 αἰτεῖται
1515 1327 1606 1380 τὸν
1658 1327 1928 1400 πατριάρ-

263 1435 374 1489 χην
429 1411 709 1470 Βασίλειον
780 1413 870 1466 καὶ
919 1414 1018 1481 τήν
1078 1413 1202 1468 τότε
1258 1411 1482 1468 σύνοδον
1539 1413 1766 1484 λυθῆναι
1825 1419 1924 1470 τοῦ

259 1505 425 1576 ὅρκου
457 1502 518 1557 δν
551 1503 699 1577 εἶχεν
734 1502 895 1566 αὐτὸς
925 1504 1240 1576 ὀμωμοκὼς
1266 1508 1346 1575 τῷ
1392 1503 1608 1579 βασιλεῖ
1662 1503 1922 1572 Μανουὴλ

258 1595 458 1664 καὶτῷ
491 1591 695 1646 ἐκείνου
746 1590 1087 1664 ταλαιπώρῳ
1143 1589 1321 1660 παιδὶ,
1379 1595 1466 1647 καὶ
1503 1595 1553 1647 oi
1612 1591 1777 1648 ἃλλοι
1827 1594 1920 1646 σὺν

257 1682 438 1754 τούτῳ
497 1681 698 1742 πάντες
747 1681 883 1753 (13),
943 1679 1061 1735 ὅσοι
1120 1676 1427 1756 παραϐάται
1487 1678 1745 1757 ὤφθησαν
1812 1686 1921 1737 τῶν

269 1769 712 1842 ὀμωμοσμένων.
746 1768 847 1822 Καὶ
878 1769 928 1821 οἱ
965 1769 1086 1840 μὲν,
1118 1768 1192 1830 ὡς
1246 1768 1292 1822 εἰ
1347 1766 1566 1842 δεσμεῖν
1616 1766 1930 1845 ἀδιαφόρως

266 1859 354 1914 καὶ
391 1858 543 1913 λύειν
573 1858 638 1912 τὰ
669 1859 843 1912 πάντα
872 1856 1132 1935 εἰλήφασι
1171 1859 1306 1932 πρὸς
1367 1863 1526 1927 Θεοῦ,
1583 1860 1788 1932 τόμους
1821 1858 1928 1926 ἐξέ-

259 1951 411 2004 Οεντο
445 1946 637 2002 αὐτίκα
670 1944 742 2001 δι’
776 1947 848 2000 ὧν
882 1947 1184 2020 ἀμνηστίαν
1244 1953 1352 2003 τῶν
1401 1949 1584 2021 ηνομη
1599 1949 1774 2020 μένων
1811 1952 1928 2008 τοῖς

271 2039 350 2110 μή
383 2036 630 2112 εύόρκοις
685 2032 932 2091 ἐδίδοσαν
990 2037 1348 2108 ἁπαξάπασιν.
1400 2037 1462 2093 Ὀ
1512 2034 1570 2090 δὶ
1599 2037 1674 2098 ὡς
1709 2049 1926 2109 θαυμα-

269 2129 399 2197 στήν
432 2147 549 2181 τινα
590 2125 823 2200 παρέχει
881 2127 983 2195 τήν
1043 2120 1285 2196 ἀμοιϐὴν
1339 2131 1456 2188 τοῖς
1483 2129 1592 2180 τῶν
1625 2124 1928 2198 ἐπιταγμά-

259 2237 372 2270 των
428 2215 594 2270 αύτοῦ
647 2213 996 2288 πληρωταῖς.
1044 2215 1108 2269 Ἡ
1141 2211 1198 2268 δὲ
1254 2214 1323 2282 ἦν
1352 2213 1445 2267 καὶ
1471 2219 1580 2268 τῶν
1637 2214 1763 2268 τότε
1832 2213 1926 2285 μὶν

256 2303 587 2371 αἰτηθέντων
652 2300 814 2379 ῥᾳδία
895 2303 1260 2376 τερμάτωσις,
1318 2299 1353 2355 ἄ
1415 2302 1583 2378 μικρὰ
1657 2299 1925 2372 δήπουθεν

262 2398 398 2462 ἦσαν
437 2393 528 2448 καὶ
587 2393 714 2466 περὶ
777 2396 985 2466 μικρῶν
1050 2390 1427 2466 ὑφηγούμεναο
1478 2394 1512 2460 ὴ
1574 2388 1630 2446 δὲ
1692 2392 1924 2467 μεγίστη

261 2486 322 2538 τὸ
368 2481 705 2557 συνεδρεύειν
754 2479 989 2542 ἐκείνους
1047 2479 1193 2553 αὐτῷ
1252 2478 1664 2554 σκιμποδίσκων
1695 2500 1930 2554 παρατι-

260 2571 496 2644 θεμένων
547 2571 637 2624 καὶ
670 2568 1182 2644 παρεισφερομένων
1239 2573 1319 2640 τῷ
1404 2567 1668 2644 βασιλείῳ
1727 2570 1927 2643 θρόνῳ,

260 2662 288 2714 6'
320 2662 410 2714 καὶ
445 2661 557 2734 οὐχ
585 2662 751 2728 ἧττον
785 2659 864 2722 εἷς
893 2659 1110 2733 γέλωτα
1141 2663 1250 2713 τῶν
1283 2655 1563 2730 ἑλομένων
1621 2658 1712 2711 καὶ
1760 2677 1929 2711 κατα-

258 2742 567 2822 δεξαμένων
599 2749 904 2823 ἀρχιερέων
937 2747 1037 2802 οὐκ
1094 2747 1180 2802 ἐπὶ
1237 2751 1463 2820 συχναῖς
1520 2745 1755 2820 ἡμέραις
1787 2766 1928 2816 συμ-

265 2832 363 2890 ϐὰν
423 2836 565 2909 ἥπερ
626 2834 911 2914 φαντασίαν
965 2841 1138 2907 τιμῆς
1185 2833 1275 2888 καὶ
1335 2831 1498 2903 δόξης
1545 2829 1805 2906 ἴνδαλμα,
1839 2831 1928 2887 ἐπὶ

269 2930 374 2996 τήν
414 2929 676 3000 προτέραν
735 2925 1001 2996 ἐπανῆλθε
1059 2928 1371 2996 συνήθειαν,
1429 2925 1568 2979 καθὰ
1621 2925 1714 2979 καὶ
1768 2924 1929 2994 ξύλον

2109 1330 2247 1401 Ejus
2279 1331 2482 1386 nefarii
2539 1332 2654 1386 voti
2715 1347 2955 1402 compos
3013 1333 3204 1388 factus
3257 1350 3291 1389 a
3350 1333 3686 1404 patriarcha

2036 1435 2142 1474 suo
2172 1424 2228 1474 et
2258 1419 2504 1474 concilio
2537 1421 2710 1474 aliam
2745 1420 2992 1491 gratiam
3013 1421 3173 1492 petit,
3193 1422 3684 1492 ntjurejnrando,

2035 1509 2189 1578 quod
2215 1508 2554 1579 imperatori
2585 1508 2840 1564 Manueli
2873 1513 2931 1564 et
2957 1509 3178 1565 infelici
3210 1511 3340 1581 ejus
3361 1510 3481 1567 filio
3512 1511 3681 1567 dede-

2035 1601 2143 1662 rat,
2203 1597 2484 1661 solvatur,
2543 1614 2610 1652 ac
2667 1597 2859 1652 ceteri
2917 1615 3034 1652 una
3102 1615 3252 1670 quos
3327 1600 3680 1656 sacramenti

2032 1690 2262 1755 ceperat
2317 1685 2552 1741 oblivio.
2627 1685 2714 1740 llli
2787 1701 2940 1752 vero,
3017 1689 3184 1755 quasi
3260 1689 3481 1757 absque
3561 1688 3678 1744 ullo

2033 1774 2374 1830 discrimine
2429 1781 2485 1829 et
2537 1773 2827 1830 vinciendi
2887 1784 2943 1829 et
3019 1775 3279 1830 solvendi
3359 1777 3681 1847 quemlibet

2035 1867 2377 1934 potestatem
2435 1862 2716 1919 divinitus
2779 1863 3142 1934 accepissent
3190 1863 3389 1919 statim
3468 1864 3682 1921 litteris

2033 1952 2264 2023 publice
2294 1953 2486 2008 afﬁxis
2515 1951 2932 2024 impunitatem
2967 1953 3248 2008 scelerum
3283 1953 3522 2023 perfidis
3551 1971 3684 2010 con-

2033 2045 2356 2098 cesserunt.
2378 2040 2748 2096 Andronicus
2769 2055 2902 2096 vero
2929 2040 3301 2112 pontiﬁcibus
3326 2040 3686 2113 illiusjuris-

2035 2131 2273 2201 iurandi
2302 2129 2664 2186 solutoribns
2695 2145 2868 2199 quam
2901 2130 3192 2202 egregiam
3227 2131 3477 2202 gratiam
3528 2132 3682 2189 858

2034 2218 2275 2274 retulit?
2304 2218 2384 2274 Ea
2413 2219 2523 2274 fuit
2553 2222 2618 2273 ut
2648 2219 2913 2288 quaedam
2944 2217 3184 2273 levicula
3231 2235 3432 2274 eorum
3484 2227 3684 2289 postu-

2034 2308 2154 2364 lata
2186 2308 2434 2375 ﬁerent;
2466 2307 2758 2363 maximus
2784 2323 2920 2362 vero
2951 2307 3001 2362 is
3043 2307 3229 2363 honos
3271 2308 3382 2363 fuit
3439 2313 3502 2364 ut
3544 2310 3686 2366 sub-

2035 2395 2221 2452 selliis
2251 2395 2325 2450 ad
2355 2395 2568 2450 solium
2603 2394 2976 2466 imperatoris
3015 2395 3310 2452 collocatis
3369 2397 3421 2451 ei
3460 2397 3686 2454 asside-

2035 2493 2198 2541 rent:
2261 2485 2362 2556 qui
2422 2501 2559 2540 oum
2625 2501 2842 2556 paucos
2910 2485 3036 2540 dies
3111 2487 3401 2553 durasset,
3474 2488 3686 2544 umbra

2037 2573 2234 2644 potius
2267 2573 2507 2628 honoris
2539 2589 2714 2643 quam
2747 2589 2918 2628 verus
2970 2572 3179 2639 honos,
3229 2575 3530 2630 materiam
3581 2592 3682 2630 eos

2035 2662 2266 2716 ridendi
2315 2661 2566 2732 prtsbnit
2617 2661 2867 2732 pristina
2918 2663 3343 2716 consuetudine
3391 2668 3680 2729 revocata,

2031 2751 2220 2805 instar
2248 2749 2302 2804 vi
2359 2749 2581 2804 curvati
2615 2748 2781 2820 ligni,
2843 2749 3003 2819 quod
3066 2749 3329 2804 laxatum
3389 2751 3460 2806 ad
3511 2767 3680 2806 suam

2035 2844 2304 2895 naturam
2339 2839 2663 2895 revertitur.
2698 2843 2821 2893 Imo
2853 2854 2918 2895 ea
2951 2855 3044 2894 res
3085 2840 3429 2910 dignitatem
3480 2857 3683 2896 eorum

2036 2929 2290 2984 multum
2322 2927 2640 2984 imminuit.
2671 2927 2818 2982 Nam
2870 2927 3238 2982 Andronicus
3289 2945 3360 2983 ne
3415 2930 3680 2986 omnium

255 3014 535 3077 ἐπικλινὶς
602 3015 692 3090 βίᾳ
742 3017 874 3090 πρὸς
953 3016 1054 3085 τήν
1139 3014 1408 3088 προτέραν
1471 3013 1580 3084 ἕξιν
1647 3013 1913 3069 ἐπάνεισιν

2040 3018 2377 3073 mortalium
2409 3016 2747 3072 levissimus
2778 3020 2836 3070 et
2864 3016 2922 3071 in
2953 3017 3097 3071 actis
3130 3017 3255 3074 suis
3286 3035 3497 3088 parum
3543 3035 3680 3074 con-

251 3104 452 3160 ἀνεθέν.
492 3101 716 3162 Μᾶλλον
745 3105 837 3177 μὲν
873 3102 964 3159 οὗν
1019 3105 1108 3158 καὶ
1176 3103 1382 3174 ταύτης
1439 3100 1584 3157 πολὺ
1623 3103 1915 3178 παρεσπά-

252 3213 406 3250 σατο·
436 3193 524 3248 ’ίνα
554 3195 658 3270 γὰρ
699 3195 774 3266 μὴ
810 3191 948 3267 δοκῇ
1011 3189 1364 3264 Ἀνδρόνικος
1411 3187 1918 3264 παλιμϐολώτατος

252 3285 557 3359 ἀνθρώπων
643 3283 735 3337 καὶ
831 3283 1088 3336 ἀστασίαν
1147 3282 1316 3349 ἤθους
1395 3279 1484 3334 ἐπὶ
1552 3286 1672 3341 ταῖς
1729 3281 1924 3335 ἑαυτοῦ

258 3375 479 3448 πράξεσι
513 3373 800 3440 νοσῶν,τὸ
856 3370 931 3432 εἷς
979 3369 1102 3444 ὄψιν
1155 3368 1344 3442 ἐκείνῳ
1411 3369 1586 3425 ἐλθεῖν
1621 3370 1674 3423 οἱ
1729 3369 1922 3447 ἀρχιε-

2038 3113 2194 3164 stare
2225 3107 2336 3162 sibi
2369 3105 2681 3174 videretur,
2734 3105 3039 3176 pontiﬁces
3091 3105 3222 3162 illos
3273 3105 3333 3160 in
3380 3106 3687 3178 splendido

2039 3196 2182 3252 solio
2215 3196 2426 3252 sedens
2455 3211 2569 3249 non
2605 3194 2770 3250 facile
2802 3195 3171 3250 admittebat.
3224 3195 3310 3250 Ita
3361 3195 3462 3265 qui
3514 3199 3684 3266 paulo

2033 3290 2166 3341 ante
2211 3284 2585 3356 imperatorio
2643 3300 2924 3340 consessu
3000 3283 3428 3355 gloriabantur,
3504 3286 3680 3358 idque

2031 3375 2140 3430 sibi
2175 3372 2479 3443 premium
2514 3377 2578 3426 ut
2608 3371 2883 3427 fidelibus
2915 3371 3203 3428 ministris
3249 3374 3452 3429 datum
3483 3375 3677 3429 verbis

261 3468 371 3537 ρεῖς
400 3463 549 3517 οὗτοι
585 3460 693 3534 οὐχ
733 3459 977 3534 εὕρισκον
1012 3458 1234 3537 εὐχερὲς
1294 3457 1380 3512 ἐπὶ
1439 3458 1688 3531 βήματος
1744 3469 1920 3528 καθη-

2034 3459 2316 3516 Davidicis
2338 3459 2652 3530 jactarent,
2687 3467 2808 3514 tum
2852 3457 3132 3514 involutis
3177 3459 3468 3529 capitibus
3518 3476 3674 3516 rece-

263 3552 410 3625 μένῳ
445 3551 735 3624 μετέπειτα
768 3547 1048 3624 λαμπροῦ.
1083 3547 1180 3602 Καὶ
1212 3548 1264 3602 o't
1297 3549 1383 3620 [P.
1423 3548 1542 3619 l79]
1585 3547 1692 3621 πρὸ
1715 3551 1913 3620 μικροῦ

2034 3550 2227 3605 ientes
2255 3565 2379 3604 sese
2438 3548 2886 3614 miserabantur,
2943 3547 3095 3616 quod
3153 3547 3225 3602 iis
3285 3548 3492 3604 solutis
3543 3566 3672 3618 qua

247 3644 314 3712 τῇ
350 3638 616 3714 βασιλικῇ
669 3636 921 3710 συνεδρίᾳ
976 3635 1387 3709 σεμνυνόμενοι,
1416 3636 1507 3691 καὶ
1538 3635 1700 3710 γέρας
1749 3633 1909 3705 εἰλη-

2034 3638 2291 3694 Iolvenda
2322 3654 2434 3693 non
2468 3642 2685 3703 essent,
2720 3655 2753 3692 a
2789 3638 2897 3692 Deo
2937 3636 3282 3692 defecissent
3328 3641 3386 3692 et
3433 3638 3654 3692 deriso-

245 3729 402 3805 φέναι
439 3733 604 3783 τοῦτο
638 3723 941 3784 Δαυῖδικῶς
983 3725 1058 3786 ὼς
1089 3723 1273 3778 πιστοὶ
1329 3730 1432 3793 τῆς
1488 3730 1590 3799 γῆς
1645 3723 1903 3798 βρενθυό-

2016 3741 2136 3781 rem
2170 3725 2560 3781 Andronicum
2593 3726 2811 3780 frustra
2841 3725 3178 3780 coluissent.

244 3838 424 3891 μενοι,
453 3819 578 3872 τότε
610 3815 933 3871 ὑπενόστουν
962 3807 1389 3888 ἐγκαλυτόμενοι
1426 3811 1516 3867 καὶ
1548 3811 1925 3881 ταλανίζοντες
1954 3812 2198 3884 ἕαυτοὺς,
2233 3813 2315 3874 οἷς
2345 3815 2482 3866 Θεοῦ
2513 3811 2820 3881 ἀπέστησαν
2877 3813 2944 3866 τὰ
2982 3811 3154 3866 ἄλυτα
3186 3810 3404 3874 λύοντες
3441 3815 3530 3866 καὶ
3561 3813 3656 3868 τὸν

238 3908 555 3979 ἐμπαίκτην
597 3902 852 3972 διακενῆς
877 3901 1223 3974 Ἀνδρόνικον
1256 3900 1662 3977 θεραπεύοντες.

312 4000 402 4058 Ὧς
461 3994 520 4050 δὶ
577 3996 646 4050 τὰ
701 3994 837 4048 κατᾶ
886 3993 986 4060 τήν
1037 3991 1336 4067 ἀνάρρησιν
1391 3996 1494 4046 τοῦ
1555 3987 1910 4066 Ἀνδρονίκου

239 4087 334 4142 καὶ
361 4087 462 4154 τήν
491 4083 760 4158 ἀναίρεσιν
792 4081 1042 4152 Ἀλεξίου
1097 4085 1194 4135 τοῦ
1258 4078 1528 4155 βασιλέως
1566 4077 1712 4149 δῆλα
1769 4079 1904 4149 ἦσαν

240 4162 479 4248 Ἀλεξίῳ
506 4195 566 4228 τε
619 4177 698 4244 τῷ
737 4174 918 4240 Βρανᾷ
969 4171 1062 4224 καὶ
1119 4166 1452 4244 Ἀνδρονίκῳ
1506 4173 1584 4240 τῷ
1646 4167 1907 4244 Λαπαρδᾷ

241 4270 368 4327 τοῖς
424 4267 533 4318 τῶν
593 4261 889 4335 ταγμάτων
959 4263 1282 4333 στρατηγοῖς
1370 4259 1506 4332 ἅπερ
1591 4257 1904 4335 ἀντεφέρετο

245 4353 387 4408 κατὰ
415 4353 508 4407 τὸν
559 4351 727 4408 Νίσον
782 4349 871 4403 καὶ
901 4349 1003 4415 τὴν
1055 4344 1415 4422 Βρανίτζοϐαν
1469 4349 1550 4417 τῷ
1603 4352 1704 4415 τῆς
1764 4347 1905 4422 Ούγ-

247 4443 411 4519 γρίας
444 4440 577 4516 ῥηγὶ
634 4443 715 4511 τῷ
749 4437 914 4508 Βελᾷ,
969 4441 1262 4511 πορθοῦντι
1313 4435 1381 4491 τὰ
1438 4434 1552 4490 έκεῖ
1579 4437 1756 4491 πάντα
1812 4435 1901 4491 καὶ

251 4537 508 4588 ποιοῦντι
563 4534 746 4592 κακῶς
804 4535 920 4590 τοῖς
963 4528 1186 4607 ξίφεσιν,
1256 4527 1450 4600 ἆτερος
1515 4528 1608 4600 μὶν
1649 4531 1758 4582 τῶν
1813 4527 1908 4600 ἀρ-

253 4627 453 4698 χηγῶν
485 4622 514 4676 6
545 4617 837 4692 Λαπαρδᾶς
865 4614 1190 4694 ἆπειρητέαν
1243 4617 1460 4690 κέκρικε
1501 4618 1600 4685 τήν
1656 4617 1800 4686 ζωὴν
1829 4615 1920 4670 καὶ

254 4715 354 4780 τήν
414 4705 720 4786 εύρυχανδῆ
781 4706 934 4782 γένυν
997 4703 1347 4780 Ἀνδρονίκου
1432 4702 1521 4759 διὰ
1575 4704 1770 4766 παντὸς
1828 4704 1923 4760 ὓπ-

260 4798 526 4858 εϐλέπετο
556 4798 924 4873 καταχάσκειν
983 4795 1168 4851 ἔκτοτε
1219 4793 1530 4868 μέλλουσαν
1589 4795 1679 4850 καὶ
1733 4795 1919 4849 αὐτοῦ·

258 4894 287 4947 6
321 4890 380 4947 δέ
404 4911 467 4965 γε
495 4893 694 4964 Βρανᾶς
729 4886 979 4960 ἀσμένως
1017 4885 1118 4952 τήν
1154 4886 1436 4957 μετάθεσιν
1494 4891 1591 4954 τῆς
1643 4883 1926 4959 βασιλείας

263 4975 688 5056 ὑπέφερεν,ἣδη
737 4980 817 5048 τῷ
876 4978 1031 5049 χορῷ
1083 4972 1372 5052 ἐγγραφεὶς
1432 4975 1517 5034 οἷς
1578 4971 1925 5047 Ἀνδρόνικος

262 5061 635 5145 προσέϐλεπεν
668 5066 892 5139 ἥμερον.
957 5059 1178 5123 Πολλὰς
1238 5063 1328 5117 οὗν
1385 5064 1413 5117 ὁ
1473 5060 1763 5138 Λαπαρδᾶς
1807 5064 1927 5119 Ἀν-

262 5159 517 5236 δρόνικος
573 5153 732 5217 ὁδοὺς
788 5153 1126 5228 τραπόμενος
1183 5152 1559 5226 ἐνθυμήσεων,
1643 5155 1733 5210 καὶ
1791 5154 1929 5209 κατὰ

259 5253 396 5308 κύνα
429 5249 702 5307 Λάκαιναν
756 5244 824 5314 ἤν
884 5248 1151 5309 θευσεῖται
1192 5241 1593 5318 ἲχνηλατήσας,
1658 5245 1782 5317 μίαν
1837 5245 1930 5298 εῦ-

264 5363 417 5419 ρισκε
449 5340 728 5409 σώζουσαν
760 5335 1000 5410 ἀτραπὸν
1040 5334 1103 5389 τὸ
1155 5338 1255 5403 τῆς
1315 5330 1492 5408 ὅψεως
1539 5336 1630 5391 καὶ
1687 5333 1928 5409 ἐξουσίας

264 5428 684 5498 ἀποπλάζεσθαι
716 5422 1083 5499 ’Δνδρονίκου.
1119 5421 1220 5477 Καὶ
1282 5423 1426 5496 εἶχεν
1486 5423 1544 5478 ἂν
1608 5425 1799 5480 ἑαυτὸν
1858 5422 1929 5479 ἄ..

2089 3995 2242 4052 259
2277 3992 2350 4049 Ut
2394 3995 2591 4049 autem
2639 3993 2956 4048 Andronici
3005 3993 3332 4065 designatio
3376 3998 3433 4050 et
3473 3992 3661 4050 Alexii

2015 4084 2387 4156 imperatoris
2418 4082 2722 4139 sutfocatio
2751 4082 2949 4139 Alexio
2983 4083 3182 4139 Brants
3227 4090 3287 4141 et
3328 4086 3662 4142 Andronico

2019 4175 2287 4245 Lapardm
2342 4173 2640 4245 legionum
2693 4173 2964 4241 ducibus,
3020 4175 3121 4245 qui
3199 4176 3272 4230 ad
3342 4175 3545 4232 Nisum
3605 4180 3660 4233 et

2017 4261 2396 4317 Branizobam
2431 4260 2735 4331 Hnngariae
2767 4259 2887 4331 regi
2938 4262 3086 4316 Belis
3136 4263 3489 4320 resistebant
3534 4264 3665 4322 loca

2013 4351 2114 4406 illa
2143 4351 2344 4407 omnia
2372 4352 2524 4406 ferro
2571 4355 2625 4405 et
2674 4349 2795 4420 igni
2847 4351 3123 4419 vastanti,
3175 4353 3503 4423 significata
3552 4362 3664 4420 est,

2016 4441 2313 4512 Lapardas
2395 4440 2527 4494 vita;
2604 4456 2708 4511 spe
2780 4439 3008 4509 abjecta
3081 4445 3278 4496 vastas
3347 4442 3666 4497 Andronici

2023 4528 2288 4585 maxillas
2319 4535 2598 4599 perpetuo
2630 4527 3005 4596 formidabat,
3057 4531 3120 4582 ut
3163 4528 3407 4598 jamjam
3459 4529 3533 4584 ab
3595 4530 3667 4585 iis

2028 4618 2416 4684 devorandas,
2451 4622 2670 4672 Branas
2697 4633 2832 4672 vero
2872 4617 2994 4686 jam
3049 4619 3107 4671 in
3158 4633 3468 4672 numerum
3518 4618 3668 4672 ami-

2029 4721 2231 4762 corum
2263 4704 2574 4761 Andronici
2607 4709 2946 4776 assumptus
2989 4705 3217 4776 imperii
3268 4705 3669 4763 multationem

2031 4793 2203 4849 alacri
2238 4793 2434 4847 animo
2468 4793 2704 4848 ferebat.
2739 4793 2890 4848 Alter
2936 4809 3070 4849 vero
3117 4793 3296 4849 variis
3347 4794 3672 4851 rationibus

2031 4883 2185 4955 apud
2219 4881 2479 4936 animum
2514 4897 2688 4936 suum
2722 4880 2904 4949 initis,
2938 4887 2995 4938 et
3030 4899 3187 4938 more
3219 4883 3485 4938 Laconici
3507 4883 3673 4941 canis

2031 4970 2313 5044 vestigata
2367 4970 2459 5025 via
2516 4986 2693 5040 quam
2751 4969 3070 5042 insisteret,
3145 4973 3206 5027 in
3282 4990 3348 5029 eo
3424 4973 3673 5031 salutem

2034 5077 2200 5116 suam
2233 5076 2364 5116 esse
2394 5058 2640 5130 positam
2691 5059 3124 5130 animadvertit,
3171 5067 3233 5116 ut
3280 5078 3311 5118 θ
3359 5069 3673 5134 conspectu

2035 5159 2090 5206 et
2127 5154 2410 5222 potestate
2468 5149 2781 5204 Andronici
2841 5167 3018 5221 quam
3079 5152 3419 5224 longissimo
3469 5153 3673 5208 abiret.

2036 5241 2198 5305 Quod
2231 5239 2541 5295 consilium
2575 5239 2622 5293 si
2659 5245 3001 5310 persecutus
3033 5246 3189 5296 esset
3219 5258 3324 5297 nec
3355 5241 3485 5298 aliis
3507 5241 3677 5296 rebus

2037 5330 2301 5385 animum
2347 5330 2678 5403 adjecisset,
2736 5329 3015 5387 evasisset
3069 5331 3402 5388 incolumis.
3463 5329 3676 5386 Verum

2037 5437 2172 5477 cum
2231 5437 2436 5478 nocere
2493 5425 2731 5494 cuperet
2785 5421 3114 5478 Andronico
3179 5427 3237 5478 et
3309 5419 3679 5494 imperatoris

1683 5553 1828 5615 Hier
1856 5549 2073 5614 Wolﬁi
2101 5553 2290 5611 notae.

339 5697 457 5772 (t3)
482 5694 642 5752 Alter
669 5691 836 5764 plura
865 5687 1123 5762 perjuria
1149 5686 1357 5745 tribuit
1385 5687 1734 5758 Andronico,
1769 5687 1916 5744 alter
1941 5683 2252 5743 factionem
2278 5685 2400 5754 eius
2431 5686 2633 5742 eodem
2665 5685 2909 5743 crimine
2939 5683 3198 5741 involvit.
