4126 6294
481 355 596 417 681

1801 354 2122 419 ΝΙΟΕΤΕ
2164 348 2611 414 ΟΗΟΝΙΔΤΒ.

482 488 861 561 parricidium
919 489 1141 556 ulcisci.
1197 491 1411 548 deﬁcit.
1469 496 1543 551 Et
1597 492 1736 564 quia
1786 491 2015 548 videbat
2058 488 2120 544 in

2236 487 2382 551 παθῆ
2413 483 2595 536 κακῶν
2651 475 3012 553 διατηρήσας,
3040 478 3088 533 εί
3124 481 3195 553 τῇ
3226 476 3399 553 βουλῇ
3437 481 3595 557 ταύτῃ
3636 483 3829 557 ὶπέμενε

487 576 799 634 Occidente
836 577 1030 634 locum
1062 579 1169 634 sibi
1206 597 1321 636 non
1354 581 1644 650 futurum,
1693 596 1799 637 nec
1847 578 2130 651 collegam

2236 572 2326 626 καὶ
2378 571 2458 641 μὴ
2518 568 2654 642 πρὸς
2703 569 2895 644 πρᾶξιν
2955 567 3138 642 δτέραν
3199 564 3635 640 μετακεκύϐευτο.
3692 573 3831 647 Ἐρα-

486 667 747 723 Alexium
778 671 1027 724 Branam
1072 685 1389 740 passurum
1441 671 1657 728 moveri
1704 671 1860 728 εσυ
1908 667 2129 740 aliquid

489 759 690 811 contra
721 756 1141 827 Andronicum,
1195 760 1255 814 in
1305 759 1596 817 Orientem
1646 759 1835 832 magis
1882 757 1994 814 sibi
2043 757 2130 811 fa-

488 843 780 901 miliarem
836 845 1088 903 intendit
1146 848 1433 919 animum,
1507 850 1725 921 quippe
1798 847 1899 904 ubi
1981 859 2135 916 sel”

484 933 742 990 maxima
783 936 1025 1006 imperia
1083 938 1385 1010 gessisset,
1431 944 1489 993 et
1532 938 1802 994 homines
1852 935 1925 992 ad
1976 935 2136 990 defe-

478 1022 734 1079 ctionem
767 1040 933 1095 teque
962 1042 1286 1098 propensos
1316 1043 1445 1083 esse
1474 1026 1674 1084 sciret.
1707 1030 1911 1097 Itaque
1936 1024 2133 1079 Branss

487 1110 723 1185 college
755 1116 1069 1185 persuadet
1098 1121 1164 1171 ut
1200 1116 1415 1173 ibidem
1466 1120 1816 1188 perseveret,
1865 1115 2009 1170 dum
2060 1112 2133 1167 ad

486 1207 777 1257 recentem
837 1202 1253 1275 imperatorem
1313 1204 1762 1277 prcﬁsceretur:
1821 1204 1951 1277 ipse
2013 1206 2134 1257 sta-

487 1290 596 1346 tim
627 1290 738 1346 iter
765 1291 1093 1365 ingressus,
1154 1295 1371 1351 famam
1429 1311 1498 1351 ea
1553 1310 1786 1366 quoque
1837 1309 1965 1364 qua;
2023 1291 2134 1348 sub

485 1384 647 1437 terra
674 1380 859 1438 latent
901 1383 1249 1455 perspicere,
1281 1388 1340 1440 et
1395 1384 1594 1440 futura
1646 1399 1795 1455 saepe
1851 1388 2133 1452 tanquam

486 1476 645 1533 facta
670 1474 1043 1547 promulgare
1081 1474 1330 1544 solitam,
1365 1474 1690 1531 antevertit.
1728 1474 1833 1531 Ubi
1881 1471 2135 1530 Orestis-

492 1566 650 1634 dem,
682 1580 809 1634 qua:
852 1579 1009 1619 nunc
1056 1563 1469 1636 Adrianopolis
1516 1562 1860 1637 appellatur,
1917 1562 1978 1617 in
2031 1578 2133 1632 pa-

494 1654 661 1710 triam
693 1668 862 1709 suam
915 1654 1197 1725 pervenit,
1256 1653 1551 1726 paulisper
1607 1652 1689 1710 ibi
1744 1656 2138 1709 commoratus

492 1745 636 1801 dum
666 1761 895 1801 sorores
924 1745 1224 1818 salutaret,
1255 1763 1371 1801 non
1416 1744 1662 1801 ulterius
1711 1744 2137 1811 cunctandum,

2236 658 2382 724 σθείς
2434 654 2492 713 δὶ
2521 661 2702 718 κακῶς
2762 653 2976 731 δράσειν
3044 653 3386 731 Ἀνδρόνικον
3413 659 3618 729 καὶτῆς
3647 661 3715 725 εὶς
3758 663 3833 717 τὸν

2235 748 2425 823 κύριον
2482 747 2573 801 καὶ
2630 745 2862 821 βασιλέα
2911 744 3258 819 παρανομίας
3310 746 3620 820 ἀμύνασθαι,
3680 750 3835 826 θαρρεῖ

2237 839 2338 908 τὴν
2367 837 2688 904 ἀπόστασιν,
2721 835 2812 889 καὶ
2833 835 2933 903 τήν
2975 831 3189 908 δυσμὴν
3223 835 3365 911 ὁρῶν
3398 837 3460 891 ού
3519 840 3833 912 χωρνςσουσαν

2238 926 2401 982 αὐτὸν
2437 928 2584 1000 μήτε
2613 926 2721 998 μὴν
2753 922 3195 1005 παραδεξομένην
3250 926 3348 994 τήν
3377 928 3489 981 κατ’
3528 924 3832 1001 Ἀνδρονίκου

2240 1017 2419 1091 ὁρμήν
2454 1013 2545 1070 διὰ
2570 1015 2661 1069 τὸν
2694 1014 2937 1088 παρόντα
2981 1015 3075 1069 καὶ
3127 1018 3592 1089 συστρατηγοῦντα
3639 1018 3833 1089 Βρανᾶν,

2237 1105 2335 1173 τήν
2373 1102 2448 1159 ἓω
2501 1104 2821 1181 φαντάζεται
2873 1104 2962 1159 καὶ
3019 1104 3154 1178 πρὸς
3223 1104 3431 1173 ἐκείνην
3482 1103 3686 1159 ἐκτείνει
3733 1106 3834 1167 τοὺς

2240 1193 2584 1274 ὀφθαλμοὺς,
2616 1195 2705 1249 καὶ
2740 1194 2814 1256 ὡς
2864 1192 3256 1268 συνηθεστέραν
3316 1196 3408 1267 μὶν
3465 1194 3627 1266 εαυτῷ
3654 1193 3833 1268 ἄρξαντι

2239 1285 2355 1339 κατ’
2382 1284 2555 1353 αὐτὴν
2595 1281 2867 1345 πολλάκις
2925 1284 3022 1346 τὰς
3091 1282 3345 1358 μεγίστας
3402 1283 3593 1359 ἀρχὰς,
3645 1283 3724 1338 καὶ
3771 1284 3831 1345 ὡς

2240 1373 2418 1448 θερμὰ
2483 1369 2543 1428 δὶ
2591 1372 2726 1448 πρὸς
2780 1371 3123 1428 ἆντιστασίαν
3180 1372 3286 1451 οὐχ
3342 1374 3502 1443 ἦττον
3581 1373 3832 1451 τρέφουσαν

2239 1461 2484 1535 σώματα.
2514 1460 2740 1535 Ἀμέλει
2794 1462 2885 1517 καὶ
2940 1466 3020 1531 τῷ
3059 1464 3381 1536 συνηγεμόνι
3415 1465 3586 1534 Βρανᾷ
3626 1459 3835 1516 κοινολο-

2240 1555 2573 1627 γησάμενος,
2611 1553 2700 1608 καὶ
2734 1551 2921 1615 πείσας
2954 1553 3092 1607 κατᾶ
3120 1553 3311 1629 χώραν
3369 1551 3538 1625 μένειν
3579 1549 3674 1613 ἕως
3701 1551 3833 1613 αὐτὸς

2240 1644 2376 1718 πρὸς
2416 1644 2508 1697 τὸν
2562 1636 2874 1718 πρεσϐύτην
2936 1642 3050 1715 ἅμα
3103 1642 3194 1697 καὶ
3249 1643 3555 1719 πρόσφατον
3609 1640 3834 1715 αὐτοκρά-

2238 1754 2373 1809 τορα
2429 1732 2807 1808 παραγένοιτο,
2865 1732 2940 1794 ὡς
2999 1731 3148 1806 εἶχεν
3204 1730 3362 1794 εύθὺς
3426 1730 3708 1806 ἐξώρμησε,
3754 1732 3834 1799 τὴν

490 1835 597 1890 sed
628 1838 841 1905 quanta
877 1834 1246 1892 festinatione
1285 1840 1503 1905 posset,
1550 1834 1612 1889 in
1664 1834 1957 1891 Orientem
1997 1848 2130 1889 con-

2243 1824 2433 1900 φήμην
2484 1821 2832 1900 προφθάνων,
2872 1821 2908 1891 ἢ
2965 1821 3056 1876 καὶ
3106 1821 3174 1877 τὰ
3222 1822 3329 1876 ὑπὸ
3383 1827 3483 1896 γῆν
3536 1821 3834 1896 κρυπτόμενα

492 1925 848 1981 ιιηὰθηάυω
878 1927 1122 1981 censuit.
1154 1924 1287 1980 Jam
1317 1924 1474 1980 enim
1509 1924 1687 1991 fama,
1713 1931 1777 1978 ut
1796 1922 2007 1993 loquax
2025 1927 2134 1990 est,

494 2016 555 2071 in
588 2015 776 2070 triviis
807 2018 865 2070 et
897 2013 1131 2086 plateis,
1160 2014 1221 2068 in
1252 2013 1505 2070 summis
1533 2012 1824 2069 manibus
1870 2016 1930 2068 et
1978 2028 2141 2067 cam-

495 2105 610 2174 pis,
651 2104 759 2159 viri
806 2103 1003 2174 fugam
1062 2103 1387 2159 celebrabat
1444 2109 1500 2159 et
1552 2119 1784 2159 summa
1837 2101 2139 2161 velocitate

495 2192 717 2264 passim
752 2191 1087 2263 spargebat.
1120 2195 1326 2264 Itaque
1355 2196 1525 2249 nocte
1554 2207 1672 2248 una
1700 2192 1774 2249 ad
1828 2207 1988 2248 mare
2035 2192 2137 2247 de-

488 2280 739 2349 scendit,
798 2281 1253 2353 conscensisque
1310 2282 1561 2339 navibus
1613 2282 1685 2337 ad
1743 2280 2136 2353 Hyelocastel-

494 2369 641 2425 lium
673 2386 740 2426 ea
770 2370 841 2427 de
870 2387 1050 2428 causa
1077 2372 1296 2444 paratis
1324 2372 1561 2443 trajicit.
1590 2371 1698 2427 Ubi
1729 2387 1864 2428 cum
1896 2369 2135 2442 paulum

495 2460 861 2531 respirasset,
893 2475 957 2517 se
1012 2460 1312 2517 interitum
1372 2465 1427 2516 et
1489 2464 1766 2517 cruentas
1823 2458 2137 2516 Andronici

501 2550 698 2606 tauces
728 2550 1003 2622 eﬂ'ugisse
1052 2550 1307 2607 rebatur.
1357 2551 1639 2607 Caeterum
1688 2553 1929 2621 apparet
1982 2547 2137 2604 hunc

497 2654 730 2709 quoque
757 2638 1026 2696 lancibus
1075 2640 1147 2696 ad
1202 2638 1413 2695 Orcum
1463 2639 1810 2712 urgentibus
1856 2655 1889 2693 a
1940 2637 2137 2693 Provi-

489 2728 689 2783 dentia
717 2742 788 2783 ex
817 2728 967 2785 libro
995 2728 1124 2786 vites
1155 2729 1411 2785 deletum
1461 2734 1519 2784 et
1567 2726 1884 2784 Andronici
1929 2725 2134 2782 crude-

486 2815 638 2874 litati
663 2818 1059 2875 condonatum
1095 2817 1297 2875 fuisse.
1331 2819 1477 2874 Nam
1518 2818 1667 2873 θοι
1724 2817 1967 2874 reﬂante
2014 2820 2132 2871 Nu-

486 2906 645 2962 mine
676 2906 908 2964 illorum
944 2906 1220 2963 manibus
1250 2906 1766 2980 comprehenditur
1790 2910 1848 2961 et
1893 2906 1966 2962 ad
2014 2909 2131 2960 An-

491 2996 797 3053 dronicum
829 2996 1101 3066 mittitur,
1127 3013 1379 3068 quorum
1411 3013 1518 3069 ope
1548 3012 1611 3053 se
1642 3013 1757 3052 non
1798 2996 1970 3051 modo
2019 2993 2133 3050 sal-

493 3101 629 3141 vum
660 3089 719 3141 et
749 3086 1007 3156 beatum,
1039 3086 1137 3141 sed
1173 3071 1425 3142 summis
1455 3085 1629 3141 etiam
1662 3084 1873 3140 studiis
1907 3085 2135 3139 Andro-

497 3175 616 3231 nici
646 3175 922 3230 victorem
952 3175 1073 3231 fore
1102 3179 1387 3247 sperarat.
1416 3176 1623 3233 Verum
1655 3177 1822 3231 erant
1868 3172 1971 3230 illa
2019 3174 2132 3229 uti~

2241 1911 2401 1989 διορᾷ
2438 1912 2530 1968 καὶ
2584 1912 2652 1967 τὰ
2706 1912 3040 1989 γενησόμενα
3092 1910 3370 1974 πολλάκις
3425 1911 3496 1973 ὡς
3549 1908 3652 1980 ἤδη
3703 1930 3834 1986 γεγε-

2239 2002 2447 2075 νημένα
2470 1998 2766 2075 διατρανοῖ.
2803 2001 2906 2058 Καὶ
2937 2000 3172 2077 γεγονὼς
3210 2001 3347 2055 κατὰ
3388 2001 3485 2070 τὴν
3543 1997 3835 2075 Ὀρεστιάδα,

2242 2090 2389 2146 εἷ’ποι
2415 2087 2463 2145 δ’
2490 2088 2554 2144 ἄν
2583 2110 2665 2152 τις
2696 2087 2869 2151 ἄλλος
2911 2085 3391 2163 ’Δδριανούπολιν,
3421 2088 3508 2168 ἀφ’
3535 2091 3597 2157 ἧς
3625 2086 3837 2160 ὥρμητο,

2241 2179 2331 2235 καὶ
2365 2178 2547 2258 βραχύ
2575 2199 2627 2234 τι
2668 2176 3070 2253 ἐγκαρτερήσας
3125 2177 3216 2233 καὶ
3269 2178 3401 2234 ὅσον
3432 2183 3547 2240 ταῖς
3594 2177 3693 2234 ἐκεῖ
3735 2196 3839 2229 κατ-

2242 2267 2517 2330 οικούσαις
2545 2265 2806 2345 ἀδελφαῖς
2838 2268 3098 2341 ὁραθῆναί
3157 2288 3217 2322 τε
3268 2268 3366 2323 καὶ
3433 2267 3747 2337 συντάξασθαι
3790 2265 3842 2319 τὰ
3990 2296 3991 2339 γ

2240 2353 2526 2429 ἀπόδημα,
2558 2352 2700 2432 ἴγνω
2736 2356 2810 2428 μή
2845 2356 3150 2430 περαιτέρω
3179 2353 3441 2427 ἐλινύειν,
3473 2354 3594 2411 ἀλλ’
3646 2354 3711 2415 ὡς
3753 2350 3840 2406 ἐνὸν

2232 2444 2592 2524 ἐπισπέρχειν
2649 2446 2748 2514 τήν
2808 2444 2866 2508 ές
2921 2441 2996 2499 ἕω
3053 2444 3347 2520 περαίωσιν
3407 2443 3512 2516 ἤδη
3563 2444 3658 2518 γὰρ
3694 2442 3844 2514 ἀθυρό·
3990 2482 3991 2524 ᾖ

2245 2532 2494 2612 γλωττος
2522 2536 2588 2604 ἦν
2616 2537 2651 2604 ἡ
2684 2536 2870 2610 φήμη,
2900 2535 2990 2590 καὶ
3058 2532 3146 2591 ἐπὶ
3211 2532 3449 2609 τριόδων
3479 2533 3565 2591 καὶ
3617 2534 3842 2588 πλατειῶν

2251 2620 2433 2699 ἄκρων
2463 2646 2523 2681 τε
2549 2621 2778 2702 τειχέων
2819 2622 2909 2679 καὶ
2941 2621 3128 2699 δόμων
3160 2625 3419 2699 εὐστόμει
3469 2627 3565 2695 τὴν
3596 2619 3839 2696 ἀπόδρασιν

2240 2722 2338 2774 τοῦ
2379 2715 2597 2795 ἀνδρὸς,
2627 2718 2720 2773 καὶ
2766 2714 3034 2794 πολλαχῆ
3090 2718 3253 2774 ἐτίθει
3284 2715 3699 2790 διατοξεύσιμον.
3751 2714 3836 2780 Mli

2240 2806 2420 2864 τοίνυν
2461 2808 2612 2864 νυκτῖ
2641 2808 2780 2883 πρὸς
2812 2807 3083 2863 θάλασσαν
3122 2809 3356 2880 κάτεισι,
3415 2808 3506 2865 καὶ
3558 2807 3721 2863 ναυσὶν
3764 2802 3837 2874 ξμ-

2242 2891 2341 2962 ϐἁς
2380 2897 2545 2962 αὐτός
2572 2918 2632 2953 τε
2656 2897 2748 2953 καὶ
2780 2899 2833 2952 οἱ
2884 2899 2977 2952 σὺν
3009 2896 3178 2971 αὐτῷ,
3233 2898 3290 2953 αἳ
3319 2899 3469 2955 κατὰ
3504 2901 3563 2953 τὸ
3605 2892 3840 2951 Ὑελλοκιι-

2242 2984 2492 3043 στέλλιον
2519 2987 2716 3042 τούτου
2746 2983 2896 3043 ἓνεκα
2926 2989 3368 3061 ήτοιμάσθησαν,
3430 2987 3483 3051 ές
3538 2987 3631 3056 την
3665 2980 3842 3057 περαίαν

2241 3078 2467 3154 γίνεται.
2518 3078 2810 3143 Κάντεῦθεν
2882 3078 3216 3142 ἆναπνεύσας
3277 3081 3475 3157 βραχὺ
3530 3078 3751 3154 ἐκφυγεῖν
3795 3071 3839 3125 τὸ

2241 3166 2515 3225 διολέσθαι
2547 3169 2684 3242 ᾣετο
2712 3170 2805 3225 καὶ
2833 3170 2895 3225 τὸ
2915 3165 3329 3246 προϐεϐλῆσθαι
3351 3172 3518 3242 θοίνη
3537 3191 3610 3232 τις
3634 3165 3793 3239 ἑτοίμη
3815 3162 3842 3229 ἧ

498 3278 612 3333 que
666 3262 916 3318 infelicis
966 3262 1145 3319 animi
1205 3265 1488 3335 ﬁgmenta
1541 3268 1599 3319 et
1653 3268 1884 3336 spectra
1938 3263 2130 3319 inani

2246 3255 2591 3333 ἐπιτράγημα
2627 3260 2926 3335 πρόχειρον
2965 3266 3084 3322 ταῖς
3115 3263 3332 3338 γνάθοις
3364 3266 3477 3319 ⁸τοῦ
3526 3255 3837 3331 Ἀνδρονίκου.

496 3349 883 3406 somniorum.
916 3351 1062 3407 Nam
1097 3368 1230 3407 cum
1263 3353 1717 3425 Adramytttium
1760 3353 2137 3424 pervenisset,

495 3455 530 3494 a
559 3441 815 3510 quodam
848 3440 1121 3513 Cephala,
1173 3441 1298 3498 viro
1350 3442 1411 3498 in
1464 3440 1582 3498 illis
1630 3441 1773 3498 locis
1817 3442 2036 3513 potenti
2085 3445 2142 3497 et

496 3529 795 3601 primario,
831 3534 895 3586 ut
924 3531 1095 3587 fidem
1130 3548 1298 3587 suam
1338 3547 1473 3604 erga
1517 3537 1833 3604 tyrannum
1882 3531 2137 3587 declara-

498 3625 602 3685 ret,
662 3620 1123 3691 comprebensus
1183 3621 1514 3676 Andronico
1571 3630 1773 3692 parata
1829 3620 2022 3677 hostia
2065 3621 2134 3675 ad

494 3708 709 3765 caedem
743 3708 1000 3776 offertur,
1056 3714 1231 3782 atque
1286 3710 1514 3766 effossis
1566 3710 1753 3766 oculis
1806 3710 1867 3766 in
1927 3711 2137 3765 Panta-

493 3797 656 3869 popti
689 3798 1115 3854 monasterium
1145 3799 1471 3869 conjicitur,
1498 3798 1868 3871 iniquitatem
1892 3800 2135 3855 fortunas

488 3902 607 3941 suae
639 3886 992 3958 deplorans:
1055 3905 1186 3943 cum
1247 3888 1319 3944 ob
1378 3888 1832 3960 pulcherrimam
1893 3904 2134 3944 causam

487 3975 799 4031 discrimen
832 3976 1171 4032 defectionis
1204 3976 1467 4048 adiisset,
1501 3976 1661 4033 illam
1694 3977 1970 4049 prudenti
1996 3992 2136 4032 con-

485 4062 617 4119 silio
649 4068 843 4133 spreto
875 4082 940 4120 ac
966 4065 1138 4137 plane
1167 4066 1453 4122 destituto
1482 4066 1667 4137 peiori
1698 4066 1847 4137 parti
1900 4064 2131 4123 favisse.

487 4154 574 4207 Ita
598 4152 750 4208 Deus
780 4169 896 4208 non
930 4154 1105 4209 vitam
1139 4155 1328 4211 solum
1362 4154 1576 4211 laboris
1623 4159 1681 4210 et
1730 4154 1981 4211 tristitiae
2033 4171 2133 4211 ex-

486 4246 730 4312 pertem,
776 4242 877 4296 sed
928 4241 1290 4300 imminentis
1343 4245 1518 4300 etiam
1561 4243 1719 4300 exitii
1763 4246 1821 4300 et
1870 4248 2130 4300 tutarum

487 4328 784 4386 actionum
842 4331 1260 4402 praenotionem
1309 4332 1636 4388 abscondit.
1686 4333 1791 4388 Hic
1839 4335 1993 4389 enim
2046 4333 2133 4389 vir

485 4434 639 4491 saepe
664 4419 924 4493 prmclari
957 4420 1124 4476 ducis
1156 4422 1394 4478 functus
1424 4422 1656 4490 ofﬁciis,
1688 4439 1823 4478 cum
1856 4427 1989 4495 post
2019 4425 2128 4480 im-

484 4509 771 4581 peratoris
815 4510 1000 4567 Alexii
1047 4511 1274 4567 obitum
1314 4512 1640 4569 Andronico
1687 4513 1903 4569 servire
1958 4518 2129 4585 turpe

2244 3350 2347 3405 Ἦν
2377 3345 2444 3416 δ’,
2477 3351 2560 3422 [Ρ.
2604 3350 2729 3422 180]
2760 3349 2834 3412 ὡς
2880 3344 3044 3420 ἔοικε,
3074 3351 3165 3404 καὶ
3199 3348 3357 3412 οὗτος
3428 3356 3495 3426 τῇ
3547 3342 3746 3422 Προνοία,ι
3791 3340 3843 3394 ἐκ

2241 3443 2342 3507 τῆς
2371 3441 2479 3493 τῶν
2511 3438 2724 3507 ζώντων
2761 3432 2961 3513 βίϐλου
3003 3438 3430 3513 ἀπηλειμμένος
3464 3438 3549 3496 καὶ
3599 3435 3665 3498 είς
3691 3430 3844 3497 θοὶνην

2240 3524 2580 3602 Ἀνδρονίκῳ
2611 3524 2980 3590 δαιταλευθεὶς
3041 3528 3132 3582 καὶ
3187 3529 3290 3597 τήν
3344 3530 3602 3584 νεύουσαν
3651 3522 3698 3586 ἐς
3739 3517 3846 3592 ᾅδου

2242 3614 2621 3692 κληρούμενος
2650 3615 2981 3692 πλάστιγγα.
3015 3618 3195 3673 Ἒνθεν
3244 3638 3330 3673 τοι
3359 3620 3460 3675 καὶ
3512 3621 3608 3675 τοῦ
3633 3615 3749 3671 Θεοῦ
3774 3609 3847 3663 ἄν·

2239 3705 2619 3769 τιπνεύσαντος
2649 3705 2868 3761 ἐκείνων
2921 3711 3040 3768 ταῖς
3075 3708 3234 3782 χερσῖ
3273 3709 3512 3781 θηρᾶται
3538 3704 3621 3763 καὶ
3647 3699 3849 3771 ἀναπέμ-

2239 3813 2397 3849 πεται
2460 3794 2599 3869 πρὸς
2655 3791 3018 3869 Ἀνδρόνικον,
3080 3795 3169 3872 ὑφ’
3226 3797 3299 3849 ὧν
3358 3793 3575 3853 ἐλπίσιν
3622 3790 3846 3849 ἐθάλπετο

2240 3890 2638 3958 συντηρηθῆναι
2680 3880 3093 3955 ἀδιαλώϐητος,
3145 3884 3203 3940 εὖ
3251 3907 3311 3942 τε
3361 3889 3456 3943 καὶ
3524 3887 3598 3947 ὡς
3650 3879 3846 3957 ἀρίστως

2239 3971 2478 4048 πράξειν,
2508 3974 2598 4028 καὶ
2638 3974 2786 4052 χειρὶ
2818 3974 2910 4029 καὶ
2967 3978 3122 4050 ψυχῇ
3163 3974 3423 4031 παντοίαν
3487 3977 3722 4049 σύναρσιν
3776 3965 3848 4022 γαῖ

2238 4061 2425 4135 ἄρηξιν
2454 4062 2708 4138 εὕρασθαι
2766 4065 2903 4138 πρὸς
2961 4064 3024 4119 τὸ
3062 4062 3474 4122 καταπαλαῖσαι
3524 4061 3849 4138 Ἀνδρόνικον.

2235 4153 2406 4209 Ἦσαν
2437 4150 2495 4208 δὶ
2523 4150 2687 4209 ταῦτα
2730 4152 2971 4217 διανοίας
3032 4157 3133 4210 οὐκ
3169 4156 3438 4231 εὐτυχοῦς
3494 4152 3851 4224 ἀναπλάσματα

2234 4243 2322 4296 καὶ
2359 4240 2648 4317 ὀνειρώδη,
2682 4244 2757 4306 ὡς
2816 4241 3103 4313 δέδεικται,
3163 4246 3532 4321 φαντάσματα.
3593 4242 3850 4312 Γενόμενος

2235 4333 2338 4407 γὰρ
2368 4332 2504 4386 κατά
2526 4332 2589 4387 τὸ
2620 4333 3011 4406 Ἀτραμύττιον
3072 4331 3519 4408 συλλαμϐάνεται
3567 4333 3709 4408 παρά
3731 4344 3853 4384 τινος

2233 4419 2477 4494 Κεφαλᾶ,
2511 4418 2703 4497 ἀνδρὸς
2738 4422 2872 4496 μέγα
2913 4420 3210 4497 δυναμένου
3240 4424 3362 4481 τότε
3417 4427 3565 4502 παρὰ
3618 4424 3687 4494 τῇ
3722 4419 3854 4493 χώρᾳ

2231 4508 2321 4562 καὶ
2376 4507 2839 4582 πρωτιστεύοντος
2891 4514 3087 4565 πιστοῦ
3149 4532 3209 4567 τε
3245 4516 3326 4585 τῷ
3378 4514 3744 4589 τυραννοῦντι,
3792 4502 3852 4563 ὧς

482 4601 719 4658 duceret
748 4617 815 4658 ac
854 4605 1066 4658 certam
1099 4605 1346 4658 mortem
1377 4606 1435 4657 et
1473 4606 1741 4659 naturam
1791 4603 2016 4676 tyranni
2048 4603 2121 4660 ad

2236 4592 2415 4671 ἔδειξε,
2447 4598 2539 4654 καὶ
2571 4600 3055 4676 παρακατατίθεται
3114 4603 3302 4681 χερσὶν
3357 4586 3704 4679 Ἀνδρονίκου
3743 4593 3853 4674 σφά-

480 4692 690 4747 caedem
757 4692 1186 4765 promptissimi
1262 4692 1487 4759 vitaret,
1563 4692 1623 4748 in
1701 4695 1829 4765 ejus
1908 4709 2120 4751 manus

478 4780 682 4835 incidit
741 4796 915 4851 quem
977 4781 1277 4854 fugiebat;
1337 4786 1396 4838 et
1450 4798 1624 4854 quem
1688 4799 1720 4839 a
1791 4786 1955 4855 tergo
2030 4784 2123 4839 in-

479 4871 634 4922 stare
661 4868 922 4937 putabat,
966 4887 999 4924 a
1056 4870 1209 4927 802
1270 4871 1454 4927 fronte
1500 4876 1558 4927 et
1612 4872 2007 4928 adversarium
2065 4875 2120 4928 ct

477 4954 758 5009 victorem
792 4956 998 5013 habuit
1027 4959 1284 5026 obvium,
1315 4977 1419 5017 nec
1450 4960 1633 5016 multo
1674 4965 1807 5033 post
1848 4960 2118 5017 moritur.

478 5043 850 5102 Andronicus
882 5063 1012 5102 vero
1043 5048 1171 5117 ejus
1221 5050 1537 5106 defectione
1583 5050 1666 5106 ita
1711 5054 2118 5106 consternatus

477 5132 611 5201 fuit,
658 5140 719 5189 ut
776 5138 896 5191 toto
951 5139 1213 5207 tempore
1257 5140 1399 5209 fuga:
1447 5139 1604 5195 illius
1653 5139 1891 5195 exitium
1943 5140 2115 5211 capiti

478 5237 587 5277 suo
618 5222 925 5280 imminere
958 5229 1205 5295 putaret.
1238 5227 1529 5284 Metuebat
1582 5228 1738 5284 enim
1795 5228 2114 5301 Lapardam

480 5313 547 5365 ut
576 5314 633 5366 et
662 5312 870 5369 ducem
902 5313 1250 5370 acerrimum
1294 5319 1352 5371 et
1391 5315 1581 5371 virum
1631 5316 2112 5390 magnanimum;

475 5403 534 5454 et
579 5400 719 5471 quia
772 5402 1007 5458 videbat
1053 5417 1185 5459 eum
1234 5405 1634 5475 persequendo
1683 5411 1739 5463 et
1779 5406 1961 5463 armis
2018 5408 2117 5462 de-

473 5488 679 5546 bellari
710 5508 823 5546 non
856 5508 1045 5563 posse,
1081 5492 1155 5547 ad
1178 5492 1505 5549 litterarum
1532 5493 1824 5551 solertiam
1877 5513 2115 5553 conver-

472 5578 614 5634 titur
647 5598 661 5648 ;
695 5586 750 5635 et
780 5580 1162 5638 callidissimo
1192 5582 1432 5637 consilio
1461 5583 1738 5653 epistolas
1777 5585 1845 5640 ad
1894 5587 2111 5657 prima-

469 5667 587 5728 rios
660 5670 1035 5730 Orientalium
1112 5671 1541 5745 provinciarum
1620 5673 1898 5746 praesides
1972 5674 2108 5730 dolo

2229 4708 2347 4762 γιον
2391 4687 2640 4764 εὐτρεπὲς
2694 4689 2784 4745 καὶ
2840 4691 3035 4766 ἱερεῖον
3082 4692 3690 4769 ἀνακογχυλιαζόμενον
3739 4684 3852 4760 πρὸς

2232 4776 2525 4852 ἀναίρεσιν,
2564 4779 2654 4834 καὶ
2709 4780 2804 4842 τὰς
2859 4780 3026 4855 κόρας
3074 4780 3413 4855 ἐκκόπτεται,
3469 4782 3565 4837 καὶ
3614 4774 3851 4855 παραῤῥιο

2230 4871 2446 4921 πτεῖται
2470 4871 2540 4941 τῇ
2572 4871 2668 4923 τοῦ
2699 4869 3085 4925 Παντεπόπτου
3119 4874 3287 4945 μονῇ,
3334 4872 3433 4941 τήν
3466 4875 3579 4925 τῶν
3636 4868 3748 4925 κατ’
3773 4862 3851 4920 αὖ·

2230 4955 2322 5009 τὸν
2381 4957 2713 5032 πραγμάτων
2775 4958 2945 5036 φορὰν
2995 4958 3072 5021 ώς
3146 4961 3439 5035 ἀγνώμονα
3525 4957 3850 5035 ὀδυρόμενος·

2229 5045 2321 5099 τὸν
2357 5046 2451 5117 μὶν
2508 5046 2614 5122 γὰρ
2671 5047 2803 5123 ὑπὲρ
2831 5046 3135 5121 καλλίστης
3180 5048 3358 5113 αἰτίας
3388 5050 3482 5106 τὸν
3512 5056 3614 5120 τῆς
3646 5050 3854 5104 ἀποστα·

2230 5133 2349 5197 σίας
2407 5134 2698 5211 ἆναρῥίψαι
2745 5132 2934 5206 κύϐον,
2990 5140 3090 5208 τήν
3141 5138 3199 5194 δὲ
3256 5136 3383 5195 οὐδὲ
3438 5140 3503 5194 τὸ
3537 5136 3856 5215 βραχύτατον

2227 5228 2356 5300 γοῦν
2386 5229 2770 5301 προσσχοῦσαν
2803 5228 2889 5289 οἶς
2924 5229 3038 5300 μετ’
3076 5223 3376 5292 εὐϐουλίας
3432 5227 3599 5293 αὐτὸς
3628 5219 3855 5285 ἐπέϐαλε,

2228 5317 2553 5391 προσθέσθαι
2615 5313 2795 5392 μερίδι
2852 5320 2921 5391 τῇ
2978 5319 3205 5393 χείρονι.
3264 5317 3423 5376 Οὕτω
3493 5321 3705 5393 κρυψας
3754 5311 3856 5389 ἔχει

2227 5406 2358 5471 Θεὸς
2386 5405 2448 5461 οὐ
2485 5406 2651 5480 μόνον
2675 5409 2765 5463 τὸν
2798 5406 3049 5483 ἅμοχθον
3080 5409 3171 5464 καὶ
3226 5408 3525 5486 ἆνόδυρτον
3560 5408 3698 5484 βίον,
3727 5399 3853 5459 ἀλλὰ

2222 5495 2312 5549 καὶ
2342 5495 2405 5549 τὸ
2430 5495 2815 5570 προαισθέσθαι
2842 5496 2906 5551 τὸ
2939 5494 3142 5570 μέλλον
3194 5497 3355 5553 κακὸν
3412 5496 3506 5552 καὶ
3545 5497 3609 5551 τὸ
3654 5488 3855 5571 προελέ-

2223 5585 2341 5637 σθαι
2371 5584 2433 5638 τὸ
2466 5583 2738 5641 ἀκίνδυνον
2767 5582 3124 5659 ἐπιτήδευμα.
3160 5588 3257 5642 Καὶ
3290 5588 3444 5648 οὗτος
3476 5588 3584 5661 γὰρ
3645 5587 3673 5640 ὁ
3728 5580 3848 5653 ἀνὴρ

2222 5672 2272 5726 ἐν
2304 5670 2540 5737 πολλοῖς
2571 5673 2752 5751 ὀφθεὶς
2779 5677 3308 5753 στρατηγικώτατος,
3334 5674 3565 5754 αἰσχρὸν
3590 5670 3850 5733 δουλεύειν
