4126 6294
330 351 453 412 633

1359 353 1468 416 DE
1511 354 1962 418 ANDRONICO
2005 355 2387 417 COMNENO
2434 356 2585 416 LIB.
2633 354 2681 414 Ι.

3610 356 3727 418 634

338 482 551 553 οἰηθεὶς
581 479 905 557 Ἀνδρονίκῳ
936 484 1071 557 μετά
1098 484 1191 539 τὸν
1223 489 1319 541 τοῦ
1344 484 1878 560 βασιλέωςἊλεξιου
1892 487 1981 561 μό-

2101 487 2302 561 plenas
2332 488 2530 554 mittit,
2576 486 2791 560 quibus
2838 487 3209 544 asseverabat
3257 487 3592 559 Lapardam
3619 505 3654 545 a
3684 505 3748 545 se

339 592 458 646 ρον,
490 571 579 627 καὶ
609 572 701 627 τὸν
752 571 811 627 ἐκ
838 576 934 627 τοῦ
964 574 1228 648 τυράννου
1257 578 1582 655 προφθάνων
1611 577 1860 646 θάνατον,
1891 576 1981 632 καὶ

2092 577 2152 632 ἱπ
2180 576 2378 635 Asiam
2410 577 2654 633 missum
2687 592 2817 634 esse
2848 596 2863 645 ;
2897 575 2993 647 qui
3041 575 3328 648 quidquid
3374 580 3617 633 acturus
3648 593 3744 633 es-

340 661 478 735 πρὸς
511 660 674 739 φόνον
706 659 1065 735 δτοιμοτάτης
1095 662 1369 733 ἀποξενῶν
1397 662 1586 722 ἑαυτὸν
1616 665 1850 746 φύσεως,
1865 661 1995 721 ἔλα-

341 751 425 806 θεν
467 749 553 805 ὑπ’
586 748 789 806 ἐκείνου
827 746 1385 825 καταλαμϐανόμενος
1414 753 1470 809 δν
1494 749 1781 833 ἕφευγεν,ἤ
1800 754 1994 833 χερσὶν

337 838 627 911 ἐμπίπτων
656 837 717 902 ἅς
746 836 1157 914 ἀπεδίδρασκεν,
1186 840 1224 911 ἤ
1255 843 1346 897 τὸν
1375 842 1651 912 ἐξόπισθεν
1677 845 1996 918 καταλήψε-

336 929 459 982 σθαι
486 925 950 1003 προσδοκώμενον
980 930 1056 993 ὡς
1084 927 1448 987 ἐπιδιώκοντα
1476 934 1611 989 κατὰ
1641 934 1817 1007 στόμα
1831 954 1996 1007 προσ-

334 1022 655 1074 υπαντῶντα
757 1018 1017 1093 εὑρίσκων
1086 1020 1176 1076 καὶ
1251 1020 1482 1079 ἐνώπιον
1538 1022 1991 1098 συμπλεκόμενον

335 1109 427 1163 καὶ
460 1109 780 1184 συνέχοντα.
814 1108 918 1166 Καὶ
954 1109 981 1163 ὁ
1015 1110 1111 1183 μὶν
1143 1116 1257 1184 μετ’
1289 1111 1352 1167 ού
1392 1111 1568 1168 πολύν
1616 1135 1736 1170 τινα
1792 1114 1993 1189 χρόνον

335 1202 432 1254 τοῦ
467 1197 593 1272 βίου
627 1197 840 1271 θανάτῳ
867 1198 1151 1273 ἀπάγεται,
1183 1202 1213 1256 ὁ
1266 1198 1312 1255 δ’
1343 1200 1689 1280 Ἀνδρόνικος
1750 1202 1894 1260 οὕτω
1923 1207 1992 1279 τῇ

339 1287 639 1359 ἀποστασία
695 1289 892 1345 τούτου
953 1293 1302 1363 κατεπτοήθη
1362 1294 1440 1356 ὡς
1514 1297 1639 1369 παρ’
1697 1292 1835 1365 ὅλην
1891 1296 1992 1365 τήν

339 1374 541 1431 ἐκείνου
584 1378 762 1453 φυγήν
824 1378 925 1447 τὴν
983 1376 1192 1434 οἴκείαν
1243 1380 1317 1442 ὡς
1356 1376 1468 1451 ἤδη
1526 1380 1831 1456 ἐφεστῶσαν
1859 1404 1992 1459 φαν-

333 1466 584 1534 τάζεσθαι
658 1470 1058 1545 καταστροφῆνο
1122 1466 1316 1525 ἐδεδίει
1407 1472 1512 1547 γὰρ
1565 1472 1642 1536 ὡς
1723 1474 1849 1547 περὶ
1896 1474 1993 1535 τὰς

2103 670 2210 731 set,
2241 666 2411 723 ceriis
2442 666 2514 724 de
2542 665 2756 736 causis,
2805 665 2971 721 aliter
3009 682 3190 737 quam
3236 664 3498 738 plerique
3545 667 3741 738 suSpio

2102 760 2395 823 curentur,
2426 773 2530 829 pro
2570 755 2920 813 stabilienda
2975 755 3220 827 imperio
3277 763 3514 813 acturus
3569 761 3746 813 esset.

2102 849 2237 913 Qua
2268 862 2334 903 eo
2369 846 2753 917 pertinebant,
2806 848 2872 901 ut
2927 843 3087 916 vulgi
3144 844 3431 917 impetum
3464 846 3745 917 reprime-

2103 945 2208 1007 ret,
2238 935 2615 1008 suspieantis,
2646 935 2892 992 subesse
2925 933 3148 1005 dolum,
3180 935 3334 1005 quod
3369 934 3659 1006 Lapardas
3682 952 3746 991 se

2103 1042 2207 1098 pro
2237 1025 2555 1082 Andronici
2584 1024 2916 1082 adversario
2966 1040 3176 1096 gerens
3231 1040 3474 1080 manum
3508 1025 3742 1092 laceret,

2101 1114 2474 1172 Andronicus
2503 1130 2637 1170 vero
2668 1111 2982 1170 desertoris
3031 1112 3208 1169 fidem
3258 1112 3618 1184 pradicaret,
3651 1116 3741 1168 at-

2102 1220 2217 1277 que
2247 1209 2375 1260 uta
2421 1220 2484 1261 se
2543 1203 2793 1261 missum
2848 1203 3004 1259 383
3065 1202 3562 1273 suscipijuberet.
3594 1203 3741 1268 Quid

2102 1300 2299 1350 autem
2350 1292 2625 1366 speciosae
2682 1293 2809 1349 ista
2865 1291 3070 1349 litterae
3126 1292 3400 1364 ponderis
3457 1292 3744 1347 habitur-re

2102 1382 2336 1449 fuerint,
2367 1382 2682 1439 accelerata
2713 1382 2986 1455 Lapardas
3030 1382 3340 1453 captivitas
3392 1396 3743 1454 cognoscere

2100 1490 2217 1530 non
2247 1472 2399 1529 sivit.

338 1556 521 1629 μάχας
558 1555 861 1630 ὀξύρροπον
894 1557 988 1612 καὶ
1021 1556 1274 1631 λήματος
1307 1556 1557 1635 ἀνδρείου
1593 1563 1831 1636 μέτοχον
1863 1562 1954 1617 τὸν
1981 1557 2292 1637 Λαπαρδᾶν.
2326 1558 2546 1632 ’Δμέλει
2603 1560 2693 1615 καὶ
2754 1560 2830 1632 μὴ
2890 1562 3289 1635 προχωροῦσαν
3346 1561 3488 1636 ὁρῶν
3543 1560 3642 1628 τῆν
3675 1554 3746 1611 δι’

332 1640 664 1713 ἐπιδιώξεως
694 1642 730 1713 ἤ
767 1646 884 1718 μεθ’
914 1643 1104 1702 ὅπλων
1135 1648 1333 1703 τούτου
1359 1646 1829 1722 καταπολέμησιν,
1864 1650 2003 1722 πρὸς
2039 1650 2140 1719 τὴν
2170 1645 2260 1704 διὰ
2288 1646 2631 1723 γραμμάτων
2664 1648 3063 1722 μεθαρμόζεται
3091 1650 3449 1726 πανουργίαν,
3504 1647 3594 1703 καὶ
3650 1647 3742 1701 τὸν

329 1732 535 1807 τρόπον
565 1734 747 1789 καινὸν
789 1735 817 1789 ὁ
849 1737 1112 1813 σοφιστῆς
1145 1737 1505 1795 ἀνεπλάσατο.
1541 1737 1809 1796 Βασιλικὰ
1852 1738 1954 1814 γὰρ
2005 1738 2322 1811 ξυνθέμενος
2377 1737 2680 1812 γράμματα
2735 1735 2999 1810 ἐκπέμπει
3054 1742 3223 1794 ταῦτα
3274 1738 3411 1811 πρὸς
3455 1739 3583 1800 τοὺς
3637 1741 3746 1791 τῶν

331 1823 485 1894 ἑῴων
519 1822 801 1898 ἐπαρχιῶν
826 1824 1231 1901 πρωτεύοντας·
1267 1826 1499 1884 ἐλάλουν
1534 1825 1590 1884 δὲ
1648 1830 1919 1904 πονηρίαν
1951 1827 2175 1899 ἀληθῶς
2229 1828 2298 1882 τὰ
2352 1822 2689 1904 γραφόμενα,
2718 1827 2808 1881 καὶ
2840 1824 3183 1898 διετείνοντο,
3212 1825 3515 1899 ὁμιλοῦντα
3545 1824 3746 1904 ἔχοντα

330 1913 425 1967 τὸν
470 1910 840 1988 ’Δνδρόνικον,
871 1916 1000 1990 παρ’
1031 1916 1201 1972 αὐτοῦ
1235 1916 1500 1987 σταλῆναι
1531 1919 1668 1973 κατὰ
1694 1920 1796 1988 τῆν
1826 1917 2007 1976 Ἀσίαν
2037 1919 2130 1973 τὸν
2183 1914 2502 1992 Λαπαρδᾶν,
2558 1916 2649 1971 καὶ
2704 1920 2807 1971 πᾶν
2860 1914 2994 1990 ὅπερ
3049 1914 3110 1972 ἄν
3146 1916 3334 1971 οὑτοσὶ
3383 1912 3740 1989 διαπράξηται

332 2004 453 2058 κατ’
483 2002 803 2076 οἰκονομίας
830 2001 1112 2080 ἄγνωστον
1173 2012 1292 2069 τοῖς
1348 2005 1589 2071 πολλοῖς
1642 2006 1845 2083 τρόπον
1906 2007 2037 2084 ὑπὲρ
2094 2009 2193 2077 τῆς
2231 2005 2397 2061 αὐτοῦ
2429 2003 2713 2080 βασιλείας
2744 2003 2967 2078 μέλλειν
3022 2009 3184 2061 τοῦτο
3214 2003 3743 2084 διαπραχθήσεσθαι,

331 2092 425 2147 καὶ
455 2091 619 2167 ἐνῆγε
645 2093 848 2156 πάντας
880 2093 967 2156 εἰς
999 2097 1098 2165 τήν
1131 2094 1338 2152 ἐκείνου
1398 2095 1774 2154 ἀνενδοίαστον
1826 2094 2175 2172 παραδοχήν.
2233 2097 2334 2153 Ἦν
2395 2091 2454 2150 δὲ
2504 2096 2533 2150 ὁ
2591 2096 2794 2156 σκοπὸς
2845 2093 3181 2169 Ἀνδρονίκῳ
3239 2093 3471 2151 ἐντεῦθεν
3513 2093 3742 2168 ἐγκόψαι

327 2183 429 2251 τήν
462 2182 643 2256 ὁρμήν
703 2188 811 2239 τῶν
863 2182 1126 2257 πολλῶν,
1187 2186 1555 2265 ὑφορωμένων
1614 2187 1699 2262 ἐφ’
1749 2185 1859 2260 8τῷ
1916 2183 1984 2255 δὴ
2045 2183 2206 2248 αὐτὸς
2263 2186 2360 2258 μὶν
2418 2186 2447 2239 ὁ
2503 2181 2794 2258 Λαπαρδᾶς
2847 2187 2967 2240 κατ’
3025 2181 3371 2258 Ἀνδρονίκὸυ
3429 2182 3619 2259 ἐξῆρχε
3681 2182 3743 2238 τὸ

328 2271 585 2349 φρόνημα
613 2271 704 2327 καὶ
762 2272 838 2335 ὡς
907 2272 1185 2350 ἀντίφρων
1240 2276 1336 2338 τὰς
1404 2280 1513 2332 τῶν
1573 2273 1781 2349 ἀνδρῶν
1840 2277 2035 2350 στίχας
2092 2272 2492 2347 ἐπιπορεύεται,
2549 2275 2579 2329 ὁ
2636 2270 2682 2328 δ’
2740 2270 3088 2347 Ἀνδρόνικος
3123 2276 3203 2344 τῷ
3253 2273 3529 2347 ἀποστάτῃ
3565 2272 3663 2340 τὴν
3692 2272 3744 2334 ἐς

326 2358 489 2416 αὐτὸν
522 2360 701 2417 πίστιν
737 2360 1169 2438 ἐπιμαρτύρεται
1226 2365 1321 2421 καὶ
1351 2364 1429 2427 ὠς
1459 2367 1585 2441 παρ’
1640 2365 1806 2421 αὐτοῦ
1860 2362 2173 2442 πεμφθέντα
2202 2365 2295 2419 τὸν
2323 2362 2631 2440 πεφευγότα
2659 2360 2902 2434 δέξασθαι
2949 2360 3261 2437 διορίζεται.
3297 2364 3382 2436 [Ρ.
3417 2365 3539 2434 181]
3571 2361 3670 2417 Καὶ
3694 2360 3745 2417 τί

331 2449 430 2522 μὲν
463 2450 527 2505 ἄν
563 2453 741 2507 ταῦτα
776 2451 845 2507 τὰ
899 2457 1197 2531 καινοφανῆ
1254 2451 1480 2531 ἔδρασάν
1543 2476 1603 2512 τε
1655 2455 1747 2511 καὶ
1814 2452 2038 2530 ἴσχυσαν
2098 2454 2416 2529 γράμματα,
2448 2454 2483 2521 ἡ
2516 2451 2661 2523 ὀξεῖα
2705 2455 2804 2507 τοῦ
2860 2448 3050 2525 ἀνδρὸς
3080 2450 3407 2525 κατάσχεσις
3440 2451 3503 2506 ού
3533 2458 3743 2526 παρῆκε

330 2536 753 2614 διαγνωσθῆναι.

402 2629 469 2703 β’.
510 2629 649 2686 Τότε
714 2628 772 2686 δὶ
825 2631 916 2687 καὶ
976 2633 1077 2702 τήν
1134 2634 1331 2691 πτοίαν
1387 2634 1589 2705 ταύτην
1649 2636 1793 2710 παρὰ
1826 2632 1979 2704 δόξαν

2156 2637 2210 2688 2.
2243 2632 2478 2689 Timore
2528 2631 2627 2688 illo
2686 2635 2895 2705 praeter
2947 2631 3439 2703 exspectationem
3502 2632 3743 2704 propul-

328 2710 673 2790 Ἀνδρόνικος
704 2715 1197 2791 ἀποκρουσάμενος
1240 2718 1394 2789 ἰάνθη
1455 2720 1518 2775 τὸ
1548 2716 1807 2794 ψυχίδιον
1853 2716 1982 2772 ὡσεί

327 2823 389 2857 τε
421 2804 543 2876 περὶ
603 2805 936 2880 σταχύεσσιν
986 2803 1169 2880 ἐέρση,
1223 2806 1313 2862 καὶ
1370 2814 1470 2877 τῆς
1524 2807 1742 2869 πόλεως
1801 2804 1985 2877 ἔξεισι,

333 2890 428 2945 καὶ
487 2890 717 2962 ὁμαλαῖς
768 2897 1026 2965 κινήσεσι
1080 2896 1172 2951 καὶ
1227 2899 1488 2968 σταθμοῖς
1548 2897 1779 2972 βραχέσι
1821 2917 1984 2954 κατα·

341 2974 611 3052 λαμϐάνει
640 2982 704 3036 τὰ
754 2983 1039 3057 Κύψελλα,
1079 2985 1170 3040 καὶ
1236 2990 1355 3047 τοῖς
1409 2986 1585 3041 ὶκεῖσε
1639 2987 1987 3063 κυνηγεσίοις

336 3067 706 3143 ἐνευφρανθεῖς
760 3074 897 3129 κατᾶ
942 3074 1042 3143 τὴν
1104 3075 1361 3149 πατρῴαν
1421 3074 1718 3153 ἀφικνεῖται
1807 3080 1984 3151 μονὴν

323 3155 602 3233 τῆνέντῇ
649 3162 797 3235 Βήρᾳ
853 3159 1223 3237 διακειμένην,
1278 3164 1370 3220 καὶ
1424 3169 1504 3237 τῷ
1558 3165 1656 3221 τοῖ’)
1713 3166 1983 3243 φύσαντος

320 3245 603 3323 ἐφίσταται
641 3252 887 3324 μνήματι
922 3252 1058 3325 μετὰ
1114 3250 1442 3331 δορυφορίας
1471 3254 1560 3309 καὶ
1593 3253 1755 3327 δόξης
1818 3257 1981 3331 βασι-
2014 3266 2017 3271 ’

320 3334 511 3406 λικῆς,
552 3340 619 3406 ἧς
668 3339 915 3403 κάκεῖνος
980 3340 1151 3396 πάλαι
1208 3345 1343 3398 ποτὲ
1397 3340 1532 3417 ἐρῶν
1594 3343 1693 3399 οὐκ
1748 3344 1979 3421 ἐφίκετο,

318 3422 438 3481 ἐπεὶ
467 3426 559 3482 καὶ
588 3428 652 3482 τὸ
686 3426 971 3501 βασιλειᾷν
998 3430 1266 3505 πατρόθεν
1299 3428 1648 3506 Ἀνδρόνικος
1698 3434 1774 3495 ὠς
1840 3432 1979 3505 κλῆ-

319 3533 420 3589 ρον
447 3510 683 3572 καταϐὰν
716 3514 1008 3589 διεδέξατο.
1068 3520 1173 3577 Καὶ
1230 3521 1348 3577 κατ’
1380 3518 1587 3585 ἐκείνας
1616 3523 1712 3585 τὰς
1767 3524 1979 3599 ἡμέρας

317 3606 533 3681 σχάσας
560 3610 623 3663 τὸ
654 3614 837 3674 κακῶς
864 3631 1014 3674 τινας
1044 3611 1268 3682 τιθέναι,
1322 3611 1399 3677 ὠς
1434 3610 1789 3676 Ἀλκυονιδας
1844 3615 1979 3689 πρὸς

316 3693 551 3752 πολλῶν
599 3697 983 3771 ὀνομάζεσθάι,
1047 3699 1181 3771 μετά
1241 3700 1437 3775 μικρὸν
1491 3700 1761 3757 ἐπάνεισιν
1822 3701 1979 3767 αὗθις

319 3782 404 3846 εἰς
431 3784 498 3840 τὰ
536 3785 811 3859 βασίλεια,
841 3791 950 3842 τῶν
979 3786 1270 3864 γενεθλίων
1327 3787 1658 3845 ἐπιστάντων
1719 3794 1976 3866 Χριστοῦ.

316 3874 419 3929 Καὶ
453 3873 724 3947 ἁμίλλαις
749 3875 935 3932 ’ίππων
983 3878 1072 3933 καὶ
1138 3878 1391 3953 θεωρίαις
1444 3880 1761 3955 προσσχὼν,
1820 3877 1976 3957 ἔαρος

317 3965 713 4044 ὑποφαίνοντος
788 3969 852 4022 τὸ
936 3969 1327 4043 στρατιωτικὸν
1408 3970 1549 4025 ἅπαν
1632 3971 1975 4043 συνήθροισε,
2018 3996 2061 4063 c

314 4054 452 4110 ὅσον
482 4075 540 4111 τε
569 4056 815 4130 ἑσπέριον
839 4055 929 4111 xui
976 4061 1073 4112 τοῦ
1102 4057 1279 4129 Ἑῴου
1309 4057 1513 4113 ὁπόσον
1562 4057 1664 4113 ούκ
1692 4057 1973 4137 ἀφηνίασε’

314 4145 416 4201 καὶ
449 4146 613 4208 αὐτὸς
647 4147 741 4219 μὲν
764 4149 866 4216 τήν
922 4146 1046 4201 εὐθὺ
1102 4154 1204 4217 τῆς
1259 4146 1476 4209 πόλεως
1523 4147 1753 4211 Νικαίας
1817 4147 1982 4222 ἵεται,

312 4233 413 4288 τὸν
464 4231 521 4288 δὲ
578 4238 791 4310 Βρανᾶν
848 4232 1089 4309 Ἀλέξιον
1143 4233 1203 4290 ἐκ
1256 4241 1364 4291 τῶν
1417 4235 1552 4291 κατὰ
1609 4233 1976 4311 Βρανίτζοϐαν

314 4322 773 4396 ἐπανεΛυληθότα
814 4330 994 4402 μερῶν
1025 4324 1290 4400 ἐκπέμπει
1358 4326 1494 4400 μετὰ
1547 4332 1798 4403 στρατιᾶς
1863 4328 1980 4383 ἱκα-

314 4419 422 4482 νῆς
447 4419 566 4477 τοῖς
597 4414 827 4488 περὶτὰ
893 4413 1168 4471 Λοπάδιον
1224 4414 1654 4488 ἀντιταξόμενον·
1716 4413 1824 4486 ἤδη
1877 4416 1979 4491 γὰρ

314 4503 410 4558 xui
446 4503 602 4559 οὗτοι
634 4507 754 4566 τοῖς
788 4503 1019 4579 ὁμόροις
1073 4504 1324 4560 Νικαεῦσί
1356 4524 1415 4559 τε
1468 4504 1561 4560 καὶ
1618 4506 1981 4579 Ηρουσαεῦσιν

315 4589 373 4654 ἐς
404 4592 467 4647 τὸ
500 4591 637 4648 αὐτὸ
667 4593 888 4661 ἥκοντες
944 4592 1248 4664 ἀπέστησαν
1305 4592 1578 4668 φρόνημα.
1638 4592 1740 4650 Καὶ
1795 4593 1868 4656 ὡς
1898 4592 1981 4649 εύ-

318 4679 523 4757 ρόησεν
554 4679 704 4752 αὖτῷ
746 4682 780 4751 ἡ
824 4683 1192 4759 στρατήγησις
1243 4681 1334 4738 καὶ
1398 4677 1559 4746 τέλος
1612 4685 1692 4754 τῷ
1746 4680 1979 4757 πολέμῳ

315 4770 553 4842 ἐπέθηκε
622 4769 972 4843 δεξιώτατον,
1031 4769 1164 4847 ἄρας
1222 4771 1423 4829 ἐκεῖθεν
1453 4773 1590 4848 πρὸς
1619 4773 1719 4841 τήν
1750 4772 1977 4830 Νίκαιαν

313 4861 679 4937 παραγίνεται
736 4862 828 4917 xui
868 4862 1238 4938 συμμίγνυσιν
1301 4859 1657 4940 Ἀνδρονικῳ,
1716 4862 1806 4917 καὶ
1853 4862 1978 4938 περὶ

312 4948 373 5007 ἓν
408 4949 776 5026 στρατόπεδον
815 4949 1137 5033 ἀμφοτέρων
1193 4951 1608 5029 συνδραμόντων
1664 4958 1773 5009 τῶν
1815 4974 1980 5025 στρα-

312 5041 607 5114 τευμάτων
634 5037 775 5119 ἔγνω
805 5036 1139 5115 προσϐαλεῖν
1162 5047 1231 5117 τῇ
1292 5042 1453 5100 πόλει
1497 5040 1866 5118 ’Δνδρόνικος.
1910 5044 1977 5101 Oi

313 5129 420 5205 γὰρ
453 5127 607 5186 ἔνδον
637 5129 743 5185 ούκ
796 5129 1027 5193 ἀπόντος
1062 5131 1226 5205 μόνον
1286 5129 1635 5208 Ἀνδρονίκου
1666 5133 1978 5209 ἒφρονημα-

308 5220 548 5291 τίζοντο,
605 5217 753 5274 ἀλλὰ
801 5221 895 5275 καὶ
960 5220 1215 5295 παρὸπτα
1266 5220 1597 5293 ἐξουθένουν,
1637 5222 1728 5276 xui
1782 5221 1978 5285 ὅπλοις

309 5310 595 5383 ἠμύνοντο
655 5309 937 5373 παντοίοις
997 5314 1105 5365 τῶν
1183 5315 1387 5387 τειχῶν
1455 5311 1972 5390 προεκφαινόμενοι,

307 5399 403 5455 xui
437 5397 633 5473 λόγοις
682 5396 995 5473 ἀσχήμοσιν
1054 5393 1344 5471 ἔπληττον,
1379 5396 1610 5473 μηδενὸς
1660 5397 1972 5476 φειδόμενοι

309 5488 403 5544 xui
439 5485 735 5563 βλήματος
765 5487 855 5543 xui
882 5488 1150 5561 ῥήματος.
1220 5489 1317 5543 Καὶ
1379 5488 1516 5558 ἦσαν
1571 5489 1627 5541 αἱ
1678 5489 1770 5561 μὲν
1800 5486 1970 5543 πύλαι

310 5585 414 5648 τῆς
450 5577 673 5639 πόλεως
707 5583 1000 5649 μεμυκυῖαι
1056 5578 1148 5633 καὶ
1200 5578 1420 5654 ὀχεῦσιν
1474 5579 1757 5654 ἀραρότως
1809 5579 1967 5653 ἐνηρ-

316 5667 608 5743 μοσμέναι,
641 5666 695 5719 αἱ
753 5662 811 5720 δὲ
848 5666 1115 5740 γλῶσσαι,
1147 5668 1246 5722 ὅσα
1300 5668 1389 5722 xui
1445 5666 1635 5723 πυλῶν
1692 5673 1799 5723 τῶν
1848 5686 1965 5743 χει-

2097 2728 2248 2789 sato,
2276 2738 2511 2777 summa
2540 2720 2743 2777 laetitia
2773 2720 3015 2777 aﬂ'ectus
3045 2720 3222 2775 lentis
3256 2718 3566 2775 itineribus
3596 2723 3745 2791 Cyp-

2096 2810 2241 2867 sella
2271 2811 2610 2880 contendit;
2660 2810 2860 2880 ibique
2905 2808 3314 2865 venationibus
3361 2812 3656 2866 recreatus
3684 2809 3744 2863 in

2096 2910 2405 2972 paternum
2438 2898 2861 2956 monasterium
2903 2902 3062 2954 Beras
3092 2913 3150 2954 se
3182 2898 3427 2965 confert,
3459 2915 3526 2955 ac
3560 2897 3744 2969 patris

2096 2997 2477 3046 monumento
2507 3004 2641 3045 cum
2667 2987 2825 3061 regio
2856 2987 3138 3044 comitatu
3155 2991 3213 3043 et
3232 2985 3542 3059 splendore
3563 2991 3739 3056 astat,

2096 3082 2266 3153 cujus
2296 3080 2347 3136 is
2376 3095 2601 3151 quoque
2631 3078 3014 3151 cupiditatem
3048 3078 3265 3145 frustra
3294 3076 3521 3134 aluerat
3552 3093 3567 3133 :
3602 3094 3738 3133 nam

2095 3170 2252 3240 regni
2285 3169 2649 3226 affectionem
2693 3167 3062 3224 Andronicus
3109 3166 3541 3224 hereditariam
3574 3184 3606 3223 a
3640 3184 3740 3238 pa-

2093 3263 2182 3314 tre
2211 3262 2533 3331 acceperat.
2565 3257 2673 3314 Ubi
2705 3273 2841 3313 cum
2873 3272 2975 3329 per
3008 3255 3132 3312 dies
3179 3255 3407 3328 aliquot
3435 3255 3742 3329 suppliciis

2095 3348 2500 3417 abstinuisset,
2534 3349 2689 3404 unde
2719 3346 2804 3402 illi
2836 3362 2870 3402 a
2900 3344 3103 3402 multis
3134 3345 3429 3419 Halcyonii
3458 3347 3749 3403 vocaban-

2093 3440 2210 3504 tur,
2243 3437 2413 3509 paulo
2445 3442 2576 3510 post
2624 3437 2694 3493 ad
2752 3434 2969 3493 Christi
3029 3434 3287 3491 natalem
3342 3435 3403 3491 in
3461 3433 3740 3506 palatium

2093 3541 2384 3596 reversus,
2416 3542 2548 3582 cum
2579 3524 2739 3581 ludis
2782 3523 3148 3581 circensibus
3195 3530 3251 3578 et
3297 3522 3649 3594 spectaculis
3678 3538 3743 3579 se

2092 3624 2432 3682 recreasset,
2488 3631 2620 3672 vere
2676 3613 3026 3670 adventante
3080 3611 3263 3682 cepiis
3319 3611 3596 3667 omnibus
3639 3628 3742 3667 co-

2091 3706 2237 3761 actis
2268 3720 2399 3775 quaa
2427 3704 2515 3759 vel
2545 3704 2605 3760 in
2639 3703 2873 3759 Oriente
2891 3702 2977 3758 vel
2994 3701 3307 3759 Occidente
3336 3701 3512 3757 ﬁdem
3543 3716 3737 3756 serva-

2090 3796 2242 3858 rant,
2277 3797 2434 3848 recta
2492 3793 2560 3848 ad
2617 3791 2868 3848 Nicaeam
2925 3791 3244 3848 contendit.
3305 3789 3563 3846 Alexium
3595 3804 3732 3846 vero

2089 3886 2340 3937 Branam
2376 3880 2699 3937 Branizoba
2729 3893 3029 3937 reversum
3078 3896 3213 3935 cum
3263 3879 3426 3950 justo
3475 3878 3732 3934 exercitu

2091 3976 2292 4028 contra
2313 3969 2677 4041 Lopadianos
2700 3969 3008 4041 mittit,qui
3034 3969 3357 4024 Nicaeenses
3374 3971 3431 4024 et
3451 3971 3735 4023 Prusaen-

2092 4076 2186 4116 ses
2216 4058 2429 4115 imitati
2460 4059 2617 4115 σοι
2644 4058 2993 4114 deiecerant.
3041 4057 3151 4122 Qui
3204 4072 3338 4113 cum
3371 4055 3521 4112 bello
3554 4056 3729 4111 tinem

2090 4147 2317 4204 felicem
2364 4148 2763 4220 imposuisset,
2818 4148 2890 4202 ad
2949 4147 3201 4202 Nicmam
3260 4146 3595 4213 contendit;
3630 4144 3731 4200 ubi

2086 4237 2457 4293 Andronicus
2514 4236 2633 4294 illis
2700 4234 2882 4308 copiis
2932 4240 3142 4292 auctus
3198 4235 3401 4292 urbem
3458 4235 3734 4291 invadere

2086 4328 2314 4396 statuit,
2347 4327 2519 4398 cujus
2558 4324 2766 4382 incolas
2814 4340 2928 4380 non
2978 4325 3284 4381 absentem
3318 4325 3491 4380 modo
3523 4338 3728 4395 parum

2087 4414 2393 4484 timebant,
2426 4414 2531 4471 sed
2561 4417 2903 4487 praesentem
2935 4412 3110 4470 etiam
3166 4414 3641 4481 contemnebant,
3674 4417 3731 4467 et

2086 4504 2303 4560 muenia
2344 4508 2787 4578 oppugnantem
2840 4518 2973 4558 cum
3026 4501 3208 4558 armis
3248 4501 3727 4569 ulciscebantur;

2084 4597 2211 4650 tum
2243 4593 2533 4649 indecoris
2563 4593 2750 4649 verbis
2770 4588 3322 4659 lacessebant,nullo
3352 4588 3506 4647 dicto
3524 4593 3585 4645 et
3610 4588 3727 4645 ictu

2082 4681 2496 4753 praetermisso.
2529 4681 2713 4738 Portas
2744 4680 2984 4753 quidem
3018 4679 3181 4736 urbis
3233 4677 3448 4735 clausa
3478 4680 3642 4745 erant
3671 4682 3729 4734 et

2084 4771 2347 4828 vectibus
2368 4769 2609 4827 munitae
2632 4786 2645 4825 :
2665 4770 2876 4842 linguas
2896 4767 3231 4839 vero,labiis
3247 4771 3527 4841 tanquam
3546 4766 3729 4837 portis

2084 4860 2303 4933 apertis
2331 4867 2386 4915 et
2414 4860 2691 4916 dentibus
2725 4864 3008 4931 tanquam
3036 4856 3238 4931 pinnis
3268 4857 3727 4927 emissae,obsce-

2085 4950 2350 5006 nissimis
2380 4948 2639 5006 dicteriis
2653 4950 3047 5007 Andronicum
3063 4947 3647 5014 lacerabanLQuibus
3668 4946 3728 5003 in

2083 5038 2418 5095 ﬂammatus
2437 5038 2617 5095 animi
2640 5038 2900 5096 dolorem
2927 5037 3112 5095 celare
3134 5053 3249 5096 non
3273 5035 3730 5111 poterat.Mosnia

2081 5128 2286 5187 Nicaea
2314 5132 2474 5187 cocto
2493 5127 2671 5185 latere
2695 5132 3173 5200 constant,eaque
3191 5128 3467 5186 ﬁrmitate
3496 5128 3725 5184 suntut

2081 5217 2135 5273 vi
2168 5222 2269 5274 aut
2299 5236 2414 5275 non
2446 5218 2577 5290 capi
2599 5222 2702 5275 aut
2720 5216 3038 5277 difﬁculter
3055 5232 3229 5291 posse
3251 5217 3380 5288 capi
3397 5215 3723 5272 videantur.

2083 5308 2235 5363 Tum
2250 5311 2445 5367 autem
2460 5308 2678 5366 milites
2692 5322 2758 5364 eo
2772 5306 3515 5367 conﬂuxerantAndronico
3529 5303 3725 5363 infesti

2082 5400 2141 5452 et
2168 5397 2423 5470 Angelus
2449 5398 2727 5468 Isaacius,
2759 5397 2861 5469 qui
2921 5412 3122 5453 everso
3169 5395 3499 5452 Andronico
3535 5394 3723 5464 impe-

2080 5486 2237 5543 rium
2270 5488 2598 5559 occupavit,
2629 5493 2688 5544 et
2741 5488 3082 5543 Theodorus
3121 5487 3559 5543 Cantacuzenus
3585 5500 3600 5553 ;
3629 5497 3723 5539 ac-

2076 5576 2291 5639 cersita
2319 5582 2485 5633 erant
2513 5582 2569 5633 et
2601 5577 2834 5634 Persica
2880 5576 3120 5633 auxilia.
3179 5574 3333 5633 805
3392 5575 3531 5637 Quae
3584 5586 3721 5625 cum

2075 5666 2277 5725 omnia
2302 5665 2602 5722 dil‘ticilem
2633 5666 2935 5722 redderent
2972 5663 3483 5737 expugnationem,
3510 5662 3572 5713 et
3600 5663 3718 5711 An-

311 5756 456 5816 λέων
483 5752 869 5831 διαιρομένων,
907 5754 997 5810 xui
1027 5756 1103 5819 ὠς
1134 5754 1194 5813 ἐκ
1223 5755 1504 5831 θωρακίων
1568 5760 1677 5813 τῶν
1723 5753 1960 5813 ὀδόντων

2090 5757 2351 5817 lronicua
2381 5754 2591 5813 diebus
2618 5754 3013 5828 compluribus
3055 5753 3272 5809 frustra
3298 5745 3713 5831 obequitasset.

314 5846 699 5919 ἐκπίπτουσαι,
760 5842 982 5920 βολίδας
1056 5843 1611 5926 αἰσχρορβημοσύνηε
1671 5847 1957 5922 ἠκόντιζον

2074 5865 2190 5909 non
2222 5848 2388 5909 aliter
2415 5860 2594 5920 quam
2625 5845 2677 5903 si
2713 5848 3038 5919 promptas
3082 5854 3258 5912 rupes
3286 5842 3345 5896 et
3370 5830 3583 5896 Arbela
3609 5836 3714 5890 aut
