4126 6294
395 369 513 429 635

1710 352 2023 420 NICETIE
2063 352 2498 417 CBONIATAZ

3683 349 3792 412 636

400 497 616 554 mmnia
646 494 951 569 Babylonis
980 496 1430 566 oppngaret,aut
1460 492 1703 564 sagittas
1733 491 1790 544 in
1820 487 2034 546 ccelum

2170 506 2211 547 ις
2235 482 2603 558 Ἀνδρόνικον.
2634 490 2679 543 Ο
2710 483 2768 540 δὶ
2795 483 3031 557 τοιούτῳ
3086 483 3337 557 βλήματι
3369 479 3602 553 καιρίως
3633 477 3804 548 πλητ-

404 583 1041 660 ejacularetur,obessis
1063 583 1289 639 fortiter
1306 581 1854 655 repugnantibus,et
1877 593 2041 635 arma

2170 571 2375 648 τὸμενος
2403 580 2510 649 πῦρ
2568 573 2790 629 ἂπὲπνει
2846 575 3022 660 θυμοῖ)
3058 570 3413 660 ἐκπυρηνίςον
3450 569 3634 660 ἆσθμα
3694 569 3794 623 Τυ-

406 676 607 743 armis,
638 674 941 731 machinas
972 671 1284 741 machinis,
1325 689 1451 745 qua:
1511 671 1682 727 varias
1713 671 1786 725 ab
1817 668 2041 725 Andro-

2153 667 2396 737 φώνειον,
2431 667 2519 719 οἷα
2578 660 2719 737 μηδὲ
2749 664 2949 736 στέγειν
2984 659 3128 736 ἔχων
3195 660 3288 715 τὸν
3330 655 3485 713 ἔνδον
3538 657 3804 730 τάραχον.

405 767 535 821 nico
566 764 863 821 solertiam
897 778 1065 818 suam
1100 763 1273 817 urbes
1302 744 1681 834 oppugnandi
1710 761 2044 816 ostentante

2170 754 2268 809 ἱπεὶ
2324 755 2414 809 καὶ
2471 753 2634 814 πόλις
2691 755 2725 822 ἡ
2761 752 2957 807 Νίκαια
3009 750 3172 825 αὐχεῖ
3202 751 3296 821 μὲν
3327 747 3418 802 καὶ
3473 748 3539 800 τὸ
3588 744 3651 799 ix
3678 765 3804 819 κρα-

405 853 910 925 excogitahantur,
973 832 1487 923 propulsantibus.
1561 849 1817 906 Occultis
1890 848 2046 904 enim

2170 850 2322 901 ιαιῶν
2352 849 2552 920 τειχῶν
2581 843 2858 900 ἀνάλωτον
2887 841 2924 912 ἤ
2959 839 3272 896 δυσάλωτον
3325 841 3475 915 γοῦν,
3533 834 3597 890 ἐκ
3651 832 3812 889 πλίν·

406 941 589 1015 portis
618 943 995 1012 erumpentes
1047 938 1258 994 arietes
1304 938 1715 994 disturbabant
1757 940 1815 991 et
1844 935 2047 991 incen-

404 1032 660 1097 debant;
694 1034 752 1085 et
783 1044 916 1085 cum
979 1027 1272 1083 mcenibus
1330 1029 1798 1093 admoverentur,
1830 1024 2046 1081 simili-

407 1121 518 1176 bus
551 1119 872 1189 machinis,
933 1122 1000 1173 ut
1073 1117 1508 1187 aranemtelas,
1571 1115 2047 1188 perrumpebant.

409 1213 598 1278 Quare
628 1208 1020 1275 Andronicus,
1053 1223 1189 1263 cum
1244 1223 1350 1263 sua
1370 1206 1613 1262 consilia
1646 1220 1921 1263 successu
1957 1220 2050 1259 ca-

409 1316 533 1356 rere
566 1300 806 1369 videret,
840 1300 1235 1353 inhumanum
1271 1298 1494 1353 facinus
1549 1297 1808 1364 molitur,
1842 1314 1876 1352 a
1905 1312 2052 1369 pau-

406 1392 490 1445 cis
537 1393 673 1444 ante
722 1392 1095 1459 usurpatum.
1146 1392 1387 1444 Matrem
1440 1389 1643 1443 Isaacii
1691 1387 1894 1458 Angeli
1940 1391 2053 1441 Eu-

407 1478 789 1550 phrosynam,
841 1476 1116 1549 Byzantio
1173 1477 1537 1545 accersitam,
1593 1492 1750 1531 nunc
1808 1482 2057 1546 uLpro-

410 1566 805 1638 pugnaculum
834 1565 1124 1621 machinis
1170 1567 1434 1638 apponit,
1468 1581 1626 1622 nunc
1650 1581 1714 1620 ea
1745 1563 1911 1620 arieti
1944 1565 2054 1619 im-

411 1656 601 1728 posita
634 1655 845 1711 muenia
875 1656 1031 1720 ferit,
1064 1658 1129 1711 ut
1157 1656 1359 1711 eodem
1394 1659 1651 1726 tempore
1708 1658 1767 1710 et
1823 1657 2056 1726 specta-

409 1745 527 1801 culi
562 1746 789 1802 novitas
822 1749 878 1801 et
907 1744 1223 1800 iracundiae
1279 1744 1617 1800 immanitas
1646 1760 1680 1800 a
1721 1743 1882 1799 nullo
1941 1760 2059 1801 sce-

2158 948 2254 1001 θου
2285 934 2691 1009 ᾦγοδομημὲνη
2750 939 2894 989 πᾶσα
2947 934 3139 999 ὀπτῆς·
3171 930 3294 984 τότε
3324 926 3383 982 δὲ
3430 927 3518 981 xui
3550 945 3814 1001 στρατιω·

2159 1033 2268 1084 τῶν
2325 1028 2402 1090 εἰς
2457 1027 2625 1097 αὐτὴν
2683 1024 3001 1101 είσρυέντων
3062 1022 3255 1077 ὁπόσοι
3304 1016 3640 1090 ἆπεστύγουν
3695 1016 3815 1071 Ἂν·

2163 1117 2431 1195 δρόνικον,
2470 1118 2560 1172 xui
2625 1120 2726 1171 τοῦ
2778 1112 3056 1190 Ἀγγέλου
3113 1109 3172 1165 δὲ
3226 1109 3518 1177 ’[σαακίου,
3559 1106 3637 1195 ,ὅς
3699 1105 3816 1178 μετ’

2163 1193 2507 1281 ’Ᾰνδρόνικον
2547 1204 2837 1279 Ῥωμαίων
2868 1202 3129 1280 ἐκράτησε
3182 1206 3283 1269 τῆς
3332 1193 3646 1272 τυραννίδος
3713 1215 3816 1249 πα-

2164 1298 2401 1374 ραλύσας
2451 1293 2821 1371 Ἀνδρόνικον,
2878 1293 2970 1347 καὶ
3026 1295 3126 1347 τοῦ
3187 1288 3630 1374 Καντακουζηνοῦ
3687 1290 3819 1338 Geo-

2165 1370 2366 1462 δώρου,
2425 1386 2516 1441 καὶ
2557 1388 2775 1457 Περσῶν
2835 1382 2896 1437 ἐκ
2950 1376 3345 1455 προσκλήσεως
3392 1370 3821 1462 εἰσδεδεγμένων

2165 1460 2395 1549 ἔνδοθεν,
2431 1475 2530 1529 οὐκ
2559 1472 2729 1546 ἀγαθὰ
2759 1477 2875 1533 τοῖς
2931 1470 3196 1541 πορθοῦσι
3222 1467 3290 1521 τὰ
3340 1469 3438 1520 τοῦ
3492 1460 3820 1537 πολιορκεῖν

2168 1566 2510 1643 ὲφαντάζετο.
2571 1561 2837 1624 Πλείστας
2894 1559 2988 1613 οὗν
3043 1553 3251 1631 ἡμέρας
3282 1553 3664 1643 παριππεύσας
3697 1552 3824 1607 ’Λν-

2168 1637 2415 1730 δρὸνικος
2454 1650 2610 1708 οὖδὶν
2669 1653 2852 1721 ¹ἢνυεν,
2910 1646 3041 1703 ἀλλ’
3097 1644 3347 1717 ἄντικρυς
3417 1642 3577 1715 ἐῴκει
3634 1637 3825 1715 ὄρεσιν

2169 1746 2473 1818 ἂποτόμοις
2524 1740 2968 1817 προσφερόμενος
3028 1735 3065 1806 ἥ
3123 1739 3334 1810 πετρῶν
3405 1732 3628 1808 ῥαχίαις
3684 1750 3824 1818 συμ-

409 1837 529 1893 lere
559 1835 879 1892 abhorrens
910 1835 1367 1907 miserationem,
1413 1841 1470 1892 et
1528 1836 1886 1892 mulierculae
1918 1835 2055 1892 tole-

2170 1815 2513 1909 πλεκόμενος
2541 1815 2897 1905 παραλόγως,
2927 1828 3017 1884 xui
3077 1827 3212 1902 πρὸς
3268 1827 3357 1897 [Ρ.
3408 1825 3538 1894 182]
3566 1815 3827 1912 Ἄρϐηλα

411 1925 603 1982 rantia
627 1926 783 1982 866
819 1942 932 1981 non
973 1926 1102 1998 ipso
1162 1929 1321 1981 metu
1378 1926 1719 1981 examinate:
1777 1926 1836 1980 in
1894 1931 2056 1981 tanto

2170 1927 2248 1982 xui
2302 1925 2465 2003 τείχη
2529 1919 2982 1994 διαμιλλώμενος
3033 1916 3392 2003 Σεμιράμεια,
3570 1910 3827 2003 βέλεμνα

408 2019 650 2086 tamque
686 2013 1014 2087 periculoso
1044 2014 1265 2085 impetu
1323 2014 1769 2071 admirationem
1799 2013 2057 2070 haberet.

414 2107 494 2160 Ac
526 2108 652 2159 tum
685 2105 945 2175 primum
976 2102 1172 2158 videre
1216 2103 1493 2159 mortales
1531 2108 1791 2159 teneram
1819 2103 2059 2160 mulier-

422 2191 614 2248 culam
647 2191 1001 2247 defensionis
1032 2206 1169 2263 ergo
1199 2192 1349 2247 ferro
1404 2192 1798 2263 prepositam,
1857 2211 1922 2250 ac
1957 2193 2061 2249 mi-

430 2281 691 2337 rabiliter
724 2280 953 2335 inverso
996 2280 1217 2349 ordine,
1278 2280 1479 2353 fragile
1536 2299 1748 2355 corpus
1805 2283 2064 2340 hominis

431 2371 786 2428 firmissimis
845 2371 1135 2428 machinis
1191 2373 1559 2443 adjunctum,
1618 2379 1683 2430 ut
1733 2376 1833 2448 qui
1891 2375 2064 2432 exiis

428 2461 769 2535 pugnabant
798 2460 1123 2517 incolumes
1172 2468 1494 2518 manerent.
1527 2463 1667 2522 Tela
1718 2481 1850 2521 vero
1871 2482 1903 2521 θ
1930 2483 2064 2521 mae-

430 2552 606 2608 nibus
635 2567 798 2622 teque
853 2566 920 2607 ac
975 2550 1157 2622 prius,
1217 2553 1317 2608 sed
1372 2557 1537 2609 tanta
1591 2557 1859 2611 cautione
1883 2556 2064 2628 jacie-

426 2640 665 2705 bantur,
699 2643 763 2695 ut
797 2638 981 2695 illmsa
1042 2640 1220 2695 nobili
1269 2641 1534 2713 muliere,
1566 2644 1737 2716 quasi
1772 2644 1873 2701 illa
1911 2646 2067 2701 nuti-

425 2731 534 2787 bus
566 2736 622 2787 et
670 2729 948 2788 manibus
987 2729 1190 2800 jacula
1236 2748 1270 2787 a
1318 2749 1380 2789 se
1429 2749 1631 2790 aversa
1689 2735 1747 2791 in
1803 2735 2065 2793 hostium

425 2821 599 2877 corda
656 2820 956 2892 deﬂgeret,
1004 2819 1202 2877 hostes
1246 2825 1303 2878 et
1361 2822 1601 2879 ferirent
1648 2829 1705 2880 et
1759 2829 2064 2883 terrerent.

430 2912 692 2966 Immane
721 2910 876 2965 istud
908 2910 1138 2968 facinus
1168 2912 1313 2968 adeo
1361 2912 1507 2969 nihil
1556 2917 1887 2972 Andronico
1932 2934 2067 2989 pro-

429 3000 559 3066 fuit,
592 3004 658 3055 ut
688 2999 1015 3057 Nicaeenses
1067 3002 1215 3059 facta
1265 3009 1440 3059 noctu
1490 3007 1793 3077 eruptione
1835 3012 1892 3062 et
1940 3025 2067 3064 ma-

427 3088 631 3144 chinas
674 3089 1069 3160 incenderent,
1146 3096 1203 3145 et
1263 3092 1505 3149 muliere
1556 3094 1693 3150 fune
1752 3096 1812 3150 in
1860 3097 2065 3153 urbem

424 3182 669 3281 attracta
697 3194 825 3281 eum
851 3184 1134 3281 tanquam
1184 3180 1463 3237 Phineum
1512 3183 1585 3238 ab
1632 3184 1878 3258 Harpyia
1926 3203 2065 3258 spo-
2103 3212 2149 3281 ο

425 3267 636 3323 liatum
686 3268 912 3339 plorare
963 3271 1242 3339 sinerent,
1292 3289 1406 3330 non
1460 3275 1771 3334 habentem
1820 3295 1933 3351 quo
1987 3280 2066 3336 fa-

431 3372 583 3412 mem
632 3357 952 3414 iracundiaa
993 3375 1111 3415 sua;
1172 3361 1444 3432 expleret.
1495 3366 1579 3420 Ita
1625 3365 1953 3425 Nicaeenses
1998 3371 2070 3426 ab

432 3444 576 3516 ipsis
608 3445 876 3502 hostibus
910 3447 1142 3505 laudem
1197 3450 1559 3509 fortitudinis
1590 3455 1739 3511 807
1775 3460 2071 3515 consecuti

436 3534 683 3605 majores
714 3536 941 3594 animos
989 3549 1375 3611 conceperant
1421 3547 1595 3616 atque
1637 3546 1916 3604 audacius
1964 3566 2073 3620 pu-

433 3632 770 3696 gnaverunt,
804 3643 917 3682 non
950 3628 1160 3684 mcenia
1191 3634 1418 3687 tantum
1441 3642 1679 3691 strenue
1708 3636 2072 3694 defendendo

433 3719 491 3769 et
536 3716 931 3773 Andronicum
993 3718 1249 3776 dicteriis
1312 3721 1658 3781 incessendo
1702 3732 1769 3783 ut
1822 3728 2069 3798 lanium,

432 3820 635 3860 canem
675 3807 1145 3877 sanguinarium,
1195 3818 1361 3880 putre
1411 3812 1794 3887 silicernium,
1854 3817 2070 3874 malum

434 3893 784 3966 immortale,
817 3895 1125 3954 hominum
1160 3899 1416 3968 Furiam,
1467 3903 1870 3972 mulierosum,
1913 3907 2073 3963 Pria-

436 3998 576 4054 pum
626 3984 877 4042 Tithono
929 3989 987 4042 et
1048 3991 1301 4046 Saturno
1365 3993 1758 4064 annosiorem,
1826 3995 2077 4066 denique

438 4071 597 4127 nullo
645 4073 1000 4143 turpissimae
1064 4077 1145 4132 rei
1190 4078 1470 4136 vocabulo
1531 4082 1901 4153 abstinendo,
1975 4084 2075 4139 sed

2164 2000 2556 2089 népnwvitpbc
2589 2009 2834 2086 οὐρανόν.
2893 2009 2959 2065 Oi
3015 2007 3116 2084 γὰρ
3174 2001 3319 2059 ἔνδον
3369 2002 3618 2075 ἐκθύμως
3670 2000 3821 2089 ἑμά-

2166 2088 2355 2181 χοντο,
2386 2088 2475 2158 xui
2524 2099 2721 2161 ὅπλοις
2784 2099 2876 2171 μὶν
2925 2096 3021 2156 τὰς
3079 2092 3153 2149 δι’
3208 2092 3399 2147 ὅπλων
3453 2088 3826 2181 ἀπεκρούοντο

2166 2176 2501 2271 προσϐολὰς,
2541 2193 2806 2264 μηχανῶν
2841 2184 2899 2242 δὲ
2948 2187 3303 2243 κατασκευαῖς
3345 2176 3826 2271 ἀπηχρείουν-τὲ-

2168 2268 2298 2340 λεον
2336 2283 2402 2337 τὰ
2432 2284 2541 2337 τῶν
2572 2283 2781 2352 πετρῶν
2816 2276 3104 2353 ἀφετήρια,
3151 2271 3288 2345 ἆπερ
3331 2272 3360 2324 ὁ
3403 2269 3669 2343 βαθόνους
3705 2268 3827 2353 ’ᾼνο

2170 2370 2419 2445 δρόνικος
2452 2364 2782 2423 ἐτεκταίνετο
2832 2352 2968 2436 (ﬂ),
3026 2358 3371 2434 τειχομάγια
3425 2357 3599 2445 ἱστῶν
3654 2352 3827 2445 βελοο

2172 2442 2362 2516 στάσιά
2417 2478 2476 2513 τε
2529 2456 2618 2511 καὶ
2673 2454 2977 2529 ὀρυκτῆρας
3032 2449 3490 2523 ἐπιτεχνώμενος,
3520 2444 3610 2499 καὶ
3669 2442 3728 2497 εἴ
3775 2463 3823 2496 τι

2168 2549 2350 2623 ἕτερον
2384 2545 2623 2602 διαλύειν
2656 2541 2775 2618 ἔχει
2805 2534 3100 2615 περίϐολον
3161 2535 3377 2597 πόλεως
3435 2533 3823 2623 ἐργαζόμενος,

2171 2621 2266 2695 καὶ.
2294 2634 2760 2715 φιλοτιμούμενος
2815 2629 2951 2704 πρὸς
2978 2628 3108 2690 τοὺς
3136 2627 3430 2700 παρόντας,
3468 2623 3545 2715 ᾡς
3576 2621 3729 2677 πολὺ
3766 2621 3822 2715 τὸ

2171 2709 2429 2788 κατὰ-τὰς
2475 2728 2585 2779 τῶν
2632 2721 2850 2776 πόλεων
2906 2718 3142 2779 ἁλώσεις
3170 2713 3399 2785 ἐνδὲξιον
3430 2709 3707 2785 ηὔχησεν.
3768 2710 3821 2765 Ὁ

2177 2820 2272 2895 μὶν
2299 2817 2402 2895 γὰρ
2437 2814 2667 2891 ἔπήγνυε
2723 2812 2819 2872 τὰς
2878 2806 3189 2872 ἑλεπόλεις,
3244 2804 3336 2860 xui
3393 2803 3494 2895 τήν
3527 2797 3819 2895 σιρενδόνην

2171 2890 2600 2986 περιειργάζετο,
2632 2904 2723 2959 τὸν
2748 2900 2918 2979 λόγον
2974 2919 3031 2953 τε
3087 2898 3178 2953 καὶ
3216 2896 3310 2950 τὸν
3366 2891 3699 2986 στρόφαλον-
3736 2890 3818 2986 xui

2170 2979 2263 3057 τὸν
2321 2979 2754 3073 τει-χεσιπλήτην
2808 2993 2960 3066 κριὸν
3015 2986 3227 3062 σιδήρῳ
3272 2985 3588 3063 ἐφράγνυενο
3649 2982 3706 3036 οἱ
3771 2979 3823 3036 δὶ

2173 3093 2396 3151 Νικαεῖς
2422 3072 2547 3142 τοτὲ
2590 3086 2683 3157 μὶν
2713 3081 2819 3136 ἀπὸ
2858 3076 3103 3135 πυλίδων
3159 3073 3383 3144 ἀδῆλων
3424 3072 3821 3146 ἐκθρώσκοντες

2172 3189 2274 3252 τῆς
2322 3179 2540 3240 πόλεως
2586 3174 2716 3251 πυρὶ
2755 3169 3113 3248 παρεδίδοσαν
3181 3169 3269 3223 καὶ
3329 3167 3483 3243 χερσὶ
3541 3164 3817 3252 κατέσπων

2174 3247 2240 3329 τά
2301 3247 2702 3344 μηχανήματα,
2759 3247 2886 3319 τοτὲ
2943 3258 3001 3316 δὲ
3056 3256 3443 3336 προσαγόμενα
3478 3252 3694 3344 τείχειιί⁸
3741 3247 3817 3303 δι’

2177 3337 2625 3435 ἑτέρων-δμοίων
2679 3354 2920 3429 ὀργάνων
2976 3348 3105 3404 ὡσεὶ
3161 3348 3251 3435 xui
3312 3344 3548 3435 ἀράχνης
3600 3337 3807 3435 διέλυον

2176 3431 2414 3523 νήματα,
2457 3444 2597 3500 ὥστε
2650 3441 2741 3498 καὶ
2792 3436 3145 3514 ’Δνδρόνικος
3202 3434 3279 3498 εἷς
3335 3433 3489 3489 κενὸν
3552 3431 3822 3523 σχάζοντα

2180 3515 2319 3613 ὁρῶν
2348 3538 2416 3592 τὰ
2447 3537 2641 3591 ἑαυτοῦ
2672 3526 2961 3587 διαϐούλια
2992 3529 3162 3583 ὲννοεῖ
3214 3545 3269 3580 τι
3318 3523 3681 3595 ἀπάνθρωπον
3735 3515 3822 3571 xui

2178 3608 2395 3703 ὀλίγοις
2423 3624 2596 3682 πάλαι
2625 3619 3004 3697 καταπραχθὶν
3053 3612 3413 3689 πολιορκοῦσί
3471 3631 3528 3667 τε
3580 3608 3671 3703 xu_i
3697 3628 3825 3703 ⁸πο-

2182 3696 2599 3793 λιορκουμένοις
2664 3696 2877 3783 ἔξωθεν.
2942 3709 3055 3776 Τὴν
3100 3707 3205 3781 γὰρ
3235 3703 3506 3793 Ἰσαακίου
3563 3696 3663 3793 Ιτοῦ
3696 3700 3830 3793 Ἀἵ-

2178 3786 2341 3885 γέλου
2376 3786 2702 3879 μητέρατὴν
2735 3796 3092 3885 Ειξφροσόνην
3138 3786 3829 3885 εκ-Βυζαντίουιᾶνακομί-

2181 3877 2274 3958 σας
2305 3877 2396 3950 νῦν
2435 3877 2529 3966 μὶν
2571 3890 2646 3953 ὡς
2677 3882 2983 3964 πρόϐλημα
3021 3882 3300 3959 προύτίθει
3327 3885 3436 3936 τῶν
3492 3877 3828 3941 ὲλεπόλεων,

2181 3990 2273 4041 νῦν
2306 3981 2364 4038 δὶ
2391 3986 2470 4055 τῷ
2500 3984 2639 4055 κριῷ
2669 3971 3064 4034 ἐπαναϐάλλων
3123 3973 3200 4034 ὡς
3257 3970 3309 4026 ἐν
3365 3970 3617 4043 ὀχήματι
3659 3984 3833 4055 προσ-

2182 4082 2313 4150 ῆγεν
2345 4054 2491 4127 οὕτω
2628 4067 2798 4141 τείχει
2830 4065 2894 4121 τὸ
2929 4064 3263 4138 μηχάνημα.
3296 4062 3416 4150 ᾼΤῷ
3444 4078 3558 4150 ,τοι
3609 4060 3705 4150 καί

438 4160 613 4216 etiam
663 4141 879 4217 relictis
934 4168 1391 4238 propugnaculis
1455 4169 1636 4240 portis
1696 4141 2056 4242 erumpendo

2185 4141 2434 4237 δακρύειν
2477 4158 2529 4215 ἒν
2558 4141 2741 4228 ταύτῷ
2768 4155 2857 4210 xui
2911 4154 3222 4226 θαυμάζειν,
3291 4147 3537 4223 δακρύειν
3602 4141 3835 4242 μὶνδιὰ

438 4248 838 4305 Andronicum
862 4266 993 4307 vero
1043 4235 1227 4323 pallor
1271 4235 1473 4313 vultus
1517 4262 1577 4315 et
1620 4235 1917 4316 oculorum
1959 4262 2061 4317 dis-

2182 4255 2245 4310 τὸ
2273 4235 2369 4308 τοὶ)⁹
2401 4250 2675 4325 ὁράματος
2711 4245 3068 4319 καινότροπον
3102 4242 3192 4297 καὶ
3222 4240 3286 4295 τὸ
3314 4243 3414 4294 τοῦ
3447 4240 3625 4310 θυμοῦ
3660 4235 3835 4290 πάντα

445 4339 595 4392 torta
661 4342 814 4395 acles
859 4343 916 4395 et
958 4342 1161 4398 crebra
1202 4347 1504 4416 promissae
1553 4364 1619 4404 ao
1663 4349 1725 4405 in
1777 4350 2061 4406 cincinno:

2187 4344 2314 4421 ῥᾷον
2342 4346 2541 4409 ποιεῖν,
2571 4339 2662 4394 καὶ
2697 4334 2969 4412 μηδεμίαν
2997 4337 3106 4389 τῶν
3164 4330 3528 4421 ξενακούστων
3580 4327 3677 4381 καὶ
3735 4331 3834 4394 τῆς

438 4426 728 4484 distinctae
776 4429 969 4485 barbae
1019 4431 1292 4503 implexio
1353 4435 1440 4491 ira
1500 4453 1623 4493 esse
1683 4438 1964 4509 percitum
2027 4457 2056 4496 e

2188 4416 2535 4509 ἆνθρωπίνης
2564 4427 2774 4507 φύσεως
2812 4423 3127 4497 ἀλλοτρίων
3183 4416 3667 4509 ὑποστελλόμενον
3697 4416 3839 4509 πρᾶτ-

437 4516 600 4574 dolos
630 4526 845 4575 struere
878 4502 1275 4580 Nicaeensibus
1322 4524 1631 4582 manifeste
1683 4502 2059 4584 declarabant

2189 4502 2300 4595 ξιν,
2319 4502 2716 4592 ἐκπλήττεσθαι
2746 4514 2790 4571 δ’
2821 4516 2977 4578 ὃπως
3015 4513 3116 4568 οὔκ
3170 4509 3440 4580 ἐτεθνήκει
3494 4512 3575 4579 τῷ
3608 4503 3720 4561 δέει
3777 4502 3837 4557 τὸ

436 4606 541 4663 Sed
603 4608 741 4681 quia
803 4610 1020 4667 famem
1070 4610 1432 4670 crudelitatis
1480 4630 1597 4671 sua
1658 4621 1920 4674 saturare
1964 4636 2061 4674 nor

2189 4574 2410 4691 γύναιον
2453 4574 2565 4665 ἅνω
2594 4613 2705 4664 τῶν
2741 4602 3161 4683 μηχανημάτων
3218 4600 3523 4672 καθήμενον
3591 4597 3687 4650 καὶ
3722 4598 3839 4653 τοῖς

438 4702 686 4770 poterat,
728 4700 933 4757 urbem
990 4705 1210 4774 saepius
1247 4704 1446 4760 eodem
1494 4705 1586 4762 die
1632 4723 1847 4764 corona
1895 4708 2061 4780 cinge

2183 4685 2389 4776 τείχεσι
2428 4704 2530 4768 τῆς
2561 4696 2776 4755 πόλεως
2817 4691 3248 4767 προσαγόμενον,
3307 4686 3396 4742 ὅτε
3449 4686 3539 4740 καὶ
3597 4685 3837 4760 πρώτως

436 4789 571 4857 bat;
620 4792 678 4845 et
726 4793 786 4845 ut
834 4805 965 4846 ursa
1010 4791 1218 4847 catulis
1265 4791 1388 4848 suis
1434 4793 1681 4865 spoliata
1742 4795 1858 4853 huc
1910 4778 2061 4869 atqui

2183 4791 2454 4847 τεθέανται
2481 4786 2761 4860 ἅνθρωποι
2792 4781 3014 4857 σαρκίον
3045 4779 3255 4835 ἁπαλὸν
3293 4778 3383 4833 καὶ
3438 4779 3600 4831 τοῦτο
3646 4793 3842 4852 γυναι-

435 4875 577 4929 illuc
605 4878 986 4943 transeundo,
1034 4879 1289 4951 legiones
1317 4861 1609 4954 suspiriis,
1650 4884 1920 4942 tribunos
1962 4861 2060 4941 v-er

2186 4886 2330 4937 κεῖον
2364 4876 2441 4938 εἷς
2475 4870 2649 4950 ἔρυμα
2686 4870 2920 4947 σιδήρου
2948 4864 3424 4947 προϐεϐλημένον,
3455 4864 3569 4954 καὶ,
3611 4865 3715 4934 τήν
3745 4861 3841 4917 τά-

440 4960 532 5017 bis
559 4963 899 5033 castigabat,
945 4968 1097 5036 quod
1150 4968 1368 5025 bellum
1418 4952 1656 5043 segnius
1704 4973 2061 5030 administra-

2185 4972 2262 5041 ξιν
2295 4965 2712 5040 ἐνηλλαγμένην
2770 4961 2860 5016 καὶ
2893 4956 3288 5034 μεταπηδῶσαν
3320 4957 3372 5019 ἐς
3432 4955 3494 5011 τὸ
3549 4952 3837 5043 ἀνόμοιον,

440 5058 589 5123 rent,
621 5052 881 5109 hostium
912 5069 1296 5126 congressum
1328 5041 1795 5119 reformidantes.

2188 5060 2262 5120 ὡς
2312 5055 2479 5129 δέμας
2538 5054 2630 5127 μὲν
2660 5050 2883 5112 εὐπαθὲς
2939 5048 3028 5104 xui
3090 5048 3425 5123 ἀνθρώπινον
3477 5048 3586 5098 τῶν
3627 5041 3840 5098 ἀντιτύ-

440 5167 558 5200 πων
586 5145 965 5219 προεκκεῖοθαι
1004 5148 1425 5218 μηχανημάτων
1470 5149 1546 5211 εἷς
1577 5145 1914 5221 ἀποσόϐησιν
1946 5157 2043 5207 τοῦ
2076 5151 2282 5226 χαλκὸν
2339 5144 2653 5224 ὲγχρίπτειν
2717 5139 2936 5216 χαλκῷ,
2995 5137 3220 5213 σίδηρον
3276 5136 3333 5192 δὲ
3397 5133 3838 5226 περιστελλόμετ

441 5256 532 5291 νον
573 5234 863 5310 ἀνθρώπου
904 5234 1141 5307 σώματι.
1174 5237 1303 5298 Τοῖς
1327 5234 1374 5292 δ’
1405 5237 1464 5293 ἐκ
1494 5244 1602 5294 τῶν
1659 5245 1861 5317 τειχῶν
1918 5222 2117 5305 οὕτως-
2152 5222 2395 5298 ἀτεχνῶς
2451 5236 2519 5290 τὰ
2561 5232 2695 5308 βέλη
2766 5230 3033 5307 ἐφρένωτο
3101 5227 3175 5289 ὠς
3233 5226 3479 5303 ἀφίεσθαι
3541 5224 3634 5297 μὲν
3701 5222 3840 5317 καθὰ

442 5327 531 5381 καὶ
585 5327 851 5402 πρότερον
908 5324 998 5379 καὶ
1056 5322 1319 5397 πλήττειν
1375 5327 1505 5392 τοὺς
1586 5331 1838 5395 ἐπιόντας
1896 5332 1987 5387 καὶ
2071 5328 2492 5399 καταπλήττειν,
2570 5324 2738 5393 αὐτὴν
2796 5320 2853 5377 δὲ
2923 5322 3024 5391 τὴν
3082 5319 3272 5394 εὐγενῆ
3369 5319 3597 5393 γυναῖκα
3652 5316 3838 5369 κακῶν

1813 5455 1983 5518 Hier.
2024 5453 2237 5517 Wolﬁi
2272 5457 2461 5513 notae.

514 5575 627 5649 (14)
649 5573 1042 5659 ‘Huncnlocum
1078 5575 1395 5659 generatim
1427 5592 1558 5633 sum
1590 5578 2024 5650 interpretatus,
2057 5578 2194 5651 quia
2223 5574 2458 5649 propria
2478 5572 2760 5629 vocabula
2803 5587 2915 5628 non
2948 5568 3359 5643 suppetebant,
3390 5569 3447 5623 et
3474 5561 3837 5638 periphrasis

442 5646 795 5721 permutesta
824 5649 1024 5705 futura
1050 5646 1371 5705 videbatur.
