4126 6294
283 395 400 456 637
1326 397 1428 455 DE
1469 394 1930 456 ANDllONlCO
1975 393 2356 456 COMNENO
2401 395 2557 456 LIB.
2604 394 2650 454 Ῐ.
3575 392 3693 453 638

287 527 662 594 ἆπαθεστᾶτην
694 529 903 596 τηρεῖν,
936 524 1010 586 ὡς
1067 523 1217 600 εἷ’περ
1257 527 1344 581 καὶ
1394 528 1554 602 χερσὶ
1591 528 1684 583 καὶ
1741 527 1996 601 νεύμασιν
2053 527 2104 598 ἐξ
2164 528 2358 596 έαυτῆς
2421 533 2624 601 μετῆγε
2677 526 2745 579 τὰ
2787 525 3046 600 βέλεμνα,
3080 524 3154 586 εἰς
3183 521 3240 579 δὶ
3276 524 3373 587 τὰς
3400 527 3508 578 τῶν
3542 524 3698 578 ἀντι-

278 619 464 695 θέτων
522 612 742 689 καρδίας
804 616 936 669 αὐτὰ
989 617 1345 686 κατέπησσει.
1407 619 1484 675 Ού
1547 619 1710 692 μόνον
1762 618 1941 674 τοίνυν
1990 618 2042 679 ές
2099 615 2249 672 οὐδὲν
2305 620 2585 692 χρήσιμον
2643 619 2742 684 τήν
2793 616 3158 690 ἀπάνθρωπον
3213 616 3412 685 ταύτην
3453 614 3692 670 ἐπίνοιαν

290 706 670 778 καταλήξασαν
732 701 869 760 εἶδεν
929 702 1298 779 Ἀνδρόνικος,
1358 705 1504 763 ἄλλά
1567 708 1657 762 καὶ
1721 708 1915 770 νυκτὸς
1983 705 2209 778 ἐξιόντες
2268 708 2320 761 οἱ
2374 712 2589 768 Νικαεῖς
2644 706 2738 767 τάς
2795 726 2853 760 τε
2909 706 3158 781 μηχανὰς
3207 705 3338 778 πυρὶ
3393 703 3693 780 παρέδοσαν

291 797 382 851 καὶ
439 798 536 864 τήν
607 800 834 872 γυναῖκα
893 793 981 849 διὰ
1041 796 1307 870 μηρίνθου
1374 800 1710 871 ἀνιμήσαντο
1776 801 1812 869 ἢ
1876 797 1950 860 ὡς
2006 800 2263 870 Ἅρπυιαι
2307 797 2684 871 ἀνηρείψαντο,
2741 794 3086 869 Ἀνδρόνικον
3120 793 3177 850 δὲ
3207 796 3284 857 ὼς
3324 794 3488 850 Φινέα
3521 794 3693 850 ἄλλον

290 889 541 954 παρῆκαν
601 883 864 955 ἄχθεσθαι
929 883 1004 954 μή
1059 879 1256 956 ἔχοντα
1297 882 1327 937 δ
1378 888 1632 938 πεινῶντι
1691 888 1768 956 τῷ
1832 888 1988 956 θυμῷ
2043 885 2430 960 παραϐήσεται.
2489 885 2588 937 Καὶ
2643 882 2804 944 κλέος
2880 881 3116 937 ἐντεῦθεν
3176 881 3314 957 μέγα
3372 881 3452 936 ἐπ’
3508 878 3695 955 ἀνδρίᾳ

288 971 436 1047 παρά
491 976 610 1032 τοῖς
670 970 934 1030 ἐναντίοις
990 973 1320 1044 κτησάμενοι
1379 973 1430 1026 οἱ
1493 975 1714 1037 Νικαεῖς
1769 967 1848 1026 ἔτι
1909 971 2122 1045 μᾶλλον
2177 971 2562 1046 ἠρῥενώθησαν
2623 973 2690 1028 τά
2745 974 3068 1049 φρονήματα
3115 970 3204 1026 καὶ
3251 974 3349 1036 τῆς
3399 971 3585 1046 μάχης
3627 968 3696 1038 ἥ·-

284 1081 483 1115 πτοντο
515 1060 947 1135 εὐθαρσέστερον.
997 1060 1110 1117 Οὐκ
1163 1061 1268 1116 ἀπὸ
1323 1065 1432 1116 τῶν
1493 1067 1693 1136 τειχῶν
1754 1060 1812 1116 δὲ
1872 1065 2037 1136 μόνον
2095 1062 2530 1140 προφαινόμενοι
2587 1061 2718 1136 ἔργα
2771 1067 2989 1137 γενναῖα
3036 1058 3427 1129 ἐπεδείκνυντο,
3457 1060 3546 1114 καὶ
3577 1064 3696 1116 Ἀν-

287 1147 536 1222 δρόνικον
601 1148 926 1221 σκώμμασιν
987 1144 1241 1218 ἔπλυνον,
1291 1150 1664 1224 μακελλάριον
1726 1150 1886 1205 αὐτὸν
1977 1149 2380 1212 ἀποκαλουντες
2438 1153 2526 1204 καὶ
2597 1150 2728 1204 κύνα
2793 1150 3126 1226 φιλαίματον
3191 1149 3282 1204 καὶ
3350 1149 3695 1224 σαπρόγηρον

285 1238 374 1292 καὶ
404 1239 569 1292 κακὸν
602 1237 866 1292 ἀθάνατον
933 1238 1022 1292 καὶ
1088 1240 1388 1320 ἀνθρώπων
1429 1240 1667 1315 Ἐριννὺν
1725 1240 1814 1294 καὶ
1869 1239 2173 1317 φιλογύνην
2229 1241 2318 1295 καὶ
2376 1241 2626 1314 Πρίηπον
2687 1243 2932 1303 Τιθωνοῦ
2981 1261 3040 1294 τε
3097 1240 3186 1294 καὶ
3243 1237 3457 1313 Κρόνου
3516 1238 3694 1292 πολυ-

290 1328 586 1400 ετέστερον,
619 1330 706 1382 καὶ
744 1326 794 1382 εἷ’
815 1349 868 1384 τι
899 1328 1185 1403 αἴσχιστον
1220 1328 1360 1384 ἄλλο
1419 1337 1646 1406 πρᾶγμα
1711 1329 1803 1385 καὶ
1843 1330 2038 1403 ὃνομα,
2069 1328 2218 1384 ἀλλά
2273 1331 2376 1384 κάκ
2415 1334 2495 1400 [Ρ.
2555 1332 2676 1402 183]
2705 1335 2811 1384 τῶν
2846 1327 3144 1399 ἐπάλξεων,
3175 1329 3249 1390 ὡς
3289 1325 3475 1401 εἷ’ρηκε
3510 1329 3572 1382 τὸ
3604 1328 3695 1382 λέ-

291 1439 426 1492 γειν,
458 1415 878 1487 καταπηδῶντες
913 1415 1248 1491 διεξεχέοντο
1290 1423 1395 1474 τῶν
1441 1424 1650 1475 πυλῶν.
1715 1415 2060 1493 Ἀνδρόνικος
2121 1417 2178 1473 δὲ
2215 1424 2291 1490 τῷ
2349 1421 2706 1493 ὑπωχριῶντι
2757 1423 2855 1473 τοῦ
2887 1420 3187 1492 προσώπου
3217 1416 3304 1471 καί
3335 1422 3414 1489 τῷ
3449 1419 3524 1490 μὴ
3557 1417 3696 1472 κατὰ

287 1508 444 1583 φύσιν
498 1511 596 1561 τοῦ
654 1505 977 1581 βλέμματος
1027 1508 1118 1562 καὶ
1155 1506 1235 1580 τῷ
1291 1506 1566 1572 πολλάκις
1622 1508 1695 1570 ὠς
1754 1509 1806 1562 ἐν
1858 1508 1992 1580 ἱστῴ
2051 1508 2379 1587 ὑφαινούσης
2435 1513 2504 1581 τῇ
2571 1506 2824 1579 δακτύλῳ
2864 1509 3223 1582 περιελίττειν
3264 1507 3327 1561 τὸ
3378 1525 3694 1581 κατακεχυ-

287 1600 445 1669 μένον
475 1597 566 1650 καὶ
601 1593 984 1672 βοστρυχῶδες
1021 1598 1119 1665 τῆς
1151 1594 1428 1670 γενειάδος
1461 1599 1804 1672 θυμομαχῶν
1856 1595 2154 1671 προδήλως
2199 1596 2468 1653 ἐδείκνυτο
2509 1598 2599 1652 καὶ
2631 1595 2828 1658 δόλους
2861 1596 3095 1674 ὑφαίνων
3124 1596 3262 1651 κατά
3287 1600 3394 1650 τῶν
3431 1597 3691 1652 Νικαέων.

279 1685 504 1757 Ἀμέλει
541 1683 681 1757 μηδὲ
711 1686 890 1764 φέρειν
929 1681 1074 1760 ἔχων
1103 1687 1166 1740 τὸ
1192 1691 1298 1740 τῶν
1331 1681 1479 1741 ἔνδον
1539 1684 1789 1757 αὔθαδες,
1849 1686 2142 1760 λιμώττων
2199 1685 2256 1741 δὲ
2303 1687 2378 1749 ὠς
2409 1687 2553 1741 κύων
2587 1684 2886 1746 Δαυϊδικῶς
2920 1685 3086 1740 εἷ’πεῖν
3122 1685 3182 1740 ἐκ
3207 1690 3304 1740 τοῦ
3339 1688 3414 1759 μή
3450 1680 3598 1759 ἔχειν
3629 1685 3691 1738 τὸ

283 1776 856 1847 γατωθοινησόμενον,
888 1774 1249 1848 περιεκύκλου
1278 1778 1377 1846 τήν
1405 1775 1568 1832 πόλιν
1600 1784 1702 1845 τῆς
1732 1776 1941 1852 ἡμέρας
1975 1776 2268 1843 πολλάκις,
2301 1778 2392 1831 καὶ
2423 1777 2497 1838 ὠς
2529 1776 2855 1849 ἠπορημὲνη
2888 1775 3087 1849 ἄρκτος
3110 1773 3241 1849 τῇδε
3281 1774 3494 1828 κάκεῖσε
3529 1795 3692 1847 μετα-

285 1870 489 1942 χωρῶν
522 1861 870 1934 κατεστέναζε
897 1869 1004 1918 τῶν
1053 1866 1373 1942 ταγμάτων,
1403 1866 1494 1921 καὶ
1543 1871 1662 1928 τοῖς
1691 1866 2009 1941 ταξιάρχαις
2050 1867 2384 1936 ἐπέπληττεν
2434 1866 2506 1928 ὠς
2551 1864 2729 1936 δήπου
2780 1864 3203 1939 βλακευομένοις
3243 1865 3366 1938 περὶ
3396 1864 3486 1918 τὸν
3517 1863 3688 1918 πόλε-

292 1975 394 2028 μον
425 1958 514 2009 καί
543 1954 642 2022 τήν
667 1955 958 2028 παράταξιν
995 1954 1400 2012 ὑπεκλλίνουσι.

361 2107 428 2182 γ’.
463 2104 787 2179 Τολμητίας
840 2105 886 2160 δ’
943 2101 1017 2160 ὤν
1067 2107 1095 2161 ὁ
1150 2107 1585 2178 Καντακουζηνὲς
1635 2107 1938 2184 Θεόδωρος,

2125 2111 2178 2165 3.
2212 2112 2284 2166 At
2304 2113 2736 2166 Cantacuzenus
2767 2109 3129 2175 Theodorus,
3180 2113 3348 2165 aetate
3386 2112 3557 2180 atque
3590 2124 3691 2162 au-

284 2194 374 2250 καὶ
405 2199 473 2268 τῇ
507 2194 659 2268 ἀκμῇ
691 2201 789 2263 τῆς
837 2193 1057 2264 ἡλικίας
1107 2193 1206 2250 ὅσα
1248 2196 1337 2251 καὶ
1383 2197 1534 2258 οἶνος
1587 2195 1720 2265 ζέων
1751 2198 1939 2252 νεωστὶ

283 2280 715 2355 ληνοϐατηθεὶς,
774 2282 906 2340 ἰδών
976 2307 1110 2342 ποτε
1158 2286 1250 2341 τὸν
1310 2285 1538 2361 βασιλέα
1587 2285 1938 2362 Ἀνδρόνικον

281 2375 384 2442 τὴν
415 2375 578 2430 πόλιν
612 2375 889 2448 περιιόντα
938 2377 1074 2448 μετὰ
1113 2374 1246 2446 ἴλης
1296 2383 1506 2455 συχνῆς
1552 2378 1643 2431 καὶ
1697 2376 1938 2432 εὐιππων

281 2467 600 2540 ταγμάτων,
659 2463 1029 2529 ἐνθουσιωδῶς
1111 2464 1381 2537 πλησθεὶς
1458 2468 1784 2542 ὁρμήματος
1851 2468 1941 2524 καὶ

284 2552 377 2608 διὰ
414 2558 520 2607 τῶν
553 2555 708 2626 ἑῴων
767 2553 956 2609 πυλῶν
1011 2553 1399 2620 ἀνακλιθεισῶν
1460 2557 1533 2618 ὡς
1592 2557 1740 2636 εἶχεν
1789 2557 1944 2622 εὐθὺς

279 2641 539 2716 ἐκθορὼν,
609 2641 959 2720 ἐφεπομένων
1018 2642 1166 2715 αύτῷ
1223 2645 1312 2699 καὶ
1379 2666 1541 2700 τινων
1603 2645 1941 2721 εὐαρίθμῶν,

278 2732 394 2785 κατ’
430 2729 781 2806 Ἀνδρονίκου
811 2732 1032 2787 τιταίνει
1081 2734 1145 2788 τὸ
1187 2731 1319 2808 δόρυ
1375 2731 1461 2788 διὰ
1492 2738 1601 2788 τῶν
1634 2737 1942 2810 προμάχων

283 2820 509 2893 χωρῶν.
579 2817 955 2896 Σφοδροτέραν
1027 2818 1084 2876 δὲ
1140 2823 1470 2896 ποιούμενος
1528 2824 1625 2892 τήν
1687 2821 1938 2878 ἐπέλασιν

287 2909 380 2960 καὶ
439 2913 675 2982 συνεχῶς
731 2911 1018 2986 κεντρίζων
1072 2911 1165 2966 τὸν
1218 2912 1394 2966 ἳππον
1453 2913 1544 2966 καὶ
1597 2912 1801 2986 βιάζων
1845 2911 1942 2967 ἄν-

289 3014 482 3068 τικρυς
538 2995 806 3066 ἳπτασθαι,
877 2997 1007 3073 οὐχὶ
1065 2998 1315 3076 φέρεσθαι
1375 3001 1451 3063 ὡς
1517 3003 1550 3068 ἡ
1618 3000 1775 3078 φύσις
1815 3000 1942 3062 τοὺς

288 3081 463 3145 πόδας
524 3083 835 3157 ἐπτέρωσεν,
896 3080 1084 3150 ἔλαθεν
1146 3088 1332 3142 ἑαυτὸν
1384 3087 1785 3151 ἀπολωλεκώς
1845 3094 1942 3146 τοῦ

289 3175 397 3248 γὰρ
427 3174 598 3228 ἳππου
655 3172 1155 3248 κενεμϐατήσαντος
1211 3177 1301 3232 καὶ
1349 3183 1531 3241 κακῶς
1589 3179 1694 3234 ὑπὸ
1745 3177 1944 3253 βέλους

283 3263 551 3325 παθόντος
607 3268 892 3329 κάντεῦθεν
948 3265 1034 3320 ἐπὶ
1093 3266 1220 3341 γόνυ
1279 3267 1581 3339 κλιθέντος,
1635 3275 1734 3337 τῆς
1781 3265 1940 3344 ἕδρας

278 3347 664 3408 ἀποϐάλλεται
719 3353 807 3409 ἐπὶ
861 3357 1108 3432 βρεχμὸν
1163 3357 1452 3430 κατώκαρα
1478 3357 1680 3430 πεσὼν,
1711 3359 1941 3413 καὶτῶν

2050 2200 2216 2255 dacia
2237 2200 2514 2267 fervidus,
2531 2215 2664 2255 cum
2681 2199 3080 2255 Andronicum
3095 2215 3228 2254 cum
3253 2197 3455 2253 multis
3485 2197 3694 2253 cohor-

2053 2290 2206 2346 tibus
2239 2298 2293 2346 et
2324 2291 2588 2362 equitum
2625 2289 2832 2346 turmis
2864 2289 3062 2348 urbem
3127 2287 3401 2345 eicnmire
3433 2288 3698 2354 vidisset,

2050 2378 2218 2450 quasi
2251 2379 2488 2434 numine
2520 2379 2749 2434 afﬂatus
2789 2377 3069 2433 Orientali
3103 2382 3266 2447 porta
3316 2393 3450 2432 cum
3493 2375 3696 2447 paucis

2051 2468 2330 2538 erumpit,
2363 2468 2514 2522 368
2532 2471 2911 2538 perruptaque
2926 2467 3113 2538 prima
3127 2466 3247 2521 acie
3263 2466 3488 2521 hastam
3508 2465 3565 2520 in
3585 2467 3696 2519 An-

2051 2557 2356 2613 dronicum
2387 2556 2594 2611 vibrat.
2630 2556 2740 2610 Sed
2773 2557 2914 2611 dum
2947 2556 3168 2624 majore
3200 2555 3423 2625 impetu
3453 2555 3699 2610 ferturet

2052 2646 2381 2704 calcaribus
2413 2646 2665 2701 subditis
2686 2660 2899 2716 equum
2939 2650 3157 2699 tantum
3193 2659 3308 2699 non
3365 2642 3553 2698 volare
3603 2659 3696 2698 co-

2049 2737 2157 2809 git,
2190 2735 2248 2789 in
2277 2735 2516 2791 exitium
2547 2736 2682 2791 ruit.
2716 2735 2858 2789 Nam
2891 2749 3022 2788 eum
3057 2748 3238 2803 equus
3271 2731 3608 2802 impegissel
3643 2735 3701 2785 et

2049 2840 2120 2880 ex
2148 2823 2384 2880 vulnere
2418 2825 2476 2879 in
2521 2839 2673 2895 genu
2731 2821 3097 2890 concidisset,
3149 2821 3291 2877 sella
3336 2836 3615 2877 excussus
3648 2827 3701 2874 et

2050 2914 2108 2969 in
2142 2922 2307 2985 caput
2339 2913 2732 2985 praecipitatus
2766 2910 3044 2967 musculis
3075 2911 3231 2966 dorsi
3276 2909 3529 2982 graviter
3573 2909 3697 2963 col-

2047 3001 2200 3072 lisis,
2231 3002 2432 3058 oborta
2482 3000 2756 3071 vertigine
2800 2998 3159 3055 semianimis
3191 2998 3396 3068 jaeuit.
3476 2997 3695 3050 Andro-

2051 3091 2164 3148 nici
2205 3108 2336 3147 vero
2387 3090 2597 3146 milites
2654 3090 2706 3145 ei
2765 3096 2931 3160 caput
2986 3092 3310 3159 amputant,
3370 3086 3469 3142 alii
3520 3087 3694 3142 etiam

2048 3188 2322 3236 truncum
2355 3180 2412 3235 in
2446 3177 2761 3235 Andronici
2793 3177 3035 3248 gratiam
3065 3177 3123 3232 in
3175 3177 3352 3232 frusta
3386 3174 3695 3238 dissecant,

2048 3274 2226 3340 Caput
2259 3271 2385 3340 ejus
2415 3275 2584 3326 conto
2641 3267 2942 3341 praaﬁxum
3003 3283 3100 3338 per
3131 3267 3289 3322 vicos
3343 3265 3536 3336 Cpolis
3588 3264 3699 3320 cir-

2049 3358 2364 3415 cumlatum
2399 3367 2505 3415 est.
2528 3357 2852 3414 Nicaeenses
2877 3357 3040 3413 fortis
3074 3355 3369 3412 bellatoris
3397 3363 3449 3410 et
3495 3351 3693 3409 invicti

288 3447 441 3514 μυῶν
488 3447 597 3498 τῶι
646 3443 915 3498 νωτιαίων
965 3446 1244 3500 παθόντων
1290 3450 1470 3509 κακῶς
1525 3441 1698 3502 ἔκειτο
1749 3446 1939 3523 ὀλιγο-

2053 3449 2496 3538 prepugnatoris
2526 3447 2766 3504 interitu
2791 3447 2980 3504 tristes
3010 3450 3068 3503 et
3099 3445 3457 3504 consternati
3490 3443 3701 3500 Isaacio

281 3529 548 3604 δρανέων,
607 3531 929 3603 σκοτοδίνης
1001 3531 1394 3606 ὑποπλησθείς.
1465 3536 1754 3600 Κάντεῦθεν
1823 3537 1944 3592 ἐπι-

286 3620 586 3696 δραμόντες
689 3623 935 3698 ξιφήρεις
1007 3628 1114 3678 τῶν
1191 3623 1243 3695 ἐξ
1321 3623 1673 3700 ’Δνδρονίκου
1749 3626 1942 3700 συχνοὶ

282 3707 782 3786 ἀποδειροτομοῦσι
830 3711 923 3766 τὸν
982 3710 1284 3787 Θεόδωρον,
1332 3713 1436 3768 εἶσὶ
1497 3712 1544 3769 δ’
1602 3713 1654 3769 οἵ
1708 3717 1798 3770 καὶ
1853 3715 1944 3770 τὸν

284 3797 480 3854 λοιπὸν
540 3798 906 3875 έκρεανόμουν
967 3799 1270 3877 Θεόδωρον,
1331 3801 1666 3878 Ἀνδρονίκῳ
1714 3801 1946 3877 δρῶντες

278 3891 350 3944 τά
404 3890 734 3963 καταθύμια.
794 3891 943 3946 Μετὰ
1001 3893 1194 3967 μικρὸν
1243 3890 1300 3948 δέ
1332 3895 1424 3948 καί
1493 3899 1609 3956 τοῖς
1657 3894 1941 3968 οἰκήτορσι

274 3985 385 4049 τῆς
461 3979 865 4034 Κωνσταντίνου
929 3982 964 4050 ἡ
1031 3984 1128 4036 τοῦ
1194 3987 1638 4054 Καντακουζηνοῦ
1734 3983 1942 4057 προσοὶ⁹

283 4089 438 4144 γεται
506 4069 741 4148 κεφαλὴ,
808 4073 986 4142 κοντῷ
1055 4073 1326 4145 μετέωρος
1393 4077 1512 4134 ταῖς
1581 4073 1796 4147 ἀγυιαῖς
1843 4077 1946 4142 τῆς

284 4158 510 4219 πόλεως
545 4157 997 4232 ἐμπομπεύουσα.
1049 4160 1115 4217 Οἱ
1176 4159 1396 4224 Νίκαεῖς
1451 4161 1632 4216 τοίνυν
1678 4163 1769 4217 τὸν
1813 4174 1943 4238 θαρ-

286 4245 487 4302 σαλέον
533 4244 875 4321 πολεμιστὴν
946 4247 1036 4304 καὶ
1108 4247 1328 4324 ἄμαχον
1388 4251 1685 4325 πρόμαχον
1732 4246 1941 4306 ἀποϐα-

284 4337 478 4400 λόντες
539 4335 601 4393 οὗ
663 4341 900 4412 μικρῶς,
980 4339 1055 4401 ὡς
1123 4338 1290 4410 εἰκὸς,
1351 4337 1698 4415 έπωδύραντο
1755 4361 1944 4396 τουτον

283 4430 544 4497 πεσόντα,
602 4427 694 4482 καὶ
754 4428 1088 4504 ἀθυμότερον
1147 4427 1478 4502 διετέθησαν.
1541 4430 1843 4504 Βλέψαντες
1888 4429 1945 4486 δὲ

285 4519 426 4592 πρὸς
455 4515 547 4572 τὸν
595 4517 866 4574 Ἰσαάκιον
913 4517 1186 4594 Ἄγγελον
1237 4519 1439 4588 ἤθελον
1503 4520 1735 4576 ὑπείκειν
1766 4542 1945 4595 τουτῳ

280 4608 382 4664 καὶ
425 4607 499 4669 ὡς
560 4611 705 4683 σφῶν
763 4608 1003 4682 ἀρχηγῷ
1057 4609 1475 4687 προσφέρεσθαι.
1525 4610 1696 4672 Οὗτος
1737 4609 1793 4665 δὲ
1843 4613 1944 4682 τὴν

283 4698 517 4773 γνώμην
581 4695 896 4771 ὑπόνωθρος
955 4695 1028 4751 ὢν
1097 4698 1188 4752 καὶ
1247 4700 1364 4755 κατ’
1413 4698 1631 4757 Δῗνείαν
1683 4705 1781 4754 τοῦ
1841 4699 1946 4770 μά-

282 4797 484 4862 χεσθαι
516 4785 902 4862 ἀφιστάμενος,
962 4787 1040 4849 ὡς
1096 4780 1258 4858 ἔοικε,
1308 4790 1370 4844 τὸ
1416 4787 1622 4862 μέλλον
1655 4785 1815 4852 εἰδὼς
1854 4789 1945 4845 καὶ

282 4879 386 4946 τὴν
419 4874 784 4947 ἀποκειμένην
834 4875 983 4947 αὐτῷ
1036 4875 1314 4951 βασιλείαν
1362 4879 1438 4943 ὡς
1486 4879 1689 4940 ἐκεῖνος
1718 4880 1818 4948 τήν
1849 4879 1946 4935 τοῦ

277 4964 473 5041 γένους
506 4963 751 5019 εὔκλειαν
813 4965 1239 5042 φανταζόμενος,
1301 4968 1366 5022 οὐ
1416 4969 1539 5044 περὶ
1597 4968 1815 5024 πολλοῦ
1855 4969 1949 5024 τὸν

284 5053 540 5126 ἡγεμόνα
571 5052 794 5108 ἐτίθετο.
849 5051 1076 5126 Ἀμέλει
1131 5076 1217 5110 τοι
1274 5057 1336 5112 τὸ
1395 5058 1783 5132 στρατιωτικὸν
1829 5058 1938 5113 ὑπ·-

283 5138 619 5214 εκλυόμενον
654 5142 790 5197 κατὰ
838 5141 1017 5216 βραχὺ
1069 5148 1166 5198 τοῦ
1213 5147 1502 5222 προθύμου
1550 5146 1601 5208 ἐς
1648 5142 1939 5218 ξυμϐάσεις

282 5230 454 5304 ἤθελε
525 5237 748 5306 χωρεῖν.
817 5231 908 5286 καὶ
973 5233 1035 5286 τὸ
1099 5241 1336 5308 γενναῖον
1405 5235 1578 5291 ἐκεῖνο
1646 5235 1802 5310 λῆμα
1848 5239 1938 5293 καὶ

281 5323 537 5390 ἰνθεάζον
585 5315 883 5374 ἀπέσϐεστο
925 5317 1128 5377 τέλεον.
1180 5321 1408 5379 Σύνοδοι
1471 5329 1601 5400 γοῦν
1654 5325 1790 5380 κατὰ
1837 5347 1936 5401 φα-

272 5415 430 5489 τρίας
482 5412 766 5486 γινόμεναι
815 5411 970 5489 εἶχον
1009 5410 1494 5488 ἐκτραγῳδούμενα
1540 5416 1630 5470 καὶ
1671 5418 1787 5471 οἷον
1829 5419 1934 5491 πρὸ

274 5501 584 5581 ὀφθαλμῶν
637 5500 1012 5574 παριστάμενα
1059 5501 1156 5556 ὅσα
1214 5505 1263 5558 οἱ
1321 5503 1782 5578 πολιορκηθέντες
1834 5503 1938 5561 δει-

275 5592 486 5646 νότατα
547 5587 842 5666 πάσχουσι.
912 5589 1019 5644 Καὶ
1082 5592 1181 5660 τὴν
1261 5589 1613 5668 Ἀνδρονίκου
1682 5591 1740 5649 δέ
1800 5596 1935 5650 κατά

278 5679 408 5737 νοῦν
481 5677 744 5748 ἀπήνειαν
803 5677 1072 5757 οέροντες,
1122 5682 1212 5736 καὶ
1285 5683 1382 5745 τὰς
1436 5681 1782 5746 παντοδαπὰς
1838 5705 1937 5740 κα-

2061 3554 2254 3608 parere
2275 3528 2595 3594 voluerunt.
2627 3538 2737 3593 Sed
2758 3539 2806 3592 is
2836 3536 3098 3607 segniore
3121 3535 3355 3608 ingenio
3401 3533 3696 3605 praeditus,

2055 3627 2265 3684 evitata
2315 3644 2507 3700 pugna
2563 3632 2624 3684 ut
2666 3627 2896 3694 IEneas,
2970 3631 3028 3681 et
3084 3625 3317 3680 fortasse
3377 3625 3696 3678 futurorum

2056 3717 2347 3788 praescius,
2379 3733 2445 3772 ac
2503 3716 2564 3772 in
2595 3717 2856 3772 debitum
2887 3715 2999 3771 sibi
3042 3713 3354 3785 imperium
3416 3715 3478 3767 ut
3507 3711 3604 3766 ille
3635 3712 3694 3765 in

2055 3807 2398 3876 posteritatis
2427 3821 2544 3861 sua:
2578 3807 2936 3862 nobilitatem
2963 3807 3240 3871 intentus,
3267 3805 3537 3859 ducatum
3577 3818 3692 3858 non

2055 3897 2249 3968 magni
2279 3895 2430 3953 fecit.
2476 3897 2688 3952 Milites
2745 3907 2968 3967 quoque
3024 3894 3318 3950 alacritate
3372 3892 3696 3948 animorum

2051 3986 2330 4057 paulatim
2361 3986 2725 4042 exolescente
2769 3987 3228 4041 transactionem
3290 3986 3576 4055 spectant,
3609 3997 3700 4036 ex-

2053 4077 2260 4132 stincto
2295 4077 2524 4148 penitus
2554 4091 2835 4148 generoso
2874 4074 2972 4130 illo
3001 4090 3148 4146 pene
3203 4072 3399 4128 divino
3458 4073 3694 4142 impetu.

2055 4165 2250 4237 Itaque
2271 4166 2422 4221 869
2438 4181 2537 4236 per
2551 4163 2934 4220 contubernia
2955 4169 3272 4220 conventus
3290 4160 3522 4234 agitari,
3538 4160 3695 4217 obsi-

2053 4254 2242 4312 dionis
2273 4271 2543 4312 asrumnaa
2575 4254 2726 4310 velut
2750 4253 2935 4310 oculis
2967 4252 3197 4324 subjici,
3223 4251 3532 4310 crudelitas
3563 4251 3693 4307 ani-

2054 4345 2168 4400 mis
2197 4345 2508 4411 obversari,
2546 4345 2702 4400 varia
2731 4345 3021 4400 tormenta
3066 4342 3125 4399 in
3185 4346 3496 4413 conspectu
3547 4357 3691 4409 esse,

2054 4435 2101 4490 si
2137 4435 2275 4490 urbs
2306 4436 2356 4491 vi
2389 4441 2719 4506 expugnata
2741 4432 2946 4500 fuerit;
2980 4433 3264 4505 trepidare
3289 4447 3488 4488 omnes
3517 4431 3694 4486 veluti

2055 4523 2361 4595 lepusculi,
2397 4525 2749 4594 aliterquam
2799 4521 3064 4578 Caeneus.
3127 4522 3178 4576 Is
3206 4521 3386 4590 enim,
3420 4525 3482 4574 ut
3527 4517 3695 4574 estin

2052 4613 2282 4679 fabulis,
2315 4629 2384 4668 ex
2418 4613 2661 4669 muliere
2679 4612 2768 4667 vir
2786 4613 2973 4668 factus
3002 4613 3123 4678 est;
3171 4609 3259 4665 illi
3316 4627 3348 4664 a
3395 4606 3544 4663 virili
3603 4623 3693 4663 ro-

2053 4703 2190 4759 bore
2222 4703 2296 4758 ad
2331 4702 2671 4759 muliebrem
2705 4700 3009 4758 mollitiem
3043 4700 3491 4772 degenerarunt,
3557 4711 3692 4754 eum

2056 4808 2224 4848 nemo
2251 4797 2576 4862 superesset
2601 4792 2701 4862 qui
2741 4791 2956 4847 fervore
2988 4805 3089 4846 suo
3141 4789 3324 4860 frigus
3371 4803 3569 4843 eorum
3606 4788 3689 4843 fo-

2058 4886 2238 4950 veret,
2272 4897 2386 4936 una
2415 4897 2545 4936 cum
2588 4889 2772 4937 morte
2838 4878 3220 4936 Cantacuzeni
3273 4878 3434 4934 omni
3480 4878 3696 4934 fortitu-

2063 4971 2215 5039 dine,
2236 4971 2395 5026 omni
2453 4971 2747 5042 pugnandi
2793 4968 3088 5026 alacritate
3135 4973 3421 5026 emortua.
3472 4969 3696 5034 Quibus

2054 5061 2225 5117 rebus
2253 5061 2518 5118 Nieaenus
2549 5060 2804 5133 pontifex
2829 5059 3105 5117 Nicotaus
3137 5059 3468 5130 perspectis,
3502 5075 3698 5115 neces-

2047 5151 2212 5206 sitate
2243 5150 2733 5207 inliberalitatem
2764 5165 3040 5206 conversa
3093 5149 3368 5222 populum
3409 5152 3602 5204 monet
3635 5151 3696 5204 ut

2047 5241 2218 5296 rebus
2249 5243 2308 5296 et
2335 5243 2582 5312 tempori
2619 5240 2876 5297 serviens
2906 5239 3133 5306 urbem,
3166 5239 3502 5310 priusquam
3554 5236 3693 5292 belli

2050 5329 2318 5400 procellis
2353 5331 2746 5402 demergatur,
2784 5329 3113 5385 Andronico
3173 5329 3319 5385 ultro
3355 5327 3544 5382 dedat.
3582 5325 3688 5379 Vi-

2049 5420 2182 5475 dere
2217 5436 2275 5475 se
2309 5436 2421 5475 non
2453 5417 3331 5490 commissurumzAndronicum
3373 5423 3431 5470 ut
3487 5414 3684 5470 vacuis

2049 5508 2313 5564 manibus
2344 5508 2618 5576 discedat,
2655 5509 3136 5582 praesertim;cum
3201 5507 3346 5563 nihil
3395 5506 3470 5561 sit
3527 5505 3682 5575 quod

2044 5613 2174 5653 eum
2207 5596 2277 5650 ab
2322 5597 2622 5654 obsidione
2680 5598 2992 5667 abstrahat,
3052 5603 3109 5653 et
3166 5598 3276 5667 ipsi
3319 5596 3471 5650 cives
3525 5594 3683 5649 urbis

2045 5684 2304 5742 custodia
2328 5686 2613 5757 paulatim
2642 5686 2976 5760 deserta.ad
3015 5701 3133 5743 rem
3192 5683 3588 5750 domesticam,
3623 5686 3687 5738 ut
