4126 6294
438 398 557 460 639

1764 391 2083 454 ΝΙΟΕΤΛΕ
2122 389 2560 451 ΟΗΟΝΙΑΤιΕ

3722 394 3839 456 640

439 537 695 603 tempore
718 530 894 601 pacis,
925 529 1239 585 curandam
1267 528 1582 585 declinent.
1606 527 1687 583 Eo
1717 526 1961 582 consilio
2005 524 2077 580 ab

2191 523 2387 584 κώσεις
2442 520 2917 595 ἀναπιμπάζοντες
2973 526 3092 583 ταῖς
3149 521 3335 597 φρεσὶν
3385 519 3514 584 ὅσας
3560 523 3843 580 πείσονται

438 621 710 679 omnibus
760 618 1091 691 approbato,
1150 622 1206 673 et
1269 617 1571 674 commoda
1617 615 1776 690 pacis
1828 619 2073 685 utraque

440 724 609 765 manu
632 707 933 777 amplexis,
966 721 1125 763 sacra
1145 709 1303 762 veste
1325 707 1585 774 indutus,
1617 712 1671 761 et
1698 703 1910 761 divinis
1929 717 2063 760 ora—

439 797 586 853 culis
607 797 665 852 in
683 797 837 853 870
870 812 1073 852 manus
1103 798 1369 867 sumptis,
1404 795 1729 853 sacerdotes
1759 797 1816 849 et
1846 807 2078 850 omnem

437 887 723 944 urbanam
739 886 1164 943 multitudinem
1181 903 1244 942 se
1255 885 1621 957 sequijussit,
1638 902 1709 941 ne
1733 884 2077 941 mulieribus

439 978 671 1051 quidem
695 980 752 1032 et
780 976 976 1048 pueris
1007 976 1281 1047 exceptis,
1320 978 1447 1032 sine
1503 974 1637 1031 ullis
1681 975 1878 1043 armis,
1945 987 2082 1044 sup-

436 1070 617 1141 plices
645 1067 880 1123 frondes
909 1066 1177 1122 manibus
1208 1065 1745 1137 gestantes,aperlis
1772 1062 2078 1136 capitibus,

436 1157 608 1214 nudis
640 1156 888 1228 pedibus
917 1162 970 1211 et
1022 1155 1310 1225 manibus,
1345 1154 1507 1211 nullo
1562 1170 1695 1210 vere
1752 1153 2083 1225 supplicum

435 1246 746 1302 miserabili
778 1251 941 1317 gestu
975 1245 1381 1314 praetermisso,
1413 1243 1711 1300 submissa
1740 1258 1877 1299 vocs
1909 1243 2079 1298 mise-

435 1335 741 1395 ricordiam
776 1333 1123 1406 ﬂagitantes.
1184 1334 1291 1401 Qui
1339 1350 1471 1390 eum
1528 1333 1638 1390 hoc
1694 1333 1872 1389 modo
1937 1334 2080 1390 urbe

437 1427 890 1495 effunderentur,
926 1424 1296 1482 Andronicus
1324 1426 1635 1496 imperator
1687 1425 2083 1495 inexspectato

440 1514 769 1588 spectaculo
801 1514 1083 1571 attonitus
1120 1514 1370 1570 subinde
1405 1513 1521 1570 huc
1578 1516 1754 1585 atque
1799 1512 1939 1569 illud
1982 1514 2083 1570 de-

437 1605 594 1660 flexit
648 1602 1689 1675 oculos,utcertiusperspiceretquid
1749 1602 1831 1659 rei
1884 1608 2072 1659 esset:

443 1710 582 1749 nam
616 1692 785 1765 plane
815 1694 1108 1749 somnium
1169 1693 1359 1748 videre
1414 1692 1528 1747 sibi
1582 1690 1912 1748 videbatur.
1974 1689 2084 1746 Ubi

439 1798 568 1838 vero
608 1782 1020 1838 animadvertit
1066 1797 1131 1837 se
1190 1780 1411 1852 absque
1462 1796 1654 1837 errore
1706 1795 1827 1836 rem
1887 1795 2079 1836 veram

2183 610 2434 685 πολέμου
2500 612 2658 686 νόμῳ
2717 610 2959 681 ἀλούσης
3022 616 3122 680 τῆς
3188 610 3429 683 πόλεως,
3461 610 3830 684 κατέπτησσον

2185 701 2261 763 ὠς
2338 697 2608 779 Λαγώδια,
2657 700 2974 761 ἀπεναντίας
3027 703 3110 773 τῷ
3168 702 3358 757 Καινεῖ
3417 700 3772 764 πεπονθότες·
3803 704 3830 758 ὁ

2189 793 2283 864 μὲν
2318 792 2422 866 γὰρ
2452 788 2514 846 έκ
2559 791 2815 865 γυναικὸς
2847 790 2922 852 είς
2952 786 3138 865 ἄνδρα,
3174 788 3253 853 ὦς
3282 792 3311 845 ὁ
3345 793 3516 863 μῦθος
3548 792 3830 865 βούλεται,

2184 878 2457 953 ἥρμοστο,
2489 879 2541 935 οἱ
2573 877 2632 934 δὲ
2660 877 2711 949 ἐξ
2740 876 2947 949 ἀνδρῶν
2998 878 3077 942 είς
3134 879 3491 950 μαλακότητα
3530 882 3838 957 γυναικείαν

2186 966 2641 1041 ἰξενευρίσθησαν,
2684 969 2771 1041 [Ρ.
2805 968 2930 1040 184]
2991 963 3229 1039 μηδενὸς
3276 965 3357 1022 ἔτι
3416 965 3572 1031 ὄντος
3623 973 3724 1024 τοῦ
3753 966 3844 1025 διὰ

2185 1063 2287 1126 τῆς
2333 1057 2534 1120 οἰκείας
2589 1059 2799 1133 θερμῆς
2856 1057 3037 1132 ὁρμῆς
3087 1056 3165 1119 είς
3218 1052 3347 1133 ἔργα
3379 1057 3577 1132 ἀρετῆς
3607 1059 3846 1123 ἀναθάλ-

2185 1168 2405 1221 ποντος,
2436 1147 2583 1203 ἀλλά
2612 1147 2828 1203 πάντων
2892 1147 3028 1222 μετά
3081 1149 3172 1204 τὸν
3230 1152 3328 1203 τοῦ
3387 1155 3844 1221 Καντακουζηνοῦ

2191 1235 2357 1312 μόρον
2399 1238 2753 1312 συννεκρωθεν
2840 1237 2972 1318 οἷον⁹
3031 1238 3095 1292 τὸ
3168 1236 3368 1311 θάρσος
3431 1237 3524 1293 καὶ
3587 1239 3654 1294 τὸ
3718 1238 3846 1314 περί

2184 1327 2281 1387 τὰς
2338 1325 2522 1401 μάχας
2579 1326 2929 1400 ἀποθεμένων
2987 1327 3289 1400 πρόθυμον,
3348 1328 3414 1384 "A
3467 1328 3643 1383 πάντα
3668 1349 3844 1383 κατα-

2184 1417 2384 1485 νοήσας
2428 1416 2456 1469 ὁ
2493 1416 2618 1471 τότε
2662 1422 2764 1485 τῆς
2818 1413 3049 1478 Νικαίας
3098 1414 3388 1493 ἀρχιερεὺς
3438 1415 3715 1477 Νικόλαος
3741 1418 3851 1486 τὴν

2185 1504 2426 1579 ἀνάγκην
2459 1502 2513 1566 ές
2559 1505 2622 1559 τὸ
2673 1502 2968 1578 φιλότιμον
3015 1502 3313 1575 διατίθησι,
3362 1505 3452 1561 καὶ
3485 1503 3553 1574 δὴ
3582 1504 3845 1561 τὸν’λαόν

2187 1591 2551 1664 ἐκκλησιάσας
2620 1593 2938 1665 ὑποτίθησιν
3033 1591 3277 1649 ἐνδοῦναι
3360 1599 3440 1666 τῷ
3515 1599 3696 1667 καιρῷ
3747 1596 3847 1650 καὶ

2185 1688 2302 1744 τοῖς
2333 1681 2635 1759 πράγμασι,
2702 1683 2793 1738 καὶ
2857 1679 2961 1745 ἕως
3026 1685 3062 1752 ἡ
3120 1683 3283 1745 πόλις
3336 1688 3453 1745 τοῖς
3501 1684 3706 1757 κύμασί
3735 1687 3842 1754 τῆς

2192 1775 2381 1849 μάχης
2428 1769 2780 1845 ἀϐάπτιστυς,
2832 1773 3133 1849 ἐγχειρίσαι
3179 1774 3437 1854 φέροντας
3488 1773 3845 1852 Ἀνδρονίκῳ’

438 1887 691 1942 cernere,
750 1871 1052 1943 repudiata
1098 1869 1444 1926 liberalitate
1499 1874 1556 1925 et
1606 1869 1861 1927 candore
1900 1869 2077 1941 digno

2191 1865 2320 1951 όρᾷν
2391 1865 2494 1941 γὰρ
2545 1860 2891 1937 Ἀνδρόνικον
2941 1864 3019 1936 μή
3069 1860 3128 1918 ἄν
3168 1885 3305 1951 ποτε
3350 1870 3529 1927 κεναῖς
3577 1864 3632 1939 (ὅ
3661 1870 3856 1939 φασιν)

438 1960 667 2031 regibus
695 1959 1062 2016 clementiam
1086 1960 1410 2025 adulterat;
1462 1962 1522 2014 et
1551 1958 1687 2028 quia
1726 1957 1934 2028 pellem
1962 1958 2079 2014 leo-

440 2050 641 2105 ninam
655 2053 778 2105 tum
818 2049 1072 2121 proferre
1090 2047 1247 2103 haud
1276 2048 1507 2114 licebat,
1547 2047 1840 2119 vulpinam
1863 2046 2073 2114 induit,

440 2128 613 2209 seque
644 2155 762 2194 non
801 2137 969 2192 modo
1002 2136 1249 2192 libenter
1280 2135 1529 2206 recipere
1559 2135 1850 2205 supplices
1882 2134 2066 2207 tingit,

441 2225 544 2283 sed
573 2226 667 2281 vix
695 2243 729 2281 a
758 2225 1027 2296 lacrymis
1046 2228 1349 2295 temperat,
1382 2223 1595 2295 quibus
1622 2224 1742 2294 jam
1763 2222 1901 2279 olim
1934 2223 2082 2279 veri-

441 2318 615 2371 tatem
642 2313 929 2371 involvere
959 2317 1132 2385 atque
1181 2314 1440 2370 animum
1473 2329 1643 2369 suum
1716 2310 2085 2368 dissimulare

440 2411 833 2460 consueverat.
866 2403 1170 2459 Enimvero
1229 2401 1424 2458 fabula
1473 2401 1572 2458 illa
1621 2417 1732 2458 non
1761 2400 1858 2457 diu
1916 2404 2066 2466 acta,

441 2492 748 2566 aliquando
767 2491 1282 2567 postsimulatione
1296 2492 1443 2547 871
1464 2491 1724 2563 deposita
1737 2494 1794 2546 et
1807 2489 2079 2546 mollibus

438 2581 681 2654 oleoque
718 2581 1037 2639 lenioribus
1085 2581 1279 2637 verbis
1329 2581 1585 2647 omissis,
1644 2580 2064 2647 Nicasnsibus,

440 2671 737 2727 nobilitate
795 2670 1116 2743 praesertim
1168 2674 1225 2725 et
1271 2669 1552 2742 dignitate
1648 2669 2084 2739 praestantibus,

438 2760 695 2817 ostendit
727 2769 1007 2832 quantum
1028 2758 1127 2814 iras
1158 2762 1367 2815 uastum
1398 2759 1596 2815 animo
1642 2757 1908 2826 celasset,
1942 2756 2085 2814 dum

438 2865 500 2906 se
523 2849 766 2906 ultionis
809 2849 1037 2906 otferret
1083 2848 1327 2905 occasio.
1380 2847 1602 2905 Multos
1649 2847 1807 2903 enim
1830 2848 1892 2903 in
1939 2846 2088 2903 exsi-

437 2939 580 2995 lium
639 2939 778 3011 egit,
837 2938 1153 2995 nonnullos
1196 2938 1266 2994 de
1333 2937 1616 2993 maenibus
1678 2937 2089 2994 miserabiliter

439 3027 836 3101 praecipitavit,
869 3032 926 3083 et
954 3027 1151 3082 Persas
1185 3028 1403 3082 circum
1446 3026 1652 3081 urbem
1702 3025 1850 3097 palis
1883 3025 2085 3082 aftixit.

438 3118 718 3173 Isaacium
738 3132 872 3172 vero
903 3115 1189 3187 Angelum
1220 3116 1292 3171 ob
1322 3115 1480 3172 dicta
1508 3119 1567 3172 et
1586 3115 1734 3171 facta
1785 3116 1912 3186 ejus
1961 3115 2086 3172 col-

439 3206 719 3274 laudavit,
765 3206 912 3276 quod
959 3204 1247 3261 Theodori
1303 3203 1692 3261 Cantacuzeni
1727 3203 2089 3270 ,maledicen-

445 3296 589 3351 tiam
612 3311 730 3351 non
762 3294 932 3350 modo
962 3310 1078 3349 non
1110 3292 1378 3349 imitatus
1407 3297 1576 3359 esset,
1600 3293 1701 3348 sed
1717 3294 1890 3349 etiam
1915 3293 2093 3351 casti-

446 3391 638 3455 gasset
670 3399 686 3452 ;
719 3398 786 3439 ac
807 3398 908 3453 spe
944 3381 1091 3438 bona
1112 3381 1392 3453 implevit,
1426 3386 1524 3438 aut
1550 3382 1743 3439 verius
1774 3389 1831 3438 ut
1875 3384 2086 3456 dicam,

444 3488 839 3545 percussorem
873 3487 1049 3528 suum
1080 3478 1134 3527 et
1156 3469 1387 3542 imperii
1418 3487 1741 3527 eversorem
1773 3472 1889 3529 fato
1940 3489 2083 3544 quo-

453 3562 585 3618 dam
617 3566 675 3617 et
697 3559 1050 3632 providentia
1078 3558 1347 3615 Numinis
1376 3558 1538 3615 aluit.
1569 3560 1649 3615 Ac
1695 3559 1796 3616 illo
1864 3564 2086 3633 Byzan-

447 3653 593 3707 tium
651 3650 827 3708 misso
868 3656 1108 3707 Prusam
1157 3649 1385 3705 transiit
1445 3650 1830 3722 ;munitoque
1880 3667 2083 3710 versus

447 3742 748 3798 meridiem
771 3740 943 3806 vallo,
978 3756 1096 3812 qua
1124 3738 1197 3795 ob
1228 3738 1528 3811 planitiem
1559 3739 1705 3795 adiri
1735 3755 1908 3812 posse
1945 3757 2083 3798 mos—

445 3830 541 3886 nia
569 3830 909 3887 videbantur
940 3829 1099 3903 (nam
1129 3827 1252 3884 alias
1285 3833 1477 3901 partes
1511 3828 1671 3885 urbis
1727 3831 1990 3887 rotundas
2028 3838 2084 3887 et

445 3924 744 3993 praeruptae
767 3919 897 3991 rupi
926 3918 1212 3990 impositas
1240 3918 1424 3991 sunt).
1453 3917 1729 3991 postridie
1769 3935 2079 3993 oppugna-

445 4008 663 4064 tionem
697 4009 938 4064 orditur.

2191 1950 2612 2025 ἒπαναζεύξοντα
2658 1952 2869 2028 χερσὶν,
2923 1951 3007 2007 ὅτι
3078 1950 3209 2026 μηδ’
3256 1953 3494 2028 ἑπόμενά
3526 1954 3660 2009 slew
3691 1954 3847 2027 αὐτῷ

2187 2040 2255 2095 τὰ
2316 2038 2644 2096 ἀνθέλκοντα
2717 2040 2806 2095 καὶ
2881 2040 3352 2116 ἀντιπερισπῶντα
3434 2041 3679 2117 ἑτέρωθι,
3745 2044 3851 2098 καὶ

2190 2130 2414 2194 ἑαυτοὺς
2472 2127 2530 2186 δέ
2581 2132 2718 2187 κατὰ
2780 2132 2973 2207 μικρὸν
3031 2133 3119 2187 καί
3176 2139 3277 2203 τῆς
3334 2132 3585 2212 φυλακῆς
3616 2132 3849 2208 ἀφιστα-

2194 2220 2388 2293 μένους
2414 2227 2514 2290 τῆς
2565 2220 2781 2282 πόλεως
2830 2222 2918 2276 καὶ
2968 2224 3104 2296 πρὸς
3149 2222 3212 2277 τὸ
3240 2225 3340 2287 τῆς
3389 2222 3611 2299 εἰρήνης
3656 2222 3852 2279 οἴκου-

2192 2309 2284 2384 ρὸν
2344 2309 2726 2373 ἀπονεύοντας.
2784 2308 2887 2366 Καὶ
2935 2310 3010 2373 ὡς
3067 2311 3191 2384 εὗρε
3246 2312 3446 2372 πάντας
3504 2311 3712 2387 ἀγαθὴν
3738 2320 3848 2383 τήν

2190 2399 2517 2476 παραίφασιν
2565 2398 2850 2472 οἰομένους
2894 2400 2984 2454 καὶ
3037 2399 3370 2480 ἀμφοτέραις
3416 2404 3514 2456 τοῦ
3546 2399 3606 2456 ὲκ
3632 2401 3845 2473 ταύτης

2189 2486 2363 2543 καλοῦ
2418 2486 2968 2563 περιδραττομένους,
3026 2490 3125 2558 τὴν
3183 2489 3330 2562 ἱερὰν
3380 2487 3530 2564 ἐρέκν
3559 2487 3715 2553 ἐνδὺς
3746 2491 3842 2546 καὶ

2191 2574 2292 2631 ἀνά
2334 2581 2524 2655 χεῖρας
2575 2577 2644 2631 τὰ
2689 2581 2804 2641 θεῖα
2855 2574 3143 2650 δεξάμενος
3174 2575 3337 2653 λόγια
3362 2576 3584 2643 ’ἕπεσθαί
3614 2579 3665 2634 οἱ
3705 2580 3842 2641 τοὺς

2194 2665 2465 2740 ζακόρους
2489 2664 2696 2722 κελεύει
2727 2666 2816 2721 καὶ
2857 2666 2920 2721 τὸ
2968 2664 3165 2721 λοιπὸν
3216 2673 3317 2736 τῆς
3357 2666 3576 2728 πόλεως
3607 2665 3846 2743 πλήρω-

2197 2778 2292 2830 μα,
2352 2756 2428 2819 ὡς
2494 2753 2634 2830 μηδὶ
2689 2762 2945 2830 γυναῖκας
2996 2754 3034 2827 ἤ
3092 2755 3409 2832 νηπιάχους
3441 2756 3846 2837 ἀπολειφθῆναι

2191 2853 2293 2916 τῆς
2347 2845 2688 2917 ἔξελεύσεως,
2736 2847 2936 2911 πάντας
2983 2848 3419 2923 γυμνητεύοντας
3479 2846 3659 2902 ὅπλου
3716 2867 3856 2903 παν-

2195 2936 2312 3007 τὸς,
2372 2930 2610 2997 κλάδους
2669 2935 2980 3011 ἱκετηρίους
3056 2936 3317 3006 σείοντας,
3382 2936 3682 3016 ἀκαλυφεῖς
3752 2938 3848 3006 τὴν

2197 3026 2389 3100 κάραν,
2421 3022 2838 3098 ἀκρηπιδώτους
2894 3025 3023 3089 τοὺς
3076 3023 3269 3094 πόδας,
3313 3024 3407 3088 τὰς
3456 3030 3650 3105 χεῖρας
3686 3023 3849 3082 λελυ-

2200 3113 2391 3188 μένους
2446 3118 2553 3169 τῶν
2608 3112 2868 3186 ἱματίων,
2907 3115 3046 3170 κατὰ
3115 3111 3292 3187 μηδὲν
3348 3113 3439 3169 τὸν
3499 3115 3576 3176 ὡς
3629 3113 3856 3185 ἀληθῶς

2196 3203 2396 3260 ἱκέσιον
2453 3200 2841 3278 ψευδομένους,
2904 3202 3052 3259 ἀλλά
3099 3204 3189 3259 καὶ
3252 3206 3533 3280 σχήμασιν
3582 3203 3848 3267 ἐλεεινοῖς

2201 3292 2289 3349 καὶ
2345 3290 2652 3371 ὑφειμένοις
2707 3292 3003 3371 φθέγμασιν
3062 3291 3476 3366 έπισπωμένους
3521 3293 3611 3347 τὸν
3662 3290 3842 3346 οἴκτι-

2205 3382 2449 3455 ζόμενον.
2490 3381 2590 3437 Καὶ
2622 3381 2672 3436 cl
2720 3382 2818 3456 μὲν
2867 3382 3017 3437 οὕτω
3061 3388 3163 3451 τῆς
3192 3381 3408 3444 πόλεως
3438 3380 3781 3456 ἐξεχύθησαν,
3813 3380 3843 3434 ὁ

2202 3470 2454 3546 βασιλεὺς
2506 3468 2552 3525 δ’
2598 3468 2934 3545 Ἀνδρόνικος
2986 3474 3066 3543 τῷ
3119 3478 3220 3541 τῆς
3269 3471 3392 3536 θέας
3433 3469 3652 3543 ἀέλπτῳ
3678 3491 3852 3526 κατα-

2196 3560 2429 3637 πλαγεὶς
2477 3557 2750 3621 πολλάκις
2803 3559 2931 3624 τοὺς
2990 3560 3311 3638 ὀφθαλμοὺς
3353 3560 3430 3624 είς
3480 3555 3688 3636 ἀκριϐῆ
3740 3565 3850 3616 τῶν

2195 3650 2482 3723 θεωμένων
2567 3646 2875 3705 διεσάλευεν
2952 3647 3159 3724 ὅρασινο
3230 3649 3478 3725 ἀτεχνῶς
3544 3650 3647 3726 γὰρ
3712 3648 3848 3726 ὄναρ

2193 3736 2370 3794 έδόκει
2426 3736 2647 3815 βλέπειν
2701 3738 2767 3793 τὰ
2824 3738 2948 3794 τότε
3002 3737 3323 3812 τελούμενα.
3376 3739 3529 3796 Ἐπεὶ
3576 3736 3633 3794 δὲ
3662 3736 3853 3812 ἀλήθῆ

2190 3832 2291 3900 τήν
2349 3826 2471 3904 ὄψιν
2525 3829 2615 3884 καὶ
2663 3830 2800 3906 πρὸς
2863 3825 3032 3902 μηδὲν
3094 3828 3381 3885 πλανῶσαν
3428 3830 3546 3905 εἶχε
3599 3852 3854 3903 καταμα-

2194 3919 2323 3986 θὼν,
2354 3919 2416 3974 τὸ
2443 3923 2563 3980 τοῖς
2599 3915 2881 3993 βασιλεῦσι
2922 3925 3198 3993 προσῆκον
3245 3917 3555 3993 ἐλευθέριον
3588 3919 3859 3998 φρόνημα

2194 4007 2283 4062 καὶ
2358 4008 2422 4062 τὸ
2497 4013 2597 4076 τῆς
2671 4007 2898 4080 γνώμης
2997 4006 3375 4079 ἀκαπήλευτον
3452 4010 3863 4084 παρωσάμενος

451 4094 767 4150 ὑπονοθεῦει
816 4095 909 4149 τὸν
965 4088 1141 4162 ἔλεον,
1199 4094 1290 4148 καὶ
1339 4094 1440 4162 τὴν
1499 4091 1722 4163 λεοντῆν
1770 4094 1873 4149 οὐκ
1938 4090 2082 4170 ἔχων
2138 4100 2218 4169 τῷ
2270 4097 2407 4158 τέως
2466 4093 2857 4152 ἀνακαλύπτειν
2913 4097 3014 4167 τὴν
3073 4095 3365 4162 ἀλωπεκῆν
3395 4094 3717 4156 ὑποδύεται.
3754 4100 3860 4157 Καὶ

444 4184 618 4238 τοίνυν
680 4183 741 4238 οὐ
804 4183 970 4255 μόνον
1027 4184 1117 4238 τὸν
1174 4182 1419 4256 ἀσμένως
1470 4181 1913 4258 προσδεχόμενον
1968 4182 2285 4258 πλάττεται,
2334 4184 2481 4241 ἀλλὰ
2533 4189 2731 4260 μικροῦ
2771 4186 2861 4241 καὶ
2908 4188 3164 4261 κατήχθη
3215 4187 3352 4261 πρὸς
3403 4183 3631 4263 δάκρυα,
3686 4193 3861 4245 τοῦτο

450 4267 517 4338 δὴ
574 4270 636 4325 τὸ
692 4269 925 4345 ἀρχαῖον
980 4268 1306 4346 Ἀνδρονίκῳ
1351 4278 1450 4341 τῆς
1505 4270 1767 4341 ἀληθείας
1825 4272 2152 4347 συσκίασμα,
2210 4278 2314 4329 τῶν
2373 4278 2472 4339 τῆς
2530 4278 2714 4349 ψυχῆς
2772 4274 3087 4348 κινημάτων
3146 4274 3517 4348 προσκίασμα.
3563 4274 3729 4344 Πλὴν
3764 4278 3863 4332 οὐκ

448 4360 536 4414 ἐπὶ
594 4358 737 4414 πολὺ
793 4360 855 4414 τὸ
907 4357 1090 4435 δρᾶμα
1147 4360 1609 4436 ὑποκρινάμενος,
1663 4358 1810 4416 ἀλλὰ
1876 4364 2011 4434 μετὰ
2082 4364 2270 4439 καιρὸν
2349 4361 2555 4427 ἀποδὺς
2612 4361 2686 4425 ὠς
2735 4362 2895 4439 ῥάκια
2944 4363 3013 4419 τά
3066 4361 3253 4418 άπαλά
3305 4363 3397 4419 καὶ
3457 4364 3589 4439 ὑπὲρ
3662 4360 3860 4422 ἔλαιον

445 4448 568 4505 λεῖα
620 4449 859 4524 ῥήματα,
918 4448 1172 4530 ἐμφανῶς
1227 4453 1345 4512 τοῖς
1404 4452 1693 4506 Νικαεῦσιν
1753 4447 2012 4522 ὑπέδειξε,
2069 4453 2160 4506 καὶ
2217 4453 2456 4526 μάΛιστα
2514 4458 2633 4516 τοῖς
2691 4453 2808 4507 κατ’
2863 4452 3083 4525 ἀξίωσιν
3141 4453 3231 4507 καὶ
3291 4454 3487 4528 γένους
3546 4453 3863 4527 σεμνὸτητα

446 4537 829 4615 ὗπερέχὸυσιν,
890 4536 1009 4596 ο⁹ίαν
1071 4539 1098 4593 ὁ
1147 4537 1320 4616 γέρων
1379 4534 1697 4614 έπιγουνίδα
1752 4538 1935 4616 τρέφει
1995 4539 2162 4617 ὀργῆς
2233 4541 2323 4597 καὶ
2380 4544 2505 4598 ὅσον
2562 4542 2654 4596 τὸν
2724 4539 3046 4616 μετόπισθεν
3099 4541 3388 4620 ὑποτύφων
3456 4544 3616 4598 κότον
3645 4545 3750 4599 καὶ
3799 4545 3860 4600 τὸ

445 4631 797 4707 ἐχοραντικὸν
850 4632 942 4688 καὶ
1003 4630 1338 4705 μνησίκακον
1398 4628 1475 4691 είς
1532 4630 1718 4705 καιρὸν
1797 4628 2117 4707 ἐταμιοόχει
2191 4633 2288 4700 τὴν
2368 4630 2747 4689 ἀνταπόδοσιν.
2818 4630 3071 4695 Πολλοὺς
3152 4631 3331 4687 τοίνυν
3402 4631 3697 4706 μετέπειτα
3757 4642 3862 4705 τῆς

443 4720 702 4797 πατρίδος
805 4721 1135 4796 μετανάστας
1226 4717 1536 4795 εἰργάσατο,
1623 4719 1768 4782 τινὲς
1840 4716 1887 4774 δ’
1971 4719 2077 4776 ἀπὸ
2176 4724 2284 4776 τῶν
2374 4725 2574 4798 τειχῶν
2669 4717 2954 4796 κύμϐαχοι
3018 4719 3434 4799 καταρῥιιρέντες
3498 4722 3862 4799 οἰκτρότατον

445 4810 731 4884 ὑπέμειναν
790 4813 1036 4867 θάνατον.
1094 4809 1225 4864 Τότε
1283 4806 1341 4863 δὲ
1385 4806 1514 4869 τοὺς
1575 4807 1778 4882 Πέρσας
1835 4807 2273 4873 ἀνασκολοπίσας
2327 4809 2515 4884 κόχλῳ
2560 4817 2661 4880 τῆς
2716 4809 2959 4879 πόλεως,
3017 4809 3106 4864 καὶ
3151 4810 3243 4865 τὸν
3274 4808 3547 4887 ἸΑγγελον
3582 4812 3861 4868 Ἰσαάκιον

444 4897 723 4962 ἔπαινέσάς
755 4901 827 4953 ὧν
862 4898 1050 4974 ἔδρασε
1095 4897 1185 4953 καὶ
1253 4900 1328 4952 ὧν
1397 4896 1606 4972 εἴρηκε,
1663 4900 1740 4971 μὴ
1797 4899 1963 4973 μόνον
2025 4899 2154 4963 τοὺς
2210 4897 2433 4963 ὀδόντας
2491 4898 2569 4962 εἷς
2627 4898 2772 4956 ὅπλα
2801 4899 2891 4955 καὶ
2937 4896 3072 4973 βέλη
3106 4900 3171 4955 οὗ
3207 4902 3578 4973 μεταποιήσας
3610 4900 3699 4957 ἐπ’
3736 4900 3861 4973 ἴσης

445 4987 523 5058 τῷ
589 4988 1020 5061 Καντακουζηνῷ
1079 4986 1366 5061 Θεοδώρῳ,
1423 4985 1569 5043 ἀλλᾶ
1636 4988 1873 5061 κάκείνῳ
1945 4985 2249 5059 έπιπλήξας
2314 4987 2587 5051 πολλάκις
2641 4989 2776 5043 κατά
2832 4985 3064 5064 Χριστοῦ
3118 4989 3317 5060 Κυρίου
3377 4994 3858 5064 θρασυστομΟὗντι

442 5072 533 5130 καὶ
565 5073 638 5137 ὠς
667 5074 724 5129 ἐκ
752 5074 984 5130 κουλεοῢ
1033 5079 1131 5130 τοῦ
1188 5075 1459 5149 στόματος
1526 5075 1800 5153 μάχαιραν
1858 5076 2030 5148 ὀξεῖαν
2100 5077 2201 5147 τὴν
2269 5076 2518 5154 γλῶτταν
2583 5073 2824 5148 ἕλκοντι,
2872 5078 2960 5132 καὶ
3019 5080 3275 5151 χρηστῶν
3337 5075 3628 5151 ἐμπλήσας
3667 5100 3859 5154 προσ-

445 5162 641 5219 δοκιῶν
698 5165 780 5236 [Ρ.
843 5164 988 5238 185],
1052 5164 1116 5216 τὸ
1185 5161 1232 5218 δ’
1297 5165 1661 5240 ἀληθέστερον
1730 5164 1898 5220 εἰπεῖν
1954 5165 2045 5220 τὸν
2093 5166 2289 5221 ὲαυτοῦ
2346 5168 2510 5244 φονέα
2556 5166 2646 5221 καὶ
2692 5172 2794 5235 τῆς
2843 5166 3021 5241 ἀρχῆς
3064 5163 3447 5241 παραλύσοντα
3473 5168 3689 5242 τρέφων
3721 5170 3862 5224 κατὰ

443 5259 595 5326 Θεῖον
640 5253 731 5309 καὶ
779 5252 1133 5330 περιθάλπων
1178 5253 1255 5317 είς
1297 5255 1389 5311 τὸν
1437 5259 1507 5329 τῇ
1557 5256 1797 5331 Προνοίᾳ
1852 5253 2117 5312 δοκοῦντα
2174 5257 2386 5332 καιρὸν,
2438 5256 2640 5313 ἐκεῖνον
2702 5257 2793 5330 μὲν
2844 5254 3022 5310 ὀπίσω
3068 5255 3381 5329 ἀποπέμπει
3430 5257 3567 5332 πρὸς
3616 5258 3679 5313 τὸ
3738 5265 3860 5315 Βυ-

443 5344 673 5414 ζάντιον,
724 5340 885 5405 αὐτὸς
932 5340 990 5398 δὲ
1035 5342 1172 5417 πρὸς
1221 5342 1284 5399 τὸ
1322 5348 1432 5400 τῶν
1475 5347 1796 5419 Προυσαέων
1868 5341 2176 5419 μεταϐαίνει
2225 5345 2475 5421 πόλισμα
2525 5346 2660 5420 μετὰ
2706 5349 2813 5402 τῶν
2862 5343 3209 5424 ἐφεπομένων
3255 5346 3402 5420 αὐτῷ
3443 5352 3867 5423 στρατεωτικῶν

442 5435 661 5506 τάξεων.

513 5554 568 5611 4.
601 5554 889 5612 Machinis
930 5560 987 5611 et
1040 5550 1178 5609 viris
1225 5552 1381 5623 operi
1437 5552 1697 5626 intentis,
1730 5555 1857 5629 ipse
1910 5557 2080 5630 pluri-

2270 5551 2334 5614 δ’.
2388 5554 2487 5612 Καὶ
2534 5552 2601 5624 δή
2650 5553 2788 5611 κατὰ
2836 5553 2899 5609 τὸ
2946 5554 3082 5630 πρὸς
3141 5548 3484 5631 μεσημϐρίαν
3542 5555 3708 5630 μέρος
3757 5565 3865 5628 τῆς

439 5663 569 5706 mas
607 5644 826 5704 litteras
850 5643 1079 5719 sagittis
1111 5657 1367 5699 annexas
1421 5643 1480 5700 in
1528 5642 1728 5701 urbem
1774 5645 2080 5718 iaculatur,

2198 5641 2416 5707 πόλεως
2445 5644 2628 5721 βαλὼν
2663 5645 2899 5724 χάρακα,
2950 5645 3081 5700 καθὸ
3132 5641 3199 5716 δὴ
3251 5645 3339 5701 καὶ
3388 5647 3639 5723 προσιτὸν
3674 5644 3866 5705 ἐδόκει
