4126 6294
271 337 391 407 641

1320 333 1423 395 DE
1466 332 1918 396 ANBRONICO
1961 333 2343 400 COMNENO
2390 339 2542 401 LIB.
2588 340 2637 402 1.

3560 339 3681 401 642

262 470 343 545 ,τὸ
361 476 553 549 τεῖχος
587 467 675 526 διὰ
701 468 762 524 τὸ
807 470 905 522 τοῦ
936 467 1127 545 χώρου
1159 462 1434 536 ῗσόπεδον,
1467 464 1545 539 μὴ
1578 465 1652 527 ὡς
1683 466 1718 535 ἡ
1752 463 1920 535 λοιπὴ

2038 483 2286 536 quarum
2363 470 2485 528 haec
2540 472 2829 530 sententia
2876 473 3024 544 erat,
3082 487 3146 529 sc
3202 471 3288 529 eis
3340 470 3681 529 defectionis

281 561 450 626 πόλις
488 560 566 623 εἴς
608 564 833 633 πετρῆεν
888 556 976 610 καὶ
1035 554 1318 633 περιφερὲς
1358 552 1645 631 αἰρόμενον
1682 553 1928 633 γήλοφον

280 653 371 707 καὶ
438 649 717 721 ἀπότομον
765 645 1224 723 προφαινόμενον,
1287 646 1361 717 τῇ
1425 641 1548 714 ἑξῆς
1595 639 1781 718 ἔχεται
1828 646 1930 700 τοῦ

277 741 622 817 πολιορκεῖν.
680 736 784 794 Καὶ
842 737 897 790 αἱ
958 735 1053 808 μὲν
1118 734 1363 810 μηχαναὶ
1402 734 1492 788 καὶ
1523 733 1575 788 οἱ
1605 730 1795 809 ἄνδρες
1828 734 1931 789 οὐκ

276 832 489 904 ἀεργῶς
544 827 721 902 εἶχον,
783 822 907 881 ἀλλ’
966 817 1136 898 ἔδρων
1184 824 1246 878 τὸ
1303 824 1635 901 πρόσφορον·
1682 821 1840 884 αὐτὸς
1881 819 1931 877 δ’

271 916 626 994 Ἀνδρόνικος
674 913 811 990 ῥέων
854 914 919 969 τὸ
968 912 1173 989 λέγειν,
1223 912 1520 987 ἀτράκτους
1556 910 1734 988 βελῶν
1764 932 1924 967 πετα-

273 1009 471 1082 σίμους
510 1004 681 1067 τιθεὶς
742 1002 932 1079 λόγοις
987 1002 1302 1077 πτερόεσσιν
1360 1000 1578 1078 έπηφίει
1643 1002 1779 1055 κατὰ
1824 1007 1924 1071 τῆς

271 1097 513 1158 πόλεως,
569 1100 739 1151 Ἦσαν
800 1091 860 1148 δὲ
925 1092 958 1147 ἃ
1021 1089 1225 1163 ὲδήλου
1304 1092 1371 1145 τά
1426 1090 1694 1170 φερόμενα
1751 1089 1928 1145 ἐκεῖνα

275 1184 488 1261 διαέρια
536 1184 857 1262 γράμματα,
911 1176 1226 1256 μεταϐολῆς
1269 1179 1598 1258 παραίφασις
1625 1178 1717 1234 καὶ
1750 1180 1929 1253 ἀμνη-

275 1277 394 1332 στία
459 1278 664 1345 κακῶν,
724 1272 772 1328 εἴ
826 1271 989 1327 αὐτὸν
1039 1270 1134 1345 μὲν
1193 1267 1322 1326 εἵσω
1383 1266 1765 1344 προσδέξονται
1829 1269 1923 1331 τάς

274 1364 451 1426 πύλας
518 1361 961 1433 ἀναπετάσαντες,
1028 1357 1309 1434 Θεόδωρον
1378 1356 1435 1414 δὲ
1497 1358 1590 1413 τὸν
1643 1357 1921 1435 Ἀγγελον

274 1455 363 1511 καὶ
394 1455 482 1515 τὸν
541 1453 798 1528 ἀγοραῖον
858 1456 1110 1527 Λαχανᾶν
1162 1450 1254 1506 καὶ
1304 1450 1395 1505 τὸν
1451 1448 1702 1504 ἀσύνετον
1754 1448 1921 1504 Συνέ-

273 1561 415 1614 σιον,
443 1543 533 1598 ἳνα
559 1547 679 1603 ταῖς
732 1541 900 1597 αὐτοῦ
957 1539 1160 1596 ἐκείνου
1221 1539 1543 1615 χρησαίμην
1604 1537 1800 1610 λέξεσι,
1832 1537 1919 1592 καὶ

269 1635 323 1688 οἳ
372 1633 587 1695 τοὺτοις
638 1632 969 1707 ὁμόφρονες,
1018 1630 1232 1702 θανάτῳ
1287 1625 1774 1703 καταπροδώσουσι
1828 1648 1921 1681 συ·-

267 1720 516 1797 σχόντες.
585 1718 692 1775 Καὶ
755 1722 918 1773 τοῦτο
986 1716 1067 1793 ἐφ’
1133 1718 1344 1778 ἱκαναῖς
1417 1715 1590 1771 ἐποίει
1664 1714 1916 1788 ἡμέραις.

265 1808 407 1869 Οὐδὲ
453 1810 556 1886 γάρ
615 1810 642 1863 ὁ
703 1808 839 1863 κατὰ
880 1811 1123 1881 Προῦσαν
1176 1803 1641 1882 συγκροτοόμενὸς
1671 1804 1919 1878 πόλεμος

262 1905 361 1957 τοῦ
401 1900 537 1955 κατὰ
592 1900 820 1955 Νίκαιαν
879 1896 1168 1960 συστάντος
1222 1898 1286 1953 τὸ
1342 1891 1564 1952 ἔλαττον
1624 1895 1919 1973 ἀπεφέρετο

262 1990 401 2044 κατὰ
453 2009 514 2045 τε
569 1986 746 2057 ἀλκὴν
797 1984 1003 2063 ἀνδρῶν
1074 1982 1542 2059 συμπλεκομένων
1593 1989 1711 2049 τοῖς
1767 1984 1917 2060 βασι-

265 2078 439 2140 λείοις
500 2077 742 2152 τάγμασι
780 2076 868 2130 καὶ
924 2080 1085 2149 μῖσος
1138 2075 1201 2130 τὸ
1258 2073 1310 2137 ές
1361 2071 1729 2149 Ἀνδρόνικον,
1762 2072 1792 2127 ὅ
1827 2071 1920 2127 καὶ

262 2173 362 2224 τοῦ
413 2165 664 2240 πολέμου
722 2163 899 2221 αἶ’τιον
956 2165 1044 2234 ἦν.
1105 2164 1203 2219 Καὶ
1255 2160 1393 2234 αὕτη
1455 2159 1513 2218 δὲ
1575 2166 1603 2233 ἢ
1660 2159 1824 2227 πόλις
1882 2164 1918 2232 ἡ

266 2261 483 2331 Προῦσα
538 2261 684 2312 πᾶσα
730 2252 1110 2330 καλλίπυργός
1176 2252 1289 2309 ἐστι
1338 2254 1429 2308 καὶ
1478 2252 1706 2328 ΐσχυρὸν
1765 2272 1922 2326 περι-

266 2343 587 2421 ϐεϐλημένη
645 2339 973 2420 περίϐολον,
1020 2342 1110 2398 καὶ
1164 2346 1358 2399 τοῦτον
1415 2341 1730 2422 ἀμφίδυμον
1785 2341 1920 2397 κατά

263 2436 326 2490 τὸ
356 2437 531 2510 κλίμα
584 2435 649 2490 τὸ
706 2435 907 2490 νότιον.
944 2435 1032 2490 Ἐν
1095 2433 1141 2505 ᾦ
1194 2432 1284 2487 καὶ
1327 2429 1591 2507 ἐκδρομαὶ
1645 2430 1918 2493 πολλάκις

262 2532 364 2594 τῆς
412 2523 621 2599 ἡμέρας
675 2524 961 2598 γινόμεναι
1039 2528 1306 2592 συνῆπτον
1378 2520 1514 2596 πρὸς
1572 2518 1796 2591 ἄλληλα
1855 2522 1922 2575 τά

266 2614 665 2689 στρατεύματα,
722 2612 812 2668 καὶ
890 2608 1117 2667 ἔπιπτον
1203 2609 1254 2682 ἐξ
1311 2612 1632 2690 ἀμφοτέρων
1692 2608 1910 2685 συχνοί.

269 2704 421 2761 Ἐπεὶ
479 2700 537 2758 δὶ
593 2699 700 2758 ἔδει
749 2701 843 2756 καὶ
900 2702 1000 2770 τήν
1056 2699 1220 2757 πόλιν
1262 2701 1463 2771 ταύτην
1520 2699 1794 2773 ὓποκόψαι
1842 2702 1923 2769 τῷ

267 2790 599 2866 Ἃνδρονίκῳ
629 2791 719 2848 καὶ
772 2791 901 2856 τοὺς
957 2790 1246 2855 πλείστους
1300 2795 1411 2847 τῶν
1441 2788 1494 2844 ἐν
1545 2788 1682 2862 αὐτῇ
1715 2806 1920 2863 χειρω-

270 2882 460 2946 θέντας
514 2887 697 2945 παθεῖν
749 2881 817 2937 τὰ
874 2882 1163 2952 ἀνήκεστα,
1218 2885 1315 2936 τοῦ
1382 2880 1603 2955 τείχους
1668 2899 1721 2933 τι
1787 2878 1920 2933 ἀπε-

273 2966 506 3040 λεπίσθη
542 2974 608 3044 τῇ
657 2969 911 3027 ἑλεπόλει
958 2976 1206 3050 συνεχῶς
1259 2968 1654 3045 δρυπτόμενον.
1687 2969 1831 3043 Πρὸς
1863 2965 1922 3023 δι

266 3058 450 3133 τούτῳ
489 3060 574 3113 καὶ
632 3060 691 3114 τὸ
744 3062 860 3115 κατ’
917 3056 1092 3115 ἔκεῖνο
1149 3060 1211 3115 τὸ
1274 3060 1436 3133 μέρος
1485 3056 1922 3133 προσεπίκτισμα

261 3149 354 3203 καί
416 3147 707 3221 ἱμάντωμα
759 3153 857 3204 τοῦ
916 3147 1156 3204 παλαιοῦ
1222 3142 1522 3223 περιϐόλου
1578 3141 1913 3216 καταϐληθὲν

260 3236 552 3314 φαντασίαν
613 3242 730 3298 τοῖς
807 3233 961 3291 ἔιδον
1039 3235 1346 3315 παρέσχετο
1422 3239 1519 3291 τοῦ
1591 3233 1655 3290 τὸ
1728 3240 1916 3313 τεῖχος

258 3327 419 3394 ἃπαν,
451 3325 653 3380 ὁπόσον
690 3326 727 3395 ἡ
755 3323 1010 3387 ὶλέπολις
1042 3322 1282 3396 ἔτυπτεν,
1335 3323 1426 3380 ἐπὶ
1479 3322 1612 3399 γόνυ
1660 3322 1915 3393 κλιθῆναι

256 3413 626 3472 κατασεισοέν.
696 3417 867 3489 Θροῦς
936 3412 1027 3469 οῦν
1097 3413 1184 3470 ἐπὶ
1238 3418 1319 3486 τῷ
1375 3412 1669 3489 γενομένῳ
1735 3412 1915 3485 τούτῳ

260 3504 478 3578 ἃσημος
547 3499 783 3575 αἶ’ρεται,
850 3503 942 3558 καὶ
1037 3503 1156 3566 δέος
1258 3502 1354 3565 τὰς
1418 3502 1665 3558 ἁπάντων
1759 3500 1913 3558 ἐκτα-

259 3596 441 3669 ράττει
497 3591 749 3668 καρδίας.
780 3594 939 3658 Ὅθεν
993 3595 1071 3666 μὴ
1125 3592 1605 3669 περιεργασθὲντος
1657 3595 1755 3647 τοῦ
1820 3611 1915 3646 κα-

258 3686 382 3753 κοῦ,
414 3680 539 3737 ἀλλ’
570 3680 718 3737 ὅλων
774 3682 864 3736 καὶ
915 3682 1055 3756 πρὸς
1108 3682 1276 3755 μόνον
1326 3685 1435 3735 τῶν
1488 3679 1913 3757 ἐκτιναχθέντων

261 3772 432 3827 λίθων
489 3771 581 3827 τὸν
645 3767 846 3826 δοῦπον
906 3770 1371 3845 ἐπαποψυξάντων
1403 3774 1483 3843 τῷ
1541 3767 1645 3825 δέει
1694 3773 1914 3842 μικροῦ,

259 3859 441 3937 ἔρημα
503 3861 597 3933 μὲν
665 3860 732 3915 τὰ
786 3859 947 3935 τείχη
1003 3863 1111 3914 τῶν
1169 3858 1252 3914 ἐπ’
1321 3860 1499 3915 αὐτῶν
1556 3858 1913 3932 ἀμυνομένων

260 3950 540 4021 εἰάθησαν,
599 3949 657 4003 αὶ
710 3947 756 4004 δ’
812 3948 999 4024 ἀγυιαὶ
1058 3948 1220 4025 αἶχον
1284 3946 1646 4023 ἀλιζομένους
1701 3947 1776 4007 ὡς
1833 3945 1915 4003 ἐπ’

259 4036 580 4113 ἀμηχάνοις
606 4037 735 4101 τοὺς
793 4031 1233 4100 ὖποκαταϐἀντας
1290 4037 1351 4093 ἐκ
1398 4042 1504 4092 τῶν
1554 4040 1776 4110 τειχῶν.
1812 4035 1917 4092 Καὶ

260 4130 324 4184 τὸ
355 4125 599 4191 ἐντεῦθεν
649 4124 835 4189 ἄνετος
877 4128 972 4200 μὲν
1030 4131 1148 4189 τοῖς
1176 4124 1471 4200 πολεμίοις
1513 4128 1547 4194 ἠ
1590 4123 1679 4180 διὰ
1725 4122 1916 4179 πυλῶν

258 4218 351 4273 καί¹
399 4216 623 4294 τείχους
679 4215 966 4290 κλιμάκων
1027 4213 1472 4289 ἐπενηνεγμένων
1503 4212 1581 4276 εἷς
1610 4215 1713 4283 τὴν
1752 4212 1916 4269 πόλιν

260 4304 476 4369 εἴσοδος
532 4306 621 4375 ἦν,
666 4305 852 4367 αὐτοῖς
897 4303 955 4360 δὲ
1010 4309 1126 4366 τοῖς
1178 4307 1513 4379 [Ιρουσαεῦσι
1561 4298 1922 4376 καταλαμϐα-

260 4396 518 4469 νομένοις
593 4394 836 4465 ἀνηλεής
910 4392 1184 4469 ἀναίρεσις
1260 4392 1353 4447 καὶ
1439 4396 1548 4449 τῶν
1606 4394 1917 4469 προσόντων

264 4483 543 4563 διαρπαγὴ
610 4484 702 4539 καὶ
764 4487 872 4539 τῶν
945 4482 1315 4559 βοσκημάτων
1387 4482 1691 4550 κατακοπή,
1762 4477 1794 4536 ἃ
1851 4478 1918 4551 δὴ

2034 558 2187 615 372
2220 560 2356 617 dare
2414 561 2668 634 veniam,
2701 562 2753 619 si
2821 561 3039 634 apertis
3071 561 3256 634 portis
3306 560 3681 632 reciperetur,

2031 650 2089 702 et
2116 647 2457 706 Theodorus
2507 651 2763 722 Angelus
2793 655 2851 706 et
2905 650 3409 709 circumforaneus
3460 650 3677 707 Lacha-

2033 751 2140 791 nas
2191 742 2247 792 et
2278 739 2626 795 temerarius
2664 739 2942 812 Synesius
2972 739 3088 809 (his
3147 739 3303 795 enim
3362 739 3547 795 titulis
3580 756 3679 797 eos

2033 824 2298 894 ornabat)
2328 843 2640 901 eorumque
2687 828 2977 898 conjurati
3003 828 3116 885 sibi
3147 830 3533 899 traderentur,
3580 831 3678 885 Id-
3762 824 3771 835 ’

2033 928 2146 984 que
2177 914 2385 971 diebus
2435 916 2840 989 compluribus
2870 917 3181 989 repetitum
3214 924 3322 973 est.
3358 917 3506 975 Nam
3540 919 3680 975 Pru-

2031 1016 2239 1059 saense
2263 1004 2481 1060 bellum
2503 1004 2692 1062 Nican
2721 1022 2826 1062 nec
2858 1006 3193 1062 fortitudine
3215 1006 3472 1063 militum
3489 1008 3678 1080 impo-

2032 1092 2278 1148 ratorios
2332 1093 2754 1166 invadentium,
2811 1111 2915 1151 nec
2972 1095 3119 1153 odiis
3156 1096 3215 1151 in
3252 1096 3676 1166 Andronicum,

2031 1195 2156 1251 quas
2190 1185 2248 1237 et
2299 1181 2438 1238 belli
2468 1198 2648 1241 causa
2677 1188 2864 1251 erant,
2897 1184 3217 1256 quidquam
3274 1186 3628 1242 concedebat
3660 1207 3674 1256 ;

2029 1275 2086 1324 et
2116 1269 2241 1339 ipsa
2272 1272 2415 1327 urbs
2467 1273 2726 1344 undique
2766 1272 3030 1345 pulchris
3080 1274 3343 1331 turribus
3402 1276 3678 1332 adornata

2030 1363 2086 1412 et
2107 1359 2362 1416 robustis
2407 1362 2724 1428 moenibus,
2757 1363 2944 1432 iisque
2984 1378 3188 1418 versus
3223 1367 3502 1420 Austrum
3534 1381 3674 1421 con-

2029 1447 2366 1519 duplicatis,
2447 1450 2679 1507 firmata
2735 1454 2843 1507 est.
2896 1451 3057 1508 Unde
3114 1468 3248 1507 cum
3305 1452 3676 1509 excursiones

2028 1536 2252 1607 ﬁerent,
2294 1537 2465 1593 multi
2522 1539 2792 1611 utrinque
2837 1539 3140 1596 cadebant.
3189 1540 3299 1595 Sed
3358 1558 3491 1596 cum
3523 1541 3677 1598 hanc

2030 1641 2265 1698 quoque
2311 1628 2518 1683 urbem
2547 1628 2883 1684 Andronico
2916 1628 3050 1703 dedi
3082 1633 3396 1700 oporteret,
3430 1635 3488 1685 et
3518 1631 3675 1687 mul-

2024 1717 2116 1766 tos
2144 1711 2245 1783 qui
2273 1712 2333 1767 in
2365 1728 2432 1769 ea
2462 1717 2628 1769 erant
2649 1714 2922 1770 subactos
2954 1714 3012 1768 in
3043 1714 3367 1770 cruciatum
3400 1716 3512 1787 agi,
3538 1733 3673 1788 pars

1950 1835 1997 1901 Β
2029 1800 2178 1861 m'uri
2209 1806 2477 1877 quaedam
2507 1805 2724 1863 crebris
2754 1806 3001 1862 arietum
3032 1806 3248 1864 ictibus
3300 1807 3669 1887 labefactata,

2030 1902 2085 1952 et
2108 1912 2278 1952 muro
2308 1896 2485 1952 veteri
2528 1896 2808 1967 adjuncta
2839 1897 3072 1969 crepido
3098 1898 3667 1971 prostrata,10pinio-

2031 2000 2164 2042 nem
2196 1985 2453 2041 obsessis
2486 1985 2684 2041 attulit
2715 2001 2944 2041 murum
2975 1985 3335 2057 universum,
3365 2003 3527 2061 quem
3548 2004 3671 2043 ma-

2030 2074 2202 2131 china
2259 2075 2518 2145 feriebat,
2551 2076 2863 2132 corruisse.
2896 2076 3117 2132 Rumor
3170 2076 3345 2147 igitur
3390 2078 3673 2134 confusus

2029 2160 2271 2233 tollitur,
2334 2163 2489 2218 818
2521 2162 2799 2219 omnibus
2828 2164 3045 2219 territis
3077 2180 3184 2221 nec
3214 2164 3435 2221 malum
3468 2167 3672 2222 datum

2031 2252 2359 2309 accuratius
2388 2252 2848 2325 explorantibus,
2878 2253 2976 2310 sed
3005 2254 3076 2310 ad
3099 2254 3360 2311 sonitum
3390 2256 3677 2313 duntaxat

2028 2356 2404 2398 excussorum
2451 2357 2725 2398 saxorum
2761 2345 2918 2398 metu
2952 2359 3099 2415 pene
3129 2344 3498 2402 exanimatis.
3535 2346 3671 2401 Moo-

2028 2430 2128 2485 nia
2177 2431 2456 2488 destituta
2484 2439 2623 2487 sunt
2676 2447 2711 2486 a
2766 2431 3197 2499 defensoribus,
3229 2437 3285 2489 et
3342 2433 3452 2489 vici
3512 2436 3675 2491 urbis

2026 2520 2269 2592 trepidis
2323 2535 2525 2576 eorum
2557 2519 3092 2578 disoursationibus
3121 2521 3345 2593 repleti.
3378 2523 3517 2579 Inde
3548 2541 3675 2580 sca-

2026 2608 2103 2664 lis
2139 2609 2423 2680 appositis
2444 2624 2731 2679 muroque
2760 2618 3048 2680 superato,
3083 2611 3263 2682 portis
3285 2612 3499 2682 apertis
3527 2612 3671 2670 liber

2031 2698 2194 2755 urbis
2253 2698 2557 2770 ingressus
2599 2699 2753 2754 hosti
2784 2699 2994 2770 patuit.
3035 2700 3395 2758 Prusaenses
3426 2702 3670 2774 direptis

2027 2787 2251 2845 uadibus
2282 2787 2592 2844 crudeliter
2645 2787 2954 2858 interfecti,
2985 2791 3042 2844 et
3094 2787 3344 2861 pecudes
3385 2794 3671 2858 mactatae,

2026 2894 2275 2951 quarum
2305 2892 2511 2951 greges
2544 2880 2602 2932 et
2628 2880 2889 2933 armenta
2918 2877 2977 2933 in
3011 2877 3215 2934 urbem
3258 2883 3453 2936 coacta
3482 2887 3671 2951 erant,

2027 2972 2093 3023 ut
2123 2968 2301 3024 ducta
2356 2966 2654 3023 obsidione
2685 2965 2965 3024 haberent
2989 2969 3145 3024 unde
3202 2969 3476 3027 viverent.
3537 2973 3670 3038 Qua:

2028 3059 2165 3114 dum
2196 3058 2432 3126 ﬁebant,
2479 3058 2682 3114 urbem
2714 3056 3015 3129 ingressus
3045 3059 3431 3131 Andronicus,
3464 3076 3577 3116 non
3610 3065 3675 3116 ut

2029 3145 2284 3202 clemens
2334 3146 2649 3218 imperator
2676 3148 2733 3202 et
2788 3162 2979 3202 eorum
3010 3147 3112 3220 qui
3159 3152 3218 3204 et
3263 3148 3402 3204 olim
3456 3149 3673 3205 subditi

2029 3236 2256 3291 fuerant
2304 3242 2358 3291 et
2391 3251 2595 3292 rursus
2627 3236 2803 3291 futuri
2834 3241 3018 3307 erant,
3043 3237 3307 3308 quamvis
3335 3238 3405 3294 ad
3441 3244 3675 3311 tempus

2027 3325 2390 3391 defecissent,
2445 3330 2829 3394 conservator,
2864 3326 3221 3384 Prusaenses
3250 3328 3536 3395 tractavit,
3569 3344 3676 3385 neo

2026 3417 2090 3468 ut
2119 3414 2422 3471 hominum
2455 3414 2548 3485 qui
2578 3413 2789 3470 iisdem
2843 3414 3143 3471 elementis
3202 3421 3472 3474 constent
3502 3419 3676 3474 ratio-

2023 3517 2160 3559 nem
2212 3502 2467 3558 habuit:
2534 3504 2636 3559 sed
2686 3508 2751 3558 ut
2801 3503 3098 3560 famelicus
3150 3503 3240 3560 leo
3291 3506 3679 3562 incustoditos

2023 3607 2222 3662 greges
2253 3593 2494 3647 adortus
2522 3590 2651 3646 aliis
2699 3591 2849 3647 colla
2879 3592 3115 3662 frangit,
3168 3592 3410 3648 aliarum
3450 3594 3675 3649 viscera

2024 3681 2285 3749 devorat,
2315 3679 2460 3735 alias
2514 3680 2682 3737 aliter
2726 3680 3051 3736 miserrime
3101 3682 3357 3749 conficit,
3416 3682 3675 3754 reliquas

2024 3768 2085 3824 in
2118 3772 2350 3824 montes
2382 3774 2440 3824 et
2481 3769 2804 3840 praecipitia
2834 3769 2973 3842 agit,
3009 3769 3095 3826 ita
3124 3774 3247 3827 tum
3278 3772 3674 3842 Andronicus,

2026 3857 2178 3929 quod
2227 3861 2409 3912 Prusa
2465 3872 2584 3913 non
2628 3858 2944 3929 deditione,
3001 3859 3158 3914 314
3214 3860 3314 3916 sed
3358 3860 3412 3915 vi
3468 3860 3684 3931 potitus

2027 3951 2173 4011 erat,
2233 3946 2512 4018 plurimos
2542 3946 2796 4017 pessimo
2825 3946 2998 4002 exitio
3031 3948 3293 4018 perdidit,
3328 3948 3681 4020 multiplices

2028 4037 2317 4093 cruciatus
2345 4040 2403 4093 et
2459 4036 2612 4091 varia
2646 4039 2935 4093 tormenta
2969 4044 3354 4095 commentus.
3387 4040 3677 4113 Angelum

2032 4128 2419 4193 Theodorum,
2484 4127 2901 4183 adolescentem
2942 4146 3086 4200 pene
3116 4130 3303 4186 adhuc
3336 4131 3678 4197 imberbem,

2029 4219 2258 4276 effossis
2304 4216 2490 4275 oculis
2535 4216 2702 4273 asino
2751 4217 3089 4290 impositum
3144 4226 3203 4277 et
3260 4221 3412 4279 ultra
3468 4223 3680 4279 limites

2028 4309 2415 4365 Romanorum
2474 4307 2745 4363 eductum
2781 4306 2997 4363 dimitti
3022 4310 3210 4378 jubet,
3243 4316 3308 4367 ut
3344 4328 3681 4383 quocunque

2028 4398 2284 4469 impetus
2320 4398 2646 4468 jumentum
2681 4395 2933 4463 tulisset,
2963 4396 3040 4453 ibi
3063 4399 3223 4454 solus
3252 4400 3565 4456 oberraret.
3596 4407 3676 4456 Ac

2030 4487 2267 4544 forsitan
2327 4504 2360 4543 a
2392 4486 2526 4543 feris
2565 4485 2867 4543 devoratus
2921 4494 3089 4554 esset,
3152 4490 3305 4559 quod
3362 4490 3678 4545 Andronici

262 4575 402 4629 κατά
464 4574 621 4629 πώεα
683 4573 776 4627 καὶ
862 4571 967 4628 δλα
1038 4572 1327 4648 βουκόλια’
1387 4569 1777 4642 εἰσηλάθησαν,
1844 4571 1920 4635 ὡς

2029 4576 2336 4634 consilium
2392 4576 2526 4647 fuit,
2575 4575 2686 4631 nisi
2737 4576 2910 4633 Τυιοί
2985 4576 3227 4632 viatores
3272 4577 3400 4647 ejus
3458 4577 3679 4633 miscrti

265 4661 445 4739 ἔχοιεν
514 4664 562 4735 ᾧ
624 4663 994 4740 τραφήσονται
1070 4662 1125 4715 οἱ
1182 4659 1331 4723 ἐντὸς
1389 4659 1798 4734 ἐπιτεινομένης
1828 4667 1926 4730 τῆς

261 4751 614 4821 πολιορκίας.
658 4751 761 4807 Καὶ
793 4750 917 4805 τότε
983 4750 1078 4824 μὲν
1137 4748 1189 4804 έν
1242 4749 1515 4811 τοιούτοις
1561 4749 1697 4818 ἦσαν
1727 4745 1924 4812 δεινόὶς

262 4843 330 4897 τά
360 4839 689 4913 τελούμενα·
753 4837 869 4893 ἐπεὶ
930 4836 988 4893 δὲ
1041 4839 1133 4893 καὶ
1179 4839 1207 4893 ὁ
1269 4836 1525 4915 βασιλεὺς
1581 4836 1929 4911 Ἀνδρόνικος

264 4927 618 5000 εἰσεληλύθει
642 4928 705 4981 τὸ
753 4926 1003 5000 πόλισμα
1049 4927 1140 4982 καὶ
1191 4925 1513 4999 ἐνηυλίσατο
1541 4922 1776 4996 ἔνδοθεν,
1813 4924 1926 4982 οὔθ’

266 5018 343 5079 ὠς
380 5015 638 5091 βασιλεὺς
688 5017 863 5091 πραῢς
916 5015 1009 5071 καὶ
1057 5015 1246 5086 σώζων
1305 5015 1574 5086 ὑπηκόοις
1605 5015 1721 5072 οῦσι
1752 5015 1923 5072 πάλαι

267 5108 357 5162 καὶ
416 5103 571 5168 αὖθις
627 5104 929 5179 ἰσομένοις,
991 5103 1088 5159 κᾶν
1145 5107 1284 5181 πρὸς
1342 5105 1529 5179 καιρὸν
1594 5106 1921 5176 ἀπέστησαν,

262 5201 383 5257 τοῖς
421 5199 785 5271 Προυσαεῦσιν
825 5195 1126 5271 ἐχρήσατο,
1180 5195 1288 5251 οὗθ’
1341 5197 1427 5270 [Ρ.
1471 5197 1596 5271 186]
1626 5197 1701 5259 ὡς
1732 5194 1925 5257 ἁπλῶς

263 5284 553 5361 ἄνθρωπος
622 5283 919 5357 ὁμοφυέσιν
986 5280 1237 5358 ἀνδράσιν
1304 5284 1530 5358 ἡμέρως
1591 5287 1923 5360 προσενήνε-

261 5394 408 5432 κται·
482 5371 616 5429 ἀλλ’
679 5372 753 5435 ὦς
824 5375 927 5447 θὴρ
997 5372 1247 5442 ἀπόσιτο,
1317 5374 1519 5435 ἱκανῶς
1592 5373 1924 5445 ἀνηκέστοις

261 5462 519 5539 ξμπεσὼν
597 5461 689 5516 καὶ
764 5461 1123 5535 ἀποιμάντοις
1163 5462 1439 5539 θρέμμασι
1477 5465 1575 5517 τοῦ
1652 5464 1748 5536 μὲν
1825 5463 1922 5519 αῦ-

259 5556 394 5630 χένα
424 5551 700 5621 κατέαξεν,
744 5549 921 5607 ἄλλου
971 5548 1017 5606 δ’
1055 5549 1311 5631 ἐλάφυξεν
1362 5548 1582 5629 ἔγκατα,
1614 5552 1705 5607 καὶ
1733 5549 1921 5615 ἄλλως

258 5640 755 5717 ἇθετουχειρίστως
810 5636 1012 5714 ἓτερον,
1071 5641 1138 5696 τὰ
1193 5638 1250 5697 δὶ
1308 5640 1478 5696 λοιπὰ
1524 5646 1797 5717 κρημνοῖς
1830 5644 1917 5699 καὶ

2036 4670 2231 4722 essent
2258 4671 2312 4720 et
2365 4664 2424 4719 in
2459 4664 2825 4721 tabernacula
2882 4681 2987 4720 sua
3016 4665 3327 4722 abductum
3360 4674 3675 4722 curassent.

2036 4754 2277 4810 Leonem
2306 4752 2612 4825 Synesium
2662 4756 2719 4808 et
2748 4751 3073 4809 Manuelem
3105 4754 3423 4810 Lachanam
3455 4763 3510 4810 et
3539 4755 3682 4810 alios

2035 4843 2381 4916 complures,
2405 4859 2471 4899 ιι.
2502 4858 2763 4912 numero,
2796 4844 2867 4898 de
2897 4844 3145 4900 summis
3173 4845 3477 4902 arboribus
3519 4846 3683 4917 juxta

2034 4937 2228 4989 Prusae
2252 4932 2465 4987 muenia
2496 4932 2799 5005 suspendit
2831 4949 2845 5000 ;
2876 4939 2931 4987 et
2958 4931 3127 5004 longe
3164 4935 3359 5007 plures
3378 4934 3508 4991 aliis
3539 4952 3680 5008 sup-

2035 5021 2225 5093 pliciis
2280 5020 2493 5088 atlecit,
2528 5020 2772 5078 aliorum
2820 5022 3113 5092 manibus,
3168 5023 3412 5081 aliorum
3459 5025 3681 5098 digitis,

2034 5111 2417 5182 quorumdam
2473 5110 2722 5180 pedibus
2752 5111 3095 5184 amputatis.
3131 5110 3300 5168 Multi
3329 5119 3383 5169 et
3410 5113 3682 5169 manibus

2034 5207 2087 5257 et
2119 5199 2306 5257 oculis
2340 5197 2542 5270 privati
2574 5204 2728 5268 sunt,
2759 5200 3033 5258 nonnulli
3062 5201 3230 5258 oculo
3262 5203 3462 5259 dextro
3493 5206 3551 5258 et
3582 5218 3681 5273 pc-

2032 5289 2103 5345 de
2158 5287 2397 5345 sinistro
2426 5285 2702 5357 mutilati,
2760 5289 2859 5344 alii
2890 5297 3106 5347 contra.
3164 5291 3603 5348 Robustissimis
3629 5297 3684 5347 et

2033 5378 2183 5436 875
2221 5376 2551 5433 fortissimis
2581 5392 2648 5432 ac
2699 5378 2784 5433 rei
2816 5378 3082 5436 militaris
3139 5379 3505 5454 peritissimis
3544 5381 3682 5436 viris

2030 5468 2174 5524 adeo
2198 5465 2598 5522 inhumaniter
2643 5466 2973 5541 interfectis,
2994 5476 3166 5541 atque
3194 5471 3424 5542 imperii
3464 5470 3677 5526 viribus

2031 5555 2373 5625 imminutis,
2403 5555 2720 5627 Lopadium
2752 5559 2955 5614 transit
2999 5559 3359 5616 Andronicus
3388 5577 3403 5628 ;
3453 5557 3683 5614 eodem-

2034 5661 2144 5719 que
2192 5644 2362 5701 modo
2391 5643 2473 5699 ibi
2507 5659 2741 5716 quoque
2774 5653 3077 5719 grassatus,
3110 5651 3168 5705 et
3196 5648 3466 5719 episcOpo
3493 5643 3675 5703 oculis
