4126 6294
446 375 571 436 643
1773 362 2075 429 ΝῙΟΕΤΑ

2223 366 2553 430 [ΟΝΙΑΤΑ
3736 371 3852 434 641

454 513 701 588 privato,
734 510 885 586 quod
936 506 1333 564 seditiosorum
1364 503 1450 562 sui
1481 504 1672 578 gregis
1717 513 1938 561 motum
1970 519 2083 561 coni

2230 497 2362 578 ίρεσι
2463 503 2553 558 καὶ
2650 505 2945 580 βαράθροις
3020 501 3383 579 διασπαρέντα
3484 506 3859 580 παρέπεμψεν,

454 612 548 659 tra
574 599 966 658 Andronicum
1025 612 1144 652 non
1174 595 1514 667 castigasset
1542 593 1645 649 sed
1694 609 1859 665 sequo
1889 599 1942 648 et
1992 593 2081 649 len

2228 590 2359 647 >ί5τω
2431 593 2521 647 καὶ
2594 592 2718 649 τότε
2787 590 3142 669 ’Δνδρόνικος
3242 594 3318 666 μὴ
3395 591 3857 669 προηγησαμένης

456 693 651 749 animo
682 689 910 746 tulisset
957 703 1024 742 ae
1053 688 1397 756 spectasset,
1428 683 1644 740 talibus
1672 683 1983 755 triumphis
2012 699 2085 739 or!

2226 679 2519 757 5μολογίας
2560 703 2621 737 τε
2661 682 2754 738 καὶ
2811 679 3051 752 σπονδῆς
3105 682 3241 755 μετά
3268 682 3365 737 τοῦ
3392 687 3502 739 τῶν
3538 685 3855 759 Ηρουσαέων

454 786 627 838 natus
657 780 718 838 in
770 776 1051 850 palatium
1082 777 1409 845 revertitur,
1442 774 1658 831 relictis
1688 773 2083 830 Prusaensiun

2232 773 2595 848 τληρώματος
2623 774 2658 845 ἢ
2693 772 2942 835 ἑκουσίας
2981 768 3266 848 προϐάσης
3315 772 3671 854 παραδοχῆς,
3719 774 3861 831 ἀλλά

455 870 691 935 vitibus,
757 883 883 939 quas
933 866 1171 921 arbores
1227 863 1743 935 amplectebantur,
1799 878 2084 935 suspenso

2232 860 2446 937 πολέμῳ
2471 863 2753 934 ἡλωκυίας
2782 870 2883 933 τῆς
2917 862 3153 933 πόλεως,
3184 863 3474 924 πλείστους
3505 865 3589 919 ὅτι
3625 865 3861 939 μάλιστα

458 975 587 1016 rum
618 955 997 1015 cadaveribus
1054 959 1120 1010 ut
1168 953 1294 1010 uvis
1325 953 1615 1018 oneratis;
1676 952 1857 1008 ullum
1922 968 2087 1024 nequc

2233 952 2479 1028 ῑιέφθειρε
2533 953 2623 1007 καὶ
2680 953 2957 1031 ἠφάνισεν,
3017 952 3094 1015 είς
3170 951 3480 1015 πολυειδεῖς
3537 954 3629 1009 καὶ
3687 954 3862 1010 πολυ-

455 1048 686 1120 sepeliri
718 1062 928 1119 passus
971 1052 1079 1114 est,
1110 1044 1209 1101 sed
1241 1061 1274 1099 a
1305 1043 1423 1100 sole
1453 1042 1735 1099 arefactos
1761 1049 1821 1097 ut
1852 1043 2084 1099 terricu'

2231 1043 2448 1117 τρόπους
2492 1041 2745 1105 κολάσεις
2794 1044 2857 1098 τὸ
2907 1045 3003 1097 τοῦ
3058 1044 3235 1115 θυμοῦ
3293 1042 3657 1117 καταμερίσας
3686 1042 3860 1098 ἄλλός

450 1139 710 1195 lamenta
758 1136 1082 1204 volucrum,
1130 1149 1203 1190 ne
1261 1147 1434 1205 poma
1488 1132 1781 1197 devorent,
1832 1147 1867 1186 a
1921 1131 2079 1187 venti:

2233 1150 2393 1189 ιοτον.
2444 1129 2724 1207 Θεόδωρον
2787 1133 2881 1205 μὲν
2927 1132 3029 1207 γὰρ
3076 1133 3167 1187 τὸν
3208 1129 3485 1206 Ἄγγελον
3512 1133 3700 1201 ἡῖθεον
3736 1129 3862 1188 ὅντα

447 1226 651 1298 agitari
702 1224 905 1282 voluit.
966 1222 1127 1295 Cpoli
1159 1223 1309 1278 laetis
1338 1220 1534 1294 populi
1589 1219 2076 1276 acclamationibu:

2236 1221 2300 1277 ιαῖ
2351 1223 2442 1278 τὸν
2493 1219 2682 1278 ἴουλον
2733 1224 2968 1297 πρώτως
3018 1222 3320 1297 χνοάζοντα
3360 1222 3574 1294 τίθησιν
3618 1222 3865 1297 ἐξόμμα-

446 1319 741 1386 exceptus,
800 1320 854 1368 et
882 1311 1248 1368 adulatorum
1294 1308 1748 1377 laudationibus,
1781 1323 1924 1380 quos
1955 1324 2071 1364 sem

2230 1331 2323 1381 :ov,
2399 1312 2488 1366 καὶ
2564 1307 2669 1385 ὄνῳ
2737 1307 3111 1382 ἀναϐληθέντα
3195 1312 3284 1367 καὶ
3359 1316 3468 1367 τῶν
3534 1300 3859 1386 Ῥωμαῖκων

451 1422 551 1476 ρει·
595 1404 751 1460 alere
807 1400 991 1460 solent
1051 1400 1218 1469 aulai,
1260 1400 1461 1470 majori
1521 1398 1788 1471 superbia
1843 1397 2075 1454 inﬂatus

2234 1403 2374 1475 ιρίων
2442 1402 2756 1475 ὑπερέκεινα
2821 1400 3130 1477 ἀπαχθένςα
3187 1403 3303 1458 εἶτα
3338 1402 3551 1459 κελεύει
3599 1401 3863 1474 διαοεθῆ-

453 1491 810 1567 spectaculis
868 1498 923 1548 et
990 1491 1146 1547 ludis
1199 1490 1560 1547 circensibus
1618 1487 2082 1559 estivotemport

2238 1513 2312 1565 αι,
2339 1488 2432 1546 ’ίνα
2469 1491 2579 1562 ὅπη
2618 1493 2681 1547 τὸ
2750 1492 3048 1569 ὑποζύγιον
3107 1493 3305 1566 ὁρμῴη
3348 1493 3659 1566 αύτόματον
3695 1495 3860 1570 φερό-

452 1585 718 1640 intentus
775 1582 902 1638 fuit.
936 1584 1084 1638 Cum
1115 1582 1309 1636 autem
1367 1578 1678 1650 aliquando
1717 1576 1971 1633 tabulata
1998 1576 2081 1633 ali

2227 1602 2367 1645 ιενος
2390 1579 2679 1652 πλάζοιτο.
2730 1582 2832 1639 Καὶ
2878 1583 3008 1661 τάχ’
3059 1581 3119 1637 ἂν
3162 1582 3382 1656 θηρίοις
3421 1582 3659 1660 ἐγεγόνει
3690 1586 3856 1639 κατά-

454 1679 597 1747 quot
624 1675 787 1746 iuxta
834 1671 1268 1744 imperatoriam
1317 1668 1509 1725 sedem
1541 1667 1792 1738 collapsa
1823 1668 1978 1725 81.
2010 1667 2083 1722 vi-

2229 1669 2424 1746 ἷρωμα,
2457 1672 2486 1726 6'
2514 1671 2602 1726 καὶ
2637 1672 2665 1726 6
2708 1671 2807 1740 τὴν
2852 1670 3122 1746 τιμωρίαν
3170 1672 3372 1742 ταύτην
3423 1670 3610 1745 ἐκείνῳ
3649 1673 3858 1738 ἐπιθείς

452 1781 549 1822 ros
580 1780 680 1820 sex
737 1762 1189 1836 oppressissent,
1218 1758 1395 1830 vulgo
1448 1774 1515 1814 eo
1544 1774 1682 1813 casu
1728 1761 2081 1814 consternatt

2231 1757 2555 1835 Ανδρόνικος
2608 1759 3004 1834 προεσκέψατο,
3080 1759 3126 1814 εί
3198 1760 3275 1835 μή
3332 1764 3589 1835 ⁴Τοῦρκοι
3662 1759 3860 1837 ἐγκύρ-

448 1853 790 1928 perterritus
846 1851 1128 1908 satellites
1197 1848 1529 1905 convocavit
1584 1852 1641 1904 et
1691 1849 1751 1903 in
1816 1847 2077 1918 palatina

2231 1869 2393 1913 παντες
2448 1847 2712 1925 ᾤκτειράν
2766 1868 2827 1904 τε
2856 1848 2949 1903 τὸν
2993 1848 3222 1925 μείρακα
3268 1848 3357 1903 καὶ
3407 1848 3485 1913 εἷς
3538 1847 3634 1914 τὰς
3678 1850 3860 1906 αὐτῶν

445 1943 603 2001 abire
633 1942 814 1999 voluit
846 1960 861 1999 :
896 1942 994 1998 sed
1027 1941 1099 1996 ab
1122 1938 1325 1994 amicis
1352 1942 1621 1994 exoratus
1652 1938 1893 2007 mansit,
1936 1939 2074 2009 quot

2234 1940 2406 2010 κηνᾶς
2497 1938 2863 2015 ἀπαγαγόντες
2931 1938 3217 2013 θεραπείας
3284 1937 3543 2008 ἠξίωσαν.
3620 1940 3725 1995 Τὸν
3811 1939 3863 1997 δὶ

444 2033 494 2090 si
524 2033 887 2100 surrexisset,
925 2028 1128 2086 statim
1161 2027 1451 2100 periturus
1482 2031 1656 2094 esset,
1695 2026 1891 2099 populi
1925 2025 2073 2096 globt

2232 2028 2458 2083 ἒυνέσιον
2527 2026 2731 2085 Λέοντα
2793 2027 2884 2082 καὶ
2947 2028 3040 2082 τὸν
3108 2033 3365 2106 Λαχανᾶν
3433 2027 3699 2098 Μανουήλ
3772 2030 3861 2086 καὶ

445 2138 503 2192 in
548 2124 738 2194 ipsum
773 2125 829 2177 et
857 2119 1138 2177 satellites
1169 2119 1295 2188 ejus
1327 2118 1605 2188 impetum
1658 2118 1901 2172 facturo.
1956 2116 2074 2171 Paul

2223 2116 2438 2192 ιυχνοὺς
2468 2115 2674 2181 ἄλλους
2717 2122 2836 2182 τοῖς
2881 2122 2991 2172 τῶν
3036 2117 3500 2193 παραπεφυκότων
3530 2121 3599 2191 τῇ
3632 2119 3852 2194 Προύσῃ

443 2211 622 2283 lisper
661 2211 839 2281 igitur
891 2211 1166 2277 moratus,
1203 2208 1338 2263 dum
1370 2208 1634 2277 equestre
1676 2213 1729 2261 et
1757 2205 2072 2277 gymnicum

2227 2204 2432 2283 ῖένδρων
2477 2208 2773 2282 ἀκρέμοσιν
2819 2205 3181 2283 ἀπεκρέμασε,
3244 2207 3337 2261 τὸν
3383 2204 3606 2262 δέκατον
3658 2228 3856 2283 τετρα-

442 2310 731 2356 certamen
768 2297 1181 2363 absolveretur,
1205 2295 1444 2365 reliquis
1475 2294 1822 2364 spectaculis
1852 2309 2071 2365 prorem

2227 2293 2356 2358 ιλῶς
2431 2294 2817 2366 ἀποσώζοντας
2891 2294 3147 2370 ἀριθμόν.
3225 2291 3727 2358 ΙΙολλαπλασίονας
3811 2294 3856 2351 δ’

443 2387 741 2457 abstinuit,
801 2384 1125 2457 cujusmodi
1159 2392 1296 2440 sunt
1328 2383 1797 2439 funambulorum
1828 2391 1880 2440 et
1910 2400 2072 2440 vena-

2225 2385 2405 2458 τέρκις
2457 2378 2828 2454 ὑποϐεϐλήκει
2886 2388 3127 2446 ποιναῖς·
3188 2383 3261 2438 ὧν
3332 2383 3428 2456 μὶν
3486 2383 3591 2459 γὰρ
3657 2390 3853 2461 χεῖρας

443 2479 716 2547 tionum;
762 2476 970 2546 quibus
1026 2474 1085 2530 in
1144 2474 1285 2529 urbe
1318 2488 1549 2530 manere
1592 2471 1760 2528 solita
1818 2474 1986 2528 turba
2034 2482 2072 2529 et

2228 2472 2481 2546 ,né'rspsv,
2514 2473 2587 2528 ὧν
2630 2470 2687 2528 δὲ
2739 2470 3072 2533 δακτυύλους
3124 2472 3203 2534 ὡς
3246 2471 3510 2546 ἀμπέλων
3550 2474 3857 2549 περιέκειρε

445 2568 621 2625 rebus
652 2565 810 2624 novis
850 2566 1115 2637 impense
1140 2565 1382 2635 capitur.
1417 2564 1485 2618 Et
1514 2561 1637 2619 haec
1659 2562 1737 2618 ita
1767 2578 1828 2619 se
1867 2563 2074 2618 habue-

2222 2559 2453 2634 ιλάδους,
2485 2566 2647 2617 τινῶν
2679 2560 2736 2617 δὲ
2762 2558 2937 2622 πόδας
2981 2559 3260 2637 ἀφῄρηκε.
3310 2561 3526 2620 Πολλοὶ
3558 2559 3616 2617 δὲ
3647 2570 3851 2642 χειρῶν

446 2661 604 2715 runt.
2197 2650 2286 2705 καὶ
2318 2651 2617 2728 ὀφθαλμῶν
2665 2651 2971 2721 ὑπέστησαν
3017 2649 3290 2722 στέρησιν·
3355 2651 3492 2721 ἦσαν
3559 2650 3607 2705 δ’
3677 2651 3731 2707 ο⁹ί
3768 2655 3850 2708 καὶ

448 2743 730 2822 ὀφθαλμὸν
787 2741 954 2815 δεξιὸν
1012 2742 1103 2798 καὶ
1159 2738 1300 2797 πόδα
1354 2741 1638 2815 εὐώνυμον
1695 2738 2025 2814 έζημίωντο,
2082 2741 2170 2794 καὶ
2256 2737 2321 2795 αὖ
2378 2740 2688 2796 τούναντίον
2774 2739 3155 2804 ἐπεπόνθεισαν
3229 2736 3428 2816 ἕτεροι.
3499 2741 3604 2798 Καὶ
3673 2742 3850 2804 οὕτως

446 2835 819 2908 ἀπανθρώπως
872 2835 935 2888 τὸ
988 2832 1039 2887 ὲν
1101 2831 1261 2908 ῥώμῃ
1316 2832 1571 2905 σώματος
1629 2829 1986 2885 καλλιστεῦον
2040 2830 2131 2883 καὶ
2190 2833 2553 2905 στρατιωτικῇ
2608 2829 2874 2904 ἐξαίρετον
2935 2828 3192 2905 ἐμπειρίᾳ
3222 2830 3321 2899 τήν
3365 2830 3575 2887 οἰκείαν
3635 2835 3848 2906 ζημιώ-

440 2946 534 2989 σας
597 2923 877 2999 βασιλείαν
937 2920 1286 2997 Ἀνδρόνικος
1347 2920 1586 2995 μεταίρει
1643 2920 1771 2994 τρός
1837 2919 1900 2973 τὸ
1984 2918 2280 2977 Λοπάδιον.
2359 2920 2529 2976 Κάκεῖ
2603 2921 2671 2974 τά
2724 2920 2892 2993 ’ὀμοια
2950 2917 3172 2994 δράσας,
3227 2921 3319 2974 καὶ
3370 2924 3479 2975 τῶν
3533 2919 3847 2979 ἐπισκόπων

430 3015 526 3071 ἓνα
557 3017 820 3091 περήσας
876 3017 983 3069 τῶν
1044 3012 1343 3092 ὀφθαλμῶν
1405 3012 1479 3074 ὡς
1550 3012 1628 3084 μή
1689 3009 1827 3065 κατά
1879 3013 1985 3065 τῶν
2046 3009 2106 3065 ἐκ
2164 3018 2263 3080 τῆς
2327 3012 2570 3085 ποίμνης
2631 3010 2836 3067 ἐκείνου
2894 3010 3297 3088 ἀγανακτοῦντα
3330 3019 3670 3087 στασιωτῶν,
3703 3014 3845 3071 ἂλλά

430 3106 621 3179 πράως
654 3104 797 3160 οὕτω
827 3102 915 3157 καὶ
948 3100 1173 3175 ὁμαλῶς
1202 3103 1300 3171 τὴν
1349 3102 1485 3156 κατὰ
1539 3103 1638 3153 τοῦ
1699 3097 1966 3174 βασιλέως
2026 3097 2367 3175 Ἀνδρονίκου
2425 3101 2594 3178 φορὰν
2656 3101 2873 3157 ἐκείνων
2914 3100 3273 3177 προσιέμενον
3304 3103 3393 3157 καὶ
3423 3102 3847 3178 ἀνεπεγκλητως

430 3195 724 3263 θεώμενον,
802 3192 1072 3246 ἐπάνεισιν
1150 3190 1226 3251 εἷς
1301 3190 1366 3244 τὰ
1442 3187 1690 3271 βασίλεια
1764 3190 2041 3252 τοιούτοις
2113 3188 2498 3266 γεγανωμένος
2569 3192 3083 3265 τροπαιουχῆμασι,
3159 3190 3254 3254 τάς
3330 3196 3439 3247 τῶν
3516 3195 3840 3265 Ηρουσαέων

430 3278 697 3355 ἡμερίδας
772 3278 1114 3348 καταλιπὼν,
1192 3276 1250 3333 α⁹ί
1325 3274 1697 3354 περιπλέγδην
1772 3279 1839 3331 τά
1913 3275 2106 3353 δένδρα
2180 3278 2494 3354 ἀνέτρεχον,
2576 3279 2950 3355 βαρυνομένας
3026 3285 3144 3342 τοῖς
3242 3284 3350 3336 τῶν
3426 3282 3832 3355 κρεμασθέντων

436 3369 683 3440 σώμασιν
777 3367 853 3431 ὠς
944 3364 1136 3427 ἄλλοις
1244 3367 1490 3442 βοτρυσι,
1588 3365 1679 3420 καί
1778 3362 1986 3439 μηδένα
2076 3372 2184 3424 τῶν
2281 3367 2854 3433 ἀνασκολοπισθέντων
2947 3368 3101 3447 ἀφεὶς
3189 3368 3264 3430 ὠς
3341 3368 3525 3441 ληνοῖς
3598 3365 3831 3438 δοθῆναι

427 3462 543 3519 τοῖς
618 3459 878 3529 σήμασιν,
955 3455 1047 3519 οὕς
1120 3457 1211 3510 καὶ
1283 3456 1547 3531 τερσήνας
1604 3452 1769 3524 ἥλιος
1829 3455 2048 3530 ἀνέμοις
2106 3459 2488 3537 περιφέρεσθαι
2546 3459 2713 3528 ἀνῆκε
2768 3459 2905 3514 κατά
2958 3459 3027 3513 τά
3081 3457 3132 3513 ἓν
3190 3459 3542 3530 συκιηλάτοις
3583 3458 3686 3514 ὑπὸ
3727 3463 3840 3514 τῶν

429 3544 884 3621 ὀπωροφυλάκων
947 3544 1291 3620 αἰωρούμενα
1364 3544 1636 3621 φάσματα.
1707 3544 1803 3607 Εἷς
1862 3543 1918 3601 δὲ
1971 3547 2070 3616 τὴν
2132 3547 2540 3603 Κωνσταντίνου
2598 3547 2760 3602 πόλιν
2829 3546 3061 3602 ἐπανιὼν
3126 3548 3217 3603 καὶ
3283 3548 3428 3623 παρά
3490 3550 3587 3603 τού
3655 3544 3841 3620 δήμου

425 3641 627 3714 φωναῖς
684 3635 953 3714 εὐφήμοις
1001 3632 1292 3708 δεξιωθείς,
1344 3634 1435 3688 καὶ
1499 3639 1617 3697 ταῖς
1684 3638 1789 3689 τῶν
1868 3632 2120 3690 κολάκων
2195 3634 2585 3711 προσλαλιαῖς,
2660 3634 2751 3698 οὕς
2823 3635 2907 3691 ἀεὶ
2958 3636 3362 3715 παρατρέφουσι
3418 3638 3485 3692 τὰ
3541 3636 3838 3710 ἀνάκτορα,

419 3728 481 3782 τὸ
553 3724 904 3804 μεγαλόφρον
972 3725 1162 3782 πλεῖον
1219 3724 1579 3799 κτησάμενος,
1641 3725 1717 3788 είς
1772 3731 2002 3800 θεωρεῖα
2064 3725 2153 3781 καὶ
2213 3725 2453 3798 ἁμίλλας
2508 3727 2695 3782 ἳππων
2764 3727 2974 3801 θερείας
3007 3725 3173 3798 οὔσης
3218 3735 3319 3797 τῆς
3360 3727 3506 3802 ὥρας
3551 3729 3844 3802 ἐτράπετο,

423 3814 512 3870 ὅτε
568 3814 658 3869 καί
710 3835 869 3870 τινων
930 3814 989 3870 ἐκ
1043 3818 1152 3869 τῶν
1205 3813 1343 3870 κατά
1396 3814 1459 3870 τὸ
1521 3813 1806 3889 βασιλικὸν
1862 3811 2125 3888 έδρίασμα
2184 3812 2502 3893 δρυφάκτων
2559 3810 3010 3886 καταϐληθέντων
3061 3816 3151 3870 καὶ
3200 3815 3324 3892 περὶ
3370 3815 3498 3877 τοὺς
3544 3812 3597 3887 ἓξ
3643 3814 3849 3891 ἄνδρας

422 3904 791 3979 ἀνῃρηκότων,
861 3904 951 3958 καὶ
1016 3905 1112 3957 τοῦ
1170 3906 1571 3978 θεατρομανοῦς
1622 3900 1800 3978 ὄχλου
1859 3901 1948 3958 ἐπὶ
2020 3906 2101 3974 τῷ
2167 3898 2430 3976 συμϐάντι
2487 3902 2668 3976 τούτῳ
2709 3901 3152 3978 διαθροηθέντος,
3213 3903 3442 3979 ὥρμησε
3498 3908 3597 3959 τοῦ
3656 3905 3844 3958 θώκου

417 3992 761 4062 ἐξαναστῆναι
816 3993 907 4047 καὶ
968 3998 1362 4067 μεταχωρῆσαι
1418 3991 1554 4067 πρὸς
1612 3991 1677 4046 τά
1738 3992 2009 4067 βασίλεια,
2061 3996 2142 4064 τῷ
2190 3989 2297 4047 δέει
2345 3994 2430 4066 [Ρ.
2473 3994 2597 4066 187]
2644 3991 2973 4056 ἀλλοιωθεῖς
3022 3992 3108 4059 καὶ
3140 3992 3267 4055 τοὺς
3298 3989 3638 4072 δορυφόρους
3669 4014 3850 4062 συνη-

415 4082 672 4154 θροικὼς,
731 4082 779 4135 εἰ
832 4082 907 4153 μή
967 4081 1030 4134 τὸ
1085 4080 1208 4156 περὶ
1267 4079 1468 4135 ἐκεῖνον
1529 4077 1713 4135 ε’ύνουν
1771 4080 2047 4136 ἱκέτευσαν
2098 4080 2399 4150 ἀποστῆναι
2458 4081 2532 4144 ὡς
2591 4080 2795 4137 ἀτόπου
2853 4086 2949 4136 τοῦ
2992 4082 3244 4137 τοιούτου
3281 4081 3705 4155 βουλεύματος,
3756 4080 3846 4137 καὶ

412 4167 664 4240 ἐμπέδως
737 4170 939 4239 ἱζάνειν
1014 4169 1342 4246 παρέπεισαν
1420 4171 1495 4233 ὡς
1568 4169 1762 4225 αὐτίκα
1836 4170 1882 4224 εί
1960 4169 2275 4242 ἐξανασταίη
2352 4170 2764 4246 ἀπολούμενον,
2839 4176 2937 4226 τοῦ
3014 4169 3197 4244 δήμου
3253 4171 3718 4245 ωσπειραοέντος
3767 4170 3845 4232 εἲς

412 4257 468 4311 ἓν
527 4256 618 4311 καὶ
675 4259 790 4313 κατ’
864 4256 1070 4313 ἐκείνου
1142 4259 1232 4314 καὶ
1306 4264 1415 4315 τῶν
1492 4258 1610 4314 ὅσοι
1686 4260 1809 4335 περὶ
1886 4260 2045 4316 αύτὸν
2102 4259 2533 4337 ἓφορμήσαντος.
2592 4259 2801 4336 Μικρόν
2861 4281 2915 4316 τι
2970 4265 3100 4337 γοῦν
3159 4259 3443 4334 ἐπιμείνας
3482 4260 3573 4315 τὸν
3609 4261 3847 4315 ἱππικὸν

415 4344 583 4420 μόνον
629 4345 720 4400 καὶ
769 4348 1034 4422 γυμνικὸν
1082 4346 1354 4404 τετέλεκεν
1416 4346 1631 4417 ἄεθλον,
1685 4352 1794 4403 τῶν
1849 4346 1896 4404 δ’
1957 4348 2278 4405 ἐπεισοδίων
2326 4350 2609 4424 θεαμάτῶν
2660 4350 2929 4426 ἀπέσχετο
2976 4348 3186 4421 τέλεον,
3220 4349 3272 4404 έν
3306 4350 3392 4411 οἷς
3435 4346 3733 4423 διαχέουσι
3784 4348 3847 4403 τὸ

416 4436 689 4508 θεώμενον
792 4438 846 4491 οἱ
947 4433 1036 4492 διὰ
1126 4438 1408 4512 μηρίνθων
1489 4436 1564 4497 εἰς
1648 4436 1783 4511 ὕψος
1856 4437 2298 4515 ἀναρῥιχώμενοι
2379 4441 2470 4493 καὶ
2562 4438 2665 4494 ὑπὸ
2757 4442 2937 4512 μικρῷ
3023 4442 3102 4511 τῷ
3197 4437 3482 4512 συνέχοντι
3570 4435 3850 4508 καΑωδίῳ

412 4522 818 4604 έπορχούμενοι
852 4522 1106 4597 διαέριοι,
1136 4524 1215 4581 ἔτι
1244 4522 1302 4580 δὲ
1329 4525 1381 4579 o't
1410 4521 1747 4595 πτηνόποδες
1779 4523 2001 4601 λαγίναι
2030 4526 2120 4581 καὶ
2151 4527 2305 4589 κύνες
2353 4527 2406 4582 αῖ
2457 4528 2797 4601 θηρευτικαῖ,
2830 4526 3250 4606 φιλοτοιούτους
3284 4522 3689 4581 ἀποδεικνύντα
3720 4527 3850 4585 τοὺς

412 4612 599 4684 ἀήθεις
633 4611 1097 4692 θεατροϐάμονας.
1133 4613 1231 4672 Καί
1257 4613 1426 4670 ταῦτα
1457 4613 1553 4688 μὲν
1587 4610 1694 4670 ὧδέ
1718 4635 1793 4687 πη
1833 4614 2078 4694 ἐφέρετο.

480 4745 534 4801 5.
567 4746 703 4802 Erat
759 4750 954 4803 autem
986 4745 1075 4800 vir
1104 4744 1337 4817 quidam
1369 4743 1793 4812 nobilissimus,
1823 4746 2058 4803 nomine
2087 4755 2109 4817 (

2240 4747 2433 4802 ε’.Ἥν
2500 4742 2559 4800 δέ
2622 4765 2706 4808 τις
2770 4742 2906 4818 ἀνὴρ
2971 4739 3216 4815 τοῦνομα
3284 4742 3575 4814 Ἰσαάκιος,
3634 4743 3846 4820 γένους

411 4833 663 4888 Isaacius
692 4836 831 4902 (non
883 4834 1144 4889 Isaacius
1203 4832 1506 4905 Angelus),
1554 4832 1758 4889 lsaacii
1805 4833 2033 4890 sebasto

2215 4855 2362 4911 ριστα
2409 4833 2583 4904 ἥκων,
2639 4830 2822 4907 ἵτερος
2881 4832 3029 4908 παρὰ
3081 4832 3176 4887 τὸν
3232 4830 3500 4905 ’Ἄγγελον
3535 4833 3844 4901 Ἰσαάκιον,

409 4920 677 4984 cratoris,
710 4936 879 4990 quem
936 4922 1175 4978 fratrem
1235 4922 1416 4978 fuisse
1471 4923 1756 4979 Manuelis
1784 4923 2036 4979 diximus

2212 4921 2438 4997 υγατρὸς
2485 4925 2613 4982 παῖς
2660 4918 2931 4975 Ἰσαακίου
2986 4922 3086 4974 τοῦ
3132 4913 3661 4996 σεϐαστοκράτορος,
3718 4921 3781 4976 δν
3814 4920 3841 4976 ὁ

412 5024 482 5063 ex.
514 5007 632 5061 ﬁlia
661 5023 860 5077 nepos.
902 5012 954 5064 Is
982 5011 1269 5067 Armeniae
1324 5013 1645 5084 vicinisquo
1673 5012 1816 5068 locis
1864 5013 2041 5070 Roma

2215 5011 2338 5086 ὁγος
2387 5008 2486 5076 τῆς
2532 5009 2776 5075 ἱστορίας
2824 5006 3131 5080 ἀπτόμενος
3174 5007 3497 5081 κασίγνητον
3534 5014 3637 5063 τοῦ
3678 5010 3844 5085 βασι-

418 5112 509 5151 naa
538 5095 775 5152 ditionis
802 5101 861 5152 et
880 5096 1055 5153 Tarso
1086 5114 1120 5153 a
1150 5099 1365 5168 majore
1397 5109 1598 5171 patruo
1628 5101 1893 5157 Manuale
1913 5118 2047 5171 pras-

2209 5101 2311 5163 έως
2356 5098 2543 5174 εἲρηκε
2589 5095 2879 5168 Μανουήλ.
2933 5095 3094 5154 Ἀλλ’
3142 5099 3301 5160 οὗτος
3358 5095 3427 5166 δὴ
3478 5098 3506 5153 6
3556 5099 3837 5161 Ἰσαάκιος

416 5184 654 5253 positus,
708 5186 1019 5243 commisso
1064 5200 1194 5242 cum
1225 5187 1489 5247 hostibus
1519 5189 1805 5246 Armeniis
1862 5191 2045 5261 praelic

2210 5190 2312 5265 αρά
2356 5192 2453 5244 τοῦ
2513 5187 2649 5263 πρὸς
2708 5186 2912 5260 πατρὸς
2991 5186 3143 5250 θείου
3208 5186 3299 5241 καὶ
3370 5185 3675 5262 βασιλέως,
3737 5192 3837 5243 τοῦ

415 5279 640 5344 captus,
674 5273 939 5330 Manuale
961 5275 1080 5344 jam
1106 5276 1397 5343 defuncto,
1429 5281 1487 5334 in
1512 5279 1833 5335 custodiam
1863 5281 2044 5338 datur,

2213 5280 2456 5351 ομνηνοῦ
2520 5273 2814 5349 Μανουῆλ,
2906 5273 2973 5330 τά
3055 5274 3174 5331 κατ’
3255 5276 3554 5350 ’Δρμενίαν
3621 5274 3842 5332 διέπειν

412 5365 478 5420 in
510 5380 624 5434 qua
652 5380 784 5421 cum
817 5364 989 5436 longo
1019 5372 1273 5437 tempore
1302 5368 1523 5440 fuisset,
1554 5372 1786 5427 tandem
1816 5370 1888 5428 ab
1922 5372 2041 5429 Hic.

2215 5366 2359 5444 κχὼν
2425 5367 2517 5422 καὶ
2583 5366 2772 5440 ἄρχειν
2852 5365 3065 5440 Ταρσοῦ
3131 5364 3222 5419 καὶ
3287 5370 3609 5439 στρατηγεῖν
3657 5365 3844 5421 ὁπόσα

414 5454 800 5524 rosolymitis,
834 5470 977 5525 quos
1018 5456 1243 5515 Frerios
1272 5460 1493 5524 dicunt,
1525 5463 1852 5530 redemptus
1908 5477 2043 5518 com-

2214 5463 2280 5520 ιῖς
2344 5456 2456 5511 ἐκεῖ
2515 5452 3037 5528 προσκεκλήρωται,
3107 5451 3442 5529 συβρήγνυσι
3513 5455 3655 5526 μετά
3727 5457 3843 5508 τῶν

414 5544 653 5600 modum
684 5544 742 5600 in
791 5543 1035 5615 patriam
1065 5546 1323 5603 reditum
1358 5547 1580 5612 habuit,
1612 5550 1939 5606 Andronico
1970 5567 2043 5606 re-

2220 5546 2439 5624 αφόρων
2482 5543 2781 5619 Ἀρμενίων
2833 5540 3101 5615 πολεμον,
3147 5542 3236 5596 καὶ
3285 5541 3455 5605 ἁλοὺς
3505 5541 3558 5596 έν
3613 5546 3847 5617 φρουρᾷ

416 5632 768 5703 demptionis
819 5632 1123 5703 adjutore;
1176 5635 1347 5707 idque
1404 5637 1477 5691 de
1534 5637 1844 5695 Theodorus
1901 5639 2045 5696 871

2215 5635 2539 5710 ιθείργνυται
2587 5631 2792 5711 (φθάνει
2846 5628 2905 5688 δὲ
2954 5631 3129 5695 θανὼν
3178 5631 3267 5688 καὶ
3311 5632 3339 5686 6
3395 5628 3664 5707 βασιλεὺς
3720 5636 3844 5689 Μα-
