4126 6294
298 366 426 430 645

1347 369 1454 429 DE
1496 367 1944 430 ANDRONICO
1986 369 2364 431 COMNENO
2403 371 2555 433 LIB.
2602 371 2653 430 ἰ.

3592 378 3713 439 646

302 498 529 575 νουὴλ),
564 501 654 556 καὶ
682 504 843 556 τοῦτο
900 499 971 563 ἐς¹
1024 500 1224 571 ήλίους
1255 499 1525 563 πολλούς.
1556 502 1687 576 Ὀψὲ
1727 498 1783 557 δὲ
1812 502 1946 576 πρὸς

2066 504 2376 571 sententia,
2409 504 2601 575 cujus,
2642 508 2706 561 ut
2751 522 2903 578 saepe
2952 505 3232 574 diximus,
3282 510 3708 567 consuetudine

304 597 418 647 τῶν
504 591 953 667 Ἱεροσολυμιτῶν
1034 588 1218 654 λυθεὶς
1298 589 1392 652 οὕς
1457 592 1708 667 φρερίοος
1769 591 1951 670 φασὶν,

309 678 467 755 ἔσχεν
493 680 705 735 εὔθετον
762 680 860 748 τήν
892 678 1028 753 πρὸς
1083 682 1184 749 τὴν
1225 676 1458 753 πατρίδα
1488 677 1772 747 ἐπάνοδον,
1831 681 1955 737 ’Λν-

306 768 560 845 δρονίκου
607 767 976 843 συναραμένου
1014 769 1152 843 πρὸς
1205 768 1272 823 τὰ
1330 765 1502 841 λύτρα
1559 767 1953 842 ὑποθημοσύνῃ

301 856 610 933 Θεοδώρας,
659 858 799 933 ᾗπερ
855 859 883 912 6
942 858 1038 931 μὲν
1106 855 1482 932 Ἀνδρόνικος,
1552 858 1627 918 ὡς
1682 856 1954 919 πολλάκις

300 946 550 1019 εἴπομεν,
583 945 932 1019 ἐπλησίαζεν,
993 947 1022 1000 6
1079 943 1126 1001 δ’
1195 945 1456 1007 Ἰσαάκιος
1507 946 1669 1008 οὗτος
1729 943 1955 1022 ἀδελφι-

298 1033 427 1099 δοῦς
456 1036 546 1104 ἦν.
600 1035 829 1109 Ἐνῆγον
890 1032 949 1090 δὲ
1006 1032 1355 1110 Ἀνδρόνικον
1416 1034 1491 1095 εἰς
1546 1034 1611 1089 τὸ
1662 1032 1958 1109 προσδεξα-

298 1128 418 1180 σθαι
470 1124 565 1178 τὸν
621 1124 886 1181 Ἰσαάκιον
943 1122 1033 1178 καὶ
1111 1130 1211 1193 τῆς
1281 1123 1513 1198 χρονίου
1591 1128 1958 1196 κατοικτεῖραι

300 1209 617 1285 ἀποδημίας
695 1213 723 1266 6
780 1209 1172 1285 Μακροδούκας
1240 1214 1638 1273 Κωνσταντῖνος
1684 1216 1753 1285 τῇ
1818 1212 1955 1287 πρὸς

305 1301 512 1376 μητρὸς
579 1301 850 1358 Ἰσαακίου
908 1301 1026 1373 θείᾳ
1083 1301 1554 1375 συνευναζόμενος,
1595 1301 1685 1355 καὶ
1739 1297 1958 1374 Ἀνδρό-

298 1411 450 1452 νικος
479 1391 507 1445 6
539 1391 745 1452 Δούκας
778 1391 1017 1461 συνήθης
1047 1387 1122 1445 ὣν
1175 1389 1235 1444 ἐκ
1289 1388 1497 1445 παίδων
1559 1390 1810 1462 Ἰσαακίῳ
1866 1389 1957 1444 καὶ

300 1483 438 1539 κατὰ
516 1484 671 1559 γένος
724 1484 874 1555 αύτῷ
946 1484 1346 1558 προσεγγίζων.
1442 1483 1616 1546 Οὗτος
1698 1482 1874 1538 τοίνυν
1927 1483 1955 1536 ὁ

302 1573 568 1637 Ἰσαάκιος
598 1570 935 1647 Ἀνδρονίκῳ
999 1578 1080 1645 τῷ
1149 1572 1365 1645 βασιλεῖ
1415 1572 1525 1651 οὐχ
1552 1572 1785 1628 ὑπείκειν
1844 1571 1954 1636 tot.

300 1661 413 1718 λων
466 1661 557 1717 καὶ
623 1664 724 1730 τήν
797 1659 1031 1734 πατρίδα
1060 1662 1140 1724 ώς
1198 1661 1251 1717 ἐν
1306 1660 1533 1734 ἅστρασι
1562 1661 1956 1735 φανταζόμενος

294 1752 382 1807 καὶ
420 1752 728 1826 συγγενείας
763 1751 798 1819 ἢ
850 1751 1129 1825 ἐρατεινῆς
1193 1749 1497 1824 ὁμηλικίας
1560 1748 1749 1805 οὐδένα
1786 1747 1955 1823 λόγον

292 1841 605 1915 τιθέμενος,
663 1837 978 1914 τυραννίδος
1073 1838 1119 1894 δ’
1181 1839 1319 1914 ἐρῶν
1376 1841 1468 1894 καί
1537 1839 1719 1914 ἀρχῆς
1775 1835 1950 1918 ἔφεσιν

289 1932 525 2009 τρέφων,
589 1930 651 1985 οὐ
713 1930 822 2000 μὴν
906 1928 1234 1985 ύποκύπτειν
1284 1929 1613 2003 ἀνεχόμενος
1662 1928 1950 2007 ἄρχουσιν,

292 2018 534 2096 ἐφοδίοις
562 2018 768 2093 χρῆται
800 2018 890 2072 καὶ
923 2018 1224 2091 συνερίθοις
1276 2023 1397 2081 τοῖς
1455 2021 1775 2094 πεμφθεῖσιν
1803 2016 1951 2090 αύτῷ

292 2108 352 2164 ἔκ
394 2108 690 2178 Βυζαντίου
749 2110 1035 2182 χρήμασιν
1093 2109 1169 2171 είς
1228 2108 1291 2162 τὸ
1355 2103 1712 2170 κακοϐούλως
1769 2108 1948 2183 ἀρχὴν

293 2199 466 2268 ἑαυτῷ
525 2198 980 2269 μνηστεύσασθαι.
1042 2197 1238 2255 Τοίνυν
1315 2199 1448 2270 μετᾶ
1503 2197 1692 2273 χειρὸς
1747 2200 1950 2272 συχνῆς

291 2285 672 2347 καταπλεύσας
703 2288 758 2348 ἒς
789 2286 1003 2360 Κύπρον
1045 2288 1111 2342 τὰ
1173 2287 1266 2361 μὶν
1322 2291 1514 2360 πρῶτα
1562 2287 1656 2341 τὸν
1723 2282 1946 2360 ἔννομον

293 2377 381 2431 καὶ
440 2376 580 2451 πρὸς
636 2374 912 2451 βασιλέως
952 2374 1359 2448 ἀπεσταλμένον
1414 2374 1682 2447 δυνάστην
1729 2378 1948 2447 ὑπεζω-

292 2467 510 2542 γράφει,
573 2461 833 2539 βασιλικὰ
888 2463 1257 2521 ὑποδεικνύων
1315 2470 1433 2528 τοῖς
1472 2465 1732 2541 Κυπρίοις
1768 2466 1947 2541 γράμ-

299 2575 463 2628 ματα,
495 2556 631 2628 ἅπερ
690 2553 850 2616 αὐτὸς
910 2553 1177 2624 συνέθετο,
1234 2555 1324 2609 καὶ
1376 2551 1629 2627 διαταγὰς
1680 2553 1946 2630 ἀναγινώ-

300 2664 441 2698 σκων
511 2643 973 2718 αύτοκρατορικάς
1058 2642 1450 2713 ἐπιπλάστους,
1528 2644 1591 2698 τὸ
1691 2643 1949 2714 ποιητέον

297 2730 459 2801 δῆθεν
535 2733 922 2805 ὑποτιθεμένας
982 2731 1195 2804 ἐκείνῳ,
1237 2733 1329 2787 καὶ
1385 2730 1565 2787 τᾶλλα
1620 2729 1946 2807 διαπραττό-

299 2842 462 2893 μενος
518 2821 621 2876 ὅσα
677 2821 728 2875 οἱ
792 2822 878 2895 ὑφ’
954 2822 1151 2895 ἑτέρων
1214 2819 1405 2895 ἄρχειν
1465 2818 1752 2895 ταχθέντες
1811 2822 1948 2895 πρὸς

298 2909 534 2982 ἀνάγκης
564 2915 738 2964 ποιεῖν
772 2906 990 2984 ἔχουσι,
1033 2911 1149 2983 μετ’
1204 2911 1269 2965 ού
1326 2908 1473 2965 πολὺ
1533 2907 1591 2964 δὲ
1617 2910 1710 2964 τὸν
1751 2930 1944 2984 τυραν-

298 3001 490 3052 νοῦντα
546 3000 1007 3074 παραγυμνώσας,
1070 3000 1161 3054 καὶ
1242 2998 1312 3069 ἥν
1383 2995 1596 3077 ἔτρεφεν
1682 2999 1943 3070 ἀπήνειαν

296 3083 628 3160 ἐκκαλύψας,
710 3089 1083 3163 ἀπανθρώπως
1161 3092 1280 3150 τοῖς
1365 3087 1478 3143 ἐκεῖ
1557 3088 1942 3166 προσφέρεται.

290 3175 389 3229 Καὶ
409 3180 680 3231 τοσοῦτον
736 3176 788 3238 ἐς
841 3178 903 3232 τὸ
958 3181 1056 3232 τοῦ
1107 3177 1279 3246 ¹ἤθους
1337 3178 1582 3249 ἀκαμπὲς
1639 3178 1726 3231 καὶ
1781 3176 1945 3250 ἀμεί-

2063 595 2356 662 utebatur,
2390 594 2484 651 hic
2513 612 2648 652 vero
2679 596 2858 651 frater
2887 596 3169 668 patruelis
3197 602 3339 654 erat.
3382 599 3457 656 Ut
3509 609 3701 660 autem

2060 684 2431 740 Andronicus
2463 684 2666 741 Isaacii
2695 701 2897 742 curam
2939 686 3261 758 susciperet
3302 705 3370 743 ac
3417 688 3703 749 diuturnas

2063 772 2192 843 ejus
2240 773 2590 844 captivitatis
2631 773 3031 830 misericordia
3062 779 3412 848 tangeretur,
3455 778 3711 837 Marem-

2066 863 2236 918 ducas
2267 861 2657 931 Constantini,
2689 864 2790 935 qui
2821 869 3190 923 materteram
3224 866 3430 923 Isaacii
3478 869 3537 925 in
3588 887 3712 928 ma-

2066 950 2339 1007 trimonio
2368 951 2642 1022 habebat,
2693 969 2869 1024 opera
2910 956 3000 1009 est
3044 954 3332 1020 effectum,
3383 961 3440 1012 et
3482 960 3711 1015 Andro-

2068 1038 2185 1096 nici
2213 1039 2382 1096 Ducas
2414 1039 2651 1112 cognati
2680 1041 2809 1111 ejus
2852 1045 2909 1097 et
2961 1041 3268 1099 familiaris
3321 1061 3356 1100 a
3401 1062 3602 1118 puero.
3659 1051 3710 1105 is

2065 1128 2245 1199 igitur
2267 1129 2527 1186 Isaccius
2557 1145 2691 1185 cum
2727 1129 3057 1186 Andronico
3090 1132 3289 1189 cedere
3320 1151 3385 1190 ac
3416 1134 3476 1190 in
3518 1136 3575 1192 in
3611 1155 3710 1208 pa-

2066 1218 2241 1273 triam
2272 1217 2458 1273 redire
2492 1218 2694 1286 nollet,
2726 1234 2831 1274 nec
2863 1217 3042 1275 ullam
3075 1221 3439 1293 cognationis
3467 1232 3561 1280 aut
3583 1243 3712 1282 sua-

2067 1307 2152 1362 vis
2182 1306 2627 1362 consuetudinis
2663 1307 2948 1364 rationem
2980 1308 3238 1377 haberet,
3271 1312 3375 1367 sed
3423 1311 3710 1384 imperare

2067 1411 2244 1466 quam
2265 1395 2509 1467 imperio
2534 1412 2729 1451 carere
2750 1395 2966 1465 mallet,
2999 1399 3253 1469 pecuniae
3278 1400 3544 1473 Byzantio
3566 1404 3710 1458 mis-

2065 1502 2142 1541 sa:
2174 1484 2454 1540 subsidiis
2484 1485 2555 1541 ad
2587 1485 2921 1557 improbum
2949 1487 3258 1543 aii‘ectandi
3304 1490 3468 1562 regni
3515 1493 3709 1549 consi-

2065 1571 2212 1627 lium
2243 1572 2532 1639 abutitur,
2564 1576 2622 1627 et
2650 1573 2836 1644 Cypro
2867 1589 3001 1629 cum
3052 1590 3265 1647 magna
3315 1594 3489 1635 manu
3532 1598 3705 1639 occu-

2068 1670 2199 1731 pata
2230 1660 2515 1732 principio
2574 1677 2636 1717 se
2693 1678 2796 1732 pro
2851 1661 3109 1732 legitimo
3161 1669 3425 1735 praetore,
3478 1671 3580 1741 qui
3633 1674 3706 1728 ab

2065 1749 2416 1820 imperatore
2452 1748 2668 1805 missus
2689 1753 2865 1817 esset,
2885 1750 3056 1821 gerit,
3080 1750 3290 1809 litteris
3313 1754 3706 1827 imperatoriis

2065 1837 2337 1906 ostensis,
2371 1854 2518 1909 quas
2548 1839 2673 1910 ipse
2717 1847 3141 1910 composuerat,
3190 1846 3248 1897 et
3287 1848 3705 1903 commentitiis

2062 1927 2356 1983 mandatis
2386 1927 2665 1994 recitatis,
2698 1943 2828 1997 quas
2857 1926 2999 1999 quid
3043 1928 3155 1999 ipsi
3205 1933 3499 2001 agendum
3546 1940 3704 1993 esset

2058 2015 2282 2072 scilicet
2324 2016 2809 2087 praescribebant;
2867 2031 2935 2072 ac
2992 2022 3199 2074 caetera
3245 2021 3382 2092 agit,
3443 2038 3571 2094 quae
3629 2025 3703 2081 iis

2061 2106 2387 2161 necessario
2428 2105 2693 2161 iacienda
2720 2109 2858 2161 sunt
2886 2106 2988 2177 qui
3016 2108 3222 2165 alienis
3252 2109 3516 2182 imperiis
3561 2115 3699 2170 sub-

2058 2199 2214 2252 sunt.
2245 2194 2460 2250 Verum
2495 2210 2610 2249 non
2646 2193 2863 2250 multos
2905 2200 3039 2267 post
3085 2212 3148 2252 se
3195 2201 3510 2270 tyrannum
3565 2219 3698 2273 pro-

2057 2282 2272 2348 fessus,
2302 2281 2506 2338 innata
2534 2281 2875 2339 crudelitate
2907 2287 3144 2354 retecta,
3183 2284 3475 2345 insulares
3522 2290 3701 2348 inhu-

2057 2370 2291 2427 manius
2320 2374 2571 2440 tractat;
2617 2386 2684 2428 ac
2724 2372 3046 2442 pertinacia
3090 2373 3424 2446 saevitiaque
3473 2386 3700 2438 tantum

2057 2464 2297 2531 superat
2323 2460 2742 2529 Andronicum,
2766 2464 3051 2531 quantum
3074 2464 3440 2524 Andronicus
3461 2474 3700 2528 czeteros

2056 2568 2148 2608 om
2159 2568 2261 2608 nes
2278 2554 2377 2623 qui
2396 2568 2656 2622 unquam
2681 2552 2774 2607 37
2786 2552 2835 2608 8
2858 2554 3163 2610 atrocitate
3182 2555 3242 2612 in
3263 2556 3460 2616 hostes
3476 2562 3702 2619 celebre

2058 2656 2271 2695 nomen
2297 2642 2596 2696 consecuti
2623 2644 2780 2695 sunt.
2815 2641 3013 2713 Neque
3061 2645 3239 2713 enim,
3290 2646 3390 2702 ubi
3441 2650 3698 2720 primum

2056 2728 2382 2800 tyrannidis
2413 2726 2794 2784 fundamenta
2833 2728 3047 2800 jecisse
3093 2730 3419 2802 videbatur,
3466 2736 3701 2795 inﬁnita

2056 2817 2418 2873 immanitate
2446 2816 2506 2872 in
2537 2816 2806 2873 subditos
2836 2818 3095 2887 grassari
3127 2819 3466 2890 desistebat,
3512 2829 3611 2882 sed
3644 2831 3701 2884 et

2055 2909 2313 2965 caedibus
2343 2908 2723 2963 innocentum
2755 2907 2813 2962 in
2845 2907 3022 2964 horas
3050 2908 3446 2980 polluebatur,
3477 2919 3535 2971 et
3584 2917 3699 2973 hu-

2057 3013 2230 3054 mana
2259 3012 2503 3067 corpora
2533 2995 2822 3052 lacerabat
2851 2999 3157 3053 tormentis
3189 2998 3248 3053 in
3277 3001 3518 3059 exitium
3549 3022 3700 3062 mor-

2053 3086 2260 3143 talium
2290 3084 2655 3156 excogitatis.
2687 3089 2974 3141 Praeterea
3020 3086 3082 3142 in
3132 3089 3355 3160 stupris
3404 3093 3729 3165 virginum'

2054 3181 2113 3233 et
2138 3176 2441 3233 adulteriis
2467 3176 2639 3232 homo
2671 3176 2928 3233 nefarius
2958 3178 3367 3252 volutabatur;
3398 3188 3456 3239 et
3500 3186 3698 3243 beatas

289 3261 475 3319 λικτον
541 3262 893 3339 Ἀνδρόνικον
953 3261 1301 3341 ὑπερέϐαλεν,
1388 3266 1516 3321 ’ὀσον
1593 3264 1749 3326 οὗτος
1813 3266 1940 3328 τοὺς

2058 3266 2275 3322 dudum
2310 3264 2565 3320 familias
2596 3264 2723 3320 sine
2755 3264 2873 3320 ullo
2904 3265 3154 3323 crimine
3183 3246 3460 3329 omnibus
3489 3273 3702 3344 opibus

283 3355 509 3409 πώποτε
594 3349 923 3424 διαϐοήτους
1008 3355 1335 3417 ἀνεπιεικεῖς
1389 3355 1465 3417 εἷς
1552 3355 1614 3410 τὸ
1673 3356 1758 3428 [Ρ.
1823 3357 1946 3428 188]

285 3443 729 3518 προσκεκρουκὸς
814 3442 1174 3519 ὑπερήλασεν.
1235 3443 1312 3501 Ού
1398 3445 1503 3518 γὰρ
1577 3442 1836 3511 διέλιπεν,
1896 3443 1945 3517 ἐξ

289 3532 417 3587 ὅτου
461 3552 563 3606 περ
623 3529 881 3608 ἀσφαλῶς
966 3531 1076 3604 ἤδη
1137 3534 1327 3611 ἄρχειν
1375 3531 1535 3605 ᾢετο,
1598 3532 1764 3606 μυρία
1818 3530 1951 3589 ἄττα

288 3620 479 3675 ἀνόσια
510 3620 600 3675 ἐπὶ
640 3625 758 3682 τοῖς
789 3621 1076 3696 οἰκήτορσι
1131 3628 1232 3690 τῆς
1290 3621 1508 3697 Κύπρου
1561 3619 1946 3697 ἐργαζόμενος.

294 3710 494 3772 Φόνοις
548 3731 607 3764 τε
663 3711 772 3784 γὰρ
825 3712 950 3775 καθ’
1010 3708 1156 3784 ὥραν
1197 3710 1459 3772 ἀναιτίοις
1494 3709 1798 3785 ἐχραίνετο,
1857 3711 1947 3766 καὶ

295 3795 571 3872 δηλήμων
660 3801 931 3870 σωμάτων
1006 3799 1361 3871 ἀνθρωπίνων
1445 3799 1673 3875 ἐγίνετο,
1760 3800 1949 3864 ποινὰς

292 3887 511 3965 ἐπάγων
568 3887 659 3942 καὶ
710 3888 978 3963 τιμωρίας
1067 3888 1156 3943 οἷά
1230 3910 1282 3943 τι
1340 3893 1635 3968 συμφορῶν
1694 3888 1944 3965 ὄργανον,

293 3978 493 4032 ὁπόσαι
540 3980 779 4053 κατῆγον
840 3977 916 4039 είς
970 3978 1219 4038 θάνατον.
1280 3978 1383 4035 Καὶ
1440 3980 1648 4042 κοίταις
1706 3976 1761 4033 δὲ
1821 3981 1945 4034 θιθε⁶

294 4067 478 4139 μίτοις
508 4065 601 4121 καὶ
633 4068 862 4143 φθοραῖς
893 4066 1168 4142 παρθένων
1231 4069 1258 4123 6
1317 4071 1629 4142 παναισχής
1681 4067 1770 4122 καὶ
1830 4067 1949 4140 ἐξά-

289 4177 483 4231 γιστος
515 4155 932 4228 ἠκολάσταινεν,
973 4156 1160 4218 ούσίας
1216 4177 1275 4211 τε
1327 4156 1537 4226 ἁπάσης
1600 4156 1728 4219 τοὺς
1769 4154 1950 4212 εὐδαί-

291 4267 465 4319 μονας
556 4246 745 4320 πρώην
813 4244 1004 4307 οἷ’κους
1070 4245 1446 4307 ἀνυπευθύνως
1528 4245 1801 4322 ἐστέρησε,
1858 4250 1947 4301 καὶ

285 4336 415 4399 τοὺς
475 4335 607 4413 χθές
663 4355 722 4390 τε
773 4335 865 4389 καὶ
920 4336 1189 4410 πρότριτα
1244 4330 1749 4408 περιϐλεπομὲνους
1787 4335 1947 4390 αὐτός

285 4427 493 4500 χθονας
551 4424 644 4479 καὶ
685 4425 821 4481 κατά
876 4428 939 4481 τὸ
1003 4425 1363 4499 πολυκτῆμον
1417 4430 1496 4498 τῷ
1548 4421 1680 4482 Ἰὼϐ
1743 4426 1946 4501 ἀντερί-

287 4520 485 4583 ζοντας
519 4510 781 4590 διαφῆκεν
829 4513 1144 4590 ἀγυρτεύειν
1178 4513 1556 4587 λιμώττοντας
1611 4514 1699 4569 καὶ
1728 4537 1942 4589 γυμνη-

2054 3355 2365 3428 spoliabat,
2398 3359 2462 3409 ut
2492 3353 2779 3425 indigena:
2812 3354 2984 3426 paulo
3004 3365 3138 3411 ante
3159 3360 3460 3431 conspicui
3485 3364 3703 3420 divitiis

2056 3444 2306 3501 famelici
2337 3451 2391 3500 et
2422 3442 2566 3499 nudi
2594 3442 2954 3510 oberrarent,
2987 3444 3035 3499 si
3089 3447 3305 3517 quibus
3353 3450 3529 3508 homo
3577 3451 3699 3510 ira-

2051 3534 2281 3590 cundus
2305 3548 2506 3589 ensem
2538 3531 2920 3591 abstinuerat.
2965 3534 3089 3603 Hei,
3125 3535 3240 3604 hei,
3289 3553 3395 3593 cur
3443 3541 3538 3595 via
3586 3543 3699 3597 im-

2052 3625 2369 3695 proborum
2401 3638 2676 3693 prospera
2707 3626 2796 3677 est
2823 3620 2851 3676 7
2880 3623 3089 3678 ﬂorent
3120 3624 3472 3683 facinorosi:
3526 3631 3696 3700 plan-

2053 3713 2191 3768 tasti
2221 3728 2319 3768 eos
2350 3714 2407 3766 et
2438 3711 2683 3766 ﬁrmasti
2709 3726 2723 3763 :
2747 3715 3126 3780 procrearunt
3146 3712 3361 3771 liberos
3382 3721 3443 3771 et
3468 3717 3694 3775 fructus

2053 3801 2331 3866 tulerunt,
2367 3804 2430 3854 ut
2462 3798 2742 3869 pr0pheta
2773 3815 2906 3853 cum
2939 3800 3184 3855 Domino
3215 3804 3558 3874 expostulat.
3592 3808 3699 3865 Illa

2053 3891 2208 3947 enim
2241 3895 2380 3943 satas
2409 3886 2568 3943 velut
2597 3886 2826 3942 aconita
2854 3888 3081 3958 genuit,
3112 3907 3238 3961 qua)
3261 3892 3458 3949 adulta
3480 3912 3595 3952 non
3622 3898 3695 3953 ad

2052 3979 2208 4035 aliud
2244 3976 2356 4033 nisi
2387 3977 2456 4031 ad
2490 3976 2861 4047 perimendos
2893 3975 3162 4034 homines
3205 3984 3261 4034 et
3308 3980 3693 4052 plurimarum

2055 4069 2290 4125 urbium
2324 4064 2614 4122 excidium
2654 4063 2982 4133 valuerunt,
3032 4083 3281 4138 quarum
3330 4071 3696 4132 dominatum

2055 4175 2156 4231 per
2188 4158 2303 4213 vim
2334 4155 2686 4211 invaserant.
2720 4153 2857 4216 Quae
2887 4170 3022 4210 cum
3056 4156 3127 4211 ad
3170 4159 3485 4217 Andronici
3528 4180 3699 4221 aures

2056 4246 2475 4321 pervenissent,
2509 4242 2660 4298 379
2718 4240 2881 4298 nullo
2928 4243 3185 4301 cohiberi
3238 4250 3412 4306 modo
3460 4253 3697 4323 potuit:

2054 4334 2156 4389 sed
2188 4333 2322 4403 quia
2353 4333 2410 4387 id
2444 4338 2653 4404 praesto
2691 4345 2819 4387 esse
2848 4330 3082 4389 videbat
3112 4338 3267 4406 quod
3307 4338 3446 4395 olim
3496 4342 3696 4399 formi-

2054 4422 2217 4478 darat
2245 4424 2493 4494 (semper
2525 4420 2683 4476 enim
2714 4418 2967 4475 litteram
3001 4422 3026 4475 Ι
3055 4431 3117 4478 ut
3147 4424 3375 4495 imperii
3410 4430 3504 4485 sui
3535 4448 3695 4487 ever-

2055 4515 2275 4571 sionem
2309 4516 2642 4583 suspectam
2693 4509 3019 4581 habuerat),
3069 4512 3357 4586 principio
3406 4520 3701 4588 quaerebat

282 4604 571 4673 τεύοντας,
611 4605 732 4658 καθ’
762 4605 901 4659 ὅσων
934 4603 1069 4666 τὲως
1105 4603 1203 4658 οὐκ
1257 4603 1534 4679 ἐχρήσατο
1601 4607 1680 4676 τῷ
1718 4605 1857 4679 ξίφει
1915 4605 1943 4660 ὁ

2060 4619 2177 4674 qua
2208 4601 2435 4656 ratione
2468 4597 2879 4669 comprehendi
2909 4603 3105 4670 posset
3147 4601 3425 4671 Isaaoius,
3472 4609 3528 4660 et
3571 4606 3697 4662 tolli

289 4692 632 4769 ἀκρόχοΛος.
667 4696 777 4747 Φεῦ
807 4698 905 4766 φεῦ
936 4693 1021 4748 ὅτι
1050 4690 1175 4752 ὁδὸς
1202 4687 1409 4748 ἀσεϐων
1429 4689 1710 4748 εύοδοῦται
1733 4694 1745 4749 l
1770 4692 1947 4764 Εὒθή-

286 4802 453 4850 νησαν
509 4779 705 4842 πάντες
764 4782 817 4835 οἱ
884 4782 1198 4843 ἀθετοῦντες
1253 4782 1587 4854 ἀθετήματα,
1618 4782 1947 4858 Ἐφύτευσας

287 4872 491 4933 αὐτοὺς
546 4871 638 4927 καὶ
726 4871 1045 4946 ἐρῥίζωσαςο
1104 4871 1525 4943 ἐτεκνοποίησαν
1584 4872 1676 4927 καὶ
1750 4871 1948 4942 ἐποίη-

288 4982 383 5015 σαν
425 4960 659 5035 καρπόν.
704 4962 886 5017 Ταῦτα
951 4958 1019 5029 δὴ
1085 4958 1120 5018 ἀ
1170 4961 1262 5016 καὶ
1302 4962 1330 5016 6
1387 4962 1693 5037 προφήτης
1739 4960 1945 5016 ἀπολο-

286 5054 468 5123 γεῖται
525 5049 924 5124 πρὸςνΚύριον
997 5047 1187 5105 λαλῶν
1237 5050 1496 5125 κρίματα.
1561 5052 1671 5106 Οἷα
1725 5051 1827 5125 γὰρ
1908 5053 1943 5121 ἡ

286 5138 417 5195 τότε
499 5140 660 5215 γενεᾶ
743 5137 960 5214 ἐξέφυσε
1017 5139 1217 5194 κώνεια
1308 5141 1444 5213 πρὸς
1530 5137 1682 5195 οὐδὲν
1762 5136 1943 5215 ἕτερον

285 5226 614 5302 ἀδρονθέντα
694 5228 730 5296 ἥ
828 5228 1053 5291 θάνατον
1135 5234 1253 5291 τοῖς
1321 5231 1790 5306 προσφερομένοις
1846 5230 1937 5285 καὶ

279 5316 563 5372 ἀπώλειαν
620 5321 729 5371 τῶν
814 5314 1086 5371 πλείστων
1145 5317 1381 5385 πόλεων,
1464 5319 1538 5372 ὧν
1595 5324 1697 5387 τῆς
1754 5319 1932 5392 ἀρχῆς

2059 4710 2090 4747 e
2121 4690 2313 4746 medio
2346 4688 2397 4745 is
2441 4706 2473 4743 a
2523 4703 2638 4759 quo
2689 4687 2929 4744 exitium
2985 4688 3334 4747 immineret.
3386 4694 3700 4750 Verebatur

2057 4782 2213 4836 enim
2245 4795 2319 4834 ne
2346 4782 2530 4850 Cypro
2561 4776 2833 4833 advectus
2865 4782 2921 4833 et
2951 4777 3222 4835 alacriter
3269 4788 3577 4856 susceptus
3626 4786 3698 4840 ab

2056 4867 2332 4925 omnibus
2363 4882 2425 4921 se
2457 4864 2790 4936 principatu
2843 4865 3199 4925 deturbaret.
3247 4870 3490 4928 Remota
3541 4872 3697 4928 enim

2058 4957 2214 5014 mala
2244 4954 2439 5010 minus
2482 4952 2728 5009 molesta
2785 4960 2925 5010 sunt
2981 4972 3158 5028 quam
3217 4960 3590 5032 propinqua;
3642 4966 3702 5019 ot

2059 5046 2212 5118 quod
2240 5045 2629 5115 exspectatur,
2660 5043 2772 5098 etsi
2803 5045 3131 5115 pessimum
3166 5048 3359 5117 fuerit,
3400 5049 3585 5107 levius
3633 5068 3700 5107 eo

2057 5134 2287 5189 ducitur
2317 5130 2472 5202 quod
2505 5133 2673 5201 urget
2701 5129 2760 5185 in
2792 5134 3122 5203 praesentia.
3156 5135 3217 5190 1d
3246 5136 3404 5194 enim
3435 5143 3523 5195 est
3554 5156 3701 5195 mor-

2057 5224 2265 5280 talium
2297 5218 2622 5292 ingenium,
2656 5221 2718 5274 ut
2746 5221 3020 5291 exiguum
3054 5224 3270 5282 doloris
3325 5224 3590 5285 levamen
3640 5228 3697 5284 in

2059 5314 2222 5369 lucro
2262 5311 2631 5380 deputemus.

278 5405 644 5477 παναθὲσμως
703 5399 988 5473 ἐπέϐησαν.
1048 5406 1233 5461 Ταῦτα
1291 5406 1368 5468 ὡς
1427 5405 1502 5467 είς
1561 5406 1730 5473 ἂκοήν
1785 5388 2025 5476 almae
2085 5394 2354 5477 βασιλέως
2413 5388 2788 5465 Ἀνδρονίκου,
2849 5395 2947 5453 οὐκ
2995 5401 3060 5469 ἦν
3117 5400 3364 5457 ὁπωσοῦν
3419 5401 3698 5471 καθεκτὸς.

280 5491 411 5549 ἀλλ’
443 5494 591 5567 ὁρῶν
620 5490 767 5563 αύτῷ
798 5493 1166 5567 ἐπερχόμενον
1196 5494 1253 5549 ὃν
1308 5492 1479 5549 πάλαι
1523 5488 1805 5571 πεφόϐητο
1864 5488 2032 5567 φόϐον
2092 5487 2180 5562 (ἦν
2237 5485 2339 5561 γὰρ
2396 5479 2749 5571 ὑφορώμενος
2790 5484 2873 5539 ἀεὶ
2932 5488 2994 5542 τὸ
3054 5487 3189 5544 ἶῶτα
3255 5488 3329 5554 ὡς
3384 5491 3484 5560 τὴν
3529 5491 3696 5546 αὖτοῦ

278 5581 605 5658 παραλῦσον
637 5580 837 5655 ἀρχὴν,
868 5579 1047 5651 ἐζήτει
1074 5582 1277 5657 τρόπον
1335 5580 1403 5638 δι’
1434 5582 1497 5638 οὗ
1528 5569 1615 5638 ἄνῆ
1646 5582 1939 5662 συλληφθῇ
1969 5578 2238 5637 Ἰσαάκιος
2271 5572 2367 5662 καί
2393 5571 2597 5662 γξνηοῇ
2628 5569 3007 5662 ἒξ-ἀνθρώπων
3042 5578 3070 5632 6
3100 5574 3292 5652 ἐκείνῳ
3320 5577 3693 5653 προσδόκιμος

276 5656 536 5747 ὄλεθρος·
573 5666 763 5724 ἐδεδίει
794 5668 894 5745 γὰρ
920 5671 1116 5743 μήπως
1148 5672 1425 5747 Κυπρόθεν
1450 5669 1824 5733 καταπλεύσας
1843 5656 2067 5726 καθελεῖ
2086 5667 2277 5721 τοῦτον
2298 5660 2395 5727 τῆς
2421 5656 2625 5730 ἀρχῆς,
2657 5657 2817 5724 εἰδὼς
2842 5662 2916 5724 ὡς
2945 5663 3191 5738 ἀσμένως
3223 5662 3691 5741 προσδεχθήσεται
