4126 6294
445 376 561 447 6n

1768 368 2079 437 NICETJE
2117 372 2546 435 CHONIA’I‘E

3707 395 3808 457 648

437 518 585 593 παρά
613 515 849 588 πάντων,
904 513 1018 569 ἐπεὶ
1073 513 1161 567 καὶ
1221 512 1283 567 τὸ
1313 510 1506 586 πορῥω
1532 509 1695 566 κακὸν
1728 511 1826 564 τοῦ
1850 505 1902 562 ἐν
1932 504 2120 581 χερσὶν
2150 501 2511 580 ἀλυπότερον,
2569 504 2659 560 καὶ
2715 510 2812 560 τοῦ
2866 503 3166 570 θλίϐοντος
3251 506 3377 585 ἄρτι
3429 517 3724 594 κουφότερον
3750 518 3806 579 τὸ

438 591 794 680 ἐΛπιζόμενον
824 602 1114 680 χείριστοψ
1147 601 1448 679 ἀγαπητῶς
1506 602 1608 677 γὰρ
1669 593 2123 673 παρακερδαίνειν
2189 592 2444 668 ἐοίκαμεν
2502 591 2779 670 ἄνθρωποι
2837 595 2929 652 καὶ
2982 599 3083 667 τὴν
3128 599 3393 678 βραχεῖαν
3426 609 3516 660 τοῦ
3537 591 3806 684 *ἀλγοῦντος

440 695 642 755 ἄνεσιν.

508 788 563 844 6.
594 786 701 842 Sed
743 800 872 841 cum
941 784 1174 839 hostem
1236 783 1538 853 absentem
1605 781 1665 836 in
1735 781 2068 851 potestatem

2265 775 2329 838 ς’.
2363 777 2452 845 Μὴ
2484 769 2629 850 ἔχων
2662 772 2708 830 δ’
2780 773 2931 838 ὅπως
2989 778 3083 833 τὸν
3140 778 3347 837 ἀπόντα
3393 780 3583 857 ἐχθρὸν
3638 792 3807 863 χειρώ.

436 891 601 933 suam
634 875 894 946 redigere
924 889 1038 929 non
1072 881 1286 944 posset,
1318 871 1408 927 ira
1435 873 1493 929 in
1547 872 1675 943 ejus
1723 868 2085 941 propinquos

435 981 731 1033 conversa,
765 978 941 1021 canes
994 964 1261 1018 imitatus
1316 962 1421 1034 qui
1466 960 1762 1016 hominem
1813 957 2083 1014 allatrare

434 1055 692 1113 contenti
723 1054 980 1126 lapidem
1012 1053 1085 1109 ab
1117 1068 1184 1108 eo
1213 1053 1536 1122 conjectum
1587 1049 1884 1106 mordicus
1934 1047 2080 1102 arri-

434 1146 625 1218 piunt,
664 1144 1066 1199 Macroducam
1098 1141 1545 1200 Constantinum
1587 1143 1645 1195 et
1687 1140 1907 1194 Ducam
1960 1139 2079 1193 An-

434 1232 740 1289 dronicum
774 1232 833 1287 in
861 1231 957 1302 jus
980 1235 1145 1287 vocat
1170 1249 1185 1299 ;
1215 1229 1313 1301 qui
1333 1229 1746 1285 conﬁrmarent
1766 1225 2075 1291 lsaacium,

431 1324 480 1379 si
515 1323 851 1394 redemptus
879 1320 940 1375 in
973 1321 1225 1392 patriam
1256 1318 1494 1388 rediret,
1521 1316 1751 1373 ﬁdelem
1783 1320 1842 1372 et
1873 1315 2075 1371 utilem

428 1412 517 1469 illi
549 1426 789 1483 operam
824 1414 1196 1466 navaturum.
1225 1407 1436 1463 Paucis
1462 1407 1669 1462 diebus
1708 1409 1837 1478 post
1894 1405 2075 1474 maje-

428 1500 598 1557 statis
628 1499 709 1556 rei
740 1499 910 1563 ﬁunt,
945 1496 1205 1570 quamvis
1238 1496 1531 1569 principes
1562 1494 1830 1550 factionis
1851 1496 2074 1550 Andro-

427 1590 543 1646 nici
576 1593 633 1645 et
663 1588 881 1645 summi
914 1586 1085 1643 amici
1110 1587 1239 1657 ejus
1264 1603 1277 1641 :
1306 1602 1440 1642 nam
1466 1585 1843 1640 Macroducas
1869 1588 2075 1656 praeter

428 1682 634 1735 cratera
662 1676 873 1741 ofﬁcia,
907 1676 1060 1732 880
1090 1675 1305 1747 quibus
1336 1674 1733 1730 Andronicum
1765 1675 2075 1729 observan-

428 1768 653 1824 tissime
682 1766 924 1834 eolebat,
955 1766 1267 1822 Theodore:
1298 1764 1501 1821 amicis
1531 1765 1660 1834 ejus
1709 1779 1967 1819 sororem
2011 1762 2070 1818 in

426 1856 801 1912 matrimonio
832 1855 1082 1911 habebat
1110 1870 1123 1909 :
1157 1853 1527 1909 Andronicus
1556 1868 1690 1908 vero
1722 1856 1933 1919 Ducas,
1963 1850 2066 1906 bo-

424 1963 519 2001 mo
551 1946 791 2018 depygis
823 1950 881 2001 et
910 1944 1184 2001 sordidus
1208 1958 1273 1999 ac
1296 1943 1584 2015 perfrictaa
1608 1940 1838 2011 frontis,
1861 1941 2066 2012 majori

422 2036 532 2091 sibi
566 2053 717 2092 cures
748 2052 877 2091 esse
909 2034 1216 2090 Andronici
1255 2031 1506 2088 salutem
1539 2047 1716 2102 quam
1749 2030 1862 2102 ipsi
1892 2031 2073 2086 simu-

2197 884 2363 935 σεται,
2395 863 2481 918 ἐπὶ
2520 864 2647 926 τοὺς
2705 863 2867 941 ἐγγὺς
2918 875 3101 942 τρεπει
3153 869 3248 924 τὸν
3307 872 3495 945 Θυμὸν,
3549 873 3724 931 ταὺτόν
3757 899 3800 933 τι

2195 951 2335 1027 δρῶν
2369 954 2398 1008 6'
2427 954 2517 1008 καὶ
2542 953 2696 1016 κὺνες
2718 952 2990 1018 πολλάκις
3014 962 3188 1012 ποιεῖν
3207 957 3445 1023 εἰώθασι·
3464 966 3556 1016 τοῦ
3577 965 3671 1038 γὰρ
3694 967 3807 1039 βάλ-

2194 1042 2387 1106 λοντος
2418 1043 2771 1121 ἀφιστάμενοι
2801 1049 2992 1101 τοῦτον
3027 1047 3121 1119 μὶν
3154 1048 3444 1121 ἀμῦνονται
3477 1051 3708 1119 ὑλακαῖς,
3732 1062 3799 1128 τῷ

2192 1129 2238 1185 δ’
2270 1132 2512 1209 ἀφεθέντι
2545 1130 2685 1206 λίθῳ
2712 1134 2841 1195 τοὺς
2869 1131 3091 1198 ὀδόντας
3157 1134 3555 1212 ἐγχρίπτουσιν.
3615 1143 3809 1216 Ἀμέλει

2187 1217 2277 1273 καὶ
2338 1219 2440 1275 ὑπὸ
2493 1221 2669 1294 κρίσιν
2726 1222 2903 1296 ¹ἢγαγε
2957 1221 3049 1277 τόν
3106 1244 3165 1278 τε
3230 1232 3373 1289 θεῖον
3432 1227 3687 1284 Ἰσακκίου
3728 1234 3807 1286 τὸν

2192 1307 2571 1383 μακροδοὺκαν
2608 1317 3026 1380 Κωνσταντῖνον,
3060 1313 3152 1368 καὶ
3187 1314 3280 1369 τὸν
3332 1315 3531 1371 Δοὺκαν
3561 1316 3810 1395 Ἀνδρόνι·

2186 1420 2304 1471 κον,
2338 1397 2390 1454 οῗ
2419 1399 2691 1469 ξυνέθεντο
2726 1401 2802 1475 μὴ
2845 1401 3071 1477 ἀχρεῖον
3105 1401 3441 1479 Ἀνδρονίκῳ
3480 1407 3546 1462 τὰ
3573 1406 3624 1470 ἐς
3651 1408 3808 1466 πίστιν

2187 1489 2417 1565 ὀφθῆναι
2446 1490 2536 1543 τὸν
2569 1491 2840 1547 Ἰσαάκιον
2872 1488 3097 1555 λυθέντα
3147 1495 3237 1548 καὶ
3289 1496 3426 1568 πρὸς
3479 1497 3574 1566 τὴν
3606 1497 3814 1571 πατρίδα

2184 1575 2625 1649 ἐπακθαζεὺξαντα.
2660 1580 2789 1635 Μετ’
2822 1578 2885 1634 οὑ
2916 1578 3130 1642 πολλὰς
3189 1578 3233 1636 δ’
3300 1581 3510 1656 ἡμέρας
3559 1585 3648 1640 καὶ
3698 1600 3807 1652 καθ-

2185 1667 2467 1721 οσιώσεσιν
2523 1668 2576 1722 οἳ
2634 1664 2822 1744 ἄνδρες
2892 1667 3208 1745 ὑπάγονται,
3276 1673 3475 1747 καίπερ
3554 1680 3658 1729 τῶν
3727 1679 3813 1740 τῆ)

2187 1752 2406 1829 μερίδος
2463 1751 2613 1818 ὄντες
2679 1752 3033 1832 Ἀνδρονίκου
3094 1760 3145 1814 οἱ
3209 1761 3331 1837 μέγ’
3401 1760 3585 1836 ἔξοχοι
3624 1762 3812 1818 πάντων

2181 1844 2399 1914 καὶτῆς
2430 1843 2667 1921 ἑταιρίας
2724 1847 2777 1901 οἱ
2805 1846 3108 1921 κράτιστοι,
3150 1848 3266 1923 ε’ἰγε
3308 1851 3338 1905 6
3376 1851 3470 1923 μὶν
3508 1849 3808 1926 Μακροδοὺ-

2179 1954 2300 2003 κας,
2332 1934 2485 1997 ἐκτὸς
2538 1938 2646 1991 τῶν
2705 1933 2893 1991 ἃλλων
2945 1935 3372 2015 φιλοφροσυνῶν
3406 1942 3498 2002 αἷς
3557 1939 3811 2014 ἐπιμελῶς

2181 2018 2531 2097 Ἀνδρόνικον
2586 2021 2897 2097 ἐθεράπευε,
2955 2028 3045 2080 καὶ
3106 2023 3318 2105 ἀδελφῇ
3392 2035 3494 2099 τῆς
3556 2027 3815 2105 Θιοδώρας

421 2124 598 2181 labat.
634 2125 795 2191 Quod
828 2124 879 2179 si
913 2121 1280 2177 Andronicus
1307 2121 1563 2193 aliquem
1585 2135 1800 2175 caecare
1821 2119 2065 2189 volebat,

2177 2111 2308 2166 κατὰ
2366 2112 2650 2187 συνάφειαν
2718 2115 3025 2189 συνήρχετο
3112 2119 3394 2192 γαμικὴν,
3453 2118 3522 2187 ἢν
3581 2121 3607 2173 6
3671 2119 3816 2192 λόγος

426 2214 620 2270 Ducas
652 2216 784 2281 iste,
817 2212 985 2285 quasi
1016 2213 1088 2267 ab
1120 2212 1388 2282 improbo
1423 2210 1522 2265 illo
1566 2209 1864 2280 magistro,
1910 2208 2078 2265 hoste

433 2302 681 2358 humani
708 2302 960 2373 generis,
992 2301 1257 2367 edoctus,
1288 2300 1462 2355 etiam
1515 2314 1727 2353 manus
1772 2297 1824 2353 ei
1867 2314 2075 2369 ampu—

439 2392 649 2447 tandas
680 2390 867 2447 autin
917 2405 1147 2445 crucem
1200 2388 1491 2461 agendum
1536 2404 1665 2444 esse
1711 2388 2074 2453 decernebat.

441 2482 747 2554 objurgato
779 2496 925 2551 saepe
976 2480 1304 2535 Andronico
1352 2483 1410 2533 et
1455 2477 1854 2534 inhumaniter
1903 2478 2076 2534 casti-

435 2575 592 2643 gate,
624 2571 777 2643 quod
809 2570 867 2624 in
894 2568 1198 2641 suppliciis
1224 2567 1528 2624 sumendis
1558 2567 1707 2623 infra
1735 2567 2073 2623 delictorum

384 2708 387 2709 ν
428 2660 791 2716 atrocitatem
823 2658 1190 2715 subsisteret.
1248 2657 1428 2729 Igitur
1469 2658 1541 2712 ad
1592 2656 1815 2712 celebre
1864 2657 2073 2712 festum

427 2751 556 2821 ejus
591 2749 701 2805 diei
736 2765 852 2821 quo
885 2747 1167 2804 memoria
1198 2746 1420 2802 reditus
1452 2746 1512 2802 in
1547 2745 1723 2802 coelos
1774 2762 1891 2802 una
1939 2762 2073 2802 cum

426 2842 731 2910 assumpto
763 2854 998 2909 corpore
1028 2835 1261 2893 Domini
1291 2841 1348 2891 et
1377 2836 1478 2893 Dei
1509 2840 1566 2891 et
1606 2835 1927 2892 Servatoris
1969 2852 2073 2892 no-

424 2927 529 2982 stri
553 2926 901 2996 celebratur,
934 2942 1137 2983 omnes
1170 2924 1343 2982 aulici
1378 2929 1442 2981 ut
1467 2924 1879 2981 denuntiatum
1926 2930 2071 2994 erat,

422 3020 832 3083 convenerunt,
859 3020 1037 3089 atque
1059 3016 1250 3071 omnis
1272 3015 1504 3087 generis
1528 3018 1586 3069 et
1611 3014 1865 3069 nationis
1889 3014 2076 3070 homi-

423 3120 528 3162 nes
558 3106 806 3162 diversis
836 3105 1148 3160 itineribus
1177 3120 1243 3160 eo
1274 3104 1704 3159 contendebant
1734 3103 1833 3158 ubi
1883 3104 2072 3176 impe-

417 3197 576 3249 rator
607 3194 1032 3249 diversabatur.
1066 3193 1203 3248 Erat
1244 3195 1436 3247 autem
1496 3195 1623 3246 tum
1682 3191 1742 3246 in
1801 3191 2069 3248 exteriori

416 3282 761 3353 Pbilopatio.
789 3283 1072 3337 Caeterum
1104 3297 1208 3351 per
1235 3296 1491 3336 errorem
1540 3281 1598 3336 in
1653 3280 2068 3352 Manganicum

409 3370 693 3440 palatium
727 3370 915 3425 factus
946 3369 1094 3425 881
1135 3373 1223 3425 est
1253 3385 1597 3439 concursus,
1652 3371 1805 3441 quod
1862 3376 1953 3427 est
2005 3372 2063 3426 in

2181 2198 2495 2263 πλειστάκις
2559 2202 2818 2275 ἱστόρηκε
2882 2203 3167 2280 γινώσκειν
3224 2205 3507 2277 ἀθεμίτυς
3562 2206 3814 2281 Ἀνδρόνι-

2179 2308 2295 2344 κον·
2357 2290 2386 2344 6
2440 2286 2497 2345 δὲ
2549 2289 2755 2354 Δοὺκας
2814 2289 3166 2366 Ἀνδρόνικος
3224 2296 3562 2371 καταπύγων
3617 2294 3689 2350 ὢν
3740 2296 3820 2351 καὶ

2177 2375 2368 2454 γλοϊὸς
2421 2380 2510 2433 καὶ
2566 2381 2667 2448 τὴν
2714 2378 2985 2436 ἀναίδειαν
3034 2379 3121 2438 ἐπὶ
3174 2387 3273 2439 τοῦ
3301 2386 3608 2459 προσώπου
3644 2381 3815 2459 προϐε-

2181 2461 2459 2540 ϐλημένος
2486 2468 2576 2524 καὶ
2602 2469 2772 2525 αὑτοῦ
2821 2467 2879 2525 δὲ
2929 2473 3012 2544 [Ρ.
3062 2474 3185 2547 189]
3218 2470 3572 2547 Ἀνδρονίκου
3628 2476 3676 2530 ἐν
3714 2481 3816 2537 τοῖς

2181 2556 2312 2631 ὑπὲρ
2373 2556 2725 2634 Ἀνδρονίκου
2783 2561 3227 2635 προμηθὲστερος
3317 2564 3458 2620 εἶναι
3521 2563 3815 2633 ἐπλάττετο,

2178 2647 2264 2703 ὅτι
2320 2650 2349 2706 6
2412 2649 2507 2724 μέν
2564 2671 2708 2713 τινος
2767 2650 3055 2726 ἐκπερονᾷν
3115 2651 3446 2730 ὀφθαλμοὺς
3498 2655 3819 2724 ἀπεφαίνετο,

2177 2741 2205 2794 6
2256 2740 2313 2800 δὲ
2344 2745 2548 2806 Δοὺκας
2576 2745 2734 2806 οὗτος
2791 2742 3166 2819 Ἀνδρόνικος,
3224 2746 3300 2810 ὠς
3362 2747 3411 2803 εί
3471 2746 3716 2811 διδακτὸς
3765 2747 3821 2815 ἦν

2174 2839 2272 2890 τοῦ
2302 2835 2544 2910 ἀρχῆθεν
2602 2833 3058 2907 ἀνθρωποκτόνου
3115 2836 3208 2889 καὶ
3263 2842 3391 2900 ταῖς
3421 2844 3531 2893 τῶν
3587 2837 3820 2912 μερόπων

2176 2924 2465 3004 χαίροντος
2534 2928 2864 3001 συμφοραῖς,
2921 2922 3012 2978 καὶ
3097 2928 3301 3000 χειρῶν
3400 2929 3827 3005 προσεψηοίζετο

2175 3015 2427 3089 στέρησιν
2467 3015 2503 3085 ἢ
2561 3010 2990 3068 ἀνασκολόπισιν
3050 3012 3444 3090 ἐγνισμάτειιε,
3506 3017 3832 3095 βλασφημῶν

2176 3102 2226 3158 ἐν
2254 3101 2491 3164 πολλοῖς
2542 3099 2895 3176 ’Δνδρόνικον
2925 3103 3015 3158 καὶ
3055 3102 3174 3158 λίαν
3233 3105 3627 3183 ἀπανθρώπως
3680 3106 3830 3162 αὑτοῦ

2172 3192 2581 3265 καθαπτόμενος
2640 3192 2715 3253 ὡς
2779 3193 2853 3265 μὴ
2895 3190 3288 3262 καταλλήλους
3345 3202 3488 3259 τοῖς
3544 3198 3824 3268 πταίσμασι

2170 3283 2267 3344 τὰς
2351 3279 2607 3344 κολάσεις
2664 3280 2988 3354 ἐπάγοντος.
3070 3282 3422 3355 Ἐπιστάσης
3496 3287 3658 3341 τοίνυν
3724 3290 3818 3352 τῆς

2172 3369 2569 3446 λαμπροτάτης
2599 3368 2690 3425 καὶ
2730 3369 2977 3443 εὐσήμου
3034 3370 3245 3446 ἡμέρας
3302 3377 3438 3439 καθ’
3477 3374 3539 3445 ἣν
3575 3376 3608 3444 ἡ
3693 3371 3818 3445 μετᾶ

416 3458 691 3514 interiore
725 3456 1066 3530 Philopatio,
1117 3461 1251 3531 post
1299 3458 1660 3514 destructum
1711 3458 1782 3514 ab
1835 3460 2055 3515 Andro-

2177 3464 2265 3516 τοῦ
2308 3457 2748 3533 προσλήμματος
2807 3457 2882 3520 εἰς
2940 3457 3198 3534 οὐρανοὺς
3237 3456 3448 3526 ἄνοδος
3499 3466 3594 3519 τοὺ
3634 3459 3823 3536 Κυρίου

416 3552 569 3608 nico.
604 3553 746 3608 Cum
796 3551 1071 3625 frequens
1125 3554 1283 3607 esset
1313 3555 1632 3607 conventus
1680 3568 1879 3607 eorum
1930 3568 2057 3608 om-

409 3640 571 3697 nium
601 3655 749 3711 quos
779 3640 983 3696 adesse
1033 3640 1301 3708 decebat,
1345 3639 1724 3696 Macroducas
1769 3644 1827 3696 et
1871 3640 2060 3698 Ducas

406 3733 616 3802 praeter
644 3729 913 3786 omnium
942 3729 1278 3801 opinionem
1313 3745 1381 3784 ex
1430 3728 1658 3786 uadibus
1706 3729 1766 3784 in
1817 3730 2060 3802 planitie

408 3819 535 3875 silis
568 3818 834 3890 producti
868 3822 925 3874 et
952 3817 1012 3873 in
1044 3817 1330 3875 vestibulo
1361 3817 1732 3891 triumphati,
1779 3822 2056 3891 tanquam

408 3910 465 3965 in
491 3910 785 3981 judicium
814 3909 1165 3980 abducendi,
1197 3913 1298 3966 aut
1332 3908 1745 3981 imperatorem
1797 3927 1828 3966 e
1879 3928 2056 3983 supe-

402 4000 554 4055 riore
578 3998 872 4057 caenaculo
897 4002 1343 4071 prospecturum
1365 4000 1569 4065 visuri,
1594 4003 1761 4071 gestu
1790 4002 2053 4072 corporis

404 4090 474 4145 ad
505 4089 847 4161 gravitatem
877 4088 1221 4144 conﬁrmato
1270 4093 1326 4144 et
1386 4087 1661 4145 manibus
1708 4089 2057 4161 suppliciter

406 4176 745 4246 compositis
777 4180 1163 4247 suspexerunt
1214 4180 1281 4231 At
1329 4177 1662 4248 Stephanus
1706 4177 2052 4250 Hagiochri-

409 4264 782 4334 stcphorites,
815 4266 912 4336 qui
942 4270 1068 4320 tum
1101 4266 1723 4338 Antichristophorites
1754 4267 1929 4339 vulgo
1959 4269 2047 4323 di-

411 4351 653 4409 cebatur
681 4353 912 4410 nomine
944 4370 1047 4426 pro
1078 4355 1337 4410 moribus
1382 4370 1496 4410 non
1546 4354 1691 4410 nihil
1739 4356 2049 4412 immutate

402 4444 547 4513 (erat
603 4444 759 4499 enim
820 4443 1377 4516 impudentissimus
1425 4445 1688 4501 omnium
1732 4445 2045 4503 Andronici

2170 3552 2261 3609 καὶ
2302 3558 2561 3626 Σωτῆρος
2604 3553 2765 3624 ἡμῶν
2826 3549 3158 3625 ἑορτάζεται,
3191 3551 3506 3628 ἀθροισμὸς
3560 3553 3619 3606 ἐκ
3667 3569 3827 3625 προσ-

2169 3641 2419 3714 κλήσεως
2474 3640 2679 3715 γίνεται
2737 3644 2846 3696 τῶν
2940 3642 3064 3718 περὶ
3119 3644 3218 3711 τὴν
3290 3642 3589 3717 βασίλειον
3646 3637 3830 3715 σχεδὸν

2172 3732 2416 3788 ἁπάντων
2451 3729 2643 3801 αὐλήν·
2705 3730 2797 3785 καὶ
2858 3731 2925 3801 ἧν
2985 3727 3075 3786 διὰ
3131 3736 3293 3787 τοῦτο
3350 3739 3478 3796 τοῖς
3526 3732 3589 3787 ἐκ
3641 3729 3829 3789 παντὸς

2167 3822 2351 3898 γένους
2380 3820 2470 3875 καὶ
2500 3814 2683 3884 ἔθνους
2711 3815 2991 3894 συνδρομή
3051 3820 3141 3875 καὶ
3195 3821 3373 3894 ὁρμὴ,
3436 3820 3566 3877 ἔνθα
3625 3822 3654 3875 6
3688 3821 3831 3895 βασι-

2168 3911 2292 3974 λεὺς
2319 3906 2667 3985 Ἀνδρόνικος
2697 3907 3034 3978 ἐνηυλίζετο’
3102 3909 3168 3978 ἦν
3225 3906 3283 3964 δὲ
3342 3910 3475 3967 τότε
3536 3909 3833 3980 πηνοὺμε-

2162 4021 2254 4062 νος
2284 3999 2419 4054 κατὰ
2468 3998 2531 4053 τὸ
2588 3994 2692 4070 ἔξω
2751 3996 3044 4072 λεγόμενον
3101 3994 3722 4072 Φιλοπάτιον.⁹Ωσπερ
3785 3992 3839 4051 δέ

2164 4084 2501 4161 παλινῳδίαν
2530 4089 2583 4142 οἱ
2623 4087 3020 4160 συνερχόμενοι
3048 4083 3289 4158 ᾅδοντες,
3348 4088 3386 4157 ἢ
3453 4086 3512 4143 ἐν
3545 4091 3630 4160 τῷ
3660 4084 3833 4154 ἄλλην

2161 4177 2375 4252 τρέχειν
2402 4173 2583 4249 ἑτέραν
2616 4171 2954 4249 βαδίζοντες,
3015 4174 3173 4253 εἶχον
3216 4174 3309 4230 τὸν
3362 4174 3710 4249 κατάντημα
3745 4178 3837 4241 τῆς

2162 4263 2295 4322 ὁδοῦ
2318 4264 2442 4340 περὶ
2475 4263 2541 4320 τὰ
2572 4262 2844 4339 λεγόμενα
2881 4267 2978 4319 τοῦ
3009 4263 3274 4341 Μαγγάνη
3307 4263 3595 4335 παλάτια,
3654 4262 3689 4319 ἄ
3751 4262 3836 4317 καὶ

2160 4356 2294 4411 αὑτά
2355 4353 2495 4411 κατά
2557 4354 2620 4410 τὸ
2674 4351 2823 4414 ἐντὸς
2881 4353 3226 4409 Φιλοπάτιον
3285 4352 3703 4427 ᾠκοδόμηντο,
3757 4351 3837 4408 ἐσ-

2159 4445 2378 4520 ύστερον
2413 4441 2460 4499 δ’
2492 4440 2837 4518 Ἀνδρόνικος
2908 4439 3261 4520 κατηδάφισε.
3324 4445 3430 4500 Καὶ
3496 4445 3623 4500 ἐπεὶ
3664 4442 3839 4499 πολυ-

400 4532 810 4590 ministrorum
842 4538 900 4589 et
925 4534 1191 4590 omnium
1224 4532 1510 4590 scelerum
1545 4533 1819 4605 sentina),
1854 4534 2047 4607 lapide

2177 4536 2441 4607 ἱνθρωπος
2470 4534 2539 4602 ἦν
2569 4535 2604 4603 ἡ
2638 4530 2972 4601 συνέλευσις,
3011 4533 3150 4587 πάνυ
3211 4533 3397 4608 μέντοι
3461 4533 3838 4609 πολυάνθρω-

397 4626 686 4696 quantum
716 4622 849 4679 vola
878 4622 1143 4695 capiebat
1176 4621 1427 4687 sublato,
1459 4626 1515 4678 et
1545 4622 1605 4676 in
1635 4621 2043 4681 Macroducam

2177 4645 2281 4692 τος,
2311 4623 2402 4679 καὶ
2432 4622 2576 4693 ἀπῆν
2621 4618 2800 4685 οὐδεὶς
2857 4622 2916 4676 δν
2973 4626 3222 4697 παρεῖναι
3282 4621 3495 4698 ἐχρῆν,
3560 4625 3841 4699 ἐξάγονται

397 4712 708 4779 destinato,
742 4711 841 4785 qui
873 4716 929 4768 et
958 4710 1247 4768 afﬁnitate
1278 4711 1688 4782 imperatorios
1717 4716 1775 4767 et
1794 4717 1959 4770 aetate
1986 4718 2043 4770 et

2177 4715 2300 4790 ταρὰ
2340 4711 2496 4784 δόξαν
2525 4715 2632 4767 τῶν
2690 4708 3118 4785 συνειλεγμένων
3174 4712 3203 4767 6
3264 4712 3483 4776 Δοὺκας
3539 4735 3607 4770 τε
3665 4713 3760 4769 καὶ
3815 4710 3841 4764 6

399 4799 778 4871 amplissimis
807 4802 1015 4872 opibus
1061 4799 1462 4866 antecellebat,
1514 4816 1718 4856 omnes
1766 4800 2038 4859 hortaba~

2177 4800 2546 4879 Ᾰακροδούκας
2577 4799 2638 4856 ἐκ
2664 4806 2774 4856 τῶν
2838 4798 2950 4856 ἐκεῖ
3009 4821 3116 4856 που
3146 4799 3420 4857 ἐπιπέδων
3473 4803 3840 4878 οἰκημάτων,

398 4891 495 4943 tur
525 4897 585 4944 ut
616 4905 791 4944 suum
823 4890 1155 4962 exemplum
1187 4889 1578 4956 imitarentur,
1614 4894 1801 4947 totum
1832 4894 2036 4949 conci-

2177 4893 2241 4949 Lat't
2270 4892 2408 4967 πρὸς
2439 4891 2538 4960 τὴν
2581 4886 2799 4944 αῧλειον
2854 4889 2930 4952 ὡς
2984 4888 3300 4965 κατάκριτοι
3358 4887 3837 4965 θριαμϐεύονται·

395 4976 543 5031 lium
578 4977 1090 5048 circumspectans,
1120 4983 1178 5036 et
1231 4980 1329 5052 qui
1382 4978 1741 5052 lapidatione
1791 4982 2044 5039 abstine-

2177 4981 2249 5037 ἰαὶ
2282 4981 2334 5036 οἱ
2369 4981 2463 5053 μὲν
2498 4980 2573 5041 ὡς
2607 4978 2712 5033 ὑπὸ
2745 4976 2902 5048 δίκην
2932 4977 3305 5053 ἀχθησόμενοι
3338 4981 3373 5051 ἣ
3444 4982 3555 5037 τὸν
3615 4979 3848 5057 βασιλέα

392 5065 495 5121 bat
524 5064 781 5121 dicteriis
810 5070 869 5121 et
912 5069 1188 5125 conviciis
1235 5072 1536 5126 incessens
1590 5074 1655 5126 ut
1699 5071 2036 5143 imperatori

2177 5070 2418 5146 ψόμενοι
2462 5072 2571 5123 τῶν
2627 5068 2890 5143 ὑπερῴων
2957 5065 3291 5124 ἐκκύπτοντα
3373 5066 3840 5141 διεσκευάζοντο,

391 5154 689 5211 inﬁdelem
721 5160 779 5211 et
821 5155 994 5227 paulo
1026 5164 1156 5229 post
1206 5158 1359 5214 idem
1405 5158 1758 5231 supplicium
1808 5161 2035 5217 subitu-

2177 5182 2260 5216 ινω
2289 5160 2357 5215 τὰ
2383 5155 2610 5234 ὄμματα
2648 5154 2891 5229 αἵροντες
2931 5157 3022 5213 καὶ
3078 5158 3158 5214 τὼ
3210 5163 3367 5239 χεῖρε
3400 5160 3566 5233 πρὸς
3627 5162 3695 5216 τὸ
3755 5159 3846 5215 τοῦ

390 5260 545 5299 rum.
579 5243 655 5301 Iis
689 5244 865 5300 minis
894 5246 1077 5302 territi
1110 5263 1314 5303 omnes
1344 5265 1484 5304 saxa
1514 5249 1572 5304 in
1604 5248 1738 5305 illos
1769 5251 2035 5321 conjece-

2177 5252 2436 5326 λχήματος
2493 5246 2689 5321 σεμνὸν
2744 5241 3193 5323 περιϐάλλοντες·
3255 5251 3284 5305 6
3324 5246 3381 5305 δὲ
3425 5253 3843 5327 Ἀγιοχριστο.

392 5335 554 5401 runt,
587 5336 653 5389 ut
682 5332 970 5406 supplicio
1000 5339 1233 5406 peracto
1265 5336 1418 5395 382
1473 5338 1530 5411 (ο
1582 5337 1916 5398 miserabile
1980 5347 2037 5399 et

2177 5338 2375 5415 »ορίτης
2406 5332 2704 5412 Στὲφανος,
2736 5336 2922 5413 δνὶκαὶ
2970 5337 3593 5414 Ἀντιχριστοφορίτην
3641 5341 3701 5396 οἱ
3729 5336 3852 5392 τότε

394 5426 738 5485 incredibile
773 5428 1186 5502 spectaculum)
1217 5430 1441 5502 lapides
1485 5431 1544 5485 in
1599 5431 1889 5488 tumulum
1937 5450 2032 5491 ex-

2177 5430 2433 5502 »νόμαζον
2468 5424 2768 5503 ἄνθρωποι,
2828 5426 2881 5489 ἐς
2935 5428 2997 5482 τὸ
3046 5426 3408 5500 κατάλληλον
3474 5433 3601 5485 τῶν
3667 5424 3844 5504 ἔργων

391 5522 717 5589 surgerent.
751 5519 794 5576 Ii
825 5534 958 5574 vero
989 5518 1204 5593 quibus
1234 5535 1451 5575 munus
1494 5519 1695 5576 datum
1745 5526 1887 5593 erat,
1933 5539 2031 5579 eos

2177 5521 2239 5590 ἠν
2271 5516 2468 5587 κλῆσιν
2505 5516 2828 5591 μετάγοντες
2863 5516 2955 5591 (ἧν
2984 5518 3086 5592 γάρ
3143 5518 3171 5573 6
3228 5522 3309 5591 τῷ
3343 5511 3472 5573 ὄντι
3505 5515 3850 5575 ἀναιδὲστα·

390 5608 585 5665 adhuc
616 5609 908 5680 spirantes
940 5610 1223 5680 sublatos,
1249 5612 1306 5665 et
1334 5610 1632 5681 tapetibus
1661 5611 1871 5682 quibus
1906 5631 2029 5669 sar-

2177 5628 2233 5670 ος
2259 5613 2368 5663 τῶν
2395 5602 2744 5681 Ἀνδρονίκου
2801 5606 3088 5681 ὑπηρετῶν
3138 5605 3229 5663 καὶ
3285 5605 3483 5676 πάσης
3542 5608 3848 5680 ἀνοσιουρ-

390 5699 534 5758 οἰηεο
567 5698 859 5757 mulorum
890 5700 1007 5772 tegi
1040 5700 1228 5757 solent
1256 5697 1568 5770 involutos,
1602 5704 1819 5758 Ducam
1851 5702 1911 5759 in
1933 5702 2031 5759 Ju-

2178 5697 2263 5760 ίας
2316 5694 2660 5767 ἀνάμεστος),
2725 5693 2878 5759 λίθον
2967 5693 3099 5771 ἄρας
3152 5692 3530 5773 χειροπληθῆ
3591 5696 3695 5755 καὶ
3753 5695 3851 5752 τοὺ
