4126 6294
269 371 392 432 649

1320 367 1422 426 DE
1465 367 1920 428 ANDRONICO
1964 367 2336 429 COMNENO
2385 369 2527 429 [ΑΒ.
2575 370 2622 428 l.

3556 376 3678 435 650

274 500 646 575 MuxpoSo'qu
695 500 1102 574 στοχασάμενος
1168 502 1264 553 τοῦ
1328 498 1418 553 καὶ
1485 500 1919 576 προφερεστάτου

2054 501 2290 556 lzeorum
2321 503 2741 574 cmmelerium,
2773 504 3179 560 Macroducam
3239 505 3301 560 in
3352 505 3520 562 littus
3557 509 3687 563 edi-

274 592 415 649 κατᾶ
443 588 614 660 κῆδος
673 588 956 662 βασιλικὸν
1006 587 1098 642 καὶ
1150 588 1212 642 τὸ
1263 589 1492 664 γεραρὸν
1547 595 1650 658 τῆς
1706 586 1931 656 ἡλικίας

277 683 369 738 καὶ
399 682 499 749 τῆν
529 682 631 733 τοῦ
687 675 933 732 πλούτου
995 676 1294 752 βαθύτητα,
1351 675 1580 751 παρῄνει
1638 681 1800 731 πᾶσιν
1859 675 1933 738 ὡς

279 793 338 834 ος
365 767 714 844 παράδειγμα
771 765 931 822 αὐτόν
977 767 1206 841 ἀφορᾷν,
1262 763 1743 842 περιϐλεπόμενος
1794 766 1934 821 ἃπα-

281 881 376 914 σαν
405 860 507 928 τὴν
536 859 809 933 ὁμήγυριν
839 855 930 910 xui
960 855 1054 910 τὸν
1114 857 1190 928 μὴ
1227 851 1595 911 λαϊϐολοῦντα
1625 853 1932 934 ἒρεσχελῶν

281 948 371 1003 καὶ
402 948 480 1011 ὡς
509 945 735 1001 ἄπιστον
765 942 821 1007 ἐς
863 942 1092 1018 βασιλέα
1122 943 1446 1019 κακολογῶν
1486 944 1575 998 καὶ
1607 945 1706 1013 τήν
1761 944 1932 1013 αὐτὴν

283 1034 581 1107 καταδίκην
616 1035 751 1108 μετὰ
786 1033 978 1108 μικρὸν
1043 1033 1342 1098 ὑποστῆναι
1407 1031 1698 1098 μέλλοντα.
1768 1035 1936 1107 Ἥραν

284 1127 376 1182 οὗν
447 1123 539 1179 διὰ
588 1124 688 1192 τῆν
748 1120 978 1191 ἀπειλήν
1031 1123 1235 1194 ταύτην
1282 1124 1310 1177 ὁ
1367 1123 1668 1197 ἆθροισμὸς
1724 1122 1934 1194 ξύμπας

283 1211 584 1292 χερμάδια,
644 1207 946 1270 κατέϐαλον
1009 1215 1118 1266 τῶν
1183 1211 1500 1285 ἀνθρώπων,
1560 1210 1791 1270 ἐλεεινὸν
1848 1211 1936 1266 καὶ

285 1305 512 1360 ἄπιστον
575 1303 714 1376 μετᾶ
766 1301 829 1356 τὸ
886 1299 1060 1362 πάθος
1127 1301 1320 1373 θέαμα,
1384 1301 1459 1363 ὡς
1529 1299 1756 1374 ἀρθῆναι
1809 1301 1937 1362 τοὺς

289 1392 480 1455 λίθους
512 1391 566 1453 ἐς
597 1388 868 1446 κολωνόν.
910 1392 1030 1446 Ἔτι
1080 1386 1125 1443 δ’
1178 1387 1506 1462 ἐμπνέοντας
1563 1388 1690 1452 τοὺς
1741 1385 1940 1461 ἄνδρας

286 1480 549 1556 ἀράμενοί
577 1499 742 1548 τινες,
800 1479 887 1539 οἷς
940 1476 1008 1532 τὰ
1060 1483 1162 1546 τῆς
1221 1476 1512 1549 ὑπηρεσίας
1554 1475 1756 1546 ταύτης
1811 1474 1941 1530 ἑπε-

282 1569 570 1644 τέτραπτο,
629 1567 720 1623 καὶ
777 1567 1012 1636 τάπησιν
1069 1563 1442 1637 ἐνειλήσαντες
1496 1563 1576 1642 ἐφ’
1607 1566 1681 1619 ὧν
1715 1565 1770 1618 ul.
1823 1569 1942 1628 τοῖς

286 1658 544 1731 ἡμιόνοις
636 1655 1010 1729 ἆνατιθέμεναι
1097 1660 1556 1730 στρωματοθῆκαι
1631 1652 1938 1724 σκέπονται,

282 1749 375 1803 τὸν
435 1748 529 1821 μὶν
585 1745 638 1808 ές
668 1746 768 1814 τήν
797 1745 1022 1820 περαίαν
1079 1741 1117 1814 ἤ
1173 1749 1291 1805 τοῖς
1333 1740 1620 1802 Ἰουδαίοις
1653 1742 1731 1804 εἰς
1762 1743 1938 1819 ταφὴν

285 1835 662 1907 άποτέτμηται
691 1831 906 1908 ἄγουσι,
935 1833 1027 1888 τὸν
1085 1829 1142 1887 δὲ
1200 1829 1598 1906 Μακροδοὺκαν
1655 1831 1791 1885 κατὰ
1839 1831 1937 1898 τήν

285 1924 660 1998 ἆντίπορθμον
691 1927 760 1996 τῇ
810 1924 950 1994 μονῇ
1002 1926 1112 1976 τῶν
1180 1920 1484 1996 Μαγγάνων
1539 1919 1940 1990 ἀποκομίζουσι

287 2010 518 2089 λοφώδη
580 2012 772 2081 ἀκτὴν,
865 2009 955 2065 καὶ
1031 2008 1551 2078 ἁνασκολοπίζονται
1620 2007 1939 2086 ἀμφότεροι.

286 2102 391 2158 Καὶ
448 2101 572 2156 τότε
627 2100 860 2174 πρώτως
943 2099 994 2154 οἱ
1053 2104 1153 2166 τῆς
1208 2098 1614 2154 Κωνσταντίνου
1674 2099 1756 2170 [Ρ.
1819 2100 1940 2170 190]

280 2189 510 2247 πολῖται
567 2189 841 2244 τεθέανται
895 2188 966 2242 τὰ
1031 2187 1119 2241 καὶ
1177 2187 1366 2248 ἀκοαῖς
1414 2186 1601 2247 αὐταῖς
1665 2183 1938 2259 δυσπαρά-

285 2277 467 2347 δεκτα,
525 2279 617 2333 καὶ
674 2279 748 2332 ὦν
807 2275 1204 2355 ἂφηγουμένων
1269 2274 1535 2351 πρότερον
1597 2269 1753 2330 ἔϐυον
1805 2273 1936 2337 τοὺς

2037 588 2179 654 tius,
2238 591 2395 661 quod
2453 600 2540 646 est
2594 609 2626 647 e
2681 592 2915 664 regione
2964 594 3253 664 Manganii
3315 597 3683 667 monasterii,

2038 678 2443 748 transvehunt,
2477 683 2651 752 atque
2710 685 3026 752 utrumque
3083 682 3232 753 palis
3291 684 3560 754 attigunt.
3607 688 3687 742 Ac

2039 770 2167 822 tum
2201 768 2458 838 primum
2507 769 2795 841 Cpolitani
2851 786 2919 825 ea
2970 787 3104 826 cum
3135 770 3288 826 luctu
3333 773 3624 842 viderunt,
3655 793 3689 831 a

2040 872 2292 926 quorum
2314 861 2870 914 commemoratione
2895 859 3060 930 prius
3074 876 3243 916 aures
3261 861 3688 935 abhorrebant;

2042 951 2216 1018 atque
2245 947 2304 1002 id
2332 947 2561 1004 facinus
2593 953 2952 1020 reputantes,
2981 951 3246 1006 attonitis
3295 951 3538 1022 similes,
3570 971 3687 1025 quo

2041 1052 2104 1091 se
2132 1040 2420 1093 verterent
2452 1038 2806 1104 nesciebant,
2866 1039 3132 1112 duplices
3191 1059 3390 1111 pcsnas
3441 1043 3690 1101 luentes.

2041 1129 2186 1181 Nam
2217 1131 2274 1182 et
2304 1125 2678 1199 popularium
2728 1129 3060 1185 calamitate
3119 1132 3506 1188 movebantur
3543 1151 3559 1203 ;
3611 1137 3691 1200 et,

2043 1215 2181 1286 quia
2211 1215 2365 1271 idem
2391 1215 2964 1288 periculumjamjam
2985 1219 3094 1274 sibi
3119 1235 3355 1291 quoque
3378 1221 3694 1277 imminere

2045 1303 2351 1374 putabant,
2382 1303 2644 1376 longiore
2691 1306 2931 1362 cruciati
2976 1307 3388 1364 efﬁciebantur
3437 1326 3616 1381 quam
3651 1309 3695 1366 ii

2044 1391 2146 1463 qui
2169 1391 2295 1462 jam
2327 1393 2386 1447 in
2417 1393 2626 1449 mediis
2656 1394 2967 1450 tormentis
2995 1401 3183 1452 erant.
3217 1397 3366 1453 Nam
3423 1398 3484 1454 bi
3547 1398 3692 1471 qui-

2044 1481 2175 1535 dem
2210 1479 2362 1536 mala
2385 1481 2584 1537 limere
2611 1481 2924 1551 desierant,
2958 1486 3221 1556 oppressi
3281 1486 3437 1542 malo
3470 1506 3485 1556 ;
3542 1487 3691 1558 quod

2046 1568 2280 1624 animus
2312 1569 2536 1640 pridem
2570 1573 2973 1643 augurabatur
3005 1572 3130 1628 :illi
3161 1590 3319 1641 vero,
3376 1577 3515 1647 quia
3571 1593 3701 1632 ma-

2045 1657 2170 1713 lum
2211 1657 2460 1715 subinde
2492 1660 2957 1730 providebant,et
2992 1662 3190 1717 futura
3213 1668 3493 1736 tanquam
3550 1681 3696 1736 prae-

2046 1745 2232 1802 sentia
2264 1747 2600 1811 cernebant,
2633 1763 2821 1818 neque
2843 1752 3016 1804 noctu
3042 1765 3315 1806 somnum
3353 1767 3561 1824 capere
3593 1767 3698 1808 nec

2048 1835 2302 1892 interdiu
2334 1835 2544 1906 quietis
2565 1836 2780 1892 animis
2808 1853 2937 1892 esse
2987 1843 3271 1910 poterant,
3331 1840 3699 1896 conscientia

2044 1923 2216 1994 quasi
2245 1923 2490 1996 ﬂagellis
2519 1926 2858 1981 excruciati.
2896 1930 3096 1998 Neque
3124 1943 3262 1983 vero
3310 1928 3348 1983 ii
3391 1928 3581 1984 solum
3615 1929 3701 1986 sic

2051 2011 2238 2068 aﬁ'ecti
2277 2021 2462 2078 erant,
2485 2014 2585 2084 qui
2609 2015 2788 2070 animi
2809 2031 3014 2086 parum
3040 2015 3212 2072 amici
3247 2033 3384 2089 erga
3402 2017 3697 2073 Androni-

2049 2116 2182 2156 cum
2216 2101 2326 2155 sibi
2359 2107 2525 2156 erant
2553 2103 2706 2158 388
2745 2103 2982 2173 conscii,
3015 2105 3140 2174 sed,
3184 2106 3338 2176 quod
3365 2105 3552 2178 magis
3583 2106 3695 2160 mi-

2048 2190 2214 2257 reris,
2270 2190 2306 2243 ii
2366 2205 2596 2262 quoque
2655 2192 2868 2263 quibus
2928 2193 3156 2249 favebat
3213 2194 3584 2251 Andronicus
3633 2199 3695 2250 et

2047 2278 2297 2333 subinde
2327 2277 2559 2350 aliquod
2592 2281 2810 2336 bonum
2846 2281 3238 2353 impertiebat.

284 2377 644 2440 ἀκουστικοὺς
702 2379 938 2454 πόρους,
994 2373 1249 2446 τηνικάδε
1301 2380 1417 2436 τοῖς
1475 2373 1784 2451 ὀφθαλμοῖς
1835 2376 2210 2450 προκειμένων
2270 2375 2728 2453 ἀπωλοφόροντο,
2784 2379 2876 2434 καὶ
2957 2380 3020 2434 τὸ
3069 2381 3310 2458 πραχθὲν
3368 2379 3693 2454 ἀναλογιζό-

289 2491 438 2544 μενοι
497 2466 791 2547 ἀμηχανίᾳ
847 2465 1185 2540 συνείχοντο,
1241 2464 1332 2519 καὶ
1385 2461 1588 2533 διπλῆν
1671 2463 1758 2518 ἐπὶ
1841 2469 1960 2526 τοῖς
2049 2464 2357 2539 γινομένοις
2443 2463 2602 2536 δίκην
2662 2467 2972 2543 ὑφίσταντο”
3033 2468 3123 2523 καὶ
3169 2474 3277 2524 τῶν
3335 2468 3694 2546 ξυμφυλετῶν

286 2560 386 2633 γὰρ
420 2556 689 2629 ἐδάμαζον
752 2553 946 2616 αὑτοὺς
998 2554 1065 2609 τὰ
1118 2555 1438 2626 παθήματα,
1489 2553 1580 2607 καὶ
1638 2552 1713 2616 εἷς
1776 2550 1971 2613 αὐτοὺς
2031 2553 2156 2607 ὅσον
2215 2552 2369 2606 οῧπω
2426 2553 2823 2627 προσπελάζειν
2883 2557 2974 2610 τὸν
3017 2553 3265 2611 κίνδυνον
3300 2558 3697 2630 φανταζόμενοι

290 2644 658 2722 χρονιωτέραν
691 2645 855 2722 εἶχον
916 2643 1017 2711 τῆν
1079 2643 1310 2715 βάσανον
1365 2647 1472 2696 τῶν
1533 2640 1585 2695 ἐν
1646 2641 1832 2713 μέσοις
1885 2638 1996 2710 ἤδη
2044 2639 2404 2716 ἐνσχεθέντων
2456 2646 2577 2704 τοῖς
2637 2643 2940 2717 ἀχθεινοῖς,
2990 2645 3108 2707 καθ’
3165 2643 3289 2698 ὅσον
3341 2645 3392 2697 0i
3449 2646 3545 2717 μὲν
3595 2652 3696 2713 τῆς

288 2740 536 2808 πονηρᾶς
591 2730 818 2793 ἐλπίδος
878 2729 1151 2805 ὑπέληγον
1205 2726 1316 2799 ἤδη
1370 2733 1466 2783 τοῦ
1524 2733 1693 2783 κακοῦ
1749 2726 2058 2791 ἐπιστάντος
2114 2729 2142 2782 ὃ
2199 2728 2371 2783 πάλαι
2426 2731 2560 2784 κατὰ
2589 2734 2712 2784 νοῦν
2746 2725 3020 2810 ἔστρεφον,
3054 2736 3170 2792 τοῖς
3227 2729 3284 2785 δὲ
3337 2732 3400 2786 τὸ
3453 2736 3691 2807 προορᾷν

289 2824 373 2879 ἀεὶ
425 2824 488 2876 τὸ
547 2819 715 2876 δεινὸν
775 2819 867 2875 xui
922 2821 986 2874 τὸ
1039 2819 1246 2872 οἳεσθαι
1299 2817 1362 2872 τὸ
1405 2815 1609 2889 μέλλον
1667 2815 1741 2878 ὡς
1801 2815 2037 2894 ἐφεστὼς
2092 2817 2184 2871 καὶ
2240 2818 2430 2878 νυκτὸς
2491 2815 2686 2894 ἂφῂρει
2737 2819 2829 2874 τὸν
2885 2819 3046 2874 ὕπνον
3101 2820 3192 2872 καὶ
3257 2820 3470 2893 ἡμέρας
3525 2818 3695 2874 πλέον

302 2912 563 2983 μάστιγος
594 2911 769 2979 πάσης
801 2906 1079 2981 ἒμυώπιζε
1134 2909 1233 2977 τῆν
1303 2903 1628 2974 συνείδησιν.
1689 2905 1794 2959 Καὶ
1849 2906 1912 2959 τὸ
1969 2907 2309 2976 καινότατον,
2358 2907 2421 2960 οὐ
2484 2907 2650 2978 μόνον
2717 2910 2864 2964 ταῦτ’
2919 2906 3158 2982 ἔπασχον
3229 2908 3514 2964 ὀπόσοιτὸ
3545 2907 3696 2964 ἔνδον

301 2999 584 3072 κριτήριον
642 2997 788 3072 εἶχον
852 2997 1184 3068 ὑποθρᾶττον
1268 2994 1343 3056 ὡς
1402 2994 1501 3048 οὐκ
1557 2993 1728 3068 ἀγαθὰ
1807 2997 1888 3064 τῷ
1943 2989 2268 3067 Ἀνδρονίκῳ
2324 2993 2580 3068 εὔχονται
2636 2995 2724 3049 καὶ
2809 2995 3186 3070 βουλεύονται,
3245 2994 3393 3051 ἀλλὰ
3447 2997 3538 3052 καὶ
3597 2999 3691 3060 οἷς

296 3090 507 3149 ἒκεῖνος
565 3086 877 3162 προσέκειτο
928 3084 1021 3140 καὶ
1073 3083 1152 3139 ἀεί
1208 3104 1355 3144 τινος
1414 3079 1694 3155 μετεδίδου
1761 3085 2028 3156 χρηστοῦ·
2083 3083 2145 3138 τὸ
2201 3083 2302 3157 γὰρ
2359 3083 2414 3146 ἐς
2469 3083 2606 3138 ἂπαν
2662 3083 2882 3140 ἄπιστον
2929 3087 3063 3155 ἦθος
3115 3085 3288 3141 καὶτὸ
3316 3093 3419 3155 τῆς
3453 3087 3684 3162 γνώμης

286 3171 640 3249 παλίμϐολον
674 3176 1043 3254 ὑφορώμενοι,
1076 3167 1154 3228 ἔτι
1181 3169 1239 3227 δὲ
1267 3172 1329 3227 τὸ
1359 3173 1494 3246 πρὸς
1525 3169 1750 3226 κόλασιν
1774 3169 2128 3243 ἑτοιμότατον
2165 3168 2556 3245 δεδιττόμενοι,
2581 3171 2695 3229 οὐδ’
2721 3174 2871 3230 οὗτοι
2900 3175 2963 3230 τὸ
2993 3178 3088 3229 τοῦ
3131 3172 3381 3230 κινδύνου
3410 3174 3502 3246 ὀξὺ
3533 3179 3680 3251 σφῶν

283 3265 460 3321 αὐτῶν
486 3263 880 3340 ἀπετρέποντο.

352 3378 532 3438 Ἀλλὰ
589 3381 693 3456 γὰρ
754 3375 895 3452 μηδέ
950 3381 1114 3433 τοῦτο
1173 3374 1578 3452 παραδραμέτω
1646 3377 1673 3430 ὁ
1735 3373 1928 3450 λόγος.
1963 3379 2012 3446 ρ

284 3469 575 3529 Αίτοῦνταί
630 3487 773 3530 τινες
832 3465 1206 3542 ’Δνδρόνικον,
1267 3469 1349 3529 οἷς
1405 3472 1572 3538 μετῆν
1617 3463 1942 3540 παρρησίας,

283 3561 351 3614 τὰ
381 3562 488 3614 τῶν
543 3556 954 3632 κρεμασθέντων
1013 3557 1397 3630 καθαιρεθῆναι
1455 3553 1700 3627 σώματα.
1759 3554 1821 3609 Ὀ
1889 3551 1948 3607 δὲ

293 3649 370 3720 μὴ
421 3643 610 3717 ἀηδῶς
662 3647 754 3701 τὸν
812 3644 980 3722 λόγον
1037 3642 1324 3717 δεξάμενος
1382 3645 1666 3718 ἠρώτησεν
1700 3643 1745 3697 εἰ
1773 3641 1946 3697 πάλαι

291 3731 578 3791 ἀπέθανον·
639 3734 731 3788 xui
787 3733 953 3807 γνοὺς
1010 3731 1070 3788 έκ
1124 3737 1232 3788 τῶν
1291 3731 1706 3806 ἀναρτησάντων
1749 3731 1948 3791 κακοὺς

291 3828 473 3886 κακῶς
504 3821 868 3897 καταστρέψαι
924 3822 1019 3877 τὸν
1079 3821 1220 3896 βίον,
1274 3819 1608 3894 συμπαθείας
1640 3820 1758 3874 εἶπε
1817 3819 1947 3880 τοὺς

293 3909 493 3986 ἂνδρας
550 3912 863 3981 καταξιοῦν,
919 3910 1011 3966 καὶ
1098 3907 1425 3982 ἐπεδάκρυσε
1491 3911 1674 3980 τούτῳ
1707 3911 1787 3978 τῷ

296 4023 453 4077 ματι,
483 4001 844 4077 ἱσχυροτέραν
905 3998 1144 4080 φάμενος
1203 3999 1337 4054 εἶναι
1387 4002 1488 4063 τῆς
1533 3997 1739 4059 οἰκείας
1769 3998 1947 4071 ὁρμης

291 4092 384 4147 καὶ
424 4093 737 4167 προθέσεως
791 4093 888 4160 τῆν
943 4095 1052 4145 τῶν
1110 4089 1294 4161 νόμων
1353 4087 1648 4162 αὐστηρίαν
1704 4085 1793 4141 καὶ
1851 4087 1946 4141 αὐ-

291 4181 524 4250 θεντίαν,
583 4181 673 4235 καὶ
711 4181 813 4250 τὴν
867 4184 974 4234 τῶν
1046 4177 1310 4233 δικαστῶν
1369 4177 1641 4253 ἀπόφασιν
1704 4177 1951 4244 ὑπερκεῖ-

291 4272 416 4325 σθαι
448 4276 548 4339 τῆς
580 4269 746 4325 αὑτοῦ
777 4269 1165 4344 προαιρέσεως,
1197 4275 1262 4321 Ὧ
1321 4263 1551 4337 δάκρυον
1604 4269 1722 4326 τοῖς
1781 4262 1952 4318 πάλαι

295 4359 394 4433 μέν
427 4359 516 4413 xui
549 4360 688 4432 ἡμῖν
718 4357 772 4412 έν
805 4360 1016 4436 συνοχῇ
1047 4360 1232 4431 ψυχῆς
1273 4355 1347 4416 ὡς
1378 4353 1439 4409 ἐκ
1492 4353 1683 4432 νέφους
1743 4347 1952 4426 ὄμϐρος

294 4454 397 4517 τῆς
428 4444 655 4522 καρδίας
685 4446 1147 4521 ἐπιψεκαζόμενον
1182 4446 1193 4500 !
1245 4439 1289 4498 ὥ
1347 4442 1528 4513 λύπης
1587 4438 1953 4519 σφοδρὸτέρας

297 4532 585 4610 σύμϐολον
615 4536 706 4591 καὶ
737 4539 846 4590 τῶν
880 4532 1030 4589 ἔνδον
1076 4532 1375 4604 πιεζόντων
1428 4533 1726 4605 τεκμήριον
1782 4527 1953 4604 ἆναμο

295 4629 585 4701 φήριστον,
617 4623 786 4680 ἐνίοτε
810 4622 867 4680 δὲ
891 4625 980 4678 καὶ
1040 4622 1145 4678 ὕπὸ
1204 4626 1379 4698 χαρᾶς
1445 4615 1869 4693 συλλειϐόμενον
1897 4639 1958 4675 τε

2124 3379 2187 3434 In
2228 3397 2404 3436 causa
2435 3385 2580 3450 erat,
2614 3383 2772 3454 quod
2804 3383 3162 3450 acerbitatis,
3195 3383 3700 3456 implacabilitatis

2059 3471 2115 3523 et
2140 3469 2366 3524 saavilias
2406 3470 2663 3526 hominis
2696 3473 2861 3542 gnari
2895 3472 3136 3538 periculi
3171 3473 3354 3528 aciem
3390 3490 3460 3529 ne
3483 3489 3544 3529 se
3570 3474 3702 3546 qui-

2058 3559 2191 3614 dem
2223 3560 2539 3617 evitnturos
2565 3563 2918 3618 metuebant.
2952 3567 3052 3619 Est
3104 3567 3163 3618 et
3209 3563 3318 3619 hoc
3378 3568 3704 3619 memoratu

2059 3648 2326 3719 dignum.
2359 3650 2605 3714 Quidam
2638 3651 2906 3707 homines
2937 3652 3094 3723 apud
3123 3652 3518 3708 Andronicum
3567 3668 3704 3723 gra-

2059 3735 2194 3791 tiosi
2225 3738 2499 3808 petebant
2530 3743 2593 3792 ut
2622 3755 3036 3809 suspensorum
3061 3756 3303 3811 corpora
3340 3739 3702 3795 tollerentur.

2062 3825 2118 3879 Is
2148 3841 2280 3880 vero
2309 3825 2380 3880 iis
2413 3825 2602 3880 verbis
2633 3844 2748 3882 non
2807 3828 3078 3893 oﬂ'ensus,
3112 3828 3336 3898 rogavit
3391 3845 3533 3884 num
3583 3827 3702 3900 pri-

2061 3914 2192 3968 dem
2226 3921 2421 3969 essent
2479 3915 2715 3969 mortui.
2776 3914 2886 3970 Ubi
2942 3932 3010 3971 ex
3067 3916 3439 3972 carnificibus
3482 3916 3704 3973 audivit

2063 4001 2244 4058 malos
2277 4001 2430 4056 male
2460 4003 2722 4074 periisse,
2755 4019 2818 4058 se
2839 4003 3032 4059 dolere
3049 4003 3226 4060 vicem
3262 4004 3499 4060 illorum
3535 4005 3699 4061 dixit.

2063 4093 2142 4147 Ac
2172 4090 2226 4145 id
2257 4089 2477 4146 dictum
2509 4089 2786 4163 lacrymis
2845 4097 3210 4164 prosecutus,
3249 4093 3466 4163 adjecit
3509 4094 3704 4165 legum

2063 4179 2427 4236 severitatem
2459 4185 2516 4235 et
2545 4180 2946 4237 auctoritatem
3009 4199 3116 4238 sua
3145 4183 3439 4239 voluntate
3484 4187 3540 4239 et
3570 4199 3701 4255 pro-

2065 4269 2253 4340 posito
2285 4269 2417 4339 plus
2439 4269 2647 4336 valere,
2678 4274 2736 4325 et
2778 4270 3049 4340 judicum
3110 4273 3432 4329 sententias
3479 4273 3704 4344 suoju-

2065 4357 2214 4412 dicio
2247 4357 2604 4430 prapollere.
2629 4357 2672 4413 Ο
2701 4357 2994 4430 lacrymaa,
3027 4377 3154 4432 qua:
3190 4365 3247 4416 et
3275 4360 3412 4416 olim
3449 4369 3503 4416 et
3533 4378 3566 4416 a
3596 4377 3704 4416 no-

2065 4446 2157 4501 bis
2190 4447 2248 4501 in
2283 4445 2465 4501 animi
2498 4463 2743 4502 maerore
2789 4448 3212 4513 fundebamini,
3256 4465 3324 4504 ex
3353 4449 3524 4503 corde
3577 4457 3708 4504 tan-

2067 4551 2242 4606 quam
2274 4535 2463 4591 imber
2521 4553 2552 4592 e
2612 4536 2870 4592 nubibus
2925 4535 3328 4592 destillantesl
3365 4553 3400 4591 o
3429 4535 3708 4606 gravioris

2067 4625 2323 4682 tristitia:
2354 4624 2544 4696 signa,
2577 4630 2634 4681 et
2665 4642 2864 4682 eorum
2899 4643 3025 4697 quas
3072 4626 3235 4680 intus
3293 4632 3501 4696 urgent
3532 4640 3707 4697 argu-

295 4717 385 4772 καὶ
435 4713 866 4788 σταλαττόμενον
927 4713 1001 4776 ὡς
1057 4710 1110 4784 ἐξ
1168 4710 1381 4789 ἀμάρας
1438 4713 1546 4766 τῶν
1624 4706 1946 4787 ὀφθαλμῶν,

2067 4718 2265 4770 menta
2302 4713 2650 4782 certissima,
2691 4715 2955 4782 quamvis
3008 4713 3325 4784 aliquando
3371 4713 3548 4768 etiam
3591 4729 3706 4784 prie

293 4805 427 4880 παρ’
459 4800 798 4878 Ἀνδρονίκῳ
854 4799 912 4857 δὲ
990 4803 1066 4875 μὴ
1130 4801 1295 4857 ταὺτὸ
1360 4803 1559 4870 σθένον,
1602 4798 1940 4874 ἀλλ’ἒτέραν

294 4894 458 4972 φύσιν
501 4893 676 4970 Λαχὸν
729 4891 822 4945 καὶ
871 4890 1257 4966 τεκμαίρεσθαι
1317 4891 1564 4966 παρέχον
1616 4885 1843 4965 ὄλεθρον
1903 4887 1954 4943 ἐν

295 4987 378 5054 τῷ
437 4981 824 5056 ἆμαρεύεσθαι,
883 4979 1054 5035 εἰπεῖν
1109 4976 1166 5035 δὲ
1208 4980 1294 5034 καὶ
1337 4980 1436 5048 τήν
1493 4975 1619 5034 ὁδὸν
1671 4976 1959 5053 έπανοῖγον

296 5073 404 5137 τῆς
437 5066 490 5130 ἐς
519 5069 817 5142 Ἀχέροντα
849 5063 1255 5135 διαπλωΐσεως,
1282 5065 1419 5121 ὅπου
1471 5066 1534 5120 τὸ
1567 5065 1774 5140 Στυγὸς
1811 5063 1956 5142 ὕδωρ

297 5157 366 5212 τὸ
423 5157 647 5232 κρυερὸν
708 5156 838 5210 ὡσεὶ
896 5154 986 5210 xui
1059 5153 1328 5232 φρικῶδες
1397 5155 1500 5209 κάκ
1559 5153 1729 5227 μόνης
1784 5153 1958 5223 ἀκοῆς

295 5245 702 5322 ἀποτρόπαιον.
760 5247 828 5300 ’Ὠ
882 5245 1067 5300 πόσων
1123 5239 1344 5306 ἔσϐεσας
1409 5245 1595 5319 κόρας,
1629 5243 1959 5317 θερμότερον

295 5333 572 5412 προχεθέν
614 5335 625 5388 ί
661 5331 706 5387 ὤ
752 5334 954 5396 πόσους
1015 5333 1090 5394 εἰς
1147 5329 1279 5403 ᾅδου
1337 5331 1639 5407 παρέσυρας
1697 5331 1959 5406 πέταυρον

298 5419 513 5499 λάϐρον
574 5419 873 5498 έπιῤῥυένί
935 5417 980 5475 ὦ
1035 5418 1237 5483 πόσους
1293 5418 1677 5480 κατέκλυσαςί
1729 5416 1774 5473 ὢ
1811 5419 1960 5482 οἳους

297 5509 504 5587 ἄνδρας
536 5509 613 5572 είς
669 5504 879 5584 τύμϐον
935 5507 1295 5584 παρέπεμψας
1349 5508 1424 5584 είς
1478 5507 1546 5564 τὰ
1608 5505 1806 5562 ὕστατα
1877 5507 1962 5562 νίς-

296 5619 446 5674 παρα
475 5595 836 5674 παραληφθὲν
866 5598 901 5667 ἢ
935 5596 1010 5658 ὠς
1047 5597 1160 5671 χρὴ
1215 5594 1498 5670 ἐπιτάφιος
1553 5594 1648 5682 ’καὶ
1681 5590 1848 5665 λοιϐή
1880 5616 1963 5659 τις

626 5717 889 5779 ΡΑτιιοι.
938 5716 1047 5776 Gn.
1095 5714 1408 5778 CXXXIX.

2056 4802 2268 4875 gaudio
2299 4817 2366 4857 ex
2397 4801 2582 4858 oculis
2608 4801 2786 4858 veluti
2836 4806 3011 4872 guttae
3058 4802 3423 4858 exuberetis!
3476 4801 3587 4857 alia
3619 4819 3708 4860 ve-

2056 4895 2177 4947 stra
2207 4895 2420 4946 natura
2449 4895 2536 4946 est
2594 4893 2746 4963 apud
2802 4891 3241 4948 Andronicum:
3292 4891 3708 4948 internecionis

2055 4979 2197 5036 estis
2229 4979 2590 5052 przenuntias,
2617 4984 2674 5035 et
2705 4980 2762 5034 in
2789 4979 3173 5037 Acherontem
3202 4985 3262 5037 et
3307 4981 3565 5055 Stygiam
3605 4998 3706 5053 pa-

2056 5067 2251 5124 ludem
2283 5068 2439 5124 884
2465 5066 2551 5123 vel
2584 5067 2712 5139 ipso
2761 5067 3001 5125 nomine
3049 5069 3460 5126 detestabilem
3508 5072 3708 5126 dema—

2059 5156 2232 5212 natis.
2265 5155 2308 5220 Q
2339 5172 2516 5228 quam
2551 5155 2868 5212 multorum
2902 5157 3154 5229 pupillas
3205 5163 3458 5215 vestrum
3502 5158 3713 5229 proﬂu-

2057 5245 2217 5300 vium
2251 5245 2525 5300 exstinxit
2559 5245 2572 5300 !
2607 5262 2639 5301 ο
2665 5262 2844 5314 quam
2879 5245 3102 5318 multps
3140 5249 3199 5302 in
3259 5251 3470 5304 Orcum
3513 5244 3713 5317 adegio

2061 5334 2168 5389 stis
2195 5333 2207 5388 l
2242 5351 2274 5389 o
2305 5338 2448 5405 quot
2478 5335 2845 5390 demersistis
2873 5334 2884 5389 l
2923 5352 2956 5391 o
2988 5335 3190 5406 quales
3219 5335 3375 5392 viros
3419 5336 3478 5390 in
3519 5333 3713 5404 sepul-

2061 5437 2228 5476 crum
2259 5421 2596 5492 conjecistis
2643 5426 2702 5479 et
2749 5421 2955 5479 ultimo
3009 5423 3235 5479 lavacro
3266 5421 3559 5489 abluistis,
3591 5423 3716 5474 tan-

2064 5525 2239 5580 quam
2271 5509 2491 5564 inferise
2523 5511 2723 5569 effusa:
2758 5514 2770 5568 l

2061 5594 2252 5664 λοίσθη
2285 5595 2574 5652 ἐκκενωθέν

3323 5715 3391 5774 2|

3321 5751 3356 5772 Ε
