4126 6294
430 355 542 416 631

1749 354 2055 416 ΝΙΟΕΤΑΞ
2095 354 2510 420 CHONIAT/E

3715 357 3842 424 652

500 495 584 549 Ad
643 494 796 549 hunc
855 492 1091 548 modum
1151 489 1495 545 Macroduca
1555 489 1934 546 Constantino
2019 505 2045 546 ε

2156 549 2159 557 _
2261 492 2360 548 Καὶ
2397 487 2504 546 ὧδε
2559 491 2655 564 μὶν
2707 491 2756 561 ἐξ
2815 491 3109 566 ἀνθρώπιον
3169 486 3320 546 ἔθετο
3371 491 3465 546 τὸν
3521 493 3848 568 Μακροδού-

429 589 590 640 Duca
621 581 952 637 Andronico
982 597 1013 634 ο
1043 577 1236 634 medio
1281 577 1550 647 sublatis,
1583 579 2045 650 quemadmodum

2189 599 2286 634 καν
2369 585 2765 636 Κιονσταντῖνον
2819 581 2910 635 καὶ
2997 583 3088 636 τὸν
3181 581 3387 636 Δούκαν
3473 580 3842 656 Ἀνδρόνικον,

427 671 794 728 remunerari
827 670 1146 726 amicorum
1179 667 1642 723 benevolentiam
1703 667 1915 724 soleret
1963 675 2082 724 An-

424 763 701 817 dronicus
731 761 1054 816 constabat.
1116 757 1240 814 Non
1294 757 1470 812 multo
1528 761 1662 828 post
1713 758 1828 813 duo
1869 758 2082 814 fratres

425 851 802 906 Sebastianos
853 849 916 904 in
975 847 1157 903 altero
1209 847 1340 902 freti
1398 846 1611 914 littore,
1639 848 1794 918 quod
1844 847 2082 902 Perama

427 941 663 1004 dicitur,
695 937 1023 1010 suspendit,
1056 937 1208 1008 quod
1245 936 1464 992 scilicet
1491 935 1620 990 vitae
1645 937 1772 1006 ejus
1813 935 2079 992 insidiati

428 1035 646 1087 essent.

497 1211 552 1266 7.
589 1209 932 1282 llujusmodi
964 1213 1140 1280 atque
1197 1207 1330 1264 aliis
1385 1207 1768 1264 deterioribus
1813 1209 1990 1264 rebus
2019 1211 2077 1264 et

421 1301 726 1374 suppliciis
760 1300 1128 1355 Andronicus
1153 1297 1402 1353 subinde
1426 1299 1844 1370 occupabatur.
1869 1299 1942 1354 At
1973 1299 2076 1354 Co-

423 1405 670 1446 muenus
703 1389 956 1458 Alexius,
1017 1387 1305 1444 Manuelis
1363 1387 1735 1458 imperatoris
1789 1403 1852 1443 ex
1898 1390 2073 1445 fratre

403 1469 687 1551 neposet
745 1477 1069 1550 pocillator,
1130 1477 1200 1532 ab
1263 1477 1594 1532 Andronico
1651 1478 1709 1532 in
1769 1477 2068 1550 Scythiam

413 1568 709 1640 relegatus
741 1574 916 1639 atque
947 1569 1081 1622 inde
1131 1567 1438 1638 profugus,
1491 1567 1765 1622 draconis
1821 1567 2070 1624 volantis

413 1659 602 1714 instar
633 1658 690 1712 in
721 1656 978 1712 Siciliam
1037 1664 1362 1726 pervectus,
1417 1655 1686 1710 Gilielmo
1745 1655 1953 1711 insulse
1985 1661 2070 1730 ty-

415 1763 598 1803 ranno
623 1746 756 1818 quis
785 1751 940 1802 esset
967 1745 1234 1816 aperuit;
1269 1751 1448 1816 atque
1506 1761 1622 1799 una
1671 1759 1805 1800 cum
1839 1745 1965 1816 ipso
1995 1763 2065 1801 ex

2187 667 2321 723 κάπὶ
2377 669 2650 732 τοιούτοις
2709 671 2864 726 οὗτοι
2935 665 3277 744 Ἀνδρόνικον
3343 667 3556 724 εἷ’δοσαν
3625 671 3845 746 ἀντιμε-

2183 757 2414 832 τροῦντά
2447 777 2594 834 σφισι
2625 757 2724 826 τῆς
2773 757 2984 820 εὐνοίας
3039 757 3108 812 τὰ
3171 756 3542 836 ὀφειλήματα⁹
3595 761 3718 832 μετ’
3775 763 3840 817 οὐ

2184 845 2329 901 πολὺ
2392 844 2451 902 δὲ
2499 848 2590 902 καὶ
2647 847 2776 910 τοὺς
2833 844 3252 910 Σεϐαστειανοὺς
3313 848 3646 922 ὁμαίμονας,
3713 847 3844 906 δυά-

2187 941 2375 1004 ζοντας
2407 937 2498 991 τὸν
2559 937 2809 1010 ἅριθμὸν,
2871 935 2924 999 ἐς
2983 938 3082 1007 τὴν
3137 937 3425 1012 ἀντιπέραν
3481 937 3688 1011 ἀναρτᾷ
3743 937 3842 996 τοῦ

2182 1031 2436 1101 πορθμοῦ
2466 1028 2526 1090 ὃς
2555 1029 2910 1099 κικλήσκεται
2971 1027 3219 1106 Πέραμα,
3277 1027 3366 1084 διὰ
3423 1031 3486 1086 τὸ
3519 1027 3685 1100 δῆθεν
3723 1031 3840 1088 ἑπι-

2183 1110 2464 1170 6ουλεύειν
2495 1117 2667 1172 αὐτοῦ
2695 1120 2764 1190 τῇ
2811 1121 2946 1192 ζωῇ.

2255 1205 2316 1272 ζ’.
2353 1202 2509 1260 Ἀλλ’
2539 1204 2590 1260 ἐν
2619 1206 2894 1270 τοιούτοις
2927 1207 3024 1279 μὶν
3075 1208 3163 1262 καὶ
3197 1207 3616 1282 παραπλησίοις
3645 1207 3843 1272 ἄλλοις

2179 1291 2269 1344 καί
2327 1291 2572 1366 χείροσιν
2631 1297 2715 1366 [Ρ.
2779 1297 2902 1367 191]
2957 1294 3058 1350 οὐκ
3113 1293 3330 1371 ὀλίγοις
3387 1295 3471 1350 ἀεὶ
3531 1295 3838 1372 ἑνηυκαίρει

2177 1377 2544 1454 Ἀνδρόνικος·
2616 1384 2644 1437 ὁ
2703 1381 2750 1437 δ’
2809 1383 2868 1438 ὲκ
2926 1385 3232 1457 Κομνηνῶν
3311 1383 3574 1456 Ἀλέξιος,
3635 1387 3696 1449 ὃς
3747 1386 3836 1442 ἐπὶ

2173 1471 2270 1523 τοῦ
2301 1469 2639 1543 κεράσματος
2663 1470 2912 1528 ἐτέτακτο
2943 1477 3024 1544 τῷ
3083 1473 3300 1548 βασιλεῖ
3327 1473 3596 1544 Μανουήλ
3635 1472 3698 1530 ἐκ
3733 1481 3834 1544 τῆς

2175 1556 2340 1612 αὐτοῦ
2401 1557 2616 1638 φύτλης
2674 1559 3034 1636 γεγενημένος
3103 1565 3188 1634 (Ex
3269 1563 3370 1638 γὰο
3427 1559 3834 1641 ἀδελφόπαιδος

2177 1645 2600 1722 προελήλυθεν),
2663 1649 2952 1725 ὑπερορίαν
3009 1651 3064 1714 ἐς
3095 1649 3222 1714 τοὺς
3255 1651 3467 1715 Σκύθας
3497 1650 3835 1727 ’Λνδρονίκῳ

2179 1739 2524 1807 κατακριθείς
2579 1737 2827 1794 κάκεῖθεν
2891 1739 3064 1816 φυγὰς
3115 1739 3429 1813 γενόμενος,
3483 1739 3630 1796 ε’ἶποι
3661 1743 3721 1796 ἃν
3747 1762 3836 1804 τις

417 1835 745 1908 Philippica
783 1835 1078 1906 provincia
1136 1835 1422 1889 oriundus
1480 1833 1790 1902 Maleinus,
1823 1834 1910 1888 vir
1955 1853 2045 1892 ItOl

2180 1819 2302 1902 ὄφις
2329 1825 2628 1898 πετόμενος
2661 1827 2738 1889 εἷς
2767 1827 3026 1883 Σικελίαν
3063 1828 3348 1902 κατέλυσε,
3381 1829 3472 1884 καὶ
3525 1835 3604 1902 τῷ
3633 1831 3836 1902 ταύτης

417 1925 635 1981 illustri
668 1925 819 1981 885
853 1941 1082 1996 genere,
1145 1939 1260 1978 non
1315 1922 1626 1994 splendida
1667 1923 1918 1989 fortuna,
1949 1941 2065 1982 non

419 2015 594 2070 rebus
625 2015 804 2086 gestis
832 2013 1046 2068 clarus.
1099 2011 1166 2067 Hi
1208 2027 1382 2083 quam
1433 2011 1612 2066 bilem
1653 2011 1822 2067 ambo
1862 2018 2068 2071 contra

419 2105 816 2160 Andronicum
853 2109 1188 2174 conceptam
1229 2102 1404 2173 longo
1457 2105 1718 2172 tempore
1777 2105 2065 2174 parturie-

417 2199 570 2260 rant,
601 2193 748 2248 alter
777 2193 1021 2247 fortasse
1053 2207 1166 2248 non
1225 2193 1352 2247 sine
1407 2207 1606 2259 causa,
1640 2192 1788 2247 alter
1829 2209 1964 2250 vero
2005 2194 2063 2251 in

422 2282 702 2337 Comneni
750 2281 1014 2353 gratiam,
1071 2285 1127 2337 et
1192 2285 1256 2334 ut
1307 2279 1502 2351 aliquo
1560 2280 1794 2336 nomine
1852 2283 2064 2354 dignus

395 2369 716 2426 videretur
743 2370 1124 2441 iisaquibus
1183 2370 1580 2442 ignorabatur,
1639 2385 1766 2424 eam
1825 2373 2060 2428 tandem

418 2471 622 2516 contra
643 2458 891 2531 patriam
925 2464 1300 2531 pepererunt,
1331 2457 1432 2513 illa
1455 2475 1568 2513 non
1603 2459 1660 2513 in
1685 2475 1884 2516 aurem
1910 2462 2062 2533 regis

413 2547 612 2616 locuti,
645 2549 746 2603 sed
770 2548 986 2619 palam,
1015 2547 1218 2602 multis
1244 2546 1643 2616 audientibus,
1680 2548 1795 2603 fere
1831 2549 2060 2621 plantas

409 2637 538 2708 ejus
562 2637 964 2692 demulcentes
987 2641 1042 2690 et
1062 2635 1281 2708 linguis
1303 2635 1430 2690 suis
1458 2636 1664 2692 canino
1713 2653 1872 2693 more
1919 2639 2057 2695 deo-

407 2728 846 2798 sculantes,non
882 2739 1012 2799 qum
1043 2727 1374 2782 Andronico
1427 2727 1690 2782 nocitura
1737 2733 1926 2798 erant,
1957 2730 2056 2785 sed

405 2835 509 2892 per
539 2837 666 2892 qua:
709 2823 1020 2892 tyrannum
1055 2817 1313 2873 Siculum
1375 2819 1446 2874 ad
1497 2819 1888 2876 Romanarum
1925 2837 2057 2891 pro-

403 2909 728 2964 vinciarum
749 2907 1134 2965 vastationem
1169 2913 1450 2978 tanquam
1508 2909 1577 2962 ad
1613 2918 1872 2979 paratam
1909 2927 2054 2980 pras-

408 2998 538 3054 dam
564 2999 945 3053 concitarent.
980 2999 1033 3052 Is
1061 3013 1194 3052 vero
1227 2997 1296 3052 iis
1329 2996 1519 3052 verbis
1540 2997 1837 3066 incitatus,
1869 3013 2053 3069 eoque

401 3087 600 3158 magis
657 3087 808 3156 quod
871 3101 1002 3140 cum
1063 3084 1436 3156 popularium
1495 3099 1734 3140 suorum
1791 3087 2054 3141 oratione

407 3175 822 3238 consentirent,
857 3173 952 3243 qui
987 3187 1116 3227 cum
1148 3173 1286 3228 olim
1339 3173 1395 3227 in
1443 3172 1570 3227 aula
1615 3173 1916 3242 Gpolitana
1947 3175 2050 3230 sti-

2173 1917 2546 1987 τυραννεύοντι
2595 1917 2880 1991 Γιλιὲλμῳ
2937 1918 3015 1982 είς
3071 1916 3198 1993 ὄψιν
3265 1918 3464 1986 ἐλθὼν,
3513 1921 3604 1976 καὶ
3643 1921 3834 1977 ἑαυτὸν

2177 2003 2326 2066 ὅστις
2357 2003 2444 2074 εἴη
2478 2013 2756 2082 καταφανῆ
2789 2007 3038 2081 θέμενος,
3099 2007 3190 2063 σὺν
3249 2009 3400 2081 αὐτῷ
3457 2006 3518 2064 δὲ
3565 2010 3652 2064 καὶ
3687 2012 3716 2065 ὁ
3773 2009 3834 2066 ἐκ

2174 2097 2274 2162 τῆς
2309 2093 2593 2150 Φιλίππου
2651 2095 2920 2172 ἐπαρχίας
2979 2099 3303 2172 ὁρμώμενος
3344 2099 3638 2167 Μαλεῖνος,
3687 2099 3828 2175 ἀνὴρ

2173 2181 2236 2236 οὗ
2266 2181 2510 2258 τὸγένος
2569 2184 2860 2259 ἐπίσημος,
2915 2187 2978 2241 οὐ
3034 2189 3132 2256 τήν
3191 2187 3368 2263 τύχην
3425 2187 3700 2264 λαμπρὸς,
3761 2190 3827 2244 οὗ

2171 2275 2452 2347 γνώριμος
2480 2275 2541 2329 τὸ
2571 2273 2932 2348 ἐπιτήδευμα,
2984 2275 3040 2330 δν
3097 2271 3394 2332 συνέλαϐον
3453 2275 3618 2354 ἄμφω
3649 2277 3828 2357 χόλον

2171 2362 2258 2415 καὶ
2293 2359 2488 2418 ὢδινον
2519 2362 2607 2418 ἐπὶ
2637 2362 2900 2420 πλεῖστον
2929 2367 3046 2422 κατ’
3105 2365 3474 2441 Ἀνδρονίκου,
3505 2368 3535 2422 ὁ
3589 2369 3682 2441 μὶν
3731 2370 3822 2426 καὶ

2173 2447 2396 2514 δικαίως
2426 2452 2563 2515 ’ἰσως
2595 2453 2932 2529 ἐπεγκαλῶν,
2965 2456 2995 2509 ὁ
3027 2453 3084 2510 δὲ
3108 2454 3378 2518 Μαλεῖνος
3420 2460 3500 2528 τῷ
3547 2462 3828 2530 Κόμνν,νῷ

2171 2541 2534 2615 χαριζόμενος
2562 2543 2652 2598 καὶ
2685 2543 2868 2600 δοκεῖν
2925 2565 3007 2607 τις
3059 2546 3192 2600 εἶναι
3249 2551 3358 2602 τῶν
3413 2543 3600 2608 αἰδοῦς
3667 2547 3830 2618 ἀξίων

2167 2631 2313 2705 παρὰ
2341 2637 2456 2694 τοῖς
2489 2632 2592 2688 οὐκ
2649 2631 2822 2689 εἰδόσι
2875 2638 3421 2711 πραγματευόμενος,
3463 2642 3660 2694 τοῦτον
3691 2641 3826 2694 κατὰ

2163 2721 2263 2788 τῆς
2329 2720 2591 2796 πατρίδος
2651 2723 2930 2794 ἀπέτεκον,
2989 2725 3166 2781 ἐκεῖνα
3247 2727 3322 2798 μὴ
3381 2727 3519 2801 πρὸς
3577 2728 3672 2782 οὖν
3731 2733 3828 2784 τοῦ

2167 2809 2360 2884 ῥηγὸς,
2420 2809 2550 2866 ἀλλ’
2605 2811 2694 2868 ἐπὶ
2745 2812 2974 2869 πολλων
3005 2813 3437 2890 εὐπαρακλήτως
3479 2813 3824 2887 λαλήσαντες

2165 2896 2218 2952 ἐν
2251 2903 2332 2970 τῷ
2369 2905 2568 2974 μικροῦ
2597 2906 2706 2956 τῶν
2739 2901 2945 2958 ἐκείνου
3001 2901 3186 2959 ποδῶν
3245 2905 3313 2958 τὰ
3367 2902 3628 2978 πέλματα
3657 2927 3826 2963 κατα-

2164 2989 2264 3060 ψᾷν
2295 2985 2384 3042 καὶ
2425 2989 2657 3060 κυνηδὸν
2717 2997 2833 3054 ταῖς
2893 2993 3094 3048 ἑαυτῶν
3149 2992 3426 3068 γλώτταις
3472 2994 3824 3074 περιλιχμά-

2163 3081 2294 3144 ζειν,
2329 3079 2441 3152 οὐχ
2483 3077 2638 3142 ὅσοις
2691 3085 2872 3142 κακῶς
2927 3083 3115 3136 παθεῖν
3153 3079 3814 3160 Ἀνδρόνικοςὲμελλεν,

2157 3162 2286 3218 ἀλλ’
2319 3167 2403 3228 οἷς
2455 3165 2532 3230 ὡς
2583 3167 2668 3222 ἐπὶ
2723 3169 2943 3244 θήραμα
2997 3171 3296 3246 πρόχειρον
3323 3173 3422 3240 τήν
3451 3172 3656 3228 ἅλωσιν
3695 3179 3810 3230 τῶν

408 3263 622 3334 pendis
647 3267 956 3328 mererent,
989 3266 1105 3314 tum
1155 3261 1458 3315 Andronici
1508 3265 1666 3316 metu
1697 3265 1754 3316 et
1784 3262 2045 3333 neglectu

2161 3259 2485 3326 Ῥωμαϊκῶν
2544 3263 2744 3332 χωρῶν
2789 3256 3098 3332 διερεθίσειν
3157 3262 3314 3336 εἶχὸν
3369 3263 3461 3317 τὸν
3513 3265 3618 3316 τῶν
3648 3269 3806 3318 Σικε-

405 3351 514 3418 sui,
549 3351 648 3405 alii
693 3350 808 3404 alio
865 3348 1138 3420 dispersi,
1197 3352 1394 3404 eadem
1447 3365 1596 3420 saepe
1653 3350 1936 3418 dixerant,
1995 3355 2053 3407 et

405 3440 600 3512 copias
631 3455 779 3511 quas
811 3439 1062 3494 habebat
1081 3437 1290 3509 coegit,
1323 3443 1379 3492 et
1423 3439 1657 3510 magnis
1710 3440 2046 3512 stipendiis,

403 3528 725 3599 majoribus
749 3525 1057 3599 promissis
1105 3531 1224 3582 tam
1279 3527 1636 3597 pedestrium
1663 3543 1840 3598 quam
1871 3543 2047 3599 eque-

400 3619 609 3674 strium
641 3615 992 3673 auxiliorum
1025 3615 1214 3670 multa
1258 3613 1444 3670 millia
1490 3616 1716 3672 accivit.
1777 3617 2044 3674 Peditatu

397 3706 778 3778 Dyrrachium
815 3706 1054 3774 trajecta
1088 3704 1290 3760 urbem
1351 3706 1540 3776 primo
1599 3705 1820 3775 impetu
1866 3707 2040 3778 capit.

395 3798 712 3854 Navalibus
735 3797 920 3867 copiis
961 3801 1116 3852 recta
1167 3795 1225 3849 in
1285 3795 1863 3852 Thessalonicensem
1907 3813 2039 3868 por-

393 3891 520 3942 tum
553 3886 1124 3956 delatisinterjectas
1156 3885 1310 3942 386
1367 3886 1636 3956 regiones
1685 3886 1742 3940 in
1799 3886 2038 3944 deditio-

373 3991 522 4032 .nem
546 3975 786 4047 accepit,
819 3973 1302 4030 Thessalonicam
1334 3991 1468 4028 vero
1499 3973 1783 4030 illustrem
1831 3976 2034 4032 urbem

391 4069 546 4120 terra
576 4064 838 4134 marique
873 4063 1172 4118 obsessam
1195 4077 1408 4118 corona
1435 4063 1604 4134 cepit,
1635 4080 1701 4118 ac
1737 4073 1864 4134 post
1911 4065 2034 4122 dies

385 4153 611 4222 aliquot
637 4151 964 4206 obsidionis
1023 4151 1342 4206 exercitum
1397 4151 1740 4220 introduxit,
1773 4168 1838 4208 eo
1895 4169 2034 4209 suc-

387 4257 554 4297 cessu
579 4257 691 4296 non
717 4245 836 4295 tam
863 4241 934 4295 ob
951 4240 1328 4296 defensorum
1353 4240 1723 4296 timiditatem
1757 4247 1814 4297 et
1843 4241 2030 4313 impe-

383 4329 578 4385 ritiam
611 4330 692 4385 rei
737 4329 1007 4384 militaris
1062 4346 1236 4400 quam
1295 4329 1368 4384 ob
1427 4328 1666 4385 Davidis
1725 4329 2027 4399 Comneni,

377 4419 632 4490 praefecti
665 4418 850 4488 urbis,
881 4418 1180 4490 ignaviam
1213 4434 1378 4474 usus.
1413 4417 1522 4480 Qui
1553 4433 1686 4472 cum
1723 4417 2030 4476 Thessalo-

373 4508 715 4564 nicensibus
738 4506 884 4564 nihil
915 4507 1331 4576 commodaret,
1391 4506 1492 4561 sed
1555 4506 1865 4562 metuendo
1897 4511 2017 4562 An-

2159 3339 2271 3396 λῶν
2299 3344 2663 3414 τύραννον.”0
2721 3343 2779 3402 δὲ
2834 3353 2950 3410 τοῖς
3006 3348 3214 3404 τούτων
3277 3348 3463 3425 λόγοις
3513 3349 3801 3427 ἀναῤῥιπι-

2157 3431 2323 3502 σθεὶς,
2354 3433 2444 3488 καὶ
2475 3431 2665 3498 ἄλλως
2730 3431 2875 3512 ἔχων
2929 3436 3210 3516 ἀναφέρειν
3263 3439 3331 3494 τὰ
3389 3436 3690 3514 ἔπᾳδόμενα
3748 3440 3808 3504 ἒς

2153 3520 2216 3575 τὸ
2285 3519 2574 3597 σύμφωνόν
2631 3545 2690 3580 τε
2745 3525 2836 3580 καὶ
2891 3524 3296 3602 ταυτοδύναμον
3353 3531 3436 3590 οἷς
3492 3529 3582 3584 καὶ
3659 3533 3814 3608 παρὰ

2153 3615 2488 3685 ταυτογενῶν
2575 3610 2763 3685 ἐκείνῳ
2877 3615 3118 3670 Λατίνιον
3199 3613 3472 3678 πολλάκις
3529 3617 3733 3690 ἀκήκοε
3792 3665 3809 3690 ,

2149 3695 2321 3752 πάλαι
2371 3699 2468 3772 μὲν
2529 3699 2616 3756 ἐπὶ
2679 3705 2860 3774 μισθῷ
2917 3703 3179 3760 συνόντων
3210 3705 3506 3779 Ῥωμαίοις
3561 3706 3654 3764 καὶ
3709 3709 3816 3778 τὴν

2147 3785 2616 3864 αὐτοκρατορικὴν
2685 3787 3046 3866 ἐπιτριϐόντων
3085 3791 3330 3866 αὔλειον,
3388 3797 3516 3852 τότε
3573 3795 3630 3852 δὲ
3692 3796 3813 3854 δια-

2147 3877 2451 3952 σπαρέντων
2539 3879 2726 3936 ἄλλων
2795 3881 2998 3938 ἄλλοσε
3092 3881 3182 3940 διὰ
3232 3889 3322 3942 τὸν
3413 3887 3560 3963 παρᾶ
3617 3889 3806 3968 σφίσιν

2143 3964 2450 4040 ἀτεράμονα
2533 3973 2623 4025 καὶ
2707 3971 2963 4046 ἄτεγκτον
3056 3974 3400 4050 ’Δνδρόνικον
3461 3979 3552 4032 καὶ
3609 3980 3674 4033 τὸ
3747 3977 3808 4051 ἐξ

2141 4055 2305 4110 αὐτοῦ
2335 4055 2553 4130 ἀκηδὶς,
2610 4061 2706 4124 τάς
2772 4082 2828 4116 τε
2889 4059 3051 4127 οὔσας
3103 4061 3410 4139 πολεμικὰς
3451 4063 3706 4142 δυνάμεις
3743 4067 3808 4133 ἐς

2136 4144 2199 4198 τὸ
2231 4143 2514 4222 ἐπικρατὲς
2545 4143 2837 4220 διατίθησι,
2896 4153 2986 4206 καὶ
3041 4153 3103 4208 τὸ
3161 4153 3507 4232 ξενολογικὸν
3563 4157 3624 4212 ἐκ
3651 4156 3804 4214 πολ-

2139 4231 2250 4288 λῶν
2285 4235 2528 4292 ὁπλιτῶν
2579 4238 2874 4315 ἀποκρίνας
2929 4242 3020 4298 καὶ
3079 4241 3267 4320 ἀδροῖς
3325 4231 3524 4322 ἐπάρας
3587 4250 3803 4320 μισθώ-

2137 4343 2271 4413 μασι
2311 4325 2422 4413 -καὶ
2483 4329 2696 4400 μείζοσι
2763 4333 3008 4404 φυσήσας
3065 4338 3187 4396 τοῖς
3273 4334 3683 4413 ἐπαγγέλμασιν
3743 4337 3808 4403 ἐς

2135 4409 2397 4490 χιλιάδας
2427 4417 2526 4485 τὴν
2557 4415 2727 4474 ἵππον
2765 4424 3116 4496 καταριθμεῖ.
3179 4423 3281 4480 Καὶ
3337 4409 3439 4494 τὴᾴ
3463 4409 3466 4412 ’
3493 4425 3590 4498 μὶν
3621 4430 3802 4499 πεζὴν

2136 4503 2384 4588 στρατιάν
2471 4503 2528 4568 ἐς
2609 4505 2941 4582 Ἐπίδαμνον
3028 4505 3346 4576 διαϐιϐάσας
3429 4515 3520 4570 καὶ
3589 4513 3808 4588 ταύτην

369 4597 609 4654 dronico
669 4601 728 4654 et
787 4596 1124 4653 crudelibus
1191 4595 1320 4665 ejus
1399 4593 1674 4650 manibus
1745 4595 2017 4651 cavendis

2161 4586 2377 4646 ὀτοϐοεί
2415 4595 2728 4670 κατασχὼν,
2755 4599 2854 4668 τήν
2915 4595 2974 4654 δὲ
3019 4602 3280 4672 ναυτικὴν
3341 4599 3570 4678 δύναμιν
3631 4605 3802 4670 εὐθυς

370 4687 885 4759 ingeniosissimus
915 4690 1094 4752 esset,
1125 4689 1230 4740 aut
1259 4684 1473 4740 ﬂuctus
1507 4684 1765 4740 marinos
1797 4685 2015 4750 subire,

367 4780 469 4830 aut
497 4779 568 4831 de
598 4777 846 4832 summis
877 4775 1122 4845 rupibus
1152 4789 1210 4829 se
1245 4773 1596 4844 praecipitem
1619 4773 1780 4843 dare,
1813 4778 1916 4828 aut
1955 4773 2012 4828 in

2127 4676 2448 4768 πλοιςσασαν
2499 4684 2650 4758 σχὼν
2711 4683 2764 4748 ἐς
2819 4687 2888 4742 τὰ
2942 4695 3044 4758 τῆς
3109 4676 3508 4762 Θεσσαλονίκης
3557 4691 3796 4768 ἐπίνεια,

2123 4769 2218 4830 τὰς
2253 4767 2304 4824 ἐν
2335 4773 2414 4841 τῷ
2445 4771 2642 4844 μεταξὺ
2704 4773 2890 4848 χώρας
2946 4775 3226 4854 ὁμολογίᾳ
3289 4778 3450 4855 αἱρεῖ.
3491 4784 3668 4855 Ὁμοῦ

367 4863 666 4917 montibus
695 4871 752 4918 et
787 4862 1082 4932 speluncis
1141 4863 1376 4930 abdere,
1445 4870 1544 4918 aut
1589 4862 1820 4934 fugitivi
1855 4861 2014 4918 illius

2157 4861 2231 4912 ὧν
2273 4859 2688 4932 στρατευμάτων
2743 4865 2879 4918 κατά
2933 4885 2991 4920 τε
3047 4873 3147 4942 γῆν
3211 4870 3346 4924 κατά
3389 4889 3449 4925 τε
3505 4868 3786 4934 θάλατταν

363 4949 658 5019 prophetae
709 4951 976 5021 exemplo
1043 4967 1078 5006 a
1135 4953 1260 5007 ceto
1342 4949 1616 5022 deglutiri
1693 4949 2010 5006 debuisset.

367 5039 577 5096 Verum
611 5039 706 5094 ille
740 5041 946 5096 horum
979 5039 1124 5096 nihil
1179 5041 1334 5108 fecit,
1367 5041 1472 5096 sed
1518 5040 1674 5097 malo
1697 5039 2010 5097 Thessalo-

357 5127 690 5185 nicensium
725 5127 840 5184 fato
877 5127 1034 5184 urbis
1066 5129 1468 5200 praefecturam
1528 5145 1727 5200 parum
1767 5129 2008 5186 honeste

360 5217 716 5288 adeptus,vir
745 5217 990 5274 muliere
1019 5220 1352 5290 corruptior
1379 5224 1439 5276 et
1489 5219 1676 5276 cervis
1724 5217 2004 5288 timidior,

355 5312 582 5362 tantum
615 5325 728 5364 non
760 5323 860 5364 eos
891 5324 924 5362 a
951 5305 1169 5378 quibus
1201 5314 1258 5364 et
1285 5309 1411 5380 ipse
1431 5309 1654 5365 eturbs
1701 5313 2006 5380 caperetur

352 5398 523 5468 longe
554 5397 748 5454 adhuc
779 5402 1033 5452 remotos
1065 5399 1360 5453 accersivit
1391 5415 1405 5454 :
1449 5403 1622 5469 atque
1669 5398 1728 5454 in
1777 5397 1838 5452 id
1865 5415 2004 5470 ope-

349 5503 472 5542 ram
509 5485 661 5542 ultro
695 5487 872 5554 dedit,
901 5491 966 5540 ut
1009 5485 1066 5540 in
1124 5501 1323 5542 eorum
1385 5503 1596 5544 manus
1653 5488 1997 5558 perveniret.

2120 4947 2220 5016 τὴν
2255 4943 2514 5022 λαμπρὰν
2583 4947 2634 5004 ἐν
2703 4951 2898 5008 πόλεσι
2955 4954 3356 5028 Θεσσαλονίκην
3393 4953 3786 5016 διαλαϐόντων

2123 5031 2288 5124 μίτρᾳ
2316 5035 2509 5124 ’ξΔρεος
2539 5037 2630 5093 καὶ
2676 5035 3078 5114 διαζωσάντων,
3139 5043 3285 5101 ἑάλω
3343 5047 3482 5119 αὕτη
3539 5057 3786 5124 πολιορ-

2117 5121 2208 5212 κία
2251 5123 2361 5212 καὶῗ
2401 5123 2530 5182 ε’ίσιο
2587 5129 2708 5201 μεθ’
2763 5130 2974 5206 ἡμέρας
3050 5131 3269 5212 δέχεται
3355 5133 3420 5190 τὸ
3471 5121 3780 5212 πολέμιον,

2117 5208 2309 5268 οὔκουν
2344 5211 2434 5270 διὰ
2460 5213 2522 5270 τὸ
2563 5221 2670 5272 τῶν
2727 5215 2877 5276 ἔνδον
2931 5208 3289 5297 ἀμυνομένων
3335 5208 3660 5300 ἆπάλαμνόν
3713 5249 3786 5284 τε

2117 5299 2208 5359 καὶ
2239 5302 2643 5392 ἀπειρόμαχον,
2675 5309 2774 5379 τήν
2806 5305 2866 5364 δὲ
2897 5308 3170 5384 μαλακίαν
3203 5311 3417 5386 μᾶλλον
3447 5299 3548 5372 τοῦ
3577 5336 3786 5392 στρατ-

2105 5395 2380 5482 -ῃγοῦντος
2412 5387 2578 5448 Δαϐὶδ
2607 5399 2704 5451 τοῦ
2750 5395 2811 5452 ἐκ
2863 5401 3182 5473 Κομνηνῶν.
3227 5403 3402 5465 Οὗτος
3459 5403 3564 5482 γὰρ
3593 5387 3656 5467 ἐς
3681 5403 3788 5460 οὗ·

2112 5479 2194 5537 δέν
2256 5482 2538 5560 χρήσιμος
2592 5490 2710 5550 τοῖς
2759 5487 3237 5546 θεσσαλονικεῦσιν
3293 5479 3504 5569 ὀφθεὶς,
3575 5489 3788 5564 δεξιώ-

345 5575 490 5632 Nam
526 5592 659 5631 cum
689 5576 1072 5650 pugnandum
1107 5585 1259 5631 esset
1289 5580 1346 5634 et
1375 5577 1567 5632 omni
1591 5577 1822 5648 generis
1837 5595 1999 5636 arma

2156 5572 2354 5639 ιτοςιδὲ
2403 5577 2567 5648 μόνον
2622 5579 2921 5654 γενόμενος
2979 5581 3063 5640 ἀεὶ
3119 5581 3356 5642 δεδιέναι
3415 5582 3778 5661 ’Δνδρόνικον

342 5673 400 5726 et
432 5669 714 5726 machinas
769 5671 974 5726 contra
1033 5667 1239 5724 urbem
1281 5667 1710 5738 expedirentur,
1769 5685 1831 5724 se
1889 5685 1994 5740 pro

2107 5661 2196 5719 καί
2227 5662 2428 5739 τρόπον
2487 5663 2761 5764 ἆπιζητεῖν
2789 5669 2861 5726 δι’
2893 5670 2956 5728 οὗ
3006 5670 3074 5744 δὴ
3105 5675 3202 5736 τὰς
3255 5671 3496 5739 ἀάπτους
3551 5676 3782 5734 ἐκείνου
