4126 6294
393 353 508 437 353

1689 371 2002 436 NICETIE
2047 369 2344 431 ΟΠΟΝΙΑ
2357 369 2480 429 T/E

3677 379 3798 438 656

391 529 552 570 sacra
581 511 732 567 389
761 509 998 566 donaria
1035 509 1339 582 rapiebant
1366 517 1420 568 et
1449 511 1712 584 profanis
1755 507 2027 564 manibus

2141 499 2330 557 ὅπλων
2423 497 2858 571 ἐπεισπηδῶντες
2919 503 2972 557 οἱ
3059 499 3286 559 ἐναντίοι
3361 505 3456 561 τὸν
3522 504 3576 561 έν
3641 511 3806 574 ποσὶν

391 618 508 657 non
538 601 826 670 tangenda
855 601 1293 656 contrectabaut
1324 617 1390 656 ac
1447 601 1674 658 caninis
1719 597 1906 656 oculis
1965 612 2034 652 ea

390 689 760 745 intuebantur
790 705 915 760 qua
947 688 1285 760 aspicienda
1344 707 1458 745 non
1530 698 1686 758 sunt,
1714 703 1886 762 quam
1925 685 2034 740 hoc

389 778 857 849 nefarium,quod
881 784 1276 834 sacrosanctus
1334 779 1552 836 Christi
1601 784 1657 835 et
1689 777 2031 834 famulorum

389 869 514 936 ejus
543 865 829 938 imagines
876 873 1037 921 terra
1090 865 1430 938 allidebant,
1487 872 1544 923 et
1593 865 1834 940 pedibus
1889 864 2034 919 insi-

388 961 618 1020 stentes,
651 955 696 1008 si
729 955 867 1026 quid
900 962 1137 1010 ornatus
1166 973 1233 1011 ex
1267 956 1505 1013 materia
1537 956 1786 1027 pretiosa
1829 955 2033 1020 inerat,

386 1062 451 1101 eo
485 1052 772 1113 utcunque
803 1043 1026 1116 direpto
1075 1045 1235 1116 ipsas
1278 1045 1336 1100 in
1385 1043 1552 1100 trivia
1609 1043 1937 1110 efferebant,
1971 1045 2037 1097 ut

383 1151 417 1188 ιι
462 1131 945 1205 praetereuntibus
1000 1131 1500 1203 cenculcarentur,
1558 1137 1659 1188 aut
1715 1133 1784 1187 ad
1843 1131 2036 1186 cibum

385 1221 750 1294 coquendum
781 1220 907 1276 foco
939 1221 1333 1292 apponebant.
1363 1222 1506 1277 lllud
1555 1229 1744 1276 autem
1787 1220 2036 1274 maxime

388 1310 675 1367 nefarium
711 1315 800 1366 est
825 1318 879 1365 et
910 1311 1139 1382 piorum
1197 1311 1438 1366 auribus
1490 1309 1846 1377 detestabile,
1881 1307 2034 1380 quod

390 1400 451 1455 in
483 1415 648 1455 sacra
677 1403 734 1454 et
761 1397 907 1470 ipsis
937 1399 1160 1470 angelis
1195 1399 1506 1455 venerabili
1539 1414 1734 1454 mensa
1764 1397 2037 1454 indecore

393 1490 673 1546 saltabant
705 1499 758 1545 et
789 1489 1093 1546 barbarica
1123 1491 1386 1562 quaedam
1430 1489 1658 1546 cantica
1689 1489 2034 1562 psallebant.

395 1581 608 1637 Deinde
637 1579 924 1652 pudendis
957 1579 1174 1650 apertis
1231 1595 1462 1635 sacrum
1521 1579 1919 1650 pavimentum
1978 1579 2035 1633 in

393 1668 589 1724 orbem
644 1668 1110 1740 permingebant,
1169 1669 1505 1740 aspersione
1561 1667 1660 1722 illa
1717 1675 1772 1722 et
1832 1666 2038 1722 calidis

392 1756 620 1812 balneis
651 1756 837 1812 noxiis
867 1756 1224 1812 daemonibus
1283 1757 1479 1828 utique
1536 1755 1946 1826 gratificantes,
1981 1761 2040 1810 ut

393 1845 453 1899 in
485 1845 556 1900 iis
589 1843 808 1916 fatigati
841 1845 1102 1900 cladibus
1161 1845 1463 1900 hominum
1522 1845 1878 1900 iunatarent.
1927 1843 2037 1900 Sed

397 1949 530 1988 cum
564 1939 789 1990 tandem
825 1934 1106 1989 malorum
1133 1933 1262 1988 ﬁnis
1294 1933 1510 1988 instare
1559 1937 1616 1988 et
1657 1949 1851 2004 pugna
1881 1935 2042 2003 quie-

395 2030 526 2078 tura
583 2023 891 2090 vidcretur,
957 2023 1134 2078 Siculi
1219 2024 1395 2078 duces
1487 2023 1918 2078 intervenerunt
1987 2025 2045 2077 et

397 2111 580 2166 turba
611 2111 669 2165 in
727 2111 910 2166 cades
968 2111 1189 2166 ruentis
1245 2112 1530 2184 impetum
1589 2112 2040 2181 represserunt;

397 2215 639 2272 quorum
717 2215 860 2254 unus
933 2200 1361 2271 cataphractus,
1437 2199 1594 2254 890
1681 2214 1830 2270 equo
1905 2199 2041 2253 insi-

395 2289 560 2354 dens,
635 2286 920 2342 Theodori
995 2289 1280 2359 martyris,
1321 2305 1351 2343 e
1391 2290 1560 2357 cujus
1627 2287 1890 2358 sepulcro
1931 2301 2038 2341 un-

389 2381 673 2448 guentum
734 2375 962 2442 ebullit,
1015 2376 1297 2447 templum
1355 2376 1702 2448 ingreditur,
1781 2381 1839 2430 et
1897 2374 2040 2431 alios

390 2464 624 2535 obliquo
679 2480 814 2520 ense
873 2464 1231 2520 verberando.
1282 2465 1425 2519 alios
1502 2463 1860 2520 vulnerando
1943 2465 2039 2518 vix

390 2553 639 2608 militum
675 2553 1050 2624 intemperies
1094 2553 1364 2609 cohibere
1421 2553 1629 2622 potuit.
1686 2552 1904 2608 Verum
1965 2569 2038 2608 ne

387 2641 476 2697 sic
504 2641 739 2713 quidem
773 2641 1091 2697 tolerabilis
1125 2643 1232 2697 fuit
1252 2641 1864 2698 Thessalonicensium
1898 2657 2035 2695 con-

389 2729 553 2786 ditio.
589 2731 699 2785 Etsi
733 2731 882 2785 enim
915 2730 1194 2801 postridie
1225 2737 1568 2802 expugnata
1603 2730 1763 2785 urbis
1794 2747 1828 2784 a
1859 2729 2034 2786 cadi-

383 2819 496 2873 bus
528 2817 743 2875 civium
777 2823 1157 2889 temperatum
1193 2823 1302 2888 est,
1327 2823 1500 2874 tanta
1561 2825 1758 2875 tamen
1803 2835 2033 2890 grassa-

384 2911 570 2968 tiones
603 2914 660 2965 in
683 2911 1028 2982 superstites
1061 2911 1312 2976 iuerunt,
1347 2909 1510 2965 mille
1543 2909 1732 2964 modis
1764 2909 1834 2963 ad
1868 2923 2035 2964 eum-

385 3004 516 3058 dein
549 3002 678 3058 vita
735 3002 953 3056 exitum
1032 3001 1424 3068 tendentibus,
1486 3007 1548 3056 ut
1601 3017 1732 3057 cum
1795 3001 2034 3056 mortuis

385 3093 530 3148 bene
562 3097 756 3146 actum
791 3091 1107 3155 videretur,
1137 3101 1191 3146 et
1225 3096 1284 3144 ut
1321 3091 1469 3161 apud
1527 3092 1735 3145 Jobum
1789 3088 2033 3144 toleran-

387 3181 675 3234 tissimum
709 3184 816 3244 est,
875 3179 1040 3232 multi
1101 3179 1316 3232 frustra
1377 3181 1620 3234 mortem
1676 3185 2028 3249 exoptarent.

2140 591 2380 665 ἀνῄρουν
2415 592 2518 660 ἀεὶ,
2551 593 2639 666 [Ρ.
2675 594 2798 666 193]
2832 593 2922 648 καὶ
2967 593 3042 656 ὡς
3083 595 3298 667 θύματα
3333 597 3464 659 τοὺς
3518 597 3812 672 καταλαμο

2149 675 2484 754 ϐανομένους
2545 679 2788 750 ἀνηλεῶς
2839 679 3135 757 ἓκεροὶϊζον.
3207 689 3330 746 Πῶς
3387 683 3445 740 δὲ
3501 687 3808 763 ἀνθρώπων

2143 766 2398 842 ἤμελλον
2453 767 2730 844 φείδεσθαι
2801 771 2852 825 οἱ
2927 778 3045 834 τοῖς
3103 772 3270 836 θείοις
3339 775 3810 850 ἐμπαροινοῦντες

2141 861 2233 914 καὶ
2268 855 2380 930 μηδ
2411 858 2560 921 ὃλως
2611 863 2748 914 Θεοῦ
2805 858 3219 935 έμπαζόμενοις
3277 861 3405 918 ἀλλ’
3440 864 3504 920 οὗ
3533 871 3806 922 τοσοῦτον

2141 948 2320 1002 καινὸν
2379 947 2424 1002 εί
2477 947 2544 1004 τὰ
2596 953 2676 1020 τῷ
2730 953 2848 1022 Θεῷ
2898 949 3278 1026 ἀνατεθειμένα
3334 953 3656 1028 ἱεροσύλουν
3707 957 3804 1010 καὶ

2142 1037 2300 1112 χερσὶ
2343 1032 2607 1111 βεϐήλοις
2659 1039 2748 1092 καὶ
2807 1039 3117 1116 ὀφθαλμοῖς
3171 1041 3384 1105 κυνέοις
3423 1043 3663 1114 ἥπτοντο
3693 1051 3805 1100 τῶν

2143 1127 2428 1200 ἀψαύστων
2479 1126 2569 1180 καὶ
2626 1131 2742 1189 τοῖς
2801 1129 2875 1200 μή
2935 1130 3144 1190 θεατοῖς
3185 1129 3510 1202 ἐνητένιζον,
3567 1132 3696 1189 ὅσον
3730 1131 3798 1205 δὴ

2143 1215 2353 1271 ἀνόσιον
2413 1215 2458 1269 εἱ
2515 1216 2609 1278 τάς
2668 1223 2922 1290 παναγεῖς
3001 1219 3238 1294 Χριστοῦ
3297 1220 3506 1284 εἰκόνας
3565 1223 3798 1277 καὶτῶν

2142 1303 2311 1357 αὐτοῦ
2363 1304 2708 1378 θεραπόντων
2771 1303 3056 1384 ἠδάφιζον,
3115 1307 3203 1362 καὶ
3274 1309 3483 1365 τούτων
3523 1331 3804 1383 κατεπέμ-

2144 1387 2441 1459 ϐαίνοντες,
2475 1391 2628 1454 εἴτις
2661 1395 2758 1466 μὲν
2807 1395 3012 1468 κόσμος
3060 1394 3110 1468 έξ
3163 1395 3302 1468 ὕλης
3345 1407 3556 1474 προσῆν
3587 1400 3805 1474 τιμαλ-

2144 1484 2297 1558 φοῦς,
2321 1484 2513 1535 τοῦτον
2547 1481 2788 1559 ἀφῄρουν
2837 1482 3136 1546 ἐκσπῶντες
3181 1486 3254 1548 ὡς
3305 1481 3519 1564 ἔτυχεν,
3553 1489 3720 1552 αύτάς
3749 1487 3796 1545 δ’

2145 1567 2220 1631 εἷς
2247 1569 2344 1631 τὰς
2370 1566 2622 1645 τριόδους
2649 1569 2896 1648 ἐξέφερον
2941 1578 3064 1635 τοῖς
3113 1573 3506 1649 παροδεύουσιν
3537 1575 3805 1652 ἐσομένας

2146 1656 2222 1718 εἰς
2276 1657 2661 1732 καταπάτημα,
2711 1661 2746 1730 ἢ
2795 1666 2873 1733 τῷ
2905 1667 3006 1730 τῆς
3057 1659 3273 1733 διαίτης
3329 1667 3460 1731 πυρὶ
3505 1665 3806 1740 παρεδίδο-

2147 1767 2257 1800 σαν.
2295 1747 2690 1804 ’Δνοσιώτατον
2750 1746 2808 1803 δὲ
2868 1747 3106 1822 μάλιστα
3148 1753 3239 1806 καὶ
3277 1752 3380 1808 ὠσὶ
3429 1752 3801 1826 δυσήκουστον

2147 1839 2252 1890 τῶν
2313 1839 2538 1890 πιστῶν’
2601 1837 2653 1890 εἷ’
2693 1859 2837 1900 τινες
2891 1839 3026 1908 ἦσαν
3085 1839 3138 1894 ο⁹ί
3195 1849 3295 1912 τῆς
3336 1845 3551 1918 θυωροῦ
3583 1845 3806 1922 καὶάγ-

2149 1923 2335 1999 γέλοις
2392 1923 2576 1987 αὐτοῖς
2642 1923 2927 2000 αἱδεσίμου
2996 1925 3196 1993 ἀνωθεν
3237 1930 3476 1995 ἀνιόντες
3523 1934 3802 2008 τραπέζης

2151 2011 2232 2066 ἐπ’
2261 2013 2430 2081 αὐτῆς
2477 2013 2764 2088 ὠρχοῦντο
2829 2017 3256 2093 μεταφερόμενοι
3311 2019 3668 2095 ἀσχημόνως,
3709 2023 3802 2076 καί

2149 2123 2270 2156 τινα
2303 2097 2549 2178 βάρϐαρα
2595 2102 2950 2178 ἀπηχέστατα
2995 2104 3236 2179 ᾄσμάτια
3281 2109 3483 2182 πάτρια
3527 2105 3800 2183 ἔψαλλον,

2148 2189 2264 2243 εἶτα
2315 2190 2416 2258 τὴν
2475 2187 2614 2244 αῗδὼ
2661 2189 3098 2264 ἀνακαλύψαντες
3157 2193 3246 2248 καὶ
3303 2195 3396 2250 τὸν
3427 2192 3677 2254 ποδεῶνα
3703 2201 3802 2251 τοῦ

2146 2285 2246 2348 τῆς
2315 2277 2532 2342 κοιλίας
2589 2279 2756 2332 ἀσκοῦ
2815 2277 2950 2354 ῥέειν
3003 2281 3214 2345 ἀνέντες
3289 2282 3541 2358 ἐνούρουν
3611 2284 3800 2358 κύκλῳ

2143 2367 2278 2421 κατά
2307 2367 2368 2422 τὸ
2413 2367 2566 2444 ἃγιον
2619 2365 2836 2448 ἔδαφος,
2887 2370 3315 2448 περιρραντήρια
3361 2378 3530 2430 ταῦτα
3573 2373 3806 2430 τελοῦν-

2143 2477 2230 2516 τες
2305 2451 2529 2529 δαίμοσι
2603 2458 2694 2512 καὶ
2771 2456 2977 2533 λουτρά
3041 2461 3216 2536 θερμά
3286 2468 3404 2524 τοῖς
3497 2462 3800 2539 ἀλάστορας.

2146 2541 2547 2618 σχεδιάζοντες,
2581 2547 2664 2608 οἷς
2721 2547 2878 2602 οὗτοι
2939 2547 3074 2620 μετᾶ
3121 2550 3367 2622 κάματον
3415 2549 3800 2628 διανήχονται,

2143 2634 2201 2686 δν
2269 2629 2555 2708 διήνεγκαν
2625 2635 2937 2710 ἀνθρώποις
2999 2639 3286 2712 συμφορὰς
3393 2639 3796 2718 μηχανώμενοι

2142 2723 2231 2776 καὶ
2307 2720 2458 2778 δεινά
2515 2720 2871 2786 διαθλοῦντας
2939 2727 3228 2797 ἀνήκεστα.
3318 2729 3467 2784 Ἐπεὶ
3535 2725 3596 2784 δέ
3661 2751 3793 2785 ποτε

2141 2813 2208 2866 τὰ
2256 2809 2402 2866 δεινὰ
2469 2809 2624 2882 δόξαν
2685 2817 2784 2868 τοῦ
2851 2813 3012 2888 λῆξαι
3079 2815 3275 2895 εἳληφε
3338 2817 3430 2872 καὶ
3471 2817 3548 2880 είς
3591 2821 3796 2893 ἀνοχὴν

2139 2897 2355 2954 ἀπεῖδεν
2431 2901 2458 2954 ὁ
2533 2903 2798 2975 πόλεμος,
2878 2903 3038 2976 μέσον
3117 2905 3384 2982 ὀφθέντων
3465 2904 3622 2982 οἵπερ
3719 2907 3796 2967 εἷς

2139 2987 2421 3065 ἀρχηγοὺς
2476 2994 2583 3044 τῶν
2639 2989 2883 3045 Σικελῶν
2957 2993 3474 3068 ὑπερανεστήκεσαν,
3545 2996 3639 3050 καὶ
3693 2996 3793 3063 τήν

2137 3082 2245 3134 τῶν
2301 3077 2528 3134 πολλῶν
2599 3078 2940 3154 ἐπισχόντων
2997 3083 3176 3156 ὁρμὴν
3237 3083 3313 3146 εἰς
3365 3083 3654 3160 ἀναίρεσιν,
3715 3085 3793 3140 ὧν

2143 3166 2331 3241 ἃτερος
2365 3164 2598 3246 ἔφιππος
2655 3167 2864 3243 σιδήρῳ
2921 3171 3296 3248 κατάφρακτος
3349 3173 3441 3228 τὸν
3479 3178 3577 3228 τοῦ
3609 3194 3792 3246 μυρο-

390 3267 532 3322 Nam
567 3266 675 3322 etsi
704 3267 800 3320 alii
837 3267 952 3320 fere
1001 3282 1205 3320 omnes
1257 3265 1316 3321 in
1377 3265 1524 3322 bello
1581 3268 1762 3320 victos
1816 3266 2028 3331 hostes,

2143 3251 2346 3311 ϐλύτου
2383 3243 2652 3332 μάρτυρος
2683 3255 2859 3313 εἷσέδυ
2907 3243 3201 3329 νεὼνξὝκαὶ
3247 3263 3378 3324 τοὺς
3411 3263 3504 3334 μὶν
3534 3243 3619 3332 τῷῗ
3641 3243 3790 3316 πλα-

395 3361 458 3410 ut
519 3353 764 3410 victoria
849 3353 1122 3425 superbia
1195 3355 1392 3419 dictat,
1453 3354 1718 3422 saeviunt,
1793 3353 2033 3410 Latinus

385 3449 583 3498 tamen
669 3442 946 3512 superatis
1027 3443 1377 3498 adversariis
1471 3442 1833 3498 intolerabile
1910 3459 2032 3498 ma-

383 3533 510 3588 lum
543 3539 629 3588 est
659 3537 716 3589 et
745 3531 935 3588 verbis
968 3532 1372 3587 inenarrabile.
1415 3532 1577 3596 Quod
1637 3532 1684 3588 si
1735 3532 2031 3588 Romanus

384 3622 458 3677 sit
483 3621 961 3694 comprehensus,
995 3625 1052 3676 et
1081 3620 1132 3676 is
1164 3619 1380 3676 Latina
1410 3621 1620 3690 lingua
1677 3621 1862 3690 rudis,
1893 3627 1950 3677 ct
1998 3637 2032 3676 a

381 3711 792 3783 peregrinitate
823 3711 903 3765 ita
924 3710 1241 3766 abhorrens
1265 3715 1411 3765 utin
1449 3711 1658 3766 vestitu
1709 3709 1856 3767 nihil
1897 3727 2028 3766 cum

379 3801 470 3855 eis
501 3815 810 3855 commune
843 3799 1067 3865 habeat,
1101 3799 1150 3853 is
1181 3815 1311 3854 vero
1345 3801 1457 3854 Deo
1515 3798 1740 3856 invisus
1780 3799 2032 3856 habetur

373 3893 434 3946 et
461 3889 666 3962 quovis
697 3888 985 3960 supplicio
1017 3887 1252 3960 dignus.
1307 3891 1440 3954 Qua
1500 3889 1716 3961 vipera,
1750 3891 1884 3962 quis
1917 3889 2025 3958 leo,

379 3979 572 4050 prada
596 3985 787 4035 vetere
819 3977 1036 4032 omissa
1091 3981 1148 4032 et
1201 3978 1459 4032 calidum
1519 3979 1709 4034 adhuc
1753 3983 2024 4034 venatum

377 4069 685 4135 devorans,
710 4067 790 4120 ita
819 4067 980 4120 savit
1038 4065 1184 4121 ³91
1245 4069 1308 4120 ut
1353 4066 1552 4120 Latina
1607 4067 1936 4122 immanitas
1965 4068 2026 4124 in

377 4152 694 4224 captivos?
755 4169 864 4208 non
927 4153 1178 4207 ﬂectitur
1233 4153 1525 4223 precibus,
1587 4169 1700 4208 non
1763 4153 2028 4209 mollitur

379 4240 671 4312 laerymis,
736 4255 852 4294 non
911 4241 1140 4294 blandis
1197 4241 1412 4296 lenitur
1455 4239 1697 4296 verbis:
1755 4243 2024 4312 quamvis

375 4329 575 4385 suavis
597 4335 821 4396 cantus,
855 4329 1136 4398 strepitus
1165 4345 1440 4384 anserum
1491 4335 1592 4384 aut
1627 4329 1870 4402 clangor
1899 4329 2025 4386 mil-

373 4418 604 4472 viorum
670 4415 998 4472 habebitur.
1058 4417 1113 4472 Si
1171 4417 1464 4488 Orpheum
1512 4418 1750 4480 cithara,
1807 4433 2023 4490 cygnos

373 4507 752 4564 moribundos
783 4514 988 4561 cantus
1021 4505 1330 4560 dulcedine
1363 4521 1623 4576 superes,
1663 4506 1804 4561 nihil
1833 4509 2022 4579 profe-

2139 3349 2221 3398 τεῖ
2273 3346 2451 3400 παίων
2479 3349 2576 3402 τοῦ
2633 3347 2840 3424 ξίφους,
2891 3347 3023 3410 τοὺς
3063 3345 3122 3405 δὲ
3175 3350 3269 3405 καὶ
3327 3350 3518 3420 ἀληθές
3570 3353 3789 3424 τραῦμα

2139 3430 2402 3503 πλήττων
2437 3432 2630 3510 ἴσχυσε
2661 3433 2823 3506 μόλις
2863 3435 2959 3504 τὴν
3009 3441 3107 3492 τοῦ
3153 3443 3323 3494 κακοῦ
3370 3441 3560 3508 στῆσαι
3591 3439 3788 3515 φορὰν,

2141 3517 2257 3575 οὐδ’
2305 3518 2448 3576 οὕτω
2498 3522 2563 3577 τὰ
2631 3523 2754 3592 ἑξῆς
2831 3523 2906 3585 ὡς
2981 3523 3034 3580 ἐν
3087 3531 3278 3588 κακοῖς
3343 3525 3536 3602 μέτρια
3591 3533 3798 3584 Θεσσα-

2140 3607 2447 3666 λονικεῢσιν
2501 3608 2790 3688 έφανησαν,
2863 3611 3010 3670 ἀλΛά
3063 3615 3126 3670 τὸ
3177 3617 3273 3689 μὶν
3306 3613 3358 3678 ἔς
3389 3611 3521 3686 ᾅδου
3561 3617 3798 3694 κατάγε-

2138 3702 2258 3754 σθαι
2309 3701 2436 3762 τοὺς
2485 3699 2954 3775 πολιορκηθέντας
3010 3706 3046 3772 ἡ
3105 3704 3242 3777 μετά
3269 3706 3369 3774 τήν
3399 3703 3604 3761 ἅλωσιν
3635 3703 3790 3768 εὐθὺς

2135 3786 2317 3864 ἡμέρα
2377 3792 2698 3857 κατέπαυσε,
2784 3793 2852 3846 τὰ
2935 3789 2980 3846 δ’
3066 3791 3526 3868 έπισυμϐαίνοντα
3603 3793 3796 3857 ἄλλως

2136 3875 2372 3952 ὀδυνηρά
2427 3879 2562 3954 πρὸς
2619 3879 2682 3934 τὸ
2735 3880 2865 3935 αὐτὸ
2922 3888 3023 3950 τῆς
3081 3887 3230 3952 ζωῆς
3283 3883 3459 3960 τέρμα
3507 3887 3792 3958 μυριακῶς

2132 3967 2258 4028 τοὺς
2304 3965 2588 4040 τλήμονας
2645 3969 3047 4044 κατηνάγκαζον
3097 3972 3186 4026 καὶ
3237 3971 3456 4046 βέλτιον
3507 3973 3571 4028 τὸ
3611 3975 3788 4028 θανεῖν

2131 4056 2350 4114 έποίουν
2385 4059 2518 4133 ὑπὲρ
2549 4060 2611 4114 τὸ
2643 4065 2764 4132 ζῇν,
2823 4059 2962 4116 ὣστε
3027 4063 3089 4118 τὸ
3142 4068 3240 4118 τοῦ
3285 4063 3629 4134 τλησιπόνου
3661 4060 3788 4121 Ἰὼϐ

2131 4148 2324 4217 εἰπεῖν,
2391 4146 2598 4204 πολλοὶ
2655 4145 2908 4222 δεόμενοι
2969 4149 3231 4221 τελευτῆς
3298 4152 3398 4208 οὐκ
3459 4151 3790 4231 ἐτύγχανον.

2131 4237 2236 4292 Καὶ
2267 4241 2372 4298 πᾶς
2405 4237 2500 4311 μὲν
2527 4237 2632 4312 γὰρ
2659 4233 2840 4312 ἕτερος
2873 4236 3106 4312 πολέμῳ
3144 4247 3205 4296 τὸ
3255 4241 3548 4298 ἂντίπαλον
3581 4249 3794 4319 χειρω-

2131 4326 2362 4398 σάμενος
2437 4330 2616 4388 κακῶς
2701 4325 2847 4398 αὐτῷ
2905 4330 3175 4403 κέχρηται
3241 4332 3333 4385 καὶ
3399 4331 3792 4404 ἀνελεημόνως

2131 4412 2510 4490 προσφέρεται,
2569 4414 2660 4469 καὶ
2721 4413 2820 4470 ὅσα
2889 4418 2923 4486 ἡ
2999 4417 3060 4472 ἐκ
3136 4425 3237 4488 τῆς
3293 4419 3447 4490 νίκης
3515 4420 3794 4494 ὑπεροψία

2131 4502 2418 4574 ὑποτίθησι
2479 4504 2880 4577 διαπράττεταιο
2961 4512 3192 4570 Λατῖνος
3251 4505 3310 4563 δὲ
3382 4512 3667 4584 πορθήσας
3721 4511 3788 4566 τὸ

368 4598 552 4664 ceris;
587 4601 644 4651 et
680 4601 745 4651 ut
775 4595 1072 4668 paulisper
1101 4594 1404 4650 barbarica
1437 4595 1637 4650 feritas
1677 4595 2021 4663 mulceatur,

2137 4591 2446 4647 ὶντιπῖπτον
2501 4593 2594 4647 καὶ
2655 4593 2972 4668 ὑποχείριον
3037 4593 3403 4672 ἐργασάμενος
3457 4597 3786 4654 ἀνύποιστόν

372 4701 506 4741 mox
537 4689 731 4743 tamen
758 4685 832 4740 ad
865 4684 1159 4754 ingenium
1195 4683 1364 4750 redit,
1397 4683 1454 4738 in
1497 4685 1682 4738 cades
1727 4685 1862 4750 ruit,
1911 4701 2017 4740 nec

367 4775 696 4846 supplicum
727 4775 971 4831 vocibus
1007 4774 1137 4845 plus
1171 4777 1436 4829 movetur
1465 4789 1642 4845 quam
1687 4774 1854 4830 incus
1899 4775 2016 4830 ictu

367 4863 734 4918 malleorum.
777 4865 856 4918 Ea
895 4879 1034 4934 gens
1081 4867 1313 4918 tantum
1359 4862 1672 4919 iracundia
1719 4862 2019 4928 indulgere

371 4950 532 5006 novit
576 4956 633 5006 et
677 4951 979 5021 imperatis
1034 4953 1157 5023 ejus
1209 4953 1632 5024 obtemperare.
1689 4953 1834 5016 Quid
1883 4968 2016 5008 vero

370 5037 658 5093 malorum
718 5039 1122 5110 praetermittat
1169 5039 1341 5096 homo
1407 5039 1686 5095 Romanis
1741 5038 2013 5108 infestus,

365 5143 686 5198 eorumque
716 5127 1032 5182 inveterato
1063 5128 1195 5183 odio
1223 5129 1302 5183 ita
1331 5128 1586 5200 ﬂagrans
1619 5132 1684 5183 ut
1713 5143 1817 5183 nec
1845 5133 2015 5184 vetus

367 5217 464 5272 ille
495 5233 758 5288 serpens,
801 5217 1040 5272 humani
1095 5219 1325 5288 generis
1375 5218 1705 5286 insidiator,
1753 5234 2014 5288 unquam

365 5311 594 5362 tantum
617 5305 774 5360 virus
797 5305 1132 5360 acerbitatis
1155 5309 1213 5360 in
1254 5311 1434 5362 terras
1475 5307 1798 5362 evomuerit
1818 5306 1845 5361 ?
1877 5325 2011 5362 nam

360 5393 748 5450 exsecrabilcs
803 5393 991 5449 Latini
1045 5393 1373 5464 provincias
1433 5401 1664 5451 nostras
1749 5396 2010 5464 paradiso

360 5493 715 5552 comparant,
741 5487 1198 5552 nostrorumque
1219 5483 1522 5538 bonorum"
1537 5485 1824 5540 desiderio
1857 5485 2012 5556 genti

360 5577 572 5628 nostra
601 5581 876 5645 perpetuo
907 5574 1048 5627 sunt
1077 5569 1296 5638 infesti,
1327 5580 1377 5626 et
1403 5571 1656 5628 subinde
1697 5573 1852 5630 mala
1883 5591 2008 5630 ma-

357 5663 724 5736 chinantur;
782 5681 908 5736 qua
960 5662 1008 5718 si
1069 5662 1305 5732 quando
1356 5662 1722 5733 temporibus
1771 5664 2006 5720 adducti

2129 4677 2239 4735 έστι
2277 4679 2516 4754 μάλιστα
2561 4681 2725 4736 κακὸν
2765 4681 2855 4736 καὶ
2904 4681 3054 4758 λόγῳ
3099 4684 3498 4763 ἀπεριήγητον·
3529 4689 3578 4742 εἰ
3605 4686 3664 4744 δὲ
3691 4691 3786 4745 καὶ

2123 4769 2398 4840 Ῥωμαῖος
2463 4766 2548 4838 εἴη
2609 4769 2637 4822 ὁ
2696 4767 3054 4844 συλληφθεὶς,
3102 4772 3197 4828 καὶ
3252 4776 3415 4838 αὗτος
3469 4779 3784 4852 καθαρεύων

2123 4856 2381 4927 γλώττης
2419 4855 2812 4927 Ἰταλιώτιδος,
2845 4859 2934 4912 καὶ
2989 4865 3249 4917 τοσοῦτον
3296 4868 3398 4918 τοῦ
3447 4865 3780 4946 έτεροφύλου

2123 4943 2305 5008 ἔθνους
2359 4945 2788 5018 ἀποξενούμενος
2831 4947 2904 5010 ὡς
2939 4946 3082 5020 μηδὲ
3124 4953 3262 5008 κατά
3311 4955 3412 5023 τήν
3455 4943 3780 5029 σωματικῆν

2125 5028 2426 5107 περιϐολὴν
2458 5033 2639 5108 βραχύ
2685 5056 2739 5090 τι
2777 5039 2904 5109 γυῦν
2957 5037 3211 5101 Λατίνοις
3263 5028 3659 5113 ἐπικοινωνεῖν,
3693 5043 3776 5114 εἴη

2124 5120 2184 5178 ἂν
2239 5125 2398 5186 οὗτος
2455 5122 2818 5199 έστυγημένος
2877 5131 2995 5200 Θεῷ
3041 5129 3130 5184 καὶ
3177 5136 3278 5200 τῆς
3341 5131 3514 5206 ὀργῆς
3573 5135 3776 5209 Κυρίου

2125 5213 2298 5288 ἀμιγῆ
2359 5213 2701 5288 κατακριθείς
2751 5221 2895 5272 πιεῖν
2945 5219 3046 5287 τήν
3094 5219 3296 5276 κύλικα
3353 5223 3442 5278 καὶ
3489 5225 3554 5278 τὸ
3603 5225 3781 5294 ποτή-

2125 5323 2242 5378 ριον
2299 5303 2593 5374 ἀκέραστον
2649 5304 3131 5379 προσενέγκασθαι.
3193 5309 3331 5364 Ποία
3385 5311 3487 5387 γὰρ
3543 5314 3776 5380 θανατη-

2123 5387 2290 5466 φόρος
2317 5389 2510 5465 ἔχιδνα
2540 5389 2576 5461 ἤ
2609 5393 2980 5471 πτερνοφύλαξ
3029 5395 3152 5472 ὄφις
3203 5397 3454 5475 ὀλέθριος
3483 5401 3518 5469 ἦ
3566 5421 3772 5476 ταυμο-

2121 5483 2320 5551 φόντης
2374 5479 2537 5550 λέων,
2585 5482 2654 5536 τὰ
2701 5487 2809 5537 τῶν
2859 5484 3168 5560 βρωμάτων
3219 5483 3370 5544 ἕωλα
3399 5495 3656 5564 παρορῶν
3686 5493 3776 5564 [Ρ.

2125 5573 2247 5646 195]
2280 5572 2486 5646 θερμῆς
2539 5568 2587 5625 δ’
2635 5566 2714 5627 ἔτι
2763 5577 2866 5640 τῆς
2910 5575 3081 5649 θήρας
3133 5575 3567 5655 ἐμφορούμενος,
3601 5581 3778 5640 οὕτως

2123 5657 2183 5714 ἄν
2235 5659 2551 5731 ἐλυμήνατο
2601 5660 2677 5722 ὡς
2734 5662 3095 5739 ἀπανθρωπία
3151 5667 3352 5738 Λατίνη
3395 5670 3782 5746 ζωγρήσασα;
