4126 6294
319 349 437 410 657

1367 345 1470 404 ne
1515 342 1969 404 ANDRONICO
2015 343 2394 408 COMNENO
2437 346 2585 406 LIB.
2635 345 2685 406 Ι.
2747 317 2752 321 ⁴

3625 353 3739 413 658

327 479 430 536 οὐκ
486 476 777 533 ἐπικλᾶται
829 474 1034 546 λιταῖς,
1095 472 1156 530 οὒ
1215 474 1504 546 θηλύνεται
1545 473 1822 552 δάκρυσιν,
1877 474 1974 548 οὐχ

2093 478 2410 534 amicitiam
2440 477 2740 542 simulant,
2772 487 2963 537 lamen
3002 481 3311 538 acerrimas
3355 483 3508 540 892
3552 482 3749 539 inimi-

328 567 590 641 αἷμύλοις
619 564 930 638 ἱλαρύνεται
987 564 1278 644 φθέγμασι.
1341 563 1452 622 Κᾶν
1499 565 1603 640 ᾄσῃ
1652 586 1735 627 τις
1768 563 1982 640 χάριεν,

330 659 547 733 κλαγγή
579 656 756 729 τούτῳ
784 654 1000 710 ΐκτίνων
1060 655 1096 724 ἤ
1163 656 1425 732 κρώγμὸς
1479 653 1727 731 κορώνης
1766 653 1984 728 λογιζε-

329 768 440 804 ται.
474 747 537 801 Ei
591 743 638 799 δ’
678 743 854 807 οὕτως
907 744 993 814 εἲη
1047 743 1370 818 θελκτήριον
1419 745 1494 806 ὡς
1541 744 1630 799 καὶ
1669 745 1868 813 πέτρας
1898 745 1984 796 αἱ-

330 841 463 910 ρεῖν,
523 836 691 890 ὁποῖα
745 834 814 888 τά
871 833 1140 908 Ὀρφαϊκά
1195 832 1502 907 κρούματα,
1557 831 1635 896 εἷς
1689 831 1842 886 κενὸν
1887 832 1980 903 μὲν

326 925 419 979 καὶ
453 923 631 984 οὕτως
689 924 718 977 ὑ
772 923 1059 1000 φορμίζων
1115 920 1347 996 έψάλαξε
1402 921 1490 975 καὶ
1551 921 1726 992 μάτην
1783 917 1979 974 ἀείδειν

324 1007 624 1068 ἀνεϐάλετο
657 1008 904 1085 λιγυρόν·
957 1011 1002 1064 εἷ
1051 1007 1110 1065 δέ
1161 1030 1265 1065 που
1311 1009 1402 1065 καὶ
1453 1009 1614 1080 ἁλοίη
1659 1012 1728 1083 τῇ
1759 1005 1919 1077 ἀοιδῆ
1952 1010 1980 1063 ὁ

327 1098 624 1177 βάρϐαρος,
685 1098 810 1155 ἀλλ’
868 1099 944 1161 εἷς
1001 1098 1251 1154 κύκνειον
1335 1098 1484 1173 ᾆσμα
1555 1097 1867 1154 τελευταῖόν
1923 1117 1982 1151 τε

321 1192 410 1248 καὶ
438 1189 741 1266 φιλότιμον
774 1193 809 1259 ἡ
843 1187 1166 1262 ἀμείλικτος
1195 1191 1366 1243 τοῦτο
1399 1189 1554 1266 ψυχὴ
1600 1185 1979 1261 συλλογίζεται

323 1282 388 1338 αὖ
469 1280 637 1337 πάλιν
733 1279 1179 1356 κατεργαζομένη
1277 1277 1524 1347 θάνατον,
1595 1277 1686 1331 καὶ
1748 1276 1980 1349 μένουσα

319 1369 489 1427 πάλιν
549 1369 624 1433 ὡς
683 1367 945 1443 πρότερον
1003 1365 1266 1427 ἄθελκτος
1320 1368 1354 1436 ἢ
1413 1363 1594 1440 ὥσπερ
1627 1362 1815 1438 ἄκμων
1849 1365 1978 1434 ἀνή-

322 1459 510 1527 λατος,
569 1457 707 1532 πρὸς
769 1462 945 1512 πᾶσαν
1029 1453 1260 1510 ἱκετείαν
1341 1451 1639 1517 ἀνένδοτος.
1696 1454 1866 1527 Μόνῳ
1923 1454 1978 1508 o't

319 1548 635 1623 τοῦγένους
691 1545 892 1601 τούτου
946 1549 1028 1617 τῷ
1085 1549 1243 1617 θυμῷ
1300 1544 1617 1618 χαρίζεσθαι
1679 1542 1843 1612 ἴσασι,
1886 1542 1976 1597 καὶ

2097 566 2266 622 citias
2297 566 2446 622 clam
2481 567 2666 624 alunt.
2698 569 2757 624 Si
2783 568 3011 624 blandis
3035 571 3226 627 verbis
3269 577 3326 627 et
3346 571 3471 628 oleo
3523 573 3746 630 mollio-

2099 657 2261 712 ribus
2295 660 2566 726 utuntur,
2593 656 2791 727 jacula
2818 662 2876 712 et
2898 658 3180 730 ancipites
3197 661 3375 732 gladii
3420 662 3478 717 in
3500 662 3572 717 iis
3601 662 3747 718 deli-

2094 749 2350 802 tescunt.
2385 746 2570 800 Tanto
2601 745 2906 802 discordiae
2965 747 3114 803 vallo
3175 750 3421 806 invicem
3479 750 3745 822 dirempti

2094 849 2324 898 sumus,
2360 849 2465 889 nec
2498 833 2618 889 ullo
2651 836 2826 890 modo
2887 836 3067 892 animi
3128 838 3581 911 conjungentur,
3637 839 3745 895 etsi

2092 923 2433 994 corporibus
2460 923 2757 994 conjuncti
2786 925 2842 978 in
2876 923 3083 982 iisdem
3117 927 3340 982 aedibus
3390 927 3741 984 habilemus.

2093 1009 2180 1065 Illi
2215 1009 2576 1082 plerumque,
2601 1016 2789 1067 erecta
2812 1014 3034 1070 cervice
3081 1014 3350 1086 elatoque
3373 1017 3530 1071 vultu
3580 1015 3741 1072 ince-

2093 1099 2315 1168 dentes,
2351 1114 2573 1161 morum
2605 1104 2938 1156 nostrorum
2983 1101 3273 1159 levitatem
3320 1111 3374 1159 et
3425 1119 3494 1159 ex
3550 1104 3745 1159 mode-

2090 1190 2202 1244 stia
2235 1187 2610 1244 humilitatem
2641 1189 2898 1244 cavillari
2927 1195 2984 1246 et
3021 1193 3317 1262 despicere
3367 1193 3579 1259 solent.
3626 1193 3744 1248 Nos

2089 1293 2222 1332 vero
2253 1293 2451 1332 eorum
2476 1277 2883 1348 supercilium,
2909 1279 3280 1351 jactantiam,
3319 1281 3554 1349 fastum,
3581 1282 3744 1336 inso-

2089 1365 2332 1421 lentiam
2359 1365 2586 1422 Christo
2617 1367 2854 1437 auspice
2885 1369 3321 1438 conculcamus,
3353 1369 3450 1441 qui
3499 1377 3746 1442 potesta-

2091 1461 2204 1511 tem
2236 1455 2336 1510 dat
2367 1471 2548 1526 super
2573 1460 2870 1526 serpentes
2902 1461 2959 1512 et
3013 1457 3275 1530 scorpios
3332 1461 3478 1515 citra
3531 1475 3740 1515 noxam

2088 1542 2450 1599 ambulandi.

323 1640 410 1700 οἷς
442 1635 602 1699 οὗτος
641 1635 917 1691 ἐπιτάσσει
981 1632 1224 1709 ὀργίλως
1283 1629 1626 1688 ὑπενδιδόναι
1682 1632 1966 1710 πεφύκασι.
2027 1630 2090 1686 Τί
2148 1627 2193 1685 δ’
2251 1629 2312 1684 ἂν
2366 1630 2530 1685 κακὸν
2587 1630 2672 1702 εἷή
2736 1633 3013 1707 παρεικὼς
3079 1632 3366 1690 ἀτέλεστον
3407 1634 3544 1711 ἄνήρ
3580 1656 3740 1709 μισο-

324 1728 575 1806 ρώμαιος
631 1727 721 1782 καὶ
779 1726 1051 1794 τοσαύτην
1114 1723 1557 1798 ἀποθησαυρίσας
1644 1721 1694 1777 ἐν
1782 1723 1954 1794 ἑαυτῷ
2022 1723 2143 1784 καθ’
2216 1719 2496 1791 Ἕλληνος
2555 1719 2744 1797 ἀνδρὸς
2802 1723 3115 1799 ἀπέχθειαν,
3172 1725 3366 1780 ὁποίαν
3440 1724 3552 1783 οὐδ’
3616 1725 3739 1805 ὃφις

340 1819 507 1880 αὑτὸς
540 1820 568 1873 ὁ
603 1819 837 1896 ἀρχαῖος
891 1820 990 1872 τοῦ
1045 1812 1382 1889 ἀνθρωπείου
1433 1813 1620 1888 γένους
1674 1807 1968 1875 ἐπίϐουλος
2032 1810 2371 1890 συνειληφὼς
2431 1811 2601 1868 πάλαι
2656 1812 2943 1885 ἂπέτεκενς
3003 1813 3118 1870 ἐπεὶ
3164 1817 3250 1871 καὶ
3293 1816 3604 1890 παραδείσῳ
3641 1820 3737 1891 μὲν

320 1908 586 1982 ’ἄντικρυς
673 1908 820 1981 παρὰ
900 1910 1019 1966 τοῖς
1102 1923 1560 1979 καταρατοτατοις
1633 1903 1886 1963 Λατίνοις
1969 1900 2238 1970 εἲκάζεται
2319 1902 2380 1970 ἢν
2459 1903 2624 1974 ἡμεῖς
2709 1902 2984 1978 ἐλάχομεν
3074 1905 3243 1959 οἱκεῖν
3322 1904 3413 1960 καὶ
3495 1906 3737 1979 όποκαρ-

242 2032 252 2041 -
316 2000 595 2068 πεύεσθαι,
649 1997 739 2052 καὶ
800 1993 1095 2071 δυσέρωτες
1153 1993 1302 2056 ὂντες
1359 1998 1468 2048 τῶν
1534 1994 1659 2067 παρ’
1720 1995 1856 2066 ἡμῖν
1925 1992 2144 2069 ἀγαθῶν
2201 1996 2720 2069 κακογνῶμονοῦσιν
2762 1993 2843 2048 ἀεὶ
2872 1995 2998 2068 περὲ
3030 1995 3092 2051 τὸ
3123 1995 3386 2070 ἡμέτερον
3423 1997 3605 2072 γένος,
3645 2001 3735 2053 καὶ

247 2104 252 2106 '
315 2092 498 2144 κακῶν
576 2087 680 2142 εἶσι
758 2083 1002 2146 τέκτονες
1078 2080 1166 2138 διὰ
1239 2083 1461 2145 παντός.
1539 2079 1649 2139 Κᾶν
1725 2079 1904 2158 φιλεῖν
1965 2079 2335 2153 πλάττωνται,
2401 2083 2494 2136 τὸν
2571 2083 2761 2158 καιρὸν
2844 2081 3237 2158 ὑποδυόμενοι,
3324 2090 3574 2158 μισοῦσιν
3659 2087 3734 2140 ὡς

314 2176 584 2253 ἔχθιστοι·
620 2171 718 2230 κάν
749 2176 777 2229 ὁ
809 2173 978 2248 λόγος
1010 2173 1198 2236 αὐτοῖς
1251 2170 1664 2248 εὑπροσηγορος
1728 2171 1818 2225 καὶ
1877 2169 2010 2246 ὑπὲρ
2065 2164 2247 2226 ἔλαιον
2305 2169 2440 2245 ῥέων
2491 2169 2736 2250 ἀψοφητὶ
2803 2173 3167 2244 ἁπαλύνηται,
3199 2172 3344 2230 ἀλλὰ
3381 2171 3601 2249 βολίδες
3633 2172 3736 2229 εἶσὶ

313 2266 406 2322 καὶ
443 2265 626 2328 οὓτως
656 2263 833 2331 αὐτοὶ,
862 2261 952 2317 καὶ
989 2260 1264 2336 μαχαίρας
1319 2259 1669 2338 ἀμφιστόμου
1726 2259 2054 2335 τομώτεροι.
2115 2260 2275 2316 Οὕτω
2319 2259 2482 2334 μέσον
2533 2263 2698 2334 ἡμῶν
2741 2260 2830 2316 καὶ
2861 2261 3038 2317 αὐτῶν
3064 2260 3253 2337 χάσμα
3284 2260 3544 2340 διαφορᾶς
3576 2262 3739 2333 ἐστή-

317 2374 494 2428 ρικται
569 2352 848 2426 μέγιστον,
902 2349 992 2407 καὶ
1053 2355 1172 2412 ταῖς
1231 2350 1482 2424 γνώμαις
1542 2349 1830 2424 ἂσυναφεῖς
1887 2347 2070 2420 ἐσμεν,
2130 2347 2221 2402 καὶ
2277 2348 2414 2403 κατὰ
2466 2347 2758 2425 διάμετρον
2817 2353 3221 2430 ἀφεστήκαμεν,
3279 2352 3323 2407 εἰ
3379 2353 3470 2407 καὶ
3519 2352 3735 2426 σώμασι

315 2442 700 2516 συναπτόμεθα
757 2441 847 2496 καὶ
903 2441 1006 2510 τήν
1062 2440 1230 2511 αὐτὴν
1299 2437 1575 2501 πολλάκις
1648 2435 1972 2511 εἶλήχειμεν
2052 2433 2285 2506 οἷ’κησιν.
2355 2439 2509 2494 Ὀθεν
2571 2440 2662 2494 καὶ
2738 2439 2896 2495 αὐτοὶ
2969 2441 3066 2514 μὲν
3157 2442 3588 2517 ὑψαυχενοῦντες
3669 2442 3736 2496 τε

316 2531 526 2603 πολλᾶ,
582 2531 675 2587 καὶ
729 2532 793 2586 τὸ
852 2536 949 2586 τοῦ
1004 2533 1296 2610 σχήματος
1359 2527 1713 2608 ὑπερηφάνως
1772 2526 2191 2600 ὑποκρινόμενοι
2253 2522 2459 2602 ὄρθιον,
2509 2528 2585 2589 ὡς
2643 2527 2870 2603 πτέρναν
2929 2528 3150 2606 φιλοῦσι
3204 2535 3390 2604 τηρεῖν
3443 2530 3534 2585 καὶ
3581 2550 3738 2603 περι-

318 2621 641 2696 εργάζεσθαι
671 2621 733 2676 τὸ
765 2617 912 2675 λεῖον
943 2624 1040 2674 τοῦ
1071 2619 1236 2688 ἤθους
1273 2620 1434 2691 ἡμῶν
1462 2616 1553 2671 καὶ
1587 2610 2019 2671 ὑποκαταϐαῖνον
2076 2613 2255 2688 χαμαὶ
2305 2611 2396 2669 διὰ
2439 2615 2503 2670 τὸ
2549 2622 2646 2670 τοῦ
2698 2619 3045 2694 φρονήματος
3099 2616 3337 2693 μέτριον.
3369 2619 3563 2691 Ἡμεῖς
3591 2616 3733 2671 δὲτὸ

315 2710 538 2765 ἐκείνων
575 2709 850 2783 ὑπέροφρυ
879 2706 971 2762 καὶ
1000 2708 1062 2762 τὸ
1088 2727 1276 2779 κομπη
1289 2707 1375 2782 ρὸν
1407 2705 1498 2760 καί
1524 2704 1714 2778 σεμνὸν
1746 2704 1837 2758 καὶ
1867 2703 1968 2770 τὴν
1999 2699 2230 2776 κόρυζαν
2263 2704 2356 2757 οἷά
2385 2724 2507 2758 τινα
2528 2704 2772 2778 κεφαλὴν
2804 2704 2918 2759 ἄνω
2952 2701 3398 2779 ὑποϐλεπὸμενοι
3423 2707 3730 2778 τείνουσαν,

315 2798 400 2854 ἐπ’
431 2797 605 2866 αὐτῆς
643 2799 743 2866 τήν
776 2795 996 2870 πορείαν
1036 2797 1295 2870 τιθέμέθα
1325 2794 1568 2873 φλῶντες
1599 2794 1713 2867 (16)
1741 2791 1794 2854 ές
1826 2789 1984 2866 δεῦρο
2012 2792 2082 2863 τῇ
2124 2788 2350 2866 δυνάμει
2379 2793 2621 2867 Χριστοῦ
2669 2793 2765 2848 τοὺ
2808 2798 2992 2849 πατεῖν
3033 2794 3214 2850 ἐπάνω
3245 2791 3419 2874 ὄφεων
3447 2797 3536 2850 καὶ
3568 2817 3730 2870 σκορ-

319 2887 465 2940 πίων
497 2884 749 2957 ἐξουσίων
782 2881 1145 2962 βραϐεύοντος
1174 2886 1263 2940 καὶ
1297 2884 1360 2940 τὸ
1386 2882 1554 2956 μηδὲν
1587 2881 1826 2938 ἐντεῦθεν
1861 2880 2048 2934 παθεῖν
2080 2878 2115 2948 ἤ
2143 2880 2233 2935 καὶ
2264 2878 2556 2952 ἠδικῆσθαι
2585 2883 2943 2958 παρέχοντος.

394 2975 495 3030 Καὶ
533 2972 673 3029 οὕτω
706 2975 823 3047 μὲν,
850 2972 944 3029 ’ίνα
989 2975 1109 3038 καθ’
1158 2974 1347 3047 εἱρμὸν
1393 2971 1547 3035 αὖθις
1578 2972 1744 3046 προίῃ
1779 2970 1842 3026 τὸ
1874 2967 1966 3024 λέ-

2145 2972 2198 3025 8.
2257 2971 2472 3027 Verum
2528 2981 2590 3028 ut
2640 2975 2711 3029 ad
2770 2973 3024 3029 historias
3080 2974 3342 3031 ordinem
3398 2976 3722 3032 redeamus.

317 3083 456 3140 γειν,
495 3062 521 3116 ὁ
553 3059 836 3125 Σικελικὸς
879 3063 1106 3137 στρατὸς
1158 3069 1260 3131 τῆς
1302 3059 1521 3124 πόλεως
1578 3059 1975 3128 Θεσεαλονίκης

311 3146 472 3205 ἔνδον
505 3149 800 3222 γενόμενος
841 3150 940 3204 ὅσα
985 3148 1078 3202 καὶ
1129 3149 1223 3203 οἷα
1275 3149 1351 3221 μή
1402 3152 1517 3219 Θεῷ
1549 3145 1681 3220 φίλα
1707 3143 1972 3213 τετέλεκε,

309 3239 449 3294 κατὰ
481 3240 582 3308 τὴν
616 3233 776 3308 ἕκτην
801 3239 1011 3311 ἡμέραν
1031 3241 1131 3292 τοῦ
1157 3237 1474 3313 Αὐγούστου
1509 3237 1704 3309 μηνὸς,
1735 3241 1833 3304 τῆς
1861 3232 1975 3306 τρί-

309 3349 412 3397 της
478 3326 877 3400 ἐπινεμήσεως,
917 3331 1014 3382 τοῦ
1064 3325 1538 3400 έξακισχιλιοστοῦ
1591 3323 1973 3394 ἐξακοσιοστοῦ

317 3415 679 3487 ἐνενηκοστοῦ
705 3414 795 3470 καὶ
824 3414 1010 3492 τρίτου
1040 3408 1215 3484 ἔτους,
1264 3421 1364 3484 τῆς
1409 3413 1781 3492 τειχομαχίας
1811 3413 1975 3486 ἀρξά-

323 3525 507 3580 μενος,
535 3504 628 3559 καὶ
661 3505 1004 3581 συμπεράνας
1042 3503 1241 3572 ταύτην
1290 3497 1548 3564 ἀϐλαϐῶς
1590 3501 1762 3572 ἑαυτῷ
1800 3500 1970 3570 πάντη

317 3595 456 3652 κατά
485 3597 584 3664 τὴν
628 3593 881 3668 πέμπτην
931 3593 1020 3649 καὶ
1072 3591 1297 3662 δεκάτην
1345 3596 1442 3647 τοῦ
1475 3592 1638 3646 αὑτοῦ
1671 3591 1862 3662 μηνός.
1895 3589 1973 3646 Ού

326 3688 492 3760 μόνον
519 3684 722 3753 τοίνυν,
756 3685 831 3746 ὡς
872 3683 1154 3759 ἐλέγομεν,
1183 3687 1280 3738 τοῦ
1327 3681 1576 3754 πόλέμου
1625 3678 1973 3753 ἐνισταμένου

319 3775 546 3831 ατὰ-τῶν
595 3772 740 3828 ὅλων
785 3772 1112 3837 πεπόνθασιν
1160 3773 1211 3826 οἱ
1260 3769 1668 3830 Θεσσαλονικεῖς
1700 3769 1972 3845 χείριστα,

321 3862 470 3919 ἀλλᾶ
516 3862 607 3918 καὶ
664 3860 862 3917 τούτου
893 3860 1158 3931 λήξαντος
1199 3859 1296 3914 ούκ
1327 3857 1544 3934 ἔρρεψεν
1576 3860 1611 3927 ἠ
1642 3857 1787 3931 τύχη
1838 3856 1972 3932 πρὸς

318 3953 383 4007 τὸ
415 3950 830 4028 φιλάνθρωπον,
872 3948 986 4005 οὐδ’
1031 3947 1232 4005 ἐνεῖδον
1287 3949 1472 4009 αὐτοῖς
1501 3950 1552 4003 οἱ
1583 3946 1974 4022 αἱχμαλωτεύ-

320 4061 508 4104 σαντες
536 4043 768 4114 ἣμερονο
823 4039 883 4094 οὑ
943 4040 1046 4117 γάρ
1107 4040 1295 4093 οὶκιῶν
1356 4038 1522 4111 μόνον
1553 4035 1682 4099 τοὺς
1713 4032 1974 4096 δεσπότας

319 4128 588 4202 ἐξήλασαν
647 4129 734 4183 καὶ
796 4133 902 4182 τῶν
953 4125 1434 4199 κειμηλιουμένων
1478 4124 1627 4187 ἐντὸς
1674 4123 1972 4198 ἀπεστέρη-

320 4240 417 4275 σαν
449 4219 601 4274 αὐτοὶ
643 4223 810 4274 ταῦτα
862 4215 1212 4291 ίδιωσάμενοι
1262 4218 1344 4290 [Ρ.
1380 4218 1528 4288 195].
1581 4213 1725 4269 ἀλλὰ
1777 4217 1866 4268 καὶ
1908 4213 1975 4269 τά

2084 3062 2316 3118 Siculus
2345 3065 2656 3134 exercitus,
2687 3064 3103 3120 Thessalonica
3132 3070 3368 3136 potitus,
3402 3065 3510 3121 hoc
3550 3067 3723 3121 modo

2086 3159 2385 3223 grassatus
2416 3157 2504 3208 est
2533 3153 2660 3209 sine
2693 3153 2805 3208 ullo
2838 3163 3098 3226 respectu
3131 3154 3250 3210 Dei.
3285 3153 3498 3210 Urbem
3544 3171 3722 3226 oppu-

2086 3256 2262 3312 gnare
2290 3239 2464 3312 coepit
2490 3247 2649 3296 sexto
2681 3241 2777 3297 die
2835 3242 3053 3298 mensis
3091 3244 3356 3314 Augusti,
3408 3243 3724 3300 indictione

2087 3328 2276 3396 tertia,
2301 3346 2454 3385 anno
2491 3329 2678 3386 sexies
2718 3330 3018 3387 millesimo
3069 3331 3492 3388 sexcentesimo
3539 3349 3724 3389 nona-

2087 3419 2300 3489 gesimo
2331 3420 2497 3474 tertio
2531 3436 2546 3487 ;
2578 3433 2820 3490 eamque
2875 3419 3027 3491 cepit
3081 3420 3206 3476 sine
3263 3421 3381 3477 ullo
3412 3438 3516 3477 suo
3546 3423 3720 3477 detri-

2088 3511 2286 3563 mento
2307 3508 2565 3578 ejusdem
2594 3507 2811 3563 mensis
2842 3508 2932 3564 die
2983 3507 3206 3564 decima
3253 3510 3486 3580 quinta;
3534 3526 3724 3581 neque

2086 3611 2217 3652 vero
2272 3597 2521 3651 durante
2579 3596 2727 3653 bello
2812 3597 3094 3652 duntaxat
3176 3597 3729 3654 Thessaloniceoscs

2087 3681 2431 3753 gravissime
2454 3687 2594 3738 sunt
2617 3682 2841 3747 afﬂicti,
2870 3685 2966 3738 sed
3005 3699 3109 3738 nec
3141 3699 3206 3738 eo
3247 3683 3413 3739 ﬁnito
3436 3685 3727 3740 fortunam

2086 3775 2397 3844 aequiorem
2457 3773 2790 3828 habuerunt
2847 3779 2949 3828 aut
3007 3775 3253 3830 victores
3322 3774 3728 3832 clementiores

2087 3863 2240 3917 893
2263 3869 2399 3915 sunt
2425 3865 2644 3932 experti
2679 3880 2692 3930 ;
2724 3861 2821 3932 qui
2853 3879 2969 3917 non
3027 3863 3282 3918 cantanti
3331 3863 3590 3935 expulsis
3633 3866 3730 3920 do-

2087 3951 2260 4007 minis
2280 3951 2430 4005 aedes
2451 3957 2508 4005 et
2526 3952 2724 4006 omnia
2746 3970 2872 4024 quae
2896 3953 2954 4007 in
2977 3952 3050 4009 iis
3071 3960 3232 4008 ercnt
3260 3952 3372 4008 sibi
3407 3952 3723 4024 vindicare,

2086 4041 2259 4097 etiam
2292 4043 2479 4096 vestes
2508 4039 2592 4095 eis
2651 4046 2994 4114 rapuerunt,
3054 4057 3126 4098 ne
3183 4041 3446 4099 interulis
3486 4044 3722 4115 quidem

2086 4127 2325 4191 relictis,
2358 4126 2573 4198 quibus
2603 4143 2667 4181 ea
2699 4133 3024 4198 tegerentur
3053 4145 3178 4198 quae
3227 4135 3434 4185 natura
3477 4131 3586 4202 tegi
3624 4148 3724 4188 vo-

2087 4215 2242 4285 luit;
2288 4232 2388 4271 nec
2443 4215 2697 4271 frustum
2759 4216 2925 4288 panis
2983 4217 3237 4273 dominis
3297 4219 3721 4292 impertiebant,

319 4307 517 4382 ⁴ίμάτια
545 4306 1000 4384 προσαφείλοντο,
1053 4303 1195 4379 μηδὲ
1249 4308 1357 4360 τῶν
1410 4303 1653 4379 ἐσχάτων
1689 4300 1970 4358 ὑποδυτῶν

2088 4320 2338 4376 quorum
2363 4304 2514 4360 bona
2543 4308 2910 4377 occuparant.
2941 4305 3051 4362 Sed
3101 4305 3336 4363 Barbari
3366 4309 3635 4366 sedentes
3665 4311 3721 4365 in

320 4395 702 4472 ἀποσχόμενοι
759 4399 866 4450 τῶν
925 4391 1276 4468 κρυπτόντων
1327 4391 1361 4445 a
1400 4393 1434 4460 ἡ
1486 4390 1642 4468 φύσις
1689 4390 1764 4453 ώς
1793 4389 1974 4464 ἀσχή-

324 4505 465 4558 μονα
531 4483 826 4539 καλύπτειν
876 4480 1113 4554 ἐπέταξε,
1187 4482 1326 4553 μήτε
1403 4480 1510 4552 μὴν
1563 4477 1799 4554 τρύφους
1856 4483 1972 4540 τοῖς

319 4572 613 4635 δεσπόταις
675 4569 1047 4646 μεταδιδόντες
1092 4571 1165 4624 ὧν
1211 4569 1365 4625 αὐτοί
1421 4587 1520 4643 περ
1579 4567 1653 4628 είς
1709 4567 1835 4630 τοὺς
1877 4566 1973 4622 κό-

317 4685 454 4727 πους
510 4659 955 4732 εἰσεληλύθεσαν,
1016 4658 1139 4715 ἀλλ’
1199 4656 1346 4712 θ’ίκοι
1425 4656 1518 4728 μὶν
1578 4655 1629 4709 οἱ
1683 4654 1970 4730 ἀλλότριοι

316 4755 626 4824 καθήμενοι
680 4748 1026 4806 κατεσπάθων
1107 4747 1174 4802 τά
1267 4743 1452 4800 ἐνόντα
1537 4743 1626 4798 καὶ
1703 4743 1969 4819 ὁσημέραι

322 4841 634 4914 ἐκώμαζον,
682 4837 811 4900 τοὺς
870 4834 928 4892 δὲ
982 4834 1449 4913 συγκεκομικότας
1507 4831 1584 4894 εἷς
1621 4832 1718 4895 τὰς
1776 4833 1971 4894 σιπύας

319 4931 448 4985 εἰων
479 4928 570 4984 ἐπὶ
599 4931 708 4982 τῶν
765 4923 998 5002 τριόδων
1052 4925 1349 4994 πλάζεσθαι
1396 4919 1667 4992 νήστιδας,
1703 4922 1971 5001 χαμαιεύ-

321 5039 438 5088 νας,
470 5014 822 5093 γυμνόποδας
859 5014 951 5071 καὶ
1009 5031 1281 5089 αχιτωνας
1341 5011 1415 5074 ὠς
1472 5010 1664 5082 κλίνην
1697 5014 1790 5083 μέν
1823 5007 1967 5087 ἔχειν

319 5107 448 5170 τοὺς
504 5105 772 5182 πρότερον
830 5103 1169 5182 εὑπαρύφους
1226 5102 1289 5155 τὸ
1348 5097 1600 5166 δάπεδον,
1655 5099 1846 5177 στέγην
1876 5101 1968 5157 τὸν

320 5197 574 5271 οὐρανὸν,
639 5195 738 5263 τήν
799 5190 857 5248 δὲ
911 5191 1136 5266 κοπρίαν
1189 5187 1480 5264 θαλπωρὸν
1516 5185 1756 5261 δέμνιον.
1789 5193 1854 5247 ‘0
1914 5188 1971 5245 δὲ

321 5290 514 5362 χεῖρον
569 5287 676 5338 τῶν
734 5283 1132 5363 ἀφηγουμενων
1203 5278 1294 5333 καὶ
1366 5276 1472 5338 ἓως
1548 5276 1717 5346 αὑτῆς
1777 5276 1969 5334 δάκνον

2084 4394 2306 4449 aedibus
2336 4393 2836 4464 comessahantur,
2859 4397 2916 4448 ct
2949 4410 3052 4465 per
3087 4394 3288 4449 luxum
3337 4413 3406 4450 ea
3451 4398 3722 4454 absume-

2083 4481 2226 4536 bant
2272 4499 2396 4552 quae
2450 4498 2818 4553 possessores
2869 4491 3086 4538 veteres
3144 4484 3368 4552 magnis
3424 4483 3722 4541 laboribus

2081 4576 2559 4642 comportarant;
2611 4588 2675 4626 ac
2732 4575 2854 4626 tum
2918 4571 2975 4626 in
3033 4571 3220 4625 triviis
3272 4573 3458 4641 jejuni
3491 4578 3548 4627 et
3581 4575 3721 4630 nudi

2081 4660 2456 4726 oberrabant,
2491 4660 2592 4731 qui
2624 4660 2848 4715 dudum
2882 4659 3055 4715 lautis
3086 4660 3339 4715 vestibus
3368 4660 3557 4717 induti
3607 4663 3722 4717 fue-

2081 4753 2232 4804 rant.
2259 4748 2497 4803 Lectum
2552 4747 2844 4803 habebant
2884 4751 3123 4812 terram,
3173 4754 3446 4821 tegumen
3492 4749 3719 4817 omium,

2081 4838 2280 4892 fimeta
2314 4852 2416 4909 pro
2448 4835 2746 4908 stragulis.
2781 4837 2849 4892 Et
2878 4838 3030 4908 quod
3066 4837 3187 4892 haec
3217 4838 3413 4894 omnia
3459 4846 3719 4910 superat,

2080 4931 2138 4982 et
2166 4927 2236 4982 ad
2269 4925 2458 4996 ipsum
2492 4940 2676 4997 usque
2707 4941 2807 4981 cor
2832 4936 3110 4997 penetral,
3143 4943 3255 4982 non
3311 4927 3524 4983 licebat
3563 4929 3720 4998 prio-

2080 5017 2244 5073 ribus
2274 5015 2530 5072 dominis
2559 5017 2713 5072 mdes
2744 5015 2990 5089 ingredi.
3047 5018 3209 5082 Quod
3259 5019 3309 5074 si
3341 5021 3474 5092 quis
3510 5022 3722 5075 fecerat

2080 5110 2180 5162 aut
2207 5103 2410 5161 saltem
2443 5104 2886 5177 introspexerat,
2909 5105 3100 5161 statim
3125 5105 3503 5162 inclementer
3519 5109 3574 5163 in
3589 5125 3717 5164 eam

2079 5193 2610 5266 pertrahebatur,et
2631 5193 2881 5248 subinde
2902 5209 3139 5250 causam
3176 5196 3488 5264 rogabatur
3520 5213 3625 5252 cur
3653 5215 3718 5253 eo

2079 5283 2381 5354 ingressus
2411 5286 2564 5338 esset
2593 5286 2698 5338 aut
2726 5281 3167 5354 introspexisset
3205 5289 3306 5340 aut
3361 5284 3536 5340 limen
3587 5287 3716 5341 atrii

318 5356 532 5448 φυχῆς,
594 5370 693 5427 οὑκ
744 5356 864 5441 ἐξῆν
911 5374 1027 5432 τοῖς
1080 5367 1273 5442 πρώην
1324 5362 1608 5428 δεσπόταις
1633 5365 1965 5441 παρεισιέναι

2086 5371 2463 5428 :alcasset.Ac
2497 5370 2699 5427 multis
2732 5369 2918 5443 plagis
2948 5371 3199 5442 acceptis
3239 5373 3542 5444 pecuniam
3579 5374 3718 5428 dare

1702 5498 1868 5561 Hier.
1903 5497 2116 5560 Wolﬁi
2144 5504 2331 5560 notae.

395 5627 515 5702 (16)
549 5623 824 5687 Φλῶντςς.
859 5623 1090 5680 Scilicet
1119 5621 1219 5689 τὴν
1245 5619 1512 5700 κεφαλήν.
