4126 6294
368 403 490 464 659

1689 399 1998 464 NICETE
2041 399 2467 464 ΟΗΟΝῙΑΤΔ

3667 397 3794 460 660

375 535 716 611 cogebatur,
748 553 927 610 quam
962 533 1082 594 illic
1111 535 1438 592 occultasse
1467 533 1805 608 putabatur,
1846 549 2022 608 eaque

2139 533 2230 588 τὸν
2265 534 2417 589 οἶκον
2445 531 2644 604 αὐτῶν,
2675 528 2804 588 ἀλλ’
2843 527 2896 588 εἷ’
2944 549 3027 594 τις
3062 531 3227 586 τοῦτο
3271 526 3562 607 εἰργάσατό
3592 547 3728 586 ποτε
3755 528 3792 598 ἢ

375 628 448 682 de
469 643 648 682 causa
669 625 1058 698 perlustrasse
1083 625 1348 697 domum,
1383 629 1652 682 metuens
1678 641 1748 680 ne
1773 623 2026 696 sublata,

377 721 478 774 aut
497 734 564 772 ea
588 719 744 785 parte
762 713 973 770 aedium
1003 715 1158 772 894
1181 715 1238 769 in
1268 733 1384 788 qua
1435 715 1642 772 lateret
1691 715 2028 772 accuratius

374 807 722 882 perquisita,
755 807 828 862 ab
859 805 1126 862 hostibus
1160 805 1394 861 inventa
1425 811 1596 874 esset,
1629 810 1727 862 aut
1779 805 1906 879 ipse
1938 805 2028 860 di-

374 895 654 970 ligentius
671 911 799 952 eam
823 895 1112 950 occultare
1163 893 1351 951 vellet.
1385 895 1540 968 Saepe
1578 899 1770 952 autem
1810 897 2027 952 factum

379 991 470 1044 est
501 991 566 1042 ut
598 983 698 1058 qui
729 983 786 1040 id
821 983 1060 1040 dederat
1091 986 1241 1056 quod
1279 983 1510 1056 provisa
1545 983 1892 1057 migratione
1923 1001 2032 1041 sua

379 1075 702 1142 abdiderat,
743 1071 924 1128 nihilo
957 1071 1154 1129 minus
1185 1073 1386 1144 ﬂagris
1447 1071 1767 1130 caederetur
1798 1082 1853 1129 et
1890 1089 2024 1146 gra-

375 1164 636 1222 vioribus
657 1163 964 1219 tormentis
999 1161 1384 1232 cruciaretur,
1419 1167 1485 1219 ut
1515 1161 1686 1236 plura
1731 1163 2031 1220 recondita

376 1252 682 1310 indicaret.
715 1250 879 1308 Alius
913 1251 1009 1322 qui
1047 1249 1196 1307 nihil
1229 1251 1430 1318 dabat,
1486 1252 1588 1308 sed
1641 1267 1721 1320 se,
1755 1257 1818 1307 ut
1849 1269 2026 1320 nunc,

374 1343 458 1398 ita
485 1339 652 1414 prius
685 1341 860 1398 etiam
893 1339 1074 1396 fuisse
1099 1355 1434 1412 pauperem,
1468 1339 1786 1412 patriaeque
1815 1341 2029 1397 domus

378 1435 481 1488 aut
510 1429 742 1502 magnis
775 1430 899 1484 suis
928 1427 1269 1502 sumptibus
1309 1435 1616 1485 exstructa:
1674 1429 1966 1485 desiderio
1997 1448 2029 1486 a

377 1520 674 1594 proposita
707 1517 796 1574 via
817 1517 907 1574 vel
939 1517 1184 1574 invitum
1208 1518 1565 1574 abstractum
1599 1533 1728 1574 esse
1767 1517 2028 1574 afﬁrma-

375 1612 499 1679 bat,
530 1613 598 1666 ut
627 1625 765 1666 suas
825 1608 1226 1682 possessiones
1287 1609 1465 1664 simul
1517 1613 1576 1666 et
1628 1613 1914 1682 spectaret
1971 1613 2029 1664 et

375 1697 808 1772 deploraret,ne
830 1698 880 1754 is
902 1697 1138 1770 quidem
1163 1697 1620 1754 misericordiam
1646 1689 1980 1754 inveniebat
2011 1715 2026 1766 ;

376 1788 479 1846 sed
513 1788 571 1844 in
601 1787 926 1845 cruciatum
960 1787 1236 1860 abreptus
1267 1791 1323 1842 et
1352 1787 1498 1858 pede
1519 1803 1845 1860 suspensus
1885 1787 2026 1842 sub-

2137 623 2302 696 μόνον
2361 621 2668 700 προύκοψεν
2729 617 2934 692 ἔνδοθι,
2993 619 3184 676 αὐτίκα
3241 618 3316 682 ὦς
3374 619 3478 675 ὐπὸ
3529 613 3794 688 Σκύλλης

2133 710 2372 788 ἀρχαίου
2432 715 2600 767 κακοῦ
2650 715 2759 766 τῶν
2821 709 2968 770 me;
3030 707 3200 778 αὐτῆς
3272 708 3643 781 ἀνηρπάζετο,
3700 709 3790 762 καὶ

2135 801 2525 877 θαθιστάμενος
2585 802 2659 863 εἰς
2720 799 2920 874 λόγους
2999 797 3088 853 xui
3153 797 3432 860 πολλάκις
3493 799 3555 852 τὸ
3615 795 3794 852 αἴτιον

2135 887 2550 966 διερωτώμενος
2595 895 2692 946 τοῦ
2751 889 2919 945 ἐκεῖσε
2975 881 3311 963 παραϐαλεῖν
3362 886 3396 956 ἢ
3450 882 3606 960 ὄμμα
3671 891 3792 950 τοῖς

2133 975 2240 1034 ἔσω
2301 979 2488 1055 βαλεῖν
2519 979 2555 1050 ἢ
2587 980 2677 1034 τὸν
2739 975 2899 1033 οὐδον
2949 983 3046 1046 τῆς
3104 973 3330 1032 αὐλείου
3373 981 3613 1044 πατῆσαι
3645 971 3792 1030 πολ-

2135 1065 2238 1130 λὰς
2296 1065 2560 1144 έδαίρετο,
2639 1066 2732 1122 καὶ
2819 1067 3082 1142 χρήματα
3177 1065 3440 1140 παρέχειν
3509 1083 3792 1142 κατηναγ-

2131 1157 2346 1228 κάζετο,
2449 1157 2482 1212 ἅ
2581 1155 2752 1212 ἐκεῖσέ
2827 1175 2932 1210 που
3021 1152 3369 1210 ὑπωπτεύετο
3443 1151 3788 1229 κατακρύψαι

2131 1246 2222 1300 καὶ
2254 1247 2342 1309 οἷς
2369 1247 2469 1316 τὴν
2527 1243 2751 1322 καρδίαν
2809 1239 2970 1314 δῆθεν
3022 1241 3230 1318 έκχέων
3285 1243 3373 1298 καὶ
3429 1244 3552 1297 οἷον
3583 1235 3792 1316 συμϐε-

2134 1327 2408 1410 ϐυσμένην
2441 1335 2631 1412 αὐχῶν
2683 1331 3126 1408 περιπαπταίνειν
3168 1332 3432 1407 προήχθη
3461 1332 3526 1387 τὸ
3557 1329 3789 1404 οἴκημα,

2133 1422 2324 1488 δεδιὼς
2385 1427 2462 1500 μή
2536 1425 2856 1497 σεσύληνται
2911 1425 3004 1480 καί
3049 1421 3294 1480 σπεύδων
3351 1427 3542 1497 μαθεῖν
3592 1423 3638 1478 εἰ
3691 1421 3794 1478 οὐκ

2132 1513 2293 1581 ἔλαθε
2341 1515 2403 1572 τὸ
2465 1515 2626 1592 μέρος
2679 1523 2780 1586 τῆς
2837 1515 3012 1576 οἰκίας
3069 1516 3196 1578 τοὺς
3251 1511 3562 1588 πολεμίους
3610 1515 3732 1578 καθ’
3763 1513 3794 1567 ὂ

2131 1609 2299 1662 ταῦτα
2356 1605 2736 1683 ἐγκέκρυπται,
2805 1603 3227 1680 ἐπιμελέστερον
3286 1605 3410 1680 περὶ
3467 1605 3570 1675 τὴν
3611 1603 3792 1660 αὐτῶν

2134 1693 2472 1751 διατεθεντας
2549 1695 2819 1772 ἀνεύρεσιν
2893 1695 2930 1764 ἤ
3007 1695 3169 1756 αὐτὸς
3245 1691 3644 1774 ἀσφαλέστερον
3713 1695 3792 1756 ὡς

2134 1783 2316 1856 εἳησαν
2380 1784 2583 1864 ἀφανῆ.
2643 1785 2746 1842 Καὶ
2802 1781 2985 1845 διδοὺς
3026 1781 3118 1839 οὖν
3177 1801 3260 1844 τις
3326 1780 3600 1846 πολλάκις
3659 1782 3792 1860 ὅπερ

370 1877 548 1949 jectis
577 1877 762 1950 paleis
811 1875 1070 1932 incensis
1129 1877 1291 1931 fumo
1350 1875 1701 1942 torrebatur,
1761 1891 2022 1932 concaca-

2139 1871 2441 1928 συνέστειλε
2491 1873 2589 1942 τήν
2650 1871 2709 1928 έκ
2765 1869 2862 1928 τοῦ
2922 1869 3178 1946 δώματος
3205 1872 3370 1928 αὐτοῦ
3400 1873 3790 1947 προορώμενος

377 1965 834 2035 batur,verubus
856 1964 1038 2021 latera
1057 1965 1464 2038 pangebatur;
1494 1971 1551 2018 et
1572 1963 1704 2020 aliis
1744 1963 2027 2022 sexcentis

379 2059 570 2131 ptenis
601 2057 922 2129 exagitatus
953 2059 1056 2110 aut
1085 2055 1144 2109 in
1177 2051 1303 2124 ipsa
1351 2053 1861 2110 excarniﬁcatione
1899 2053 2029 2110 ani-

381 2162 541 2204 mam
572 2145 900 2211 exhalabat,
942 2147 1043 2199 aut
1073 2141 1438 2198 semianimis
1471 2143 1618 2214 pede
1672 2147 1832 2199 extra
1874 2143 2026 2200 aedes

375 2240 660 2308 tanquam
689 2236 1142 2307 purgamentum
1164 2236 1460 2288 extractus
1511 2231 1622 2288 sub
1670 2231 1764 2290 dio
1809 2233 1868 2288 in
1901 2233 2023 2306 pla~

377 2323 487 2380 teis
509 2325 764 2396 jacebat.

2137 1961 2392 2038 ἒίπαρσιν,
2432 1959 2548 2016 οὐδ’
2583 1959 2756 2024 οὕτως
2813 1959 3186 2037 ἠλλοτριοῦτο
3215 1966 3323 2017 τῶν
3374 1961 3787 2040 μαστιγώσεων.

2137 2049 2282 2108 ἀλλά
2335 2047 2562 2116 πλείους
2621 2051 2768 2126 αὐτῷ
2819 2051 3146 2108 ένετείνοντο
3199 2049 3254 2106 αἰ
3310 2051 3528 2130 πληγαὶ
3567 2051 3658 2107 καί
3689 2071 3794 2107 πο-

2137 2137 2505 2218 λυειδέστεραι
2567 2142 2621 2196 αἱ
2685 2141 2907 2218 βάσανοι
2963 2137 3255 2216 ἐπήγοντο,
3313 2141 3402 2196 ἳνα
3465 2142 3556 2196 xui
3617 2139 3792 2198 πλείω

2133 2231 2200 2286 τά
2257 2227 2794 2308 ἀποθησαυρισθέντα
2849 2233 3120 2309 ἐκφηνειε.
3181 2230 3286 2286 Καὶ
3341 2231 3418 2303 μὴ
3449 2231 3710 2308 παρέχων
3738 2229 3794 2286 δὲ

2133 2343 2216 2384 τις
2245 2319 2452 2400 ἕτερος,
2493 2320 2640 2378 ἀλλά
2667 2321 2920 2386 πένεσθαι
2977 2319 3064 2374 καὶ
3114 2324 3200 2374 νῦν
3255 2320 3329 2382 ὡς
3365 2319 3560 2393 πρώην
3591 2317 3798 2375 διατει-

375 2411 622 2484 νόμενος.
683 2408 775 2466 καὶ
834 2407 1054 2487 φάσκων
1116 2407 1190 2471 ὡς
1247 2407 1416 2472 πόθος
1473 2407 1729 2482 πατρῴου
1799 2407 2103 2484 οἰκήματος
2166 2413 2201 2482 ἢ
2261 2409 2500 2474 πολλαις
2555 2411 2644 2467 ὑπ’
2697 2410 2863 2466 αὐτοῦ
2921 2407 3181 2473 δαπάναις
3241 2408 3613 2486 ἀνεγερθέντος
3656 2429 3800 2487 παρ-

379 2499 614 2576 ενεγκὼν
645 2502 744 2568 τῆς
777 2497 1142 2574 προκειμένης
1171 2494 1300 2552 ὁδοῦ
1333 2498 1422 2552 καὶ
1452 2493 1652 2553 ἄκοντα
1681 2495 2043 2570 ἐπεσπάσατο,
2091 2501 2281 2571 θεατὴν
2339 2501 2452 2574 ἃμα
2502 2501 2588 2556 xui
2651 2501 2928 2576 θρηνητήν
2967 2503 3065 2554 τοῦ
3115 2496 3319 2554 οἰκείου
3351 2499 3481 2555 ποτὲ
3511 2499 3799 2576 κτήματος

379 2585 678 2660 ἀναδειεας,
712 2582 828 2644 οὐδ’
856 2589 1028 2650 οὕτως
1079 2585 1200 2664 εἶχε
1245 2583 1337 2642 τὸν
1380 2585 1635 2642 ἐλεοῦντά
1663 2609 1721 2644 τε
1749 2589 1836 2644 καὶ
1895 2587 2284 2664 λυτρούμενον,
2332 2591 2476 2646 ἀλλὰ
2525 2585 2947 2670 στρεϐλούμενοί
2975 2611 3034 2646 τε
3061 2589 3151 2644 καὶ
3177 2585 3537 2664 αἰκιζόμενοι,
3569 2589 3676 2645 κάκ
3704 2591 3802 2646 τοῦ

373 2675 542 2740 ποδὸς
573 2677 1020 2753 ἀπαιωρούμενοι
1068 2677 1158 2732 καὶ
1206 2675 1458 2756 ἂχυρμία
1506 2679 1744 2744 κάτωθεν
1795 2673 2236 2756 ὑποϐεϐλημένοι
2293 2681 2381 2735 καὶ
2419 2679 2777 2754 ἀναπτομένῳ
2807 2681 2934 2758 πυρὶ
2987 2679 3396 2754 καπνιζόμενοι,
3426 2677 3490 2733 τό
3526 2697 3587 2734 τε
3621 2679 3800 2752 στόμα

377 2766 732 2848 μινθούμενοι
765 2765 855 2824 καὶ
882 2767 976 2832 τὰς
1009 2765 1248 2842 πλευρὰς
1280 2765 1632 2842 κεντούμενοι
1667 2766 1850 2843 βέλεσι
1899 2769 1990 2824 καὶ
2049 2769 2244 2848 μυρίας
2291 2767 2463 2834 ἄλλας
2509 2767 2764 2834 κολάσεις
2797 2769 3152 2848 ὑφιστάμενοι
3183 2769 3218 2840 ἢ
3249 2773 3329 2842 τῷ
3355 2773 3529 2825 ταῦτα
3557 2768 3794 2844 πάσχειν

373 2843 693 2933 δξὲῥρησσον
733 2858 831 2926 τὴν
864 2858 1074 2935 ψυχὴν,
1107 2857 1142 2926 ἢ
1175 2860 1473 2932 ἡμιθνῆτες
1505 2855 1798 2934 ἑλκόμενοι
1827 2861 1925 2914 τοῦ
1957 2843 2336 2936 ποδὸςνῶσπερ
2367 2879 2418 2916 τι
2468 2867 2568 2930 τῆς
2601 2857 2775 2925 οἰκίας
2807 2843 3116 2936 ἒξεφέροντο
3149 2851 3520 2934 ἀποϐάρωμα,
3549 2857 3650 2914 κᾶν
3677 2843 3798 2922 ταῖς

366 2943 648 3010 πλατείαις
678 2947 1000 3022 προύκειντο
1035 2943 1264 3023 αἶ’θριοι.

441 3037 496 3092 9.
526 3037 676 3102 Quid
699 3038 727 3091 τ
756 3038 860 3094 tali
893 3037 1250 3108 benignitate
1290 3039 1470 3096 Siculi
1524 3042 1751 3096 veteres
1806 3039 2019 3096 aedium
2051 3041 2094 3111 C

375 3127 647 3184 dominos
675 3128 1000 3184 tractabant
1034 3129 1298 3184 :caeteris
1345 3146 1499 3198 vero,
1531 3130 1630 3202 qui
1683 3129 1831 3186 uades
1886 3147 2024 3186 suas

377 3225 441 3272 ut
460 3215 672 3272 inferni
695 3216 916 3286 fauces,
940 3221 1041 3272 aut
1060 3215 1352 3272 Creticum
1399 3217 1838 3292 Labyrinthum,
1870 3219 2019 3278 395

376 3307 478 3358 aut
505 3303 756 3358 Ceadam
787 3303 1136 3360 Laconicum
1198 3307 1590 3378 praeteribant,
1637 3307 2024 3366 humanitatis

378 3391 602 3464 aliquid
635 3391 1019 3448 tribuebant?
1047 3392 1285 3448 Minime
1313 3411 1468 3451 vero.
1528 3393 1676 3452 Nam
1725 3395 1878 3452 unde
1905 3395 2023 3454 illis

373 3479 510 3534 talis
541 3479 808 3544 affectus,
843 3479 942 3551 qui
977 3479 1112 3538 l'eris
1144 3479 1516 3540 immaniores
1571 3483 1844 3555 ignorant
1883 3483 2022 3558 quid

373 3567 454 3624 sit
477 3567 957 3634 misericordia,et
981 3569 1246 3627 cladibus
1269 3571 1576 3628 hominum
1611 3569 1974 3630 delectantur
1999 3571 2027 3628 ‘2

373 3674 548 3714 canes
579 3657 816 3730 quidem
851 3657 1113 3714 invenias
1159 3659 1258 3732 qui
1317 3661 1505 3734 captis
1557 3667 1822 3734 pareant,
1871 3662 2022 3718 ultro

374 3749 540 3806 hiatu
571 3749 710 3817 oris,
743 3765 946 3806 morsu
977 3753 1034 3806 et
1088 3748 1302 3807 latratu
1363 3767 1652 3824 represso,
1687 3753 1735 3810 si
1795 3753 1831 3810 ii
1877 3769 2024 3826 quos

375 3842 809 3912 persequuntur
837 3839 897 3896 in
948 3854 1141 3912 genua
1189 3841 1624 3912 procubuerint.
1667 3842 1768 3900 Isti
1800 3847 2018 3916 autem,

375 3933 606 3985 tantum
630 3928 830 3986 aberat
851 3932 915 3985 ut
936 3943 1139 3984 eorum
1163 3929 1564 3988 miseresceret
1584 3947 1731 4004 quos
1748 3931 2022 3988 omnibus

374 4017 582 4092 Opibus
615 4017 959 4091 spoliarent,
985 4024 1043 4074 et
1071 4034 1324 4090 quorum
1355 4035 1479 4076 rem
1513 4019 1864 4080 familiarem
1887 4037 2019 4076 cum

368 4107 579 4164 scortis
599 4108 1046 4176 consumebant,
1068 4125 1194 4182 qua:
1219 4110 1710 4168 consectabantur
1754 4109 2021 4168 maximi-

368 4213 484 4267 que
517 4195 826 4264 faciebant,
860 4201 925 4252 ut
955 4212 1098 4268 pene
1130 4199 1317 4272 alapis
1351 4199 1420 4254 ab
1451 4198 1536 4256 eis
1567 4199 1708 4256 caedi
1760 4215 1822 4256 se
1857 4203 2020 4270 pate-

371 4287 578 4340 rentur
605 4281 646 4339 ii
678 4283 778 4356 qui
809 4299 872 4340 se
920 4299 1088 4341 omne
1137 4285 1522 4342 Romanorum
1582 4287 1904 4360 imperium
1957 4294 2022 4342 ut

369 4373 666 4476 desertum
699 4371 934 4476 nidum.
963 4379 1348 4476 occUp‘aturos
1407 4380 1462 4430 ct
1502 4379 1561 4430 ut
1605 4392 1711 4431 ova
1739 4375 2016 4432 derelicta
2049 4413 2092 4476 Β

369 4460 708 4518 sublaturos
757 4461 1085 4534 jactabant.
1135 4461 1472 4520 Nuditatcm
1532 4481 1665 4521 vero
1705 4467 2014 4524 hominum

367 4551 654 4618 ridebant,
677 4557 734 4608 et
762 4549 1068 4608 cachinnis
1100 4552 1606 4620 concutiebantur,
1641 4554 1690 4610 si
1731 4556 1864 4626 quis
1900 4573 2017 4628 pra)

365 4641 540 4710 fame,
569 4641 750 4696 macie
775 4643 1076 4696 confectus
1128 4644 1230 4695 aut
1281 4642 1592 4698 tumefacto
1631 4649 1850 4714 ventre,
1889 4645 2016 4716 pal-

363 4729 484 4786 lida
514 4735 570 4786 et
603 4729 779 4786 livida
811 4729 954 4786 facie
985 4743 1058 4784 ex
1113 4727 1336 4784 olerum
1393 4734 1493 4784 aut
1553 4747 1793 4788 uvarum
1839 4732 2013 4800 victu,

363 4835 432 4874 ex
461 4819 741 4890 proximis
765 4817 952 4874 vineis
975 4832 1112 4873 cum
1169 4815 1428 4890 periculo
1487 4818 1748 4887 collecto,
1781 4827 2013 4891 printer-

363 4905 508 4960 ibat.
541 4907 624 4960 Ita
655 4921 822 4976 porro
881 4907 1314 4962 miserabantur
1371 4923 1472 4962 eos
1530 4907 1630 4979 qui
1678 4907 1884 4966 laceris
1917 4927 2016 4966 ve—

363 4992 554 5050 stibus
585 4993 1030 5056 utebantur,aut
1055 4994 1332 5050 arborum
1389 4995 1703 5052 corticibus
1743 4999 2016 5070 pudenda

362 5081 654 5150 velabant,
685 5081 839 5136 396
883 5085 986 5137 aut
1016 5095 1046 5137 θ
1077 5081 1393 5140 viminibus
1453 5085 1737 5142 contextis
1785 5085 2014 5159 pileolis

364 5169 558 5242 capita
591 5169 884 5242 tegebant,
917 5173 982 5224 ut
1010 5186 1146 5226 cum
1179 5172 1300 5228 risu
1331 5176 1388 5228 et
1417 5171 1643 5232 ludicro
1687 5179 1852 5246 gestu
1911 5175 2013 5234 ob-

365 5259 594 5317 viorum
617 5257 832 5314 barbas
857 5264 912 5314 et
931 5257 1176 5330 capillos
1201 5261 1484 5320 ambabus
1529 5263 1804 5321 manibus
1851 5281 2011 5322 com-

361 5347 815 5420 prehenderent,
849 5365 915 5402 ac
946 5347 1134 5406 hirtas
1165 5353 1220 5406 et
1249 5353 1566 5422 promissas
1616 5353 1742 5410 illas
1803 5354 2012 5412 barbas

365 5437 551 5492 malas
581 5453 730 5506 esse,
764 5436 992 5509 capillis
1045 5453 1178 5493 vero
1240 5454 1388 5510 opus
1447 5457 1575 5497 esse
1633 5444 1891 5501 dicerent
1949 5458 2012 5508 ut

364 5527 624 5598 ipsorum
649 5543 810 5583 more
837 5527 897 5582 in
932 5527 1134 5582 urbem
1165 5527 1564 5584 tonderentur.
1589 5531 1920 5602 Aliquando
1951 5535 2010 5589 in

366 5617 533 5689 equis
557 5617 743 5674 forum
773 5615 1245 5690 perambulantes
1268 5617 1541 5674 l‘raxineis
1559 5620 1743 5676 hastis
1769 5625 2011 5679 miseros

363 5707 820 5780 prosternebaut,
853 5707 910 5763 in
935 5707 1140 5763 ﬁmum
1170 5711 1269 5761 aut
1299 5705 1486 5764 lutum
1531 5710 1928 5782 potissimum,
1961 5713 2011 5767 si

2201 3041 2264 3106 θ’.
2324 3039 2389 3098 Τί
2452 3037 2555 3108 δέ;
2620 3037 2764 3094 ἀλλὰ
2821 3039 3094 3102 τοιούτοις
3157 3039 3253 3112 μὲν
3311 3033 3793 3116 φιλοφρονήμασιν

2133 3125 2428 3200 ἐδεξιοῦντο
2459 3129 2583 3190 τοὺς
2615 3127 2788 3183 πάλαι
2819 3132 2927 3182 τῶν
2961 3126 3146 3204 δόμων
3189 3125 3409 3202 γυρίους
3459 3127 3517 3181 οἰ
3557 3125 3782 3182 Σικελοὶ

2129 3219 2220 3272 xui
2251 3217 2587 3292 ἐθεράπευον·
2656 3216 2783 3279 τοὺς
2844 3215 2899 3272 δὲ
2961 3215 3211 3286 Λοιποίις,
3269 3217 3389 3272 ’ὀσοι
3456 3215 3548 3279 τὰς
3603 3215 3774 3269 αὐτῶν

2131 3307 2305 3370 οἰκίας
2353 3306 2690 3382 παρέτρεχον
2740 3307 2842 3362 ’ὀσα
2884 3307 2974 3361 καὶ
3024 3303 3156 3378 ᾅδου
3208 3303 3408 3381 στόμια
3447 3305 3481 3375 ἥ
3512 3297 3769 3377 λαϐύριν-

2132 3407 2222 3460 θον
2255 3397 2527 3472 Κρητικὸν
2587 3397 2621 3468 ἢ
2679 3393 2916 3454 Καιάδαν
2971 3397 3306 3463 Λακωνικὸν,
3357 3398 3575 3474 ἡμέρως
3606 3413 3772 3470 προσ-

2135 3485 2272 3542 ίεντο
2303 3487 2393 3542 xui
2441 3486 2712 3566 μετόχους
2771 3485 2990 3542 ἐποίουν
3051 3487 3463 3564 φιλανθρωπίας
3521 3485 3778 3554 ἡστινοσ-

2131 3578 2254 3644 οὖν;
2314 3573 2572 3650 οὐμενοῦν
2630 3573 2905 3650 οὐδαμῶς
2967 3577 3073 3630 ποῦ
3132 3575 3235 3656 γὰρ
3291 3574 3540 3630 τοιοῦτόν
3571 3595 3623 3628 τι
3653 3573 3780 3649 παρ’

2132 3663 2353 3729 ἐκείνοις
2385 3661 2740 3741 ἀγριωτέροις
2799 3663 2916 3720 οὖσι
2980 3667 3186 3740 θηρῶν,
3233 3663 3323 3720 καὶ
3373 3662 3520 3726 ὅλως
3577 3663 3784 3740 ἠγνοη-

2127 3752 2248 3808 κόσι
2277 3753 2329 3809 τί
2370 3751 2509 3809 ἐστιν
2544 3747 2718 3822 ἔλεος,
2769 3751 2860 3810 καὶ
2907 3759 3024 3816 ταῖς
3077 3753 3441 3830 ἀνθρωπίναις
3473 3755 3785 3830 συμφοραῖς

2129 3839 2514 3920 ἔπιχαίρουσι;
2563 3843 2652 3900 καὶ
2711 3841 2865 3906 κύνες
2930 3844 3024 3918 μὲν
3077 3837 3218 3899 ἔστιν
3270 3841 3378 3914 ὅπη
3431 3847 3540 3897 τῶν
3595 3841 3788 3898 ἐπικα-

2127 3929 2624 4009 ταλαμεανομένων
2703 3933 3029 4014 ἀπέσχοντο,
3100 3931 3211 3990 οὐδ’
3282 3929 3497 3988 ὀδοῦσιν
3579 3929 3788 3995 αὐτοὺς

2127 4023 2542 4097 παρελύπησαν,
2577 4021 2700 4078 ἀλλ’
2745 4025 2828 4086 οἷς
2857 4021 2921 4079 τὸ
2959 4023 3088 4098 γόνυ
3123 4019 3374 4079 ὣκλασαν
3414 4023 3466 4077 οἰ
3505 4019 3790 4078 καταδιω-

2126 4113 2374 4185 κόμενοι,
2407 4115 2652 4188 παρῆκαν
2713 4113 2862 4168 οὗτοι
2909 4111 2972 4168 τὸ
3031 4111 3306 4183 ὑλακτεῖν,
3339 4113 3426 4167 καί
3484 4111 3561 4167 εἰς
3597 4113 3788 4186 μάτην

2126 4201 2312 4266 αὐτοῖς
2371 4203 2581 4256 ἑκοῦσιν
2642 4197 2823 4278 ὥσπερ
2881 4197 3276 4274 ἀπετελεύτησε
3331 4201 3392 4256 τὸ
3453 4206 3664 4280 χανεῖν.
3717 4205 3789 4258 Οἱ

2127 4285 2184 4344 δὲ
2229 4293 2486 4344 τοσοῦτον
2537 4289 2768 4366 ἀπεῖχον
2813 4291 2910 4344 τοῦ
2958 4285 3238 4364 οἰκτείρειν
3288 4289 3380 4351 οὕς
3433 4293 3539 4343 τῶν
3600 4283 3788 4348 ὄντων

2125 4375 2415 4454 ἐστέρησαν
2445 4379 2537 4434 καὶ
2577 4401 2650 4434 ων
2681 4379 2776 4440 τὰς
2821 4375 3002 4441 οὐσίας
3041 4374 3425 4434 κατεδαπάνων
3471 4377 3606 4452 μετά
3634 4401 3794 4457 πορ-

2124 4471 2254 4538 νῶν,
2289 4467 2346 4530 ἃς
2377 4469 2463 4524 καὶ
2490 4469 2613 4543 περὶ
2644 4467 2903 4524 πλείστου
2937 4465 3174 4524 ἐτίθεσαν
3205 4467 3282 4530 εἰς
3309 4469 3404 4531 τὰς
3435 4469 3613 4524 αὐτῶν
3645 4492 3792 4548 τρο-

2118 4555 2245 4632 χιάς
2277 4554 2641 4626 ἐκκλίνοντες,
2670 4559 2758 4612 καὶ
2795 4557 2881 4636 ὑφ’
2913 4558 2985 4612 ὧν
3019 4559 3218 4632 μικροῦ
3247 4557 3336 4614 καί
3375 4553 3794 4635 κονδυλιζόμε-

2117 4666 2200 4700 νοι
2230 4639 2421 4724 ἔφερον
2456 4648 2506 4702 οἱ
2539 4651 2710 4702 πᾶσαν
2741 4647 2838 4716 τὴν
2867 4645 3158 4720 Ῥωμαίων
3205 4647 3580 4722 κομπάζοντες
3607 4669 3794 4705 κοιτα-

2120 4730 2388 4810 λήψεσθαι
2448 4735 2523 4798 ὼς
2581 4729 2787 4810 ἔρημον
2843 4735 3057 4790 νοσσιὰν
3118 4735 3206 4790 xui
3279 4735 3793 4814 ἐγκαταλελειμένα

2120 4822 2200 4896 ᾠὰ
2231 4823 2402 4900 ἀρεῖν,
2437 4825 2573 4882 ὥστε
2603 4825 2690 4880 καὶ
2723 4825 2798 4888 εἰς
2829 4824 3007 4902 γέλων
3043 4827 3141 4896 τὴν
3173 4827 3503 4904 γυμνητείαν
3534 4827 3790 4886 ἐτίθεσαν

2117 4915 2225 4968 τῶν
2257 4911 2512 4984 πολλῶν,
2571 4913 2662 4968 καὶ
2709 4914 2924 4986 ἀτάκτῳ
2973 4920 3284 4990 καγχασμῷ
3327 4911 3790 4992 συνεϐράσσοντο,

2119 5001 2280 5070 ἡνίκα
2336 5023 2417 5064 τις
2475 5001 2673 5080 παρῄει
2731 5002 3243 5079 ἐκτεταριχευμένος
3311 5006 3564 5080 ἀπαστίᾳ,
3623 5005 3794 5080 ᾠδη-

2116 5089 2197 5144 κὼ
2229 5091 2329 5160 τήν
2360 5091 2614 5167 γαστέρα,
2668 5093 2766 5160 τήν
2837 5089 2958 5165 ὄψιν
3015 5091 3278 5172 ’ὐπωχρὸς
3343 5093 3434 5148 xui
3489 5095 3792 5170 νεκρώδης

2116 5177 2176 5234 ἐκ
2229 5183 2327 5234 τού
2389 5178 2656 5256 λαχάνοις
2713 5177 3096 5256 ἐνευωχεῖσθαι
3147 5181 3232 5236 καὶ
3291 5181 3476 5256 μόνοις
3519 5183 3790 5262 ἐνεορτά-

2119 5271 2224 5338 ζειν
2263 5269 2516 5344 βότρυσιν
2552 5269 2610 5324 ἐκ
2655 5273 2760 5324 τῶν
2818 5267 2929 5324 ἐκεῖ
2983 5289 3086 5324 που
3155 5269 3497 5344 ἀμπελώνων
3533 5273 3632 5328 σὺν
3673 5271 3782 5332 δέει

2115 5356 2565 5435 συλλεγομένοις’
2626 5359 2783 5418 Οὕτω
2839 5355 2885 5412 δ’
2942 5359 3204 5436 ᾤκτειρον
3255 5359 3382 5423 τοὺς
3439 5359 3784 5441 διερῥωγὸσι

2115 5439 2497 5520 περιϐλήμασι
2535 5446 2935 5522 κεχρημένους,
2995 5445 3085 5502 xui
3143 5445 3604 5523 περιστέλλοντας
3641 5439 3788 5528 ψιά-

2115 5537 2180 5609 θῃ
2233 5531 2266 5588 ἃ
2319 5533 2576 5612 κρύπτειν
2633 5537 2812 5612 χρεὼν
2876 5537 3013 5612 μέρη
3054 5541 3156 5592 τοῦ
3209 5539 3491 5612 σώματος,
3524 5542 3621 5596 καὶ
3654 5551 3784 5608 ταῖς

2116 5627 2222 5677 τῶν
2267 5624 2468 5700 σχίνων
2529 5624 2808 5704 ἐκφύσεσιν
2862 5626 2938 5689 εἰς
2996 5625 3214 5706 πλίγμα
3269 5631 3788 5705 συνεστραμμέναις

2117 5711 2215 5778 τὴν
2249 5713 2492 5786 κεφαλὴν
2553 5715 2951 5785 συσκιάζοντας,
3013 5715 3149 5771 ὥστε
3205 5718 3339 5790 μετὰ
3399 5717 3786 5797 μειδιάματος
