4126 6294
314 325 438 390 σοι
1374 329 1475 391 DE
1515 325 1981 391 ANDRONIIO
2024 324 2415 388 COMNENO
2458 323 2600 387 LIB.
2647 323 2693 386 Ι.
3621 330 3741 393 662

316 463 411 518 καὶ
449 462 741 538 σεσηρότας
808 461 1099 538 σχήματος
1153 456 1208 519 ἰν
1266 466 1348 536 τῷ
1404 462 1542 519 κατᾶ
1596 463 1697 532 τὴν
1752 458 1960 536 πορείαι

2089 461 2245 533 quod
2279 461 2339 518 in
2371 462 2465 518 vis
2488 461 2859 533 jsoebat,ssu
2884 478 3196 520 occursum
3242 479 3443 522 eorum
3476 471 3543 523 ut
3586 470 3742 525 omi-

321 557 577 624 συναντᾷν
608 549 885 623 ἀλλήλοις
913 551 1249 633 ἀμφοτέραις
1282 549 1538 622 λάξεσθαι
1593 557 1703 607 τῶν
1750 548 1960 626 γενείωι

2085 566 2296 607 nosum
2330 551 2709 619 detestantes,
2743 552 2862 607 sive
2894 552 3098 608 eadem
3139 552 3232 609 via
3280 553 3413 611 illos
3470 555 3737 615 incedere

317 643 410 697 καὶ
462 645 562 697 τοῦ
643 648 748 712 τῆς
814 640 1058 719 κεφηλῆς
1112 640 1467 718 τριχώματος
1542 640 1822 711 ἅπτεσθαι,
1883 637 1960 696 καῖ

2084 640 2328 696 moleste
2362 645 2629 696 ferentes.
2662 641 2881 707 Quodsi
2938 641 2998 696 in
3047 642 3343 700 Romanos
3400 644 3735 704 incidebant

317 736 488 788 ταῦτα
529 731 625 807 μὶν
651 729 834 808 λέγειν
864 731 1000 787 εἶναι
1029 731 1190 802 κακὰ,
1216 730 1271 795 ἐς
1316 731 1381 787 τὸ
1448 730 1635 787 λάσιον
1692 731 1784 785 καὶ
1840 729 1972 783 καθ-

320 821 537 897 ειμένον
590 825 691 876 τοῦ
748 822 1014 897 πώγωνος
1069 820 1549 889 ἀποσκώπτοντας,
1615 820 1716 888 τήν
1775 816 1832 874 δὲ
1886 837 1971 873 κε-

317 910 499 992 φαλὴν
524 908 732 976 δεῖσθαι
782 913 879 966 τοῦ
935 911 1341 989 ἀποθριχθῆναι
1396 909 1515 966 κατ’
1570 909 1769 971 αὐτοὺς
1822 927 1970 982 περι-

310 999 589 1077 τρόχαλα.
622 1005 777 1058 ’Ἐστι
837 996 884 1056 δ’
941 1001 1032 1056 ὅτε
1085 999 1177 1057 καὶ
1240 1002 1374 1076 μετά
1431 996 1672 1075 δοράτων
1732 996 1966 1071 μελίνων

313 1088 543 1166 ἔφιπποι
573 1092 675 1161 τήν
707 1090 910 1167 ἀγοριὶν
959 1087 1189 1152 διιόντες
1240 1087 1299 1152 ἔς
1346 1088 1474 1152 τοὺς
1540 1091 1659 1145 κατ’
1703 1084 1826 1163 ὄψιν
1871 1106 1968 1142 ταο

310 1180 631 1257 λαιπώρους
659 1181 723 1237 τὸ
756 1177 889 1256 δόρυ
942 1176 1318 1257 κραδαίνοντες
1374 1178 1725 1254 ἀντὲτρεπον.
1791 1177 1852 1234 El
1909 1173 1969 1231 δὲ

310 1271 404 1326 καὶ
464 1269 586 1334 ἰλὺς
668 1270 705 1340 ἢ
777 1263 1047 1345 βόρϐορος
1127 1267 1289 1344 ἔγγὺς
1331 1289 1441 1324 που
1489 1265 1776 1344 παρέκειτο
1834 1286 1968 1322 κατ-

310 1358 489 1415 ἰκεῖνο
516 1357 581 1415 τὸ
643 1356 808 1433 μέρος
863 1363 966 1429 τῆς
1026 1356 1332 1434 λεωφόρου,
1392 1356 1587 1420 αὐτοὺς
1642 1350 1963 1426 ἐνέϐαλλον,

309 1448 382 1509 ὡς
464 1447 567 1503 οὐκ
631 1443 1050 1503 ἀποτελεστικὸν
1142 1445 1342 1521 ἀγειθεῦ
1412 1465 1564 1508 τινος
1645 1445 1963 1516 συνάντημα

308 1535 698 1612 ἱκτρεπόμενοί
775 1556 835 1591 τε
901 1535 994 1590 καὶ
1064 1535 1486 1610 μυσαττόμενοι,
1545 1532 1581 1602 ἢ
1636 1534 1737 1603 τήν
1792 1532 1960 1603 αὐτὴν

306 1624 536 1688 ἐκείνοις
597 1622 1117 1702 δυσανασχετοῦντες
1175 1623 1515 1695 πορεύεσθαι.
1580 1622 1850 1680 Ἐσθίουσι
1901 1620 1960 1678 δὲ

305 1734 439 1770 ποτε
467 1713 773 1787 Ῥωμαίοις
803 1712 963 1788 ἄρτον
1005 1712 1264 1787 ὀλυρίτην
1318 1712 1354 1782 ἤ
1412 1731 1464 1767 τι
1522 1708 1703 1786 ἕτερον
1765 1707 1960 1766 ἐδώδι-

2082 744 2233 801 pane
2262 729 2530 802 siligineo
2587 734 2687 786 aut
2738 730 2854 786 alio
2919 732 3198 802 quopiam
3245 733 3375 789 cibo
3406 741 3729 806 vescentes,

2081 817 2328 891 patellas
2386 834 2489 891 per
2539 818 2862 875 ludibrium
2942 821 3295 887 avertebant,
3356 822 3729 898 impulsaque

2080 921 2287 964 mensa
2307 907 2642 964 convivium
2669 909 3108 978 perturbabant,
3125 926 3315 983 neque
3338 928 3443 969 suo
3464 919 3725 986 tempore

2077 996 2286 1052 acerbo
2317 1012 2463 1067 pane
2492 995 2607 1052 frui
2638 997 2933 1063 sinebant,
2964 1003 3066 1053 aut
3094 1015 3340 1072 vappam
3371 1002 3460 1058 vel
3511 1019 3723 1075 aquam

2078 1085 2446 1141 immundam
2477 1084 2815 1158 tranquillis
2847 1085 3062 1143 animis
3094 1089 3311 1148 bibere.
3343 1092 3429 1146 Ad
3461 1092 3582 1148 hac
3614 1092 3723 1149 im.

2077 1175 2495 1247 pudentissimi
2527 1176 2842 1232 sanniones
2872 1193 2940 1233 ac
2968 1178 3071 1234 Dei
3103 1179 3254 1235 891
3293 1185 3726 1254 contemptores

2075 1264 2365 1333 inclinati,
2387 1266 2648 1323 attractis
2669 1267 2955 1336 vestibus,
2989 1269 3229 1340 podices
3252 1272 3311 1326 in
3355 1274 3727 1330 comedentes

2074 1356 2486 1412 convertebant
2507 1361 2565 1412 et
2587 1357 2734 1413 cibis
2758 1357 3008 1429 proximi
3029 1361 3398 1431 cppedebant
3428 1377 3442 1416 :
3483 1362 3725 1433 quidam

2073 1445 2246 1501 etiam
2282 1448 2558 1516 tanquam
2592 1460 2696 1517 per
2734 1446 3045 1517 siphonem
3095 1455 3456 1506 recrementa
3504 1451 3725 1507 ventris

2072 1533 2131 1588 in
2155 1532 2315 1588 cibos
2342 1540 2398 1588 et
2429 1534 2607 1590 facies
2663 1534 3085 1592 exsultantium
3140 1538 3607 1608 ejaculabantur.
3658 1541 3721 1595 In

2070 1626 2276 1693 puteos
2308 1621 2673 1694 mingebaut,
2708 1624 2862 1679 unde
2893 1629 3102 1695 postea
3158 1628 3533 1699 aquabantur
3565 1646 3580 1697 ;
3623 1645 3719 1686 eo-

2068 1710 2323 1783 demque
2351 1726 2508 1779 vase,
2568 1711 2732 1768 nulla
2788 1711 3005 1769 lotione
3064 1714 3346 1785 adhibita,
3414 1734 3571 1773 nunc
3615 1734 3716 1788 pro

307 1824 411 1879 μον
454 1801 629 1859 ὁπόσα
677 1807 925 1874 συνιστᾷν
980 1806 1140 1875 σῶμα
1194 1802 1260 1857 τὸ
1316 1801 1654 1875 ἀνθρώπινον
1712 1796 1956 1875 ἔχουσιν,

307 1894 323 1903 -
479 1895 490 1903 .
706 1890 721 1903 .
769 1892 781 1903 .
1089 1891 1102 1903 .
1269 1884 1362 1903 ι..
1449 1888 1464 1903 .
1602 1890 1653 1903 ...
1939 1888 1954 1903 .

2069 1800 2289 1856 matula
2318 1816 2474 1857 nunc
2527 1817 2631 1874 pro
2680 1800 2858 1857 calice
2918 1802 3250 1859 utebantur.
3283 1805 3497 1862 Christi
3541 1807 3712 1863 mini-

304 1894 655 1973 ἒφιστάμενοι
697 1890 985 1968 ἀνέτρεπον
1043 1891 1113 1946 τὰ
1162 1884 1398 1965 τρυϐλία
1445 1888 1806 1963 ἐμπαίζοντες
1864 1888 1955 1944 καὶ

301 1985 405 2052 τήν
457 1982 730 2052 τράπεζαν
786 1979 1044 2052 λάξαντες
1109 1978 1363 2054 συνέχεον
1416 1979 1518 2048 τήν
1578 1978 1838 2046 ἑστίασιν,
1868 1977 1959 2033 καὶ

309 2072 408 2129 οὐκ
437 2069 565 2128 εἴων
593 2070 730 2127 κατὰ
758 2071 946 2145 καιρὸν
978 2070 1070 2125 τὸν
1099 2071 1201 2139 τῆς
1253 2066 1453 2139 ὀδύνης
1512 2069 1672 2143 ἄρτον
1737 2066 1961 2143 προσίε-

299 2174 422 2227 σθαι
451 2159 489 2233 ἤ
519 2162 621 2231 τήν
653 2158 853 2216 κύλικα
885 2160 1004 2232 μεθ’
1057 2156 1304 2234 ἡσυχίας
1358 2154 1814 2234 προσενέγκασθαι
1869 2155 1958 2212 ἐκ·

300 2249 532 2327 τροπίαν
576 2250 724 2305 οἶνον
760 2250 1035 2324 κιρνῶσαν
1066 2247 1103 2318 ἢ
1133 2243 1184 2321 ἐξ
1208 2243 1402 2308 ὓδατος
1443 2243 1707 2301 λακκαίου
1754 2242 1961 2315 δεξιου-

304 2341 471 2416 μένην
505 2338 600 2395 καὶ
630 2338 694 2397 τὸ
725 2335 882 2413 δίψος
913 2335 1206 2394 παύουσαν.
1257 2336 1319 2390 Οἱ
1380 2332 1428 2391 δ’
1485 2332 1754 2397 ἀναιδείας
1810 2331 1958 2404 πλη-

300 2428 678 2508 ρέστατιοικαὶ
716 2426 1027 2505 γελοιασταῖ
1080 2425 1169 2481 καί
1200 2425 1263 2481 τὸ
1323 2429 1473 2480 Θεῖον
1530 2421 1763 2486 δεδιότες
1824 2420 1957 2497 μηδ’

301 2521 580 2587 ὁπωσοῦν,
637 2517 1070 2579 κατακόπτοντες
1126 2513 1180 2579 ἐς
1239 2513 1422 2569 ἱκανὸν
1469 2514 1557 2568 καὶ
1625 2512 1721 2575 τὰς
1776 2513 1953 2587 πυγὰς

295 2609 385 2666 καὶ
417 2607 519 2665 ὅσα
557 2605 1004 2683 περιστέλλουσιν
1046 2601 1321 2680 ἅνθρωποι
1370 2607 1438 2678 τῇ
1507 2600 1785 2657 ἀνελκύσει
1840 2606 1950 2657 τῶν

2071 1892 2227 1946 stros
2250 1890 2308 1945 in
2333 1890 2850 1962 primogenitorum
2874 1890 3069 1947 album
3095 1892 3310 1950 relatos
3333 1896 3475 1950 adeo
3508 1912 3619 1951 non
3651 1900 3715 1952 ut

2070 1979 2264 2036 decuit
2294 1980 2740 2047 venerabantur,
2774 1996 2878 2037 nec
2922 1981 3091 2038 editis
3140 2000 3242 2054 per
3279 1999 3378 2040 eos
3412 1984 3712 2042 miraculis

2070 2068 2690 2140 movebantur,quibus
2719 2068 2984 2126 Christus
3032 2086 3132 2127 eos
3179 2077 3585 2128 remuneratur
3613 2072 3712 2146 qui

2069 2157 2193 2214 suis
2219 2158 2502 2214 membris
2531 2158 2644 2231 ipsi
2674 2158 2952 2215 honorem
2975 2159 3331 2231 habuerunt,
3357 2167 3420 2219 ut
3448 2179 3716 2233 unguen-

2063 2248 2191 2302 tum
2226 2247 2382 2318 qucd
2413 2262 2482 2303 ex
2511 2245 2873 2303 celeberrimi
2932 2248 3205 2322 martyris
3266 2253 3533 2308 Demetrii
3591 2269 3716 2310 mc-

2066 2339 2349 2392 numento
2368 2335 2762 2404 ebullit,cadis
2782 2342 2841 2394 et
2862 2336 3150 2395 lebetibus
3166 2345 3442 2397 naustum
3488 2341 3715 2414 patellis

2063 2424 2313 2497 piscium
2335 2424 2729 2495 infunderent,
2761 2442 2828 2482 eo
2872 2427 3270 2485 calceamenta
3319 2435 3625 2501 ungerent,
3657 2435 3715 2488 et

2063 2513 2137 2570 ad
2159 2518 2364 2570 cetera
2393 2513 2737 2580 ministeria,
2770 2515 2988 2586 quibus
3016 2517 3170 2573 898
3217 2518 3412 2574 oleum
3437 2519 3569 2575 usui
3601 2525 3708 2590 est,

2058 2607 2280 2658 temere
2299 2605 2357 2658 et
2386 2602 2653 2673 nequiter
2672 2603 3071 2660 abuterentur.
3105 2606 3167 2660 Id
3215 2622 3347 2661 vero
3399 2611 3461 2661 ut
3490 2624 3520 2661 θ
3552 2608 3706 2664 fonte

2059 2690 2404 2747 inexhausta
2435 2691 2710 2762 prodiens
2741 2695 2844 2747 aut
2871 2708 2941 2748 ex
2986 2693 3191 2765 abysso
3236 2695 3560 2752 scaturiens
3606 2712 3703 2752 co-

2058 2779 2283 2853 piosius
2314 2778 2611 2850 aiﬂuebat,
2644 2784 2702 2836 et
2731 2796 2876 2837 nova
2896 2781 3116 2838 ratione
3155 2784 3508 2851 exundabat,
3542 2790 3609 2840 ut
3643 2790 3700 2842 et

2056 2870 2293 2927 Barbari
2323 2886 2507 2927 unum
2537 2870 2596 2926 id
2628 2871 2981 2928 mirarentur
3006 2877 3063 2929 et
3101 2875 3285 2946 gratia
3339 2877 3578 2948 martyri
3612 2878 3694 2932 di-

292 2696 537 2770 ἐσθήτων
596 2697 1065 2773 ἀπογυμνοῢντες,
1123 2694 1216 2749 τὸν
1303 2690 1556 2769 πρωκτὸν
1625 2690 1685 2746 ἐκ
1753 2691 1949 2752 αὐτοὺς

292 2784 541 2862 ἔτρεπον,
589 2785 683 2841 καὶ
739 2789 846 2840 τῶν
900 2782 1087 2839 σιτίων
1127 2781 1402 2856 γινόμεεοι
1456 2776 1676 2855 ἔγγιστα
1713 2779 1951 2854 cini-nsp-

300 2872 395 2931 δον
418 2873 742 2951 δριμύτερον
775 2871 1029 2951 γαλῆςοὶ
1077 2865 1384 2945 ἀϐελτεροι.
1425 2869 1577 2926 Ἐστι
1638 2866 1686 2923 δ’
1735 2865 1824 2923 ὅτε
1856 2867 1946 2921 καὶ

290 2963 361 3020 τὰ
389 2969 491 3033 τῆς
513 2962 736 3039 γαστρὸς
765 2959 983 3035 λύματα
1034 2959 1111 3023 ὡς
1167 2955 1259 3014 διὰ
1316 2958 1555 3034 σίφωνος
1611 2962 1714 3026 τῆς
1783 2952 1945 3029 ἀδρας

2069 2959 2272 3015 rinitus
2303 2975 2577 3016 concessa
2612 2960 3114 3032 obstupescerent.
3138 2964 3299 3028 Quod
3353 2964 3403 3020 si
3448 2965 3694 3021 Romani

286 3051 653 3124 ἀκοντίξοντες
712 3046 964 3130 ἔχραινον
1018 3047 1087 3103 τὰ
1137 3045 1267 3121 δψα,
1320 3045 1412 3101 καὶ
1468 3045 1604 3100 κατᾶ
1632 3045 1741 3100 τῶν
1769 3064 1944 3119 προσ-

2069 3050 2120 3104 td
2146 3049 2437 3104 cauendae
2469 3048 2574 3105 Dei
2605 3050 2813 3106 laudes
2857 3051 2917 3106 in
2976 3050 3212 3124 templis
3261 3055 3701 3125 conveniebant,

284 3142 453 3197 ὡπων
510 3139 683 3202 ἐνίους
738 3136 1030 3212 ἕμόλυνον,
1087 3135 1378 3209 Ἐνούρουν
1436 3153 1495 3189 τε
1551 3139 1668 3196 τοῖς
1728 3133 1939 3211 φρέασι,

2069 3153 2125 3193 ιο
2155 3140 2280 3193 tum
2340 3137 2581 3209 quidem
2641 3155 2675 3195 a
2724 3138 2962 3196 militari
3033 3139 3349 3198 insolentia
3402 3142 3699 3199 immunes

282 3229 394 3290 xui,
423 3230 475 3300 ἐξ
539 3228 719 3284 αὐτῶν
777 3224 1022 3282 ἐσέπειτα
1050 3226 1113 3281 τὸ
1150 3226 1318 3280 ποτὸν
1379 3223 1711 3298 ἀνιμώμενοι
1740 3242 1941 3299 προσε-

2069 3236 2237 3283 arant.
2266 3207 2412 3283 Nam
2445 3228 2906 3299 importuniores
2931 3246 2999 3285 ex
3028 3229 3121 3299 iis,
3152 3246 3254 3303 per
3300 3232 3553 3302 speciem
3584 3249 3703 3288 una

286 3318 538 3398 φέροντο,
573 3318 679 3374 Καὶ
711 3316 774 3371 τὸ
799 3314 930 3371 αὐτὸ
962 3313 1090 3388 παρ’
1121 3312 1307 3373 αὐτοῖς
1352 3313 1620 3387 ποτήριον
1679 3312 1754 3375 ὡς
1813 3310 1942 3385 ἀμὶς

2069 3314 2300 3371 :anendi
2333 3314 2693 3372 etlaudandi
2750 3318 2850 3373 Dei
2909 3317 3182 3390 ingressi,
3241 3320 3707 3377 vociferabantur

286 3409 381 3465 καὶ
413 3406 657 3483 οἷνοχάη
688 3405 829 3480 πρὸς
866 3405 1035 3480 ἄμφω
1063 3402 1132 3472 ἦν
1165 3398 1495 3472 ἐπιτήδειον,
1546 3401 1623 3475 μὴ
1680 3402 1944 3475 πρότερον

2069 3406 2211 3460 inter
2241 3420 2366 3461 sese
2394 3409 2453 3461 et
2482 3406 2746 3462 confusis
2793 3406 3067 3462 clamoris
3112 3409 3559 3477 rumpebantur,
3599 3414 3702 3465 aut

290 3498 720 3574 βαπτιζόμενον,
767 3495 860 3550 τὸν
894 3514 953 3549 τε
991 3489 1503 3564 κασαποθησόμενον
1549 3492 1695 3545 οἶνον
1752 3488 1840 3545 καὶ
1884 3490 1947 3545 τὸ

2069 3492 2286 3550 )btorto
2318 3492 2467 3550 collo
2497 3494 2775 3551 Romanis
2804 3494 3103 3567 aliquibus
3133 3496 3206 3552 ob
3257 3497 3557 3554 fortuitum
3589 3499 3696 3555 ali-

285 3582 776 3665 ῧδωρείσεδέχετο.
808 3582 897 3638 καὶ
926 3574 1144 3656 ἔστεγεν
1177 3577 1390 3653 ὁμοίως
1414 3580 1476 3635 τὸ
1509 3578 1568 3635 ἐκ
1596 3583 1692 3649 τοῦ
1712 3598 1949 3652 σωματι-

2069 3598 2229 3656 quem
2283 3598 2489 3639 casum
2547 3584 2796 3656 arreptis
2852 3584 3153 3640 cautiones
3236 3585 3572 3651 turbabant,
3632 3592 3697 3644 ut

281 3681 382 3734 κοῦ
411 3678 645 3752 κρουνοῦ
670 3671 1042 3747 ἀποχεόμενον
1070 3668 1419 3745 περίττωμα.
1437 3669 1514 3726 Οὐ
1550 3668 1657 3742 μὴν
1691 3666 1836 3723 ἀλλὰ
1854 3668 1941 3723 καὶ

2069 3675 2318 3727 :antores
2350 3670 2519 3741 plane
2546 3671 2606 3726 in
2640 3671 2831 3727 aliena
2848 3675 3002 3729 terra
3042 3677 3336 3738 canerent,
3387 3689 3501 3728 non
3543 3679 3609 3729 ut
3638 3674 3700 3729 in

278 3765 410 3830 τοὺς
469 3760 991 3842 ἀπογεγραμμένους
1048 3758 1102 3814 ἐν
1171 3758 1552 3831 πρωτοτόκοις
1614 3756 1945 3831 θεράποντας

2069 3759 2269 3830 :emplc
2298 3758 2422 3816 Dei.
2449 3759 2617 3815 Multi
2648 3777 2882 3833 quoque
2935 3776 3006 3817 ex
3060 3762 3301 3817 adverso
3353 3762 3699 3819 meretriciis

280 3853 414 3913 Θεοῦ
446 3853 597 3910 οὕτω
626 3854 789 3925 τιμᾷν
824 3851 915 3923 [Ρ.
950 3849 1073 3922 19⁸7]
1106 3843 1327 3922 ⁴ᾔδεσαν,
1357 3846 1450 3901 καὶ
1493 3851 1610 3908 τοῖς
1640 3843 1711 3900 δι’
1766 3846 1942 3901 αὐτῶν

2069 3847 2297 3904 :anticis
2326 3852 2384 3903 et
2412 3848 2642 3905 caninis
2694 3848 3005 3905 latratibus
3061 3849 3311 3921 hymnos
3360 3851 3695 3919 turbabant,

279 3942 644 4019 τελουμένοις
670 3943 975 4018 προσεῖχον
995 3937 1251 4012 θαύμασι,
1283 3935 1373 3991 καί
1427 3934 1830 4007 ἐξεπλήττοντο
1876 3936 1946 3991 τὰ

2069 3940 2109 3994 η
2139 3937 2235 3992 Dei
2264 3935 2652 3993 celebratores
2674 3936 2928 3993 clamore
2957 3937 3329 4010 superabant.

279 4035 486 4107 ἐξαίσια
560 4032 652 4087 καὶ
752 4026 912 4084 καινὰ
946 4027 1189 4100 θεάματα
1218 4023 1269 4080 δι
1346 4026 1439 4079 ’ὧν
1475 4021 1689 4095 δοξάζει
1744 4026 1986 4099 Χριστὸς
2056 4022 2185 4088 τοὺς
2211 4024 2371 4079 αὐτὸν
2443 4029 2566 4088 τοῖς
2595 4024 2823 4087 οίκείοις
2899 4023 3219 4096 δοξάσαντας
3263 4025 3501 4100 μέλεσιν,
3555 4025 3695 4083 ὥστε

279 4126 463 4182 καὶτὸ
492 4122 555 4178 ἐκ
582 4126 680 4190 τῆς
712 4121 883 4194 σοροῦ
911 4119 1010 4172 τοῦ
1061 4113 1114 4170 ἐν
1168 4113 1409 4188 θαύμασι
1459 4114 1547 4167 καὶ
1609 4111 1661 4167 ἐν
1729 4114 1961 4188 μάρτυσι
2027 4108 2332 4185 διαϐοήτου
2392 4112 2716 4189 Δημητρίου
2765 4111 3152 4188 ἀναδιδόμενον
3221 4119 3390 4193 μῦρον
3447 4113 3692 4179 καδδίοις

282 4213 370 4271 καὶ
412 4206 641 4282 λέϐησιν
683 4208 977 4283 ἀρυόμενοι
1005 4209 1128 4266 ταῖς
1166 4208 1273 4260 τῶν
1315 4202 1527 4278 ἰχθύων
1562 4200 1793 4258 λοπάσιν
1834 4200 2066 4258 λοπάσιν
2105 4200 2340 4281 ἐνέχεον,
2372 4202 2554 4259 καὶτὸ
2591 4207 2687 4259 τοῦ
2716 4202 2885 4267 ποδὸς
2926 4203 3121 4268 σκύτος
3161 4210 3282 4267 ταῖς
3326 4205 3691 4286 μυραλοιφαῖς

281 4303 587 4369 ἰλίπαινον,
635 4297 725 4354 καὶ
792 4296 929 4373 πρὸς
990 4295 1089 4356 τὰς
1153 4291 1353 4355 λοιπάς
1413 4290 1707 4366 ὑπηρεσίας
1773 4290 1903 4352 ὅσας
1964 4291 2136 4366 παρὸν
2202 4292 2266 4347 τὸ
2329 4290 2513 4369 ἔχαιον
2578 4290 2849 4364 διατίθησι
2907 4291 3084 4368 χύδην
3141 4294 3231 4350 καὶ
3290 4297 3514 4359 ἀσώτως
3574 4296 3692 4352 ἐκέ-

282 4411 522 4469 χρηντο,
556 4388 636 4447 Τὸ
668 4384 726 4443 δὲ
754 4385 829 4449 ὡς
858 4384 964 4440 ἀπὸ
1004 4388 1189 4458 πηγῆς
1226 4380 1422 4469 προϊὸν
1451 4379 1724 4469 ἀκενώτου
1750 4377 1787 4450 ἤ
1838 4379 1889 4454 ἐξ
1958 4375 2195 4469 ἀϐύσσου
2254 4376 2559 4438 ἀναϐάλλον
2627 4380 2845 4457 ἐπέῤῥεε
2900 4380 3325 4459 πλησμιώτερον
3382 4384 3470 4439 καὶ
3524 4383 3690 4460 ύπερ-

283 4464 527 4557 ἐξεχεῖτο
588 4478 990 4549 καινοπρεπιῖκ,
1060 4472 1135 4533 ὡς
1200 4468 1291 4525 καί
1333 4470 1462 4534 τοὺς
1519 4464 1830 4543 Βαρϐάρους
1894 4469 2093 4532 αὐτοὺς
2149 4466 2237 4523 διὰ
2311 4469 2590 4543 θαύματος
2641 4472 2880 4535 τίθεσθαι
2945 4472 3008 4526 τὸ
3066 4473 3365 4548 ὁρώμενον,
3447 4472 3537 4528 καὶ
3590 4476 3689 4543 τήν

276 4555 443 4647 χάριν
496 4563 884 4639 ἐκπεπλῆχθαι
960 4565 1058 4617 τοῦ
1135 4557 1612 4647 χριστομεὶρτυρος
1643 4559 1709 4627 ἥν
1784 4558 1962 4622 θεόθεν
2007 4555 2256 4647 εἴληχεν,
2310 4559 2375 4615 Et
2435 4557 2493 4615 δὲ
2565 4562 2755 4647 καιρὸς
2818 4558 3098 4634 ὑμνῳδίαις
3157 4560 3466 4635 ὁμηγερέας
3516 4560 3679 4626 ἐτίθει

273 4644 417 4715 κατᾶ
472 4654 598 4717 τοὺς
656 4654 790 4715 νεὼς
847 4650 975 4714 τοὺς
1039 4649 1367 4723 Ῥωμαίους,
1430 4644 1556 4703 οὐδὲ
1618 4647 1744 4702 τότε
1809 4650 1957 4723 σφῶν
1996 4646 2295 4721 ἀπείχοντο
2345 4649 2398 4702 οἱ
2453 4646 2768 4704 ἀπαίδευτοι
2857 4653 2956 4705 τοῦ
3040 4650 3463 4725 στρατεύματος,
3536 4650 3683 4707 ἀλλὰ

274 4746 593 4825 προσιόντες
652 4742 728 4806 ὠς
786 4731 1362 4809 συνεκκλησιάσωνεαί
1421 4756 1573 4816 σφισι
1630 4736 1719 4791 καὶ
1792 4734 2095 4790 συνθύσωσι
2138 4740 2255 4808 Θεῷ
2316 4737 2506 4801 θυσίαν
2582 4738 2859 4810 αἰνέσεως,
2915 4742 3014 4793 τοῦ
3070 4739 3165 4813 μὲν
3211 4744 3387 4794 ποιεῖν
3442 4743 3691 4795 τοιοῦτόν

272 4823 329 4894 τι
360 4836 679 4916 ἀφίσταντο,
758 4828 1126 4908 λαλαγοῦντες
1204 4823 1261 4882 ’ὀὶ
1290 4828 1424 4897 πρὸς
1501 4824 1720 4888 ἑαυτοὺς
1796 4823 1886 4880 καὶ
1960 4828 2080 4885 ταῖς
2154 4824 2392 4898 ἀσήμοις
2466 4833 2672 4903 φωναῖς
2749 4826 3232 4905 διαῤῥηγνύμενοι,
3307 4828 3343 4898 ἢ
3414 4828 3505 4885 καί
3541 4851 3692 4894 τινας

276 4913 696 4997 τῶν-Ῥμαίων
735 4917 828 4975 διά
884 4939 938 4975 τι
978 4916 1257 4991 συμπεσὸν
1316 4916 1453 4992 πρὸς
1509 4915 1627 4991 βίαν
1685 4913 1947 4990 ἃγχοντες
2004 4913 2094 4967 καὶ
2168 4914 2467 4990 πράγματα
2518 4916 2871 4991 παρέχοντες,
2925 4919 3180 4993 συνέχεον
3220 4919 3311 4973 τὸν
3334 4917 3529 4992 ὕμνον,
3595 4922 3685 4975 καὶ

275 5016 412 5085 ἦσαν
471 5013 525 5068 οἱ
591 5007 892 5086 ψάλλοντες
953 5004 1204 5079 ἄντικρυς
1264 5003 1353 5060 ἐπὶ
1417 5008 1520 5074 τῆς
1576 5004 1875 5081 φλλοτρίας
1935 5000 2171 5075 ᾄδοντες,
2237 5004 2324 5058 καὶ
2362 5003 2472 5079 οὐχ
2522 5003 2596 5066 ὡς
2650 5004 2943 5084 ἐφεστῶτες
2997 5007 3206 5079 τεμένει
3254 5012 3410 5065 Θεοῦ.
3470 5008 3681 5065 Πολλοί

274 5100 336 5162 δὲ
400 5103 491 5158 καὶ
541 5094 858 5169 ἀντᾴδοντες
909 5099 1024 5157 τοῖς
1084 5091 1421 5164 ἆλαλοὶζουσι
1480 5092 1663 5170 Κυρίῳ
1722 5093 1937 5167 ᾄσματα
1990 5090 2219 5170 ἠφίεσαν
2276 5092 2531 5169 πορνικὰ,
2587 5093 2679 5149 καὶ
2731 5092 2962 5166 κυνηδὸν
2998 5094 3359 5159 ὑλακτοῦντες
3390 5096 3676 5153 ἐνεκοπτον

267 5193 369 5263 τὴν
398 5189 549 5264 ᾠδὴν
573 5187 663 5245 καὶ
698 5184 1069 5266 ύπερεφώνουν
1101 5182 1193 5237 τὸν
1226 5182 1303 5245 εἰς
1337 5181 1466 5238 Θεόν
1502 5183 1798 5256 ίκετήριον.

344 5280 450 5342 Καὶ
489 5279 718 5331 τοιαῦτα
751 5274 866 5346 μὲν,
901 5271 975 5334 ὡς
1008 5270 1068 5325 ἐκ
1113 5268 1337 5327 πολλῶν
1394 5269 1561 5347 ὀλίγα
1624 5272 1811 5342 εἰπεῖν,
1872 5270 1925 5326 o't

2102 5275 2295 5347 Atque
2316 5273 2435 5330 haec
2457 5290 2642 5346 pauca
2655 5275 2725 5330 de
2746 5273 2947 5331 multis
2971 5291 3098 5347 quae
3130 5277 3681 5335 Thessalonicenses

271 5366 695 5430 Θεσσαλονικεῖς
758 5360 1219 5436 πολιορκηθέντες
1280 5355 1544 5438 ἔπασχον,
1601 5359 1636 5415 ἅ
1703 5361 1793 5416 καὶ
1851 5360 1925 5423 εἷς

2069 5379 2095 5418 n
2128 5363 2291 5420 urbis
2322 5365 2748 5438 expugnatione
2780 5369 2919 5420 sunt
2976 5367 3253 5438 perpessi,
3287 5384 3321 5423 a
3378 5367 3680 5422 nonnullis

270 5459 455 5531 ὶδικήν
506 5473 649 5514 τινες
709 5451 973 5526 ἀπέτεμον
1050 5448 1361 5526 συγγραφὴν
1412 5448 1501 5502 καὶ
1552 5449 1651 5516 τὴν
1684 5447 1921 5523 ἱστορίαν

2075 5452 2311 5509 eculiari
2343 5453 2560 5527 scripto
2601 5454 2819 5527 prolixe
2868 5465 3340 5526 commemorata,
3386 5456 3536 5511 σου
3577 5473 3673 5511 ex-

270 5550 326 5615 ἔς
347 5549 411 5606 τὸ
442 5541 790 5616 πολύστιχον
815 5536 1186 5619 ἔφακὲλωσαν.
1238 5536 1393 5593 Ἐπεὶ
1472 5533 1529 5591 δὲ
1580 5538 1608 5591 ὁ
1667 5534 1720 5592 ἓν
1783 5539 1926 5612 ὑψη-

2075 5557 2247 5598 onere
2280 5542 2462 5600 visum
2496 5547 2603 5599 est.
2623 5543 2933 5614 Postquam
2984 5561 3116 5599 vero
3165 5545 3213 5600 is
3246 5545 3422 5616 quiin
3447 5544 3673 5600 excelsa

270 5643 396 5703 λοῖς
446 5632 721 5691 κατοικῶν
780 5629 866 5684 καὶ
931 5627 998 5684 τὰ
1080 5625 1305 5682 ταπεινὰ
1389 5622 1597 5702 ἐφορῶν
1682 5622 1924 5702 διέκυψεν

2069 5630 2260 5686 ιαὺὶίοῖ
2283 5637 2336 5687 et
2362 5629 2609 5688 humilia
2629 5632 2888 5688 intuetur
2910 5649 2938 5688 ο
2966 5633 3108 5689 οωιο
3140 5630 3451 5704 prospexit,
3485 5644 3674 5699 neque
