4126 6294
376 275 500 336 εδδ
1426 268 1525 330 DE
1567 272 2028 334 ANDRONICO
2069 275 2459 340 COMNENO
2504 281 2646 343 LIB.
2694 282 2734 344 1.
3657 282 3782 345 666

380 402 659 478 δεινότερα
722 405 830 456 τῶν
887 399 1190 455 ἐνεστώτων
1247 399 1312 454 τὰ
1370 397 1614 456 ἕσέπειτα
1675 398 2055 478 ὑφορωμένους
2110 406 2248 460 κακὰ
2309 406 2593 486 ἐπισυνῆγέ
2663 433 2721 468 τε
2799 412 2888 468 καὶ
2969 410 3248 482 διέθαλπε,
3301 412 3436 467 καθὰ
3494 412 3584 467 καὶ
3636 410 3783 488 ὅρνις

386 495 490 550 ὑπὸ
515 493 609 556 τὰς
661 493 856 560 ἒαυτῆς
913 485 1329 562 περισυστέλλει
1388 490 1656 565 πτέρυγας
1706 491 1771 545 τὰ
1825 491 2058 563 νεόττια,
2113 494 2204 548 καὶ
2261 497 2325 550 τὸ
2379 501 2475 554 τοῦ
2531 501 2705 573 θυμοῦ
2763 499 3036 576 Μερῥαῖον
3092 506 3202 555 τῶν
3259 499 3603 574 κρατούντων
3666 485 3790 574 μετ-

384 577 584 656 ήμειῦε
651 583 815 636 ποιοῦ
880 582 974 634 τοῦ
1030 577 1412 652 πικράζοντος,
1469 576 1650 654 ὥσπερ
1710 582 1998 636 Μωσαϊκὸν
2057 581 2218 651 ξύλον
2277 589 2438 658 μέσος
2492 585 3071 664 προσλαμϐανόμενος.
3136 591 3361 652 Ὀποῖος
3421 588 3479 646 δὲ
3521 592 3786 667 ὁτρόπος

382 680 486 742 τῆς
544 670 878 745 ἐλευθερίας,
936 667 1028 723 καὶ
1087 667 1176 723 διὰ
1235 668 1400 741 μέσου
1474 667 1620 730 τίνος
1689 670 1752 725 τὸ
1834 675 1988 725 Θεῖον
2048 676 2260 730 τουτονὶ
2337 676 2741 756 ἐκαινούργησε,
2817 680 2908 735 τὸν
2981 680 3178 735 οἰκεῖον
3265 680 3598 753 ἀναμεινάτω
3673 701 3791 735 και-

385 761 500 836 ρόν.

462 858 509 907 ι’.
562 850 642 906 Τὸ
708 846 767 904 δέ
822 847 1000 925 λέγειν
1063 846 1298 902 ἐπανίτω
1354 846 1518 902 πάλιν
1575 849 1691 903 ὅθεν
1747 844 2027 922 ἐκϐέϐηκε,
2060 855 2116 921 Α

377 937 468 992 καὶ
532 932 770 990 διδόσθω
799 934 867 989 τὰ
913 937 1011 988 τοῦ
1046 931 1321 1008 βασιλέως
1382 930 1725 1009 Ἀνδρονίκου
1771 939 1852 1008 τῷ
1878 936 2030 991 ἱστο-

389 1031 519 1101 ρεῖν.
551 1025 689 1102 Εἶχε
723 1024 817 1096 μὲν
872 1021 962 1077 οὖν
1022 1021 1109 1076 ἐπὶ
1168 1021 1332 1092 ξύλου
1389 1023 1695 1098 ἀναρτήσας
1751 1023 1880 1088 τοὺς
1934 1045 2034 1079 κα-

388 1116 678 1189 σιγνήτους
747 1107 1171 1173 Σεϐαστειανοὺς
1229 1113 1303 1172 ὡς
1391 1111 1466 1172 εἰς
1523 1109 1812 1186 τυραννίδα
1872 1109 2033 1183 δῆθεν

387 1211 706 1287 ἐπαίροντας
761 1211 852 1265 καὶ
921 1209 1087 1265 αὐτοῦ
1167 1209 1476 1286 καθαίρεσιν
1560 1211 1654 1265 τὸν
1749 1212 2030 1283 Κομνηνὸν

386 1301 654 1371 Ἀλέξιον.
689 1296 862 1362 Οὗτός
911 1299 1052 1355 ἐστιν
1087 1300 1114 1354 ὁ
1159 1301 1236 1374 μή
1285 1299 1336 1370 ἐξ
1384 1298 1627 1373 ἐννόμων
1681 1299 2034 1374 περιπλοκῶν

382 1394 462 1461 τῷ
502 1387 722 1463 βασιλεῖ
752 1388 1077 1466 ἀποτεχθεῖς
1121 1387 1412 1458 Μανουὴλ,
1463 1389 1553 1442 καὶ
1607 1393 1858 1464 γαμικῶς
1910 1410 2031 1443 συν-

384 1480 570 1557 αφθεὶς
625 1482 693 1552 τῇ
752 1477 802 1550 ἐξ
864 1478 1074 1550 ὁμοίων
1129 1477 1321 1555 φυείσῃ
1402 1478 1726 1552 σπερμάτων
1808 1478 2029 1553 θυγατρὶ

382 1569 483 1623 τοῦ
512 1563 864 1641 Ἀνδρονίκου
922 1565 1151 1640 Εἰρήνῃ.
1206 1565 1450 1641 Βραχέος
1509 1569 1638 1640 γοῦν
1687 1563 2031 1628 διαλιπόντος

381 1669 576 1740 καιροῦ
626 1666 714 1719 καὶ
773 1664 932 1719 αὑτὸν
993 1662 1340 1741 συνειληφὼς
1394 1663 1486 1718 τὸν
1542 1663 1785 1733 ’ΔΛέξιον
1847 1664 2032 1740 εἰρκτῇ

382 1750 780 1830 παραδίδωσιν,
839 1750 1024 1808 ἔπειτα
1082 1747 1571 1822 διαλωόησάμενος
1620 1753 1747 1814 τοὺς
1825 1752 2033 1832 ὀφθαλ-

383 1843 522 1917 μοὺς
562 1840 618 1904 ἐς
645 1842 744 1910 τήν
785 1839 984 1912 Χηλήν
1043 1839 1331 1914 ὑπερόριον
1382 1841 1585 1911 τίθησι·
1634 1838 1927 1917 πολίχνιον
1976 1840 2033 1897 δέ

375 1932 520 1988 ἐστιν
551 1929 688 2000 αὕτη
722 1928 989 2004 πάραλον,
1053 1929 1286 2006 ἃγχιστά
1331 1950 1436 1984 που
1482 1934 1579 1985 τοῦ
1638 1928 1846 1986 Πόντου
1906 1930 2031 1986 στό-

376 2052 552 2106 ματος
609 2029 880 2103 κείμενον,
947 2027 1069 2084 ἔδθα
1124 2029 1214 2083 καὶ
1270 2027 1502 2106 πυργίον
1583 2026 1884 2105 εἰσδέχεται
1939 2030 2031 2085 τὸν

375 2115 624 2192 Ἀλέξιον
661 2117 861 2175 τούτού
918 2115 1069 2174 ἕνεκα
1125 2115 1386 2189 δομηθέν.
1449 2119 1548 2172 Καὶ
1603 2119 1702 2187 τὴν
1764 2120 2032 2194 θυγατέρα

2216 855 2304 913 40.
2337 862 2500 916 Nunc
2529 861 2601 915 ad
2636 860 2974 917 institutum
3032 862 3228 917 redeat
3257 861 3443 917 oratio
3492 868 3546 917 et
3595 878 3686 916 res
3718 861 3790 917 ab

2141 946 2471 1004 Andronico
2501 958 2678 1020 gesta:
2710 951 3061 1006 referantur.
3097 949 3155 1006 Is
3209 950 3562 1006 Sebastianis
3603 950 3794 1006 fratri-

2144 1036 2254 1091 bus
2285 1036 2343 1091 in
2378 1053 2609 1093 crucem
2643 1038 2809 1107 actis,
2839 1040 2994 1110 quod
3028 1038 3292 1094 Alexium
3342 1039 3701 1094 Comnenum
3728 1038 3796 1109 (is

2138 1129 2227 1180 est
2292 1141 2468 1195 quem
2527 1127 2756 1183 Manuel
2814 1136 2974 1184 extra
3031 1127 3370 1199 conjugium
3425 1129 3684 1200 suscepit
3741 1136 3797 1184 et

2137 1215 2508 1272 Andronicus
2542 1217 2721 1272 Irenas
2752 1217 2886 1273 filiae
2917 1219 3119 1273 eodem
3153 1219 3325 1272 modo
3357 1221 3504 1271 natae
3536 1218 3789 1289 despon-

2139 1305 2245 1376 dit)
2279 1322 2521 1378 regnum
2570 1309 2936 1365 aﬂ'ectautem
2991 1310 3323 1380 adjutarent
3370 1313 3427 1364 et
3457 1326 3516 1365 se
3545 1309 3790 1381 imperio

2138 1393 2374 1465 pulsum
2403 1394 2640 1466 vellent,
2684 1396 2858 1468 paulo
2911 1405 3040 1467 post
3095 1399 3268 1453 etiam
3320 1397 3485 1453 illum
3531 1414 3792 1467 compre-

2139 1483 2384 1539 hensum
2417 1485 2476 1540 in
2507 1501 2798 1541 carcerem
2849 1487 3107 1558 conjicit.
3163 1487 3382 1544 Deinde
3437 1493 3787 1544 excaecatum

2137 1573 2348 1629 Cbelen
2384 1574 2463 1646 (id
2495 1575 2774 1646 oppidum
2807 1575 3064 1631 vicinum
3124 1581 3214 1632 est
3265 1577 3432 1633 Ponti
3477 1573 3789 1648 angustiis)

2137 1661 2373 1735 relegat,
2407 1667 2465 1717 et
2497 1662 2556 1718 in
2590 1664 2798 1718 turrim
2833 1680 2900 1719 ea
2935 1665 3088 1720 402
3111 1665 3181 1719 de
3202 1681 3378 1720 causa
3425 1670 3780 1721 exstructam

2137 1751 2654 1825 compingit,eliam
2694 1754 2854 1808 [rena
2886 1753 3004 1808 ﬁlia
3036 1770 3210 1809 exosa
3242 1759 3300 1809 et
3327 1755 3588 1824 expulsa,
3623 1755 3771 1823 quod

2137 1842 2420 1896 maritum
2451 1842 2692 1896 minime
2721 1840 2921 1912 lugere
2943 1843 3133 1912 jussa,
3157 1843 3230 1911 si,
3272 1847 3336 1896 ut
3386 1842 3538 1912 pium
3596 1842 3776 1897 ﬁliam

2137 1929 2382 1995 deceret,
2419 1929 2602 2002 patris
2659 1930 2830 1985 malis
2889 1935 3235 2001 moveretur,
3294 1932 3394 1987 sed
3462 1947 3591 1986 eum
3650 1930 3780 1986 odio

2138 2035 2250 2074 non
2286 2018 2511 2074 minore
2541 2035 2718 2093 quam
2752 2019 2916 2092 prius
2949 2036 3142 2075 amore
3203 2020 3494 2092 persequi,
3528 2019 3626 2075 illa
3664 2020 3785 2092 pri-

2137 2107 2584 2164 stinacharitate
2607 2112 2948 2164 conservata
2967 2107 3186 2163 luctum
3213 2125 3386 2164 suum
3409 2113 3465 2162 et
3514 2107 3786 2179 lacrymis

372 2208 629 2282 Εἴρήνην
659 2207 954 2284 ἀποστυγεῖ
981 2207 1071 2261 καὶ
1117 2212 1354 2262 ποιεῖται
1401 2205 1509 2260 ἀπὸ
1565 2207 1862 2283 προσώπου
1906 2209 2030 2263 Ἀν-

2141 2200 2198 2252 et
2219 2195 2378 2269 pullo
2409 2197 2616 2252 vestitu
2649 2198 2994 2252 testabatur.
3028 2197 3114 2252 Ita
3143 2195 3409 2252 mirabile
3451 2195 3594 2251 illud
3652 2212 3789 2250 con-

376 2296 658 2374 δρόνικος,
689 2297 772 2353 ὅτι
823 2297 852 2352 ὁ
907 2297 1004 2370 μὶν
1053 2297 1130 2370 μὴ
1189 2295 1520 2371 ἀχθεσθῆναι
1575 2297 1710 2369 μηέέ
1764 2299 2033 2371 κόψασθαι

372 2397 636 2452 ὁπωσοῦν
669 2394 913 2467 ἐπέταξεν
944 2393 1029 2449 ἐπὶ
1072 2398 1152 2467 τῷ
1194 2393 1398 2465 ταύτης
1448 2391 1627 2468 ἀνδρὶ,
1687 2394 1732 2450 εἰ
1792 2395 2032 2472 φιλοπά-

368 2506 488 2560 τωρ
522 2483 637 2540 ἐστὶ
690 2485 926 2559 θυγάτηρ
987 2483 1077 2538 καὶ
1140 2482 1441 2559 ὑπεραλγεῖ
1494 2487 1590 2538 τοῦ
1650 2484 2032 2560 φυτεύσαντος,

380 2574 604 2649 μᾶλλον
664 2575 757 2648 μὶν
810 2575 901 2628 οὗν
962 2574 1052 2628 καὶ
1113 2574 1489 2650 ἀποστυγῆσαι
1539 2573 1631 2628 τὸν
1702 2572 2032 2648 σύλλεκτρον

374 2665 468 2719 καὶ
501 2661 566 2718 τὸ
606 2664 798 2734 πρώην
833 2662 1059 2740 φίλτρον
1115 2667 1453 2736 μετενεγκεῖν
1505 2661 1578 2723 εἷς
1637 2666 1796 2733 μῖσος
1847 2659 2032 2734 ἀντίβ-

376 2752 642 2824 ῥοπον,ἠ
676 2747 733 2804 δὲ
789 2749 1107 2825 ἐθρήνησεν,
1165 2749 1238 2811 ὡς
1299 2748 1466 2817 εἰκὸς,
1523 2749 1624 2804 οὐκ
1672 2747 2032 2823 ἀπιστέρξασα

374 2849 470 2902 τὸν
532 2848 846 2920 ὁμόκοιτον,
903 2848 995 2904 καὶ
1050 2845 1321 2918 δυσείμων
1379 2846 1785 2919 ἂποθριξαμένη
1846 2845 2028 2902 τεθέα-

379 2955 492 2990 ται.
525 2934 683 2991 Ἀλλ’
711 2936 856 2992 οὕτω
909 2936 1003 3009 μὲν
1053 2934 1272 3005 ἐξάπινα
1333 2932 1516 3004 διέστη
1566 2935 1634 2990 τὰ
1668 2941 1768 3004 τῆς
1820 2937 2029 3006 θαυμα-

382 3031 518 3094 στῆς
556 3023 754 3096 ταύτης
813 3026 903 3080 καὶ
966 3023 1533 3102 μεγαληγορουμένης
1573 3031 1817 3100 γαμικῆς
1871 3045 2028 3078 συνα-

371 3114 532 3192 φείας
595 3115 697 3168 ὑπὸ
763 3118 868 3168 τῶν
923 3114 1371 3188 καταρατοτάτων
1452 3112 1705 3168 κολάκων
1762 3114 1850 3167 καὶ
1919 3117 2026 3168 τῶν

365 3212 886 3289 ἀττιερθεγγομένων
915 3214 1108 3288 νόμοις
1164 3209 1537 3282 δικασπόλων,
1585 3211 1644 3266 οἳ
1691 3213 1789 3280 τήν
1849 3213 2028 3285 κάμη-

371 3297 473 3354 λον
508 3300 896 3363 καταπίνοντες
947 3298 1198 3370 διύλιζον
1235 3301 1326 3355 τὸν
1378 3302 1639 3371 κώνωπα,
1693 3302 1778 3379 ὑφ’
1824 3304 1890 3370 ἧς
1937 3300 2029 3356 καὶ

366 3388 442 3442 τὰ
504 3388 746 3463 χρονίως
797 3388 1176 3464 ἀπορραγέντα
1229 3387 1501 3444 συνελθεῖν
1561 3391 1713 3454 αὖθις
1763 3410 2029 3464 προεφοι-

368 3467 600 3546 ϐάζετο,
634 3477 733 3546 τήν
759 3473 834 3531 ἓω
863 3498 922 3532 τε
971 3477 1389 3552 προσπλακῆναι
1437 3477 1507 3551 τῇ
1559 3474 1730 3546 δύσει,
1787 3479 1874 3533 καὶ
1925 3499 2027 3532 πα-

366 3561 538 3617 λαιὰν
603 3564 985 3638 ἐκπολέμωσιν
1045 3566 1464 3641 ἀποτρίψασθαι,
1511 3567 1602 3620 καὶ
1659 3559 1782 3637 ἔθνη
1839 3563 2021 3640 ὥσπερ
2055 3567 2096 3633 C

352 3650 456 3712 τὰς
490 3651 752 3727 γλώττας
812 3655 952 3710 οὕνω
979 3655 1070 3709 καὶ
1117 3655 1214 3715 τὰς
1269 3656 1491 3729 γνώμας
1549 3655 1844 3727 Ῥωμαίοις
1889 3655 2017 3709 ἀνό-

357 3759 501 3808 μοια
552 3741 618 3794 τὸ
675 3743 949 3815 σύμπνουν
1007 3744 1370 3812 ἀσπάσασθαι,
1428 3743 1518 3799 καὶ
1574 3744 1668 3799 τὸν
1727 3745 2022 3817 ταυτισμὸν

350 3838 469 3887 τῶν
541 3839 694 3904 ἠθῶν
753 3843 855 3910 τῆς
914 3841 1180 3915 προτέρας
1237 3841 1613 3915 καινοτρόπως
1689 3840 2022 3914 ἀλλάξασθαι

351 3916 729 3997 διαστάσεως,
761 3928 834 3990 ὡς
879 3938 1216 4008 συγκοπῆναι
1271 3931 1365 3992 τὰς
1426 3925 1644 3998 ζιϐύνας
1699 3931 1774 3992 εἷς
1822 3931 2023 4004 ἄροτρα

343 4006 444 4058 καὶ
523 4008 979 4087 συμϐοσκηθῆναι
1038 4017 1203 4094 ἃρνας
1279 4024 1397 4080 τοῖς
1455 4017 1694 4075 λέουσιν.
1757 4018 2020 4090 Εὐνομίαι

339 4110 407 4144 τε
483 4097 713 4154 πόλεων
771 4104 1190 4182 ἐμεγαλύνοντο,
1250 4107 1342 4161 καὶ
1397 4112 1504 4162 τῶν
1575 4106 1844 4184 ἐκφορίων
1920 4114 2022 4175 τῆς

339 4189 461 4288 ξζῆς
517 4190 768 4259 ἐ’τῖίδοσις
824 4199 1052 4277 διαρκὴς
1109 4204 1200 4260 καὶ
1267 4203 1585 4280 παράλογος
1642 4198 1884 4283 ἔκφυσις,
1946 4205 2022 4267 ὡς

339 4284 695 4374 ῗχναςιμέν
748 4299 1095 4368 προενεγκεῖν
1139 4295 1238 4362 τήν
1300 4294 1530 4367 ῥάμνον,
1586 4297 1686 4364 τήν
1746 4291 1802 4348 δέ
1858 4301 2023 4364 συκῆν

335 4367 665 4466 ἀΐξαχύων
719 4367 968 4452 φρίσσειν
1047 4381 1348 4458 ἀνθέρικας,
1406 4381 1442 4450 ἤ
1503 4386 1632 4457 γοῦν
1693 4384 1766 4444 ὡς
1844 4381 1894 4438 ἐν
1951 4387 2020 4458 τῇ

339 4442 505 4544 μίξει
546 4457 671 4520 Διὸς
700 4464 789 4517 καὶ
856 4467 1030 4542 ’Πρας
1082 4473 1132 4525 οἱ
1181 4469 1404 4540 ποιηταί
1464 4491 1644 4548 φασιν,
1708 4472 2024 4545 ὑποστρων-

328 4544 580 4643 vuig?“
639 4548 733 4618 μὲν
788 4549 975 4610 λωτὸν
1033 4560 1315 4633 ἑρσήεντα,
1373 4561 1571 4634 κρόκον
1607 4559 1654 4614 δ’
1697 4560 2022 4639 ἀναφύεσθαι

479 4641 806 4734 ξίνατέλλειν
877 4650 1155 4715 ὑάκινθον.
1219 4653 1405 4719 Οὕτως
1462 4659 1513 4712 οἱ
1572 4657 1860 4732 λογοποιοὶ
1913 4663 2021 4712 τῶν

319 4723 613 4826 Ϊέιῗυτων
657 4729 1071 4826 ἐίξωῖιάνθησαν
1130 4745 1540 4820 προδηλότατα,
1589 4747 1681 4802 καὶ
1730 4747 2022 4826 φάσκοντες

353 4808 366 4830 ε
959 4808 966 4810 .
1175 4808 1184 4820 .
1297 4808 1308 4817 .
1528 4808 1540 4818 ,
1743 4808 1753 4826 .
2012 4808 2016 4809 ν

311 4808 476 4934 ἓξὲξ
501 4819 734 4934 δ,σ⁰φθῖ“
785 4823 890 4934 "4:2
976 4829 1381 4905 προϐλεπτικοῖ
1430 4840 1538 4889 τῶν
1607 4835 1879 4909 ἐσομένων
1933 4836 2021 4891 καὶ

367 4931 374 4934 .
444 4909 493 4934 ..ι
535 4915 649 4934 ἤι’-ει-
677 4925 742 4934 ι...
846 4933 873 4934 ,,
1059 4923 1081 4934 Α
1217 4921 1288 4934 an.
1389 4924 1401 4934 ι
1467 4923 1480 4934 ι
1791 4927 1804 4934 -
1859 4930 1884 4934 _.

411 4977 423 4994 σ

411 4977 423 4994 '
838 4968 851 4981 ·
947 4968 959 4988 ι
995 4968 1136 4976 -ν--τ
1179 4968 1300 4978 --η
1358 4968 1413 4978 νο-
1464 4968 1510 4978 -ν
1579 4968 1726 4980 ηπ-..
1785 4968 2014 5001 -rwu“

309 4968 658 5099 Ξέἷᾳοντρ,
707 4999 875 5099 ἀὲ,ξά
943 5016 1093 5071 κατὰ
1139 5019 1239 5086 τήν
1311 5023 1659 5099 προφητίκήν
1710 5023 1839 5096 ἀρὰν
1893 5021 2022 5098 βλέ-

305 5075 488 5118 ποντ-
615 5079 652 5113 ν.
732 5085 755 5104 ν
1197 5075 1207 5086 ¹
1356 5075 1366 5095 ι
1434 5075 1494 5099 δι
1584 5075 1647 5091 7⁸⁷
1744 5075 1764 5096 r
1787 5075 1810 5077 ﬁ
1893 5075 1990 5098 l‘"'

305 5093 523 5180 habs-AC
580 5099 674 5180 ουκ
729 5083 1008 5180 εϐλεπον
1075 5103 1194 5158 οὐδ’
1277 5106 1482 5171 ἀΐοντες
1541 5111 1892 5180 ἠνωτίζοντο.
1949 5119 2024 5174 Ἤ

588 5165 601 5182 \

303 5139 512 5208 ξώῦων
588 5165 601 5182 κ
739 5139 1007 5198 """':'
1075 5139 1174 5158 υυυ
1277 5139 1481 5171 ιιιυνῖις
1541 5139 1892 5180 ηνωτιιρντο.
1974 5139 2022 5174 n

303 5195 515 5272 1.1;“:
547 5185 638 5272 μὲν
697 5177 1006 5272 αξτφαλως
1056 5193 1149 5245 καὶ
1206 5190 1400 5266 ᾔδεσαν
1459 5194 1700 5272 ἀκριϐῶς
1757 5220 2022 5256 καταπον-

295 5244 328 5278 τ
340 5247 518 5332 ισμοῦ
548 5244 874 5332 φθεγγόμεν
886 5289 924 5322 ο
937 5296 956 5325 ι

293 5274 956 5393 ὦςνζαφυξγγομενοι
1004 5274 1233 5351 ῥήματα
1270 5283 1359 5337 καὶ
1410 5285 1486 5348 εἰς
1543 5284 1691 5342 ὅπλα
1740 5288 1828 5342 καὶ
1887 5289 2020 5363 βέλη

555 5365 692 5393 υτων
750 5354 1027 5393 λὲιξ.-----
1419 5385 1444 5393 ..
1877 5385 1894 5393 -

306 5351 376 5374 δυ’
627 5352 650 5362 "
1887 5351 1897 5363 ’
2009 5351 2019 5361 ”

291 5351 1030 5468 τοέξπῗυὲἷωέ-ηέξόνταις
1097 5385 1589 5468 μεταγομφοῦντες,
1639 5385 2024 5461 χαριτογλωτ-

369 5438 602 5544 Ξζτεξ-ῗ
665 5438 829 5544 δκμθς
890 5457 1005 5509 καὶ
1070 5463 1208 5533 πρὸς
1269 5466 1525 5542 ἀργύριον
1582 5438 1877 5535 λα’λοιῦντες
1929 5475 2020 5529 καὶ

687 5525 895 5636 λῶττη
935 5525 1239 5636 ⁸(Ρέέὶολιντες
1297 5525 1506 5612 κάὶιτὸ
1572 5525 2021 5636 ἀνθρωπάρνεσκοιι

680 5633 704 5672 ς
769 5626 1270 5711 μεταδιώκοντες,
1332 5645 1557 5710 ὁποίους
1610 5626 1682 5703 ού.
1744 5626 1864 5705 δέον
1923 5653 2017 5724 βό·

549 4896 560 4911 '
1024 4887 1034 4905 δ
1133 4887 1187 4888 777
1224 4887 1259 4889 7—
1296 4887 1379 4889 7“?
1446 4887 1529 4889 77—7
1611 4887 1872 4909 v'v.“'7"'
1935 4887 2020 4891 ⁷⁷⁷--

477 4887 649 4962 ίδθτες
677 4907 743 4959 τά
801 4906 1142 4988 ἔμπροσθεν
1175 4921 1300 4978 οὐδὲ
1346 4924 1413 4978 τὰ
1464 4923 1515 4978 ἐν
1573 4945 1730 4980 ποσιν
1783 4927 2016 5001 ὁρῶντες
2056 4934 2096 4997 D

2132 2286 2390 2356 jugium,
2423 2289 2480 2340 et
2509 2303 2541 2340 a
2572 2286 2934 2341 detestandis
2975 2286 3438 2341 assentatoribus
3484 2291 3543 2340 et
3573 2284 3788 2355 iniquis

2127 2373 2450 2445 judieibus,
2483 2374 2586 2444 qui
2616 2374 2906 2430 camelum
2941 2375 3274 2447 deglutiunt
3303 2380 3361 2430 et
3407 2375 3652 2430 culicem
3689 2390 3790 2430 co-

2136 2461 2280 2528 lant,
2310 2462 2617 2534 magniﬁce
2665 2463 2976 2534 jactatum,
3033 2463 3227 2519 subito
3266 2467 3356 2519 est
3400 2463 3783 2534 diremptum.

2137 2551 2244 2606 Per
2274 2551 2424 2623 quod
2457 2551 2632 2606 iidem
2667 2552 3056 2622 praedixerant
3095 2568 3163 2607 ea
3213 2569 3339 2623 qua:
3394 2551 3534 2611 olim
3585 2551 3788 2606 avulsa

2137 2643 2332 2696 essent
2363 2639 2573 2693 iterum
2607 2639 2852 2706 coitura,
2885 2645 2942 2694 et
2973 2639 3266 2694 Orientem
3299 2656 3432 2694 cum
3477 2639 3784 2695 Occidente

2136 2726 2477 2798 copulatum
2517 2726 3067 2788 iri;etinveteratis
3097 2727 3248 2782 odiis
3305 2727 3542 2782 abolitis
3584 2736 3785 2800 gentes

2135 2822 2202 2873 ut
2230 2815 2472 2888 linguis,
2505 2817 2589 2871 ita
2638 2816 2899 2871 moribus
2957 2834 2990 2871 a
3050 2817 3328 2872 Romanis
3391 2816 3791 2887 discrepantes

2135 2905 2504 2962 concordiam
2545 2905 2793 2960 inituras
2847 2905 3178 2978 iisdemque
3237 2904 3504 2961 moribus
3557 2922 3791 2978 usuras,

2136 2995 2610 3052 dissensionibus
2641 3012 2790 3052 nova
2821 2996 3046 3052 ratione
3105 2995 3360 3065 abolitis,
3395 3001 3462 3052 ut
3515 3012 3686 3052 enses
3727 2997 3785 3052 in

2136 3091 2329 3142 aratra
2357 3089 2730 3140 mutarentur
2785 3089 2842 3140 et
2899 3085 3035 3157 agni
3097 3101 3229 3140 cum
3263 3084 3529 3141 leonibus
3577 3103 3784 3158 pasce-

2135 3177 2356 3230 rentur.
2387 3173 2702 3229 Civitatum
2752 3190 2985 3245 quoque
3042 3173 3415 3245 disciplinam
3462 3179 3520 3230 et
3551 3175 3782 3245 frugum

2134 3267 2487 3335 proventum
2521 3264 2757 3317 uberem
2790 3267 2847 3318 et
2905 3262 3234 3319 mirabilem
3284 3263 3606 3333 jactabant.
3639 3263 3784 3319 Nam

2134 3352 2345 3408 rubum
2379 3352 2506 3423 pira
2538 3351 2888 3422 parituram,
2922 3353 3096 3407 ficum
3130 3357 3324 3422 segete
3349 3355 3656 3423 gravatum
3700 3352 3788 3423 iri,

2135 3442 2251 3497 fere.
2277 3443 2338 3495 ut
2357 3441 2607 3512 poetaein
2623 3440 3118 3496 JovisetJunonis
3143 3439 3456 3494 concubitu
3496 3439 3786 3496 roscidam

2135 3529 2319 3585 lotum
2353 3528 2648 3584 substerni
2681 3530 2838 3584 ωε
2858 3532 2915 3582 et
2945 3543 3179 3584 crocum
3213 3528 3407 3582 enasci
3452 3544 3518 3582 ac
3553 3528 3785 3600 hyacin-

2133 3619 2301 3674 thum
2360 3617 2497 3673 oriri
2564 3617 2922 3673 fabulantur.
2981 3615 3230 3672 Omnino
3297 3615 3392 3670 isti
3455 3615 3780 3686 nugzigeruli

2132 3705 2612 3763 manifestissime
2641 3706 2981 3772 delirarunt,
3041 3704 3141 3776 qui
3203 3719 3336 3758 cum
3388 3720 3451 3759 se
3485 3704 3779 3774 sapientes

2132 3811 2260 3851 esse
2291 3794 2600 3863 futuraque
2651 3791 2981 3862 prospicere
3050 3791 3462 3863 gloriarentur,
3547 3808 3652 3846 nec
3713 3807 3782 3847 ea

2132 3901 2259 3957 quis
2318 3887 2449 3938 ante
2490 3879 2668 3952 pedes
2724 3885 2891 3934 erant
2922 3879 3374 3950 perspiciebant,
3427 3879 3776 3950 prophetica;

2131 3974 2216 4029 illi
2247 3969 2622 4028 exsecrationi
2649 3968 2910 4035 obnoxii,
2943 3972 3009 4022 ut
3039 3967 3308 4025 videntes.
3359 3984 3472 4022 non
3515 3967 3781 4023 viderent

2132 4071 2186 4118 et
2217 4061 2517 4117 audientes
2549 4074 2664 4112 non
2695 4055 2985 4112 audirent.
3037 4057 3157 4111 Imo
3218 4060 3414 4127 aperte
3468 4058 3782 4112 cernebant

2132 4157 2188 4208 et
2217 4151 2364 4207 satis
2385 4151 2595 4204 norant
2625 4161 2687 4201 se
2717 4145 2990 4215 capitalia
3015 4144 3188 4200 verba
3218 4145 3462 4202 fundere
3491 4155 3544 4202 et
3576 4147 3780 4202 dentes

2133 4258 2272 4297 suos
2321 4247 2598 4310 tanquam
2651 4233 2850 4306 jacula
2906 4239 2962 4290 et
3017 4234 3247 4306 gladios
3303 4253 3624 4293 exacuere:
3681 4237 3781 4292 sed

2132 4332 2266 4402 quia
2300 4333 2467 4400 grata
2524 4326 2759 4382 auribus
2817 4324 3089 4379 dicebant
3145 4329 3200 4380 et
3257 4325 3490 4396 linguas
3549 4325 3781 4381 venales

2133 4421 2498 4476 babebantet
2522 4415 2861 4472 hominibus
2886 4413 3109 4484 placere
3143 4413 3407 4483 impense
3443 4414 3782 4482 cupiebant,

2133 4507 2513 4582 quales,prob
2533 4504 2696 4559 dolor
2717 4503 2745 4559 ‘I
2768 4501 2912 4558 aulae
2946 4502 3000 4555 in
3025 4501 3343 4571 perniciem
3391 4518 3557 4556 suam
3594 4501 3780 4569 alunt,

2133 4598 2466 4653 laudatores
2481 4591 3080 4659 malorum,bonorum
3097 4589 3388 4644 inscitiam
3407 4588 3780 4657 simulantes,

2135 4684 2334 4741 sedulo
2364 4681 2800 4754 improbitatem
2837 4679 3278 4751 promovebant,
3336 4694 3520 4749 eaque
3565 4677 3779 4749 proba-

2135 4776 2276 4830 bant
2333 4789 2460 4844 qua:
2536 4769 2867 4838 imperatori
2927 4767 3086 4822 cordi
3160 4772 3342 4822 erant.
3401 4767 3598 4838 Neque
3644 4783 3781 4822 vero

2134 4862 2400 4917 Alexium
2468 4860 2754 4913 duntaxat
2810 4860 2971 4910 tanta
3037 4855 3466 4912 inhumanitate
3513 4856 3783 4912 tractavit

2128 4950 2522 5016 Andronicus,
2557 4947 2656 5002 sed
2690 4962 2758 5001 ex
2788 4944 3068 5000 ministris
3099 4945 3272 5000 etiam
3297 4946 3424 5015 ejus
3457 4946 3780 5017 praecipuos

2132 5041 2189 5097 in
2218 5038 2544 5096 custodiam
2593 5035 2802 5101 dedit;
2863 5050 2966 5090 nec
3019 5033 3205 5089 multo
3265 5043 3390 5105 post
3447 5035 3672 5091 delectu
3714 5051 3783 5090 ex

2133 5130 2373 5201 optimis
2403 5126 2602 5182 habito
2633 5123 2939 5194 plerosque
2969 5124 3292 5179 excaecavit.
3326 5122 3520 5179 Unum
3550 5139 3682 5178 vero
3713 5139 3781 5178 ex

2131 5220 2345 5274 scribis
2367 5216 2546 5280 illius,
2578 5217 2964 5285 cognomento
3017 5213 3349 5282 Mamalum,
3411 5229 3585 5284 quem
3645 5211 3781 5266 ulti-

2134 5321 2296 5361 mum
2353 5305 2675 5364 devoraret,
2737 5299 3101 5368 asservavit;
3159 5303 3216 5354 et.
3245 5314 3344 5355 eas
3373 5299 3574 5371 epulas
3621 5302 3786 5353 tanta

2131 5393 2494 5448 lautitiarum
2550 5389 2705 5445 ιιοιι
2758 5388 3038 5443 varietate
3098 5387 3395 5453 instruxit,
3465 5395 3526 5442 ut
3610 5385 3786 5456 digna

2129 5486 2328 5537 essent
2359 5496 2484 5551 quae
2518 5496 2633 5533 non
2687 5476 2872 5532 alium
2928 5476 3038 5532 nisi
3073 5477 3327 5548 primum
3359 5475 3528 5531 illum
3588 5472 3784 5528 homi-

2129 5571 2318 5626 cidam
2343 5568 2644 5624 convivam
2694 5565 2996 5633 baberent,
3032 5571 3091 5621 et
3131 5583 3165 5621 a
3214 5566 3437 5620 mensis
3474 5563 3778 5619 Furiarum

2131 5659 2276 5715 nihil
2301 5658 2593 5722 different,
2627 5654 2834 5725 quales
2885 5672 2916 5710 a
2957 5655 3120 5710 nullo
3165 5669 3422 5726 unquam
3473 5663 3656 5719 coquo
3699 5647 3785 5702 eis
