4126 6294
417 383 549 444 663

1712 377 2024 438 ΝΙΟΕΤΕ
2064 377 2554 440 ΛΕΟΗΟΝΙΑΤΑΕ

3711 380 3830 444 664

431 517 600 572 illum
628 513 896 571 hostilem
929 517 984 568 et
1009 514 1284 570 victorem
1317 512 1714 568 Romanorum
1755 508 2079 582 intelligere

2189 507 2497 583 οὐρανόθεν,
2553 514 2644 568 καὶ
2703 511 2893 570 οὐδένα
2943 517 3052 570 τῶν
3107 512 3683 589 αῗχμαλωτευσάντων
3731 512 3834 568 ἐώ-

432 611 534 662 aut
563 619 820 677 quaerere
851 607 1030 658 Deum
1064 603 1230 668 vidit,
1263 602 1364 657 sed
1395 617 1602 656 omnes
1657 599 1899 656 inutiles
1951 615 2079 654 esse

433 698 616 751 factos
647 698 704 750 et
735 691 969 748 nefariis
1029 691 1200 746 rebus
1255 690 1505 756 deditos,
1559 689 1926 744 subsannare
1979 703 2080 742 eos

431 783 686 839 instituit
715 799 780 836 ac
837 780 1178 852 perturbare
1228 783 1285 834 et
1341 779 1699 844 exscindere,
1725 779 1887 848 justa
1929 775 2079 830 indi-

431 873 705 945 gnatione
735 875 1084 938 commotus,
1115 876 1168 923 et
1200 873 1318 923 tam
1351 867 1664 922 crudeliter
1695 865 1928 922 afﬂictis
1962 863 2080 920 cle-

433 966 658 1017 menter
715 959 1045 1014 libertatem
1095 957 1424 1024 restituere,
1477 955 1669 1011 moesti
1731 953 1976 1026 spiritus
2025 955 2082 1008 et

429 1049 662 1106 contriti
695 1048 888 1104 cordis
919 1046 1215 1102 misertus.
1241 1045 1478 1116 Propter
1507 1045 1722 1098 electos
1779 1042 1978 1114 igitur,
2013 1045 2078 1096 ut

429 1138 699 1206 arbitror,
757 1137 1100 1192 acerbitates
1159 1133 1290 1190 illas
1348 1132 1564 1189 diutius
1649 1129 1906 1204 grassari
1963 1145 2078 1184 non

429 1245 642 1302 passus
670 1245 684 1296 ;
717 1231 921 1297 etquae
945 1224 1278 1294 Babyloniis
1303 1224 1559 1278 minatus
1583 1227 1708 1277 erat
1728 1221 1896 1288 olim,
1923 1220 2077 1291 quod

429 1317 622 1372 Sionis
655 1313 801 1370 nihil
834 1313 1058 1369 miserti
1089 1312 1241 1368 ﬁlios
1264 1313 1393 1382 ejus
1423 1311 1703 1367 delicatos
1729 1315 1787 1364 et
1825 1309 1978 1364 ﬁlias
2019 1309 2080 1362 in

427 1406 766 1462 servitutem
811 1403 1214 1466 abduxissent,
1269 1409 1566 1455 momento
1615 1397 1898 1470 temporis
1949 1396 2080 1452 istis

429 1495 652 1564 intulit,
685 1501 750 1551 ut
779 1493 1176 1550 misericordia
1199 1495 1327 1564 ejus
1362 1489 1646 1548 mirabilis
1691 1495 1816 1545 tum
1866 1490 1916 1544 si
1970 1505 2080 1544 un-

432 1601 610 1657 quam
651 1583 798 1640 alias
849 1582 1261 1650 celebraretur,
1303 1585 1649 1652 martyrum,
1694 1584 1762 1634 ut
1807 1577 2076 1646 arbitror,

431 1675 705 1748 precibus
735 1677 791 1728 et
813 1669 1354 1728 Thessalonicensis
1397 1668 1688 1741 pontificis
1735 1667 1971 1722 exarati.
2026 1667 2079 1720 ls

430 1771 550 1820 erat
579 1762 910 1834 eloquentia
941 1765 998 1816 et
1026 1761 1239 1816 virtute
1259 1758 1676 1815 celeberrimus
1719 1755 2076 1822 Eustathius,

429 1851 532 1924 qui
570 1856 628 1906 et
657 1850 1048 1936 prudentiaget
1082 1865 1190 1904 usu
1229 1863 1420 1902 rerum
1475 1845 1732 1901 mirabili
1756 1845 2078 1936 praeditus,
2117 1869 2162 1936 Β

427 1944 486 1993 et
541 1935 804 1992 doctrina
855 1934 1230 2006 profanarum
1287 1941 1340 1990 et
1399 1947 1698 1988 sacrarum
1756 1930 2084 1986 litterarum

427 2026 726 2083 uberrima
748 2026 969 2082 caeteris
992 2025 1271 2079 omnibus
1299 2021 1890 2092 antecellebat,eaque
1923 2020 2088 2075 velut

427 2114 648 2186 insigni
676 2119 734 2169 et
773 2113 1050 2185 peculiari
1110 2117 1247 2168 nota
1297 2111 1738 2182 praedicabatur.
1785 2107 1893 2173 Qui
1943 2123 2076 2164 cum

429 2203 632 2259 mallet
659 2219 788 2258 cum
815 2217 990 2272 grege
1019 2217 1124 2257 suo
1157 2201 1310 2256 400
1342 2199 1520 2270 afﬂigi
1544 2215 1721 2270 quam
1768 2212 2068 2253 mercena-

431 2292 550 2346 rios
572 2290 814 2354 imitari,
838 2290 940 2360 qui
967 2287 1124 2358 lupis
1165 2287 1615 2344 adventantibus
1643 2300 1816 2357 grege
1843 2285 2077 2340 deserto

434 2378 772 2450 aufugiunt,
807 2377 1078 2447 quamvis
1109 2376 1252 2430 dum
1301 2375 1496 2430 hostes
1545 2374 1738 2428 adhuc
1791 2376 2088 2444 exspecta-

431 2467 652 2522 bantur
685 2466 935 2521 necdum
971 2465 1176 2519 urbem
1221 2462 1736 2528 circumsederant,
1789 2460 2086 2516 discedere

431 2555 719 2624 licuisset,
753 2554 806 2609 id
841 2552 953 2608 sibi
986 2551 1228 2608 minime
1261 2551 1592 2607 faciendum
1632 2549 1880 2620 censuit,
1929 2547 2084 2620 quod

433 2661 541 2699 sua
565 2642 872 2716 praesentia
895 2640 1174 2696 nimirum
1204 2640 1424 2696 multos
1443 2645 1896 2695 conservaturus
1936 2641 2083 2706 erat,

431 2733 532 2787 sed
551 2733 698 2786 ultro
718 2733 778 2786 in
801 2730 944 2786 urbe
961 2735 1239 2800 tanquam
1254 2745 1484 2784 carcere
1500 2727 1766 2784 inclusus
1787 2741 2084 2782 aerumnas

431 2839 634 2880 omnes
670 2841 786 2878 una
804 2821 1050 2878 tolerare
1081 2837 1196 2876 non
1228 2821 1478 2887 destitit,
1509 2824 1636 2875 tum
1681 2835 1787 2874 suo
1819 2817 2084 2889 exemplo

431 2913 856 2985 persuadendo,
889 2915 1016 2966 tum
1040 2910 1330 2965 monendo
1349 2907 1452 2964 Dei
1473 2910 1732 2973 verbera,
1767 2917 1824 2962 ul
1845 2905 2084 2978 benigni

429 3001 612 3074 patris
645 3001 1109 3072 castigationem,
1140 2998 1322 3069 equis
1367 2998 1584 3053 animis
1641 2997 1874 3052 ferenda
1926 3001 1984 3051 et
2011 2995 2083 3050 ab

427 3091 632 3146 eodem
688 3090 1038 3146 medicinam
1097 3087 1544 3158 exspectandam
1621 3101 1770 3142 esse.
1826 3084 1972 3142 Nam
2031 3082 2083 3138 si

2191 619 2320 673 ρακε
2385 602 2626 658 συνιέντα
2785 601 3116 676 ἑκζητοῦντα
3171 604 3326 673 Θεὸν,
3405 601 3553 660 ἀλλὰ
3636 604 3837 666 πάντας

2193 688 2584 766 άχρειωθέντας
2659 693 2752 748 καὶ
2799 693 2936 766 πρὸς
2994 687 3128 768 ἔργα
3205 691 3550 767 ἐκκλῖναντας
3605 693 3836 763 ἄθεσμα,

2191 775 2500 834 ἐδικαίωσεν
2565 780 2759 844 αὐτοὺς
2823 781 2916 853 μέν
2993 780 3374 856 έκμυκτηριεῖν
3453 780 3700 855 ἐκτρῖψαι
3783 800 3842 836 τε

2189 867 2279 922 καὶ
2309 868 2530 942 ταράξαι
2587 874 2666 942 τῷ
2723 868 2914 942 οἰκείῴ
2964 871 3144 944 θυμῷ,
3202 871 3302 941 τὴν
3363 867 3419 925 δέ
3475 874 3572 926 τοῦ
3631 869 3841 925 οἴκείου

2193 955 2328 1011 λαοῦ
2367 963 2734 1032 κατοικτεῖραι
2791 961 3049 1032 κάκωσιν,
3105 959 3196 1014 καὶ
3251 959 3468 1022 τούτοις
3530 957 3844 1034 ἐλευθερίαν

2195 1040 2509 1121 βραϐεύσειν
2569 1045 2621 1101 έν
2679 1052 2752 1120 τῷ
2825 1051 3089 1125 προσχεῖν
3164 1045 3460 1119 ἀκηδιῶντι
3544 1047 3841 1120 πνεύματι,

2189 1137 2277 1189 καὶ
2337 1132 2572 1209 καρδιῶν
2634 1137 2710 1210 μὴ
2765 1135 3112 1206 έξουθενῶσαι
3179 1135 3514 1212 σύντριμμα.
3589 1131 3846 1194 Κολοϐοῖ

2191 1225 2394 1292 τοίνυν,
2426 1226 2502 1288 ὡς
2530 1225 2710 1299 οἶμαι,
2751 1222 2841 1280 διὰ
2888 1225 3020 1288 τοὺς
3077 1223 3370 1288 ἐκλεκτοὺς
3407 1228 3510 1296 τήν
3573 1229 3840 1302 χρονικήν

2191 1317 2298 1368 τῶν
2331 1312 2610 1368 ἀπεύκτων
2629 1313 2948 1390 παράτασιν·
2991 1317 3084 1369 καὶ
3140 1313 3242 1370 ὅσα
3295 1319 3413 1376 τοῖς
3461 1310 3848 1378 Βαϐυλωνίοις

2192 1400 2520 1473 διηπείλησε
2557 1404 2821 1479 πρότερον
2855 1403 2954 1459 οὐκ
2983 1403 3240 1475 έλεήσασι
3271 1405 3370 1474 τήν
3399 1406 3544 1460 Σιὼν
3571 1405 3663 1460 καὶ
3714 1405 3846 1468 τοὺς

2191 1492 2342 1553 υἱοὺς
2384 1491 2552 1562 αὐτῆς
2581 1493 2708 1553 τοὺς
2766 1492 3065 1571 τρυφεροὺς
3122 1495 3216 1548 καὶ
3271 1493 3369 1556 τὰς
3428 1495 3724 1570 θυγατέρας
3793 1495 3848 1549 έν

2191 1577 2466 1654 ἀπαγωγῇ
2496 1579 2586 1633 καὶ
2616 1579 2999 1654 αἰχμαλωσίᾳ,
3029 1585 3198 1636 ταῦτα
3228 1583 3316 1636 καὶ
3357 1580 3544 1643 αὖὸοῖς
3597 1580 3648 1637 έν
3709 1582 3846 1637 ἀκα-

2194 1678 2277 1742 ρεΐ
2332 1666 2612 1744 ἐπήνεγκε·
2671 1668 2762 1722 καὶ
2821 1666 3152 1739 ένδοξάζεται
3211 1669 3414 1743 Κύριος
3463 1670 3538 1732 ὡς
3579 1666 3847 1725 οὐδέποτε

2192 1753 2380 1835 έιρόἴς
2409 1757 2473 1810 τὸ
2493 1753 2751 1828 τηνικάδε
2794 1761 2987 1832 καιροῦ
3024 1757 3088 1812 τὸ
3144 1757 3348 1814 οἶκεῖον
3397 1756 3548 1821 ἕλεος
3589 1757 3842 1831 έθαυμά-

2193 1865 2386 1916 στωσε,
2457 1851 2830 1920 μαρτυρικοῖς,
2883 1846 2958 1908 ὡς
3016 1842 3209 1917 ἔοικεν,
3303 1845 3660 1926 έπικαμιρθεὶς
3747 1846 3840 1902 λι-

2189 1940 2389 2006 ταμοῖς
2463 1935 2553 1988 καὶ
2613 1935 2784 2009 εὐχῆς
2841 1933 3104 1997 έπακουὸς
3179 1936 3473 2011 γενόμενος
3551 1940 3648 1992 τοῦ
3725 1943 3838 1992 τῶν

2190 2019 2624 2078 Θεσσαλονικέων
2691 2021 3016 2098 ἀρχιερέως·
3070 2023 3138 2092 ἦν
3199 2021 3246 2078 δ’
3321 2024 3479 2086 οὗτος
3549 2026 3578 2080 ὁ
3663 2023 3843 2088 πολὺς

2190 2107 2242 2166 ἒν
2277 2107 2430 2187 λόγῳ
2460 2111 2550 2166 καὶ
2581 2109 2746 2186 ἀρετῇ
2806 2107 3235 2186 διαϐεϐοημένος
3289 2113 3576 2188 άπανταχῆ
3631 2111 3846 2170 Εὖστά-

2193 2201 2330 2270 θιος,
2361 2201 2407 2272 ᾧ
2436 2199 2527 2254 καὶ
2555 2201 2620 2254 τὸ
2650 2201 2755 2256 ἀπὸ
2815 2202 3078 2262 συνέσεως
3143 2202 3236 2274 μέν
3299 2199 3594 2276 έπιπρεπές
3653 2199 3844 2272 ἀξιέπ-

2191 2307 2339 2342 αινον
2379 2288 2468 2342 καί
2518 2289 2553 2357 ἠ
2605 2285 2937 2362 πολνπειρία
2983 2291 3266 2360 θαυμαστή
3335 2311 3418 2351 τις
3475 2289 3564 2344 καὶ
3622 2289 3847 2364 άξιάγα-

2195 2395 2342 2442 στος,
2371 2375 2434 2430 τὸ
2477 2371 2532 2430 δέ
2560 2375 2705 2449 παρὰ
2726 2373 2871 2430 πολὺ
2899 2379 3007 2430 τῶν
3039 2373 3222 2432 ἄλλων
3269 2376 3322 2432 έν
3369 2375 3557 2451 λόγοις
3621 2377 3846 2451 ὑπερτε-

2191 2467 2300 2534 ρεῖν
2329 2463 2418 2517 καὶ
2451 2462 2639 2538 σοφίας
2695 2464 2896 2534 πάσης,
2951 2464 3130 2533 ὁπόση
3188 2485 3248 2520 τε
3304 2461 3556 2540 ἡμετέρα
3594 2465 3684 2519 καὶ
3741 2466 3848 2536 ’ὀση

2188 2555 2296 2606 τῶν
2327 2551 2571 2624 θύραθεν,
2611 2554 2971 2628 κρατῆραίΡ.
3041 2555 3166 2627 198]
3221 2553 3354 2608 εἶναι
3429 2552 3727 2630 περιχειλῆ
3784 2555 3848 2609 τὸ

2193 2640 2550 2710 οἰκειότατον,
2573 2639 2887 2713 έκείνῳκαὶ
2947 2639 3211 2716 ἐξαίρετον
3269 2643 3334 2712 ἦν
3385 2645 3840 2718 χαρακτήρισμα.

2190 2730 2356 2792 Οὗτος
2415 2729 2517 2805 γάρ
2605 2735 3098 2804 ωγκακουχεῖσθαι
3155 2735 3236 2803 τῷ
3319 2731 3504 2804 οἰκείῳ
3597 2731 3845 2806 ποιμνίῳ

2191 2817 2448 2892 ἑλόμενος
2481 2816 2698 2890 μᾶλλον
2749 2817 2784 2888 ἢ
2837 2819 2963 2880 τοὺς
3015 2819 3322 2892 μισθωτοὺς
3379 2819 3739 2890 ἐζηλωκέναι,
3791 2821 3843 2876 οἳ

2189 2913 2298 2962 τῶν
2357 2905 2537 2962 λύκων
2593 2905 2908 2981 ἐρχομένων
2969 2907 3157 2972 ἐῶντες
3213 2909 3277 2964 τὰ
3331 2910 3626 2983 θρέμματα
3691 2907 3841 2966 £131-

2191 2993 2532 3070 δράσκοσσιν,
2603 2994 2714 3065 ἐξὸν
2801 3001 3217 3068 μεταναστεῦσαι
3295 3003 3396 3066 τῆς
3477 2996 3698 3062 πόλεως
3761 2993 3838 3053 ἔτι

2189 3089 2297 3138 τῶν
2319 3081 2608 3156 πολεμίων
2647 3081 3116 3160 προσδοκωμένων
3176 3083 3316 3158 μηδὲ
3373 3087 3838 3159 περικαθισάντων

431 3195 603 3250 saepe,
638 3187 700 3234 ut
723 3178 826 3242 ait,
861 3181 1180 3248 percutere,
1215 3180 1274 3232 at
1294 3175 1614 3246 saepissime
1648 3173 1820 3230 etiam
1865 3173 2079 3232 mederi

2193 3171 2380 3241 αὐτὴν,
2411 3173 2692 3245 τοῦτομὲν
2749 3170 3004 3246 οὐδαμῶς
3063 3172 3400 3245 ἐδικαίωσεν,
3461 3173 3610 3250 εἷ’περ
3669 3175 3838 3230 αὐτοῦ

433 3265 752 3334 consuevit,
783 3263 1103 3335 praesertim
1159 3262 1210 3318 si
1267 3263 1397 3333 quis
1453 3261 1663 3318 leniter
1692 3265 1751 3316 et
1781 3277 1912 3315 cum
1961 3277 2086 3330 gra-

435 3359 652 3413 tiarum
683 3357 908 3412 actione
969 3354 1270 3410 molestias
1302 3354 1536 3425 perfert,
1571 3369 1758 3424 neque
1813 3353 1885 3408 ob
1917 3368 2081 3407 acer-

441 3446 675 3501 bitatem
699 3460 898 3498 earum
938 3459 1072 3498 eum
1105 3459 1138 3496 a
1160 3459 1274 3512 quo
1307 3441 1760 3513 proﬁciscuntur
1787 3441 1919 3496 odio
1950 3455 2082 3511 per-

438 3535 726 3606 sequitur,
785 3548 890 3588 nec
955 3547 1089 3586 cum
1143 3529 1513 3586 Providentia
1568 3528 1918 3602 expostulat,
1977 3543 2080 3584 nec

429 3625 638 3700 judicii
669 3624 851 3681 divini
883 3623 1275 3696 profunditate
1301 3622 1604 3693 rejecta,in
1631 3621 1908 3678 secundis
1939 3621 2082 3675 dun-

430 3719 592 3771 taxat
625 3713 800 3768 rebus
829 3717 887 3769 et
919 3727 1197 3783 prospero
1255 3711 1500 3766 fortunae
1557 3711 1697 3765 ﬂatu
1757 3709 1974 3765 bonum
2017 3725 2080 3763 se

429 3805 686 3879 praebere
713 3803 936 3860 didicit.
969 3804 1024 3858 Is
1052 3801 1230 3874 igitur
1259 3803 1434 3857 duces
1477 3801 1784 3869 exercitus,
1841 3799 1941 3871 qui
1977 3804 2080 3854 La-

422 3897 545 3950 tine
601 3892 756 3948 conti
817 3891 1114 3954 dicuntur,
1171 3891 1376 3946 adiens
1433 3888 1624 3944 edicta
1709 3887 2076 3959 impetrabat,

423 3983 642 4053 quibus
667 3996 942 4036 aerumnae
963 3977 1350 4046 leniebantur,
1375 3993 1562 4048 neque
1584 3976 1903 4048 quidquam
1937 3991 2080 4046 prm-

426 4071 788 4128 termittebat
819 4069 974 4140 quod
1007 4067 1080 4122 ad
1112 4067 1569 4123 consolationem
1629 4081 1872 4121 suorum
1907 4064 2079 4137 perli-

423 4166 604 4218 neret.
641 4159 786 4216 Nam
813 4161 942 4226 ejus
993 4158 1140 4212 401
1178 4157 1440 4212 oratione
1483 4156 1569 4211 vel
1597 4155 1848 4211 horridae
1877 4160 2080 4210 cautes

425 4246 642 4304 moveri
675 4245 1044 4316 potuissent;
1076 4255 1129 4300 et
1182 4245 1305 4300 solo
1363 4249 1675 4314 conspectu
1729 4243 2078 4315 alienigenis

423 4338 506 4392 ita
542 4339 668 4390 erat
698 4332 1060 4398 venerabilis,
1123 4337 1189 4388 ut
1239 4338 1296 4389 et
1336 4331 1588 4389 venienti
1620 4339 1991 4403 assurgerent
2021 4335 2079 4387 et

425 4427 686 4481 orantem
721 4420 972 4476 libenter
999 4421 1270 4476 audirent
1297 4425 1355 4476 et
1390 4421 1518 4491 ejus
1553 4420 1790 4475 monitis
1847 4421 1919 4476 ad
1971 4420 2076 4474 hu-

428 4512 770 4569 manitatem
807 4517 864 4565 et
895 4509 1228 4580 aequitatem
1255 4507 1832 4575 ﬂecterentur,veluti
1865 4507 2076 4563 vulnus
2109 4539 2153 4602 Β

424 4603 882 4669 inﬂammatum,
917 4599 1070 4671 quod
1107 4598 1214 4654 levi
1243 4615 1413 4652 manu
1445 4615 1599 4668 aqua
1647 4597 1931 4654 mollitur.
1965 4597 2068 4661 Qui

425 4692 614 4761 alites,
641 4692 746 4748 etsi
771 4707 950 4761 prope
971 4689 1029 4742 in
1063 4686 1322 4743 nubibus
1344 4687 1666 4742 volitabant
1703 4687 1845 4742 etin
1877 4687 2077 4742 obvios

426 4799 681 4854 quosque
705 4781 997 4835 Romanos
1021 4793 1232 4849 magno
1261 4775 1484 4848 impetu
1502 4775 2075 4843 ruebant,abductio-

429 4888 562 4927 nem
587 4870 645 4922 in
670 4868 930 4924 Siciliam
956 4868 1042 4922 eis
1065 4864 1742 4932 minitantes,illetamen
1769 4866 1924 4921 cives
1947 4883 2078 4938 per-

431 4957 660 5012 territos
678 4964 728 5008 et
753 4953 1096 5023 urgentibus
1119 4953 1290 5008 malis
1311 4955 1577 5024 graviora
1614 4959 1959 5018 metuentes,
1983 4971 2076 5009 ve-

429 5045 535 5101 luti
550 5042 766 5114 gallina
793 5040 982 5111 pullos
1003 5041 1114 5094 sub
1128 5041 1249 5097 alas
1266 5059 1404 5098 suas
1422 5041 2082 5110 alliciebat,etvictorum

429 5133 804 5190 acerbitatem
829 5129 1113 5198 verbis,ut
1126 5130 1309 5187 Moses
1323 5148 1534 5203 aquam
1550 5132 1895 5196 Merranam,
1917 5131 2078 5203 ligno

427 5223 661 5292 injecto,
693 5216 974 5272 diluebat.
1007 5217 1140 5279 Quae
1161 5233 1290 5272 vero
1313 5217 1674 5276 liberationis
1705 5235 1896 5274 eorum
1935 5220 2079 5276 ratio

429 5305 1022 5374 fueril,mirabilitera
1055 5309 1162 5361 Deo
1192 5308 1438 5377 provisa,
1479 5325 1586 5364 suo
1609 5308 1736 5364 loco
1777 5308 2076 5364 referetur.

2196 3265 2833 3338 συμπαραμεμενηκότος
2920 3263 3170 3321 πλεῖστοι
3247 3265 3492 3341 ᾶμελλον
3547 3267 3830 3337 σώζεσθαι,

2191 3351 2485 3428 ένειρχθείς
2515 3349 2664 3427 δέ·νῇ
2723 3351 2886 3408 πόλει
2953 3354 3089 3409 έκὼν
3147 3355 3246 3410 οὐκ
3299 3353 3565 3410 ἐπαύσατο
3615 3351 3836 3409 συνδια-

2191 3440 2366 3516 φέρων
2386 3440 2452 3495 τά
2492 3439 2715 3516 ἀλγεινὰ
2745 3438 2862 3503 τδῖς
2913 3441 3242 3500 πάσχουσιν.
3303 3443 3378 3508 ὡς
3431 3446 3524 3516 μὲν
3581 3447 3660 3516 τῷ
3715 3446 3839 3508 καθ’

2189 3529 2347 3584 αὐτὸν
2382 3525 2743 3604 ὕποδείγματι
2775 3531 3108 3602 συμπείθων,
3141 3531 3216 3594 ὡς
3250 3531 3307 3587 δὲ
3363 3536 3668 3609 παραινῶν,
3737 3531 3835 3587 ὅσα

2185 3618 2278 3674 καὶ
2308 3618 2509 3694 πατρὸς
2542 3617 2753 3694 ἡμέρου
2814 3616 3092 3696 δήγματα,
3150 3620 3218 3675 τὰ
3267 3625 3364 3676 τοῦ
3417 3625 3554 3676 Θεοῦ
3606 3623 3840 3676 καθυπο-

2188 3705 2364 3781 φέρειν
2421 3705 2726 3782 πλήγματα
2781 3707 2872 3762 καὶ
2927 3709 3027 3778 τήν
3076 3706 3135 3762 ἐκ
3171 3713 3268 3764 τοῦ
3298 3712 3631 3782 πατάξαντος
3655 3729 3832 3785 προσ-

2189 3797 2365 3870 μένειν
2395 3797 2545 3859 αὗθις
2579 3797 2740 3857 ἴασιν.
2777 3822 2801 3854 α
2938 3800 3039 3876 γύίρ
3069 3802 3157 3856 καὶ
3193 3799 3326 3870 οἶδε,
3349 3826 3377 3855 n
3425 3803 3580 3876 φησὶ,
3641 3825 3670 3854 κ
3728 3823 3832 3857 πα-

2185 3887 2392 3942 τάσσειν
2426 3886 2718 3956 πολλάκις,
2753 3886 2900 3944 ἀλλᾶ.
2927 3889 3017 3944 καὶ
3052 3889 3229 3954 ἰᾶσθαι
3279 3887 3599 3954 πλειστάκις
3657 3889 3832 3970 φιλεῖ,

2184 3976 2270 4030 καὶ
2309 3975 2548 4048 μάλιστα
2579 3975 2628 4030 εἴ
2663 3977 2853 4052 πράως
2892 3977 3042 4054 φέρει
3095 3999 3177 4040 τις
3227 3979 3316 4034 καὶ
3371 3980 3710 4056 εὐχαρίστως
3767 3980 3835 4035 τὰ

2186 4063 2480 4136 λυποῦντα,
2511 4065 2602 4120 καὶ
2633 4067 2707 4140 μὴ
2740 4067 2878 4138 πρὸς
2916 4068 2978 4121 τὸ
3010 4063 3176 4141 δριμὺ
3205 4067 3411 4123 τούτων
3475 4069 3565 4124 καὶ
3621 4065 3832 4142 βάλλον

2182 4155 2281 4222 τήν
2313 4151 2560 4223 α’ἶσθησιν
2595 4151 2959 4226 ἀηδιζόμενος
2993 4156 3344 4231 ἀποστόργως
3373 4151 3493 4230 ἔχει
3553 4158 3688 4232 πρὸς
3739 4159 3832 4212 τὸν

2183 4241 2474 4317 ἐπάγοντα,
2506 4242 2596 4297 καὶ
2658 4242 3031 4312 καταστενάζει
3066 4245 3162 4315 μὲν
3211 4251 3312 4314 τῆς
3371 4247 3660 4319 Προνοίας,
3717 4267 3835 4321 κρι-

2187 4337 2372 4405 μάτων
2408 4329 2464 4388 δὲ
2523 4328 2688 4396 ϐάθος
2747 4332 3058 4388 ἀποσείεται
3114 4336 3306 4389 θεϊκῶν
3368 4335 3461 4389 οἷα
3515 4339 3594 4406 τῷ
3649 4336 3836 4408 Κυρίῳ

2185 4419 2630 4495 ἐξομολογεῖσθαι
2713 4421 3046 4494 μεμαθηκὼς
3106 4420 3158 4476 έν
3221 4422 3371 4495 μόνῳ
3427 4427 3506 4494 τῷ
3571 4422 3834 4500 ἀγαθύνε-

2185 4511 2328 4578 σθαι,
2386 4509 2476 4564 καὶ
2531 4510 2658 4564 ὃταν
2725 4509 2776 4580 ἐξ
2835 4509 3022 4584 οὐρίας
3079 4509 3374 4586 φερόμενον
3433 4513 3495 4566 τὸ
3542 4516 3640 4566 τοῦ
3709 4511 3830 4587 βίου

2185 4596 2402 4652 ἀκάτιον
2433 4595 2725 4671 διακομιζῃ
2781 4599 3132 4672 άναυαγήτως
3199 4598 3388 4672 έκείνῳ
3445 4601 3532 4655 καὶ
3588 4599 3706 4676 ῥεῖα
3737 4599 3828 4654 καὶ

2185 4687 2402 4762 κούφως
2435 4687 2500 4742 τά
2559 4685 2739 4764 ἒφετὰ,
2789 4687 2862 4749 ὡς
2918 4686 2972 4740 αἱ
3021 4693 3145 4756 νῆες
3205 4690 3470 4763 μακρὸθεν
3525 4691 3593 4744 τὰ
3653 4689 3826 4765 ἀγώγι

2190 4796 2285 4848 μα·
2320 4799 2349 4828 ››
2381 4773 2587 4833 Οὐκοῦν
2617 4775 2708 4829 καὶ
2736 4779 2852 4836 τοῖς
2902 4781 3232 4850 στρατηγοῖς
3289 4777 3683 4850 ὀπτανόμενος,
3735 4775 3826 4840 οὕς

2189 4866 2424 4926 Κόντους
2454 4863 2578 4938 εἴπῃ
2626 4883 2710 4924 τις
2766 4861 2827 4918 ἃν
2883 4867 3144 4937 Λατινικῇ
3204 4862 3470 4938 διαλέκτῳ
3516 4867 3824 4941 χρώμενος.

2187 4951 2472 5025 ἐμετρίαζε
2527 4953 2595 5007 τὰ
2653 4951 2826 5026 χείρω
2911 4957 3032 5014 τοῖς
3089 4953 3432 5019 πεπονθόσίν,
3491 4953 3826 5030 ἐπιτάγμέὶτα

2189 5042 2387 5106 ἐκεῖθεν
2441 5043 2661 5120 χορηγά
2727 5042 2972 5116 κομίζων
3043 5043 3272 5106 ἀνέσεως
3357 5045 3445 5098 καὶ
3497 5048 3601 5099 πᾶν
3648 5044 3824 5122 ἓτερον

2186 5135 2515 5205 πρυτανεῦον
2545 5130 2730 5193 αὐτοῖς
2786 5129 3152 5204 παράκλησιν
3221 5133 3369 5212 τάχα
3426 5132 3531 5208 γὰρ
3587 5133 3681 5189 καὶ
3736 5133 3828 5188 πέ-

2186 5240 2318 5294 τρας
2347 5219 2652 5296 ἀγελάστου
2702 5219 2730 5274 ὁ
2787 5217 2994 5273 ἐκείνου
3052 5219 3220 5294 λόγος
3276 5220 3546 5290 καθίκετο,
3615 5223 3702 5276 καὶ
3764 5219 3826 5275 δι’

2189 5305 2374 5368 αἰδοῦς
2401 5306 2490 5362 καὶ
2525 5306 2688 5380 μόνον
2733 5305 2916 5382 ὀφθεὶς
2943 5312 3059 5368 τοῖς
3099 5305 3443 5386 ἀλλοφύλοις
3499 5308 3684 5385 ἤγετο,
3743 5309 3826 5366 καὶ

431 5397 623 5462 θώκων
653 5393 1026 5465 ὑπεξίσταντο,
1053 5391 1141 5446 καὶ
1173 5390 1348 5460 ἡδέως
1375 5394 1541 5450 αὐτοῦ
1567 5393 1792 5466 ἤκουον,
1842 5395 1932 5450 καὶ
1989 5395 2126 5471 πρὸς
2183 5397 2244 5451 τὸ
2301 5396 2598 5472 πραότερον
2653 5395 2744 5451 καὶ
2813 5397 3179 5470 χρηστότερον
3253 5399 3384 5467 ἦθος
3446 5405 3822 5472 μετεποιοῦντο

905 5478 1240 5557 φλεγμαῖνον
1290 5482 1438 5556 χειρὶ

431 5487 523 5542 οἶα
594 5485 808 5558 τραῦμα

1542 5485 1717 5561 κούφῃ
1791 5483 2279 5557 καταλεαινόμενον
2358 5485 2532 5540 ὕδατι.
2610 5483 2676 5542 Εἰ
2752 5483 2854 5560 γὰρ
2913 5485 3005 5538 καὶ
3078 5485 3214 5554 ἦσαν
3290 5485 3441 5542 οὗτοι
3517 5489 3822 5566 ἀγχινεφεῖς

441 5575 642 5650 μικροῦ
705 5570 990 5643 αἱθόμενοι
1067 5569 1441 5644 γαμψώνυχες
1479 5569 1689 5645 ὄρνιθες
1719 5573 1809 5627 καὶ
1890 5575 2073 5648 βαρεῖς
2147 5572 2490 5629 έπεποτῶντο
2565 5579 2678 5635 τοῖς
2723 5573 2825 5627 ὑπὸ
2901 5577 3060 5647 χεῖρα
3135 5579 3435 5644 τηνικαῦτα
3509 5577 3818 5651 Ῥωμαίοις,

436 5657 773 5740 μετοικεσίαν
813 5657 998 5720 αὐτοῖς
1031 5657 1108 5720 εἷς
1155 5655 1412 5712 Σικελίαν
1489 5657 1966 5732 έπαπειλούμενοι,
2044 5659 2172 5716 ἀλλ’
2211 5659 2301 5715 οὖν
2375 5661 2578 5724 ἐκεῖνος
2643 5659 2770 5724 τοὺς
2832 5683 2911 5734 τῳ
2987 5657 3089 5715 δέει
3165 5659 3696 5738 περιϐαμϐαίνοντας
3732 5677 3816 5729 καὶ
