4126 6294
309 350 428 411 635
1354 339 1454 399 DE
1495 341 1956 403 ANDRONICO
1997 342 2387 406 COMNENO
2433 347 2574 409 LIB.
2622 347 2662 408 l.
3585 343 3709 406 666

310 477 590 552 δεινότερα
652 478 759 530 τῶν
816 472 1118 528 ἐνεστώτων
1175 470 1240 525 τὰ
1298 468 1543 525 ἐσέπειτα
1603 466 1984 547 ὑφορωμένους
2039 473 2176 527 κακὰ
2238 474 2522 551 ἐπισυνῆγὲ
2592 498 2650 533 τε
2727 477 2817 532 καὶ
2897 473 3177 545 διέθαλπε,
3229 475 3365 529 καθὰ
3423 473 3513 529 καὶ
3564 471 3712 548 ὄρνις

315 570 418 625 ὑπὸ
443 567 538 630 τὰς
591 566 786 632 ἑαυτῆς
843 557 1258 635 περισυστέλλει
1316 559 1584 635 πτέρυγας
1635 559 1700 614 τὰ
1754 560 1986 630 νεόττια,
2042 562 2133 616 καὶ
2190 564 2254 618 τὸ
2307 568 2404 620 τοῦ
2459 567 2634 639 θυμοῦ
2693 564 2965 641 ὒίερῥαῖον
3021 569 3131 619 τῶν
3188 561 3532 637 κρατούντων
3595 584 3718 634 μετ-

313 652 513 730 ήμειόε
580 656 745 710 ποιοῦ
810 655 904 707 τοῦ
960 649 1341 724 πικράζοντος,
1399 646 1579 724 ὥσπερ
1639 650 1928 705 Μωσαϊκὸν
1986 649 2147 719 ξύλον
2206 655 2367 725 μέσος
2421 649 3000 729 προσλαμϐανόμενος.
3065 654 3290 714 Ὀποῖος
3351 650 3408 707 δέ
3450 653 3715 728 ὁτρόπος

313 755 415 817 τῆς
473 744 808 819 ἐλευθερίας,
866 740 959 795 καὶ
1017 738 1106 794 διὰ
1165 738 1330 812 μέσου
1403 737 1549 800 τίνος
1618 739 1682 794 τὸ
1764 743 1917 793 Θεῖον
1978 743 2189 796 τουτονὶ
2267 743 2671 822 ἐκαινούργησε,
2747 744 2838 799 τὸν
2911 744 3108 798 οἰκεῖον
3195 742 3528 815 ἀναμεινάτω
3602 762 3720 796 και-

315 837 429 912 ρόν.

392 932 439 981 ι’.
493 924 572 980 Τὸ
640 919 698 978 δὲ
753 919 930 997 λέγειν
994 918 1228 973 ἐπανίτω
1284 916 1448 972 πάλιν
1505 917 1622 972 ὃθεν
1677 913 1958 990 ἐκϐέϐηκε,
1991 923 2046 989 Α

310 1012 400 1067 καὶ
463 1005 701 1064 διδόσθω
731 1007 798 1062 τὰ
845 1010 942 1061 τοῦ
977 1001 1252 1080 βασιλέως
1312 1001 1655 1079 Ἀνδρονίκου
1702 1007 1782 1076 τῷ
1809 1004 1960 1059 ἱστο-

321 1105 450 1175 ρεῖν.
482 1099 621 1176 Εἶχε
654 1097 748 1170 μὲν
803 1093 894 1149 οὖν
953 1093 1040 1149 ἐπὶ
1099 1091 1263 1163 ξύλου
1320 1093 1626 1168 ἀναρτήσας
1682 1091 1811 1156 τοὺς
1865 1113 1966 1147 κα-

319 1189 610 1264 σιγνήτους
679 1179 1102 1244 Σεϐαστειανοὺς
1161 1183 1234 1243 ὡς
1323 1181 1398 1242 εἰς
1455 1178 1744 1255 τυραννίδα
1803 1178 1964 1251 δῆθεν

319 1286 639 1361 ἐπαίροντας
693 1283 784 1338 καὶ
854 1281 1019 1336 αὐτοῦ
1099 1281 1408 1356 καθαίρεσιν
1491 1279 1586 1334 τὸν
1680 1281 1962 1352 Κομνηνὸν

318 1376 587 1445 Ἀλέξιον.
623 1369 794 1434 Οὗτός
843 1371 986 1427 ἐστιν
1019 1371 1047 1426 ὁ
1091 1372 1168 1444 μή
1217 1369 1268 1441 ἐξ
1316 1369 1559 1443 ἐννόμων
1613 1368 1966 1442 περιπλοκῶν

316 1469 394 1536 τῷ
435 1461 655 1538 βασιλεῖ
685 1460 1010 1537 ἀποτεχθεές
1053 1457 1344 1528 Μανουήλ,
1395 1459 1486 1512 καὶ
1541 1461 1790 1534 γαμικῶς
1842 1478 1964 1510 συν-

319 1553 503 1632 ααθεὶς
559 1555 627 1625 τῇ
685 1550 736 1623 ἐξ
797 1549 1007 1622 ὁμοίων
1062 1547 1254 1626 φυείσῃ
1335 1548 1659 1622 σπερμάτων
1741 1546 1962 1621 θυγατρὶ

317 1645 416 1698 τοῦ
445 1637 798 1714 Ἀνδρονίκου
855 1637 1085 1712 Εἰρήνῃ.
1139 1635 1383 1712 Βραχέος
1442 1639 1570 1710 γοῦν
1620 1632 1964 1697 διαλιπόντος

318 1743 510 1814 καιροῦ
559 1739 648 1792 καὶ
707 1736 866 1792 αύτὸν
927 1733 1274 1812 συνειληφὼς
1328 1733 1420 1788 τὸν
1476 1732 1719 1802 ’ΔΑέξιον
1780 1733 1965 1808 εἱρκτῇ

320 1825 714 1905 παραδίδωσιν,
773 1823 958 1880 ἔπειτα
1016 1817 1505 1893 διαλωῦησάμενος
1554 1823 1680 1883 τοὺς
1759 1820 1967 1900 ὀφθαλ-

323 1917 456 1992 μοὺς
497 1914 552 1977 ἐς
579 1915 679 1983 τήν
720 1911 918 1984 Χηλήν
978 1911 1266 1986 ὑπερόριον
1316 1910 1518 1980 τίθησι·
1569 1907 1861 1986 πολίχνιον
1910 1908 1966 1964 δέ

316 2008 454 2063 ἐστιν
486 2003 623 2074 αὕτη
657 2000 924 2077 πάραλον,
987 2001 1220 2078 ἃγχιστά
1265 2020 1370 2055 που
1417 2003 1514 2055 τοῦ
1572 1997 1780 2056 Πόντου
1840 1998 1966 2054 στό-

319 2126 488 2180 ματος
544 2102 815 2176 κείμενον,
882 2099 1004 2156 ἔνθα
1059 2101 1149 2154 καὶ
1205 2097 1437 2176 πυργίον
1519 2095 1820 2174 εἰσδέχεται
1874 2098 1966 2153 τὸν

318 2189 557 2267 Ἀλέξιον
596 2190 798 2248 τούτού
853 2187 1004 2246 ἕνεκα
1060 2186 1322 2260 δομηθέν.
1385 2188 1483 2242 Καὶ
1539 2188 1638 2256 τὴν
1699 2188 1967 2262 θυγατέρα

2147 923 2234 980 40.
2268 928 2430 982 Nunc
2460 926 2530 981 ad
2566 925 2904 982 institutum
2962 924 3158 980 redeat
3188 923 3373 980 oratio
3422 929 3476 978 et
3524 939 3616 978 res
3648 921 3720 978 ab

2072 1013 2402 1070 Andronico
2432 1023 2608 1086 gestis
2641 1015 2992 1071 referantur.
3029 1013 3086 1070 Is
3139 1011 3493 1068 Sebastianis
3534 1011 3724 1066 fratri-

2075 1104 2185 1158 bus
2216 1103 2274 1158 in
2309 1119 2541 1159 crucem
2574 1103 2740 1172 actis,
2770 1104 2925 1175 quod
2960 1102 3224 1157 Alexium
3273 1101 3633 1157 Comnenum
3659 1099 3728 1169 (is

2070 1196 2159 1246 est
2223 1208 2399 1261 quem
2459 1191 2687 1249 Manuel
2745 1201 2906 1248 extra
2963 1190 3302 1262 conjugium
3356 1189 3616 1261 suscepit
3672 1197 3728 1244 et

2069 1282 2440 1338 Andronicus
2473 1282 2653 1338 Irene
2684 1282 2817 1337 ﬁliae
2849 1283 3051 1338 eodem
3085 1281 3257 1336 modo
3290 1285 3435 1334 natae
3468 1280 3721 1350 despon-

2071 1372 2177 1444 dit)
2212 1389 2454 1444 regnum
2502 1375 2868 1430 atl'ectantem
2923 1374 3256 1444 adjutarent
3303 1375 3359 1427 et
3389 1387 3448 1427 se
3477 1369 3722 1443 imperio

2071 1459 2306 1532 pulsum
2336 1459 2573 1531 vellent,
2617 1461 2790 1532 paulo
2843 1470 2973 1532 post
3027 1461 3202 1516 etiam
3253 1459 3417 1516 illum
3463 1475 3725 1528 compre-

2071 1551 2316 1605 hensum
2351 1551 2409 1606 in
2441 1566 2731 1607 carcerem
2781 1551 3040 1622 conjicit.
3097 1551 3315 1606 Deinde
3369 1554 3721 1605 excreatum

2070 1639 2283 1696 Chelen
2317 1640 2397 1711 (id
2429 1639 2707 1712 oppidum
2739 1639 2997 1695 vicinum
3057 1645 3147 1695 est
3198 1639 3366 1695 Ponti
3410 1634 3723 1710 angustiis)

2071 1727 2307 1801 relegat,
2341 1732 2399 1783 et
2431 1728 2490 1783 in
2524 1728 2730 1783 turrim
2767 1745 2833 1783 ea
2869 1729 3022 1784 402
3045 1727 3115 1781 de
3136 1744 3312 1783 causa
3359 1731 3715 1782 exstructam

2070 1817 2588 1891 compingit,etiam
2629 1819 2788 1874 [rena
2820 1817 2938 1872 ﬁlia
2970 1833 3145 1873 exosa
3177 1821 3234 1871 et
3261 1817 3523 1886 eXpulsa,
3557 1815 3706 1884 quod

2071 1909 2355 1963 maritum
2386 1907 2627 1962 minime
2655 1905 2855 1977 lugere
2878 1907 3068 1976 jussa,
3091 1906 3164 1974 si,
3207 1909 3271 1959 ut
3321 1903 3473 1975 piam
3531 1903 3712 1958 tiliam

2072 1997 2318 2061 deceret,
2353 1995 2536 2068 patris
2594 1994 2764 2050 malis
2823 1999 3170 2065 moveretur,
3229 1994 3329 2049 sed
3397 2009 3526 2049 eum
3585 1991 3715 2048 odio

2073 2101 2186 2141 non
2221 2084 2446 2140 minore
2477 2101 2653 2158 quam
2688 2083 2852 2156 prius
2884 2100 3077 2139 amore
3139 2082 3430 2154 persequi,
3463 2080 3560 2136 illa
3600 2080 3720 2154 pri-

2072 2173 2520 2230 stinacbaritate
2543 2177 2884 2228 conservata
2903 2171 3122 2227 luctum
3149 2187 3321 2226 suum
3345 2175 3401 2225 et
3449 2168 3722 2240 lacrymis

318 2283 562 2356 Εἶρήνην
594 2281 890 2356 ἀποστυγεῖ
917 2279 1007 2332 καὶ
1052 2283 1289 2332 ποιεῖται
1337 2275 1445 2331 ἀπὸ
1501 2277 1798 2352 προσώπου
1842 2277 1967 2331 Ἀν-

2077 2267 2134 2319 et
2155 2261 2314 2336 pullo
2345 2262 2554 2318 vestitu
2585 2261 2930 2317 testabatur.
2965 2261 3050 2315 Ita
3079 2259 3345 2314 mirabile
3388 2257 3532 2312 illud
3589 2273 3725 2312 con-

323 2371 594 2450 δρόνικος,
625 2371 709 2426 ὅτι
759 2369 788 2424 ὁ
843 2369 940 2442 μὶν
989 2369 1066 2442 μὴ
1126 2366 1456 2442 ἀχθεσθῆναι
1511 2366 1646 2439 μηέέ
1701 2367 1968 2440 κόψασθαι

318 2472 571 2526 ὁπωσοῦν
605 2466 850 2539 ἐπέταξεν
881 2465 966 2522 ἐπὶ
1009 2470 1088 2538 τῷ
1130 2464 1334 2535 ταύτης
1385 2461 1564 2538 ἀνδρὶ,
1623 2463 1668 2518 εί
1729 2465 1968 2540 φιλοπά-

314 2581 426 2634 τωρ
458 2558 573 2615 ἐστὶ
626 2557 864 2632 θυγάτηρ
924 2555 1013 2610 καὶ
1076 2553 1378 2629 ὑπεραλγεῖ
1431 2557 1527 2608 τοῦ
1587 2553 1969 2630 φυτεύσαντος,

323 2648 540 2725 μᾶλλον
601 2648 695 2721 μὶν
748 2647 838 2700 οὗν
899 2645 990 2700 καὶ
1050 2645 1426 2719 ἀποστυγῆσαι
1476 2642 1568 2698 τὸν
1640 2640 1970 2716 σύλλεκτρον

318 2739 406 2794 καὶ
440 2736 502 2792 τδ
543 2737 736 2808 πρώην
771 2733 997 2812 φίλτρον
1053 2737 1390 2806 μετενεγκεῖν
1442 2731 1516 2792 είς
1575 2735 1732 2802 μῖσος
1785 2727 1968 2803 άντίῤ-

319 2827 580 2901 ῥοπον,ἡ
614 2819 671 2878 δὲ
727 2822 1045 2897 ἑθρήνησεν,
1103 2820 1176 2882 ὡς
1237 2819 1404 2888 εἰκὸς,
1461 2819 1561 2873 οὐκ
1611 2815 1970 2892 ἀπιστέρξασα

317 2925 409 2980 τὸν
470 2921 785 2996 ὸμόκοιτον,
843 2921 933 2975 καὶ
989 2917 1260 2989 δυσείμων
1318 2915 1724 2990 ἂποθριξαμένη
1785 2913 1966 2970 τεθέα-

321 3032 431 3067 ται.
463 3008 621 3066 Ἀλλ’
649 3009 796 3065 οὕτω
849 3009 942 3082 μὲν
991 3005 1212 3076 ἐξάπινα
1272 3003 1454 3074 διέστη
1505 3004 1572 3060 τὰ
1607 3010 1707 3072 τῆς
1758 3005 1968 3075 θαυμα-

325 3107 457 3171 στῆς
494 3097 693 3170 ταύτης
752 3098 842 3154 καὶ
906 3093 1472 3173 μεγαληγορουμένης
1512 3099 1756 3169 γαμικῆς
1809 3113 1967 3146 συνα-

318 3191 473 3270 φείας
533 3189 637 3243 ὑπὸ
702 3191 808 3241 τῶν
862 3184 1311 3260 καταρατοτάτων
1392 3183 1645 3238 κολάκων
1701 3183 1790 3236 καὶ
1859 3184 1966 3237 τῶν

314 3286 826 3365 ἀττιφθεγγομένων
855 3287 1048 3359 νόμοις
1103 3281 1477 3352 δικασπόλων,
1524 3281 1584 3336 οθί
1631 3283 1729 3350 τῆν
1789 3281 1968 3353 κάμη-

321 3375 418 3432 λον
451 3374 836 3435 καταπίνοντες
888 3370 1138 3441 διύλιζον
1175 3372 1266 3425 τὸν
1319 3372 1580 3440 κώνωπα,
1633 3371 1718 3447 ὑφ’
1765 3372 1830 3438 ἧς
1877 3368 1969 3424 καὶ

319 3467 390 3522 τά
449 3463 686 3540 χρονίως
737 3460 1117 3536 ἀπορραγέντα
1169 3458 1442 3514 συνελθεῖν
1501 3460 1654 3522 αὖθις
1703 3478 1970 3532 προεφοι-

323 3547 540 3623 ϐάζετο,
573 3552 674 3621 τήν
700 3547 776 3604 ἓω
803 3571 862 3604 τε
912 3547 1330 3624 προσπλακῆναι
1378 3547 1448 3621 τῇ
1501 3543 1671 3615 δύσει,
1727 3547 1814 3600 καὶ
1865 3567 1968 3599 πα-

322 3642 482 3698 λαιάν
544 3639 927 3712 ἐκπολέμωσιν
987 3637 1406 3711 ἀποτρίψασθαι,
1453 3635 1543 3690 καὶ
1600 3629 1724 3705 ἔθνη
1781 3632 1962 3707 ὥσπερ
1995 3634 2038 3701 C

311 3733 406 3794 τὰς
437 3729 693 3808 γλώττας
753 3727 894 3783 οἱίνω
921 3726 1013 3780 καὶ
1059 3726 1155 3786 τὰς
1211 3726 1432 3800 γνώμας
1491 3723 1786 3796 Ῥωμαίοις
1831 3722 1959 3777 ἀνό-

319 3841 449 3894 μοια
495 3820 558 3874 τὸ
616 3817 891 3891 σύμπνουν
950 3815 1312 3882 ἀσπάσασθαι,
1369 3813 1460 3870 καὶ
1516 3813 1610 3868 τὸν
1669 3814 1964 3886 ταυτισμὸν

315 3924 422 3974 τῶν
485 3919 634 3987 ἠθῶν
695 3918 798 3984 τῆς
857 3912 1122 3987 προτέρας
1179 3911 1556 3986 καινοτρόπως
1631 3909 1964 3982 ἀλλάξασθαι

319 4005 670 4075 διαστάσεως,
703 4003 776 4065 ὡς
822 4009 1160 4079 συγκοπῆναι
1213 4001 1308 4062 τὰς
1369 3995 1586 4069 ζιϐύνας
1642 4000 1716 4061 εἰς
1765 4000 1965 4072 ἄροτρα

315 4097 403 4152 καὶ
472 4089 923 4168 συμὸοσκηθῆναι
981 4088 1147 4165 ἃρνας
1223 4095 1340 4150 τοῖς
1398 4087 1638 4144 λέουσιν.
1701 4086 1964 4159 Εύνομίαι

315 4206 372 4240 τε
438 4183 654 4238 πόλεων
714 4179 1134 4256 ἐμεγαλύνοντο,
1194 4178 1285 4232 καὶ
1340 4181 1446 4232 τῶν
1519 4176 1788 4254 ἐκφορίων
1864 4182 1966 4244 τῆς

320 4287 422 4360 γῆς
469 4279 712 4339 ἐπίδοσις
768 4275 996 4351 διαρκὴς
1053 4275 1144 4331 καὶ
1211 4273 1528 4350 παράλογοι·
1587 4267 1828 4352 ἔκφυσις,
1890 4273 1966 4335 ὡς

321 4370 491 4447 ὅχνας
544 4370 640 4443 μὲν
694 4371 1040 4443 προενεγκεῖν
1084 4366 1183 4433 τήν
1245 4365 1474 4437 ῥάμνον,
1531 4366 1630 4433 τήν
1691 4361 1747 4418 δὲ
1803 4369 1968 4432 συκῆν

321 4459 613 4535 ἀσταχύων
670 4457 910 4536 φρίσσειν
993 4452 1293 4528 ἀνθέρικας,
1351 4451 1386 4520 ἤ
1447 4457 1578 4527 γοῦν
1637 4453 1710 4513 ὡς
1789 4450 1839 4506 ἐν
1896 4455 1965 4526 τῇ

327 4550 466 4623 μίξει
500 4548 624 4608 Διὸς
654 4546 742 4600 καὶ
805 4545 974 4618 Ἥρας
1027 4544 1078 4596 οἱ
1127 4540 1350 4612 ποιηταί
1409 4561 1590 4618 φασιν,
1653 4542 1968 4614 ὑποστρων-

319 4639 538 4701 νύεσθαι
599 4635 693 4708 μὲν
747 4631 922 4688 λωτὸν
977 4633 1260 4705 ἑρσήεντα,
1319 4631 1517 4704 κρόκον
1552 4627 1600 4684 δ’
1643 4629 1968 4708 ἀναφύεσθαι

316 4737 407 4790 καὶ
453 4731 770 4789 ἀνατέλλειν
833 4730 1101 4787 ὑάκινθον.
1164 4724 1351 4789 Οὕτως
1408 4729 1459 4782 οἱ
1518 4727 1807 4802 λογοποιοὶ
1859 4731 1966 4781 τῶν

317 4823 582 4880 νοιούτων
630 4818 1017 4894 ἐμωράνθησαν
1076 4815 1486 4892 προδηλότατα,
1537 4817 1628 4871 καὶ
1677 4816 1968 4895 φάσκοντες

317 4914 456 4970 εἶναι
546 4909 706 4983 σοφοὶ
763 4907 854 4962 καὶ
925 4901 1328 4980 προϐλεπτικοῖ
1376 4909 1486 4960 τῶν
1555 4905 1826 4978 ἐσομένων
1879 4904 1967 4958 καὶ

2068 2353 2326 2424 jugium,
2359 2355 2417 2406 et
2445 2368 2478 2406 a
2508 2349 2871 2406 detestandis
2911 2348 3374 2404 assentatoribus
3420 2352 3479 2402 et
3510 2345 3725 2416 iniquis

2063 2440 2388 2512 judieibus,
2420 2439 2522 2509 qui
2553 2439 2843 2495 camelum
2877 2437 3211 2510 degluliunt
3240 2443 3298 2493 et
3344 2437 3589 2492 culicem
3626 2451 3727 2490 co-

2073 2529 2217 2594 lant,
2246 2528 2555 2600 magniﬂce
2603 2529 2913 2598 jactatum,
2971 2526 3164 2583 subito
3203 2531 3294 2582 est
3337 2525 3721 2596 diremptum.

2074 2619 2181 2674 Per
2211 2617 2362 2690 quod
2395 2617 2570 2672 iidem
2603 2617 2993 2687 praedixerant
3033 2631 3101 2670 ea
3150 2632 3276 2686 quea
3332 2613 3471 2673 olim
3522 2612 3726 2667 avulsa

2073 2710 2270 2762 essent
2300 2706 2511 2760 iterum
2545 2705 2790 2770 coitura,
2823 2708 2880 2758 et
2911 2703 3204 2758 Orientem
3237 2718 3370 2756 cum
3415 2700 3722 2756 Occidenle

2074 2793 2415 2865 copulatum
2456 2792 2522 2848 iri
2551 2797 2644 2854 :et
2670 2792 3005 2848 inveteratis
3035 2790 3187 2846 odiis
3243 2789 3480 2844 abolitis
3523 2797 3724 2860 gentes

2073 2889 2140 2940 ut
2168 2882 2410 2956 linguis,
2445 2882 2528 2937 ita
2577 2880 2837 2936 moribus
2895 2897 2929 2935 a
2989 2880 3267 2935 Romanis
3329 2879 3730 2948 discrepantes

2073 2971 2443 3030 concordiam
2484 2970 2732 3025 inituras
2786 2969 3117 3041 iisdemque
3176 2967 3443 3023 moribus
3496 2983 3730 3038 usuras,

2075 3061 2548 3119 dissensionibus
2580 3078 2730 3117 nova
2761 3060 2986 3116 ratione
3045 3058 3299 3128 abolitis,
3335 3063 3401 3114 ut
3455 3073 3625 3114 enses
3666 3058 3725 3114 in

2075 3159 2268 3209 aratra
2297 3155 2670 3206 mutarentur
2725 3155 2782 3206 et
2839 3149 2975 3220 agni
3037 3165 3170 3204 cum
3204 3147 3469 3203 leonibus
3517 3164 3724 3220 pasce—

2075 3245 2296 3298 rentur.
2327 3239 2643 3295 Civitatum
2693 3255 2925 3310 quoque
2981 3236 3355 3309 disciplinam
3403 3241 3460 3292 et
3492 3237 3723 3306 frugum

2075 3333 2427 3402 proventum
2462 3329 2698 3383 uberem
2731 3331 2788 3383 et
2845 3325 3174 3382 mirabilem
3225 3325 3547 3396 jactabant.
3581 3325 3725 3380 Nam

2075 3419 2286 3475 rubum
2320 3419 2447 3490 pira
2478 3416 2829 3488 pariturum,
2863 3417 3037 3470 ficum
3071 3419 3265 3485 segete
3291 3418 3597 3486 gravatum
3641 3413 3730 3484 iri,

2077 3510 2192 3564 fere.
2217 3511 2280 3562 ut
2299 3507 2548 3578 poetmin
2565 3503 3058 3560 JovisetJunonis
3083 3502 3398 3557 concubitu
3437 3501 3728 3558 roscidam

2077 3596 2260 3652 lotum
2295 3595 2589 3650 substerni
2623 3594 2779 3650 408
2800 3597 2856 3647 et
2886 3607 3120 3647 crocum
3155 3590 3349 3645 enasci
3394 3606 3460 3644 ac
3494 3589 3727 3662 hyacin-

2074 3687 2242 3742 thum
2302 3684 2438 3740 oriri
2506 3683 2863 3738 fabulantur.
2923 3679 3172 3735 Omnino
3239 3678 3334 3732 isti
3398 3677 3722 3747 nugigeruli

2073 3772 2554 3830 manifestissime
2583 3770 2924 3835 tlelirarunt,
2983 3768 3082 3839 qui
3145 3781 3278 3820 cum
3331 3782 3394 3821 se
3427 3765 3720 3836 sapientes

2074 3877 2202 3919 esse
2233 3861 2542 3929 futuraque
2593 3855 2924 3927 prospicere
2992 3854 3405 3927 gloriarentur,
3491 3869 3595 3907 nec
3655 3867 3725 3907 ea

2075 3968 2202 4024 quas
2261 3954 2392 4004 ante
2433 3945 2610 4018 pedes
2666 3948 2832 3998 erant
2865 3943 3317 4015 perspiciebant,
3371 3941 3719 4012 pr0pbeticze

2076 4041 2160 4097 illi
2191 4035 2566 4095 exsecrationi
2591 4031 2853 4099 obnoxii,
2886 4036 2952 4086 ut
2983 4031 3252 4088 videntes.
3303 4046 3416 4084 non
3459 4029 3724 4084 viderent

2076 4138 2130 4186 et
2161 4128 2461 4184 audientes
2493 4139 2608 4178 non
2638 4120 2929 4177 audirent.
2981 4121 3100 4176 Imo
3162 4123 3358 4190 aperte
3411 4119 3726 4174 cernebant

2076 4225 2133 4275 et
2162 4218 2307 4274 satis
2329 4217 2539 4270 norant
2569 4226 2632 4266 so
2661 4209 2934 4280 capitalia
2959 4208 3132 4264 verba
3163 4207 3406 4263 fundere
3436 4216 3489 4263 et
3521 4208 3725 4263 dentes

2077 4325 2216 4366 suos
2264 4313 2542 4376 tanquam
2596 4299 2794 4371 jacula
2851 4303 2906 4353 et
2963 4298 3191 4370 gladios
3247 4315 3569 4354 exacuere:
3626 4297 3725 4354 sed

2077 4401 2211 4470 quia
2245 4400 2411 4467 grata
2469 4391 2704 4448 auribus
2761 4388 3034 4443 dicebant
3089 4392 3146 4443 et
3202 4387 3436 4458 linguas
3494 4386 3726 4442 venales

2078 4489 2443 4544 babebantet
2468 4479 2806 4538 hominibus
2832 4476 3055 4548 placere
3089 4475 3352 4544 impense
3389 4475 3728 4543 cupiebant,

2079 4573 2458 4649 quales,prob
2478 4567 2690 4625 dolor?
2713 4565 2858 4622 aulae
2891 4565 2946 4619 in
2971 4564 3289 4635 perniciem
3338 4579 3503 4618 suam
3540 4562 3727 4629 alunt,

2078 4665 2412 4721 laudatores
2427 4655 3027 4723 malorum,bonorum
3044 4651 3334 4708 inscitiam
3353 4649 3727 4717 simulantes,

2082 4751 2280 4810 sedulo
2311 4747 2746 4820 improbitatem
2783 4742 3224 4815 promovebant,
3283 4756 3466 4810 eaque
3513 4739 3725 4810 proba-

2081 4844 2223 4898 bant
2280 4855 2407 4910 quas
2483 4833 2813 4904 imperatori
2873 4831 3033 4886 cordi
3107 4834 3289 4884 erant.
3348 4829 3544 4900 Neque
3591 4844 3728 4882 vero

2082 4930 2347 4985 Alexium
2416 4926 2701 4980 duntaxat
2757 4923 2918 4974 tanta
2984 4918 3414 4973 inhumanitate
3459 4917 3730 4973 tractavit

318 4997 636 5078 προειδότες
665 4998 732 5052 τά
788 4994 1088 5069 ἔμπροσθεν
1121 4993 1246 5050 ούδέ
1293 4995 1360 5049 τὰ
1411 4994 1462 5048 ἐν
1520 5015 1677 5049 ποσιν
1731 4995 1962 5070 ὁρῶντες

2077 5016 2470 5081 Andronicus,
2504 5012 2604 5068 sed
2637 5026 2706 5065 ex
2735 5007 3016 5064 ministris
3047 5008 3220 5063 etiam
3245 5008 3372 5077 eius
3405 5008 3728 5078 praecipuos

318 5098 654 5174 ἠλέγχοντο,
704 5091 852 5147 ἀλλά
902 5092 1039 5146 κατά
1085 5092 1186 5160 τήν
1258 5093 1606 5170 προφητίκὴν
1657 5091 1786 5165 ἀρὰν
1840 5089 1970 5166 βλέ-

318 5207 515 5248 ποντες
575 5181 676 5239 οὒκ
731 5175 961 5236 ἔϐλεπον
1023 5177 1140 5234 οὐδ’
1224 5179 1430 5242 ἀίοντες
1488 5179 1840 5250 ἡνωτίζοντο.
1897 5186 1972 5240 ’Ἠ

319 5279 509 5350 ἐώρων
546 5274 641 5346 μὶν
704 5267 960 5346 ἀσφαλῶς
1005 5269 1096 5323 καὶ
1153 5264 1347 5341 ᾔδεσαν
1407 5264 1648 5342 ἀκριϐῶς
1705 5289 1972 5324 καταπον-

315 5368 519 5442 τισμοῦ
551 5358 920 5440 φθεγγόμενοι
961 5356 1180 5433 ῥήματα
1217 5357 1307 5412 καὶ
1357 5357 1434 5419 εἰς
1491 5354 1638 5412 ὅπλα
1688 5357 1776 5411 καὶ
1836 5357 1969 5431 βέλη

315 5465 442 5525 τοὺς
495 5461 711 5516 ἑαυτῶν.
758 5452 983 5516 ὀδόντας
1046 5458 1538 5531 μεταγομφοῦντες,
1588 5453 1974 5531 χαριτογλωτ-

315 5557 537 5610 τοῦντες
579 5543 626 5600 δ’
673 5547 825 5617 ὅμως
873 5544 964 5598 καὶ
1021 5542 1158 5615 πρὸς
1217 5542 1474 5618 ἀργύριον
1531 5541 1826 5604 λαλοῦντες
1879 5543 1970 5596 καὶ

318 5645 453 5718 βοῦν
512 5639 604 5696 ἐπὶ
658 5635 876 5710 γλῶττη
937 5634 1188 5710 φέροντες
1245 5632 1335 5686 καὶ
1389 5632 1454 5686 τὸ
1521 5632 1970 5706 ἀνθρωπάρεσκοι]

310 5717 452 5788 κατὰ
509 5726 708 5800 κράτος
767 5720 1220 5795 μεταδιώκοντες,
1280 5719 1506 5782 ὁποίους
1559 5721 1625 5775 οὗ
1694 5717 1814 5775 δέον
1873 5721 1968 5792 βόε

2080 5109 2138 5164 in
2166 5104 2492 5163 custodiam
2541 5099 2750 5165 dedit;
2811 5113 2914 5153 nec
2968 5096 3153 5152 multo
3214 5104 3338 5167 post
3395 5096 3620 5152 delectu
3663 5111 3730 5150 ex

2082 5195 2321 5268 optimis
2351 5191 2551 5248 habito
2582 5188 2888 5259 plerosque
2918 5186 3240 5242 excaecavit.
3274 5184 3468 5241 Unum
3498 5200 3631 5240 vero
3661 5199 3728 5238 ex

2081 5286 2294 5343 scribis
2315 5281 2495 5345 illius,
2527 5280 2912 5349 cognomento
2965 5275 3298 5343 Mamalum,
3359 5290 3534 5345 quem
3594 5271 3730 5326 ulti-

2084 5389 2246 5430 mum
2303 5371 2624 5428 devoraret,
2685 5363 3050 5430 asservavit;
3108 5367 3165 5417 et
3194 5377 3294 5417 eas
3323 5360 3524 5433 epulas
3571 5363 3736 5414 tanta

2081 5459 2444 5518 lautitiarum
2500 5455 2655 5510 404
2707 5452 2988 5507 varietate
3047 5449 3344 5514 instruxit,
3415 5457 3476 5504 ut
3559 5446 3737 5516 digna

2081 5552 2280 5608 essent
2309 5563 2436 5618 qna:
2469 5561 2583 5598 non
2637 5541 2822 5596 alium
2877 5539 2989 5595 nisi
3024 5541 3276 5611 primum
3309 5537 3478 5593 illum
3539 5532 3736 5588 homi-

2080 5640 2270 5698 cidam
2294 5634 2596 5690 convivam
2646 5630 2947 5696 haberent,
2983 5635 3041 5685 et
3081 5646 3115 5684 a
3164 5627 3387 5682 mensis
3424 5623 3729 5680 Furiarum

2083 5727 2230 5789 nihil
2253 5724 2546 5786 diﬁ‘erent,
2579 5717 2785 5790 quales
2837 5735 2868 5772 a
2909 5717 3071 5773 nullo
3116 5730 3374 5787 unquam
3424 5721 3607 5778 coquo
3649 5703 3736 5758 eis
