4126 6294
415 359 530 420 ϐθτ

1725 353 2032 418 NICETJE
2075 355 2500 420 CHONIAT)!

411 505 554 556 sunt
583 497 880 572 appositas.
913 495 976 552 Id
1005 511 1174 566 porro
1205 497 1330 550 erat
1359 499 1426 550 ut
1475 493 1650 550 homo
1697 493 1756 548 in
1809 491 2053 566 Hippico

2167 513 2352 549 σκουσι
2411 495 2480 550 τά
2533 493 2806 572 ἀνάκτορα
2859 501 2972 552 τῶν
3027 501 3208 552 κακῶν
3267 495 3576 566 έπαινέτας,
3635 497 3698 552 τὸ
3761 497 3820 554 δὶ

411 595 786 647 cremaretur.
821 589 1098 642 Incensus
1145 593 1232 640 est
1285 599 1460 655 rogus
1507 587 1564 638 et
1613 581 1846 638 ﬂamma
1879 583 1938 637 in
1971 581 2054 636 al-

411 685 536 736 tum
571 677 740 744 elata,
777 675 832 730 in
865 673 1218 746 Spbendone
1275 671 1470 740 stadii,
1503 687 1616 726 non
1675 672 1842 726 aliter
1881 687 2056 742 quam

407 768 722 826 Chaldaica
753 763 854 820 illa
883 767 1088 819 fornax
1121 763 1378 834 naphtha
1399 765 1640 818 incensa
1669 767 1724 818 et
1753 761 2060 817 clemalide

405 859 462 914 in
497 855 832 928 septuplum
867 853 1254 908 inﬂammata.
1293 853 1634 907 Producitur
1673 850 1768 905 ille
1823 849 2058 904 funibus

403 947 634 1002 vinctus
667 955 718 999 et
755 941 1320 1014 nudus,utprimum
1343 945 1600 996 materna
1627 939 1752 994 alvo
1791 953 2060 1010 egressus

409 1036 590 1092 solem
644 1037 973 1106 aspexerat.
1049 1031 1370 1087 Carnifices
1453 1028 1908 1096 adolescentem,
1963 1027 2062 1082 cui

407 1125 596 1198 prima
625 1123 842 1192 lanugo
875 1119 1062 1175 maias
1091 1119 1394 1186 vestiebat,
1429 1123 1712 1188 tanquam
1755 1117 2058 1172 victimam

405 1211 772 1284 longissimis
799 1209 1032 1282 perticis
1091 1207 1148 1263 in
1207 1207 1464 1263 medium
1525 1207 1682 1278 ignis
1725 1205 2056 1261 trudebant.

403 1303 462 1360 Is
491 1319 626 1358 vero
684 1301 904 1356 doloris
963 1297 1276 1354 acerbitate
1323 1301 1382 1354 et
1439 1295 1572 1352 vita:
1621 1295 1965 1367 cupiditate,
1997 1301 2060 1350 ut

403 1391 732 1446 humanum
763 1395 874 1458 est,
933 1393 1194 1456 coactus,
1261 1385 1480 1442 malum
1533 1387 1658 1456 jam
1719 1383 2058 1440 inevitabile

401 1481 710 1546 vitaturus,
773 1479 917 1534 alias
975 1477 1190 1532 ictibus
1247 1475 1484 1531 obvium
1534 1491 1596 1530 se
1640 1473 1880 1541 ferebat,
1916 1489 2052 1528 eum

401 1571 658 1628 dolorem
693 1569 944 1624 ﬂammae
975 1567 1238 1624 cruciatu
1279 1566 1554 1621 leviorem
1617 1569 1803 1630 ratus,
1849 1564 1994 1620 alias
2024 1579 2058 1618 a

402 1659 782 1716 carniﬁcibus
821 1659 878 1712 in
913 1655 1172 1712 medium
1217 1654 1468 1710 ﬂammas
1517 1655 1816 1724 conjectus
1871 1653 2058 1708 instar

397 1749 580 1822 jaculi
615 1765 644 1804 e
677 1763 814 1820 rogo
849 1745 1098 1802 maximo
1121 1745 1342 1816 impetu
1376 1743 1688 1808 emicabat,
1733 1743 1886 1816 quod
1919 1759 2054 1798 cum

3195 585 3476 662 ἐπιμελῶς
3559 588 3612 642 έν
3621 587 3704 642 έκε
3715 609 3822 644 ιντο

2167 675 2302 748 πρὸς
2333 676 2398 730 τᾶ
2429 677 2662 751 πονηρὲ,
2707 679 2798 732 καί
2849 677 3178 734 έπευδόκουν
3237 678 3466 742 ἐκείνοις
3525 680 3606 739 οἷς
3665 673 3819 756 ἔχαι-

2169 765 2578 838 ρενὸκρατῶν,
2613 767 2674 821 οὗ
2743 767 2852 840 μῆν
2913 769 2940 822 ὁ
2999 765 3070 822 δι’
3123 769 3186 822 οὗ
3249 767 3496 842 βασιλεῖς
3551 767 3814 842 ἠρέσκετο

2170 852 2572 928 βασιλεύουσιν.
2631 857 2712 913 Ού
2773 859 2938 930 μόνον
2999 855 3044 911 δ’
3103 857 3484 932 ἀπανθρώπως
3537 857 3682 912 οὕτω
3721 858 3814 911 καὶ

2167 943 2484 1008 ἀνεπιεικῶς
2539 941 2744 1002 διέθετο
2811 943 3156 1023 Ἀνδρόνικος
3215 947 3308 1001 τὸν
3361 944 3624 1018 Ἀλέξιον,
3663 945 3814 1002 ἀλλά

2165 1033 2256 1086 καὶ
2289 1031 2612 1110 ὁπόσοιπερ
2643 1039 2750 1089 τῶν
2789 1035 3072 1112 ὑπηρετῶν
3123 1033 3314 1110 ἐκείνῳ
3369 1033 3616 1112 λόγιμοι,
3669 1033 3808 1092 συλ-

2169 1116 2354 1178 λαϐὼν
2387 1125 2532 1199 εἶχεν
2563 1123 2926 1202 ἐμφρούρους.
2963 1127 3086 1182 Μετ’
3119 1123 3182 1179 ού
3231 1124 3376 1180 πολῦ
3421 1121 3476 1180 δῖε
3507 1123 3610 1180 κάκ
3665 1123 3798 1180 τού-

2165 1232 2274 1266 των
2305 1211 2612 1286 ἀριστίνδην
2673 1213 2772 1269 οὒκ
2811 1215 3036 1290 ὀλίγους
3087 1213 3431 1292 συνειληφὼς
3481 1219 3588 1270 τῶν
3631 1213 3808 1288 ὄψεων

2165 1299 2546 1378 ἀπεστέρησεν·
2577 1299 2670 1358 ’ένα
2723 1301 2772 1358 δ’
2827 1301 3150 1374 ἀπολαϐὼν,
3209 1303 3270 1366 δς
3327 1303 3380 1360 ἐν
3443 1305 3810 1382 ὑπογραιξεῦσι

2163 1391 2242 1464 τῷ
2299 1389 2532 1464 ἷΑλεξίῳ
2575 1395 2876 1467 ἠρίθμητο,
2927 1393 3237 1464 τούπίκλην
3281 1395 3368 1468 ἶΡ.
3415 1395 3544 1466 200]
3607 1396 3814 1468 Μάμα-

2167 1481 2286 1548 λος,
2321 1482 2372 1542 ές
2423 1483 2606 1554 θοίνην
2657 1483 2938 1558 έταμὶευσε
2993 1483 3264 1558 πύματον.
3315 1485 3476 1544 Οῧτω
3527 1481 3576 1539 δ’
3635 1487 3810 1556 αύτῆν

2167 1567 2470 1648 έδαίτρευσε
2525 1573 2614 1626 καὶ
2689 1571 2974 1646 καρυκείας
3057 1571 3328 1646 μετέδωκε
3401 1572 3678 1640 πλείονος,
3737 1575 3818 1636 ὡς

2165 1659 2310 1730 ἀξίαν
2371 1659 2506 1714 εἶναι
2563 1663 2640 1736 μή
2701 1659 2872 1716 ἄλλον
2961 1663 3286 1740 εὖτυχτξσειν
3347 1659 3706 1732 δαιταλευτῆν
3775 1663 3812 1732 ἢ

2167 1747 2330 1822 μόνον
2387 1749 2614 1824 βασιλέα
2673 1747 3046 1826 Ἀνδρόνικον,
3131 1751 3222 1806 καὶ
3281 1753 3572 1826 τραπέζαις
3629 1753 3812 1824 Ἐριν-

2167 583 2334 638 καλὸν
2397 588 2600 660 γνῶναι
2657 587 2732 660 μή
2829 585 3112 656 θέλοντας,

405 1845 504 1900 diu
557 1845 816 1912 duraret,
873 1841 1297 1915 spectatoribus
1355 1837 1648 1909 lacrymas
1705 1837 2053 1904 excutiebat,

2163 1835 2300 1893 νύων
2341 1840 2428 1894 καὶ
2481 1837 2771 1914 Τελχίνων
2821 1845 3097 1918 φθονερῶν
3149 1843 3414 1896 ἑστιάσεσι
3467 1843 3542 1914 μή
3593 1837 3818 1912 ἀπᾴδειν

401 1935 584 1991 donec
609 1935 888 2006 fatigatus
949 1932 1200 2003 supinus
1257 1929 1509 1985 concidit
1561 1933 1620 1983 et
1663 1933 1810 1984 tetro
1841 1933 2054 1982 exustae

403 2023 554 2082 405
591 2023 786 2080 carnis
820 2022 996 2076 fetore
1029 2020 1454 2074 circumfusum
1505 2031 1698 2072 aerem
1742 2021 1800 2071 et
1831 2021 2056 2088 specta-

405 2117 598 2168 torum
631 2127 800 2166 nares
861 2109 1084 2164 infecit.
1145 2107 1189 2162 Ο
1252 2123 1460 2180 rogum
1502 2105 1786 2160 immitem
1821 2103 1834 2158 !
1871 2121 1901 2160 ο
1932 2121 2058 2176 gra-

405 2205 530 2256 tum
565 2199 930 2256 daemonibus
979 2197 1390 2252 holocaustum
1423 2197 1444 2252 .'
1501 2211 1533 2250 o
1593 2195 1892 2250 victimam
1919 2193 2054 2250 Tel-

407 2289 648 2348 cbinum
685 2287 698 2344 ί
732 2305 764 2344 o
799 2289 1102 2343 Furiarum
1137 2285 1484 2356 proterviam
1519 2283 1532 2340 ί
1567 2303 1600 2340 o
1647 2283 1908 2340 nidorem
1963 2285 2054 2338 in-

405 2395 668 2446 suavem,
695 2394 872 2450 quem
905 2393 1018 2432 non
1050 2375 1248 2432 olfacit
1277 2375 1582 2442 Dominus,
1615 2375 1716 2430 sed
1775 2371 2054 2428 maleﬁcae

407 2471 796 2542 potestateset
833 2465 1032 2522 infesti
1061 2465 1330 2520 humanae
1353 2463 1480 2518 vita:
1503 2463 1658 2536 genii
1689 2459 1886 2532 lnam,
1919 2477 2054 2519 cum

405 2557 776 2618 Andronicus
807 2575 840 2614 a
871 2556 1164 2612 veteribus
1195 2553 1490 2610 immolari
1539 2555 1714 2610 boves
1763 2559 1820 2610 et
1851 2553 2054 2610 nidore

402 2649 622 2722 placari
649 2647 896 2704 numina
928 2645 1250 2710 didicisset,
1283 2645 1544 2700 eamdem
1576 2641 1742 2716 sequi
1767 2643 2055 2698 rationem

397 2737 606 2802 noluit,
639 2737 764 2804 sed,
797 2741 858 2793 ut
890 2737 1017 2806 ejus
1077 2735 1230 2790 facta
1287 2733 1634 2806 probabant,
1687 2731 2055 2787 immanitate

405 2829 682 2886 omnibus
712 2827 1086 2900 superiorum
1119 2831 1451 2895 temporum
1486 2821 1936 2878 immanissimis
1965 2825 2054 2892 ty-

400 2919 602 2974 rannis
637 2917 926 2988 superior,
957 2913 1226 2970 homines
1257 2911 1588 2968 sacriﬁcare
1619 2927 1720 2982 per
1748 2909 1941 2966 scelus
1971 2909 2056 2964 in-

401 3007 614 3076 stituit,
649 3007 863 3076 spretis
893 3001 1238 3060 Cbristianee
1289 3000 1590 3072 religionis
1635 2999 1885 3072 legibus,
1927 3015 2054 3070 qua;

405 3095 702 3152 hominem
749 3095 944 3166 potius
1003 3093 1470 3148 conservandum
1527 3103 1656 3146 esse
1713 3105 1890 3160 quam
1933 3103 2056 3160 per-

399 3184 684 3250 dendum,
743 3197 848 3236 nec
897 3185 1086 3236 totum
1143 3179 1434 3234 mundum
1493 3193 1626 3234 cum
1689 3178 1818 3248 ejus
1848 3177 2045 3232 animo

398 3271 860 3340 comparandum
920 3269 1147 3324 docent.
1209 3267 1349 3334 Quis
1407 3267 1656 3321 insanus
1706 3265 2043 3338 Cambyses,

402 3363 504 3416 aut
533 3355 787 3414 crudelis
819 3357 1196 3428 Tarquinius,
1229 3361 1328 3412 aut
1357 3356 1612 3411 Ecbetus
1662 3359 1718 3410 et
1765 3355 2046 3420 Phalaris,

401 3445 636 3520 tyranni
699 3445 1109 3516 crudelissimi,
1164 3445 1304 3500 talia
1391 3449 1800 3518 perpetrarunt
1853 3443 1882 3500 ?
1949 3443 2050 3518 qui

401 3536 1092 3609 Tauroscythaa,quorum
1125 3533 1352 3608 legibus
1411 3539 1740 3590 mactantur
1787 3533 2052 3606 hospites

401 3642 772 3698 quorumque
804 3625 1070 3682 moribus
1101 3623 1472 3680 errabundus
1505 3623 1866 3679 Andronicus
1899 3623 2048 3678 infe-

397 3723 522 3772 ctus
559 3715 688 3782 fuit,
722 3713 803 3772 ita
835 3716 894 3770 in
927 3713 1184 3785 captivos
1216 3713 1574 3768 saevierunt?
1627 3713 1708 3768 Ne
1764 3729 1897 3770 vero
1929 3717 2048 3768 tam

401 3809 568 3862 atrox
599 3801 956 3873 supplicium
986 3802 1112 3858 sine
1147 3819 1324 3858 causa
1353 3807 1412 3858 et
1435 3801 1598 3872 justo
1627 3801 1870 3857 crimine
1902 3799 2050 3856 inﬂi-

399 3893 556 3950 xisse
598 3891 753 3950 406
813 3893 1128 3962 videretur,
1191 3889 1418 3946 libellos
1472 3889 1691 3962 aliquot
1743 3907 1860 3946 una
1915 3907 2050 3946 cum

405 3981 651 4039 Mamalo
681 3981 976 4052 cremavit,
1010 3982 1106 4054 qui
1141 3981 1210 4038 de
1263 3981 1552 4036 secuturis
1599 3979 2052 4052 imperatoribus

403 4073 764 4134 tractabant,
823 4072 1041 4142 quibus
1099 4069 1412 4126 recitandis
1467 4067 1732 4124 Alexium
1793 4069 1862 4124 ad
1895 4067 2054 4140 regni

403 4177 662 4216 amorem
695 4159 1000 4232 impulisse
1041 4159 1386 4231 ﬁngebatur.

1013 4243 1036 4263 ἢ

2160 1931 2222 1984 τὸ
2272 1931 2576 2006 παράθεμα,
2633 1931 2722 1986 καὶ
2781 1933 2900 1986 οἶον
2963 1929 3180 1988 οὐδέπω
3235 1953 3319 1994 τις
3371 1931 3636 2006 ὀψοποιὸς
3669 1953 3814 2010 μαγ⁴

2159 2019 2416 2093 γανεύσας
2449 2019 2698 2078 είστίακε.
2753 2021 2832 2077 Τὸ
2879 2017 2936 2074 δὲ
2983 2023 3048 2089 ἦν
3099 2021 3226 2098 πυρί
3289 2015 3660 2095 παραδοθῆναι
3719 2019 3814 2076 τὸν

2163 2105 2446 2182 ἄνθρωπον
2505 2111 2641 2164 κατὰ
2695 2109 2758 2164 τὸ
2825 2111 3095 2166 Ἰππικόν.
3155 2109 3378 2182 Ἀμέλει
3437 2129 3524 2164 τοι
3583 2110 3674 2164 καὶ
3753 2111 3819 2166 τὸ

2165 2199 2258 2271 μέν
2293 2199 2518 2268 ἀνῆπτο,
2551 2198 2640 2253 καὶ
2669 2196 2914 2276 διεχεῖτο
2947 2201 2982 2268 ἡ
3018 2196 3156 2272 φλὸξ
3183 2197 3270 2253 ἐπιδ
3325 2201 3423 2254 τοῦ
3477 2199 3636 2273 ἀέρος
3667 2197 3813 2254 πολῦ

2160 2289 2294 2342 κατίι
2321 2287 2418 2356 τὴν
2447 2292 2542 2342 τοῦ
2583 2285 2802 2344 σταδίου
2853 2285 3186 2368 Σφενδόνην,
3237 2287 3320 2344 ἐπ’
3367 2287 3493 2358 ἴσης
3663 2287 3816 2344 Χαλο

2161 2372 2322 2449 δαϊκῇ
2355 2374 2530 2450 ἐκείνῃ
2577 2375 2815 2452 καμίνῳ,
2859 2375 2928 2446 ἤν
2987 2377 3240 2432 ἀνέκαυσε
3291 2377 3464 2454 νάφθα
3523 2377 3615 2431 καὶ
3667 2375 3810 2448 κλη-

2165 2467 2324 2539 ματῖς
2385 2467 2644 2542 ύπεξῆρεν
2705 2467 2780 2528 εἷς
2873 2465 3274 2522 ἒπταπλάσιον·
3331 2467 3360 2522 ὁ
3427 2463 3486 2520 δὶ
3561 2473 3814 2539 παρῆκτο

2163 2553 2516 2630 σχοινόδετος
2571 2555 2662 2610 καὶ
2725 2555 2952 2631 γυμνὸς,
3005 2557 3196 2616 ὁποῖος
3256 2556 3490 2630 πρώτως
3549 2560 3814 2628 προσεῖπε

2161 2643 2254 2698 τὸν
2283 2642 2446 2714 ἣλιον
2475 2651 2578 2713 τῆς
2615 2650 2892 2718 μητρικῆς
2921 2642 3120 2713 νηδύος
3153 2643 3412 2718 ἐκθορὼν.
3475 2645 3816 2717 Περιστησάο

2169 2753 2320 2805 μενοι
2379 2733 2474 2786 οὗν
2533 2733 2608 2794 ὡς
2669 2733 2863 2804 ἱερεῖον
2917 2733 3012 2786 τὸν
3077 2731 3306 2806 μείρακα
3361 2734 3413 2786 οἱ
3469 2733 3814 2804 καμινευταὶ,

2167 2823 2454 2892 ὑπηνήτην
2503 2817 2628 2876 ὅντα
2667 2823 2730 2876 τὸ
2788 2823 3008 2898 πρῶτον
3065 2823 3154 2876 καὶ
3209 2821 3384 2896 ίούλῳ
3439 2823 3534 2884 τάς
3589 2823 3818 2899 παρειάς

2165 2912 2514 2990 στερόμενον,
2575 2911 2806 2966 ένώθουν
2871 2912 3004 2986 μετά
3067 2911 3325 2986 καμάκων
3403 2913 3686 2986 μηκίστων
3741 2913 3816 2976 είς

2163 3002 2226 3056 τὸ
2287 3002 2608 3074 μεσαίτατον
2665 3006 2762 3056 τοῦ
2821 3001 3014 3076 πυρός.
3083 3001 3146 3058 Ὁ
3205 2999 3264 3056 δὲ
3325 3007 3688 3076 προσομιλῶν
3745 3007 3813 3076 τῇ

2160 3093 2376 3163 καμίνῳ
2404 3090 2494 3144 καὶ
2525 3089 2918 3167 ἀλγυνόμενος,
2965 3089 3297 3167 φιλοψυχῶν
3347 3087 3404 3146 δὲ
3449 3091 3539 3148 καὶ
3593 3093 3667 3153 ὡς
3715 3089 3808 3146 ἅν-

2163 3183 2404 3254 θρωπος,
2433 3179 2554 3240 ’ἶσος
2583 3177 2642 3234 δὲ
2691 3180 2783 3234 καὶ
2827 3179 2902 3241 ὡς
2953 3181 3222 3250 φευξεῖται
3285 3178 3662 3252 διανοκύμενοι·
3709 3181 3802 3236 τὸν

2157 3265 2266 3338 ἤδη
2325 3265 2756 3338 ἀνυπεξάλυκτον
2839 3269 3090 3338 θάνατον,
3165 3273 3258 3323 νῦν
3347 3270 3442 3342 μὶν
3515 3270 3802 3341 ἐμπίπτων

2159 3352 2440 3412 ἀντέϐαινε
2497 3363 2616 3419 ταῖς
2703 3355 3086 3428 διακοντίσεσι,
3177 3357 3540 3434 μετριωτέρας
3605 3359 3803 3431 κρίνων

2157 3447 2256 3508 τὰς
2287 3447 2346 3502 ἐκ
2375 3445 2583 3500 τούτων
2615 3444 2808 3508 ὀδύνας
2837 3453 2937 3515 τῆς
2986 3451 3082 3502 τοῦ
3129 3445 3301 3522 πυρὸς
3351 3446 3528 3520 ἐρωῆς
3575 3447 3662 3502 καὶ
3709 3449 3807 3500 τοῦ

2159 3535 2244 3590 ἐπ’
2272 3535 2546 3608 ἀνθράκων
2587 3533 2951 3609 ἀπλώματος,
3011 3539 3102 3590 νῦν
3163 3533 3222 3590 δὶ
3275 3540 3394 3597 τοῖς
3447 3533 3812 3610 έμπυρευταῖς

2160 3625 2235 3689 εἷς
2267 3626 2330 3681 τὸ
2359 3630 2458 3692 τῆς
2491 3627 2694 3703 φλογὸς
2731 3628 3048 3700 μεσαίτατον
3099 3621 3518 3700 έμϐαλλόμενος
3564 3627 3656 3680 καὶ
3705 3625 3810 3680 ὑπὸ

2157 3723 2259 3786 τῆς
2289 3720 2462 3790 πυρᾶς
2495 3713 2892 3790 διειλημμένος
2921 3715 3056 3771 κατά
3101 3721 3208 3771 τῶν
3259 3713 3434 3794 ὄφεων
3479 3717 3608 3778 τοὺς
3662 3717 3814 3771 ἀκονο

2158 3803 2276 3868 τίας
2335 3812 2434 3874 τῆς
2492 3805 2727 3877 καμίνου
2797 3805 3178 3876 έξετινάσσετο,
3257 3807 3351 3860 τὸν
3427 3805 3548 3880 περὶ
3625 3807 3812 3880 ψυχῆς

2161 3897 2376 3972 τρέχων
2402 3895 2494 3949 καὶ
2527 3895 2660 3968 ὑπὲρ
2695 3897 2756 3950 τὸ
2815 3893 3084 3951 Θετταλὸν
3135 3893 3502 3968 διαλλόμενος
3549 3892 3808 3968 πήδημα.

2161 3985 2264 4042 Καὶ
2317 3987 2480 4038 τοῦτο
2537 3983 2617 4062 ἐφ’
2674 3983 2858 4040 ἱκανὸν
2911 3983 3196 4059 γινόμενον
3257 3983 3332 4046 εἰς
3389 3981 3597 4059 δάκρυα
3651 3981 3810 4040 ἐκίνει

2161 4069 2288 4132 τοὺς
2318 4071 2531 4131 θεατάς.
2563 4069 2692 4142 Ὀψὲ
2743 4066 2798 4124 δὲ
2842 4072 3034 4144 καμὼν
3097 4069 3399 4143 έξυπτίασε,
3449 4070 3512 4126 τὸ
3557 4067 3614 4126 δί
3671 4073 3808 4144 πῦρ-

2166 4153 2372 4232 λάϐρον
2429 4159 2529 4220 τὰς
2585 4157 2788 4213 ἐκείνου
2847 4157 3046 4235 σάρκας
3121 4159 3416 4234 περιχυθὲν
3492 4157 3544 4214 ἐν
3613 4159 3812 4234 βραχεῖ

405 4247 740 4316 συνετέλεσε,
771 4245 956 4302 κνίσσα
1011 4243 1056 4302 δ’
1105 4244 1156 4308 ἒς
1205 4245 1431 4322 οὐρανὸν
1488 4245 1709 4300 ἀνιοῦσα
1761 4245 1854 4300 τὸν
1907 4243 2096 4320 κύκλῳ
2153 4245 2447 4324 διέφθειρεν
2505 4246 2654 4322 ἀέρα,
2709 4248 2798 4302 καὶ
2853 4249 2920 4318 ἦν
2976 4247 3040 4304 τὸ
3095 4254 3195 4318 τῆς
3255 4246 3475 4324 λιγνύος
3533 4245 3812 4325 ἀποφερό-

415 4359 576 4416 μενον
633 4337 773 4412 ῥισὶν
837 4335 1132 4410 ἀνθρώπων
1188 4335 1298 4392 ἐκεῖ
1354 4356 1459 4390 που
1517 4333 1819 4410 παριόντων
1871 4335 2186 4410 ἀπρόσιτον.
2238 4345 2302 4392 Ὢ
2353 4338 2556 4413 πυρσὸς
2615 4335 2823 4402 ἐκεῖνος
2871 4338 3195 4412 ἀνήμεροςί
3255 4337 3300 4394 ὣ
3357 4340 3618 4396 ἀσπάσιον
3693 4337 3811 4396 δαί-

419 4447 582 4504 μοσιν
615 4425 1018 4502 ὀλοκαύτωμαί
1055 4423 1098 4482 ὦ
1147 4429 1342 4504 ἱερεῖον
1396 4423 1724 4500 Τελχίνωνί
1779 4423 1823 4480 ὣ
1875 4425 2194 4514 ἀλαστόρων
2242 4426 2556 4502 ὁλόκληρος
2609 4430 2942 4506 προσφοράί
2991 4427 3038 4484 ὢ
3090 4431 3192 4484 οὐκ
3235 4427 3466 4492 εὐωδίας
3523 4429 3698 4503 ὀσμή,
3745 4429 3809 4498 ἣν

407 4521 510 4576 οὐκ
571 4519 908 4598 ὀσφραίνεται
969 4517 1194 4592 Κύριος,
1250 4515 1380 4572 ἀλλ’
1437 4514 1725 4590 Ἐριννύων
1785 4515 1952 4593 χορὸς
2009 4519 2098 4572 καὶ
2152 4517 2450 4592 κακοεργὸς
2512 4515 2878 4591 Ἀνδρόνικος,
2939 4517 2998 4583 ες
3057 4519 3337 4594 βουθυτεῖν
3403 4518 3615 4574 ἀκούων
3683 4519 3812 4582 τοὺς

403 4611 578 4668 πάλαι
608 4610 698 4666 καὶ
743 4609 988 4672 κνίσσαις
1046 4605 1356 4684 θεραπεύειν
1412 4603 1474 4660 τὸ
1532 4605 2000 4680 προσκυνούμενον
2053 4609 2152 4678 τήν
2211 4607 2378 4676 αὐτὴν
2437 4603 2660 4682 δραμεῖν
2715 4606 2812 4664 οὐκ
2857 4608 3142 4686 ἠνέσχετο,
3187 4607 3315 4664 ἀλλ’
3355 4609 3428 4669 ὡς
3472 4608 3540 4677 ἦν
3599 4608 3658 4664 ἐκ
3703 4609 3808 4664 τῶν

409 4699 700 4778 δρωμένων
767 4703 1112 4770 πιστοῦσθαι,
1171 4695 1526 4772 νηλεεστέραν
1581 4693 1790 4772 τρέφων
1845 4697 2029 4773 ψυχὴν
2095 4702 2204 4752 τῶν
2272 4697 2496 4752 πώποτε
2551 4695 3028 4754 ἀνέπιεικεστάτων
3113 4693 3320 4772 ἀνδρῶν
3377 4697 3810 4772 ἀνθρωποθυτεῖν

408 4797 589 4852 κακῶς
645 4787 966 4858 ἐπεϐάλετο,
1025 4789 1092 4844 τά
1149 4791 1256 4842 τῶν
1317 4787 1650 4862 Χριστιανῶν
1738 4786 1908 4860 θεσμὰ
1975 4783 2243 4862 παριδὼν,
2321 4781 2356 4840 ἃ
2428 4785 2612 4860 ψυχὴν
2691 4789 2862 4842 σῶσαι
2931 4784 3145 4860 μᾶλλον
3200 4783 3235 4854 ἤ
3293 4783 3556 4841 ἀπολέσαι
3629 4807 3805 4860 παρα-

407 4877 740 4946 κελεύονται,
797 4877 886 4934 καὶ
945 4875 1072 4934 οὐδὲ
1124 4876 1216 4932 τὸν
1271 4877 1476 4948 κόσμον
1566 4873 1693 4932 ὅλον
1782 4877 2028 4948 ἀντάξιον
2095 4877 2264 4944 αὐτῆς
2351 4876 2763 4954 ἀποφαίνονται.
2845 4875 2939 4940 Τίς
3011 4871 3312 4948 Καμϐύσης
3397 4874 3718 4948 μαινόμενος
3775 4873 3808 4944 ἢ

407 4968 618 5037 ἀπηνὴς
673 4966 972 5038 Ταρκύνιος
1031 4969 1066 5036 ἢ
1121 4967 1350 5042 Ἔχετος
1399 4965 1487 5020 καὶ
1541 4965 1790 5040 Φάλαρις
1849 4965 2029 5039 ἄγριοι
2088 4965 2178 5020 καὶ
2233 4961 2524 5036 θηριώδεις
2580 4969 2806 5020 τοιαῦτα
2883 4965 3198 5039 εἰργάσαντο
3251 4984 3264 5034 ;
3343 4965 3412 5022 Ἢ
3467 4965 3607 5030 τίνες
3671 4967 3812 5024 Ταυ-

410 5055 666 5134 ροσκύθαι
727 5053 1062 5124 ξενοκτονίαν
1117 5053 1488 5128 νενομικότες,
1535 5054 1606 5108 ὧν
1665 5054 1732 5110 τὰ
1786 5053 1893 5124 ἤθη
1955 5055 1982 5108 ὁ
2041 5051 2398 5124 πολυπλανὴς
2461 5051 2616 5117 οὗτος
2683 5053 2980 5127 ἀνεμάξατο
3032 5057 3228 5128 γέρων,
3317 5051 3488 5115 οὕτως
3563 5050 3806 5119 ἐπέθεντο

409 5144 502 5200 καὶ
563 5142 1008 5220 διεχειρίσαντος
1071 5145 1247 5200 Ποιῶν
1305 5140 1360 5198 δὲ
1412 5143 1511 5212 τὴν
1563 5141 1834 5218 τιμωρίαι
1891 5143 1991 5198 οὐκ
2045 5143 2304 5212 ἀναίτιον,
2362 5140 2508 5198 ἀλλά
2581 5163 2634 5199 τι
2708 5143 3046 5220 προϋφεστὸς
3121 5141 3517 5216 ἐπισυρομένην
3605 5137 3803 5218 ἔγκλη-

413 5253 510 5306 μα,
573 5227 800 5309 βίϐλους
856 5232 1000 5296 τινὰς
1051 5231 1443 5305 συγκατέκαυσε
1497 5237 1576 5304 τῷ
1635 5231 1892 5305 Μαμάλῳ
1951 5229 2246 5305 διεξιούσας
2308 5230 2468 5302 δῆθεν
2527 5231 2651 5308 περὶ
2743 5232 3009 5308 βασίλέων
3084 5230 3350 5306 ἀρξόντων
3430 5229 3484 5294 ἒς
3557 5232 3802 5304 τούπιὸν,

409 5322 471 5384 ἃς
496 5327 574 5394 τῷ
601 5321 828 5396 Ἀλεξίου
861 5321 1315 5398 ὑτιανάγινώσκων
1350 5317 1619 5384 Μάμαλος
1650 5320 1854 5402 ἐνάγειν
1887 5327 2077 5378 τοῦτον
2109 5322 2184 5384 εἷς
2215 5323 2274 5376 τὸ
2307 5320 2588 5396 βασιλειᾷν
2621 5319 2927 5396 έμυθίζετο.

482 5444 564 5496 Η.
599 5441 847 5498 Tantum
909 5445 1107 5496 autem
1162 5439 1347 5494 abfuit
1401 5445 1466 5495 ut
1503 5443 1632 5509 ejus
1663 5441 1794 5497 lacti
1829 5441 2052 5498 Andro-

2237 5441 2320 5512 {P.
2355 5442 2480 5512 20!]
2521 5445 2608 5496 ια’.
2642 5440 2800 5498 Οὕτω
2833 5437 2880 5494 δ’
2939 5438 3024 5493 ἐπὶ
3077 5443 3194 5500 τοῖς
3247 5439 3644 5512 πραττομένοις
3687 5437 3809 5494 τού·-

409 5533 603 5587 nicum
641 5531 944 5604 pmniteret
993 5539 1092 5586 aut
1147 5527 1324 5584 simili
1383 5530 1726 5586 crudelitate
1765 5533 1822 5586 in
1857 5537 2048 5602 poste-

411 5637 536 5678 rum
564 5623 898 5690 abstineret,
955 5625 1022 5676 ut
1081 5618 1420 5688 Disypatum
1471 5619 1808 5690 Georgium,
1857 5619 2052 5690 magni

400 5713 612 5786 templi
646 5713 934 5776 lectorem,
987 5713 1294 5784 propterea
1351 5705 1508 5777 quod
1567 5707 1634 5764 de
1681 5707 2052 5777 imperatoris

2157 5550 2272 5590 τοις
2305 5523 2702 5601 ὑστεροϐουλίᾳ
2729 5524 2995 5584 ἐϐάλλετο
3025 5529 3060 5597 ἢ
3093 5529 3190 5582 τοῦ
3221 5527 3286 5581 τὰ
3325 5528 3463 5584 αὐτὰ
3509 5530 3600 5584 καὶ
3655 5527 3800 5590 αὗθις

2163 5615 2290 5691 δρᾷν
2321 5617 2586 5691 ἀπήγετο,
2638 5619 2711 5680 ὡς
2749 5618 2840 5674 καὶ
2888 5619 2979 5674 τὸν
3035 5617 3333 5672 Δισύπατον
3390 5619 3658 5693 Γεώργιον
3721 5615 3806 5690 (ἦν

2163 5703 2208 5758 δ’
2237 5703 2392 5766 οὗτος
2422 5703 2481 5759 ἐκ
2529 5711 2628 5761 τοῦ
2683 5711 2790 5762 τῶν
2845 5709 3200 5783 ἀναγνωστιῖη
3239 5707 3548 5781 τάγματος,
3597 5705 3654 5762 οἵ
3711 5703 3800 5762 τὸν
