4126 6294
254 394 379 455 669

1308 393 1410 454 DE
1452 392 1929 457 ANDRONICO
1974 392 2343 459 COMNENO
2387 400 2535 461 LIB.
2580 399 2629 460 Ι.

3555 401 3675 463 670

258 528 435 606 μέγαν
493 522 933 605 ἇμφιπονοῧνται
988 524 1147 600 νεὼν)
1235 525 1423 603 εἱρκτῇ
1517 524 1918 608 συνειληφέναι,

2030 529 2247 589 saevitia
2276 531 2516 591 liberius
2569 536 2814 607 questus
2871 538 3045 603 esset,
3103 532 3161 590 in
3218 551 3506 592 carcerem
3547 550 3683 593 con-

263 617 649 692 παθηνάμενον
685 613 850 689 μόνον
883 613 964 696 ἐφ’
1004 616 1093 679 οἷς
1119 620 1303 681 κακῶς
1351 615 1524 672 ἐποίει
1572 615 1918 690 Ἀνδρόνικος

2030 622 2526 693 jectum,subinde
2556 624 2615 680 in
2647 624 2844 680 animo
2877 623 3116 680 haberet
3159 625 3416 682 verubus
3451 625 3679 683 transﬁ-

264 706 357 764 καὶ
433 709 615 769 κακῶς
692 702 913 760 εἰπόντα
983 701 1363 780 Ἀνδρόνικον,
1438 706 1529 761 καὶ
1607 701 1919 769 ὀϐελίσκοις

261 795 521 872 έμπιῖραι
596 792 866 865 διηνεκῶς
944 790 1173 867 μελετᾷν
1262 794 1351 849 καὶ
1458 794 1540 849 ἐπ’
1638 795 1917 870 ἀνθράκων

272 886 578 957 ὀπτηθέντα
631 887 702 959 τῇ
759 881 959 939 τούτου
1023 886 1457 960 παρεισενεγκεῖν
1528 886 1761 959 γαμετῇ.
1822 883 1920 939 Καὶ

270 973 337 1043 ἦν
417 970 478 1027 ἄν
555 972 584 1026 6
658 970 990 1048 πιμελώδης
1066 972 1367 1030 Δισύπατοι⁹
1444 975 1581 1030 κατὰ
1628 972 1918 1040 δελφάκιον

272 1058 495 1124 ὀϐελοῖς
525 1060 923 1136 ἔμπειρόμενος
976 1059 1067 1117 καί
1108 1061 1475 1137 ὀπτανόμενος
1532 1063 1623 1119 καὶ
1672 1063 1747 1127 ὡς
1788 1059 1922 1138 ὄψον

268 1150 357 1208 ἰπὶ
384 1153 551 1207 κανοῦ
577 1150 859 1222 τιθέμενος
889 1149 980 1206 καὶ
1028 1155 1146 1216 τοῖς
1196 1153 1314 1207 κατ’
1367 1151 1520 1208 οἶκον
1570 1153 1922 1232 εἲσαγόμενος

268 1242 355 1297 καὶ
395 1243 465 1317 τῇ
500 1238 811 1314 ὁμευνέτιδι
841 1239 1289 1316 παρατιθέμενος,
1323 1243 1424 1299 οὐκ
1465 1239 1587 1299 οἴδα
1637 1244 1718 1325 ἐφ’
1769 1243 1918 1313 ὅτου,

284 1327 669 1410 πολυχανδοῦς
701 1326 759 1386 δὲ
788 1327 1079 1403 δήπουθεν,
1110 1331 1157 1386 εί
1181 1334 1258 1406 μὴ
1291 1332 1319 1387 6
1349 1339 1449 1401 τῆς
1474 1338 1719 1408 γαμετῆς
1741 1330 1920 1406 τούτῳ

278 1422 459 1496 πατὴρ
519 1422 631 1494 (l7)
695 1421 724 1475 6
799 1420 1283 1497 Μυναστηριώτης
1359 1420 1508 1477 Λέων
1583 1422 1917 1498 ἆνεσείραζεν

271 1507 619 1588 Ἀνδρόνικον
653 1516 752 1582 τῆς
795 1512 978 1586 ὁρμῆς
1032 1510 1123 1566 καί
1179 1513 1330 1589 ἦγχε
1385 1511 1477 1568 καὶ
1542 1517 1767 1589 κατεῖχε
1821 1518 1920 1569 τοῦ

268 1601 696 1680 Ξγχειρῇματος,
748 1598 847 1656 ὅσα
891 1599 983 1658 καὶ
1032 1599 1171 1657 λέων
1216 1599 1473 1658 κνώδαλα
1529 1598 1802 1680 ἐκφοϐῶν,
1851 1599 1920 1657 δι’

273 1690 345 1747 ὧν
393 1690 461 1746 τὰ
515 1687 810 1746 ἇνδάνοντα
858 1694 974 1753 τοῖς
1029 1691 1154 1747 τότε
1209 1692 1517 1767 πράγμασιν
1578 1691 1919 1768 ἐξηρεόγετο,

276 1780 454 1854 στόμα
516 1785 617 1849 τῆς
670 1778 988 1855 συγκλήτου
1046 1780 1183 1855 πρὸς
1240 1776 1586 1856 Ἀνδρονίκου
1643 1779 1921 1854 καλούμε-

272 1889 382 1932 νος.
417 1868 516 1925 Καὶ
548 1874 727 1949 φῆμαι
761 1866 820 1925 δὲ
860 1867 969 1941 ἢδη
1020 1868 1281 1926 πάντοθεν
1329 1868 1556 1926 λύουσαι
1608 1870 1671 1927 τὸ
1724 1870 1919 1947 πτερὸν

275 1957 402 2022 τοὺς
438 1956 533 2033 μὲν
578 1956 841 2019 Σικελοὺς
871 1956 1229 2035 ἀπήγγελλον
1276 1957 1605 2035 Ἐπίδαμνον
1634 1962 1916 2036 παραστή-

277 2059 487 2120 σασθαι,
544 2046 945 2119 Θεσταλονίκην
1004 2044 1062 2102 δὲ
1116 2050 1551 2123 παρακαθῆσθαι,
1635 2046 1922 2128 Ἀνδρόνι-

271 2157 362 2193 κον
419 2134 468 2192 δ’
534 2135 815 2212 ἒξέκρουον
868 2139 978 2194 τῶν
1033 2141 1240 2217 φρενῶν
1303 2137 1760 2216 ὑποθράττουσαι,
1828 2138 1920 2196 καὶ

271 2230 379 2282 τῶν
436 2224 721 2282 κολάσεων
778 2225 840 2284 16
900 2224 1154 2282 σύντονον
1216 2226 1512 2305 ὕπεχάλων
1569 2225 1657 2284 ἐπὶ
1714 2230 1916 2306 βραχύ.

2027 727 2164 767 xum
2195 715 2251 767 et
2281 713 2555 784 pinguem
2612 712 2915 768 hominem
2971 710 3159 771 instar
3217 713 3456 786 porcelli
3497 731 3679 787 supra

2029 800 2309 856 carbones
2339 807 2599 857 assatum
2636 801 2797 858 uxori
2856 804 3004 877 ejus,
3063 801 3225 858 haud
3283 803 3404 859 scio
3460 803 3518 859 in
3565 818 3681 874 quo

2026 902 2161 943 vase
2191 887 2480 960 (amplum
2511 888 2567 944 id
2600 890 2804 961 utique
2862 906 2992 947 esse
3042 891 3441 965 oportuisset),
3484 893 3681 948 mitte-

2031 993 2092 1033 re
2126 994 2142 1047 ;
2172 995 2238 1033 ac
2268 980 2507 1035 omnino
2540 979 2792 1046 fecisset,
2822 978 2935 1037 nisi
2966 982 3379 1038 Monasteriota
3438 979 3544 1038 Leo
3575 980 3681 1038 soé-

2033 1082 2131 1123 cer
2160 1069 2310 1138 ejus,
2337 1068 2439 1142 qui
2498 1067 2569 1125 ob
2628 1068 2887 1125 dicendas
2947 1069 3252 1127 sententiae
3312 1070 3685 1143 prudentiam

2029 1164 2275 1215 senatus
2306 1176 2369 1217 os
2400 1160 2472 1216 ab
2501 1160 2831 1217 Andronico
2862 1160 3201 1232 vocabatur,
3251 1163 3483 1234 tyranni
3527 1161 3684 1218 luro-

2028 1263 2149 1303 rem
2185 1249 2528 1305 auctoritate
2587 1266 2695 1306 sua
2754 1249 3158 1323 repressisset.
3218 1254 3502 1307 Praeterea
3531 1249 3685 1306 fama

2031 1335 2287 1409 undique
2315 1336 2618 1406 advolans,
2677 1355 2798 1411 quas
2850 1338 3233 1411 Dyrrachium
3268 1338 3480 1395 Siculis
3514 1338 3678 1394 dedi-

2029 1426 2243 1483 tionem
2263 1428 2469 1483 fecisse
2496 1427 3041 1484 etThessalonicam
3075 1428 3328 1485 obsideri
3346 1430 3682 1486 nuntiabat.

2029 1514 2307 1572 savitiam
2338 1517 2487 1572 401
2550 1517 2861 1573 Andronici
2912 1521 2970 1572 et
3019 1518 3267 1573 humani
3308 1518 3536 1574 cruoris
3566 1518 3681 1574 avi-

2027 1605 2260 1662 ditatem
2295 1605 2565 1661 nonnihil
2596 1606 2977 1679 infringebat.
3041 1607 3354 1680 Disypatus
3410 1608 3590 1681 igitur
3619 1606 3679 1663 in

2030 1710 2257 1752 carcere
2281 1711 2488 1752 manus
2511 1697 2581 1752 ad
2618 1697 2793 1753 Deum
2815 1697 3180 1763 extendebat,
3213 1705 3267 1753 et
3296 1714 3428 1752 cum
3465 1698 3679 1755 Davide

2030 1785 2381 1858 precabatur
2412 1802 2426 1841 :
2460 1807 2488 1836 «
2524 1786 2677 1840 Educ
2702 1802 2733 1840 e
2762 1785 3028 1841 custodia
3074 1785 3334 1842 animam
3380 1802 3589 1857 meam,
3616 1793 3681 1843 ut

2035 1889 2246 1930 nomen
2263 1879 2430 1929 tuum
2458 1874 2788 1947 praedicem,
2823 1896 2852 1924 »
2871 1880 2927 1930 et
2946 1874 3105 1930 Jonas
3131 1875 3306 1930 verba
3339 1891 3490 1945 saepe
3512 1891 3680 1947 repe-

2026 1966 2182 2020 tebat
2206 1981 2219 2020 :
2241 1985 2270 2014 «
2295 1962 2590 2036 Numquid
2615 1963 2871 2037 amplius
2893 1966 3165 2019 sanctum
3200 1972 3361 2020 tuum
3389 1962 3678 2037 templum

2027 2050 2388 2126 respiciam?
2445 2054 2592 2120 Quid
2651 2068 2785 2110 vero
2841 2052 3283 2126 precabatur?«
3333 2052 3532 2110 Deleto
3564 2069 3680 2121 me,

2027 2140 2294 2211 Domine,
2325 2158 2393 2198 ex
2424 2142 2743 2199 Andronici
2775 2142 3072 2199 memoria.
3106 2142 3230 2199 Sim
3268 2141 3506 2214 ignotus
3522 2146 3678 2214 apud

2030 2247 2165 2288 eum
2196 2230 2358 2287 omni
2395 2237 2676 2305 tempore,
2717 2247 2788 2287 ne
2845 2232 3180 2287 recordetur
3235 2229 3492 2288 nominis
3542 2230 3678 2298 mei,

280 2321 504 2393 Φρουρᾷ
530 2315 712 2372 τοίνυν
745 2317 1147 2391 συνισχημένος
1178 2316 1206 2372 6
1237 2316 1538 2382 Δισόπατος
1583 2318 1678 2381 τὰς
1735 2323 1918 2396 χεῖρας

2032 2320 2214 2376 donec
2244 2336 2313 2376 ex
2341 2319 2492 2377 libro
2521 2320 2845 2377 viventium
2877 2319 3100 2377 deletus
3133 2318 3329 2378 fuerit.
3389 2341 3419 2371 »
3480 2321 3682 2393 Itaque

286 2407 425 2481 πρὸς
465 2406 529 2463 τὸ
587 2411 741 2462 Θεῖον
798 2404 1075 2476 ἂνέτεινεν,
1138 2406 1275 2463 κατὰ
1328 2402 1493 2463 Δαϐὶδ
1551 2406 1923 2489 ἐπευχόμενος

284 2497 375 2552 καὶ
410 2493 615 2573 λέγων,
668 2518 697 2548 (ι
730 2495 986 2572 Ἐξάγαγε
1019 2495 1081 2552 ἐκ
1117 2494 1366 2576 φυλακῆς
1412 2497 1511 2567 τὴν
1557 2501 1743 2574 ψυχήν
1797 2519 1923 2573 μου,

275 2589 371 2641 τοῦ
436 2583 945 2662 ἐξομολογήσασθαι
1002 2590 1082 2658 τῷ
1146 2584 1378 2659 ὀνόματί
1419 2607 1538 2656 σου,
1578 2610 1606 2639 ››
1648 2586 1684 2657 ἢ
1724 2587 1786 2642 τὸ
1824 2588 1921 2641 τοῦ

273 2677 431 2734 Ἰωνᾶ
459 2675 848 2751 φθεγγόμενος,
879 2699 907 2727 ι(
932 2677 1074 2750 Ἀρα
1102 2674 1398 2753 προσθήσω
1452 2679 1550 2731 τοῦ
1610 2671 1903 2750 ἐπιϐλέψαι
1964 2695 2031 2748 με
2086 2675 2223 2750 πρὸς
2278 2674 2403 2730 ναὸν
2460 2675 2553 2730 τὸν
2612 2675 2744 2751 ἄγόν
2804 2692 2939 2743 σου;
2977 2698 2997 2725 ι

2034 2408 2112 2465 Fu
2124 2426 2254 2466 men
2281 2427 2396 2466 non
2420 2415 2760 2467 cunctatum
2786 2413 2893 2475 est,
2911 2426 3015 2467 nec
3035 2425 3241 2482 preces
3262 2410 3390 2481 ejus
3405 2425 3683 2481 asperna-

2033 2500 2289 2566 tum,sed
2309 2498 2556 2556 illaesum
2581 2500 2786 2556 eduxit
2815 2515 2847 2555 e
2890 2513 3139 2569 carcere,
3164 2498 3496 2555 Andronico
3544 2514 3685 2570 pau-

2036 2586 2120 2643 cis
2152 2588 2359 2643 diebus
2386 2593 2517 2659 post
2544 2588 2849 2644 exstincto.

3061 2672 3237 2733 Ἀλλᾶ
3289 2674 3342 2727 τί
3404 2673 3612 2753 ηὔχετο
3636 2680 3685 2747 ςι

279 2786 306 2814 ‹‹
365 2762 701 2838 Ἀπάλειψόν
760 2785 846 2837 με,
906 2763 1094 2841 Κύριε,
1156 2761 1216 2819 ἐκ
1268 2770 1368 2833 τῆς
1427 2765 1654 2840 μνήμης
1711 2768 1808 2819 τοῦ
1867 2760 2244 2839 Ἀνδρονίκου,
2311 2764 2402 2818 καὶ
2459 2761 2691 2836 ἐσοίμην
2749 2763 2876 2839 παρ’
2937 2761 3086 2836 αὐτῷ
3142 2763 3416 2837 ἄγνωστος
3476 2763 3681 2839 χρόνον

281 2851 341 2908 ἒκ
371 2852 579 2928 χρόνου
608 2850 699 2908 καὶ
735 2859 882 2926 μῆνα
911 2851 971 2908 ἐκ
1005 2853 1178 2927 μηνὸς
1208 2851 1298 2908 καὶ
1327 2853 1537 2929 ἡμέραν
1567 2852 1619 2924 ἐξ
1667 2851 1876 2929 ἡμέραν
1929 2853 1977 2923 ἒξ
2025 2851 2256 2928 ἡμέρας,
2317 2850 2449 2927 μηδ’
2502 2852 2670 2922 ἀκοῆς
2719 2872 2825 2927 μου
2875 2848 3163 2925 μνησθείη,
3213 2848 3315 2913 ἔως
3364 2851 3426 2905 ἂν
3479 2850 3540 2907 ἐκ
3583 2858 3685 2923 τῆς

286 2935 492 3017 βίϐλου
519 2943 620 2996 τῶν
658 2941 875 3011 ζώντων
906 2937 1138 3012 ἐξέλθοι.
1174 2964 1202 2994 ››
1232 2942 1390 3006 Ὀθεν
1420 2938 1534 2997 οὐδ’
1588 2938 1843 3016 ἠμέλησε
1897 2940 1959 2995 τὸ
2013 2945 2189 3011 Θεῖον,
2237 2936 2362 2996 οὐδὲ
2406 2937 2629 3016 παρεῖδε
2674 2940 2773 3009 τὴν
2829 2939 3029 2995 τούτου
3079 2935 3281 3012 δέησιν,
3328 2936 3454 2997 ἀλλ’
3514 2940 3682 3016 ἀθιγῆ

288 3031 471 3084 κακῶν
499 3028 730 3100 ἰξείλετο
760 3036 862 3100 τῆς
893 3033 1155 3109 φρουρᾶς,
1187 3027 1532 3103 ’Δνδρονίκου
1562 3030 1653 3085 τὸν
1691 3029 1810 3106 βίον
1857 3031 1971 3105 μετ’
2003 3029 2064 3084 οὗ
2096 3028 2311 3093 πολλὰς
2341 3030 2549 3105 ἡμέρας
2578 3028 2971 3092 ἀπολιπόντος.

341 3117 525 3181 Ὀπως
584 3114 641 3175 δὲ
697 3116 969 3189 ἠπίστατο
1018 3122 1184 3194 τιμᾷν
1244 3117 1590 3195 Ἀνδρόνικος
1644 3120 1773 3183 τοὺς
1826 3125 1918 3189 τῆς

2109 3120 2217 3186 Qui
2248 3138 2365 3194 quo
2398 3128 2564 3194 pacto
2596 3120 2973 3177 ﬁdelissimos
3005 3136 3145 3176 suos
3162 3120 3463 3178 ministros
3494 3137 3687 3179 remu-

266 3205 471 3264 ἑκείνου
530 3206 815 3283 θεραπείας
873 3207 1230 3284 ἐξεχομένους
1305 3209 1394 3264 καὶ
1457 3205 1751 3283 διαπύρους
1807 3211 1912 3263 τῶν

266 3296 427 3353 αὐτοῦ
505 3294 783 3366 θελήσεων
842 3296 1166 3373 πληρωτὰς,
1227 3294 1475 3369 ἐδήλωσε
1536 3298 1629 3373 μὲν
1687 3296 1783 3368 κάξ
1840 3297 1913 3353 ὧν

262 3385 644 3462 ἀπανθρώπως
702 3389 800 3442 τοῦ
863 3386 984 3463 βίου
1079 3385 1306 3465 ἐξήγαγε
1360 3387 1452 3443 τὸν
1519 3383 1913 3462 Μακροδούκαν

265 3479 669 3532 Κωνσταντῖνον
708 3481 799 3531 καί
853 3475 943 3530 τὸν
1003 3475 1206 3532 Δοῦκαν
1263 3472 1637 3554 Ἀνδρόνικον,
1694 3476 1789 3543 ὧν,
1840 3475 1917 3538 ὡς

266 3563 501 3639 εἴρηται,
527 3564 621 3621 τὸν
668 3565 764 3638 μὶν
820 3568 899 3638 τῷ
949 3570 1059 3620 τῶν
1109 3560 1630 3641 πανυπερσεϐάστων
1689 3564 1918 3641 ὑπεξῆρε

266 3655 609 3728 σεμνώματι,
666 3653 759 3709 τὸν
819 3649 877 3708 δὲ
936 3654 1137 3709 Δούκαν
1185 3654 1524 3728 υίωσάμενος
1580 3659 1702 3717 τοῖς
1777 3654 1916 3709 πάνυ

266 3744 625 3827 φιλουμένοις
686 3743 958 3825 ἐνέγραφε
1042 3750 1226 3824 σαφῶς
1285 3742 1343 3801 δὲ
1397 3746 1461 3802 τὸ
1513 3751 1612 3816 τῆς
1686 3745 1918 3820 γνώμης

268 3836 547 3911 ἀνήμερον
595 3832 837 3904 ὑπέδειξε
892 3834 981 3889 καὶ
1035 3834 1098 3891 16
1159 3835 1235 3909 μή
1296 3828 1593 3909 συμϐαῖνον
1649 3835 1782 3906 ἦθος
1841 3833 1916 3898 εἷς

269 3922 532 3999 ἐπίμονον
568 3920 777 3979 εὔνοιαν
814 3921 867 3978 έν
898 3924 984 3984 οἷς
1016 3925 1311 3999 προσέθετο
1358 3923 1449 3979 καὶ
1495 3923 1587 3980 τὸν
1635 3922 1919 4002 Τρίψυχον

268 4014 591 4090 ἐκπληρῶσαι
658 4015 1090 4085 Κωνσταντῖνον,
1140 4009 1308 4090 ἄνδρα
1360 4011 1732 4091 πολυέραστον
1774 4018 1919 4089 χρῆ-

274 4127 346 4178 μα
370 4106 500 4181 παρ’
530 4100 860 4179 Ἀνδρονίκῳ
890 4104 982 4159 καὶ
1032 4102 1391 4181 πάγχρηστον
1442 4102 1494 4159 ἐν
1547 4108 1669 4167 ταῖς
1718 4102 1918 4160 ἐκείνου

270 4192 660 4271 ὑπηρετήσεσι,
732 4192 822 4247 καὶ
894 4194 1150 4247 τοσοῦτον
1249 4192 1710 4269 ὑπερηγαπηκότα
1801 4193 1921 4248 ’Λν-

271 4277 522 4357 δρόνικον
553 4278 644 4335 καὶ
703 4281 920 4355 θερμῶς
968 4279 1117 4352 αὐτῷ
1163 4279 1582 4357 προσεσχηκότα
1624 4279 1700 4344 ὡς
1752 4279 1920 4354 ὑπερ-

268 4370 459 4427 ελάσαι
491 4368 698 4431 πάντας
729 4371 926 4444 μικροῦ
979 4369 1176 4424 ὁπόσοι
1227 4369 1296 4424 τὰ
1351 4366 1706 4443 ’Δνδρονίκου
1760 4365 1920 4442 ἐπρέ-

2033 3209 2225 3266 nerari
2284 3211 2450 3268 fuerit
2497 3210 2727 3278 solitus,
2788 3209 3151 3267 Macroducss
3208 3209 3573 3267 Constantini
3627 3216 3685 3268 et

2034 3300 2201 3356 Ducas
2233 3298 2550 3357 Andronici
2609 3298 2898 3372 supplicia
2956 3297 3376 3367 declararunt;
3430 3315 3682 3371 quorum

2034 3387 2299 3459 alterum,
2334 3393 2400 3445 ut
2450 3389 2673 3446 dictum
2730 3392 2852 3459 est,
2905 3387 3421 3460 paubypersebasti
3466 3388 3685 3447 honore

2030 3478 2332 3549 extulerat,
2363 3478 2583 3535 Ducam
2610 3494 2745 3533 vero
2788 3477 3132 3548 adoptatum
3181 3477 3241 3532 in
3298 3478 3684 3536 amicissimo-

2032 3583 2159 3623 rum
2194 3583 2505 3623 numerum
2539 3570 2852 3639 receperat.
2884 3564 3038 3622 408
3080 3565 3302 3637 Ingenii
3322 3567 3449 3635 ejus
3480 3567 3678 3624 ferita-

2031 3659 2229 3711 temet
2260 3655 2318 3711 in
2350 3655 2597 3713 colenda
2653 3654 2914 3712 amicitia
2966 3653 3257 3709 levitatem
3311 3651 3457 3709 illud
3506 3655 3680 3713 etiam

2032 3744 2419 3814 demonstrat,
2452 3745 2606 3818 quod
2628 3744 3009 3815 Tripsychum
3062 3741 3510 3798 Constantinum
3572 3760 3680 3800 ex-

2030 3834 2286 3898 caecavit,
2319 3833 2614 3888 hominem
2649 3832 3017 3887 carissimum
3051 3840 3103 3886 et
3163 3830 3677 3902 diligentissimum

2028 3923 2357 3999 tyrannidis
2389 3922 2724 3979 ministrum
2753 3940 2767 3981 :
2791 3923 2890 3994 qui
2916 3922 3030 3979 fide
3053 3926 3109 3978 et
3138 3921 3508 3978 observantia
3540 3939 3680 3996 erga

2029 4012 2193 4070 illum
2225 4014 2341 4070 fere
2370 4013 2589 4069 nemini
2621 4012 2865 4070 cedebat
2897 4036 2913 4079 ;
2971 4026 3074 4067 nec
3131 4012 3444 4083 quicquam
3498 4012 3553 4069 ei
3600 4011 3675 4069 ad

2028 4102 2332 4159 victoriam
2363 4102 2425 4158 in
2457 4102 2775 4158 certamine
2841 4098 3254 4156 benevolentiae
3314 4102 3530 4167 deerat,
3562 4099 3676 4156 nisi

2032 4194 2185 4266 quod
2219 4208 2371 4250 unus
2431 4189 3103 4265 HagiocbrisIOpborites
3134 4191 3462 4263 Stephanus
3491 4191 3552 4248 in
3583 4207 3673 4249 eo-

2032 4284 2166 4341 dem
2182 4284 2377 4341 stadio
2412 4283 2535 4356 pari
2572 4280 2765 4337 studio
2800 4295 2936 4336 cum
2982 4280 3083 4336 illo
3126 4282 3497 4339 decurrebat.
3548 4283 3672 4340 Cau

2032 4390 2097 4430 sa
2121 4389 2226 4429 cur
2255 4370 2561 4445 Tripsycbi
2602 4369 2836 4442 pupillas
2893 4369 3402 4441 exstinguerentur
3456 4371 3677 4428 oﬂ'ensa

269 4456 485 4519 σϐευον.
556 4461 713 4536 Παρὰ
778 4463 1041 4516 τοσοῦτον
1090 4460 1195 4538 γὰρ
1253 4458 1568 4537 εἰργόμενος
1619 4460 1685 4530 ἦν
1742 4461 1804 4516 τὸ
1862 4459 1918 4516 ἐκ

2030 4464 2239 4538 exigua
2267 4464 2397 4530 fuit,
2433 4462 2611 4534 digna
2641 4476 2768 4532 quas
2824 4458 3213 4531 negligeretur
3267 4461 3463 4530 potius
3502 4476 3675 4532 quam

270 4547 572 4625 διαμέτρου
611 4553 758 4613 νῖκος
824 4548 1140 4622 μονώτατος
1197 4545 1559 4630 ἀποφέρεσθαι
1612 4547 1921 4624 Τρίψυχος,

270 4641 395 4716 παρ’
454 4637 579 4695 ὅσον
640 4637 762 4712 εἶχε
820 4637 1364 4715 συμπτερυσσόμενον
1424 4638 1570 4710 αὐτῷ
1637 4639 1727 4693 καὶ
1782 4637 1919 4713 πρὸς

266 4731 330 4787 τὸ
366 4726 713 4807 ὑπερϐάλλον
767 4735 867 4800 τῆς
926 4728 1234 4804 προθυμίας
1279 4726 1779 4804 ἀνθαμιλλώμενον
1829 4728 1920 4784 τὸν

270 4815 863 4899 Ἀγιοχριστοιρορίτην
921 4816 1213 4893 Στέφανον,
1271 4818 1360 4874 καὶ
1416 4818 1479 4875 16
1539 4818 1767 4895 μονάζον
1823 4822 1920 4874 τοῦ

279 4904 539 4986 βραϐείου
572 4906 836 4978 δυάζοντα
866 4908 952 4968 οἷς
998 4907 1233 4982 κάκείνῳ
1288 4915 1390 4979 τῆς
1448 4906 1705 4979 ἀπηνείας
1761 4905 1918 4979 ἐηλέ-

270 5018 395 5054 κετο
425 4996 704 5074 στέφανος.
765 4997 864 5053 Ἦν
920 4994 977 5050 δὲ
1034 4999 1068 5066 ἡ
1129 4996 1277 5051 αἶτία
1331 5001 1428 5052 τοῦ
1482 4993 1768 5066 σϐεσθῆναι
1824 4997 1921 5060 τὰς

269 5083 435 5162 κόρας
469 5085 758 5162 Τρίψυχον
808 5086 1044 5161 βραχεῖά
1083 5107 1168 5148 τις
1219 5087 1304 5159 [Ρ.
1359 5088 1487 5159 202]
1530 5083 1918 5161 παραλύπησις

268 5175 359 5231 καὶ
391 5175 513 5246 ἀξία
563 5179 938 5248 παροραθῆναι
990 5173 1275 5247 μᾶλλονῆ
1306 5181 1481 5230 πισεῖν
1541 5176 1629 5230 ὑπ’
1684 5172 1916 5247 ἐξέτασιν

265 5265 354 5320 καὶ
386 5264 623 5320 κολάσαι
664 5261 757 5317 τὸν
810 5262 1165 5339 παρειπόντα,
1211 5263 1300 5318 καὶ
1355 5268 1525 5319 ταῦτα
1583 5262 1916 5342 φιλουμενον

263 5353 411 5411 πολὺ
487 5351 579 5408 καὶ
657 5348 919 5429 φιλοῦντα
994 5352 1092 5407 οὐκ
1162 5345 1414 5411 ἔλασσον.
1452 5351 1610 5409 Ἀλλ’
1665 5351 1781 5407 ἐπεὶ
1827 5354 1918 5407 καὶ

2033 4554 2092 4610 in
2124 4552 2508 4625 quaestionem
2537 4554 2840 4607 vocaretur
2889 4553 2947 4604 et
3003 4563 3233 4620 pmnam
3266 4548 3489 4604 auctori
3532 4549 3672 4605 irro-

2030 4647 2214 4714 garet,
2244 4641 2565 4713 praesertim
2596 4645 2715 4695 tam
2750 4637 2959 4693 dilecto
2990 4653 3094 4693 uec
3136 4636 3333 4693 minus
3381 4635 3671 4709 diligenti.

2028 4733 2247 4787 Verum
2306 4729 2445 4801 quia
2499 4727 2864 4799 temporibus
2919 4723 3233 4781 Andronici
3287 4723 3460 4780 otiosi
3515 4724 3674 4783 verbi

2031 4824 2177 4879 ratio
2203 4818 2572 4882 reddebatur,
2603 4821 2661 4871 et
2687 4813 3043 4887 Tripsychus
3103 4829 3305 4872 earum
3362 4830 3672 4872 causarum

2031 4909 2303 4983 qumsitor
2358 4906 2577 4963 multos
2646 4903 3007 4961 excruciaret
3061 4907 3118 4960 et
3173 4904 3343 4960 bonis
3400 4905 3675 4963 omnibus

2030 4999 2329 5071 spoliarat,
2361 4995 2513 5068 quod
2544 4998 2747 5050 contra
2777 4992 3177 5048 Andronicum
3207 4992 3474 5048 nonnihil
3507 5009 3672 5050 mur-

2032 5090 2367 5144 murassent
2394 5091 2492 5142 aut
2524 5082 2691 5139 malas
2720 5080 2970 5152 alicujus
3000 5081 3371 5154 cogitationis
3397 5081 3674 5155 reliquias

2031 5177 2246 5233 animis
2275 5175 2585 5244 celassent,
2615 5171 2676 5227 in
2707 5172 2906 5227 eadem
2945 5170 3099 5227 mala
3156 5171 3535 5229 inclementer
3582 5172 3675 5227 in-

2031 5267 2194 5335 cidit,
2225 5270 2434 5338 suapte
2463 5261 2768 5333 iniquitate
2797 5260 3256 5330 circumventus,
3278 5266 3337 5316 et
3366 5278 3479 5333 qua
3512 5277 3675 5317 men-

2031 5372 2172 5411 sura
2201 5371 2354 5427 saepe
2382 5367 2613 5412 mensus
2663 5351 2872 5419 fuerat,
2925 5351 3188 5407 conferta
3237 5356 3295 5407 et
3324 5351 3676 5407 exuberante

1602 5472 1794 5538 Hier.
1828 5472 2087 5541 Wolfii
2121 5477 2336 5542 notas.

331 5620 557 5695 (17)ᾹὉ
603 5625 705 5689 τῆς
750 5623 994 5695 γαμετῆς
1030 5617 1222 5695 ντοιότῳ
1278 5618 1482 5695 πατήρ..
1518 5618 1923 5695 _Smpenume.

267 5687 443 5753 ro'ad'
470 5693 634 5749 hunc
663 5687 911 5748 modum
942 5689 1119 5746 dativi
1152 5704 1259 5762 pro
1289 5687 1564 5761 genitivis
1582 5687 1656 5745 ab
1686 5688 1797 5744 hoc
1818 5705 1924 5744 au-

2034 5622 2189 5673 ctore
2248 5616 2771 5689 ponuntur,qhaud
2829 5619 2947 5675 scio
3004 5619 3307 5675 librariiue
3347 5632 3538 5674 errore
3595 5631 3669 5669 an

2033 5687 2339 5748 atl‘ectiene
2375 5687 2653 5746 auctoris'
