4126 6294
397 375 509 435 671

1701 367 2006 429 ΝΙΟΕΤλΕ
2045 365 2472 428 ΟΗΟΝΙΑΤᾸΕ

3687 371 3809 430 672

405 509 608 566 eadem
641 507 794 564 409
827 504 877 560 ei
909 519 1213 560 remensus
1243 507 1333 559 est
1359 502 1768 570 Andronicus;
1794 503 1852 556 et
1873 515 2050 572 quam

2185 497 2302 570 ’mip
2331 497 2498 572 ἀργοῦ
2532 495 2698 572 λόγου
2733 492 2894 569 Λόγον
2945 494 3193 552 ἐδίδοσαν
3247 497 3524 574 ἅνθρωποι
3567 498 3656 554 ἐπὶ
3703 505 3812 556 τῶν

403 599 627 656 foveam
660 597 792 653 aliis
824 611 975 666 saepe
1009 595 1248 662 foderat,
1281 593 1337 648 in
1371 609 1499 648 eam
1533 597 1728 664 (quam
1775 607 1902 646 vero
1953 590 2050 660 ju-

407 687 580 759 dicio)
612 688 736 758 ipse
766 684 974 740 merito
1006 683 1211 739 incidit
1243 700 1257 750 ;
1291 687 1346 738 et
1377 683 1432 737 in
1467 699 1528 738 se
1559 681 1808 738 devolvit
1847 695 2052 735 saxum

407 777 561 850 quod
608 773 930 846 saepissime
983 772 1114 827 aliis
1173 773 1510 828 intentarat.
1572 772 1773 842 Itaque
1825 769 2056 824 delatus

407 886 440 924 a
497 865 751 938 quodam
812 880 880 919 ex
935 862 1455 932 coniunctissimis,
1517 860 1904 933 Tripsychum
1972 861 2059 912 tot

424 954 729 1013 beneﬁciis
763 953 1150 1021 cumulatum,
1179 955 1263 1006 tot
1318 951 1706 1024 dignitatibus
1764 953 2058 1012 ornatum,

415 1046 592 1121 quiin
635 1043 1025 1116 imperatoriis
1081 1041 1290 1097 litteris
1347 1041 1597 1097 dilectus
1657 1039 1816 1095 illius
1859 1035 2060 1110 appel-

411 1136 568 1192 letur
597 1141 652 1190 et
681 1133 990 1204 exploratas
1023 1131 1152 1186 ﬁdei
1187 1131 1384 1200 homo,
1418 1130 1607 1202 qualis
1637 1129 1811 1184 hodie
1852 1126 1944 1182 vix
1973 1126 2061 1180 in-

411 1223 700 1288 veniatur,
727 1221 1107 1292 pecuniosum
1141 1219 1308 1275 illum
1342 1227 1396 1274 et
1458 1221 1850 1290 purpuratum
1905 1229 2064 1286 seque

415 1314 484 1369 de
509 1310 833 1368 Andronico
853 1309 1014 1380 queri
1037 1325 1100 1364 ac
1123 1325 1224 1364 eos
1273 1308 1372 1380 qui
1429 1307 1574 1362 nihil
1606 1307 1679 1361 ab
1705 1321 1770 1361 eo
1801 1301 2068 1360 beneﬁcii

413 1403 800 1472 accepissent,
835 1398 1126 1472 perdoluit
1180 1397 1564 1463 Andronicus,
1595 1400 1652 1451 et
1699 1395 1812 1450 fide
1851 1395 1980 1465 ejus
2009 1393 2068 1446 in

415 1491 752 1547 universum
783 1489 1062 1544 damnata
1091 1487 1280 1542 tristis
1312 1487 1520 1552 astitit,
1553 1485 1742 1555 iisque
1773 1481 1966 1538 verbis
1999 1482 2067 1536 ad

419 1565 787 1638 iracundiam
813 1583 902 1634 est
931 1575 1441 1633 exstimulatus.Ut
1471 1591 1605 1631 vero
1639 1573 1864 1629 delator
1883 1571 2071 1628 anim-

423 1669 670 1726 advertit
700 1669 1168 1724 ell‘ervescentem
1225 1667 1404 1721 bilem
1459 1667 1686 1720 acriora
1741 1662 1916 1718 verba
1968 1662 2068 1715 ﬂa-

424 1759 632 1832 gitare,
667 1763 730 1812 ut
761 1757 946 1828 magis
976 1758 1150 1812 etiam
1185 1755 1471 1822 ebulliret,
1521 1759 1578 1809 et
1629 1749 2074 1824 sanguinarium

2163 584 2516 660 Ἀνδρονίκου
2573 591 2800 659 καιρῶν,
2855 587 2990 640 κατὰ
3070 591 3232 642 τοῦτο
3297 588 3390 642 καὶ
3443 589 3472 643 6
3529 588 3814 660 ἐξεταστὴς

2163 679 2272 730 τῶν
2301 675 2567 730 τοιούτων
2603 677 2890 752 Τρίψυχος
2921 675 3011 730 καὶ
3043 674 3290 740 πολλοὺς
3343 679 3630 752 βασσάνοις
3681 679 3816 734 ὐπο-

2168 761 2354 821 ϐαλών
2394 765 2614 833 καὶτῆς
2671 765 2858 827 οὐσίας
2907 763 3086 836 πάσης
3143 766 3524 840 ἀποψιλώσας,
3582 768 3669 823 ὅτι
3725 770 3816 824 καὶ

2169 860 2484 934 γογγυσμοῦ
2571 856 2722 929 ῥῆμα
2805 858 2921 910 κατ’
3011 853 3357 931 ’Δνδρονίκου
3415 859 3719 914 ἀπέπτυσαν
3779 861 3816 929 ἢ

2169 943 2588 1020 ἐγκατάλειμμα
2643 948 2886 1019 πονηροῦ
2953 943 3206 1018 ένθυμίου
3267 949 3391 1021 παρ’
3453 948 3662 1009 ἑαυτοῖς
3714 948 3822 1002 ὑπ-

2173 1033 2451 1103 ελίποντο,
2509 1037 2626 1094 τοῖς
2685 1033 2902 1104 ὁμοίοις
2961 1033 3054 1087 καὶ
3121 1034 3288 1098 αὐτὸς
3343 1033 3588 1104 ἀνηλεῶς
3669 1055 3822 1111 περι-

2173 1123 2446 1191 πέπτωκε,
2521 1126 2590 1196 τῇ
2667 1121 2866 1195 ἀνομίᾳ
2939 1129 3040 1192 τῆς
3118 1123 3320 1186 οἷκείας
3393 1124 3629 1198 πτέρνης
3664 1145 3824 1198 περι-

2177 1213 2431 1290 ληφθεὶς,
2507 1212 2596 1266 καὶ
2691 1213 2736 1284 ᾧ
2837 1213 3021 1286 μέτρῳ
3122 1211 3398 1276 πολλάκις
3491 1213 3820 1288 μεμέτρηκε,

2177 1302 2496 1378 σεσαγμένῳ
2551 1300 2642 1356 καὶ
2709 1303 3052 1374 πεπιεσμένῳ
3144 1302 3234 1357 καὶ
3327 1303 3824 1378 ὑπερεκχυνομένφ

2176 1392 2356 1464 τούτῳ
2387 1391 2826 1465 ἀντιμετρηθεὲς,
2873 1391 2967 1445 καὶ
3016 1391 3092 1454 είς
3137 1393 3195 1446 ὅν
3247 1390 3418 1466 ὣρυξε
3475 1392 3699 1468 βόθυνον
3746 1398 3826 1464 τῷ

2179 1482 2420 1553 πλησίον
2452 1479 2748 1552 πολλάκις,
2795 1481 2882 1537 ἐπὶ
2936 1486 3128 1537 τοῦτον
3185 1483 3284 1556 (ὡς
3341 1482 3477 1538 αῗνῶ
3535 1503 3616 1550 σε,
3675 1481 3828 1556 δίκη)

2181 1571 2481 1648 χαριέντως
2513 1570 2910 1644 ἐμπεπτωκὼς,
2957 1573 3048 1626 καὶ
3101 1571 3183 1650 ἐφ’
3235 1573 3421 1628 ἱαυτὸν
3477 1571 3628 1627 λίθον
3669 1570 3830 1626 κυλί-

2185 1683 2276 1724 σας
2309 1663 2367 1716 ’ὸν
2397 1659 2678 1736 ἆνώχλισε
2725 1659 3042 1722 πλειστάκις
3095 1661 3234 1717 κατᾶ
3277 1665 3384 1717 τῶν
3439 1658 3684 1738 ἔγγιστα.
3735 1663 3830 1732 Τῷ

2181 1772 2269 1806 τοι
2325 1751 2414 1806 καὶ
2474 1749 2824 1812 κατειπόντος
2894 1751 3065 1806 αὐτοῦ
3122 1751 3259 1825 πρὸς
3313 1747 3658 1824 Ἀνδρόνικον
3717 1753 3826 1805 τῶν

426 1849 572 1903 illud
604 1846 916 1902 iracundiis
974 1843 1216 1916 pelagus
1273 1844 1554 1900 miserum
1589 1840 1982 1913 Tripsycbum
2017 1840 2074 1890 ut

2186 1840 2572 1918 γνησιωτάτων
2603 1838 2774 1908 τινὸς,
2807 1839 2880 1902 ὡς
2928 1837 3022 1893 ἲσα
3063 1845 3178 1901 τοῖς
3231 1839 3330 1894 οὐκ
3376 1837 3834 1915 εὐηργετημένοις

425 1937 736 2008 Egyptum
769 1934 1027 2006 equitem
1062 1931 1418 1998 absorberet,
1454 1929 1761 2000 subjunxit
1787 1945 1848 1984 ις(
1887 1926 2076 1981 Etiam

424 2025 611 2080 ﬁlium
641 2029 829 2090 tuum,
865 2023 1100 2078 domine
1131 2023 1466 2091 imperator,
1497 2027 1552 2074 et
1605 2017 1932 2090 legitimum
1963 2015 2080 2068 im-

422 2113 569 2184 perii
595 2125 1011 2176 successorem,
1043 2107 1504 2180 pulcherrimum
1531 2111 1588 2160 et
1637 2103 2074 2176 optatissimum

426 2201 700 2257 omnibus
732 2199 886 2254 no
914 2198 1226 2262 Joannem,
1257 2195 1485 2250 insanis
1517 2193 1705 2250 verbis
1749 2191 2081 2248 calumnia-

425 2289 472 2343 ri
499 2304 614 2342 non
645 2287 881 2342 desistit
937 2285 1319 2356 Tripsycbus,
1379 2298 1632 2354 eumque
1687 2285 1753 2336 ut
1783 2278 2077 2352 piaculum

427 2377 684 2434 divinam
719 2375 946 2444 imperii
1005 2375 1205 2430 sedem
1257 2388 1720 2428 conscensurum
1781 2369 2078 2442 ρτωάἰοειῐ,

430 2467 518 2522 Ad
552 2465 695 2534 haec,
729 2480 862 2520 cum
897 2461 1216 2535 aliquando
1273 2463 1596 2532 imperator
1639 2459 1893 2515 Joannes
1933 2475 2078 2530 prae-

425 2553 842 2625 teriret,eique
891 2569 926 2608 a
955 2555 1208 2608 maxima
1255 2551 1564 2606 hominum
1623 2548 1951 2620 frequentia
1981 2562 2079 2602 ae-

431 2645 807 2710 clamaretur,
851 2641 1212 2714 Tripsycbus
1264 2657 1397 2696 eum
1454 2639 1661 2695 derisit
1714 2644 1770 2694 et
1817 2655 1918 2710 per
1945 2653 2083 2693 con-

427 2737 718 2804 temptum
743 2731 1135 2802 Zinziphizem
1158 2731 1450 2798 vocitavit,
1493 2735 1550 2784 et
1579 2744 1710 2784 cum
1735 2743 1947 2798 magno
1980 2743 2082 2782 su-

433 2822 617 2894 spirio
649 2823 829 2876 dixit:
865 2820 908 2877 0
929 2820 1209 2876 miserum
1236 2819 1627 2891 principatum
1665 2817 2088 2882 Romanorum,

436 2909 627 2981 qualis
655 2910 1042 2980 eiimperator
1070 2907 1470 2978 exspectatur!
1506 2908 1641 2962 Erat
1671 2911 1866 2960 autem
1897 2903 2085 2959 Zinzi-

436 2997 637 3070 pbizes
659 2997 1126 3052 deformissimus
1161 2995 1498 3064 homuncio,
1521 2996 1620 3066 qui
1644 2994 1702 3049 in
1740 2993 1892 3050 circo
1918 3008 2089 3064 eque-

436 3087 543 3143 stri
571 3086 773 3141 crebro
795 3086 1163 3153 versabatur,
1199 3084 1494 3155 plerisque
1545 3083 1826 3136 membris
1875 3081 2089 3136 distor-

2189 1926 2318 2004 μηδ’
2395 1928 2450 1983 εὖ
2525 1929 2786 1983 παθοῦσιν
2861 1928 2953 1982 ὑπ’
2998 1925 3352 2002 ’Δνδρονίκου
3411 1927 3832 2000 ὑποτονθορύζει

2181 2019 2300 2074 κατ’
2345 2013 2697 2091 Ἀνδρονίκου
2755 2017 2845 2072 καὶ
2903 2017 3185 2092 Τρίψυχος
3235 2018 3262 2072 6
3313 2018 3503 2078 τόσαις
3561 2015 3832 2076 εὐποιίκις

2183 2105 2683 2184 περιαντλούμενος
2739 2107 2830 2162 καὶ
2885 2107 2952 2160 τὰ
3005 2111 3114 2162 τῶν
3174 2107 3500 2180 ἀξιωμάτων
3561 2105 3836 2181 ὑπέρογκα

2185 2198 2460 2269 κτώμενος
2519 2195 2616 2250 κάν
2674 2203 2791 2258 ταῖς
2875 2193 3176 2266 βασιλείοις
3233 2195 3444 2250 ἀκούων
3519 2192 3835 2254 ἐπιστολαῖς

2185 2285 2546 2359 ἠγαπημένος
2578 2285 2693 2346 υἱὸς
2749 2285 2840 2338 καὶ
2897 2285 3089 2347 κνιπὸς
3137 2281 3423 2356 ἄνθρωπος
3473 2283 3562 2338 καὶ
3615 2281 3665 2338 ἐν
3713 2287 3836 2343 ταῖς

2189 2379 2282 2430 νῦν
2335 2373 2570 2450 ἡμέραις
2621 2371 2961 2448 δυσεύρετος,
2995 2374 3022 2428 6
3053 2367 3399 2444 πολύολὸος,
3433 2373 3460 2427 6
3503 2369 3830 2446 εὐπάρυφος,

2191 2467 2498 2534 ἐπαθήνατο
2555 2465 2655 2532 τήν
2715 2465 2900 2538 ψυχὴν
2957 2459 3334 2537 Ἀνδρόνικος,
3410 2461 3502 2516 καὶ
3581 2461 3834 2516 ἀπιστίαν

2189 2552 2490 2630 καταγνοὺς
2541 2558 2651 2606 τῶν
2712 2549 2859 2606 ὃλων
2917 2549 3003 2605 ἐπὶ
3064 2549 3310 2612 συννοίας
3381 2550 3641 2620 είστήκει,
3700 2549 3836 2622 πρὸς

2191 2645 2362 2718 ὸργήν
2396 2641 2500 2696 ὑπὸ
2548 2645 2656 2696 τῶν
2717 2639 3022 2715 λεχθέντων
3079 2638 3570 2714 ἆναρῥιπιζόμενος
3621 2637 3712 2694 καὶ
3763 2636 3837 2699 εἷς

2193 2737 2367 2804 θυμοῦ
2424 2729 2754 2806 έπιφρίσσων
2811 2727 3138 2784 κλυδώνιον·
3201 2727 3351 2786 Ἐπεὶ
3409 2725 3466 2782 δὲ
3519 2729 3548 2782 6
3597 2746 3844 2800 προσαγ-

2193 2819 2409 2896 γέλλων
2445 2821 2588 2890 ἑώρα
2613 2820 2676 2873 τὸ
2719 2817 3166 2892 ἂναθαλπόμενον
3213 2822 3311 2872 τοῦ
3363 2821 3541 2890 θυμοῦ
3587 2815 3680 2871 καὶ
3729 2816 3843 2870 ἑτέ-

2197 2931 2292 2986 ρας
2325 2907 2532 2970 ἐπιδεές
2595 2905 2933 2983 δριμυτέρων
2993 2906 3253 2983 ῥημάτων
3311 2905 3596 2984 ἐπιφορᾶς,
3655 2905 3730 2966 ὡς
3781 2905 3842 2958 ἄν

2197 2998 2340 3053 οὕτω
2415 2991 2621 3072 λάϐρον
2697 2997 2920 3072 γεγονὸς
2999 2995 3394 3072 μεταρσιωθείη
3473 2992 3729 3068 αἰθέριον,
3807 2993 3842 3063 ἢ

2197 3093 2329 3164 γοῦν
2404 3088 2465 3141 τὸ
2541 3086 2741 3162 ἀχανὲς
2817 3085 2988 3140 ἐκεῖνο
3025 3091 3128 3153 τῆς
3181 3083 3538 3159 ὀργιλότητος
3600 3079 3844 3157 πέλαγος

437 3175 735 3240 tis,brevis
764 3179 821 3228 et
848 3188 1360 3238 carnosus,scurra
1381 3179 1572 3226 tamen
1599 3187 1712 3225 non
1741 3169 2004 3225 insulsus
2035 3178 2074 3224 ei

2201 3173 2574 3252 καταιγιδώδη
2621 3173 2774 3238 θέλον
2828 3174 3001 3243 πνοὴν
3045 3173 3097 3236 ἐς
3149 3175 3211 3228 τὸ
3262 3170 3541 3242 διαστῆναι
3599 3170 3686 3225 καὶ
3737 3189 3842 3224 κα-

443 3263 600 3319 risus
623 3261 954 3316 concitandi
979 3261 1438 3323 artifex.Quibus
1457 3259 1648 3314 verbis
1668 3261 1921 3328 graviter
1933 3275 2091 3312 com-
2119 3223 2164 3285 Ο

443 3355 641 3406 motus
665 3347 1365 3420 Andronicus,Tripsycbi
1389 3347 1536 3402 bona
1557 3346 1859 3416 grandinis
1883 3347 1940 3400 in
1969 3363 2090 3401 mo-

443 3454 567 3495 rem
599 3436 889 3508 dissipat;
921 3442 976 3492 et
1007 3436 1196 3508 ipsum
1227 3435 1284 3490 in
1317 3435 1562 3490 liberam
1613 3435 1944 3490 custodiam
1989 3436 2090 3489 da-

445 3531 572 3582 tum
595 3526 832 3582 tandem
854 3525 1029 3581 etiam
1052 3523 1491 3580 excecatliunc
1511 3523 1812 3594 Tripsycbi
1839 3524 2095 3595 potentia

2201 3267 2471 3340 τακρύψαι
2501 3265 2574 3326 ὡς
2603 3259 2782 3336 ἕτερον
2814 3263 3107 3338 τριστάτην
3159 3261 3461 3339 Αίγύπτιον
3507 3260 3598 3315 τὸν
3647 3255 3835 3312 ἄθλιον

2201 3355 2504 3430 Τρίψυχον,
2539 3353 2672 3432 ιρησὶ
2703 3353 2838 3427 πρὸς
2889 3349 3262 3428 Ἀνδρόνικον,
3309 3351 3386 3413 ὡς
3434 3350 3532 3407 Καὶ
3581 3349 3671 3403 τὸν
3721 3347 3842 3402 υἱὸν

2199 3443 2290 3499 καὶ
2351 3441 2610 3518 διάδοχον
2667 3449 2768 3510 τῆς
2831 3447 2930 3510 σῆς
2993 3437 3272 3515 βασιλείας
3337 3440 3428 3494 καὶ
3495 3435 3844 3511 κληρονόμον

2200 3531 2422 3606 ἔννομον
2453 3539 2555 3602 τῆς
2586 3531 2732 3606 ἀρχῆ
2745 3552 2792 3599 ς,
2823 3531 2914 3586 τὸν
2943 3527 3243 3585 κάλλιστον
3293 3529 3384 3583 καὶ
3435 3527 3846 3583 ἀσπασιώτατον

2201 3622 2396 3676 ἅπασιν
2452 3620 2732 3690 Ἰωάννην,
2795 3617 3064 3693 διασύρων
3121 3618 3184 3672 οὐ
3241 3616 3471 3673 παύεται
3531 3615 3844 3690 Τρίψυχος,

2199 3709 2534 3778 ἀπόπληκτα
2609 3708 2982 3786 φθεγγόμενος
3057 3708 3278 3782 ῥήματα
3378 3706 3468 3761 καὶ
3567 3703 3850 3780 βδέλυγμα

445 3619 623 3674 finem
657 3617 883 3684 habuit,
920 3621 982 3672 ut
1013 3615 1344 3672 Salomonis
1376 3615 1476 3670 illa
1506 3615 1795 3670 sententia
1834 3615 2001 3685 plane
2030 3615 2090 3670 in

443 3723 576 3763 eum
599 3707 885 3778 quadrare
907 3705 1194 3770 videatur,
1227 3721 1351 3760 cum
1373 3707 1448 3758 ait
1480 3704 1603 3758 vias
1625 3719 1750 3758 esse
1771 3720 1898 3774 quae
1931 3703 2094 3774 prin-

444 3797 598 3870 cipio
628 3801 795 3852 rectae
812 3796 1144 3863 videantur,
1175 3793 1278 3848 sed
1329 3793 1548 3848 exitum
1599 3809 1800 3848 earum
1843 3793 1989 3848 ferre
2020 3794 2074 3848 ac

2199 3801 2391 3852 τοῦτον
2422 3796 2759 3871 ἀναγορεύων
2794 3797 2922 3868 θείῳ
2949 3795 3102 3868 τόπῳ
3139 3795 3219 3866 τῷ
3275 3797 3375 3858 τῆς
3428 3791 3852 3866 αὐτοκρατορίας

447 3895 716 3944 mortem.
2203 3880 2710 3958 ἐνιδρυθησόμενον,
2784 3883 2874 3936 καί
2985 3901 3118 3936 ποτε
3208 3883 3460 3952 παριέναι
3569 3879 3664 3950 μὶν
3761 3879 3851 3933 τὸν

455 3973 684 4052 βασιλέα
741 3975 995 4044 Ἰωάννην
1055 3974 1157 4028 ὑπὸ
1211 3971 1484 4028 πλείστων
1539 3973 1954 4052 εὐφημούμενον
2010 3971 2099 4026 καὶ
2179 3971 2666 4047 προπεμπόμενον,
2721 3971 2812 4026 τὸν
2872 3968 2930 4024 δὲ
2995 3970 3280 4044 Τρίψυχον
3365 3965 3750 4044 ἐπεγγελῶντά
3805 3954 3855 4020 οῖ

452 4062 760 4142 δυσφημεῖν
813 4063 906 4118 καὶ
965 4063 1344 4141 Ζιντζιφίτζην
1404 4061 1722 4132 ἀποκαλεῖν,
1781 4063 1868 4116 καὶ
1931 4063 2072 4136 μέγα
2125 4061 2463 4130 στενάξαντα,
2538 4060 2704 4114 εἰπεῖν
2761 4085 2790 4112 ‹‹
2847 4061 2912 4114 Ὢ
2970 4057 3246 4134 δυστυχὴς
3319 4058 3604 4131 Ῥωμαίων
3687 4056 3856 4130 ἁρχὴ,

462 4153 579 4214 οἷός
641 4173 726 4206 σοι
786 4154 814 4206 6
883 4152 1234 4227 αὐτοκράτωρ
1292 4149 1592 4222 έλπίζεται.
1656 4175 1684 4204 ››
1743 4155 1844 4208 Ἠν
1904 4149 1962 4205 δὲ
2019 4153 2047 4205 6
2103 4150 2481 4229 Ζιντζιφίτζης
2537 4147 2826 4225 ἀνδράριον
2887 4147 3315 4228 εἷδεχθέστατον,
3399 4148 3518 4209 ταῖς
3569 4151 3675 4201 τῶν
3735 4167 3860 4202 στα-

463 4237 775 4313 διοδρόμων
820 4239 998 4293 ἳππων
1067 4239 1699 4318 ἀμφιπεριστρεφόμενον
1751 4239 1954 4310 ἃντυξι,
2002 4239 2090 4294 καὶ
2133 4239 2200 4294 τὰ
2252 4237 2426 4294 πλείω
2479 4238 2574 4310 μὲν
2622 4245 2729 4292 τῶν
2781 4237 2962 4312 μελῶν
3021 4238 3380 4312 ἀνάρμυστον,
3433 4237 3520 4291 καὶ
3583 4237 3763 4311 βραχῦ
3799 4235 3858 4288 τὸ

462 4325 636 4401 δέμας
667 4328 756 4382 καὶ
791 4324 1070 4402 εὔσαρκον,
1103 4329 1458 4404 εὐτράπελον,
1491 4327 1820 4404 εὐτράπελον
1855 4327 1913 4384 δέ
1943 4327 2132 4391 ἂλλως
2161 4329 2250 4383 καὶ
2303 4325 2475 4383 δεινὸν
2537 4327 2612 4389 εἷς
2669 4332 2892 4400 ταμιεῖα
2948 4326 3152 4399 πλῆξαι
3198 4329 3384 4404 ψυχῆς
3429 4323 3858 4398 ἆπαλυνομένοις

473 4417 812 4494 βωμολοχίᾳ
870 4418 1166 4490 σκώμμασι
1225 4417 1315 4471 καὶ
1371 4421 1686 4486 ποιητικοῖς
1743 4415 1987 4490 γέλωτος
2055 4417 2247 4494 λόγοις
2305 4414 2584 4491 διαχέουσι
2639 4421 3056 4490 σκηνικώτερον.
3116 4417 3234 4473 Οὐκ
3288 4413 3517 4491 ἐνεγκὼν
3567 4413 3746 4469 τοίνυν
3796 4411 3858 4468 τὰ

461 4505 793 4580 λελεγμένα,
827 4505 902 4566 ὡς
959 4502 1014 4558 δὲ
1076 4502 1303 4579 βολίδας
1362 4503 1510 4558 ἔνδον
1571 4505 1620 4558 έν
1679 4503 1874 4578 καρδίᾳ
1931 4502 2265 4580 δεδεγμένος.
2327 4501 2694 4580 Ἀνδρόνικος,
2751 4503 2844 4560 ἅτε
2907 4504 3116 4578 λαῖλαψ
3165 4503 3232 4558 τὰ
3286 4502 3556 4577 προσόντα
3609 4507 3690 4574 τῷ
3747 4504 3859 4575 Τρι-

469 4595 634 4670 ψύχῳ
693 4592 962 4671 διαφορεῖ,
1027 4593 1116 4647 καί
1175 4592 1362 4668 εἶρκτῇ
1418 4590 1694 4666 παραδοὺς
1753 4591 1972 4666 ἀδέσμῳ
2028 4595 2145 4648 εἶτα
2201 4595 2291 4648 καὶ
2347 4598 2442 4648 τοῦ
2499 4597 2606 4648 τῶν
2666 4593 2928 4666 ὀμμάτων
2987 4594 3157 4671 φάους
3215 4596 3300 4662 [Ρ.
3359 4595 3485 4663 203]
3561 4592 3856 4664 ἀποστερεῖ.

467 4685 568 4738 Καὶ
622 4689 845 4738 τοιοῦτο
907 4683 1002 4755 μὶν
1071 4681 1135 4736 τὰ
1189 4689 1290 4750 τῆς
1369 4679 1824 4756 παραδυναστείας
1909 4687 1988 4754 τῷ
2051 4684 2315 4756 Τριψύχῳ
2397 4681 2561 4756 πέρας
2649 4681 2958 4760 εἰλήφασιν,
3053 4682 3126 4744 ὠς
3211 4681 3293 4736 ἐπ’
3381 4679 3528 4752 αὐτῷ
3619 4678 3856 4754 ἄντικρυς

467 4771 700 4848 ῥηθῆναί
753 4793 812 4827 τε
869 4773 956 4826 καὶ
1017 4773 1396 4846 περατωθῆναι
1451 4772 1514 4825 τὸ
1571 4775 1667 4826 τοῦ
1727 4769 2094 4844 Σολομῶντος
2143 4769 2314 4826 έκεῖνο
2401 4767 2576 4826 δοκεῖν
2659 4771 3050 4845 γνωμάτευμα,
3111 4770 3142 4825 6'
3200 4768 3385 4841 ὠησιν,
3445 4792 3475 4821 ι(
3541 4768 3693 4824 Εἰσὶν
3747 4765 3857 4823 ὁδοὶ

475 4860 732 4915 δοκοῦσαι
769 4861 861 4932 μὲν
903 4857 1058 4934 ἀνδρὶ
1105 4861 1171 4913 τὰ
1225 4865 1415 4936 πρῶτα
1483 4860 1660 4936 ὀρθαὶ,
1720 4861 1788 4915 τὰ
1847 4859 2032 4934 μέντοι
2089 4859 2372 4916 τελευταῖα
2422 4861 2597 4914 αὐτῶν
2659 4857 2852 4935 βλέπει
2906 4860 2981 4922 εἷς
3031 4859 3270 4914 θάνατον.
3334 4881 3358 4912 υ
3421 4857 3522 4914 Καὶ
3579 4855 3714 4932 τῇδε
3771 4857 3856 4929 μὲν

464 4947 533 5002 τὰ
563 4947 700 5001 κατᾶ
727 4948 826 5016 τήν
862 4945 1119 5021 βασιλίδα
1147 4947 1309 5003 πόλιν
1341 4948 1578 5026 έφερετο.
