4126 6294
271 349 384 412 673

1306 358 1406 417 DE
1448 353 1900 423 ANDRONICO
1944 356 2322 421 COMNENO
2358 358 2510 420 LIB.
2557 359 2636 419 ΙΙ.

3558 365 3679 430 674

1667 651 2093 786 ΤΟΜΟΣ
2188 656 2287 749 B’

1147 851 1290 907 ΤΗΣ
1335 852 1701 908 ΒΑΣΙΛΕΙΑΣ
1740 854 2181 911 ΑΝΔΡΟΝΙΚΟΥ
2219 855 2356 911 ΤΟΥ
2396 855 2803 913 ΚΩΜΝΗΝΟΥ.

1945 1036 2017 1048 υ..-

729 1153 1371 1248 IMPERII
1474 1155 2378 1252 ANDBONICI
2472 1157 3194 1257 COMNENI

1634 1362 1841 1418 LIBER
1881 1363 2263 1418 SECUNDUS.

358 1726 422 1784 α’.
456 1727 535 1783 Τὸ
594 1722 653 1781 δέ
704 1737 768 1801 γε
816 1723 1101 1781 Σικελικὸν
1135 1725 1441 1799 στράτευμα
1496 1728 1666 1800 τριχῇ
1723 1720 1982 1799 διαιρεοι

2112 1727 2259 1781 All
2304 1724 2492 1781 l.Hoc
2524 1726 2685 1781 urbis
2730 1725 3120 1799 imperatricis
3165 1731 3317 1784 statu
3368 1726 3696 1785 Siciliensis

288 1814 391 1882 θεν,
448 1812 480 1868 6'
544 1814 640 1887 μὶν
699 1817 769 1887 τῇ
823 1811 1189 1886 Θεσσαλονίκῃ
1237 1810 1558 1886 προσέμενε,
1612 1817 1722 1866 τῶν
1774 1808 1819 1866 δ’
1876 1813 1943 1867 αὗ

291 1904 489 1980 έτέρων
521 1903 619 1959 δύο
651 1902 890 1980 μερίδων
916 1905 953 1973 ἡ
998 1903 1093 1977 μὶν
1149 1896 1430 1957 εἰσϐάλλει
1460 1903 1598 1958 κατᾶ
1653 1902 1749 1962 τὰς
1810 1900 1943 1976 Σ.έρ-

290 1991 385 2068 ρας
446 1991 538 2046 καὶ
594 1993 663 2048 τὰ
717 1990 893 2048 ἐκεῖσε
965 1990 1143 2046 πάντα
1202 1992 1520 2066 χειροῦσθαι
1577 1990 1664 2045 καὶ
1722 1991 1944 2063 πορθεῖν

301 2079 561 2156 ἔγνωκεν,
619 2083 656 2151 ἡ
726 2078 785 2136 δὶ
843 2081 917 2143 ὡς
971 2077 1063 2135 διὰ
1124 2077 1270 2135 λείας
1330 2076 1459 2134 ὁδοῦ
1528 2079 1800 2156 φερομένη
1854 2080 1944 2133 καὶ

296 2168 501 2243 μηδένα
536 2171 632 2226 τὸν
655 2171 734 2233 εἰς
765 2175 957 2246 χεῖρας
997 2169 1152 2225 ἰόντα
1205 2170 1242 2240 ἢ
1300 2168 1688 2224 ἀντιπίπτοντα
1741 2167 1946 2248 ἔχουσα

294 2258 369 2322 εἷς
455 2259 627 2328 αὐτὴν
681 2260 784 2329 τὴτ
842 2257 1232 2316 Μοσυνόπολιν
1307 2261 1684 2329 κατεσκήνωσε
1739 2258 1829 2312 καὶ
1883 2257 1946 2311 τὸ

293 2347 482 2421 κύκλῳ
570 2348 890 2422 ὑποχείριον
974 2344 1144 2411 ἔθετο.
1229 2344 1558 2423 Ἀνδρονίκῳ
1614 2344 1673 2401 δὲ
1726 2346 1796 2401 τὰ
1851 2346 1946 2418 μὶν

294 2442 483 2512 πρῶτα
523 2433 762 2510 ἐμέλησε
792 2438 881 2510 [Ρ.
939 2438 1069 2510 204]
1099 2432 1310 2490 στεῖλαι
1348 2434 1439 2490 τὸν
1478 2433 1786 2510 φυλάξοντα
1846 2436 1946 2503 τὴν

307 2528 646 2605 Επίδαμνον,
676 2530 767 2585 καὶ
797 2529 1026 2609 ἀφίκετο
1086 2530 1258 2586 ἐκεῖσε
1297 2530 1325 2584 6
1394 2533 1601 2604 Βρανᾶς
1670 2531 1946 2600 Ἰωάννης·

303 2619 554 2693 βραχεῖαι
588 2615 648 2672 δέ
674 2616 901 2692 ἡμέραι,
944 2617 1035 2671 καὶ
1094 2617 1147 2672 οἱ
1207 2617 1303 2690 μὶν
1362 2615 1569 2673 Ἰταλοὶ
1619 2613 1950 2689 Ἐπιδάμνου

300 2701 565 2777 ἐπέϐησαν
594 2705 722 2761 ὡσεὶ
765 2705 961 2776 πτηνοὶ
1018 2707 1108 2761 καὶ
1168 2704 1365 2780 ἀέριοι,
1435 2709 1634 2777 μικροῦ
1688 2725 1748 2760 τε
1804 2705 1952 2766 θάτε-

303 2814 391 2871 ρον
447 2798 557 2849 τῶν
613 2790 797 2849 ποδῶν
854 2789 1156 2868 περιϐάδην
1210 2791 1540 2855 ἐκτείναντες
1582 2794 1953 2869 ἀπραγμόνως

298 2883 365 2938 τὰ
427 2888 539 2939 τῶν
607 2878 921 2958 περιϐόλων
1011 2876 1348 2958 ὑπερέϐησαν
1416 2879 1719 2955 κρήδεμνα,
1791 2882 1819 2936 6
1896 2880 1954 2937 δὲ

304 2973 510 3044 Βρανᾶς
604 2969 681 3033 εἷς
768 2969 1022 3026 Σικελίαν
1114 2969 1476 3047 αἰχμάλωτος
1590 2971 1949 3043 μετατίθεται.

308 3060 527 3117 Ἔπειτα
583 3065 665 3133 τῳ
752 3057 951 3117 διέπειν
1008 3058 1242 3140 λαχόντι
1334 3059 1727 3131 Θεσσαλονίκην
1788 3056 1953 3117 Δαϐἱδ

310 3148 617 3218 ἐπέστελλε,
676 3151 766 3205 καὶ
816 3148 1105 3206 ἐπέτελλεν
1161 3149 1520 3228 ἐπαγρυπνεῖν
1576 3154 1645 3225 τῇ
1701 3157 1801 3220 τῆς
1853 3151 1959 3206 πό-

309 3237 446 3302 λεως
496 3237 717 3316 φυλακῇ
774 3239 865 3293 καὶ
916 3236 1048 3312 μηδ’
1107 3238 1254 3302 ὅλως
1328 3236 1557 3295 δεδιέναι
1622 3240 1749 3302 τοὺς
1805 3236 1956 3294 πεδι-

308 3321 617 3402 λορράφους
692 3323 979 3394 Λατίνους,
1061 3322 1240 3395 πηδᾷν
1309 3322 1368 3380 δὲ
1423 3324 1513 3380 καὶ
1572 3322 1783 3380 δάκνειν
1866 3327 1956 3380 καὶ

306 3419 531 3484 κεντεῖν,
592 3412 663 3467 ’ἶν’
760 3412 925 3477 αὐτὰς
974 3413 1069 3474 τὰς
1150 3411 1496 3488 Ἀνδρονίκου
1573 3416 1963 3489 παραθήσομαι

308 3501 500 3574 λέξεις.
548 3501 654 3559 Καὶ
705 3501 787 3581 ἐφ’
842 3502 956 3574 ’ότῳ
1016 3501 1111 3576 μὲν
1166 3499 1509 3578 Ἀνδρόνικος
1558 3503 1758 3558 οὑτωσὶ
1838 3494 1964 3559 συν-

309 3594 470 3647 ετίθει
501 3590 570 3644 τὰ
608 3591 956 3666 γραμμάτια,
999 3590 1164 3664 μόνος
1221 3591 1249 3645 6
1305 3587 1552 3653 ἐκδιδοὺς
1609 3591 1965 3666 ἐπιστάμενος

313 3683 374 3749 ἦν
422 3675 790 3753 Ἀνδρόνικος·
848 3676 1038 3742 αὺτοῖς
1090 3675 1149 3734 δὲ
1203 3685 1319 3742 τοῖς
1376 3678 1806 3756 φιλοσκώμμοσι
1864 3702 1965 3736 πο-

315 3767 493 3829 λίταις
552 3764 643 3822 διὰ
704 3764 947 3843 γέλωτος
1005 3763 1173 3841 ἤγετο
1228 3768 1296 3822 τὰ
1350 3767 1685 3844 γραφόμενα,
1753 3769 1968 3847 ἀντιφέ-

318 3877 469 3931 ρουσι
537 3859 709 3911 ταῦτα
765 3857 853 3911 καὶ
923 3850 1319 3912 ἀντιϐάλλουσι
1393 3857 1530 3932 πρὸς
1596 3856 1798 3933 αῗσχρά
1847 3878 1969 3914 τινα

317 3943 558 4019 δημόσια
616 3945 862 4019 ῥήματα,
919 3946 952 3999 ἅ
1011 3944 1090 4018 μὴ
1147 3943 1435 4024 προφέρειν
1473 3947 1677 4022 χρεών.
1734 3947 1859 4004 Ἐπὶ
1912 3943 1971 4003 δὲ

314 4035 535 4098 τούτοις
614 4034 712 4097 τὰς
819 4034 1131 4107 Ῥωμαϊκὰς
1189 4073 1191 4075 ι
1242 4030 1493 4106 δυνάμεις
1576 4035 1969 4110 συνηθροικὼς,

315 4125 438 4179 ὅσαι
495 4144 555 4179 τε
612 4123 746 4196 tam
800 4124 888 4178 καὶ
970 4122 1092 4178 ’ὀσαι
1171 4123 1436 4196 ἑσπέριαι,
1521 4124 1611 4178 καὶ
1665 4124 1861 4187 ταύτας
1920 4123 1973 4186 ἐς

313 4213 569 4287 τάγματα
599 4209 817 4281 διελὼν,
852 4212 916 4269 τὸ
950 4211 1047 4285 μὶν
1077 4216 1156 4283 τῷ
1199 4209 1421 4286 βασιλεῖ
1475 4211 1565 4267 καὶ
1622 4213 1725 4285 υἱῷ
1754 4214 1970 4289 Ἰωάννῃ

316 4301 544 4372 ἇπέταξε
599 4300 726 4375 περὶ
789 4301 889 4370 τήν
946 4298 1234 4376 Φιλίππου
1292 4295 1627 4375 διατρίϐοντι
1685 4300 1973 4377 ἐπαρχίαν,

313 4391 377 4446 τὸ
415 4387 473 4446 δὲ
517 4394 599 4462 τῷ
655 4386 1048 4465 χαρτουλαρίῳ
1100 4385 1449 4464 παραδέδωκε
1509 4388 1776 4462 Χοόμνῳ,
1829 4388 1973 4447 ἄλλο

314 4485 396 4552 τῷ
477 4476 849 4553 Παλαιολόγῳ
908 4474 1256 4553 Ἀνδρονίκῳ,
1322 4473 1502 4553 ἕτερον
1574 4478 1654 4550 τῷ
1749 4479 1977 4554 έκτομίᾳ

318 4567 644 4646 Νικηφόρῳ,
675 4569 734 4631 ὅς
763 4569 984 4641 τιμήεις
1032 4567 1101 4637 ἦν
1152 4566 1279 4641 παρ’
1337 4563 1687 4642 Ἀνδρονικῳ,
1741 4573 1824 4640 τῷ
1879 4573 1977 4624 τοῦ

319 4654 822 4732 παρακοιμωμένου
882 4653 1255 4733 κυδρούμενος
1308 4654 1600 4729 ἀξιώματι.
1656 4653 1833 4713 Ἀλλὰ
1886 4659 1974 4714 καὶ

323 4747 562 4819 ’Δλέξιον
621 4747 940 4823 έκπέπομφε
996 4745 1086 4801 τὸν
1152 4747 1356 4820 Βρανᾶν
1416 4745 1533 4818 μεθ’
1584 4744 1769 4820 ἑτέρου
1816 4765 1977 4821 στρα-

320 4837 613 4911 τεόματος,
671 4834 830 4904 Πλὴν
888 4835 917 4889 6
977 4834 1073 4907 μὶν
1132 4834 1253 4897 υίὸς
1309 4833 1655 4909 κυνηγεσίοις
1699 4832 1977 4900 ἐνευπάθει

323 4925 460 4981 κατᾶ
487 4926 587 4995 τὴν
622 4920 1103 4991 Φιλιπποόπολιν,
1134 4922 1235 4979 ὅσα
1292 4916 1382 4979 καί
1431 4921 1622 4979 πυλῶν
1653 4921 1979 5002 Γαδειρίδων

324 5014 652 5091 κατάσχεσιν
713 5011 747 5081 ἣ
809 5011 1103 5067 Διονυσίων
1188 5008 1454 5067 στυλίδων
1516 5012 1821 5087 καθαίρεσιν
1880 5014 1980 5084 τὴν

325 5110 424 5174 τῆς
508 5100 912 5172 Θεσσαλονίκης
1000 5100 1362 5176 προνόμευσιν
1427 5103 1864 5179 φανταζόμενος’
1926 5104 1979 5158 οὶ

328 5188 386 5247 δὲ
416 5192 604 5249 λοιποὶ
650 5188 881 5261 ταυτησὶ
934 5186 1413 5265 πολιορκουμένης
1470 5188 1677 5264 ἐγγίσαι
1738 5192 1834 5264 μὲν
1887 5192 1979 5249 καὶ

328 5282 591 5357 έπαρῆξαι
707 5273 963 5352 οὸδαμῶς
1052 5276 1414 5354 ἆπεθάῥρουν,
1482 5276 1819 5354 πορρωτάτω
1922 5277 1982 5337 δὲ

326 5369 690 5443 σκηνοόμενει
747 5364 793 5422 δ’
855 5368 1111 5440 όπτήρων
1140 5366 1231 5421 καὶ
1293 5363 1661 5442 ταχυδρόμων
1720 5366 1984 5425 κλεπτόν-

325 5479 432 5514 των
459 5460 560 5528 τήν
606 5457 683 5519 εἲς
735 5455 798 5511 τὸ
857 5451 1222 5532 στρατόπεδον
1279 5458 1386 5509 τῶν
1446 5452 1732 5526 πολεμίων
1800 5458 1980 5529 ἄφιξιν

324 5549 392 5604 τὰ
418 5548 555 5605 κατὰ
580 5541 978 5615 Θεσσαλονίκην
1039 5544 1175 5613 ἦσαν
1227 5543 1635 5615 ένωτιζόμενοι.
1692 5546 1875 5611 Μόνος
1932 5545 1978 5604 δ’

326 5638 433 5693 ἀπὸ
462 5637 678 5693 πάντων
734 5632 762 5688 6
808 5636 1069 5707 Χοῦμνος
1097 5628 1376 5706 Θεόδωρος
1433 5631 1635 5702 ὑπέστη
1696 5630 1981 5712 ἐγγύτερον

2048 1816 2337 1872 exercitus
2367 1816 2424 1870 in
2456 1820 2575 1872 tros
2606 1821 2802 1888 partes
2852 1821 2943 1874 est
3000 1818 3240 1889 divisus,
3272 1835 3521 1890 quarum
3578 1836 3698 1875 una

2047 1904 2473 1961 Thessalonica
2506 1905 2744 1974 mansit,
2803 1906 2982 1963 altera
3038 1907 3096 1962 in
3144 1911 3456 1963 Serranum
3489 1924 3697 1981 agrum

2049 1993 2493 2065 impressionem
2527 1994 2661 2050 fecit
2693 2002 2752 2050 ut
2782 1993 2908 2051 loca
2938 1995 3039 2053 illa
3069 1995 3268 2052 omnia
3316 2001 3612 2052 vastatum
3641 1999 3698 2051 et

2050 2084 2390 2151 subactura,
2422 2083 2588 2139 tertia
2619 2083 2783 2156 quasi
2816 2082 2989 2155 plana
3029 2084 3122 2140 via
3168 2084 3476 2155 processit,
3510 2100 3700 2155 neque

2053 2170 2171 2226 ullo
2200 2169 2369 2227 hoste
2398 2177 2714 2244 apparente
2741 2172 2812 2227 ad
2860 2173 3048 2244 ipsam
3099 2172 3529 2245 Mosynopolim
3570 2176 3701 2230 ten-

2052 2260 2204 2316 toria
2233 2258 2359 2315 ﬁxit
2387 2265 2446 2315 et
2504 2260 2980 2332 circumjecentia
3033 2263 3162 2319 loca
3216 2263 3417 2318 omnia
3443 2261 3702 2335 subegit.

2052 2349 2381 2407 Andronico
2437 2365 2571 2405 vero
2630 2351 2918 2423 principio
2975 2367 3125 2407 cura?
3185 2352 3299 2407 fuit
3357 2352 3701 2424 praesidium

2055 2438 2286 2494 mittere
2317 2439 2729 2509 Epidamnum.
2761 2440 2868 2496 Sed
2899 2441 3104 2496 uaucis
3136 2440 3344 2497 diebus
3386 2444 3699 2514 postquam

2056 2532 2275 2582 Branas
2302 2530 2558 2583 Joannes
2586 2544 2653 2583 eo
2685 2529 3061 2599 pervenisset,
3110 2528 3242 2585 Itali
3288 2530 3471 2585 veluti
3508 2530 3700 2586 volatu

2057 2632 2161 2688 per
2181 2631 2370 2670 aerem
2402 2615 2647 2682 advecti,
2678 2618 2823 2672 citra
2844 2616 3102 2672 laborem
3122 2622 3183 2673 et
3203 2619 3370 2688 quasi
3395 2635 3496 2689 per
3518 2618 3703 2673 otium

2057 2703 2335 2759 mmnium
2361 2704 2676 2775 pinnacula
2701 2705 3468 2761 transcenderunt.Joannes
3491 2706 3708 2761 Branas

2058 2793 2323 2866 captivus
2353 2793 2412 2848 in
2445 2793 2702 2850 Siciliam
2733 2798 2822 2849 est
2849 2795 3163 2851 abductus.
3197 2795 3417 2850 Deinde
3455 2796 3706 2851 Thessa-

2058 2882 2262 2939 lonicae
2293 2882 2521 2955 praesidi
2584 2882 2790 2938 Davidi
2822 2899 2924 2955 per
2953 2882 3182 2939 litteras
3209 2884 3507 2940 mandavit
3529 2888 3594 2939 ut
3618 2899 3711 2939 ur-

2059 2971 2152 3027 bis
2171 2971 2731 3028 custodiasintentus
2748 2977 2924 3039 esset,
2956 2988 3060 3029 nec
3110 2973 3424 3029 calcearios
3471 2972 3713 3028 Latinos

1987 3085 2034 3151 Β
2064 3061 2386 3134 quidquam
2420 3060 2782 3129 formidaret,
2815 3067 2995 3133 utque
3042 3062 3302 3126 saltaret,
3335 3062 3627 3119 morderet
3655 3066 3715 3118 et

2067 3155 2370 3223 pungeret,
2402 3151 2557 3208 412
2590 3157 2655 3207 ut
2682 3151 2812 3223 ipsa
2828 3152 3002 3208 verba
3029 3151 3347 3208 Andronici
3395 3168 3713 3225 apponam,

2069 3256 2199 3312 qua
2228 3255 2335 3296 cur
2367 3242 2686 3312 usurparit,
2718 3240 2883 3297 solus
2907 3244 3111 3297 auctor
3140 3242 3300 3297 novit
3320 3241 3713 3299 Andronicus.

2070 3328 2182 3385 Sed
2214 3328 2365 3385 cives
2420 3329 2722 3387 facetiores
2779 3331 2955 3386 verba
3019 3329 3122 3386 illa
3187 3330 3474 3399 ridebant,
3533 3338 3589 3387 et
3644 3329 3717 3386 ad

2072 3418 2339 3489 quedam
2367 3418 2633 3490 vulgaria
2660 3424 2718 3475 et
2755 3420 3010 3475 obscena
3063 3420 3531 3492 detorquebant;
3590 3434 3718 3491 qua

2072 3506 2302 3564 silentio
2334 3508 2738 3579 praetereunda
2766 3513 2928 3564 sunt.
2969 3512 3102 3563 Post
3148 3507 3272 3564 haec
3316 3508 3596 3564 Romanis
3621 3524 3720 3564 co-

2075 3594 2186 3667 piis
2216 3599 2338 3651 tam
2369 3592 2843 3651 Occidentalibus
2878 3613 3054 3668 quam
3080 3595 3478 3651 Orientalibus
3501 3596 3719 3652 coactis

2073 3688 2132 3738 et
2159 3682 2218 3738 in
2250 3681 2511 3754 legiones
2540 3683 2872 3759 descriptis,
2904 3687 3130 3755 partem
3173 3698 3349 3738 unam
3405 3683 3619 3738 Joanni
3651 3682 3723 3737 ti-

2074 3770 2152 3828 lio
2183 3771 2522 3843 imperatori
2552 3772 2876 3844 designato,
2911 3778 3034 3828 tum
3091 3772 3151 3827 in
3211 3771 3528 3842 Philippica
3586 3788 3722 3841 pro-

2075 3859 2265 3915 vincia
2294 3859 2549 3930 degenti,
2580 3858 2754 3914 aliam
2784 3860 3053 3915 Chumno
3107 3858 3483 3927 chartulario,
3545 3858 3722 3914 aliam

2075 3947 2407 4003 Andronico
2462 3946 2802 4019 Palasologo,
2862 3948 3032 4004 aliam
3092 3947 3416 4019 Nicephoro
3475 3945 3725 4021 spadoni

2079 4035 2257 4100 dedit,
2290 4034 2384 4092 cui
2432 4034 2781 4091 accubitoris
2838 4035 3181 4108 dignitatem
3239 4035 3544 4093 tribuerat.
3591 4035 3726 4093 Ale-

2077 4125 2240 4181 xium
2274 4140 2504 4196 quoque
2520 4123 2769 4179 Branam
2794 4140 2926 4180 cum
2968 4123 3085 4180 alio
3117 4125 3371 4182 exercitu
3410 4125 3722 4199 ablegavit.

2079 4214 2360 4271 Ceterum
2385 4212 2542 4269 filius
2563 4214 2689 4284 ejus
2709 4212 2863 4268 circa
2906 4212 3358 4288 Philippopolim
3408 4214 3732 4272 venationi-

2079 4303 2194 4360 bus
2224 4301 2456 4359 deditus
2513 4302 2586 4357 de
2640 4301 2864 4357 excidio
2918 4303 3346 4360 Thessalonicae
3377 4321 3493 4360 non
3532 4304 3725 4374 magis

2084 4393 2374 4466 cogitabat
2402 4408 2579 4464 quam
2612 4393 2684 4448 de
2720 4392 2969 4449 Gadium
3016 4393 3198 4464 portis
3249 4401 3347 4448 aut
3389 4394 3600 4450 Bacchi
3630 4410 3728 4450 co-

2087 4480 2310 4537 lumnis
2359 4479 2704 4537 evertendis.
2737 4479 2939 4537 Ceteri
2993 4497 3153 4550 vero,
3181 4484 3321 4537 dum
3379 4498 3448 4537 ea
3499 4481 3730 4538 obside-

2086 4570 2513 4642 retur,propius
2532 4569 2806 4625 accedere
2844 4573 2902 4624 et
2929 4584 3099 4640 opem
3151 4571 3297 4625 terre
3345 4570 3508 4626 nullo
3557 4570 3730 4626 modo

2087 4657 2453 4727 ausi,castris
2492 4656 2663 4729 longe
2692 4656 2764 4713 ab
2797 4657 2939 4713 urbe
2968 4657 3173 4730 positis
3190 4672 3293 4728 per
3332 4656 3731 4729 speculatores

2087 4750 2145 4803 et
2197 4746 2495 4815 expeditos
2551 4746 2777 4819 equites
2835 4750 3030 4803 castra
3086 4746 3339 4802 hostium
3391 4746 3592 4802 furtim
3640 4747 3730 4802 in-

2086 4850 2316 4907 gressos
2353 4833 2785 4890 Thessalonicae
2829 4839 3048 4891 statum
3099 4834 3500 4906 explorabant.
3554 4834 3731 4892 Solus

2087 4923 2353 4980 omnium
2374 4922 2677 4979 Chumnus
2698 4924 3038 4980 Theodorus
3056 4924 3297 4997 propius
3319 4925 3593 4982 accedere
3615 4941 3732 4982 non

2087 5012 2400 5079 dubitavit,
2431 5016 2496 5068 ut
2520 5011 2743 5068 civibus
2763 5012 2823 5067 in
2858 5012 3038 5070 aciem
3065 5020 3269 5070 contra
3310 5013 3507 5071 hostes
3536 5031 3735 5087 egres-

2087 5103 2172 5160 sis
2201 5102 2355 5158 413
2385 5118 2556 5175 opem
2590 5102 2782 5168 ferret,
2816 5107 2920 5157 aut
2948 5102 2999 5158 si
3049 5103 3269 5169 liceret,
3302 5103 3492 5177 ipsam
3532 5105 3736 5160 urbem

2087 5192 2507 5263 ingrederetur.
2562 5190 2676 5247 Sed
2731 5194 2982 5264 utroque
3068 5191 3315 5250 consilio
3401 5194 3737 5262 frustratus,

2088 5280 2430 5352 turpissime
2455 5279 2659 5354 pedem
2693 5279 2909 5348 retulit,
2942 5280 3097 5351 quod
3130 5279 3349 5337 milites
3377 5280 3635 5349 eminus,
3665 5296 3739 5336 ne

2089 5371 2314 5444 galeam
2347 5373 2583 5444 quidem
2614 5371 2891 5428 hostilem
2944 5370 3159 5429 intueri
3210 5373 3364 5443 ausi,
3411 5372 3593 5444 tergis
3639 5371 3741 5427 oh-

2089 5464 2272 5518 versis
2328 5462 2509 5519 etl‘use
2568 5462 2885 5531 fugiebant,
2943 5460 3003 5517 in
3055 5478 3122 5518 eo
3170 5462 3455 5518 duntaxat
3521 5458 3739 5516 caeteris

2091 5549 2476 5624 popularibus
2504 5551 2628 5609 suis
2662 5551 3114 5623 prmstantiores,
3147 5551 3305 5624 quod
3336 5567 3454 5607 non
3504 5563 3740 5620 semper

2094 5639 2283 5712 ignavi
2314 5639 2684 5708 desederant,
2717 5640 2818 5697 sed
2862 5640 3078 5708 hostes,
3128 5655 3277 5709 quos
3334 5636 3737 5710 speculatores
