4126 6294
416 338 537 408 675

427 572 711 644 impetum
744 586 946 626 eorum
979 570 1321 640 cognorant.
1349 570 1524 638 Capta
1569 564 1988 621 Thessalonica
2018 567 2075 619 et

427 661 620 718 Siculo
648 659 899 715 exercitu
957 657 1184 725 diviso,
1237 661 1302 712 ut
1356 657 1576 711 dictnm
1625 660 1734 721 est,
1767 670 1942 725 quem
1975 652 2072 709 alii

426 751 590 823 prius
628 749 815 805 instar
844 747 1125 803 Chimere
1157 747 1554 816 coniunctum,
1586 748 1708 799 tum
1736 750 2074 815 separatum

426 857 555 897 esse
581 840 861 906 dicerent,
898 837 1221 892 fortissima
1279 835 1406 907 ejus
1455 850 1592 911 pars
1647 842 1924 907 tanquam
1984 830 2074 888 leo

422 933 580 985 recta
609 928 679 983 ad
714 927 918 983 urbem
958 924 1390 997 imperatricem
1435 923 1846 988 contendebat,
1879 919 2073 976 media

422 1020 738 1075 Serranum
770 1020 827 1071 et
868 1012 1416 1086 Amphipolitanum
1462 1027 1670 1084 agrum
1720 1011 2073 1083 pervagaba-

420 1116 557 1177 tur;
589 1111 907 1180 postrema,
939 1102 1148 1161 classis
1203 1101 1493 1172 videlicet,
1553 1118 1679 1175 quas
1736 1099 1796 1155 in
1832 1099 2073 1154 modum

426 1197 713 1270 serpentis
747 1196 806 1251 in
849 1196 1016 1267 aquis
1066 1192 1338 1263 volvitur,
1383 1190 1710 1264 principem
1762 1187 2077 1246 Thessalo-

425 1305 557 1345 rum
594 1287 797 1342 urbem
829 1281 1215 1340 custodiebat.
1236 1282 1447 1339 Verum
1473 1279 1774 1344 Romanis,
1806 1276 2076 1350 quamvis

424 1375 723 1450 conjuncti
752 1375 963 1432 iisdem
996 1371 1275 1442 auspiciis
1328 1370 1672 1437 militarent,
1735 1385 1807 1425 ne
1837 1368 1921 1424 sic
1952 1366 2077 1438 qui-

421 1468 552 1524 dem
577 1481 711 1522 cum
765 1481 882 1520 una
940 1467 1102 1535 parte
1159 1460 1438 1516 dimicare
1493 1458 1677 1528 ausis,
1729 1456 1928 1513 hostes
1970 1455 2075 1527 qui

422 1553 853 1628 Mosynopolim
913 1553 1290 1622 occuparant,
1347 1564 1482 1604 cum
1553 1546 1782 1602 nullum
1841 1545 2071 1601 hostem

418 1644 700 1711 viderent,
759 1641 993 1713 longius
1048 1638 1318 1712 progredi
1404 1642 1761 1692 statuerunt.
1827 1635 2073 1690 Romani

418 1750 555 1790 vero
586 1735 741 1791 4η
783 1729 1071 1787 montium
1119 1726 1434 1785 verticibus
1481 1725 1727 1784 insessis
1778 1724 1836 1780 in
1890 1723 2073 1795 plani-

420 1823 561 1881 tiem
594 1821 946 1879 descendere
971 1824 1030 1875 et
1053 1817 1322 1874 hostibus
1353 1818 1438 1873 ire
1465 1815 1692 1873 obviam
1753 1829 1869 1870 non
1901 1813 2073 1869 auder

417 1913 582 1969 bant.
614 1911 815 1982 Itaque
872 1906 1073 1973 Siculi,
1133 1905 1281 1963 nihil
1332 1905 1730 1961 cunctandum
1776 1917 1906 1959 esse
1935 1901 2067 1970 rati,

415 2003 632 2060 coactis
655 2002 713 2058 in
735 2015 919 2057 unum
943 1998 1149 2070 copiis,
1181 1995 1407 2067 Cpolim
1442 1995 1754 2067 petendam
1794 1998 1853 2049 et
1892 2008 2063 2048 occu-

418 2093 671 2165 pandam
702 2106 831 2147 esse
856 2094 1227 2145 censuerunt.
1260 2085 1420 2141 Hanc
1450 2086 1630 2142 etiam
1687 2098 1854 2154 spem
1897 2085 2067 2138 Com-

417 2196 605 2237 nenus
637 2177 869 2234 Alexius
899 2176 984 2233 eis
1012 2176 1242 2241 fecerat,
1301 2173 1404 2244 qui
1455 2189 1589 2228 cum
1648 2187 1748 2228 eos
1797 2187 1870 2228 ne
1897 2167 2068 2225 ducis

419 2268 652 2340 quidem
683 2266 809 2323 loco
862 2264 1264 2329 comitaretur,
1324 2271 1521 2318 tamen
1580 2260 1746 2317 irrita
1794 2275 1896 2331 spe
1925 2273 2068 2314 con-

419 2362 589 2429 cepta
644 2356 821 2414 homo
878 2351 1290 2420 stultissimus,
1350 2366 1418 2407 ac
1468 2366 1541 2406 ne
1596 2348 1803 2405 ovibus
1832 2347 2067 2420 quidem

421 2446 730 2519 pascendis
749 2449 943 2516 aptus,
971 2441 1303 2500 Siculorum
1344 2456 1539 2511 regem
1576 2454 1684 2496 sua
1710 2456 1889 2496 causa
1913 2438 2070 2495 labo-

418 2552 547 2592 rare
577 2535 819 2607 putabat
851 2552 865 2600 ;
900 2547 1006 2590 nec
1038 2531 1233 2588 minus
1253 2527 1558 2600 supercilii
1585 2544 1700 2598 prie
1737 2544 1801 2584 se
1850 2528 2070 2584 ferebat

416 2640 600 2697 quam
632 2626 681 2680 si
706 2624 831 2694 jam
864 2622 1180 2693 imperator
1200 2618 1538 2689 designatus
1564 2615 2068 2689 insigniaimperii

420 2716 698 2785 gestaret,
729 2715 787 2769 et
815 2709 973 2782 apud
1007 2706 1373 2779 peregrinum
1427 2704 1685 2763 militum
1713 2721 1830 2762 sea
1876 2704 2065 2777 Cpoli-

416 2803 572 2860 taois
595 2817 710 2859 non
742 2800 939 2859 minus
971 2815 1148 2870 quam
1176 2802 1452 2869 patruum
1484 2794 2067 2868 magniﬁcumimpe-

414 2897 670 2951 retonent
692 2888 1018 2948 Manuslem
1042 2884 1361 2946 desiderari
1384 2888 1442 2941 et
1487 2901 1648 2955 aqua
1682 2900 1751 2942 ac
1794 2884 2070 2941 matutini

422 2981 566 3041 solis
586 2978 1058 3053 iucundissimos
1084 2977 1281 3036 radios
1309 2986 1629 3047 exspectari
1656 2976 1851 3047 inepte
1876 2977 2067 3046 jacta-

419 3072 540 3127 bat.

1727 341 2038 407 NICETE
2078 330 2516 406 CHONIATE

422 486 628 541 adesse
658 480 1010 547 nuntiarant,
1059 492 1256 534 coram
1305 479 1673 550 aspexerant,
1717 478 1779 531 et
1832 490 1894 531 re
1939 475 2068 545 ipsa

2180 472 2503 549 προσελθεῖν
2560 473 2637 536 ὡς

3711 341 3832 409 6⁵16

2718 471 2978 546 ἐπαμυῶν
3061 475 3538 531 Θεσσαλονικεῢσιν
3625 474 3680 532 έν
3752 482 3833 550 τῷ

2181 564 2582 638 συμπλακῆναι
2621 567 2743 625 τοῖς
2794 561 3106 642 διειληφόσι
3144 567 3244 634 τὴν
3302 565 3466 621 πόλιν
3499 568 3836 643 στρατεύμα·

2181 674 2289 725 σιν,
2346 653 2382 724 ἢ
2442 653 2531 709 καὶ
2588 653 3058 728 παρελευσόμενος
3117 651 3339 727 ἔσωθεν,
3403 655 3447 710 εί
3506 656 3598 712 καὶ
3666 662 3831 714 τοῦτο

2178 739 2340 814 έξείη.
2401 740 2580 799 ’Λλλὰ
2625 743 2716 798 καὶ
2766 744 2902 819 πρὸς
2960 741 3128 823 ἄμφω
3183 741 3503 820 διαμαρτὼν
3555 751 3656 802 τοῦ
3705 768 3832 803 σκο-

2175 834 2283 887 ποῦ
2338 829 2642 907 αἴσχίστως
2692 830 3014 907 παλίμπους
3095 832 3335 909 ἐφέρετο·
3398 835 3449 889 οἱ
3506 837 3611 911 γὰρ
3697 838 3832 915 ἀμφ’

2179 920 2338 974 αὐτὸν
2371 919 2513 995 μηδὲ
2545 919 2797 994 μέτωπον
2841 922 3073 995 κόρυθος
3129 926 3238 978 τῶν
3303 921 3554 980 ἐναντίων
3626 925 3831 1001 βλέψαι

2178 1005 2558 1085 ὓπενεγκόντες
2616 1010 2682 1064 τὰ
2738 1016 2881 1065 νῶτα
2931 1006 3233 1084 μετέϐαλον
3288 1012 3379 1068 καὶ
3435 1014 3831 1087 ἀμεταστρεπτὶ

2179 1097 2429 1178 ἔφευγον,
2497 1094 2552 1154 ἔν
2621 1104 2782 1155 τοῦτο
2839 1101 2986 1177 παρά
3041 1101 3170 1164 τοὺς
3230 1099 3460 1165 λοιποὺς
3514 1104 3834 1181 ὁμοφύλους

2177 1186 2576 1263 ἀνδρισάμενοι,
2604 1190 2667 1245 τὸ
2686 1193 2815 1265 γοῦν
2844 1190 3035 1265 ἀεὶμή
3096 1187 3481 1268 ἒφησυχάζειν,
3539 1192 3671 1249 ἀλλ’
3727 1194 3825 1257 οὕς

2178 1280 2228 1333 οἱ
2256 1280 2517 1349 πευθήνες
2574 1277 2917 1355 ἀνήγγελλον
2981 1278 3163 1341 αὐτοῖς
3221 1278 3547 1356 πολεμίους,
3603 1284 3829 1348 τούτους

2179 1366 2405 1442 αὐτοψεὶ
2435 1365 2694 1440 κατιδεῖν,
2736 1369 2822 1423 καὶ
2856 1367 3044 1444 ἔργοις
3084 1368 3268 1432 αὐτοῖς
3299 1367 3620 1450 διδαχθῆναι
3646 1374 3709 1428 τὸ
3778 1373 3833 1429 ἐν

2180 1457 2384 1531 μάχαις
2452 1455 2750 1532 ὀξύρροπον
2809 1462 2916 1512 τῶν
2974 1455 3204 1535 ἀνδρῶν.
3277 1461 3425 1516 Ἐπεὶ
3494 1462 3551 1515 v‘s
3602 1460 3753 1517 ἑάλω
3797 1465 3832 1533 ἡ

2176 1544 2388 1619 λογίμη
2450 1544 2812 1618 Θεσσαλονίκη
2866 1547 2957 1602 καὶ
3018 1548 3045 1601 ὁ
3107 1544 3491 1623 διαμερισμὸς,
3578 1549 3655 1612 ὥς
3740 1573 3832 1625 μοι

2176 1634 2382 1711 εἷ’ρηται
2442 1631 2578 1704 ἤδη,
2646 1632 2837 1709 ξυνέϐη
2900 1640 2998 1691 τοῦ
3050 1636 3341 1693 Σικελικοῦ
3408 1637 3833 1713 στρατεύματος,

2176 1721 2369 1795 ἄλλος,
2410 1720 2456 1778 δ’
2483 1720 2543 1778 ἄν
2573 1726 2692 1779 εἶπέ
2720 1745 2805 1789 τις
2845 1725 2920 1788 ὡς
2977 1727 3114 1783 κατά
3176 1728 3274 1795 τὴν
3335 1729 3567 1801 μυθικὴν
3625 1730 3837 1802 Χίμαι-

2179 1832 2275 1887 ραν
2348 1813 2750 1886 συναπτόμενον
2801 1814 3068 1891 πρότερον
3152 1816 3217 1870 τὸ
3302 1815 3620 1887 ἀντίπαλον,
3711 1820 3833 1876 τότε
3892 1802 3901 1811 Δ

2180 1897 2469 1975 διαιρεθὲν,
2531 1901 2595 1955 τὸ
2658 1902 2753 1974 μὶν
2810 1904 3102 1975 κράτιστον
3156 1902 3322 1959 αὐτοῦ
3371 1903 3471 1962 ὅσα
3526 1905 3618 1960 καὶ
3693 1905 3833 1964 λέων

2177 1989 2591 2064 προηγούμενον
2612 1988 2733 2045 εὐθὺ
2763 1998 2867 2060 τῆς
2899 1989 3188 2068 βασιλίδος
3212 1993 3330 2049 ἵετο
3365 1992 3610 2063 πόλεως,
3640 1995 3704 2051 τὸ
3777 1994 3835 2054 δὶ

2180 2076 2342 2151 μέσον
2399 2079 2466 2132 τὰ
2520 2080 2636 2134 κατ’
2699 2080 3035 2158 Ἀμφίπολιν
3118 2082 3210 2138 καὶ
3263 2082 3467 2159 Σέῥρας
3518 2082 3835 2161 ἐπενέμετο,

2174 2167 2239 2222 τὸ
2270 2165 2329 2223 δὶ
2357 2165 2576 2237 λοιπὸν,
2634 2168 2759 2224 ὅσον
2810 2167 3073 2241 δηλονότι
3127 2172 3380 2231 ναυτικόν
3424 2172 3513 2229 καὶ
3574 2174 3651 2238 ὡς
3710 2175 3835 2253 ὄφις

2176 2256 2476 2333 συρόμενον
2530 2257 2586 2314 ἄν
2642 2265 2760 2323 τοῖς
2811 2260 3022 2333 ὕδασιν,
3061 2260 3244 2341 ἐτήρει
3273 2266 3374 2334 τήν
3419 2267 3505 2338 [Ρ.
3530 2269 3660 2340 205]
3692 2287 3830 2343 προ-

2176 2346 2545 2420 καθεζομένην
2565 2347 2729 2408 πόλιν
2759 2355 2870 2406 τῶν
2920 2349 3202 2407 Θετταλῶν
3276 2350 3390 2409 οὐδ’
3448 2353 3626 2417 οὕτως
3678 2352 3831 2421 ὄντες

2177 2434 2530 2510 ὁμοθυμαδὸν
2588 2440 2641 2495 οἱ
2698 2440 2966 2514 Ῥωμαῖοι
3028 2441 3116 2497 καί
3179 2441 3482 2516 βάλλοντες
3534 2441 3592 2499 ἰν
3633 2464 3826 2520 στρατ-

2178 2527 2337 2600 ήγιον
2371 2525 2583 2583 ὲνίτινι
2610 2531 2741 2603 γοῦν
2789 2527 3182 2604 συμπλακῆναι
3238 2531 3619 2610 ἀπεθάρῥησαν
3671 2536 3826 2607 τμή-

2182 2630 2335 2686 ματι’
2385 2614 2513 2672 ἀλλ’
2567 2618 2618 2672 οἱ
2671 2617 2766 2691 μέν
2820 2618 3213 2697 κατειληφότες
3264 2621 3366 2689 τὴν
3438 2622 3829 2678 Μοσυνόπολιν

2178 2703 2472 2780 ποίλέμιοι
2530 2708 2622 2763 καὶ
2688 2709 2810 2783 περὶ
2854 2715 2955 2779 τῆς
3001 2710 3336 2788 προσωτέρω
3392 2711 3615 2786 πορείας
3680 2712 3830 2768 ἐσκέ-

2177 2815 2401 2865 πτοντο,
2463 2794 2736 2871 μηδαμῶς
2796 2797 3035 2870 ὁπλίτην
3094 2802 3369 2873 Ῥωμαῖον
3437 2800 3832 2876 ένοπτρισάμε-

2175 2904 2285 2952 νοι,
2340 2885 2606 2958 Ῥωμαῖοι
2677 2882 2733 2941 δὲ
2789 2888 2886 2951 τὰς
2931 2892 3042 2943 τῶν
3099 2889 3271 2944 έκεῐσε
3316 2884 3831 2962 προκαταλαϐόντες

2182 2974 2351 3048 ὀρέων
2395 2973 2630 3053 λαγόνας
2658 2975 2737 3040 εἰς
2789 2978 2850 3033 τὸ
2910 2976 3098 3035 πεδίον
3174 2979 3276 3034 οὐκ
3340 2981 3497 3056 εἶχον
3558 2980 3833 3036 ὑποκατα-

2179 3058 2338 3134 ϐῆναι
2371 3064 2463 3121 καὶ
2496 3062 2742 3135 δέξασθαι
2779 3067 2842 3122 τὸ
2887 3066 3036 3124 ἐπιὸν
3094 3065 3376 3143 δυσμενές.
3433 3070 3594 3133 Ὅθεν
3667 3068 3837 3145 ἐγνώ-

422 3178 583 3214 κεσαν
618 3155 803 3217 Ιταλοὶ
848 3158 1044 3228 μηκετι
1085 3150 1427 3222 ἀναδύεσθαι,
1457 3150 1587 3210 ἀλλ’
1617 3153 1758 3225 ὁμοῦ
1788 3155 2214 3226 συηειραθῆται
2242 3154 2335 3209 καὶ
2365 3154 2503 3229 πρὸς
2530 3150 2585 3209 ἓν
2600 3156 2922 3231 κατάντημα
2941 3160 3041 3228 τὴν
3057 3158 3465 3214 Κωνσταντίνου
3495 3156 3832 3215 καλλίπολιν

422 3247 744 3321 ἐπειχθῆναι
778 3245 869 3300 καί
898 3242 1123 3313 ταυτηνὶ
1155 3242 1547 3317 χειρώσασθαι.
1579 3240 1738 3301 Οὕτω
1769 3242 1876 3318 γὰρ
1907 3240 2103 3304 αὐτοὺς
2162 3243 2359 3313 έπῆρεν
2428 3246 2457 3299 ὁ
2512 3244 2573 3300 έκ
2626 3248 2930 3320 Κομνηνῶν
2967 3247 3233 3318 Ἀλέξιος,
3267 3248 3326 3311 ὅς
3358 3269 3501 3321 σφισι
3533 3249 3705 3304 συνὼν
3731 3248 3827 3303 καὶ

429 3311 654 3409 μηδΓΞν⁷
680 3331 833 3406 μὲρει
864 3311 1196 3403 ταττόμενος
1224 3311 1555 3405 στρατηγοῦ,
1582 3328 1759 3403 ὅμῶς,
1783 3311 1825 3384 ’ἁ
1847 3311 2179 3400 τελεσθῆναι
2239 3311 2342 3386 οὖκ
2392 3327 2630 3407 ἔμελλον
2692 3311 3122 3413 (ρανταζόμενος,
3156 3311 3293 3409 ᾣετο
3324 3337 3353 3392 ὁ
3382 3311 3702 3398 ἀνθύπατος
3730 3336 3825 3391 καὶ

428 3420 572 3498 μηδὲ
596 3416 914 3496 προϐατίων
939 3421 1126 3495 ἄρχειν
1156 3420 1304 3490 ἄξιος
1340 3418 1471 3491 ὑπὲρ
1495 3418 1701 3475 ἑκείνου
1732 3416 2100 3478 διαπονεῖσθαι
2127 3424 2223 3477 τὸν
2282 3420 2426 3499 ῥῆγα
2480 3421 2587 3479 τῶν
2650 3424 2915 3498 Σικελῶν,
2974 3427 3063 3481 καὶ
3114 3427 3189 3488 ὡς
3219 3423 3327 3497 ἤδη
3362 3426 3413 3481 ἓν
3444 3429 3520 3499 τῷ
3552 3426 3829 3507 βασιλικῷ

410 3514 674 3588 σχήματι
704 3511 973 3571 καταστὰς
1003 3510 1093 3565 καὶ
1122 3507 1599 3594 ἀρχαιρεσιασθεὶς
1628 3510 1984 3584 αὐτοκράτωρ
2016 3512 2044 3564 ὁ
2073 3509 2377 3581 Μελιτίδης
2412 3512 2707 3589 ὠφρύωτο,
2737 3517 2953 3594 φάσκων
3009 3517 3100 3572 καὶ
3141 3515 3541 3591 διατεινόμενος
3596 3517 3736 3593 πρὸς
3764 3516 3829 3573 τὸ

420 3601 730 3677 ἀλλόθρουν
761 3600 1071 3676 στράτευμα
1102 3600 1180 3671 μή
1214 3596 1278 3655 ἄν
1311 3592 1713 3666 ὑποὸὤηκὲναι
1780 3599 1874 3653 τὸν
1935 3600 2127 3655 ὶαυτοῦ
2182 3601 2361 3666 πόθον
2413 3605 2562 3681 παρὰ
2605 3592 3184 3668 τοῖςήΚωνσταντίνου
3239 3607 3496 3672 πολίταις
3550 3592 3687 3683 πρδς
3767 3606 3829 3663 τὸ

424 3690 712 3767 μεγαλεῖον
743 3693 841 3746 τοῦ
875 3687 1145 3766 βασιλέως
1179 3686 1271 3743 καὶ
1300 3688 1438 3761 πρὸς
1466 3686 1672 3762 πατρὸς
1702 3685 1851 3761 αὐτῷ
1908 3688 2057 3752 θείου
2114 3693 2211 3745 τοῦ
2270 3693 2556 3762 Μανουήλ,
2597 3692 2726 3750 ἀλλ’
2782 3694 2958 3759 οὕτως
3011 3698 3261 3772 ἡγεῖσθαι
3319 3697 3466 3773 παρὰ
3521 3695 3829 3770 Ῥωμαίοις

416 3781 680 3929 iamiam:
739 3781 839 3836 ὅσα
891 3778 981 3834 καὶ
1039 3777 1370 3854 ήμεροφαής
1419 3773 1600 3846 ἣλιος,
1630 3777 1721 3832 καὶ
1759 3779 1897 3835 κατά
1921 3777 2022 3846 τὴν
2058 3776 2215 3853 ἀέρος
2248 3779 2419 3852 ὁλκήν
2452 3782 2824 3858 ἀπαραίτητον
2850 3786 3123 3861 κρίνεσθαι
3155 3784 3346 3843 καλόν.
3374 3785 3473 3839 Καὶ
3530 3788 3701 3841 ταῦτα
3733 3788 3826 3861 μὲν

416 3894 446 3928 o
516 3894 612 3929 ως.

416 3894 612 3936 ουτως.

485 3962 915 4021 2.Audronicus
939 3978 1073 4017 vero
1096 3961 1221 4032 ipse
1243 3959 1456 4016 muenia
1490 3958 1653 4014 urbis
1706 3959 2003 4016 circumiit
2043 3977 2057 4028 ;

2249 3963 2315 4037 β’,
2347 3963 2522 4028 Αὐτὸς
2581 3962 2640 4021 δὶ
2695 3966 3062 4041 Ἀνδρόνικος,
3100 3968 3166 4023 τὰ
3223 3975 3323 4039 τῆς
3380 3965 3599 4030 πόλεως
3662 3968 3824 4049 τείχη

416 4059 475 4113 et
492 4055 542 4112 si
576 4055 713 4126 quid
737 4056 1023 4109 vetustate
1063 4051 1370 4107 ruinosum
1410 4054 1554 4118 erat,
1589 4048 1644 4104 id
1692 4048 1980 4104 suﬂ‘ulciri
2009 4055 2066 4105 et

2177 4051 2498 4127 περιελθὼν,
2543 4057 2595 4113 εἷ’
2639 4077 2706 4113 τι
2760 4060 2949 4137 χρόνῳ
3010 4060 3323 4131 ύπέσκαζεν,
3384 4048 3828 4131 ἐπισκευάζεσθαι

416 4122 734 4201 instaurari
761 4143 958 4212 jussit.
984 4141 1102 4196 Nec
1142 4155 1322 4206 more,
1353 4138 1538 4210 jussis
1589 4139 1739 4195 415
1793 4138 2068 4195 alacriter

2246 4122 2255 4127 -
2481 4122 2491 4127 ν
2762 4122 2814 4139 ιν
2921 4122 2931 4133 -
3228 4122 3244 4131 υ
3311 4122 3321 4129 ι
3656 4122 3672 4131 ·
3748 4122 3760 4125 '

2177 4148 2334 4200 τοῦτο
2360 4150 2768 4224 προσετετάχει.
2802 4148 2910 4206 Καὶ
2940 4150 3006 4218 ἦν
3062 4143 3220 4226 ἔργον
3280 4149 3436 4216 εὗθὺς
3483 4149 3547 4206 τὸ
3606 4147 3818 4206 ἐπιτατ-

418 4228 1156 4298 οδῐεῐῐὶβθταῖυτῖωάίίῖοίδ
1178 4227 1542 4284 θκῖνίηεθοιιθ
1582 4226 1878 4282 malum“!
1925 4241 2064 4281 ϐοη-
2170 4234 2420 4309 τόμενον.
2448 4236 2852 4309 Κατηρείποντο
2900 4234 2957 4292 δὲ
2985 4239 3076 4293 καὶ
3116 4261 3222 4295 των
3292 4238 3610 4312 οἷ’κημᾶτων
3655 4238 3829 4296 ὁπόσα

417 4320 750 4392 ῐὶευε,ᾳυω
767 4316 991 4373 facilem
1013 4317 1073 4371 in
1106 4317 1312 4373 urbem
1336 4331 1650 4371 ascensum
1707 4315 2062 4387 praebebant,

2177 4328 2289 4386 τοῖς
2336 4322 2578 4399 τείχεσιν
2628 4323 2940 4400 ἐπικείμενα
2988 4321 3216 4404 εὖέφοδα
3257 4324 3428 4382 ἐποίει
3464 4325 3531 4380 τὰ
3598 4321 3819 4400 ἔσωθεν,

419 4404 1647 4479 diruuntur;naveslougaeeircitercentum
1679 4404 1738 4459 in
1769 4403 2066 4464 littoribus
2170 4413 2259 4468 καὶ
2320 4419 2446 4483 νῆες
2505 4413 2706 4489 μακραὶ
2765 4414 2889 4489 περὶ
2942 4414 3040 4475 τὰς
3121 4414 3307 4470 ἑκατὸν
3374 4410 3629 4471 ἒσάλευον
3689 4435 3823 4471 κατα

417 4497 803 4566 ﬂuctuant,ad
836 4494 1260 4568 navigandum,
1313 4493 1365 4549 si
1423 4509 1573 4565 opus
1601 4497 1778 4562 esset,
1805 4498 1864 4548 et
1895 4509 2066 4563 opem

2177 4501 2269 4565 τὰς
2327 4502 2522 4575 ἀκτὰς,
2576 4505 2980 4579 ἡτοιμασμὲναι
3042 4503 3178 4580 πρὸς
3262 4498 3548 4573 ἕκπλοιαν,
3629 4501 3825 4574 δεῆσαν

416 4589 664 4645 urbibus
692 4603 840 4657 quas
865 4583 1062 4642 Sicula
1078 4582 1286 4640 classis
1306 4583 1609 4638 infestaret
1654 4587 1711 4639 et
1754 4584 1901 4655 ipsis
1921 4583 2063 4638 civi-

413 4678 525 4735 bus
555 4677 856 4734 ferendam
890 4679 1105 4747 parata:
1125 4673 1281 4744 (nam
1340 4671 1395 4726 hi
1453 4687 1690 4743 quoque
1747 4671 1934 4728 hostis
1965 4672 2067 4728 ad-

413 4771 652 4824 ventum
686 4765 995 4821 imminere
1026 4760 1356 4833 putsbant),
1408 4764 1468 4816 et
1514 4761 1586 4817 ad
1639 4760 1932 4816 marinum
1984 4760 2066 4816 si-

418 4856 689 4926 num,qui
716 4854 979 4910 ﬂuminis
1007 4853 1192 4908 instar
1221 4849 1633 4906 Blachernium
1670 4850 1836 4906 littus
1877 4850 2070 4918 alluit,

418 4960 523 5015 per
550 4948 788 5014 tempus
842 4941 1272 5012 occupandum.
1332 4944 1620 4995 Hactenus
1678 4939 1760 4995 rei
1821 4938 2069 5011 publicas

424 5037 639 5088 navata
667 5046 843 5102 opera
871 5031 1108 5101 quievit,
1140 5030 1311 5101 quasi
1334 5030 1460 5101 jam
1492 5029 1725 5085 abunde
1756 5030 1827 5085 ad
1874 5028 2072 5085 defen-

422 5121 650 5178 sionem
681 5123 740 5174 et
769 5119 1026 5175 hostium
1059 5119 1521 5190 proﬂigationem
1560 5121 1820 5189 paratus.
1852 5118 2071 5174 Audita

420 5224 556 5265 vero
588 5207 1015 5264 Thessalonica
1044 5207 1477 5280 expugnatione
1516 5207 1751 5263 Davidis
1810 5207 2072 5290 custodis

2173 4588 2607 4664 έπιϐοηήσουσαι
2648 4591 2842 4650 πόλεσι
2909 4598 3089 4655 κακῶς
3142 4590 3508 4668 διακειμέναις
3569 4592 3672 4649 ὑπὸ
3729 4597 3824 4648 τοῦ

2177 4682 2379 4739 στόλου
2408 4687 2511 4738 τῶν
2556 4681 2825 4753 Σικελῶν,
2866 4682 3094 4747 καὶτοῖς
3137 4679 3523 4745 ἀστυπολίταις
3592 4682 3824 4758 ἀρήξου-

2176 4795 2263 4829 σαι
2312 4774 2426 4847 (καὶ
2488 4774 2639 4831 οὗτοι
2694 4774 2799 4848 γὰρ
2856 4770 3139 4843 ἐπιστῆναι
3187 4773 3365 4845 ᾢοντο
3449 4770 3642 4828 αὐτίκα
3697 4773 3822 4832 τοὺς

2173 4862 2523 4935 πολεμίους),
2555 4862 2646 4917 καὶ
2677 4858 3080 4937 διαληψόμεναι
3124 4862 3260 4919 κατᾶ
3315 4861 3503 4935 καιρὸν
3559 4861 3651 4917 τὸν
3708 4859 3821 4916 ἐσέ-

2173 4974 2347 5031 χοντα
2376 4952 2667 5007 θαλάττιον
2690 4950 2897 5008 κόλπον
2926 4951 3013 5005 καὶ
3044 4951 3320 5024 ποταμίου
3340 4946 3493 5021 δίκην
3527 4947 3699 5008 ὁλκου
3728 4950 3824 5019 τήν

2177 5042 2230 5099 έν
2261 5041 2598 5117 Βλαχέρναις
2628 5041 2792 5111 ήῖὁνα
2824 5039 3094 5118 ῥαίνοντα.
3129 5039 3234 5097 Καί
3262 5041 3357 5103 τὰς
3393 5040 3489 5119 μὲν
3527 5039 3716 5103 κοινὰς
3772 5035 3820 5099 ἒς

2172 5129 2398 5187 τοσόνδε
2429 5128 2739 5205 διαθέμενος
2785 5127 3074 5209 φροντίδας
3128 5127 3397 5200 ἀνέπεσεν,
3457 5129 3534 5191 ὡς
3589 5127 3818 5204 ἀρκούν-

2176 5224 2285 5284 τῶς
2316 5216 2425 5308 ἤδη
2458 5221 2547 5274 καὶ
2573 5218 2856 5308 ἀραρόεως
2881 5219 2951 5277 τὰ
2980 5219 3130 5308 ηπρὸς
3174 5218 3558 5308 ἀντἰμάχῆσιν
3610 5214 3824 5308 διοικῆ-

423 5302 554 5371 ejus
575 5300 740 5357 urbis
766 5300 1126 5373 propinquos
1156 5300 1216 5355 in
1243 5316 1534 5357 carcerem
1560 5286 1909 5370 coniicit—ac
1966 5316 2070 5373 pro

2178 5315 2275 5356 σας
2313 5286 2884 5365 καῖκαταπολέμησιν
2941 5286 3052 5346 τῶν
3109 5295 3226 5352 τοῖς
3281 5286 3581 5363 Ῥωμαίοις
3642 5286 3820 5344 έπιόν-

422 5391 1100 5449 concionecasumillum
1126 5396 1434 5448 extenuat:
1489 5391 1635 5447 nihil
1689 5391 1890 5464 magni
1936 5406 2069 5465 ges-

421 5481 574 5538 sisse
602 5479 853 5549 Siculos,
886 5496 1074 5552 neque
1101 5496 1252 5535 nunc
1284 5480 1566 5550 primum,
1598 5481 1699 5536 sed
1736 5495 1890 5552 saepe
1921 5481 2071 5537 alias

419 5584 739 5644 progressu
770 5570 1052 5640 temporis
1083 5569 1260 5624 urbes
1288 5583 1420 5624 esse
1446 5573 1832 5640 expugnatas,
1877 5574 1939 5625 et
1982 5570 2067 5625 vi-

412 5657 613 5720 ctorias
641 5658 1103 5721 vicissitudinem
1162 5672 1314 5715 esse.
1369 5657 1480 5712 Sed
1538 5672 1671 5713 cum
1729 5656 1881 5715 alias
1935 5657 2068 5715 aliis

2176 5403 2287 5438 των
2319 5383 2554 5456 ἐχθρῶν·
2585 5380 2841 5451 ἀκηκοὼς
2908 5376 2967 5434 δὶ
3030 5378 3240 5434 ἁλῶναι
3295 5377 3693 5449 Θεσσαλονίκην
3747 5374 3820 5436 είς

2176 5469 2498 5529 κακοποιίαν
2551 5469 2803 5545 τρέπεται
2850 5473 2961 5524 τῶν
3012 5471 3323 5545 προσγενῶν
3378 5462 3567 5535 Δαϐίδ,
3623 5468 3684 5521 ὃν
3724 5461 3823 5544 φύ-

2178 5560 2321 5618 λακα
2344 5562 2448 5630 τῆς
2496 5558 2714 5624 πόλεως
2765 5557 2973 5628 ταύτης
3007 5556 3074 5613 τὸ
3129 5557 3302 5631 κέγειν
3358 5553 3467 5629 ἢδη
3524 5551 3821 5626 δεδήλωκε,

2172 5653 2268 5709 καὶ
2320 5644 2612 5708 συλλαϐὼν
2664 5648 2895 5712 τούτους
2960 5646 3328 5724 καθείργνυσιν
3419 5645 3471 5702 ἐν
3546 5640 3817 5725 φρουραίς.
