4126 6294
292 369 410 432 617
1441 354 1891 428 ANDRONICO
1936 365 2316 428 COMNENO
2357 359 2506 428 LIB.
2553 369 2630 428 ll.
3324 455 3326 458 ν
3590 366 3707 428 078

297 508 645 579 Δημηγορῶν
675 499 733 558 δὲ
783 498 935 558 οὐδὲν
985 499 1124 576 μὲγα
1178 501 1240 556 τὸ
1291 495 1500 572 συμϐὰν
1551 496 1736 575 ἔλεγεν
1787 499 1947 568 εἶναι,

2065 500 2324 559 adversis
2356 502 2576 558 nuntiis
2603 499 3031 574 percellerctur,
3100 503 3156 556 et
3204 499 3406 557 crebro
3437 500 3709 557 adessent

299 591 417 649 οὐδ’
447 592 593 663 ἄξιον
627 591 700 652 ὡς
758 589 1088 664 κατόρθωμα
1136 588 1590 664 σεμνολογεῖσθαι
1639 593 1756 648 τοῖς
1794 593 1947 641 Σικε-

2059 592 2156 662 qui
2189 607 2344 648 nunc
2365 591 2766 663 Amphipolim
2797 606 2924 646 esse
2953 598 3204 661 captam,
3237 605 3393 646 nunc
3442 590 3708 646 ﬁnitimis

300 686 444 742 Λοῖς·
490 680 553 735 οὐ
580 684 668 735 νῦν
715 678 818 754 γὰρ
857 678 1118 752 πρώτως,
1162 676 1310 734 ἀλλὰ
1357 678 1447 732 καὶ
1494 677 1686 750 πρώην
1733 674 1947 732 πόλεων

2058 679 2143 735 illi
2171 679 2483 750 provinciis
2514 681 2754 738 vastatis
2821 678 3020 736 hostes
3069 679 3237 750 juxta
3277 678 3705 750 Mosyuopolim

298 767 534 830 ἁλώσεις
565 769 786 842 ἒπάγειν
832 767 922 822 τὸν
971 767 1171 847 χρόνον
1225 766 1424 846 φιλεῖν,
1475 765 1566 821 καὶ
1617 765 1769 836 νίκην
1820 765 1950 820 επα-

305 854 582 932 μείϐεσοαι
615 856 833 933 ἄνδρας·
869 860 1093 931 Φημαις
1133 855 1192 912 δὲ
1227 857 1568 934 βαλλόμενος
1600 855 1948 919 ἁπευκταίαις

301 945 507 1003 ἄλλοτε
534 944 755 1017 ἄλλαις,
813 946 905 1002 καὶ
962 947 1226 1022 συχνάκις
1281 945 1652 1022 ἐφισταμένων
1701 949 1808 1001 τῶν
1852 945 1949 1021 ἀγ-

298 1034 614 1114 γελλοντων
650 1037 722 1098 ὡς
761 1040 852 1091 νῦν
889 1036 982 1107 μὲν
1017 1037 1070 1091 οἱ
1102 1035 1401 1091 ὑπεναντίοι
1430 1033 1773 1112 Ἀμφίπολιν
1808 1054 1949 1108 παρα

304 1127 622 1196 εστήσαντο,
653 1129 743 1180 νῦν
775 1122 831 1179 δὲ
859 1123 955 1186 τὰς
987 1123 1178 1202 ἐφεξῆς
1205 1121 1534 1197 ληϊσάμενοι
1569 1125 1756 1198 χώρας
1817 1123 1952 1178 κατὰ

302 1218 402 1286 τήν
474 1215 858 1274 Μοσυνόπολιν
914 1214 1314 1288 ἐναυλίζονται,
1389 1217 1479 1272 καὶ
1544 1217 1640 1278 τὰς
1697 1216 1948 1276 τοιαύτας

299 1304 562 1382 ἀγγελίας
594 1307 677 1378 [P.
725 1307 852 1378 206]
891 1305 969 1368 ὡς
1019 1303 1145 1360 οὐδέ
1201 1325 1287 1361 πω
1340 1301 1521 1369 δεινὰς
1575 1304 1948 1376 ἀπεπέμπετο,

302 1393 391 1450 καί
421 1389 606 1469 ἔλεγεν
640 1394 716 1456 ὼς
779 1391 1156 1466 μετελεύσεται
1209 1394 1336 1456 τοὺς
1395 1391 1630 1467 ἐχθροὺς
1685 1392 1776 1449 καὶ
1832 1393 1951 1462 ἐξο-

304 1482 585 1557 λοθρεύσει
614 1480 800 1539 τέλεον
831 1483 889 1537 δν
929 1481 1132 1556 τρόπον
1171 1483 1223 1537 οἱ
1265 1481 1498 1556 θηραταὶ
1535 1484 1662 1545 τοὺς
1717 1479 1949 1557 μοναδι-

301 1573 430 1633 κοὺς
459 1575 565 1628 τῶν
594 1576 759 1630 συῶν.
793 1569 1005 1633 Aine-5;
1035 1592 1094 1627 τε
1131 1571 1234 1645 γὰρ
1281 1571 1418 1626 κατὰ
1468 1571 1648 1646 βραχὺ
1698 1573 1952 1645 μεθιστα-

307 1663 504 1734 μὲνους
538 1667 638 1730 τῆς
695 1660 922 1738 λόχμης
963 1658 1300 1734 ἐγκλείεσθαι
1355 1659 1781 1735 λιχνευομὲνους
1827 1663 1951 1736 περὶ

299 1751 397 1818 τήν
457 1748 822 1826 προκειμένην
869 1745 1086 1818 ἐδητὺν,
1145 1743 1269 1812 ἔνθα
1329 1750 1356 1803 ὁ
1403 1747 1568 1811 δόλος
1613 1750 1700 1805 καὶ
1736 1751 1772 1819 ἡ
1802 1751 1948 1825 πάγη

300 1839 608 1907 καττύεται,
661 1838 752 1893 καὶ
817 1836 993 1900 οὕτως
1035 1836 1386 1914 ἐμπείρεσθαι
1447 1837 1635 1915 δόρατι
1666 1841 1700 1908 ἡ
1737 1840 1950 1913 βαθεῖαν

306 1929 445 1984 κατὰ
498 1932 606 1984 τῶν
661 1925 993 2002 σπλάγχνων
1055 1924 1305 2001 δέχεσθαι
1388 1928 1490 1996 τὴν
1553 1928 1802 2004 πληγήν
1861 1930 1951 1985 καὶ

304 2019 430 2079 τοὺς
479 2015 724 2078 Ἰταλοὺς
771 2013 827 2070 δὲ
891 2015 1148 2078 ὡσαύτως
1207 2015 1689 2095 ἀφροντιστοῦντας
1738 2017 1814 2079 ὡς
1853 2017 1952 2073 οὐκ

303 2103 463 2170 ὄντος
529 2107 678 2169 τινὸς
761 2103 1175 2179 ἂνθισταμένου,
1233 2106 1323 2160 καὶ
1382 2106 1463 2161 ἀεὶ
1520 2110 1949 2184 προχωροῦντας

300 2201 417 2257 τοῖς
459 2192 762 2270 ἔμπροσθεν
799 2194 888 2249 καὶ
943 2197 1012 2266 τῇ
1065 2199 1172 2250 τῶν
1224 2192 1495 2250 πλειόνων
1549 2193 1767 2249 σκύλων
1817 2195 1948 2251 ὑπο·

300 2287 648 2357 σαινομένους
678 2283 874 2362 Este-si,
910 2281 1133 2356 μὲλλειν
1169 2283 1243 2345 είς
1273 2285 1362 2339 τὸν
1394 2278 1622 2358 ἔσχατον
1656 2285 1744 2340 καὶ
1773 2283 1947 2358 ἀπρό-

296 2395 462 2431 οπτον
487 2369 712 2446 ὄλεθρον
749 2371 1121 2444 ἐμπεσεῖσθαι,
1176 2372 1266 2428 καὶ
1321 2370 1410 2428 ἐπὶ
1467 2375 1710 2452 κορυφὴν
1766 2373 1943 2430 αὐτῶν

293 2465 392 2533 τὴν
422 2461 635 2519 ἀδικίαν
677 2462 858 2517 αὐτῶν
909 2455 1328 2530 καταϐήσεσθαι.
1383 2467 1481 2518 Ἢν
1532 2460 1591 2518 δὲ
1635 2466 1802 2518 ταῦτα
1852 2461 1942 2518 οὐ.

296 2550 378 2609 δὲν
411 2553 446 2622 ἢ
493 2548 688 2625 ἀνδρὸς
751 2553 821 2624 τῇ
881 2549 1038 2627 φύσει
1095 2553 1202 2604 τῶν
1245 2552 1582 2626 πραγμάτων
1640 2551 1945 2626 ἀντιμαχο·

298 2643 458 2714 μένου
498 2637 796 2715 προδήλως
845 2635 1058 2711 αἱμύλα
1091 2634 1468 2713 προϐλήματα
1514 2641 1607 2695 καὶ
1659 2639 1943 2703 πολιτείας

294 2729 400 2802 ἤδη
434 2731 550 2786 κατ’
582 2728 746 2784 αὐτοῦ
803 2727 1248 2806 φλεγμαινούσης
1301 2726 1637 2801 μειλίγματα
1693 2731 1777 2791 οἷς
1830 2731 1944 2802 (18)

297 2819 394 2875 οὐκ
439 2820 507 2888 ἦν
568 2817 962 2894 ἀρῥενούμενος
1020 2819 1108 2874 καὶ
1177 2822 1348 2873 πᾶσαν
1411 2819 1670 2891 μηχανὴν
1726 2821 1942 2890 μετιὼν,

225 2895 237 2904 ’
299 2908 450 2971 ὅπως
480 2901 846 2977 ἀποσοϐήσειε
890 2906 952 2962 τὸ
994 2905 1412 2982 ἀλλόγλωττον.
1462 2908 1671 2982 Καίπερ
1721 2905 1780 2962 δὲ
1824 2929 1944 2963 τοι-

299 2998 474 3054 ούτων
502 2998 594 3052 καὶ
622 2996 896 3052 τοσούτω»
955 2996 1272 3075 ἐφεστώτων
1330 3000 1532 3066 κακῶν,
1583 2996 1673 3052 καὶ
1724 2997 1938 3053 πάντων

297 3089 566 3144 πείσεσθαι
609 3086 1024 3166 φανταζομένων
1079 3087 1148 3141 τὰ
1197 3086 1522 3162 οἰκτρότατα
1567 3086 1660 3142 καὶ
1703 3087 1778 3149 ὡς
1828 3085 1937 3158 ἤδη

294 3177 570 3254 παρόντων
599 3177 713 3248 ζκαὶ
764 3175 1040 3230 ἀνιώντων
1099 3172 1461 3249 ὀδυρομένων,
1516 3176 1544 3230 ὁ
1604 3172 1662 3230 δὶ
1712 3173 1939 3246 ὁμαλῶς

2057 773 2248 826 castra
2278 768 2489 826 habere
2547 769 2905 834 asserebant,
2948 769 3020 824 iis
3077 783 3310 840 quoque
3368 766 3709 824 rumoribus

2058 856 2295 914 elevatis
2327 875 2390 914 se
2417 858 2680 914 ulturum
2725 858 2925 914 hostes
2973 860 3032 912 et
3079 857 3345 912 funditus
3377 856 3706 912 deletorum

2055 947 2209 1002 4H3
2241 946 2492 1016 dicebat,
2514 948 3013 1019 quemadmodum
3034 949 3336 1002 venatores
3375 945 3708 1018 singulares

2059 1052 2252 1108 apros.
2287 1036 2399 1092 Eos
2435 1037 2594 1092 enim
2655 1035 2936 1108 paulatim
2986 1053 3019 1092 a
3075 1034 3226 1092 saltu
3286 1035 3622 1092 recedentes
3651 1038 3710 1090 ct

2057 1141 2249 1182 escam
2283 1130 2696 1198 persequentes
2739 1126 2799 1182 in
2849 1125 3096 1182 insidias
3137 1129 3194 1180 et
3223 1124 3550 1198 decipulam
3584 1125 3707 1197 pel-

2056 1212 2179 1284 lici,
2215 1231 2280 1269 ac
2309 1215 2598 1272 venabulo
2631 1215 2898 1287 transﬁgi
2950 1219 3050 1270 aut
3095 1215 3454 1286 profundum
3495 1213 3710 1272 vulnus

2057 1302 2114 1358 in
2148 1304 2471 1360 visceribus
2506 1305 2784 1376 accipere.
2820 1303 2997 1360 Italos
3044 1305 3246 1360 eodem
3290 1303 3485 1371 modo,
3541 1303 3714 1376 quasi

2058 1393 2371 1449 resistente
2429 1393 2662 1450 nemine
2720 1409 2980 1463 securos,
3047 1398 3103 1449 et
3159 1391 3408 1449 subinde
3469 1392 3711 1462 majoris

2059 1482 2264 1552 praedae
2297 1482 2618 1552 cupiditate
2647 1482 3104 1553 progredientes,
3157 1480 3213 1536 in
3273 1486 3595 1537 extremum
3653 1483 3712 1536 et

2057 1569 2436 1640 improvisum
2525 1570 2827 1627 interitum
2916 1569 3260 1640 delapsuros
3311 1573 3369 1626 et
3422 1569 3708 1624 scelerum

2057 1675 2300 1716 suorum
2335 1676 2534 1730 poenas
2591 1661 2850 1715 daturos.
2913 1659 3047 1724 Quae
3103 1659 3278 1715 verba
3336 1658 3482 1715 nihil
3542 1662 3712 1715 erant

2058 1747 2217 1804 aliud
2263 1746 2374 1802 nisi
2408 1748 2606 1804 futiles
2636 1747 2890 1804 rationes
2923 1747 3052 1816 viri,
3098 1749 3194 1820 qui
3247 1755 3441 1818 aperte
3486 1752 3710 1804 natura:

1986 1875 2028 1938 Β
2060 1853 2255 1892 rerum
2288 1839 2653 1910 repugnabat
2682 1842 2737 1894 et
2767 1838 3126 1894 concitatum
3177 1844 3375 1894 contra
3418 1853 3481 1893 se
3526 1853 3713 1910 popu-

2061 1928 2182 1984 lum
2206 1928 2388 1984 lenire
2419 1931 2733 1997 studebat;
2760 1947 2870 1985 non
2893 1935 3089 1985 autem
3133 1946 3200 1986 eo
3244 1929 3617 2002 pertinebant
3646 1932 3712 1985 ut

2058 2035 2127 2074 ex
2151 2019 2262 2074 viri
2295 2019 2462 2075 fortis
2513 2021 2702 2076 ofﬁcio
2745 2020 2888 2076 nihil
2935 2021 3286 2076 intentatum
3333 2019 3709 2092 relinqueret,

2056 2125 2168 2179 quo
2189 2108 2474 2164 Barbaros
2507 2109 2857 2180 proﬂigaret.
2883 2109 3029 2165 Nam
3055 2110 3324 2180 quamvis
3349 2115 3429 2165 tot
3457 2116 3514 2164 et
3544 2113 3708 2166 tanta

2056 2195 2210 2252 mala
2237 2197 2622 2261 instarent,ut
2643 2215 2846 2254 omnes
2869 2199 3239 2255 atrocissima
3259 2215 3500 2269 quaeque
3532 2197 3705 2254 time-

2055 2291 2183 2340 rent
2206 2285 2397 2358 iisque
2431 2287 2757 2358 velutijam
2791 2288 3134 2359 urgentibus
3185 2292 3559 2358 angerentur,
3606 2286 3704 2344 ille

2055 2388 2146 2430 res
2177 2374 2570 2431 intolerabiles
2593 2393 2758 2447 equo
2810 2376 3029 2432 ferebat
3067 2376 3285 2443 animo,
3316 2384 3370 2432 et
3400 2376 3457 2430 in
3497 2375 3704 2432 alienis

2052 2461 2224 2519 malis
2257 2463 2986 2535 philosophabatur,idque
3019 2464 3075 2519 in
3108 2480 3344 2520 summa
3380 2463 3706 2522 ambitione

2053 2555 2109 2606 et
2139 2551 2461 2622 cupiditate
2493 2552 2743 2620 imperii,
2776 2569 2890 2622 qua
2947 2553 3018 2608 ad
3080 2552 3559 2608 inhumanitatem
3593 2553 3705 2610 im-

2054 2640 2259 2712 pulsus
2291 2658 2496 2697 omnes
2541 2647 2820 2713 tyrannos
2872 2643 2974 2713 qui
3026 2659 3286 2712 unquam
3337 2643 3496 2698 fuere
3526 2659 3703 2713 supe-

2053 2730 2216 2786 ravit.
2253 2732 2336 2786 Ad
2371 2731 2514 2797 haec,
2548 2737 2613 2788 ut
2641 2739 2761 2788 erat
2799 2731 2940 2788 luxu
2990 2736 3324 2804 corruptus,
3375 2747 3507 2788 cum
3548 2737 3700 2788 coetu

2049 2824 2375 2876 scortorum
2401 2824 2460 2876 et
2487 2820 2752 2890 pellicum
2775 2821 2833 2876 in
2862 2821 2985 2877 loca
3008 2821 3235 2876 deserta
3282 2824 3340 2878 et
3381 2825 3702 2892 temperata

2051 2914 2318 2967 secedere
2347 2917 2404 2967 et
2446 2913 2700 2967 ferarum
2761 2929 2922 2968 more
2971 2910 3265 2968 convalles
3315 2915 3373 2968 et
3420 2911 3701 2968 herbosos

2049 3001 2236 3056 saltus
2266 3000 2586 3057 consectari
2608 3003 2756 3058 417
2791 3000 3037 3069 solebat,
3089 3005 3152 3056 ut
3198 2999 3550 3072 gallinarum
3582 3001 3700 3071 gal-

2049 3089 2141 3144 lus
2173 3089 2553 3160 gallinaceus,
2589 3096 2690 3146 aut
2728 3090 2927 3146 hircus
2974 3105 3285 3161 caprarum
3335 3089 3563 3158 ductor,
3597 3091 3698 3144 aut

2050 3182 2114 3232 ut
2142 3179 2405 3234 Bacchus
2436 3180 2710 3252 Thyades
2731 3184 2788 3235 et
2823 3178 3140 3246 Manadas,
3173 3178 3256 3234 sie
3305 3179 3428 3248 ipse
3478 3178 3699 3235 amicas

291 3246 442 3346 ἔφερε
471 3265 540 3322 τὰ
565 3246 866 3322 ἀνύποιστα
916 3265 1004 3319 καὶ
1058 3246 1310 3319 οἶον-ἐπ’
1356 3261 1681 3339 ἀλλοτρίοις
1735 3261 1932 3327 δεινοὶ

2055 3283 2184 3323 suae
2209 3246 2851 3336 antecedebat,tantum
2887 3284 3000 3324 non
3021 3267 3254 3324 hinnuli
3293 3246 3442 3338 pelle
3472 3271 3530 3324 et
3574 3285 3700 3326 cro-

289 3357 349 3413 τδ
401 3353 702 3435 φιλόσοφον
760 3349 1127 3422 ἐπεδείκνυτο,
1181 3353 1275 3408 καὶ
1323 3357 1511 3421 ταῦτα,
1567 3353 1619 3407 εἷ’
1671 3352 1771 3428 πὲρ
1822 3374 1928 3425 τις,

2055 3361 2169 3412 :oto
2199 3358 2462 3414 indutus.
2520 3364 2602 3414 Ac
2642 3359 2816 3414 certis
2864 3357 3068 3413 diebus
3109 3374 3142 3414 a
3189 3357 3393 3428 paucis
3446 3355 3689 3427 aulicis,

291 3445 567 3524 φίλαρχος
595 3441 672 3498 ὢν
700 3443 792 3497 καὶ
826 3439 899 3497 δι’
928 3436 1106 3516 ἔρωτα
1148 3441 1426 3516 βασιλείας
1471 3441 1549 3504 εἰς
1601 3443 1934 3518 ἀπάνθρωπα

2062 3447 2231 3519 isque
2255 3448 2506 3519 intimis,
2549 3447 2726 3504 veluti
2769 3464 2875 3520 per
2927 3453 3303 3504 transennam
3349 3447 3696 3526 videbatur;

286 3533 394 3606 ἤθη
455 3531 793 3595 ἰκκυλισθιῖς
848 3531 939 3586 καὶ
1020 3533 1310 3602 τυράννους
1386 3529 1724 3606 ὑπερελάσας
1800 3533 1929 3595 τοὺς

2055 3538 2296 3594 ;ibicinis
2329 3555 2464 3594 vero
2494 3544 2551 3594 et
2581 3539 2988 3596 meretricibus
3011 3554 3241 3594 omnem
3264 3538 3492 3593 aditum
3529 3542 3695 3608 pate-

285 3625 528 3680 πώποτε.
563 3623 751 3685 Ἔνθεν
775 3641 864 3676 τοι
892 3619 984 3674 καὶ
1021 3627 1125 3690 τῆς
1154 3619 1372 3682 πόλεως
1422 3619 1694 3684 πολλάκις
1742 3622 1935 3678 ἀπανι-

2055 3628 2310 3698 iaciebat,
2339 3643 2552 3698 easque
2605 3629 2812 3700 quovis
2880 3632 3142 3698 tempore
3198 3628 3270 3682 ad
3331 3625 3692 3697 colloquium

288 3715 550 3786 στάμενος
630 3711 764 3783 μετᾶ
839 3708 1062 3784 χορείας
1136 3707 1423 3784 ἑταιρίδων
1494 3709 1586 3765 καὶ
1635 3709 1936 3767 παλλακῶν

2055 3718 2412 3784 admittebat,
2444 3717 2728 3788 voluptati
2760 3721 2824 3772 ut
2869 3714 3304 3787 Sardanapalus
3351 3715 3669 3785 indulgens

288 3801 619 3878 ἰφιλοκρίνει
670 3799 739 3856 τὰ
792 3803 903 3854 τῶν
966 3797 1149 3855 τόπων
1199 3797 1587 3873 ἐρημικώτερα
1643 3800 1735 3855 καὶ
1785 3802 1871 3855 οἷς
1901 3803 1937 3870 ἡ

2055 3805 2149 3874 qui
2188 3806 2452 3875 sepulcro
2485 3820 2589 3859 suo
2635 3805 2844 3860 incidit
2895 3821 2963 3860 ea
2999 3821 3060 3859 se
3091 3804 3305 3859 habere
3343 3819 3473 3872 quas
3502 3818 3699 3859 come-

288 3896 395 3949 τῶν
455 3890 628 3966 ἀέρων
685 3887 1003 3956 ἐπλεόναζεν
1062 3887 1337 3962 εὐκρασία,
1388 3889 1481 3942 καὶ
1539 3889 1743 3965 Θηρίων
1780 3886 1941 3960 δίκην

2055 3892 2202 3948 derit
2246 3896 2304 3946 et
2362 3907 2466 3960 pro
2521 3889 2765 3946 libidine
2827 3894 3026 3961 egerit.
3083 3891 3222 3946 Erat
3271 3890 3596 3960 Epicureus
3644 3893 3703 3948 et

297 3976 629 4055 συναγκείαις
660 3975 805 4048 ὀρῶν
847 3974 938 4030 καὶ
1004 3973 1270 4049 χλοεροῖς
1319 3970 1732 4050 παραϐυόλενος
1787 3975 1944 4032 ἄλσεα

2055 3981 2467 4054 Cbrysippeus,
2495 3981 2698 4035 morbo
2755 3979 2999 4035 luxuriae
3049 3984 3362 4051 corruptus
3405 3986 3463 4035 et
3502 3995 3696 4036 amore

299 4089 403 4139 σιν,
461 4069 538 4131 ὡς
588 4062 806 4140 ὄρνιθας
861 4061 1230 4124 κατοικιδίους
1285 4063 1598 4139 ἀλεκτρυὼν
1671 4063 1706 4134 ἢ
1789 4066 1946 4141 αἶγας

2056 4070 2349 4142 perditus:
2375 4070 2681 4125 Herculem
2707 4070 3140 4142 quinquaginta
3169 4068 3436 4140 Thyestis
3466 4068 3699 4124 ﬁliabus

297 4158 501 4233 τράγος
555 4155 870 4229 ἡγούμενος
926 4153 1216 4221 αἰπολίου,
1332 4153 1574 4227 καθάπερ
1615 4154 1642 4208 ὁ
1694 4154 1944 4228 Σεμέλης

303 4249 558 4307 Διόνυσος
585 4245 682 4305 τὰς
724 4239 958 4312 Θυάδας,
1017 4236 1286 4310 Σοϐάδας,
1347 4239 1649 4313 Μαινάδας,
1709 4240 1947 4317 Βέίκχας,

305 4337 456 4414 εἶχεν
518 4331 789 4406 ἑπομένας
859 4331 934 4392 ὡς
994 4327 1288 4404 ἐρωμένας,
1371 4328 1539 4402 μόνον
1611 4329 1671 4385 οὐ
1730 4327 1951 4405 νεϐρίδα

303 4423 606 4498 ἐξημμένος
664 4422 755 4477 καὶ
819 4420 912 4475 τὸν
969 4419 1251 4494 κροκωτὸν
1312 4415 1659 4492 ἐνδυόμενος.
1720 4421 1824 4476 Καὶ
1880 4421 1946 4490 ἦν

304 4517 443 4571 κατὰ
477 4513 679 4574 τακτὰς
733 4511 828 4586 μὶν
886 4511 1098 4584 ἡμέρας
1150 4506 1278 4564 ὡσεὶ
1335 4505 1426 4563 διὰ
1480 4511 1950 4584 περιπετάσματος

305 4604 522 4680 ὀλίγοις
548 4606 659 4658 τῶν
712 4598 774 4655 ἐκ
822 4605 926 4668 τῆς
989 4595 1269 4674 βασιλείου
1324 4595 1499 4667 αὐλῆς
1558 4598 1945 4670 ὀπτανόμενος,
1981 4592 2025 4656 D

302 4695 393 4750 καὶ
447 4693 660 4750 τούτων
719 4688 876 4766 οἵπερ
943 4687 1134 4760 ἐκείνῳ
1195 4685 1437 4761 μάλιστα
1501 4687 1949 4762 προσῳκείωντο,

300 4785 597 4860 αὐλητρίσι
627 4783 685 4838 δὲ
729 4782 822 4836 καὶ
860 4779 1124 4855 ἑταιρίσιν
1173 4779 1534 4842 ἀναπεταννὺς
1581 4782 1754 4834 πᾶσαν
1809 4780 1949 4855 πάρα

302 4875 424 4932 οδον
471 4876 560 4930 καὶ
603 4893 778 4928 παντα
829 4870 1018 4944 καιρὸν
1075 4868 1150 4931 εἷς
1209 4867 1429 4943 ὁμιλίαν
1485 4869 1676 4932 αὐταῖς
1722 4869 1948 4944 χαριζό-

306 4984 488 5037 μενος.
519 4959 750 5036 Ἐχαιρὲ
775 4979 834 5014 τε
862 4961 998 5014 κατὰ
1048 4955 1471 5032 Σαρδανάπαλον
1513 4963 1636 5020 ταῖς
1689 4959 1946 5030 ἀνέσεσιν,

303 5051 362 5113 ὅς
391 5052 538 5107 τόσσ’
568 5049 718 5122 ἒχειν
751 5047 866 5103 ὅσσ⁹
895 5043 1062 5124 ἔφαγε
1119 5047 1206 5101 καὶ
1255 5041 1509 5124 ἐφύϐρισε
1547 5050 1627 5119 τῷ
1678 5044 1948 5125 ἐπιταφίῳ

303 5139 631 5196 ὖνεκόλαπτε
664 5139 972 5215 γράμματι.
1001 5133 1376 5208 Ἐπικούρειός
1421 5156 1478 5192 τε
1519 5137 1586 5204 ἦν
1630 5134 1721 5190 καί
1767 5141 1949 5210 Χρυσ-

300 5230 538 5301 ίππειος,
599 5232 688 5284 καὶ
738 5225 992 5303 λαγνείαν
1049 5222 1334 5302 δυστυχῶν
1381 5221 1701 5286 πολυποδος
1757 5222 1945 5298 ἵμερον

303 5317 521 5392 ἰδίωκε,
554 5320 645 5376 καὶ
685 5317 946 5394 φιλότητι
999 5313 1336 5390 μσργαίνων,
1394 5315 1483 5369 καί
1531 5315 1623 5368 τὸν
1674 5312 1949 5389 Ἡρακλέα

307 5411 648 5486 μιμούμενος
688 5408 934 5485 ἀτεχνῶς
976 5403 1113 5460 κατὰ
1167 5405 1266 5472 τήν
1315 5405 1424 5458 τῶν
1475 5404 1808 5474 πεντήκοντα
1855 5403 1946 5458 καὶ

2054 4160 2394 4232 stuprandis
2424 4159 2780 4215 imitabatur.
2816 4159 2926 4214 Sed
2960 4158 3098 4229 quia
3127 4163 3357 4214 tantum
3395 4157 3500 4214 illi.
3531 4158 3699 4214 robo.

2055 4250 2137 4306 ris
2181 4251 2252 4306 ad
2301 4248 2601 4305 lasciviam
2642 4265 2757 4304 non
2806 4249 3169 4319 suppetebat,
3222 4253 3285 4304 ut
3331 4247 3430 4305 ille
3479 4247 3698 4307 Iolaum

2057 4344 2261 4396 contra
2316 4339 2632 4395 redivivam
2683 4339 2926 4410 hydram
2986 4339 3360 4410 implorabat,
3426 4338 3510 4394 sic
3576 4339 3698 4408 ipse

2057 4429 2245 4486 virilia
2275 4429 2646 4484 unctionibus
2677 4433 2736 4483 et
2779 4427 3003 4483 deliciis
3036 4427 3326 4482 firmabat.
3349 4427 3700 4484 Veseebatur

2058 4518 2197 4573 item
2254 4517 2502 4574 Nilotica
2556 4516 2819 4583 bestiola,
2877 4515 3167 4572 crocodilo
3241 4531 3356 4571 non
3415 4513 3694 4583 absimili,

2059 4624 2233 4679 quem
2292 4607 2554 4664 scincum
2607 4612 2860 4675 vocant;
2924 4605 3076 4661 418
3125 4623 3160 4661 a
3217 4621 3333 4676 quo
3388 4604 3518 4659 cibo
3558 4620 3695 4660 cum

2058 4697 2323 4768 plerique
2347 4696 2718 4765 abhorreant,
2751 4701 2946 4751 tamen
3005 4694 3351 4766 tentiginem
3401 4692 3612 4748 excitat
3641 4697 3699 4749 et

2058 4787 2129 4840 ad
2165 4802 2281 4842 rem
2335 4801 2638 4840 veneream
2703 4789 2935 4857 paratos
2999 4784 3154 4840 facit.
3219 4784 3279 4838 in
3327 4783 3604 4852 palatium
3663 4799 3699 4838 a

2058 4873 2622 4930 deambulationibus
2676 4878 2734 4929 et
2763 4873 3219 4930 recreationibus
3260 4889 3546 4939 reversus,
3581 4888 3699 4928 non

2058 4980 2275 5037 paucos
2296 4980 2490 5020 secum
2513 4963 2763 5019 habebat
2801 4963 3102 5034 satellites,
3123 4979 3341 5034 eosque
3389 4979 3455 5018 ex
3497 4961 3702 5018 barba-

2058 5053 2192 5108 ricis
2211 5052 2552 5108 cohortibus
2571 5057 2630 5108 et
2651 5051 3056 5123 pestilentibus
3091 5053 3450 5120 hominibus,
3482 5051 3700 5123 quibus

2056 5141 2433 5198 immodestia
2457 5141 2614 5198 cordi
2671 5146 2778 5211 est,
2832 5141 3042 5214 linguas
3086 5142 3300 5198 Graeca
3345 5142 3602 5209 maxima
3629 5158 3700 5198 ex

2056 5236 2220 5303 parte
2250 5229 2466 5301 ignaris
2493 5255 2506 5298 ;
2529 5235 2584 5285 et
2611 5231 2709 5302 qui
2732 5234 2866 5288 ante
2889 5230 3228 5286 cubiculum
3264 5235 3322 5288 et
3353 5231 3504 5287 fores
3533 5247 3705 5286 excu-

2056 5317 2296 5384 babant,
2338 5333 2408 5372 ex
2436 5316 2770 5373 istiusmodi
2827 5317 3230 5389 petulantibus
3276 5319 3524 5375 coetibus
3568 5335 3703 5375 con-

2057 5407 2178 5462 ﬂati
2215 5409 2396 5462 erant.
2415 5406 2676 5462 Tandem
2703 5406 2882 5462 etiam
2933 5423 3140 5464 canem
3185 5424 3481 5478 asperum,
3512 5409 3615 5479 qui
3645 5413 3702 5465 et

1687 5504 1852 5566 Hier.
1884 5505 2099 5567 Wolfii
2127 5513 2316 5567 notae.

366 5613 480 5686 (18)
513 5611 709 5668 Potest
735 5605 798 5662 τὸ
829 5606 909 5670 οἷς
939 5624 1041 5680 pro
1072 5601 1154 5684 ἔφ’
1185 5603 1267 5666 οἷς
1300 5598 1687 5678 αἳτιολογικῶς
1716 5602 1867 5675 capi,
1901 5621 1947 5660 ιιι

2055 5603 2322 5662 m‘endam
2373 5605 2582 5660 civium
2635 5604 3080 5676 indignationem
3130 5616 3359 5680 propter
3414 5605 3698 5676 ignaviam

293 5688 436 5757 eius.
