  <div class='ocr_page' id='page_1' title='image "/cluster/home/n/w/nwhite01/storage/ocr_20150623/139/mdp.39015078384214/349.png"; bbox 0 0 4126 6294; ppageno 0'>
   <div class='ocr_carea' id='block_1_1' title="bbox 393 383 509 441">
    <p class='ocr_par' dir='ltr' id='par_1_1' title="bbox 393 383 509 441">
     <span class='ocr_line' id='line_1_1' title="bbox 393 383 509 441; baseline 0 -1"><span class='ocrx_word' id='word_1_1' title='bbox 393 383 509 441; x_wconf 75' lang='lat'>679</span> 
     </span>
    </p>
   </div>
   <div class='ocr_carea' id='block_1_2' title="bbox 1707 361 2472 429">
    <p class='ocr_par' dir='ltr' id='par_1_2' title="bbox 1707 361 2472 429">
     <span class='ocr_line' id='line_1_2' title="bbox 1707 361 2472 429; baseline -0.007 0"><span class='ocrx_word' id='word_1_2' title='bbox 1707 371 1750 429; x_wconf 73' lang='grc' dir='ltr'><strong>Ν</strong></span> <span class='ocrx_word' id='word_1_3' title='bbox 1765 361 2012 428; x_wconf 70' lang='lat' dir='ltr'>lCET/E</span> <span class='ocrx_word' id='word_1_4' title='bbox 2054 367 2258 427; x_wconf 75' lang='grc' dir='ltr'>011οΝ</span> <span class='ocrx_word' id='word_1_5' title='bbox 2265 364 2472 426; x_wconf 74' lang='lat' dir='ltr'>IATE</span> 
     </span>
    </p>
   </div>
   <div class='ocr_carea' id='block_1_3' title="bbox 3673 371 3794 432">
    <p class='ocr_par' dir='ltr' id='par_1_3' title="bbox 3673 371 3794 432">
     <span class='ocr_line' id='line_1_3' title="bbox 3673 371 3794 432; baseline -0.017 0"><span class='ocrx_word' id='word_1_6' title='bbox 3673 371 3794 432; x_wconf 87' lang='lat'>680</span> 
     </span>
    </p>
   </div>
   <div class='ocr_carea' id='block_1_4' title="bbox 393 494 2033 578">
    <p class='ocr_par' dir='ltr' id='par_1_4' title="bbox 393 497 2026 578">
     <span class='ocr_line' id='line_1_4' title="bbox 393 497 2026 578; baseline -0.009 -10"><span class='ocrx_word' id='word_1_7' title='bbox 393 526 528 568; x_wconf 89' lang='lat' dir='ltr'>cum</span> <span class='ocrx_word' id='word_1_8' title='bbox 560 508 826 566; x_wconf 80' lang='lat' dir='ltr'>leonibus</span> <span class='ocrx_word' id='word_1_9' title='bbox 858 521 1112 578; x_wconf 82' lang='lat' dir='ltr'><strong>pugnare</strong></span> <span class='ocrx_word' id='word_1_10' title='bbox 1139 510 1194 560; x_wconf 90' lang='lat' dir='ltr'>et</span> <span class='ocrx_word' id='word_1_11' title='bbox 1222 509 1512 560; x_wconf 89' lang='lat' dir='ltr'><strong>armatum</strong></span> <span class='ocrx_word' id='word_1_12' title='bbox 1545 501 1804 575; x_wconf 79' lang='lat' dir='ltr'>equitem</span> <span class='ocrx_word' id='word_1_13' title='bbox 1862 497 2026 554; x_wconf 90' lang='lat' dir='ltr'><strong>humi</strong></span> 
     </span>
    </p>
   </div>
   <div class='ocr_carea' id='block_1_5' title="bbox 2143 494 3794 578">
    <p class='ocr_par' dir='ltr' id='par_1_5' title="bbox 2145 494 3794 576">
     <span class='ocr_line' id='line_1_5' title="bbox 2145 494 3794 576; baseline 0.002 -25"><span class='ocrx_word' id='word_1_14' title='bbox 2145 495 2312 568; x_wconf 88' lang='grc' dir='ltr'>μόνον</span> <span class='ocrx_word' id='word_1_15' title='bbox 2343 494 2647 572; x_wconf 71' lang='grc' dir='ltr'>θυγατέρων</span> <span class='ocrx_word' id='word_1_16' title='bbox 2697 497 2934 553; x_wconf 73' lang='grc' dir='ltr'>Θυέστου</span> <span class='ocrx_word' id='word_1_17' title='bbox 2977 499 3200 574; x_wconf 76' lang='grc' dir='ltr'>φθοράν.</span> <span class='ocrx_word' id='word_1_18' title='bbox 3233 499 3348 557; x_wconf 83' lang='grc' dir='ltr'>Οὐκ</span> <span class='ocrx_word' id='word_1_19' title='bbox 3393 495 3538 576; x_wconf 76' lang='grc' dir='ltr'>ἔχων</span> <span class='ocrx_word' id='word_1_20' title='bbox 3591 497 3648 555; x_wconf 70' lang='grc' dir='ltr'>δὲ</span> <span class='ocrx_word' id='word_1_21' title='bbox 3693 501 3794 570; x_wconf 75' lang='grc' dir='ltr'>τὴν</span> 
     </span>
    </p>
   </div>
   <div class='ocr_carea' id='block_1_6' title="bbox 392 587 2036 668">
    <p class='ocr_par' dir='ltr' id='par_1_6' title="bbox 392 587 2036 668">
     <span class='ocr_line' id='line_1_6' title="bbox 392 587 2036 668; baseline -0.009 -12"><span class='ocrx_word' id='word_1_22' title='bbox 392 608 650 656; x_wconf 88' lang='lat' dir='ltr'><strong>sternere</strong></span> <span class='ocrx_word' id='word_1_23' title='bbox 700 601 944 668; x_wconf 82' lang='lat' dir='ltr'>poterat,</span> <span class='ocrx_word' id='word_1_24' title='bbox 1003 594 1060 649; x_wconf 89' lang='lat' dir='ltr'>in</span> <span class='ocrx_word' id='word_1_25' title='bbox 1122 610 1228 649; x_wconf 88' lang='lat' dir='ltr'>suo</span> <span class='ocrx_word' id='word_1_26' title='bbox 1287 591 1546 648; x_wconf 80' lang='lat' dir='ltr'>conclavi</span> <span class='ocrx_word' id='word_1_27' title='bbox 1603 589 1831 646; x_wconf 84' lang='lat' dir='ltr'><strong>habuit.</strong></span> <span class='ocrx_word' id='word_1_28' title='bbox 1887 587 2036 643; x_wconf 90' lang='lat' dir='ltr'><strong>Nam</strong></span> 
     </span>
    </p>
   </div>
   <div class='ocr_carea' id='block_1_7' title="bbox 390 675 2036 754">
    <p class='ocr_par' dir='ltr' id='par_1_7' title="bbox 390 675 2036 754">
     <span class='ocr_line' id='line_1_7' title="bbox 390 675 2036 754; baseline -0.009 -10"><span class='ocrx_word' id='word_1_29' title='bbox 390 687 668 744; x_wconf 77' lang='lat' dir='ltr'>satellites</span> <span class='ocrx_word' id='word_1_30' title='bbox 699 691 757 741; x_wconf 88' lang='lat' dir='ltr'>et</span> <span class='ocrx_word' id='word_1_31' title='bbox 789 684 1062 740; x_wconf 82' lang='lat' dir='ltr'>custodes</span> <span class='ocrx_word' id='word_1_32' title='bbox 1095 687 1268 738; x_wconf 89' lang='lat' dir='ltr'><strong>noctu</strong></span> <span class='ocrx_word' id='word_1_33' title='bbox 1296 681 1495 754; x_wconf 83' lang='lat' dir='ltr'>procul</span> <span class='ocrx_word' id='word_1_34' title='bbox 1519 681 1591 736; x_wconf 92' lang='lat' dir='ltr'>ab</span> <span class='ocrx_word' id='word_1_35' title='bbox 1613 681 1742 752; x_wconf 85' lang='lat' dir='ltr'><strong>ejus</strong></span> <span class='ocrx_word' id='word_1_36' title='bbox 1765 675 2036 733; x_wconf 89' lang='lat' dir='ltr'><strong>cubiculo</strong></span> 
     </span>
    </p>
   </div>
   <div class='ocr_carea' id='block_1_8' title="bbox 392 763 2036 842">
    <p class='ocr_par' dir='ltr' id='par_1_8' title="bbox 392 763 2036 842">
     <span class='ocr_line' id='line_1_8' title="bbox 392 763 2036 842; baseline -0.009 -10"><span class='ocrx_word' id='word_1_37' title='bbox 392 775 722 832; x_wconf 74' lang='lat' dir='ltr'>cubabant:</span> <span class='ocrx_word' id='word_1_38' title='bbox 757 775 918 828; x_wconf 89' lang='lat' dir='ltr'><strong>canis</strong></span> <span class='ocrx_word' id='word_1_39' title='bbox 947 788 1082 827; x_wconf 83' lang='lat' dir='ltr'><strong>vero</strong></span> <span class='ocrx_word' id='word_1_40' title='bbox 1113 775 1178 828; x_wconf 84' lang='lat' dir='ltr'>ad</span> <span class='ocrx_word' id='word_1_41' title='bbox 1204 771 1452 842; x_wconf 85' lang='lat' dir='ltr'><strong>januam</strong></span> <span class='ocrx_word' id='word_1_42' title='bbox 1486 768 1759 840; x_wconf 87' lang='lat' dir='ltr'><strong>alligatus</strong></span> <span class='ocrx_word' id='word_1_43' title='bbox 1801 766 1872 821; x_wconf 92' lang='lat' dir='ltr'>ad</span> <span class='ocrx_word' id='word_1_44' title='bbox 1919 763 2036 820; x_wconf 81' lang='lat' dir='ltr'><strong>exi-</strong></span> 
     </span>
    </p>
   </div>
   <div class='ocr_carea' id='block_1_9' title="bbox 392 854 2036 937">
    <p class='ocr_par' dir='ltr' id='par_1_9' title="bbox 392 854 2036 937">
     <span class='ocr_line' id='line_1_9' title="bbox 392 854 2036 937; baseline -0.007 -17"><span class='ocrx_word' id='word_1_45' title='bbox 392 880 574 937; x_wconf 85' lang='lat' dir='ltr'><strong>guum</strong></span> <span class='ocrx_word' id='word_1_46' title='bbox 603 864 912 934; x_wconf 79' lang='lat' dir='ltr'>strepitum</span> <span class='ocrx_word' id='word_1_47' title='bbox 967 860 1324 916; x_wconf 83' lang='lat' dir='ltr'><strong>horrendum</strong></span> <span class='ocrx_word' id='word_1_48' title='bbox 1384 858 1442 913; x_wconf 90' lang='lat' dir='ltr'>in</span> <span class='ocrx_word' id='word_1_49' title='bbox 1495 859 1734 913; x_wconf 90' lang='lat' dir='ltr'><strong>modum</strong></span> <span class='ocrx_word' id='word_1_50' title='bbox 1765 854 2036 910; x_wconf 87' lang='lat' dir='ltr'><strong>latrabat.</strong></span> 
     </span>
    </p>
   </div>
   <div class='ocr_carea' id='block_1_10' title="bbox 391 944 2035 1026">
    <p class='ocr_par' dir='ltr' id='par_1_10' title="bbox 391 944 2035 1026">
     <span class='ocr_line' id='line_1_10' title="bbox 391 944 2035 1026; baseline -0.009 -15"><span class='ocrx_word' id='word_1_51' title='bbox 391 957 476 1012; x_wconf 84' lang='lat' dir='ltr'>Ita</span> <span class='ocrx_word' id='word_1_52' title='bbox 507 953 790 1026; x_wconf 80' lang='lat' dir='ltr'>paulatim</span> <span class='ocrx_word' id='word_1_53' title='bbox 823 951 1256 1024; x_wconf 85' lang='lat' dir='ltr'><strong>Cpolitanorum</strong></span> <span class='ocrx_word' id='word_1_54' title='bbox 1290 947 1657 1020; x_wconf 81' lang='lat' dir='ltr'>simplicitati</span> <span class='ocrx_word' id='word_1_55' title='bbox 1693 944 2035 1012; x_wconf 87' lang='lat' dir='ltr'><strong>insultabat,</strong></span> 
     </span>
    </p>
   </div>
   <div class='ocr_carea' id='block_1_11' title="bbox 389 1035 2040 1116">
    <p class='ocr_par' dir='ltr' id='par_1_11' title="bbox 389 1035 2040 1116">
     <span class='ocr_line' id='line_1_11' title="bbox 389 1035 2040 1116; baseline -0.009 -14"><span class='ocrx_word' id='word_1_56' title='bbox 389 1050 448 1102; x_wconf 89' lang='lat' dir='ltr'>et</span> <span class='ocrx_word' id='word_1_57' title='bbox 473 1044 643 1116; x_wconf 90' lang='lat' dir='ltr'><strong>quasi</strong></span> <span class='ocrx_word' id='word_1_58' title='bbox 675 1043 915 1098; x_wconf 83' lang='lat' dir='ltr'><strong>naribus</strong></span> <span class='ocrx_word' id='word_1_59' title='bbox 943 1056 1266 1112; x_wconf 86' lang='lat' dir='ltr'><strong>suspensos</strong></span> <span class='ocrx_word' id='word_1_60' title='bbox 1297 1037 1586 1105; x_wconf 75' lang='lat' dir='ltr'>trahebat,</span> <span class='ocrx_word' id='word_1_61' title='bbox 1614 1041 1671 1092; x_wconf 83' lang='lat' dir='ltr'>et</span> <span class='ocrx_word' id='word_1_62' title='bbox 1702 1039 1765 1090; x_wconf 88' lang='lat' dir='ltr'>ut</span> <span class='ocrx_word' id='word_1_63' title='bbox 1806 1035 1878 1089; x_wconf 86' lang='lat' dir='ltr'>ad</span> <span class='ocrx_word' id='word_1_64' title='bbox 1919 1049 2040 1088; x_wconf 89' lang='lat' dir='ltr'><strong>om-</strong></span> 
     </span>
    </p>
   </div>
   <div class='ocr_carea' id='block_1_12' title="bbox 391 1125 2039 1204">
    <p class='ocr_par' dir='ltr' id='par_1_12' title="bbox 391 1125 2039 1204">
     <span class='ocr_line' id='line_1_12' title="bbox 391 1125 2039 1204; baseline -0.008 -14"><span class='ocrx_word' id='word_1_65' title='bbox 391 1151 523 1191; x_wconf 87' lang='lat' dir='ltr'>nem</span> <span class='ocrx_word' id='word_1_66' title='bbox 557 1134 978 1204; x_wconf 84' lang='lat' dir='ltr'>imperatorum</span> <span class='ocrx_word' id='word_1_67' title='bbox 1009 1129 1436 1186; x_wconf 83' lang='lat' dir='ltr'><strong>observantiam</strong></span> <span class='ocrx_word' id='word_1_68' title='bbox 1467 1132 1526 1182; x_wconf 94' lang='lat' dir='ltr'>et</span> <span class='ocrx_word' id='word_1_69' title='bbox 1555 1125 1776 1182; x_wconf 91' lang='lat' dir='ltr'><strong>cultum</strong></span> <span class='ocrx_word' id='word_1_70' title='bbox 1803 1126 2039 1196; x_wconf 85' lang='lat' dir='ltr'><strong>paratos</strong></span> 
     </span>
    </p>
   </div>
   <div class='ocr_carea' id='block_1_13' title="bbox 387 1211 2039 1296">
    <p class='ocr_par' dir='ltr' id='par_1_13' title="bbox 387 1211 2039 1296">
     <span class='ocr_line' id='line_1_13' title="bbox 387 1211 2039 1296; baseline -0.007 -18"><span class='ocrx_word' id='word_1_71' title='bbox 387 1223 656 1296; x_wconf 89' lang='lat' dir='ltr'><strong>(ignarus</strong></span> <span class='ocrx_word' id='word_1_72' title='bbox 684 1238 746 1278; x_wconf 89' lang='lat' dir='ltr'>se</span> <span class='ocrx_word' id='word_1_73' title='bbox 778 1221 849 1276; x_wconf 92' lang='lat' dir='ltr'>ab</span> <span class='ocrx_word' id='word_1_74' title='bbox 883 1219 1000 1275; x_wconf 84' lang='lat' dir='ltr'><strong>illis</strong></span> <span class='ocrx_word' id='word_1_75' title='bbox 1041 1219 1288 1291; x_wconf 89' lang='lat' dir='ltr'><strong>imperio</strong></span> <span class='ocrx_word' id='word_1_76' title='bbox 1321 1217 1612 1288; x_wconf 88' lang='lat' dir='ltr'><strong>dejectum</strong></span> <span class='ocrx_word' id='word_1_77' title='bbox 1659 1211 2039 1286; x_wconf 83' lang='lat' dir='ltr'><strong>gravissimas</strong></span> 
     </span>
    </p>
   </div>
   <div class='ocr_carea' id='block_1_14' title="bbox 391 1307 2040 1386">
    <p class='ocr_par' dir='ltr' id='par_1_14' title="bbox 391 1307 2040 1386">
     <span class='ocr_line' id='line_1_14' title="bbox 391 1307 2040 1386; baseline -0.008 -16"><span class='ocrx_word' id='word_1_78' title='bbox 391 1329 594 1386; x_wconf 70' lang='lat' dir='ltr'><strong>poenas</strong></span> <span class='ocrx_word' id='word_1_79' title='bbox 626 1313 904 1368; x_wconf 87' lang='lat' dir='ltr'><strong>daturum</strong></span> <span class='ocrx_word' id='word_1_80' title='bbox 969 1313 1120 1378; x_wconf 88' lang='lat' dir='ltr'><strong>esse)</strong></span> <span class='ocrx_word' id='word_1_81' title='bbox 1177 1307 1499 1364; x_wconf 83' lang='lat' dir='ltr'><strong>deridebat.</strong></span> <span class='ocrx_word' id='word_1_82' title='bbox 1561 1307 1763 1376; x_wconf 84' lang='lat' dir='ltr'><strong>Itaque</strong></span> <span class='ocrx_word' id='word_1_83' title='bbox 1820 1318 2040 1358; x_wconf 84' lang='lat' dir='ltr'><strong>cornua</strong></span> 
     </span>
    </p>
   </div>
   <div class='ocr_carea' id='block_1_15' title="bbox 389 1389 2040 1473">
    <p class='ocr_par' dir='ltr' id='par_1_15' title="bbox 389 1389 2040 1473">
     <span class='ocr_line' id='line_1_15' title="bbox 389 1389 2040 1473; baseline -0.01 -14"><span class='ocrx_word' id='word_1_84' title='bbox 389 1419 716 1466; x_wconf 78' lang='lat' dir='ltr'><strong>cervorum,</strong></span> <span class='ocrx_word' id='word_1_85' title='bbox 767 1417 915 1473; x_wconf 89' lang='lat' dir='ltr'><strong>quos</strong></span> <span class='ocrx_word' id='word_1_86' title='bbox 981 1401 1224 1453; x_wconf 76' lang='lat' dir='ltr'><strong>venatus</strong></span> <span class='ocrx_word' id='word_1_87' title='bbox 1280 1401 1423 1460; x_wconf 86' lang='lat' dir='ltr'><strong>erat,</strong></span> <span class='ocrx_word' id='word_1_88' title='bbox 1494 1393 1749 1464; x_wconf 72' lang='lat' dir='ltr'><strong>insignia</strong></span> <span class='ocrx_word' id='word_1_89' title='bbox 1806 1395 1864 1447; x_wconf 86' lang='lat' dir='ltr'>et</span> <span class='ocrx_word' id='word_1_90' title='bbox 1928 1389 2040 1444; x_wconf 85' lang='lat' dir='ltr'><strong>rari</strong></span> 
     </span>
    </p>
   </div>
   <div class='ocr_carea' id='block_1_16' title="bbox 397 1479 2038 1562">
    <p class='ocr_par' dir='ltr' id='par_1_16' title="bbox 397 1479 2038 1562">
     <span class='ocr_line' id='line_1_16' title="bbox 397 1479 2038 1562; baseline -0.009 -14"><span class='ocrx_word' id='word_1_91' title='bbox 397 1494 551 1548; x_wconf 73' lang='lat'>419</span> <span class='ocrx_word' id='word_1_92' title='bbox 583 1490 802 1562; x_wconf 88' lang='lat' dir='ltr'><strong>aliquid</strong></span> <span class='ocrx_word' id='word_1_93' title='bbox 833 1487 1110 1543; x_wconf 83' lang='lat' dir='ltr'><strong>habentia</strong></span> <span class='ocrx_word' id='word_1_94' title='bbox 1131 1486 1190 1541; x_wconf 88' lang='lat' dir='ltr'>in</span> <span class='ocrx_word' id='word_1_95' title='bbox 1226 1485 1550 1558; x_wconf 90' lang='lat' dir='ltr'><strong>porticibus</strong></span> <span class='ocrx_word' id='word_1_96' title='bbox 1581 1481 1689 1538; x_wconf 82' lang='lat' dir='ltr'><strong>fori</strong></span> <span class='ocrx_word' id='word_1_97' title='bbox 1719 1479 2038 1551; x_wconf 87' lang='lat' dir='ltr'><strong>suspende-</strong></span> 
     </span>
    </p>
   </div>
   <div class='ocr_carea' id='block_1_17' title="bbox 399 1568 2041 1652">
    <p class='ocr_par' dir='ltr' id='par_1_17' title="bbox 399 1568 2041 1652">
     <span class='ocr_line' id='line_1_17' title="bbox 399 1568 2041 1652; baseline -0.01 -14"><span class='ocrx_word' id='word_1_98' title='bbox 399 1582 516 1649; x_wconf 88' lang='lat' dir='ltr'><strong>bat,</strong></span> <span class='ocrx_word' id='word_1_99' title='bbox 551 1597 652 1652; x_wconf 92' lang='lat' dir='ltr'>per</span> <span class='ocrx_word' id='word_1_100' title='bbox 683 1577 936 1651; x_wconf 85' lang='lat' dir='ltr'><strong>speciem</strong></span> <span class='ocrx_word' id='word_1_101' title='bbox 997 1574 1354 1632; x_wconf 55' lang='lat' dir='ltr'><strong>ostentandae</strong></span> <span class='ocrx_word' id='word_1_102' title='bbox 1411 1569 1835 1643; x_wconf 86' lang='lat' dir='ltr'><strong>magnitudinis</strong></span> <span class='ocrx_word' id='word_1_103' title='bbox 1889 1568 2041 1623; x_wconf 80' lang='lat' dir='ltr'><strong>fera-</strong></span> 
     </span>
    </p>
   </div>
   <div class='ocr_carea' id='block_1_18' title="bbox 397 1659 2039 1742">
    <p class='ocr_par' dir='ltr' id='par_1_18' title="bbox 397 1659 2039 1742">
     <span class='ocr_line' id='line_1_18' title="bbox 397 1659 2039 1742; baseline -0.009 -16"><span class='ocrx_word' id='word_1_104' title='bbox 397 1687 528 1726; x_wconf 87' lang='lat' dir='ltr'>rum</span> <span class='ocrx_word' id='word_1_105' title='bbox 561 1685 708 1742; x_wconf 85' lang='lat' dir='ltr'><strong>quas</strong></span> <span class='ocrx_word' id='word_1_106' title='bbox 739 1665 1008 1738; x_wconf 86' lang='lat' dir='ltr'><strong>cepisset,</strong></span> <span class='ocrx_word' id='word_1_107' title='bbox 1035 1681 1168 1720; x_wconf 89' lang='lat' dir='ltr'>cum</span> <span class='ocrx_word' id='word_1_108' title='bbox 1209 1679 1406 1718; x_wconf 85' lang='lat' dir='ltr'><strong>revera</strong></span> <span class='ocrx_word' id='word_1_109' title='bbox 1441 1659 1688 1716; x_wconf 84' lang='lat' dir='ltr'><strong>civitatis</strong></span> <span class='ocrx_word' id='word_1_110' title='bbox 1711 1663 1770 1714; x_wconf 90' lang='lat' dir='ltr'>et</span> <span class='ocrx_word' id='word_1_111' title='bbox 1791 1673 2039 1713; x_wconf 83' lang='lat' dir='ltr'><strong>uxorum</strong></span> 
     </span>
    </p>
   </div>
   <div class='ocr_carea' id='block_1_19' title="bbox 391 1749 2039 1830">
    <p class='ocr_par' dir='ltr' id='par_1_19' title="bbox 391 1749 2039 1830">
     <span class='ocr_line' id='line_1_19' title="bbox 391 1749 2039 1830; baseline -0.009 -16"><span class='ocrx_word' id='word_1_112' title='bbox 391 1777 533 1830; x_wconf 88' lang='lat' dir='ltr'><strong>quas</strong></span> <span class='ocrx_word' id='word_1_113' title='bbox 559 1759 682 1827; x_wconf 88' lang='lat' dir='ltr'><strong>ipse</strong></span> <span class='ocrx_word' id='word_1_114' title='bbox 701 1753 1111 1826; x_wconf 88' lang='lat' dir='ltr'><strong>corrumpebat</strong></span> <span class='ocrx_word' id='word_1_115' title='bbox 1132 1751 1431 1808; x_wconf 90' lang='lat' dir='ltr'><strong>lasciviam</strong></span> <span class='ocrx_word' id='word_1_116' title='bbox 1473 1753 1718 1806; x_wconf 88' lang='lat' dir='ltr'><strong>notaret.</strong></span> <span class='ocrx_word' id='word_1_117' title='bbox 1753 1749 1874 1812; x_wconf 86' lang='lat' dir='ltr'><strong>Quo</strong></span> <span class='ocrx_word' id='word_1_118' title='bbox 1907 1759 2039 1800; x_wconf 88' lang='lat' dir='ltr'><strong>vero</strong></span> 
     </span>
    </p>
   </div>
   <div class='ocr_carea' id='block_1_20' title="bbox 2149 584 3794 670">
    <p class='ocr_par' dir='ltr' id='par_1_20' title="bbox 2149 584 3794 670">
     <span class='ocr_line' id='line_1_20' title="bbox 2149 584 3794 670; baseline 0.002 -30"><span class='ocrx_word' id='word_1_119' title='bbox 2149 584 2270 657; x_wconf 72' lang='grc' dir='ltr'>ἴσην</span> <span class='ocrx_word' id='word_1_120' title='bbox 2342 586 2480 662; x_wconf 76' lang='grc' dir='ltr'>πρὸς</span> <span class='ocrx_word' id='word_1_121' title='bbox 2555 590 2619 644; x_wconf 83' lang='grc' dir='ltr'>τὸ</span> <span class='ocrx_word' id='word_1_122' title='bbox 2693 589 3100 646; x_wconf 73' lang='grc' dir='ltr'>ἀκολασταίνειν</span> <span class='ocrx_word' id='word_1_123' title='bbox 3177 589 3361 670; x_wconf 77' lang='grc' dir='ltr'>ἰσχὺν,</span> <span class='ocrx_word' id='word_1_124' title='bbox 3439 592 3515 652; x_wconf 89' lang='grc' dir='ltr'>ὡς</span> <span class='ocrx_word' id='word_1_125' title='bbox 3575 589 3794 646; x_wconf 80' lang='grc' dir='ltr'>Ἰόλεων</span> 
     </span>
    </p>
   </div>
   <div class='ocr_carea' id='block_1_21' title="bbox 2147 674 3796 758">
    <p class='ocr_par' dir='ltr' id='par_1_21' title="bbox 2147 674 3796 758">
     <span class='ocr_line' id='line_1_21' title="bbox 2147 674 3796 758; baseline 0.002 -29"><span class='ocrx_word' id='word_1_126' title='bbox 2147 674 2352 740; x_wconf 70' lang='grc' dir='ltr'>ἐκεῖνος</span> <span class='ocrx_word' id='word_1_127' title='bbox 2387 677 2524 732; x_wconf 84' lang='grc' dir='ltr'>κατά</span> <span class='ocrx_word' id='word_1_128' title='bbox 2551 681 2654 742; x_wconf 79' lang='grc' dir='ltr'>τῆς</span> <span class='ocrx_word' id='word_1_129' title='bbox 2701 677 3054 758; x_wconf 79' lang='grc' dir='ltr'>παλιμφυοῦς</span> <span class='ocrx_word' id='word_1_130' title='bbox 3097 676 3260 753; x_wconf 69' lang='grc' dir='ltr'>ὕδρας</span> <span class='ocrx_word' id='word_1_131' title='bbox 3310 678 3612 754; x_wconf 83' lang='grc' dir='ltr'>συνέριθον,</span> <span class='ocrx_word' id='word_1_132' title='bbox 3653 678 3796 734; x_wconf 77' lang='grc' dir='ltr'>οὕτω</span> 
     </span>
    </p>
   </div>
   <div class='ocr_carea' id='block_1_22' title="bbox 2149 765 3799 846">
    <p class='ocr_par' dir='ltr' id='par_1_22' title="bbox 2149 765 3799 846">
     <span class='ocr_line' id='line_1_22' title="bbox 2149 765 3799 846; baseline 0.001 -28"><span class='ocrx_word' id='word_1_133' title='bbox 2149 765 2242 819; x_wconf 83' lang='grc' dir='ltr'>καὶ</span> <span class='ocrx_word' id='word_1_134' title='bbox 2303 767 2460 828; x_wconf 84' lang='grc' dir='ltr'>οὗτος</span> <span class='ocrx_word' id='word_1_135' title='bbox 2505 767 2572 822; x_wconf 83' lang='grc' dir='ltr'>τὰ</span> <span class='ocrx_word' id='word_1_136' title='bbox 2627 768 2731 822; x_wconf 85' lang='grc' dir='ltr'>ὑπὸ</span> <span class='ocrx_word' id='word_1_137' title='bbox 2759 769 2988 842; x_wconf 87' lang='grc' dir='ltr'>γαστρὸς</span> <span class='ocrx_word' id='word_1_138' title='bbox 3039 767 3176 842; x_wconf 76' lang='grc' dir='ltr'>πρὸς</span> <span class='ocrx_word' id='word_1_139' title='bbox 3207 767 3488 822; x_wconf 88' lang='grc' dir='ltr'>συνονυίοιν</span> <span class='ocrx_word' id='word_1_140' title='bbox 3538 767 3799 846; x_wconf 72' lang='grc' dir='ltr'>ἀλοιφαῖς</span> 
     </span>
    </p>
   </div>
   <div class='ocr_carea' id='block_1_23' title="bbox 2145 854 3798 932">
    <p class='ocr_par' dir='ltr' id='par_1_23' title="bbox 2145 854 3798 932">
     <span class='ocr_line' id='line_1_23' title="bbox 2145 854 3798 932; baseline 0.002 -24"><span class='ocrx_word' id='word_1_141' title='bbox 2145 856 2236 909; x_wconf 85' lang='grc' dir='ltr'>καὶ</span> <span class='ocrx_word' id='word_1_142' title='bbox 2297 861 2572 930; x_wconf 79' lang='grc' dir='ltr'>περιττοῖς</span> <span class='ocrx_word' id='word_1_143' title='bbox 2631 856 2992 930; x_wconf 73' lang='grc' dir='ltr'>σκευάσμασιν</span> <span class='ocrx_word' id='word_1_144' title='bbox 3051 855 3432 932; x_wconf 76' lang='grc' dir='ltr'>ἀνερῥώνυοεν.</span> <span class='ocrx_word' id='word_1_145' title='bbox 3492 858 3682 922; x_wconf 87' lang='grc' dir='ltr'>Ἦσθιε</span> <span class='ocrx_word' id='word_1_146' title='bbox 3739 854 3798 912; x_wconf 78' lang='grc' dir='ltr'>δὲ</span> 
     </span>
    </p>
   </div>
   <div class='ocr_carea' id='block_1_24' title="bbox 2147 941 3792 1024">
    <p class='ocr_par' dir='ltr' id='par_1_24' title="bbox 2147 941 3792 1024">
     <span class='ocr_line' id='line_1_24' title="bbox 2147 941 3792 1024; baseline 0.002 -28"><span class='ocrx_word' id='word_1_147' title='bbox 2147 941 2238 997; x_wconf 73' lang='grc' dir='ltr'>καὶ</span> <span class='ocrx_word' id='word_1_148' title='bbox 2297 948 2404 1013; x_wconf 83' lang='grc' dir='ltr'>ζῶν</span> <span class='ocrx_word' id='word_1_149' title='bbox 2463 943 2729 1018; x_wconf 81' lang='grc' dir='ltr'>Νειλῷον,</span> <span class='ocrx_word' id='word_1_150' title='bbox 2781 945 3120 1020; x_wconf 74' lang='grc' dir='ltr'>κροκοδείλῳ</span> <span class='ocrx_word' id='word_1_151' title='bbox 3203 945 3342 1000; x_wconf 79' lang='grc' dir='ltr'>πάνυ</span> <span class='ocrx_word' id='word_1_152' title='bbox 3415 967 3468 1001; x_wconf 88' lang='grc' dir='ltr'>τι</span> <span class='ocrx_word' id='word_1_153' title='bbox 3543 943 3792 1024; x_wconf 79' lang='grc' dir='ltr'>ἐμφερὲς,</span> 
     </span>
    </p>
   </div>
   <div class='ocr_carea' id='block_1_25' title="bbox 2150 1031 3794 1109">
    <p class='ocr_par' dir='ltr' id='par_1_25' title="bbox 2150 1031 3794 1109">
     <span class='ocr_line' id='line_1_25' title="bbox 2150 1031 3794 1109; baseline 0.001 -23"><span class='ocrx_word' id='word_1_154' title='bbox 2150 1033 2368 1109; x_wconf 88' lang='grc' dir='ltr'>σκίγγον</span> <span class='ocrx_word' id='word_1_155' title='bbox 2401 1031 2718 1108; x_wconf 84' lang='grc' dir='ltr'>λεγόμενον,</span> <span class='ocrx_word' id='word_1_156' title='bbox 2746 1033 3004 1090; x_wconf 80' lang='grc' dir='ltr'>ἀπόσιτον</span> <span class='ocrx_word' id='word_1_157' title='bbox 3042 1037 3138 1108; x_wconf 74' lang='grc' dir='ltr'>μέν</span> <span class='ocrx_word' id='word_1_158' title='bbox 3166 1040 3284 1097; x_wconf 84' lang='grc' dir='ltr'>τοῖς</span> <span class='ocrx_word' id='word_1_159' title='bbox 3331 1036 3406 1108; x_wconf 75' lang='grc' dir='ltr'>μὴ</span> <span class='ocrx_word' id='word_1_160' title='bbox 3453 1035 3520 1090; x_wconf 81' lang='grc' dir='ltr'>τὰ</span> <span class='ocrx_word' id='word_1_161' title='bbox 3569 1040 3794 1089; x_wconf 79' lang='grc' dir='ltr'>τοιαῦτα</span> 
     </span>
    </p>
   </div>
   <div class='ocr_carea' id='block_1_26' title="bbox 2153 1121 3792 1198">
    <p class='ocr_par' dir='ltr' id='par_1_26' title="bbox 2153 1121 3792 1198">
     <span class='ocr_line' id='line_1_26' title="bbox 2153 1121 3792 1198; baseline 0.002 -22"><span class='ocrx_word' id='word_1_162' title='bbox 2153 1122 2365 1196; x_wconf 82' lang='grc' dir='ltr'>βρωτέα</span> <span class='ocrx_word' id='word_1_163' title='bbox 2413 1123 2679 1198; x_wconf 85' lang='grc' dir='ltr'>κρίνουσι,</span> <span class='ocrx_word' id='word_1_164' title='bbox 2713 1121 3006 1198; x_wconf 85' lang='grc' dir='ltr'>διερεθίζον</span> <span class='ocrx_word' id='word_1_165' title='bbox 3063 1121 3111 1178; x_wconf 89' lang='grc' dir='ltr'>δ’</span> <span class='ocrx_word' id='word_1_166' title='bbox 3159 1125 3314 1198; x_wconf 79' lang='grc' dir='ltr'>ὅμως</span> <span class='ocrx_word' id='word_1_167' title='bbox 3371 1125 3458 1179; x_wconf 82' lang='grc' dir='ltr'>καὶ</span> <span class='ocrx_word' id='word_1_168' title='bbox 3510 1122 3792 1179; x_wconf 81' lang='grc' dir='ltr'>διανιστῶν</span> 
     </span>
    </p>
   </div>
   <div class='ocr_carea' id='block_1_27' title="bbox 2151 1209 3794 1288">
    <p class='ocr_par' dir='ltr' id='par_1_27' title="bbox 2151 1209 3794 1288">
     <span class='ocr_line' id='line_1_27' title="bbox 2151 1209 3794 1288; baseline 0 -22"><span class='ocrx_word' id='word_1_169' title='bbox 2151 1211 2203 1266; x_wconf 83' lang='grc' dir='ltr'>ἐν</span> <span class='ocrx_word' id='word_1_170' title='bbox 2247 1217 2370 1274; x_wconf 87' lang='grc' dir='ltr'>ταῖς</span> <span class='ocrx_word' id='word_1_171' title='bbox 2427 1211 2676 1284; x_wconf 81' lang='grc' dir='ltr'>ὁμιλίαις</span> <span class='ocrx_word' id='word_1_172' title='bbox 2734 1215 2870 1288; x_wconf 81' lang='grc' dir='ltr'>πρὸς</span> <span class='ocrx_word' id='word_1_173' title='bbox 2927 1214 3348 1288; x_wconf 80' lang='grc' dir='ltr'>συνουσιασμόν.</span> <span class='ocrx_word' id='word_1_174' title='bbox 3409 1213 3558 1271; x_wconf 82' lang='grc' dir='ltr'>Κατά</span> <span class='ocrx_word' id='word_1_175' title='bbox 3617 1209 3674 1268; x_wconf 72' lang='grc' dir='ltr'>δέ</span> <span class='ocrx_word' id='word_1_176' title='bbox 3726 1214 3794 1267; x_wconf 79' lang='grc' dir='ltr'>τὰ</span> 
     </span>
    </p>
   </div>
   <div class='ocr_carea' id='block_1_28' title="bbox 2149 1297 3794 1376">
    <p class='ocr_par' dir='ltr' id='par_1_28' title="bbox 2149 1297 3794 1376">
     <span class='ocr_line' id='line_1_28' title="bbox 2149 1297 3794 1376; baseline 0 -22"><span class='ocrx_word' id='word_1_177' title='bbox 2149 1301 2348 1375; x_wconf 72' lang='grc' dir='ltr'>ἀρχεῖα</span> <span class='ocrx_word' id='word_1_178' title='bbox 2376 1303 2662 1376; x_wconf 76' lang='grc' dir='ltr'>γινόμενος</span> <span class='ocrx_word' id='word_1_179' title='bbox 2693 1302 2800 1358; x_wconf 82' lang='grc' dir='ltr'>ἀπὸ</span> <span class='ocrx_word' id='word_1_180' title='bbox 2827 1307 2938 1358; x_wconf 88' lang='grc' dir='ltr'>τῶν</span> <span class='ocrx_word' id='word_1_181' title='bbox 2969 1300 3164 1374; x_wconf 81' lang='grc' dir='ltr'>ἔξωθεν</span> <span class='ocrx_word' id='word_1_182' title='bbox 3192 1305 3279 1376; x_wconf 86' lang='grc' dir='ltr'>[Ρ.</span> <span class='ocrx_word' id='word_1_183' title='bbox 3323 1304 3446 1376; x_wconf 75' lang='grc'>107]</span> <span class='ocrx_word' id='word_1_184' title='bbox 3503 1297 3794 1376; x_wconf 75' lang='grc' dir='ltr'>διατριϐῶν</span> 
     </span>
    </p>
   </div>
   <div class='ocr_carea' id='block_1_29' title="bbox 2147 1387 3790 1468">
    <p class='ocr_par' dir='ltr' id='par_1_29' title="bbox 2147 1387 3790 1468">
     <span class='ocr_line' id='line_1_29' title="bbox 2147 1387 3790 1468; baseline 0.001 -26"><span class='ocrx_word' id='word_1_185' title='bbox 2147 1409 2205 1443; x_wconf 89' lang='grc' dir='ltr'>τε</span> <span class='ocrx_word' id='word_1_186' title='bbox 2233 1391 2324 1443; x_wconf 85' lang='grc' dir='ltr'>καὶ</span> <span class='ocrx_word' id='word_1_187' title='bbox 2357 1387 2661 1466; x_wconf 88' lang='grc' dir='ltr'>διαχύσεων</span> <span class='ocrx_word' id='word_1_188' title='bbox 2693 1390 2792 1446; x_wconf 84' lang='grc' dir='ltr'>ούκ</span> <span class='ocrx_word' id='word_1_189' title='bbox 2821 1390 3016 1468; x_wconf 78' lang='grc' dir='ltr'>ὀλίγον</span> <span class='ocrx_word' id='word_1_190' title='bbox 3069 1393 3164 1464; x_wconf 73' lang='grc' dir='ltr'>μὲν</span> <span class='ocrx_word' id='word_1_191' title='bbox 3213 1391 3304 1447; x_wconf 77' lang='grc' dir='ltr'>καὶ</span> <span class='ocrx_word' id='word_1_192' title='bbox 3353 1393 3416 1448; x_wconf 83' lang='grc' dir='ltr'>τὸ</span> <span class='ocrx_word' id='word_1_193' title='bbox 3460 1391 3586 1464; x_wconf 85' lang='grc' dir='ltr'>περὶ</span> <span class='ocrx_word' id='word_1_194' title='bbox 3633 1391 3790 1446; x_wconf 84' lang='grc' dir='ltr'>αὐτὸν</span> 
     </span>
    </p>
   </div>
   <div class='ocr_carea' id='block_1_30' title="bbox 2149 1473 3791 1554">
    <p class='ocr_par' dir='ltr' id='par_1_30' title="bbox 2149 1473 3791 1554">
     <span class='ocr_line' id='line_1_30' title="bbox 2149 1473 3791 1554; baseline 0.002 -25"><span class='ocrx_word' id='word_1_195' title='bbox 2149 1475 2270 1550; x_wconf 82' lang='grc' dir='ltr'>εἶχε</span> <span class='ocrx_word' id='word_1_196' title='bbox 2303 1473 2686 1552; x_wconf 77' lang='grc' dir='ltr'>δορυφορικὸν,</span> <span class='ocrx_word' id='word_1_197' title='bbox 2717 1479 2810 1532; x_wconf 81' lang='grc' dir='ltr'>καὶ</span> <span class='ocrx_word' id='word_1_198' title='bbox 2849 1484 3010 1534; x_wconf 78' lang='grc' dir='ltr'>τοῦτο</span> <span class='ocrx_word' id='word_1_199' title='bbox 3061 1477 3122 1534; x_wconf 88' lang='grc' dir='ltr'>ἐκ</span> <span class='ocrx_word' id='word_1_200' title='bbox 3171 1473 3468 1554; x_wconf 77' lang='grc' dir='ltr'>Βαρϐάρων</span> <span class='ocrx_word' id='word_1_201' title='bbox 3517 1476 3652 1534; x_wconf 83' lang='grc' dir='ltr'>ίλῶν</span> <span class='ocrx_word' id='word_1_202' title='bbox 3701 1478 3791 1532; x_wconf 79' lang='grc' dir='ltr'>καὶ</span> 
     </span>
    </p>
   </div>
   <div class='ocr_carea' id='block_1_31' title="bbox 2150 1563 3795 1642">
    <p class='ocr_par' dir='ltr' id='par_1_31' title="bbox 2150 1563 3795 1642">
     <span class='ocr_line' id='line_1_31' title="bbox 2150 1563 3795 1642; baseline 0.002 -24"><span class='ocrx_word' id='word_1_203' title='bbox 2150 1563 2356 1639; x_wconf 87' lang='grc' dir='ltr'>ἀνδρῶν</span> <span class='ocrx_word' id='word_1_204' title='bbox 2391 1565 2604 1638; x_wconf 82' lang='grc' dir='ltr'>λοιμῶν</span> <span class='ocrx_word' id='word_1_205' title='bbox 2635 1569 2942 1642; x_wconf 86' lang='grc' dir='ltr'>χαιρόντων</span> <span class='ocrx_word' id='word_1_206' title='bbox 2971 1566 3291 1640; x_wconf 81' lang='grc' dir='ltr'>ἀπαιδευσίᾳ</span> <span class='ocrx_word' id='word_1_207' title='bbox 3346 1567 3435 1623; x_wconf 79' lang='grc' dir='ltr'>καὶ</span> <span class='ocrx_word' id='word_1_208' title='bbox 3466 1569 3532 1623; x_wconf 83' lang='grc' dir='ltr'>τὰ</span> <span class='ocrx_word' id='word_1_209' title='bbox 3561 1565 3795 1622; x_wconf 86' lang='grc' dir='ltr'>πλεῖστα</span> 
     </span>
    </p>
   </div>
   <div class='ocr_carea' id='block_1_32' title="bbox 2155 1653 3798 1734">
    <p class='ocr_par' dir='ltr' id='par_1_32' title="bbox 2155 1653 3798 1734">
     <span class='ocr_line' id='line_1_32' title="bbox 2155 1653 3798 1734; baseline 0.001 -24"><span class='ocrx_word' id='word_1_210' title='bbox 2155 1653 2284 1728; x_wconf 88' lang='grc' dir='ltr'>μηδ’</span> <span class='ocrx_word' id='word_1_211' title='bbox 2341 1653 2642 1712; x_wconf 79' lang='grc' dir='ltr'>ἐπαϊόντων</span> <span class='ocrx_word' id='word_1_212' title='bbox 2688 1655 3020 1726; x_wconf 82' lang='grc' dir='ltr'>Ἑλληνίδος</span> <span class='ocrx_word' id='word_1_213' title='bbox 3070 1665 3278 1734; x_wconf 77' lang='grc' dir='ltr'>φωνῆς.</span> <span class='ocrx_word' id='word_1_214' title='bbox 3337 1659 3434 1713; x_wconf 78' lang='grc' dir='ltr'>Καὶ</span> <span class='ocrx_word' id='word_1_215' title='bbox 3471 1655 3598 1718; x_wconf 75' lang='grc' dir='ltr'>τοὺς</span> <span class='ocrx_word' id='word_1_216' title='bbox 3654 1677 3798 1733; x_wconf 87' lang='grc' dir='ltr'>προ-</span> 
     </span>
    </p>
   </div>
   <div class='ocr_carea' id='block_1_33' title="bbox 2149 1742 3796 1826">
    <p class='ocr_par' dir='ltr' id='par_1_33' title="bbox 2149 1742 3796 1826">
     <span class='ocr_line' id='line_1_33' title="bbox 2149 1742 3796 1826; baseline 0 -26"><span class='ocrx_word' id='word_1_217' title='bbox 2149 1745 2364 1806; x_wconf 87' lang='grc' dir='ltr'>κοίτους</span> <span class='ocrx_word' id='word_1_218' title='bbox 2395 1742 2454 1800; x_wconf 63' lang='grc' dir='ltr'>δὲ</span> <span class='ocrx_word' id='word_1_219' title='bbox 2507 1747 2594 1800; x_wconf 85' lang='grc' dir='ltr'>καὶ</span> <span class='ocrx_word' id='word_1_220' title='bbox 2655 1744 3012 1826; x_wconf 84' lang='grc' dir='ltr'>προφύλακας</span> <span class='ocrx_word' id='word_1_221' title='bbox 3064 1745 3206 1802; x_wconf 73' lang='grc' dir='ltr'>ἐσαεὶ</span> <span class='ocrx_word' id='word_1_222' title='bbox 3261 1746 3526 1803; x_wconf 82' lang='grc' dir='ltr'>τοιούτων</span> <span class='ocrx_word' id='word_1_223' title='bbox 3583 1745 3796 1821; x_wconf 78' lang='grc' dir='ltr'>ἀναγώ-</span> 
     </span>
    </p>
   </div>
   <div class='ocr_carea' id='block_1_34' title="bbox 392 1833 2033 1915">
    <p class='ocr_par' dir='ltr' id='par_1_34' title="bbox 392 1835 2033 1915">
     <span class='ocr_line' id='line_1_34' title="bbox 392 1835 2033 1915; baseline -0.009 -13"><span class='ocrx_word' id='word_1_224' title='bbox 392 1847 483 1904; x_wconf 89' lang='lat' dir='ltr'>die</span> <span class='ocrx_word' id='word_1_225' title='bbox 504 1865 569 1903; x_wconf 83' lang='lat' dir='ltr'><strong>ex</strong></span> <span class='ocrx_word' id='word_1_226' title='bbox 594 1844 962 1915; x_wconf 84' lang='lat' dir='ltr'><strong>Propontidis</strong></span> <span class='ocrx_word' id='word_1_227' title='bbox 993 1841 1215 1897; x_wconf 87' lang='lat' dir='ltr'><strong>deliciis</strong></span> <span class='ocrx_word' id='word_1_228' title='bbox 1266 1845 1320 1895; x_wconf 89' lang='lat' dir='ltr'>et</span> <span class='ocrx_word' id='word_1_229' title='bbox 1371 1837 1809 1895; x_wconf 80' lang='lat' dir='ltr'><strong>ammnitatibus</strong></span> <span class='ocrx_word' id='word_1_230' title='bbox 1853 1835 1911 1888; x_wconf 89' lang='lat' dir='ltr'>in</span> <span class='ocrx_word' id='word_1_231' title='bbox 1944 1850 2033 1888; x_wconf 88' lang='lat' dir='ltr'><strong>ur-</strong></span> 
     </span>
    </p>
   </div>
   <div class='ocr_carea' id='block_1_35' title="bbox 2143 1833 3794 1915">
    <p class='ocr_par' dir='ltr' id='par_1_35' title="bbox 2147 1833 3794 1913">
     <span class='ocr_line' id='line_1_35' title="bbox 2147 1833 3794 1913; baseline 0 -25"><span class='ocrx_word' id='word_1_232' title='bbox 2147 1855 2256 1910; x_wconf 90' lang='grc' dir='ltr'>γων</span> <span class='ocrx_word' id='word_1_233' title='bbox 2309 1833 2632 1913; x_wconf 88' lang='grc' dir='ltr'>συνείληχεν</span> <span class='ocrx_word' id='word_1_234' title='bbox 2689 1835 3038 1911; x_wconf 84' lang='grc' dir='ltr'>ὁμηγύρεων.</span> <span class='ocrx_word' id='word_1_235' title='bbox 3090 1835 3370 1891; x_wconf 80' lang='grc' dir='ltr'>Τελευτῶν</span> <span class='ocrx_word' id='word_1_236' title='bbox 3415 1833 3471 1890; x_wconf 75' lang='grc' dir='ltr'>δὲ</span> <span class='ocrx_word' id='word_1_237' title='bbox 3519 1835 3612 1890; x_wconf 81' lang='grc' dir='ltr'>καὶ</span> <span class='ocrx_word' id='word_1_238' title='bbox 3659 1835 3794 1890; x_wconf 76' lang='grc' dir='ltr'>κύνα</span> 
     </span>
    </p>
   </div>
   <div class='ocr_carea' id='block_1_36' title="bbox 391 1923 2041 2001">
    <p class='ocr_par' dir='ltr' id='par_1_36' title="bbox 391 1923 2041 2001">
     <span class='ocr_line' id='line_1_36' title="bbox 391 1923 2041 2001; baseline -0.008 -9"><span class='ocrx_word' id='word_1_239' title='bbox 391 1937 520 1992; x_wconf 91' lang='lat' dir='ltr'>bem</span> <span class='ocrx_word' id='word_1_240' title='bbox 550 1934 965 2001; x_wconf 85' lang='lat' dir='ltr'><strong>revertebatur,</strong></span> <span class='ocrx_word' id='word_1_241' title='bbox 999 1933 1057 1986; x_wconf 86' lang='lat' dir='ltr'>in</span> <span class='ocrx_word' id='word_1_242' title='bbox 1117 1930 1242 1986; x_wconf 86' lang='lat' dir='ltr'><strong>dies</strong></span> <span class='ocrx_word' id='word_1_243' title='bbox 1303 1927 1538 1984; x_wconf 81' lang='lat' dir='ltr'><strong>omnino</strong></span> <span class='ocrx_word' id='word_1_244' title='bbox 1571 1927 1833 1981; x_wconf 79' lang='lat' dir='ltr'><strong>nefastus</strong></span> <span class='ocrx_word' id='word_1_245' title='bbox 1863 1923 2041 1978; x_wconf 89' lang='lat' dir='ltr'><strong>habe-</strong></span> 
     </span>
    </p>
   </div>
   <div class='ocr_carea' id='block_1_37' title="bbox 391 2011 2044 2094">
    <p class='ocr_par' dir='ltr' id='par_1_37' title="bbox 391 2011 2044 2094">
     <span class='ocr_line' id='line_1_37' title="bbox 391 2011 2044 2094; baseline -0.009 -15"><span class='ocrx_word' id='word_1_246' title='bbox 391 2026 581 2080; x_wconf 86' lang='lat' dir='ltr'><strong>batur.</strong></span> <span class='ocrx_word' id='word_1_247' title='bbox 615 2023 814 2094; x_wconf 88' lang='lat' dir='ltr'><strong>Neque</strong></span> <span class='ocrx_word' id='word_1_248' title='bbox 844 2023 998 2078; x_wconf 88' lang='lat' dir='ltr'><strong>enim</strong></span> <span class='ocrx_word' id='word_1_249' title='bbox 1034 2019 1148 2074; x_wconf 87' lang='lat' dir='ltr'><strong>alia</strong></span> <span class='ocrx_word' id='word_1_250' title='bbox 1179 2021 1248 2073; x_wconf 89' lang='lat' dir='ltr'>de</span> <span class='ocrx_word' id='word_1_251' title='bbox 1293 2033 1468 2072; x_wconf 87' lang='lat' dir='ltr'><strong>causa</strong></span> <span class='ocrx_word' id='word_1_252' title='bbox 1515 2015 1758 2070; x_wconf 86' lang='lat' dir='ltr'><strong>rediisse</strong></span> <span class='ocrx_word' id='word_1_253' title='bbox 1810 2011 2044 2084; x_wconf 82' lang='lat' dir='ltr'><strong>putaba-</strong></span> 
     </span>
    </p>
   </div>
   <div class='ocr_carea' id='block_1_38' title="bbox 389 2099 2040 2184">
    <p class='ocr_par' dir='ltr' id='par_1_38' title="bbox 389 2099 2040 2184">
     <span class='ocr_line' id='line_1_38' title="bbox 389 2099 2040 2184; baseline -0.01 -15"><span class='ocrx_word' id='word_1_254' title='bbox 389 2120 504 2184; x_wconf 89' lang='lat' dir='ltr'><strong>tur,</strong></span> <span class='ocrx_word' id='word_1_255' title='bbox 537 2112 652 2168; x_wconf 88' lang='lat' dir='ltr'><strong>nisi</strong></span> <span class='ocrx_word' id='word_1_256' title='bbox 710 2115 774 2166; x_wconf 93' lang='lat' dir='ltr'>ut</span> <span class='ocrx_word' id='word_1_257' title='bbox 835 2112 1114 2164; x_wconf 86' lang='lat' dir='ltr'><strong>mactaret</strong></span> <span class='ocrx_word' id='word_1_258' title='bbox 1168 2114 1225 2162; x_wconf 88' lang='lat' dir='ltr'>et</span> <span class='ocrx_word' id='word_1_259' title='bbox 1282 2106 1540 2174; x_wconf 87' lang='lat' dir='ltr'><strong>perderet</strong></span> <span class='ocrx_word' id='word_1_260' title='bbox 1609 2119 1707 2158; x_wconf 88' lang='lat' dir='ltr'>eos</span> <span class='ocrx_word' id='word_1_261' title='bbox 1753 2118 1899 2174; x_wconf 84' lang='lat' dir='ltr'><strong>quos</strong></span> <span class='ocrx_word' id='word_1_262' title='bbox 1929 2099 2040 2155; x_wconf 85' lang='lat' dir='ltr'><strong>sibi</strong></span> 
     </span>
    </p>
   </div>
   <div class='ocr_carea' id='block_1_39' title="bbox 393 2188 2039 2268">
    <p class='ocr_par' dir='ltr' id='par_1_39' title="bbox 393 2188 2039 2268">
     <span class='ocr_line' id='line_1_39' title="bbox 393 2188 2039 2268; baseline -0.009 -11"><span class='ocrx_word' id='word_1_263' title='bbox 393 2207 617 2257; x_wconf 86' lang='lat' dir='ltr'><strong>struere</strong></span> <span class='ocrx_word' id='word_1_264' title='bbox 647 2199 894 2254; x_wconf 87' lang='lat' dir='ltr'><strong>insidias</strong></span> <span class='ocrx_word' id='word_1_265' title='bbox 953 2197 1382 2268; x_wconf 84' lang='lat' dir='ltr'><strong>suspicabatur.</strong></span> <span class='ocrx_word' id='word_1_266' title='bbox 1449 2196 1534 2248; x_wconf 88' lang='lat' dir='ltr'>Ita</span> <span class='ocrx_word' id='word_1_267' title='bbox 1591 2190 1905 2247; x_wconf 85' lang='lat' dir='ltr'><strong>Andronici</strong></span> <span class='ocrx_word' id='word_1_268' title='bbox 1939 2188 2039 2243; x_wconf 86' lang='lat' dir='ltr'><strong>ad-</strong></span> 
     </span>
    </p>
   </div>
   <div class='ocr_carea' id='block_1_40' title="bbox 2151 1921 3798 2003">
    <p class='ocr_par' dir='ltr' id='par_1_40' title="bbox 2151 1921 3798 2003">
     <span class='ocr_line' id='line_1_40' title="bbox 2151 1921 3798 2003; baseline 0 -25"><span class='ocrx_word' id='word_1_269' title='bbox 2151 1924 2459 2003; x_wconf 68' lang='grc' dir='ltr'>κάρχαρον,</span> <span class='ocrx_word' id='word_1_270' title='bbox 2492 1925 2606 1979; x_wconf 86' lang='grc' dir='ltr'>οἷον</span> <span class='ocrx_word' id='word_1_271' title='bbox 2633 1923 2724 1978; x_wconf 81' lang='grc' dir='ltr'>καὶ</span> <span class='ocrx_word' id='word_1_272' title='bbox 2765 1923 2979 1980; x_wconf 88' lang='grc' dir='ltr'>λέουσιν</span> <span class='ocrx_word' id='word_1_273' title='bbox 3035 1924 3444 1990; x_wconf 85' lang='grc' dir='ltr'>ἀντιπλέκεσθαι</span> <span class='ocrx_word' id='word_1_274' title='bbox 3491 1924 3582 1980; x_wconf 82' lang='grc' dir='ltr'>καὶ</span> <span class='ocrx_word' id='word_1_275' title='bbox 3625 1921 3798 2000; x_wconf 77' lang='grc' dir='ltr'>ἄνδρα</span> 
     </span>
    </p>
   </div>
   <div class='ocr_carea' id='block_1_41' title="bbox 2150 2009 3796 2090">
    <p class='ocr_par' dir='ltr' id='par_1_41' title="bbox 2150 2009 3796 2090">
     <span class='ocr_line' id='line_1_41' title="bbox 2150 2009 3796 2090; baseline 0.001 -25"><span class='ocrx_word' id='word_1_276' title='bbox 2150 2010 2381 2088; x_wconf 83' lang='grc' dir='ltr'>ἔφιππον</span> <span class='ocrx_word' id='word_1_277' title='bbox 2420 2011 2656 2083; x_wconf 79' lang='grc' dir='ltr'>ὁπλίτην</span> <span class='ocrx_word' id='word_1_278' title='bbox 2710 2019 3044 2090; x_wconf 82' lang='grc' dir='ltr'>κατενεγκεῖν</span> <span class='ocrx_word' id='word_1_279' title='bbox 3096 2009 3270 2088; x_wconf 73' lang='grc' dir='ltr'>ἔραζε,</span> <span class='ocrx_word' id='word_1_280' title='bbox 3333 2015 3581 2069; x_wconf 68' lang='grc' dir='ltr'>σύνοικον</span> <span class='ocrx_word' id='word_1_281' title='bbox 3619 2013 3796 2084; x_wconf 76' lang='grc' dir='ltr'>ἐαυτῷ</span> 
     </span>
    </p>
   </div>
   <div class='ocr_carea' id='block_1_42' title="bbox 2149 2100 3795 2180">
    <p class='ocr_par' dir='ltr' id='par_1_42' title="bbox 2149 2100 3795 2180">
     <span class='ocr_line' id='line_1_42' title="bbox 2149 2100 3795 2180; baseline 0 -24"><span class='ocrx_word' id='word_1_282' title='bbox 2149 2101 2440 2172; x_wconf 77' lang='grc' dir='ltr'>πεποίητο·</span> <span class='ocrx_word' id='word_1_283' title='bbox 2477 2103 2528 2156; x_wconf 85' lang='lat' dir='ltr'><strong>o&#39;t</strong></span> <span class='ocrx_word' id='word_1_284' title='bbox 2565 2103 2657 2174; x_wconf 76' lang='grc' dir='ltr'>μὶν</span> <span class='ocrx_word' id='word_1_285' title='bbox 2689 2104 2795 2178; x_wconf 75' lang='grc' dir='ltr'>γὰρ</span> <span class='ocrx_word' id='word_1_286' title='bbox 2848 2102 3311 2180; x_wconf 73' lang='grc' dir='ltr'>σωματοφύλακες</span> <span class='ocrx_word' id='word_1_287' title='bbox 3356 2101 3446 2158; x_wconf 82' lang='grc' dir='ltr'>καὶ</span> <span class='ocrx_word' id='word_1_288' title='bbox 3497 2100 3795 2180; x_wconf 70' lang='grc' dir='ltr'>δορυφόροι</span> 
     </span>
    </p>
   </div>
   <div class='ocr_carea' id='block_1_43' title="bbox 2149 2187 3796 2265">
    <p class='ocr_par' dir='ltr' id='par_1_43' title="bbox 2149 2187 3796 2265">
     <span class='ocr_line' id='line_1_43' title="bbox 2149 2187 3796 2265; baseline 0 -21"><span class='ocrx_word' id='word_1_289' title='bbox 2149 2187 2342 2245; x_wconf 75' lang='grc' dir='ltr'>ἅποθέν</span> <span class='ocrx_word' id='word_1_290' title='bbox 2373 2211 2476 2246; x_wconf 84' lang='grc' dir='ltr'>που</span> <span class='ocrx_word' id='word_1_291' title='bbox 2527 2196 2625 2246; x_wconf 72' lang='grc' dir='ltr'>τοῦ</span> <span class='ocrx_word' id='word_1_292' title='bbox 2677 2189 2970 2265; x_wconf 73' lang='grc' dir='ltr'>βασιλικοῦ</span> <span class='ocrx_word' id='word_1_293' title='bbox 3026 2197 3286 2254; x_wconf 77' lang='grc' dir='ltr'>κοιτῶνος</span> <span class='ocrx_word' id='word_1_294' title='bbox 3342 2191 3536 2254; x_wconf 84' lang='grc' dir='ltr'>νυκτὸς</span> <span class='ocrx_word' id='word_1_295' title='bbox 3595 2211 3796 2262; x_wconf 84' lang='grc' dir='ltr'>κατηυ-</span> 
     </span>
    </p>
   </div>
   <div class='ocr_carea' id='block_1_44' title="bbox 396 2277 2033 2357">
    <p class='ocr_par' dir='ltr' id='par_1_44' title="bbox 396 2278 2033 2346">
     <span class='ocr_line' id='line_1_44' title="bbox 396 2278 2033 2346; baseline -0.008 -1"><span class='ocrx_word' id='word_1_296' title='bbox 396 2295 603 2346; x_wconf 85' lang='lat' dir='ltr'><strong>ventus</strong></span> <span class='ocrx_word' id='word_1_297' title='bbox 627 2287 826 2343; x_wconf 83' lang='lat' dir='ltr'><strong>multis</strong></span> <span class='ocrx_word' id='word_1_298' title='bbox 857 2287 1270 2340; x_wconf 86' lang='lat' dir='ltr'><strong>detrimentum</strong></span> <span class='ocrx_word' id='word_1_299' title='bbox 1303 2291 1356 2338; x_wconf 87' lang='lat' dir='ltr'>et</span> <span class='ocrx_word' id='word_1_300' title='bbox 1417 2297 1723 2336; x_wconf 77' lang='lat' dir='ltr'><strong>mmrorem</strong></span> <span class='ocrx_word' id='word_1_301' title='bbox 1777 2285 1878 2334; x_wconf 89' lang='lat' dir='ltr'>aut</span> <span class='ocrx_word' id='word_1_302' title='bbox 1915 2278 2033 2333; x_wconf 75' lang='lat' dir='ltr'><strong>vitae</strong></span> 
     </span>
    </p>
   </div>
   <div class='ocr_carea' id='block_1_45' title="bbox 2143 2277 3790 2357">
    <p class='ocr_par' dir='ltr' id='par_1_45' title="bbox 2145 2277 3790 2357">
     <span class='ocr_line' id='line_1_45' title="bbox 2145 2277 3790 2357; baseline 0.001 -24"><span class='ocrx_word' id='word_1_303' title='bbox 2145 2280 2390 2349; x_wconf 79' lang='grc' dir='ltr'>νάζοντο,</span> <span class='ocrx_word' id='word_1_304' title='bbox 2440 2277 2556 2334; x_wconf 89' lang='grc' dir='ltr'>ὁδέ</span> <span class='ocrx_word' id='word_1_305' title='bbox 2613 2300 2674 2356; x_wconf 88' lang='grc' dir='ltr'>γε</span> <span class='ocrx_word' id='word_1_306' title='bbox 2735 2281 2878 2335; x_wconf 87' lang='grc' dir='ltr'>κύων</span> <span class='ocrx_word' id='word_1_307' title='bbox 2933 2281 3070 2356; x_wconf 86' lang='grc' dir='ltr'>πρὸς</span> <span class='ocrx_word' id='word_1_308' title='bbox 3126 2286 3246 2342; x_wconf 85' lang='grc' dir='ltr'>ταῖς</span> <span class='ocrx_word' id='word_1_309' title='bbox 3305 2281 3492 2357; x_wconf 70' lang='grc' dir='ltr'>θύραις</span> <span class='ocrx_word' id='word_1_310' title='bbox 3553 2278 3790 2350; x_wconf 86' lang='grc' dir='ltr'>ἐδέδετο,</span> 
     </span>
    </p>
   </div>
   <div class='ocr_carea' id='block_1_46' title="bbox 385 2367 2038 2450">
    <p class='ocr_par' dir='ltr' id='par_1_46' title="bbox 385 2367 2038 2450">
     <span class='ocr_line' id='line_1_46' title="bbox 385 2367 2038 2450; baseline -0.008 -15"><span class='ocrx_word' id='word_1_311' title='bbox 385 2379 684 2450; x_wconf 88' lang='lat' dir='ltr'><strong>jacturam</strong></span> <span class='ocrx_word' id='word_1_312' title='bbox 718 2380 817 2431; x_wconf 88' lang='lat' dir='ltr'>aut</span> <span class='ocrx_word' id='word_1_313' title='bbox 855 2374 1011 2430; x_wconf 90' lang='lat' dir='ltr'><strong>aliud</strong></span> <span class='ocrx_word' id='word_1_314' title='bbox 1043 2378 1367 2428; x_wconf 86' lang='lat' dir='ltr'><strong>extremum</strong></span> <span class='ocrx_word' id='word_1_315' title='bbox 1383 2369 1604 2426; x_wconf 89' lang='lat' dir='ltr'><strong>malum</strong></span> <span class='ocrx_word' id='word_1_316' title='bbox 1639 2367 2038 2441; x_wconf 84' lang='lat' dir='ltr'><strong>portendebat.</strong></span> 
     </span>
    </p>
   </div>
   <div class='ocr_carea' id='block_1_47' title="bbox 392 2459 2040 2530">
    <p class='ocr_par' dir='ltr' id='par_1_47' title="bbox 392 2459 2040 2530">
     <span class='ocr_line' id='line_1_47' title="bbox 392 2459 2040 2530; baseline -0.005 -8"><span class='ocrx_word' id='word_1_317' title='bbox 392 2473 448 2524; x_wconf 91' lang='lat' dir='ltr'>Is</span> <span class='ocrx_word' id='word_1_318' title='bbox 480 2467 637 2523; x_wconf 89' lang='lat' dir='ltr'><strong>enim</strong></span> <span class='ocrx_word' id='word_1_319' title='bbox 665 2466 768 2530; x_wconf 84' lang='lat' dir='ltr'><strong>vir,</strong></span> <span class='ocrx_word' id='word_1_320' title='bbox 803 2480 934 2520; x_wconf 89' lang='lat' dir='ltr'>cum</span> <span class='ocrx_word' id='word_1_321' title='bbox 967 2479 1093 2519; x_wconf 88' lang='lat' dir='ltr'>eam</span> <span class='ocrx_word' id='word_1_322' title='bbox 1123 2461 1302 2517; x_wconf 90' lang='lat' dir='ltr'><strong>veluti</strong></span> <span class='ocrx_word' id='word_1_323' title='bbox 1336 2461 1548 2516; x_wconf 91' lang='lat' dir='ltr'><strong>lineam</strong></span> <span class='ocrx_word' id='word_1_324' title='bbox 1582 2459 1641 2514; x_wconf 92' lang='lat' dir='ltr'>in</span> <span class='ocrx_word' id='word_1_325' title='bbox 1691 2459 1886 2514; x_wconf 87' lang='lat' dir='ltr'><strong>animo</strong></span> <span class='ocrx_word' id='word_1_326' title='bbox 1934 2473 2040 2514; x_wconf 91' lang='lat' dir='ltr'>suo</span> 
     </span>
    </p>
   </div>
   <div class='ocr_carea' id='block_1_48' title="bbox 392 2547 2036 2626">
    <p class='ocr_par' dir='ltr' id='par_1_48' title="bbox 392 2547 2036 2626">
     <span class='ocr_line' id='line_1_48' title="bbox 392 2547 2036 2626; baseline -0.007 -13"><span class='ocrx_word' id='word_1_327' title='bbox 392 2555 823 2626; x_wconf 86' lang='lat' dir='ltr'><strong>descripsisset,</strong></span> <span class='ocrx_word' id='word_1_328' title='bbox 857 2555 928 2608; x_wconf 89' lang='lat' dir='ltr'>ad</span> <span class='ocrx_word' id='word_1_329' title='bbox 961 2567 1137 2624; x_wconf 88' lang='lat' dir='ltr'><strong>quam</strong></span> <span class='ocrx_word' id='word_1_330' title='bbox 1172 2549 1536 2606; x_wconf 85' lang='lat' dir='ltr'><strong>crudelitatis</strong></span> <span class='ocrx_word' id='word_1_331' title='bbox 1595 2564 1716 2603; x_wconf 78' lang='lat' dir='ltr'><strong>suae</strong></span> <span class='ocrx_word' id='word_1_332' title='bbox 1747 2547 2036 2604; x_wconf 85' lang='lat' dir='ltr'><strong>amussim</strong></span> 
     </span>
    </p>
   </div>
   <div class='ocr_carea' id='block_1_49' title="bbox 2148 2367 3792 2446">
    <p class='ocr_par' dir='ltr' id='par_1_49' title="bbox 2148 2367 3792 2446">
     <span class='ocr_line' id='line_1_49' title="bbox 2148 2367 3792 2446; baseline 0.001 -23"><span class='ocrx_word' id='word_1_333' title='bbox 2148 2369 2538 2446; x_wconf 84' lang='grc' dir='ltr'>χαλκεόφωνος</span> <span class='ocrx_word' id='word_1_334' title='bbox 2597 2367 2672 2424; x_wconf 79' lang='grc' dir='ltr'>ὤν</span> <span class='ocrx_word' id='word_1_335' title='bbox 2726 2369 2816 2424; x_wconf 83' lang='grc' dir='ltr'>καὶ</span> <span class='ocrx_word' id='word_1_336' title='bbox 2874 2370 3010 2444; x_wconf 88' lang='grc' dir='ltr'>πρὸς</span> <span class='ocrx_word' id='word_1_337' title='bbox 3085 2372 3350 2445; x_wconf 85' lang='grc' dir='ltr'>βραχεῖαν</span> <span class='ocrx_word' id='word_1_338' title='bbox 3437 2367 3792 2444; x_wconf 77' lang='grc' dir='ltr'>διαταραττό-</span> 
     </span>
    </p>
   </div>
   <div class='ocr_carea' id='block_1_50' title="bbox 2151 2457 3786 2535">
    <p class='ocr_par' dir='ltr' id='par_1_50' title="bbox 2151 2457 3786 2535">
     <span class='ocr_line' id='line_1_50' title="bbox 2151 2457 3786 2535; baseline 0 -22"><span class='ocrx_word' id='word_1_339' title='bbox 2151 2479 2310 2530; x_wconf 85' lang='grc' dir='ltr'>μενος</span> <span class='ocrx_word' id='word_1_340' title='bbox 2369 2457 2605 2535; x_wconf 77' lang='grc' dir='ltr'>ψόφησιν</span> <span class='ocrx_word' id='word_1_341' title='bbox 2661 2459 2751 2513; x_wconf 81' lang='grc' dir='ltr'>καὶ</span> <span class='ocrx_word' id='word_1_342' title='bbox 2799 2459 3088 2534; x_wconf 83' lang='grc' dir='ltr'>γινόμενος</span> <span class='ocrx_word' id='word_1_343' title='bbox 3139 2457 3524 2533; x_wconf 84' lang='grc' dir='ltr'>ὑλακόμωρος.</span> <span class='ocrx_word' id='word_1_344' title='bbox 3571 2459 3786 2534; x_wconf 82' lang='grc' dir='ltr'>Προϊὼν</span> 
     </span>
    </p>
   </div>
   <div class='ocr_carea' id='block_1_51' title="bbox 2149 2545 3794 2625">
    <p class='ocr_par' dir='ltr' id='par_1_51' title="bbox 2149 2545 3794 2625">
     <span class='ocr_line' id='line_1_51' title="bbox 2149 2545 3794 2625; baseline 0.001 -23"><span class='ocrx_word' id='word_1_345' title='bbox 2149 2545 2206 2603; x_wconf 74' lang='grc' dir='ltr'>δὲ</span> <span class='ocrx_word' id='word_1_346' title='bbox 2241 2547 2382 2602; x_wconf 75' lang='grc' dir='ltr'>οὕτω</span> <span class='ocrx_word' id='word_1_347' title='bbox 2441 2547 2747 2625; x_wconf 87' lang='grc' dir='ltr'>κατετρύφα</span> <span class='ocrx_word' id='word_1_348' title='bbox 2806 2555 2908 2617; x_wconf 82' lang='grc' dir='ltr'>τῆς</span> <span class='ocrx_word' id='word_1_349' title='bbox 2961 2552 3070 2602; x_wconf 84' lang='grc' dir='ltr'>τῶν</span> <span class='ocrx_word' id='word_1_350' title='bbox 3130 2552 3794 2604; x_wconf 79' lang='grc' dir='ltr'>Κωνσταντινουπολιτῶν</span> 
     </span>
    </p>
   </div>
   <div class='ocr_carea' id='block_1_52' title="bbox 393 2635 2033 2714">
    <p class='ocr_par' dir='ltr' id='par_1_52' title="bbox 393 2636 2033 2714">
     <span class='ocr_line' id='line_1_52' title="bbox 393 2636 2033 2714; baseline -0.007 -15"><span class='ocrx_word' id='word_1_351' title='bbox 393 2643 666 2714; x_wconf 76' lang='lat' dir='ltr'><strong>exigeret,</strong></span> <span class='ocrx_word' id='word_1_352' title='bbox 700 2658 832 2697; x_wconf 89' lang='lat' dir='ltr'>eum</span> <span class='ocrx_word' id='word_1_353' title='bbox 867 2640 979 2696; x_wconf 91' lang='lat' dir='ltr'><strong>sibi</strong></span> <span class='ocrx_word' id='word_1_354' title='bbox 1011 2639 1162 2694; x_wconf 90' lang='lat' dir='ltr'><strong>diem</strong></span> <span class='ocrx_word' id='word_1_355' title='bbox 1197 2638 1436 2710; x_wconf 83' lang='lat' dir='ltr'><strong>periisse</strong></span> <span class='ocrx_word' id='word_1_356' title='bbox 1469 2636 1730 2708; x_wconf 88' lang='lat' dir='ltr'><strong>putabat,</strong></span> <span class='ocrx_word' id='word_1_357' title='bbox 1765 2651 1882 2706; x_wconf 90' lang='lat' dir='ltr'>qua</span> <span class='ocrx_word' id='word_1_358' title='bbox 1925 2650 2033 2689; x_wconf 87' lang='lat' dir='ltr'>non</span> 
     </span>
    </p>
   </div>
   <div class='ocr_carea' id='block_1_53' title="bbox 2143 2635 3790 2714">
    <p class='ocr_par' dir='ltr' id='par_1_53' title="bbox 2147 2635 3790 2714">
     <span class='ocr_line' id='line_1_53' title="bbox 2147 2635 3790 2714; baseline -0.001 -22"><span class='ocrx_word' id='word_1_359' title='bbox 2147 2635 2390 2707; x_wconf 78' lang='grc' dir='ltr'>εὐηθείας</span> <span class='ocrx_word' id='word_1_360' title='bbox 2421 2637 2508 2692; x_wconf 84' lang='grc' dir='ltr'>καὶ</span> <span class='ocrx_word' id='word_1_361' title='bbox 2543 2639 2616 2698; x_wconf 86' lang='grc' dir='ltr'>ὡς</span> <span class='ocrx_word' id='word_1_362' title='bbox 2645 2637 2750 2692; x_wconf 76' lang='grc' dir='ltr'>ἀπδ</span> <span class='ocrx_word' id='word_1_363' title='bbox 2811 2639 2958 2711; x_wconf 84' lang='grc' dir='ltr'>ῥινὸς</span> <span class='ocrx_word' id='word_1_364' title='bbox 3007 2637 3335 2710; x_wconf 72' lang='grc' dir='ltr'>ἑλκομένους</span> <span class='ocrx_word' id='word_1_365' title='bbox 3391 2636 3656 2714; x_wconf 83' lang='grc' dir='ltr'>ἐχλεύαζε</span> <span class='ocrx_word' id='word_1_366' title='bbox 3701 2638 3790 2692; x_wconf 78' lang='grc' dir='ltr'>καὶ</span> 
     </span>
    </p>
   </div>
   <div class='ocr_carea' id='block_1_54' title="bbox 392 2723 2033 2802">
    <p class='ocr_par' dir='ltr' id='par_1_54' title="bbox 392 2723 2033 2800">
     <span class='ocr_line' id='line_1_54' title="bbox 392 2723 2033 2800; baseline -0.007 -12"><span class='ocrx_word' id='word_1_367' title='bbox 392 2731 767 2788; x_wconf 79' lang='lat' dir='ltr'><strong>excellentem</strong></span> <span class='ocrx_word' id='word_1_368' title='bbox 824 2728 1081 2800; x_wconf 88' lang='lat' dir='ltr'><strong>aliquem</strong></span> <span class='ocrx_word' id='word_1_369' title='bbox 1144 2726 1332 2782; x_wconf 90' lang='lat' dir='ltr'><strong>virum</strong></span> <span class='ocrx_word' id='word_1_370' title='bbox 1395 2733 1488 2781; x_wconf 86' lang='lat' dir='ltr'>aut</span> <span class='ocrx_word' id='word_1_371' title='bbox 1543 2723 1891 2796; x_wconf 85' lang='lat' dir='ltr'><strong>jugulasset,</strong></span> <span class='ocrx_word' id='word_1_372' title='bbox 1941 2727 2033 2777; x_wconf 89' lang='lat' dir='ltr'>aut</span> 
     </span>
    </p>
   </div>
   <div class='ocr_carea' id='block_1_55' title="bbox 2143 2723 3791 2802">
    <p class='ocr_par' dir='ltr' id='par_1_55' title="bbox 2150 2726 3791 2802">
     <span class='ocr_line' id='line_1_55' title="bbox 2150 2726 3791 2802; baseline 0 -22"><span class='ocrx_word' id='word_1_373' title='bbox 2150 2726 2286 2796; x_wconf 86' lang='grc' dir='ltr'>πρὸς</span> <span class='ocrx_word' id='word_1_374' title='bbox 2317 2731 2491 2781; x_wconf 81' lang='grc' dir='ltr'>πᾶσαν</span> <span class='ocrx_word' id='word_1_375' title='bbox 2520 2731 2630 2780; x_wconf 87' lang='grc' dir='ltr'>τῶν</span> <span class='ocrx_word' id='word_1_376' title='bbox 2685 2727 3028 2800; x_wconf 79' lang='grc' dir='ltr'>κρατούντων</span> <span class='ocrx_word' id='word_1_377' title='bbox 3089 2727 3369 2802; x_wconf 85' lang='grc' dir='ltr'>θεραπείαν</span> <span class='ocrx_word' id='word_1_378' title='bbox 3423 2747 3484 2782; x_wconf 85' lang='grc' dir='ltr'>τε</span> <span class='ocrx_word' id='word_1_379' title='bbox 3539 2727 3630 2781; x_wconf 77' lang='grc' dir='ltr'>καὶ</span> <span class='ocrx_word' id='word_1_380' title='bbox 3687 2729 3791 2782; x_wconf 88' lang='grc' dir='ltr'>θω-</span> 
     </span>
    </p>
   </div>
   <div class='ocr_carea' id='block_1_56' title="bbox 393 2809 2033 2890">
    <p class='ocr_par' dir='ltr' id='par_1_56' title="bbox 393 2811 2033 2888">
     <span class='ocr_line' id='line_1_56' title="bbox 393 2811 2033 2888; baseline -0.007 -10"><span class='ocrx_word' id='word_1_381' title='bbox 393 2823 763 2888; x_wconf 64' lang='lat' dir='ltr'><strong>excecasset,</strong></span> <span class='ocrx_word' id='word_1_382' title='bbox 797 2823 898 2873; x_wconf 89' lang='lat' dir='ltr'>aut</span> <span class='ocrx_word' id='word_1_383' title='bbox 952 2817 1160 2872; x_wconf 90' lang='lat' dir='ltr'><strong>saltem</strong></span> <span class='ocrx_word' id='word_1_384' title='bbox 1219 2815 1605 2886; x_wconf 87' lang='lat' dir='ltr'><strong>objurgasset,</strong></span> <span class='ocrx_word' id='word_1_385' title='bbox 1635 2817 1739 2868; x_wconf 90' lang='lat' dir='ltr'>aut</span> <span class='ocrx_word' id='word_1_386' title='bbox 1783 2811 2033 2866; x_wconf 86' lang='lat' dir='ltr'><strong>Titanicc</strong></span> 
     </span>
    </p>
   </div>
   <div class='ocr_carea' id='block_1_57' title="bbox 2143 2809 3792 2890">
    <p class='ocr_par' dir='ltr' id='par_1_57' title="bbox 2147 2809 3792 2890">
     <span class='ocr_line' id='line_1_57' title="bbox 2147 2809 3792 2890; baseline -0.001 -20"><span class='ocrx_word' id='word_1_387' title='bbox 2147 2814 2298 2870; x_wconf 88' lang='grc' dir='ltr'>πείαν</span> <span class='ocrx_word' id='word_1_388' title='bbox 2331 2815 2568 2887; x_wconf 74' lang='grc' dir='ltr'>ἑτοίμως</span> <span class='ocrx_word' id='word_1_389' title='bbox 2598 2809 2828 2890; x_wconf 76' lang='grc' dir='ltr'>ἔχοντας</span> <span class='ocrx_word' id='word_1_390' title='bbox 2855 2813 3166 2889; x_wconf 74' lang='grc' dir='ltr'>ἐκωμῴδιι,</span> <span class='ocrx_word' id='word_1_391' title='bbox 3207 2815 3308 2871; x_wconf 80' lang='grc' dir='ltr'>οὐκ</span> <span class='ocrx_word' id='word_1_392' title='bbox 3360 2813 3522 2877; x_wconf 74' lang='grc' dir='ltr'>εἷδὼς</span> <span class='ocrx_word' id='word_1_393' title='bbox 3577 2817 3654 2879; x_wconf 85' lang='grc' dir='ltr'>ὡς</span> <span class='ocrx_word' id='word_1_394' title='bbox 3705 2817 3792 2872; x_wconf 80' lang='grc' dir='ltr'>ὑπ’</span> 
     </span>
    </p>
   </div>
   <div class='ocr_carea' id='block_1_58' title="bbox 389 2900 2033 2977">
    <p class='ocr_par' dir='ltr' id='par_1_58' title="bbox 389 2900 2033 2974">
     <span class='ocr_line' id='line_1_58' title="bbox 389 2900 2033 2974; baseline -0.008 -8"><span class='ocrx_word' id='word_1_395' title='bbox 389 2911 551 2966; x_wconf 88' lang='lat' dir='ltr'><strong>vultu</strong></span> <span class='ocrx_word' id='word_1_396' title='bbox 579 2907 904 2965; x_wconf 85' lang='lat' dir='ltr'><strong>terruisset.</strong></span> <span class='ocrx_word' id='word_1_397' title='bbox 935 2906 1082 2962; x_wconf 87' lang='lat' dir='ltr'>Nam</span> <span class='ocrx_word' id='word_1_398' title='bbox 1141 2919 1292 2960; x_wconf 67' lang='lat' dir='ltr'><strong>saevo</strong></span> <span class='ocrx_word' id='word_1_399' title='bbox 1325 2903 1636 2974; x_wconf 62' lang='lat' dir='ltr'><strong>padagogo</strong></span> <span class='ocrx_word' id='word_1_400' title='bbox 1658 2900 1871 2956; x_wconf 86' lang='lat' dir='ltr'><strong>similis</strong></span> <span class='ocrx_word' id='word_1_401' title='bbox 1901 2900 2033 2955; x_wconf 80' lang='lat' dir='ltr'><strong>sub-</strong></span> 
     </span>
    </p>
   </div>
   <div class='ocr_carea' id='block_1_59' title="bbox 2143 2900 3789 2977">
    <p class='ocr_par' dir='ltr' id='par_1_59' title="bbox 2147 2900 3789 2977">
     <span class='ocr_line' id='line_1_59' title="bbox 2147 2900 3789 2977; baseline 0 -21"><span class='ocrx_word' id='word_1_402' title='bbox 2147 2900 2322 2956; x_wconf 79' lang='grc' dir='ltr'>αὐτῶν</span> <span class='ocrx_word' id='word_1_403' title='bbox 2353 2904 2802 2976; x_wconf 74' lang='grc' dir='ltr'>καθαιρεθήσεται</span> <span class='ocrx_word' id='word_1_404' title='bbox 2849 2907 2950 2971; x_wconf 82' lang='grc' dir='ltr'>τῆς</span> <span class='ocrx_word' id='word_1_405' title='bbox 3005 2902 3152 2977; x_wconf 84' lang='grc' dir='ltr'>ἀρχῆ</span> <span class='ocrx_word' id='word_1_406' title='bbox 3211 2903 3302 2957; x_wconf 85' lang='grc' dir='ltr'>καὶ</span> <span class='ocrx_word' id='word_1_407' title='bbox 3357 2902 3422 2957; x_wconf 81' lang='grc' dir='ltr'>τὰ</span> <span class='ocrx_word' id='word_1_408' title='bbox 3479 2907 3588 2957; x_wconf 88' lang='grc' dir='ltr'>τῶν</span> <span class='ocrx_word' id='word_1_409' title='bbox 3645 2900 3789 2958; x_wconf 80' lang='grc' dir='ltr'>ὅλων</span> 
     </span>
    </p>
   </div>
   <div class='ocr_carea' id='block_1_60' title="bbox 391 2985 2033 3069">
    <p class='ocr_par' dir='ltr' id='par_1_60' title="bbox 391 2989 2033 3069">
     <span class='ocr_line' id='line_1_60' title="bbox 391 2989 2033 3069; baseline -0.008 -13"><span class='ocrx_word' id='word_1_410' title='bbox 391 3001 528 3056; x_wconf 89' lang='lat' dir='ltr'><strong>inde</strong></span> <span class='ocrx_word' id='word_1_411' title='bbox 561 2997 854 3069; x_wconf 77' lang='lat' dir='ltr'><strong>flagellum</strong></span> <span class='ocrx_word' id='word_1_412' title='bbox 887 2995 944 3049; x_wconf 92' lang='lat' dir='ltr'>in</span> <span class='ocrx_word' id='word_1_413' title='bbox 981 3009 1195 3065; x_wconf 87' lang='lat' dir='ltr'><strong>pueros</strong></span> <span class='ocrx_word' id='word_1_414' title='bbox 1225 2991 1540 3064; x_wconf 89' lang='lat' dir='ltr'><strong>quatienti,</strong></span> <span class='ocrx_word' id='word_1_415' title='bbox 1599 2989 1940 3061; x_wconf 83' lang='lat' dir='ltr'><strong>tempestive</strong></span> <span class='ocrx_word' id='word_1_416' title='bbox 1985 2991 2033 3043; x_wconf 85' lang='lat' dir='ltr'>et</span> 
     </span>
    </p>
   </div>
   <div class='ocr_carea' id='block_1_61' title="bbox 2143 2985 3791 3069">
    <p class='ocr_par' dir='ltr' id='par_1_61' title="bbox 2151 2985 3791 3066">
     <span class='ocr_line' id='line_1_61' title="bbox 2151 2985 3791 3066; baseline 0.001 -21"><span class='ocrx_word' id='word_1_417' title='bbox 2151 2991 2512 3061; x_wconf 76' lang='grc' dir='ltr'>ὑποστήσεται</span> <span class='ocrx_word' id='word_1_418' title='bbox 2566 2992 2840 3066; x_wconf 85' lang='grc' dir='ltr'>χείριστα,</span> <span class='ocrx_word' id='word_1_419' title='bbox 2900 2985 3042 3045; x_wconf 80' lang='grc' dir='ltr'>ὥστε</span> <span class='ocrx_word' id='word_1_420' title='bbox 3095 2992 3186 3046; x_wconf 86' lang='grc' dir='ltr'>καὶ</span> <span class='ocrx_word' id='word_1_421' title='bbox 3251 2995 3358 3046; x_wconf 88' lang='grc' dir='ltr'>τῶν</span> <span class='ocrx_word' id='word_1_422' title='bbox 3418 2993 3544 3062; x_wconf 83' lang='grc' dir='ltr'>παρ’</span> <span class='ocrx_word' id='word_1_423' title='bbox 3625 2993 3791 3048; x_wconf 74' lang='grc' dir='ltr'>αὐτοῦ</span> 
     </span>
    </p>
   </div>
   <div class='ocr_carea' id='block_1_62' title="bbox 391 3077 2033 3158">
    <p class='ocr_par' dir='ltr' id='par_1_62' title="bbox 391 3077 2033 3158">
     <span class='ocr_line' id='line_1_62' title="bbox 391 3077 2033 3158; baseline -0.009 -12"><span class='ocrx_word' id='word_1_424' title='bbox 391 3086 796 3158; x_wconf 81' lang='lat' dir='ltr'><strong>intempestive</strong></span> <span class='ocrx_word' id='word_1_425' title='bbox 827 3084 1198 3154; x_wconf 84' lang='lat' dir='ltr'><strong>objurgabat,</strong></span> <span class='ocrx_word' id='word_1_426' title='bbox 1234 3089 1293 3136; x_wconf 89' lang='lat' dir='ltr'>et</span> <span class='ocrx_word' id='word_1_427' title='bbox 1336 3081 1408 3135; x_wconf 87' lang='lat' dir='ltr'>ad</span> <span class='ocrx_word' id='word_1_428' title='bbox 1457 3079 1757 3149; x_wconf 88' lang='lat' dir='ltr'><strong>quodlibet</strong></span> <span class='ocrx_word' id='word_1_429' title='bbox 1803 3077 2033 3132; x_wconf 88' lang='lat' dir='ltr'><strong>verbum</strong></span> 
     </span>
    </p>
   </div>
   <div class='ocr_carea' id='block_1_63' title="bbox 2143 3077 3792 3158">
    <p class='ocr_par' dir='ltr' id='par_1_63' title="bbox 2148 3077 3792 3158">
     <span class='ocr_line' id='line_1_63' title="bbox 2148 3077 3792 3158; baseline 0 -24"><span class='ocrx_word' id='word_1_430' title='bbox 2148 3081 2478 3155; x_wconf 72' lang='grc' dir='ltr'>θηρωμένων</span> <span class='ocrx_word' id='word_1_431' title='bbox 2508 3077 2722 3158; x_wconf 85' lang='grc' dir='ltr'>ἐλάφων</span> <span class='ocrx_word' id='word_1_432' title='bbox 2770 3081 2838 3134; x_wconf 78' lang='grc' dir='ltr'>τὰ</span> <span class='ocrx_word' id='word_1_433' title='bbox 2883 3080 3105 3154; x_wconf 86' lang='grc' dir='ltr'>κέρατα,</span> <span class='ocrx_word' id='word_1_434' title='bbox 3155 3080 3256 3135; x_wconf 80' lang='grc' dir='ltr'>ὃσα</span> <span class='ocrx_word' id='word_1_435' title='bbox 3313 3078 3681 3155; x_wconf 76' lang='grc' dir='ltr'>δωδεκάδωρα</span> <span class='ocrx_word' id='word_1_436' title='bbox 3727 3081 3792 3148; x_wconf 73' lang='grc' dir='ltr'>ἦν</span> 
     </span>
    </p>
   </div>
   <div class='ocr_carea' id='block_1_64' title="bbox 391 3165 2033 3283">
    <p class='ocr_par' dir='ltr' id='par_1_64' title="bbox 391 3165 2033 3283">
     <span class='ocr_line' id='line_1_64' title="bbox 391 3165 2033 3241; baseline -0.008 -8"><span class='ocrx_word' id='word_1_437' title='bbox 391 3177 518 3233; x_wconf 87' lang='lat' dir='ltr'><strong>suis</strong></span> <span class='ocrx_word' id='word_1_438' title='bbox 542 3175 783 3231; x_wconf 85' lang='lat' dir='ltr'><strong>auribus</strong></span> <span class='ocrx_word' id='word_1_439' title='bbox 807 3173 1100 3241; x_wconf 80' lang='lat' dir='ltr'><strong>ingratum</strong></span> <span class='ocrx_word' id='word_1_440' title='bbox 1125 3169 1619 3225; x_wconf 84' lang='lat' dir='ltr'><strong>commovebatur.</strong></span> <span class='ocrx_word' id='word_1_441' title='bbox 1637 3169 1760 3232; x_wconf 86' lang='lat' dir='ltr'><strong>Quo</strong></span> <span class='ocrx_word' id='word_1_442' title='bbox 1787 3165 1958 3221; x_wconf 83' lang='lat' dir='ltr'><strong>ﬁebat</strong></span> <span class='ocrx_word' id='word_1_443' title='bbox 1976 3169 2033 3221; x_wconf 85' lang='lat' dir='ltr'>ut</span> 
     </span>
     <span class='ocr_line' id='line_1_65' title="bbox 441 3253 2033 3283; baseline 0 0"><span class='ocrx_word' id='word_1_444' title='bbox 441 3282 446 3283; x_wconf 63' lang='lat'><strong><em>,</em></strong></span> <span class='ocrx_word' id='word_1_445' title='bbox 503 3265 840 3283; x_wconf 53' lang='lat' dir='ltr'>1-..._-_L_A-</span> <span class='ocrx_word' id='word_1_446' title='bbox 898 3257 1167 3283; x_wconf 72' lang='grc' dir='ltr'>ι.-....ι--..</span> <span class='ocrx_word' id='word_1_447' title='bbox 1226 3257 1414 3283; x_wconf 62' lang='grc' dir='ltr'>...νιιζ</span> <span class='ocrx_word' id='word_1_448' title='bbox 1480 3262 1530 3283; x_wconf 77' lang='grc' dir='ltr'>..ι</span> <span class='ocrx_word' id='word_1_449' title='bbox 1603 3257 1746 3283; x_wconf 66' lang='lat' dir='ltr'><strong>Ann</strong></span> <span class='ocrx_word' id='word_1_450' title='bbox 1804 3253 2033 3283; x_wconf 65' lang='grc' dir='ltr'>..ηιιερςιε</span> 
     </span>
    </p>
   </div>
   <div class='ocr_carea' id='block_1_65' title="bbox 2143 3165 3789 3283">
    <p class='ocr_par' dir='ltr' id='par_1_65' title="bbox 2150 3167 3789 3283">
     <span class='ocr_line' id='line_1_66' title="bbox 2150 3167 3789 3246; baseline 0 -22"><span class='ocrx_word' id='word_1_451' title='bbox 2150 3167 2242 3224; x_wconf 86' lang='grc' dir='ltr'>καὶ</span> <span class='ocrx_word' id='word_1_452' title='bbox 2312 3167 2454 3243; x_wconf 78' lang='grc' dir='ltr'>ςῖχόν</span> <span class='ocrx_word' id='word_1_453' title='bbox 2521 3189 2572 3223; x_wconf 88' lang='grc' dir='ltr'>τι</span> <span class='ocrx_word' id='word_1_454' title='bbox 2641 3167 2938 3241; x_wconf 84' lang='grc' dir='ltr'>θαύματος,</span> <span class='ocrx_word' id='word_1_455' title='bbox 3005 3173 3124 3232; x_wconf 83' lang='grc' dir='ltr'>ταῖς</span> <span class='ocrx_word' id='word_1_456' title='bbox 3192 3169 3328 3224; x_wconf 87' lang='grc' dir='ltr'>κατὰ</span> <span class='ocrx_word' id='word_1_457' title='bbox 3407 3170 3508 3238; x_wconf 72' lang='grc' dir='ltr'>τὴν</span> <span class='ocrx_word' id='word_1_458' title='bbox 3587 3169 3789 3246; x_wconf 70' lang='grc' dir='ltr'>ἀγορὰν</span> 
     </span>
     <span class='ocr_line' id='line_1_67' title="bbox 2153 3251 3752 3283; baseline 0 0"><span class='ocrx_word' id='word_1_459' title='bbox 2153 3257 2334 3283; x_wconf 79' lang='lat' dir='ltr'><strong>.&#39;_.I.-.-_._.</strong></span> <span class='ocrx_word' id='word_1_460' title='bbox 2369 3255 2564 3283; x_wconf 67' lang='lat' dir='ltr'>.LJ-__.</span> <span class='ocrx_word' id='word_1_461' title='bbox 2621 3261 2694 3283; x_wconf 82' lang='lat'>__-_</span> <span class='ocrx_word' id='word_1_462' title='bbox 2735 3258 2825 3283; x_wconf 50' lang='grc' dir='ltr'>μὶ-.</span> <span class='ocrx_word' id='word_1_463' title='bbox 2869 3255 3042 3283; x_wconf 51' lang='lat' dir='ltr'>bu.--“</span> <span class='ocrx_word' id='word_1_464' title='bbox 3083 3257 3160 3283; x_wconf 71' lang='lat'>-2-</span> <span class='ocrx_word' id='word_1_465' title='bbox 3207 3251 3424 3283; x_wconf 51' lang='lat'>2)-)--.</span> <span class='ocrx_word' id='word_1_466' title='bbox 3481 3260 3570 3283; x_wconf 69' lang='grc' dir='ltr'>--π</span> <span class='ocrx_word' id='word_1_467' title='bbox 3623 3257 3752 3283; x_wconf 59' lang='grc' dir='ltr'>..-ηε</span> 
     </span>
    </p>
   </div>
   <div class='ocr_carea' id='block_1_66' title="bbox 393 3253 2038 3332">
    <p class='ocr_par' dir='ltr' id='par_1_66' title="bbox 393 3253 2038 3332">
     <span class='ocr_line' id='line_1_68' title="bbox 393 3253 2038 3332; baseline -0.007 -10"><span class='ocrx_word' id='word_1_468' title='bbox 393 3282 462 3322; x_wconf 84' lang='lat' dir='ltr'>ea</span> <span class='ocrx_word' id='word_1_469' title='bbox 499 3265 844 3332; x_wconf 88' lang='lat' dir='ltr'><strong>tempestate</strong></span> <span class='ocrx_word' id='word_1_470' title='bbox 898 3257 1168 3314; x_wconf 87' lang='lat' dir='ltr'><strong>homines</strong></span> <span class='ocrx_word' id='word_1_471' title='bbox 1225 3257 1418 3312; x_wconf 77' lang='lat' dir='ltr'><strong>moesti</strong></span> <span class='ocrx_word' id='word_1_472' title='bbox 1477 3262 1535 3311; x_wconf 88' lang='lat' dir='ltr'>et</span> <span class='ocrx_word' id='word_1_473' title='bbox 1591 3257 1746 3312; x_wconf 66' lang='lat'>4‘10</span> <span class='ocrx_word' id='word_1_474' title='bbox 1803 3253 2038 3310; x_wconf 85' lang='lat' dir='ltr'><strong>solliciti</strong></span> 
     </span>
    </p>
   </div>
   <div class='ocr_carea' id='block_1_67' title="bbox 391 3342 2038 3416">
    <p class='ocr_par' dir='ltr' id='par_1_67' title="bbox 391 3342 2038 3416">
     <span class='ocr_line' id='line_1_69' title="bbox 391 3342 2038 3416; baseline -0.007 -6"><span class='ocrx_word' id='word_1_475' title='bbox 391 3355 671 3414; x_wconf 89' lang='lat' dir='ltr'><strong>viverent,</strong></span> <span class='ocrx_word' id='word_1_476' title='bbox 705 3364 811 3404; x_wconf 88' lang='lat' dir='ltr'>nec</span> <span class='ocrx_word' id='word_1_477' title='bbox 843 3345 1032 3402; x_wconf 89' lang='lat' dir='ltr'><strong>securi</strong></span> <span class='ocrx_word' id='word_1_478' title='bbox 1065 3361 1340 3401; x_wconf 89' lang='lat' dir='ltr'><strong>somnum</strong></span> <span class='ocrx_word' id='word_1_479' title='bbox 1375 3349 1668 3416; x_wconf 86' lang='lat' dir='ltr'><strong>caperent,</strong></span> <span class='ocrx_word' id='word_1_480' title='bbox 1713 3344 1812 3399; x_wconf 89' lang='lat' dir='ltr'>sed</span> <span class='ocrx_word' id='word_1_481' title='bbox 1845 3342 2038 3398; x_wconf 88' lang='lat' dir='ltr'><strong>subito</strong></span> 
     </span>
    </p>
   </div>
   <div class='ocr_carea' id='block_1_68' title="bbox 391 3432 2038 3509">
    <p class='ocr_par' dir='ltr' id='par_1_68' title="bbox 391 3432 2038 3509">
     <span class='ocr_line' id='line_1_70' title="bbox 391 3432 2038 3509; baseline -0.008 -10"><span class='ocrx_word' id='word_1_482' title='bbox 391 3437 582 3498; x_wconf 87' lang='lat' dir='ltr'><strong>territi</strong></span> <span class='ocrx_word' id='word_1_483' title='bbox 615 3436 1158 3509; x_wconf 82' lang='lat' dir='ltr'><strong>expergiscerentur</strong></span> <span class='ocrx_word' id='word_1_484' title='bbox 1192 3433 1584 3488; x_wconf 80' lang='lat' dir='ltr'><strong>Andronicum</strong></span> <span class='ocrx_word' id='word_1_485' title='bbox 1625 3433 1683 3488; x_wconf 91' lang='lat' dir='ltr'>in</span> <span class='ocrx_word' id='word_1_486' title='bbox 1717 3447 1777 3488; x_wconf 89' lang='lat' dir='ltr'>se</span> <span class='ocrx_word' id='word_1_487' title='bbox 1823 3432 2038 3488; x_wconf 87' lang='lat' dir='ltr'><strong>irruere</strong></span> 
     </span>
    </p>
   </div>
   <div class='ocr_carea' id='block_1_69' title="bbox 390 3519 2038 3597">
    <p class='ocr_par' dir='ltr' id='par_1_69' title="bbox 390 3519 2038 3597">
     <span class='ocr_line' id='line_1_71' title="bbox 390 3519 2038 3597; baseline -0.006 -11"><span class='ocrx_word' id='word_1_488' title='bbox 390 3531 525 3597; x_wconf 90' lang='lat' dir='ltr'><strong>rati,</strong></span> <span class='ocrx_word' id='word_1_489' title='bbox 559 3533 661 3583; x_wconf 89' lang='lat' dir='ltr'>aut</span> <span class='ocrx_word' id='word_1_490' title='bbox 691 3543 790 3582; x_wconf 90' lang='lat' dir='ltr'>eos</span> <span class='ocrx_word' id='word_1_491' title='bbox 819 3541 1055 3580; x_wconf 86' lang='lat' dir='ltr'><strong>cernere</strong></span> <span class='ocrx_word' id='word_1_492' title='bbox 1086 3538 1233 3594; x_wconf 88' lang='lat' dir='ltr'><strong>quos</strong></span> <span class='ocrx_word' id='word_1_493' title='bbox 1262 3538 1434 3593; x_wconf 89' lang='lat' dir='ltr'><strong>asper</strong></span> <span class='ocrx_word' id='word_1_494' title='bbox 1483 3521 1600 3588; x_wconf 90' lang='lat' dir='ltr'><strong>ille,</strong></span> <span class='ocrx_word' id='word_1_495' title='bbox 1647 3519 2038 3592; x_wconf 76' lang='lat' dir='ltr'><strong>implacabilis</strong></span> 
     </span>
    </p>
   </div>
   <div class='ocr_carea' id='block_1_70' title="bbox 387 3608 2036 3681">
    <p class='ocr_par' dir='ltr' id='par_1_70' title="bbox 387 3608 2036 3681">
     <span class='ocr_line' id='line_1_72' title="bbox 387 3608 2036 3681; baseline -0.007 -6"><span class='ocrx_word' id='word_1_496' title='bbox 387 3623 445 3676; x_wconf 91' lang='lat' dir='ltr'>et</span> <span class='ocrx_word' id='word_1_497' title='bbox 471 3614 850 3674; x_wconf 80' lang='lat' dir='ltr'><strong>inexorabilis</strong></span> <span class='ocrx_word' id='word_1_498' title='bbox 876 3612 1218 3668; x_wconf 78' lang='lat' dir='ltr'><strong>trucidaret.</strong></span> <span class='ocrx_word' id='word_1_499' title='bbox 1247 3615 1391 3664; x_wconf 90' lang='lat' dir='ltr'><strong>Nam</strong></span> <span class='ocrx_word' id='word_1_500' title='bbox 1417 3610 1568 3681; x_wconf 92' lang='lat' dir='ltr'><strong>quod</strong></span> <span class='ocrx_word' id='word_1_501' title='bbox 1591 3608 1746 3664; x_wconf 87' lang='lat' dir='ltr'><strong>Deus</strong></span> <span class='ocrx_word' id='word_1_502' title='bbox 1766 3614 1822 3664; x_wconf 87' lang='lat' dir='ltr'>et</span> <span class='ocrx_word' id='word_1_503' title='bbox 1861 3608 2036 3664; x_wconf 86' lang='lat' dir='ltr'><strong>homo</strong></span> 
     </span>
    </p>
   </div>
   <div class='ocr_carea' id='block_1_71' title="bbox 387 3697 2032 3771">
    <p class='ocr_par' dir='ltr' id='par_1_71' title="bbox 387 3697 2032 3771">
     <span class='ocr_line' id='line_1_73' title="bbox 387 3697 2032 3771; baseline -0.007 -8"><span class='ocrx_word' id='word_1_504' title='bbox 387 3708 655 3764; x_wconf 86' lang='lat' dir='ltr'><strong>Christus</strong></span> <span class='ocrx_word' id='word_1_505' title='bbox 685 3702 958 3760; x_wconf 84' lang='lat' dir='ltr'><strong>extremis</strong></span> <span class='ocrx_word' id='word_1_506' title='bbox 989 3701 1352 3771; x_wconf 87' lang='lat' dir='ltr'><strong>temporibus</strong></span> <span class='ocrx_word' id='word_1_507' title='bbox 1387 3699 1644 3756; x_wconf 80' lang='lat' dir='ltr'><strong>futurum</strong></span> <span class='ocrx_word' id='word_1_508' title='bbox 1699 3713 1828 3754; x_wconf 89' lang='lat' dir='ltr'><strong>esse</strong></span> <span class='ocrx_word' id='word_1_509' title='bbox 1867 3697 2032 3766; x_wconf 83' lang='lat' dir='ltr'><strong>dixit,</strong></span> 
     </span>
    </p>
   </div>
   <div class='ocr_carea' id='block_1_72' title="bbox 383 3786 2031 3856">
    <p class='ocr_par' dir='ltr' id='par_1_72' title="bbox 383 3786 2031 3856">
     <span class='ocr_line' id='line_1_74' title="bbox 383 3786 2031 3856; baseline -0.007 -4"><span class='ocrx_word' id='word_1_510' title='bbox 383 3803 450 3854; x_wconf 89' lang='lat' dir='ltr'>ut</span> <span class='ocrx_word' id='word_1_511' title='bbox 471 3795 628 3850; x_wconf 86' lang='lat' dir='ltr'><strong>binis</strong></span> <span class='ocrx_word' id='word_1_512' title='bbox 653 3795 712 3849; x_wconf 88' lang='lat' dir='ltr'>in</span> <span class='ocrx_word' id='word_1_513' title='bbox 737 3793 938 3848; x_wconf 84' lang='lat' dir='ltr'><strong>eodem</strong></span> <span class='ocrx_word' id='word_1_514' title='bbox 963 3789 1108 3844; x_wconf 90' lang='lat' dir='ltr'><strong>lecto</strong></span> <span class='ocrx_word' id='word_1_515' title='bbox 1131 3787 1488 3844; x_wconf 88' lang='lat' dir='ltr'><strong>cubantibus</strong></span> <span class='ocrx_word' id='word_1_516' title='bbox 1515 3786 2031 3856; x_wconf 87' lang='lat' dir='ltr'><strong>alterassumatur,</strong></span> 
     </span>
    </p>
   </div>
   <div class='ocr_carea' id='block_1_73' title="bbox 381 3875 2031 3954">
    <p class='ocr_par' dir='ltr' id='par_1_73' title="bbox 381 3875 2031 3954">
     <span class='ocr_line' id='line_1_75' title="bbox 381 3875 2031 3954; baseline -0.008 -12"><span class='ocrx_word' id='word_1_517' title='bbox 381 3885 527 3942; x_wconf 89' lang='lat' dir='ltr'><strong>alter</strong></span> <span class='ocrx_word' id='word_1_518' title='bbox 552 3879 1005 3954; x_wconf 89' lang='lat' dir='ltr'><strong>relinquatur,id</strong></span> <span class='ocrx_word' id='word_1_519' title='bbox 1029 3877 1275 3934; x_wconf 89' lang='lat' dir='ltr'><strong>omnino</strong></span> <span class='ocrx_word' id='word_1_520' title='bbox 1301 3876 1416 3932; x_wconf 88' lang='lat' dir='ltr'><strong>illis</strong></span> <span class='ocrx_word' id='word_1_521' title='bbox 1453 3877 1661 3932; x_wconf 88' lang='lat' dir='ltr'><strong>diebus</strong></span> <span class='ocrx_word' id='word_1_522' title='bbox 1710 3875 2031 3944; x_wconf 80' lang='lat' dir='ltr'><strong>accidebat,</strong></span> 
     </span>
    </p>
   </div>
   <div class='ocr_carea' id='block_1_74' title="bbox 381 3963 2031 4040">
    <p class='ocr_par' dir='ltr' id='par_1_74' title="bbox 381 3963 2031 4040">
     <span class='ocr_line' id='line_1_76' title="bbox 381 3963 2031 4040; baseline -0.007 -9"><span class='ocrx_word' id='word_1_523' title='bbox 381 3991 513 4030; x_wconf 89' lang='lat' dir='ltr'>cum</span> <span class='ocrx_word' id='word_1_524' title='bbox 545 3972 692 4028; x_wconf 89' lang='lat' dir='ltr'><strong>alter</strong></span> <span class='ocrx_word' id='word_1_525' title='bbox 747 3970 1061 4040; x_wconf 84' lang='lat' dir='ltr'><strong>conjugum</strong></span> <span class='ocrx_word' id='word_1_526' title='bbox 1121 3966 1196 4022; x_wconf 84' lang='lat' dir='ltr'>ad</span> <span class='ocrx_word' id='word_1_527' title='bbox 1253 3981 1450 4038; x_wconf 77' lang='lat' dir='ltr'><strong>pmnas</strong></span> <span class='ocrx_word' id='word_1_528' title='bbox 1505 3981 1744 4036; x_wconf 90' lang='lat' dir='ltr'><strong>corpore</strong></span> <span class='ocrx_word' id='word_1_529' title='bbox 1783 3963 2031 4020; x_wconf 87' lang='lat' dir='ltr'><strong>luendas</strong></span> 
     </span>
    </p>
   </div>
   <div class='ocr_carea' id='block_1_75' title="bbox 382 4053 2031 4132">
    <p class='ocr_par' dir='ltr' id='par_1_75' title="bbox 382 4053 2031 4132">
     <span class='ocr_line' id='line_1_77' title="bbox 382 4053 2031 4132; baseline -0.006 -14"><span class='ocrx_word' id='word_1_530' title='bbox 382 4064 576 4118; x_wconf 87' lang='lat' dir='ltr'><strong>subito</strong></span> <span class='ocrx_word' id='word_1_531' title='bbox 609 4065 910 4132; x_wconf 87' lang='lat' dir='ltr'><strong>raperetur</strong></span> <span class='ocrx_word' id='word_1_532' title='bbox 941 4057 1153 4128; x_wconf 88' lang='lat' dir='ltr'><strong>(neque</strong></span> <span class='ocrx_word' id='word_1_533' title='bbox 1184 4055 1339 4110; x_wconf 88' lang='lat' dir='ltr'><strong>enim</strong></span> <span class='ocrx_word' id='word_1_534' title='bbox 1375 4053 1720 4110; x_wconf 87' lang='lat' dir='ltr'><strong>mulieribus</strong></span> <span class='ocrx_word' id='word_1_535' title='bbox 1751 4069 2031 4108; x_wconf 88' lang='lat' dir='ltr'><strong>concessa</strong></span> 
     </span>
    </p>
   </div>
   <div class='ocr_carea' id='block_1_76' title="bbox 381 4139 2030 4220">
    <p class='ocr_par' dir='ltr' id='par_1_76' title="bbox 381 4139 2030 4220">
     <span class='ocr_line' id='line_1_78' title="bbox 381 4139 2030 4220; baseline -0.006 -14"><span class='ocrx_word' id='word_1_536' title='bbox 381 4157 507 4206; x_wconf 87' lang='lat' dir='ltr'><strong>erat</strong></span> <span class='ocrx_word' id='word_1_537' title='bbox 537 4149 858 4220; x_wconf 85' lang='lat' dir='ltr'><strong>impunitas</strong></span> <span class='ocrx_word' id='word_1_538' title='bbox 894 4163 906 4199; x_wconf 91' lang='lat'><strong>:</strong></span> <span class='ocrx_word' id='word_1_539' title='bbox 939 4146 1081 4217; x_wconf 90' lang='lat' dir='ltr'><strong>quin</strong></span> <span class='ocrx_word' id='word_1_540' title='bbox 1114 4149 1172 4199; x_wconf 91' lang='lat' dir='ltr'>et</span> <span class='ocrx_word' id='word_1_541' title='bbox 1197 4144 1406 4198; x_wconf 84' lang='lat' dir='ltr'><strong>harum</strong></span> <span class='ocrx_word' id='word_1_542' title='bbox 1439 4159 1553 4196; x_wconf 87' lang='lat' dir='ltr'>non</span> <span class='ocrx_word' id='word_1_543' title='bbox 1608 4156 1802 4211; x_wconf 65' lang='lat' dir='ltr'><strong>pauore</strong></span> <span class='ocrx_word' id='word_1_544' title='bbox 1846 4139 2030 4196; x_wconf 90' lang='lat' dir='ltr'><strong>oculis</strong></span> 
     </span>
    </p>
   </div>
   <div class='ocr_carea' id='block_1_77' title="bbox 383 4229 2030 4302">
    <p class='ocr_par' dir='ltr' id='par_1_77' title="bbox 383 4229 2030 4302">
     <span class='ocr_line' id='line_1_79' title="bbox 383 4229 2030 4302; baseline -0.007 -7"><span class='ocrx_word' id='word_1_545' title='bbox 383 4239 598 4295; x_wconf 85' lang='lat' dir='ltr'><strong>orbatae</strong></span> <span class='ocrx_word' id='word_1_546' title='bbox 630 4236 1182 4302; x_wconf 61' lang='lat' dir='ltr'><strong>carceremJamem,</strong></span> <span class='ocrx_word' id='word_1_547' title='bbox 1217 4232 1457 4288; x_wconf 87' lang='lat' dir='ltr'><strong>verbera</strong></span> <span class='ocrx_word' id='word_1_548' title='bbox 1479 4229 1838 4300; x_wconf 88' lang='lat' dir='ltr'><strong>tolerarunt),</strong></span> <span class='ocrx_word' id='word_1_549' title='bbox 1867 4235 2030 4302; x_wconf 89' lang='lat' dir='ltr'><strong>pater</strong></span> 
     </span>
    </p>
   </div>
   <div class='ocr_carea' id='block_1_78' title="bbox 377 4318 2024 4397">
    <p class='ocr_par' dir='ltr' id='par_1_78' title="bbox 377 4318 2024 4397">
     <span class='ocr_line' id='line_1_80' title="bbox 377 4318 2024 4397; baseline -0.006 -14"><span class='ocrx_word' id='word_1_550' title='bbox 377 4327 528 4383; x_wconf 81' lang='lat' dir='ltr'><strong>ﬁlios</strong></span> <span class='ocrx_word' id='word_1_551' title='bbox 551 4324 888 4397; x_wconf 63' lang='lat' dir='ltr'><strong>negligeret,</strong></span> <span class='ocrx_word' id='word_1_552' title='bbox 925 4321 1026 4377; x_wconf 77' lang='lat' dir='ltr'><strong>filii</strong></span> <span class='ocrx_word' id='word_1_553' title='bbox 1071 4327 1266 4394; x_wconf 84' lang='lat' dir='ltr'><strong>patres</strong></span> <span class='ocrx_word' id='word_1_554' title='bbox 1323 4336 1441 4374; x_wconf 88' lang='lat' dir='ltr'>non</span> <span class='ocrx_word' id='word_1_555' title='bbox 1503 4323 1822 4386; x_wconf 87' lang='lat' dir='ltr'><strong>curarent;</strong></span> <span class='ocrx_word' id='word_1_556' title='bbox 1885 4318 2024 4373; x_wconf 87' lang='lat' dir='ltr'><strong>siin</strong></span> 
     </span>
    </p>
   </div>
   <div class='ocr_carea' id='block_1_79' title="bbox 373 4407 2024 4484">
    <p class='ocr_par' dir='ltr' id='par_1_79' title="bbox 373 4407 2024 4484">
     <span class='ocr_line' id='line_1_81' title="bbox 373 4407 2024 4484; baseline -0.007 -11"><span class='ocrx_word' id='word_1_557' title='bbox 373 4417 582 4472; x_wconf 88' lang='lat' dir='ltr'><strong>iisdem</strong></span> <span class='ocrx_word' id='word_1_558' title='bbox 617 4414 842 4470; x_wconf 75' lang='lat' dir='ltr'><strong>aedibus</strong></span> <span class='ocrx_word' id='word_1_559' title='bbox 885 4411 1048 4484; x_wconf 91' lang='lat' dir='ltr'><strong>quini</strong></span> <span class='ocrx_word' id='word_1_560' title='bbox 1111 4413 1324 4478; x_wconf 87' lang='lat' dir='ltr'><strong>essent,</strong></span> <span class='ocrx_word' id='word_1_561' title='bbox 1383 4407 1531 4464; x_wconf 87' lang='lat' dir='ltr'><strong>terni</strong></span> <span class='ocrx_word' id='word_1_562' title='bbox 1593 4407 1750 4462; x_wconf 90' lang='lat' dir='ltr'><strong>binis</strong></span> <span class='ocrx_word' id='word_1_563' title='bbox 1799 4412 1859 4462; x_wconf 91' lang='lat' dir='ltr'>et</span> <span class='ocrx_word' id='word_1_564' title='bbox 1903 4407 2024 4461; x_wconf 90' lang='lat' dir='ltr'><strong>bini</strong></span> 
     </span>
    </p>
   </div>
   <div class='ocr_carea' id='block_1_80' title="bbox 378 4495 2024 4563">
    <p class='ocr_par' dir='ltr' id='par_1_80' title="bbox 378 4495 2024 4563">
     <span class='ocr_line' id='line_1_82' title="bbox 378 4495 2024 4563; baseline -0.007 0"><span class='ocrx_word' id='word_1_565' title='bbox 378 4507 558 4563; x_wconf 90' lang='lat' dir='ltr'><strong>ternis</strong></span> <span class='ocrx_word' id='word_1_566' title='bbox 588 4505 1058 4561; x_wconf 81' lang='lat' dir='ltr'><strong>adversarentur.</strong></span> <span class='ocrx_word' id='word_1_567' title='bbox 1095 4499 1263 4554; x_wconf 83' lang='lat' dir='ltr'><strong>Multi</strong></span> <span class='ocrx_word' id='word_1_568' title='bbox 1321 4496 1496 4553; x_wconf 87' lang='lat' dir='ltr'><strong>etiam</strong></span> <span class='ocrx_word' id='word_1_569' title='bbox 1559 4495 1873 4551; x_wconf 81' lang='lat' dir='ltr'><strong>Andronici</strong></span> <span class='ocrx_word' id='word_1_570' title='bbox 1915 4495 2024 4552; x_wconf 87' lang='lat' dir='ltr'><strong>ira-</strong></span> 
     </span>
    </p>
   </div>
   <div class='ocr_carea' id='block_1_81' title="bbox 2149 3251 3790 3333">
    <p class='ocr_par' dir='ltr' id='par_1_81' title="bbox 2149 3251 3790 3333">
     <span class='ocr_line' id='line_1_83' title="bbox 2149 3251 3790 3333; baseline 0.002 -24"><span class='ocrx_word' id='word_1_571' title='bbox 2149 3257 2334 3330; x_wconf 79' lang='grc' dir='ltr'>ἁψῖσιν</span> <span class='ocrx_word' id='word_1_572' title='bbox 2366 3255 2586 3331; x_wconf 74' lang='grc' dir='ltr'>ἀνήρτα,</span> <span class='ocrx_word' id='word_1_573' title='bbox 2619 3261 2698 3328; x_wconf 80' lang='grc' dir='ltr'>τῷ</span> <span class='ocrx_word' id='word_1_574' title='bbox 2733 3258 2825 3330; x_wconf 74' lang='grc' dir='ltr'>μὲν</span> <span class='ocrx_word' id='word_1_575' title='bbox 2867 3255 3042 3327; x_wconf 56' lang='grc' dir='ltr'>δοκειν</span> <span class='ocrx_word' id='word_1_576' title='bbox 3083 3257 3160 3318; x_wconf 84' lang='grc' dir='ltr'>εἰς</span> <span class='ocrx_word' id='word_1_577' title='bbox 3206 3251 3426 3327; x_wconf 75' lang='grc' dir='ltr'>ἔνδειξιν</span> <span class='ocrx_word' id='word_1_578' title='bbox 3478 3260 3573 3312; x_wconf 77' lang='grc' dir='ltr'>τοῦ</span> <span class='ocrx_word' id='word_1_579' title='bbox 3621 3257 3790 3333; x_wconf 67' lang='grc' dir='ltr'>μεγέη</span> 
     </span>
    </p>
   </div>
   <div class='ocr_carea' id='block_1_82' title="bbox 2149 3341 3790 3422">
    <p class='ocr_par' dir='ltr' id='par_1_82' title="bbox 2149 3341 3790 3422">
     <span class='ocr_line' id='line_1_84' title="bbox 2149 3341 3790 3422; baseline 0 -22"><span class='ocrx_word' id='word_1_580' title='bbox 2149 3347 2273 3407; x_wconf 87' lang='grc' dir='ltr'>θους</span> <span class='ocrx_word' id='word_1_581' title='bbox 2307 3349 2414 3400; x_wconf 86' lang='grc' dir='ltr'>τῶν</span> <span class='ocrx_word' id='word_1_582' title='bbox 2475 3347 2603 3421; x_wconf 83' lang='grc' dir='ltr'>παρ’</span> <span class='ocrx_word' id='word_1_583' title='bbox 2659 3344 2825 3399; x_wconf 79' lang='grc' dir='ltr'>αὐτοῦ</span> <span class='ocrx_word' id='word_1_584' title='bbox 2883 3342 3254 3417; x_wconf 78' lang='grc' dir='ltr'>ἁλισκομένων</span> <span class='ocrx_word' id='word_1_585' title='bbox 3317 3347 3537 3422; x_wconf 80' lang='grc' dir='ltr'>ἀγρίων,</span> <span class='ocrx_word' id='word_1_586' title='bbox 3593 3349 3676 3416; x_wconf 81' lang='grc' dir='ltr'>τῷ</span> <span class='ocrx_word' id='word_1_587' title='bbox 3729 3341 3790 3400; x_wconf 71' lang='grc' dir='ltr'>δὲ</span> 
     </span>
    </p>
   </div>
   <div class='ocr_carea' id='block_1_83' title="bbox 2149 3431 3790 3508">
    <p class='ocr_par' dir='ltr' id='par_1_83' title="bbox 2149 3431 3790 3508">
     <span class='ocr_line' id='line_1_85' title="bbox 2149 3431 3790 3508; baseline 0 -20"><span class='ocrx_word' id='word_1_588' title='bbox 2149 3433 2263 3488; x_wconf 81' lang='grc' dir='ltr'>ὄντι</span> <span class='ocrx_word' id='word_1_589' title='bbox 2297 3431 2732 3508; x_wconf 86' lang='grc' dir='ltr'>διαμωκώμενος</span> <span class='ocrx_word' id='word_1_590' title='bbox 2761 3434 2825 3488; x_wconf 83' lang='grc' dir='ltr'>τὸ</span> <span class='ocrx_word' id='word_1_591' title='bbox 2883 3431 3191 3506; x_wconf 85' lang='grc' dir='ltr'>πολίτευμα</span> <span class='ocrx_word' id='word_1_592' title='bbox 3233 3433 3326 3488; x_wconf 88' lang='grc' dir='ltr'>καὶ</span> <span class='ocrx_word' id='word_1_593' title='bbox 3375 3431 3642 3508; x_wconf 83' lang='grc' dir='ltr'>διασύρων</span> <span class='ocrx_word' id='word_1_594' title='bbox 3709 3432 3790 3498; x_wconf 70' lang='grc' dir='ltr'>εἷς</span> 
     </span>
    </p>
   </div>
   <div class='ocr_carea' id='block_1_84' title="bbox 2145 3522 3790 3601">
    <p class='ocr_par' dir='ltr' id='par_1_84' title="bbox 2145 3522 3790 3601">
     <span class='ocr_line' id='line_1_86' title="bbox 2145 3522 3790 3601; baseline -0.002 -21"><span class='ocrx_word' id='word_1_595' title='bbox 2145 3525 2402 3600; x_wconf 79' lang='grc' dir='ltr'>ἀκρασίαν</span> <span class='ocrx_word' id='word_1_596' title='bbox 2465 3531 2572 3582; x_wconf 88' lang='grc' dir='ltr'>τῶν</span> <span class='ocrx_word' id='word_1_597' title='bbox 2639 3529 2910 3601; x_wconf 82' lang='grc' dir='ltr'>γαμετῶν.</span> <span class='ocrx_word' id='word_1_598' title='bbox 3005 3525 3274 3596; x_wconf 85' lang='grc' dir='ltr'>Ὁπηνίκα</span> <span class='ocrx_word' id='word_1_599' title='bbox 3351 3522 3410 3581; x_wconf 65' lang='grc' dir='ltr'>δὲ</span> <span class='ocrx_word' id='word_1_600' title='bbox 3486 3525 3625 3580; x_wconf 80' lang='grc' dir='ltr'>κατὰ</span> <span class='ocrx_word' id='word_1_601' title='bbox 3687 3525 3790 3592; x_wconf 74' lang='grc' dir='ltr'>τὴν</span> 
     </span>
    </p>
   </div>
   <div class='ocr_carea' id='block_1_85' title="bbox 2149 3611 3796 3691">
    <p class='ocr_par' dir='ltr' id='par_1_85' title="bbox 2149 3611 3796 3691">
     <span class='ocr_line' id='line_1_87' title="bbox 2149 3611 3796 3691; baseline -0.001 -21"><span class='ocrx_word' id='word_1_602' title='bbox 2149 3612 2527 3689; x_wconf 83' lang='grc' dir='ltr'>μεγαλόπολιν</span> <span class='ocrx_word' id='word_1_603' title='bbox 2577 3615 2810 3688; x_wconf 89' lang='grc' dir='ltr'>γένοιτο,</span> <span class='ocrx_word' id='word_1_604' title='bbox 2858 3617 2965 3668; x_wconf 86' lang='grc' dir='ltr'>τῶν</span> <span class='ocrx_word' id='word_1_605' title='bbox 3013 3620 3112 3683; x_wconf 80' lang='grc' dir='ltr'>τῆς</span> <span class='ocrx_word' id='word_1_606' title='bbox 3164 3611 3538 3688; x_wconf 85' lang='grc' dir='ltr'>Προποντίδος</span> <span class='ocrx_word' id='word_1_607' title='bbox 3587 3633 3796 3691; x_wconf 86' lang='grc' dir='ltr'>τρυφη-</span> 
     </span>
    </p>
   </div>
   <div class='ocr_carea' id='block_1_86' title="bbox 2145 3699 3791 3780">
    <p class='ocr_par' dir='ltr' id='par_1_86' title="bbox 2145 3699 3791 3780">
     <span class='ocr_line' id='line_1_88' title="bbox 2145 3699 3791 3780; baseline -0.002 -19"><span class='ocrx_word' id='word_1_608' title='bbox 2145 3704 2256 3761; x_wconf 88' lang='grc' dir='ltr'>λῶν</span> <span class='ocrx_word' id='word_1_609' title='bbox 2325 3703 2552 3780; x_wconf 88' lang='grc' dir='ltr'>χωρίων</span> <span class='ocrx_word' id='word_1_610' title='bbox 2609 3705 2698 3758; x_wconf 85' lang='grc' dir='ltr'>καὶ</span> <span class='ocrx_word' id='word_1_611' title='bbox 2749 3708 3018 3778; x_wconf 79' lang='grc' dir='ltr'>περιττῶν</span> <span class='ocrx_word' id='word_1_612' title='bbox 3085 3701 3512 3775; x_wconf 77' lang='grc' dir='ltr'>ἀπανιστάμενος</span> <span class='ocrx_word' id='word_1_613' title='bbox 3566 3699 3791 3771; x_wconf 74' lang='grc' dir='ltr'>διαιτή-</span> 
     </span>
    </p>
   </div>
   <div class='ocr_carea' id='block_1_87' title="bbox 2144 3789 3794 3872">
    <p class='ocr_par' dir='ltr' id='par_1_87' title="bbox 2144 3789 3794 3872">
     <span class='ocr_line' id='line_1_89' title="bbox 2144 3789 3794 3872; baseline -0.001 -22"><span class='ocrx_word' id='word_1_614' title='bbox 2144 3815 2303 3862; x_wconf 89' lang='grc' dir='ltr'>σεων,</span> <span class='ocrx_word' id='word_1_615' title='bbox 2371 3793 2470 3848; x_wconf 83' lang='grc' dir='ltr'>οὐκ</span> <span class='ocrx_word' id='word_1_616' title='bbox 2533 3794 2600 3862; x_wconf 76' lang='grc' dir='ltr'>ἦν</span> <span class='ocrx_word' id='word_1_617' title='bbox 2671 3794 2744 3866; x_wconf 78' lang='grc' dir='ltr'>μή</span> <span class='ocrx_word' id='word_1_618' title='bbox 2815 3789 3102 3872; x_wconf 81' lang='grc' dir='ltr'>ἀποφράδα</span> <span class='ocrx_word' id='word_1_619' title='bbox 3163 3793 3435 3864; x_wconf 86' lang='grc' dir='ltr'>κρίνεσθαι</span> <span class='ocrx_word' id='word_1_620' title='bbox 3498 3797 3602 3862; x_wconf 73' lang='grc' dir='ltr'>τήν</span> <span class='ocrx_word' id='word_1_621' title='bbox 3665 3793 3794 3848; x_wconf 74' lang='grc' dir='ltr'>τότε</span> 
     </span>
    </p>
   </div>
   <div class='ocr_carea' id='block_1_88' title="bbox 2142 3877 3790 3958">
    <p class='ocr_par' dir='ltr' id='par_1_88' title="bbox 2142 3877 3790 3958">
     <span class='ocr_line' id='line_1_90' title="bbox 2142 3877 3790 3958; baseline -0.001 -21"><span class='ocrx_word' id='word_1_622' title='bbox 2142 3883 2375 3958; x_wconf 82' lang='grc' dir='ltr'>ἡμέραν·</span> <span class='ocrx_word' id='word_1_623' title='bbox 2411 3881 2472 3937; x_wconf 83' lang='grc' dir='ltr'>ού</span> <span class='ocrx_word' id='word_1_624' title='bbox 2529 3882 2630 3956; x_wconf 78' lang='grc' dir='ltr'>γὰρ</span> <span class='ocrx_word' id='word_1_625' title='bbox 2680 3877 2747 3934; x_wconf 88' lang='grc' dir='ltr'>δι’</span> <span class='ocrx_word' id='word_1_626' title='bbox 2790 3877 2920 3935; x_wconf 72' lang='grc' dir='ltr'>ἀλλ’</span> <span class='ocrx_word' id='word_1_627' title='bbox 2965 3879 3098 3936; x_wconf 73' lang='grc' dir='ltr'>ἅττα</span> <span class='ocrx_word' id='word_1_628' title='bbox 3145 3886 3392 3956; x_wconf 86' lang='grc' dir='ltr'>παρεῖναι</span> <span class='ocrx_word' id='word_1_629' title='bbox 3435 3877 3612 3936; x_wconf 77' lang='grc' dir='ltr'>ἐδόκει</span> <span class='ocrx_word' id='word_1_630' title='bbox 3643 3879 3678 3949; x_wconf 74' lang='grc' dir='ltr'><strong>ἢ</strong></span> <span class='ocrx_word' id='word_1_631' title='bbox 3711 3881 3790 3942; x_wconf 83' lang='grc' dir='ltr'>ὡς</span> 
     </span>
    </p>
   </div>
   <div class='ocr_carea' id='block_1_89' title="bbox 2143 3964 3792 4036">
    <p class='ocr_par' dir='ltr' id='par_1_89' title="bbox 2143 3964 3792 4036">
     <span class='ocr_line' id='line_1_91' title="bbox 2143 3964 3792 4036; baseline -0.001 -12"><span class='ocrx_word' id='word_1_632' title='bbox 2143 3972 2316 4036; x_wconf 76' lang='grc' dir='ltr'>θύσων</span> <span class='ocrx_word' id='word_1_633' title='bbox 2364 3969 2456 4025; x_wconf 84' lang='grc' dir='ltr'>καὶ</span> <span class='ocrx_word' id='word_1_634' title='bbox 2513 3967 2799 4024; x_wconf 82' lang='grc' dir='ltr'>ἀπολέσων</span> <span class='ocrx_word' id='word_1_635' title='bbox 2869 3969 3070 4023; x_wconf 85' lang='grc' dir='ltr'>ὁπόσον</span> <span class='ocrx_word' id='word_1_636' title='bbox 3137 3969 3211 4031; x_wconf 84' lang='grc' dir='ltr'>ὡς</span> <span class='ocrx_word' id='word_1_637' title='bbox 3278 3964 3576 4024; x_wconf 76' lang='grc' dir='ltr'>ἐπίϐουλον</span> <span class='ocrx_word' id='word_1_638' title='bbox 3635 3967 3792 4023; x_wconf 81' lang='grc' dir='ltr'>ὑπω-</span> 
     </span>
    </p>
   </div>
   <div class='ocr_carea' id='block_1_90' title="bbox 2139 4053 3786 4131">
    <p class='ocr_par' dir='ltr' id='par_1_90' title="bbox 2139 4053 3786 4131">
     <span class='ocr_line' id='line_1_92' title="bbox 2139 4053 3786 4131; baseline -0.003 -16"><span class='ocrx_word' id='word_1_639' title='bbox 2139 4059 2384 4116; x_wconf 83' lang='grc' dir='ltr'>πτεύετο.</span> <span class='ocrx_word' id='word_1_640' title='bbox 2433 4059 2536 4115; x_wconf 81' lang='grc' dir='ltr'>Καὶ</span> <span class='ocrx_word' id='word_1_641' title='bbox 2595 4059 2630 4126; x_wconf 76' lang='grc' dir='ltr'><strong>ἡ</strong></span> <span class='ocrx_word' id='word_1_642' title='bbox 2678 4053 3024 4131; x_wconf 82' lang='grc' dir='ltr'>Ἀνδρονίκου</span> <span class='ocrx_word' id='word_1_643' title='bbox 3063 4054 3332 4129; x_wconf 81' lang='grc' dir='ltr'>ἐπιδημία</span> <span class='ocrx_word' id='word_1_644' title='bbox 3381 4062 3498 4119; x_wconf 87' lang='grc' dir='ltr'>τοῖς</span> <span class='ocrx_word' id='word_1_645' title='bbox 3544 4054 3786 4117; x_wconf 87' lang='grc' dir='ltr'>πολλοῖς</span> 
     </span>
    </p>
   </div>
   <div class='ocr_carea' id='block_1_91' title="bbox 2141 4143 3784 4222">
    <p class='ocr_par' dir='ltr' id='par_1_91' title="bbox 2141 4143 3784 4222">
     <span class='ocr_line' id='line_1_93' title="bbox 2141 4143 3784 4222; baseline -0.001 -20"><span class='ocrx_word' id='word_1_646' title='bbox 2141 4148 2314 4222; x_wconf 81' lang='grc' dir='ltr'>ζημία</span> <span class='ocrx_word' id='word_1_647' title='bbox 2371 4147 2464 4203; x_wconf 84' lang='grc' dir='ltr'>καὶ</span> <span class='ocrx_word' id='word_1_648' title='bbox 2503 4146 2707 4220; x_wconf 83' lang='grc' dir='ltr'>ἀθυμία</span> <span class='ocrx_word' id='word_1_649' title='bbox 2741 4143 2774 4216; x_wconf 80' lang='grc' dir='ltr'><strong>ἤ</strong></span> <span class='ocrx_word' id='word_1_650' title='bbox 2805 4147 2895 4200; x_wconf 83' lang='grc' dir='ltr'>καὶ</span> <span class='ocrx_word' id='word_1_651' title='bbox 2935 4151 3034 4201; x_wconf 79' lang='grc' dir='ltr'>τοῦ</span> <span class='ocrx_word' id='word_1_652' title='bbox 3081 4147 3202 4222; x_wconf 87' lang='grc' dir='ltr'>βίὸυ</span> <span class='ocrx_word' id='word_1_653' title='bbox 3249 4145 3484 4220; x_wconf 85' lang='grc' dir='ltr'>ἐκνημία</span> <span class='ocrx_word' id='word_1_654' title='bbox 3538 4147 3630 4201; x_wconf 79' lang='grc' dir='ltr'>καὶ</span> <span class='ocrx_word' id='word_1_655' title='bbox 3679 4153 3784 4202; x_wconf 71' lang='grc' dir='ltr'>πᾶν</span> 
     </span>
    </p>
   </div>
   <div class='ocr_carea' id='block_1_92' title="bbox 2137 4233 3786 4315">
    <p class='ocr_par' dir='ltr' id='par_1_92' title="bbox 2137 4233 3786 4315">
     <span class='ocr_line' id='line_1_94' title="bbox 2137 4233 3786 4315; baseline -0.002 -21"><span class='ocrx_word' id='word_1_656' title='bbox 2137 4237 2280 4294; x_wconf 72' lang='grc' dir='ltr'>ἄλλο</span> <span class='ocrx_word' id='word_1_657' title='bbox 2311 4259 2365 4293; x_wconf 90' lang='grc' dir='ltr'>τι</span> <span class='ocrx_word' id='word_1_658' title='bbox 2407 4233 2636 4315; x_wconf 71' lang='grc' dir='ltr'>ἔσχατον</span> <span class='ocrx_word' id='word_1_659' title='bbox 2682 4236 2847 4291; x_wconf 77' lang='grc' dir='ltr'>κακὸν</span> <span class='ocrx_word' id='word_1_660' title='bbox 2901 4233 3327 4312; x_wconf 83' lang='grc' dir='ltr'>συλλελόγιστο,</span> <span class='ocrx_word' id='word_1_661' title='bbox 3385 4233 3573 4305; x_wconf 80' lang='grc' dir='ltr'>ἐπειδή</span> <span class='ocrx_word' id='word_1_662' title='bbox 3625 4256 3726 4309; x_wconf 91' lang='grc' dir='ltr'>περ</span> <span class='ocrx_word' id='word_1_663' title='bbox 3755 4237 3786 4290; x_wconf 80' lang='grc' dir='ltr'>ὁ</span> 
     </span>
    </p>
   </div>
   <div class='ocr_carea' id='block_1_93' title="bbox 2136 4321 3786 4400">
    <p class='ocr_par' dir='ltr' id='par_1_93' title="bbox 2136 4321 3786 4400">
     <span class='ocr_line' id='line_1_95' title="bbox 2136 4321 3786 4400; baseline -0.001 -19"><span class='ocrx_word' id='word_1_664' title='bbox 2136 4328 2268 4400; x_wconf 82' lang='grc' dir='ltr'>ἀνὴρ</span> <span class='ocrx_word' id='word_1_665' title='bbox 2301 4326 2428 4380; x_wconf 83' lang='grc' dir='ltr'>ὡσεὶ</span> <span class='ocrx_word' id='word_1_666' title='bbox 2475 4325 2566 4379; x_wconf 83' lang='grc' dir='ltr'>καὶ</span> <span class='ocrx_word' id='word_1_667' title='bbox 2616 4325 2880 4400; x_wconf 74' lang='grc' dir='ltr'>γρυμμήν</span> <span class='ocrx_word' id='word_1_668' title='bbox 2931 4321 3357 4396; x_wconf 79' lang='grc' dir='ltr'>μονοδιάστατον</span> <span class='ocrx_word' id='word_1_669' title='bbox 3407 4324 3497 4379; x_wconf 85' lang='grc' dir='ltr'>καὶ</span> <span class='ocrx_word' id='word_1_670' title='bbox 3546 4329 3786 4397; x_wconf 80' lang='grc' dir='ltr'>μηκιζο-</span> 
     </span>
    </p>
   </div>
   <div class='ocr_carea' id='block_1_94' title="bbox 2139 4409 3784 4492">
    <p class='ocr_par' dir='ltr' id='par_1_94' title="bbox 2139 4409 3784 4492">
     <span class='ocr_line' id='line_1_96' title="bbox 2139 4409 3784 4492; baseline -0.001 -24"><span class='ocrx_word' id='word_1_671' title='bbox 2139 4413 2273 4488; x_wconf 74' lang='grc' dir='ltr'>μένη</span> <span class='ocrx_word' id='word_1_672' title='bbox 2343 4414 2420 4474; x_wconf 81' lang='grc' dir='ltr'>εἷς</span> <span class='ocrx_word' id='word_1_673' title='bbox 2461 4413 2524 4469; x_wconf 84' lang='grc' dir='ltr'>τὸ</span> <span class='ocrx_word' id='word_1_674' title='bbox 2583 4409 2884 4468; x_wconf 83' lang='grc' dir='ltr'>λεπταλέον</span> <span class='ocrx_word' id='word_1_675' title='bbox 2927 4411 3015 4466; x_wconf 83' lang='grc' dir='ltr'>καὶ</span> <span class='ocrx_word' id='word_1_676' title='bbox 3067 4410 3304 4476; x_wconf 74' lang='grc' dir='ltr'>ἀπλατὲς</span> <span class='ocrx_word' id='word_1_677' title='bbox 3347 4412 3402 4467; x_wconf 89' lang='grc' dir='ltr'>ἐν</span> <span class='ocrx_word' id='word_1_678' title='bbox 3449 4417 3529 4485; x_wconf 77' lang='grc' dir='ltr'>τῷ</span> <span class='ocrx_word' id='word_1_679' title='bbox 3577 4410 3784 4492; x_wconf 79' lang='grc' dir='ltr'>ἐδαφίῳ</span> 
     </span>
    </p>
   </div>
   <div class='ocr_carea' id='block_1_95' title="bbox 2135 4499 3784 4578">
    <p class='ocr_par' dir='ltr' id='par_1_95' title="bbox 2135 4499 3784 4578">
     <span class='ocr_line' id='line_1_97' title="bbox 2135 4499 3784 4578; baseline -0.002 -18"><span class='ocrx_word' id='word_1_680' title='bbox 2135 4511 2233 4574; x_wconf 84' lang='grc' dir='ltr'>τῆς</span> <span class='ocrx_word' id='word_1_681' title='bbox 2267 4507 2454 4578; x_wconf 81' lang='grc' dir='ltr'>ψυχῆς</span> <span class='ocrx_word' id='word_1_682' title='bbox 2489 4502 2731 4571; x_wconf 78' lang='grc' dir='ltr'>καθάπαξ</span> <span class='ocrx_word' id='word_1_683' title='bbox 2788 4502 2888 4570; x_wconf 76' lang='grc' dir='ltr'>τὴν</span> <span class='ocrx_word' id='word_1_684' title='bbox 2949 4501 3242 4576; x_wconf 78' lang='grc' dir='ltr'>ὁξυχολίαν</span> <span class='ocrx_word' id='word_1_685' title='bbox 3288 4502 3644 4576; x_wconf 76' lang='grc' dir='ltr'>προϋποθεές,</span> <span class='ocrx_word' id='word_1_686' title='bbox 3693 4499 3784 4557; x_wconf 81' lang='grc' dir='ltr'>καί</span> 
     </span>
    </p>
   </div>
   <div class='ocr_carea' id='block_1_96' title="bbox 376 4583 2033 4666">
    <p class='ocr_par' dir='ltr' id='par_1_96' title="bbox 376 4583 2023 4662">
     <span class='ocr_line' id='line_1_98' title="bbox 376 4583 2023 4662; baseline -0.007 -10"><span class='ocrx_word' id='word_1_687' title='bbox 376 4595 748 4662; x_wconf 88' lang='lat' dir='ltr'><strong>cundiam,ut</strong></span> <span class='ocrx_word' id='word_1_688' title='bbox 774 4590 1195 4649; x_wconf 90' lang='lat' dir='ltr'><strong>Sodomiticum</strong></span> <span class='ocrx_word' id='word_1_689' title='bbox 1233 4583 1777 4653; x_wconf 88' lang='lat' dir='ltr'><strong>incendium,remis</strong></span> <span class='ocrx_word' id='word_1_690' title='bbox 1807 4589 1864 4639; x_wconf 90' lang='lat' dir='ltr'>et</span> <span class='ocrx_word' id='word_1_691' title='bbox 1885 4584 2023 4642; x_wconf 88' lang='lat' dir='ltr'><strong>velis</strong></span> 
     </span>
    </p>
   </div>
   <div class='ocr_carea' id='block_1_97' title="bbox 2143 4583 3778 4666">
    <p class='ocr_par' dir='ltr' id='par_1_97' title="bbox 2143 4589 3778 4666">
     <span class='ocr_line' id='line_1_99' title="bbox 2143 4589 3778 4666; baseline -0.001 -18"><span class='ocrx_word' id='word_1_692' title='bbox 2143 4593 2267 4666; x_wconf 75' lang='grc' dir='ltr'>πρὸς</span> <span class='ocrx_word' id='word_1_693' title='bbox 2341 4591 2542 4662; x_wconf 87' lang='grc' dir='ltr'>ταύτην</span> <span class='ocrx_word' id='word_1_694' title='bbox 2617 4591 2757 4644; x_wconf 82' lang='grc' dir='ltr'>ἅπαν</span> <span class='ocrx_word' id='word_1_695' title='bbox 2863 4589 3168 4644; x_wconf 83' lang='grc' dir='ltr'>ἀποστενῶν</span> <span class='ocrx_word' id='word_1_696' title='bbox 3241 4590 3306 4644; x_wconf 88' lang='grc' dir='ltr'>τὸ</span> <span class='ocrx_word' id='word_1_697' title='bbox 3381 4591 3778 4666; x_wconf 88' lang='grc' dir='ltr'>πραττόμενον,</span> 
     </span>
    </p>
   </div>
   <div class='ocr_carea' id='block_1_98' title="bbox 373 4673 2019 4756">
    <p class='ocr_par' dir='ltr' id='par_1_98' title="bbox 373 4673 2019 4756">
     <span class='ocr_line' id='line_1_100' title="bbox 373 4673 2019 4756; baseline -0.006 -17"><span class='ocrx_word' id='word_1_698' title='bbox 373 4684 664 4756; x_wconf 84' lang='lat' dir='ltr'><strong>fugientes</strong></span> <span class='ocrx_word' id='word_1_699' title='bbox 697 4697 868 4754; x_wconf 89' lang='lat' dir='ltr'><strong>quam</strong></span> <span class='ocrx_word' id='word_1_700' title='bbox 904 4677 1245 4750; x_wconf 85' lang='lat' dir='ltr'><strong>longissime</strong></span> <span class='ocrx_word' id='word_1_701' title='bbox 1277 4692 1312 4731; x_wconf 90' lang='lat' dir='ltr'>a</span> <span class='ocrx_word' id='word_1_702' title='bbox 1351 4673 1542 4746; x_wconf 87' lang='lat' dir='ltr'><strong>patria</strong></span> <span class='ocrx_word' id='word_1_703' title='bbox 1599 4673 2019 4742; x_wconf 88' lang='lat' dir='ltr'><strong>discedebant;</strong></span> 
     </span>
    </p>
   </div>
   <div class='ocr_carea' id='block_1_99' title="bbox 373 4761 2025 4844">
    <p class='ocr_par' dir='ltr' id='par_1_99' title="bbox 373 4761 2025 4844">
     <span class='ocr_line' id='line_1_101' title="bbox 373 4761 2025 4844; baseline -0.007 -15"><span class='ocrx_word' id='word_1_704' title='bbox 373 4775 476 4844; x_wconf 87' lang='lat' dir='ltr'>qui</span> <span class='ocrx_word' id='word_1_705' title='bbox 503 4773 552 4828; x_wconf 91' lang='lat' dir='ltr'>si</span> <span class='ocrx_word' id='word_1_706' title='bbox 583 4770 857 4827; x_wconf 82' lang='lat' dir='ltr'><strong>exsilium</strong></span> <span class='ocrx_word' id='word_1_707' title='bbox 893 4781 1079 4839; x_wconf 87' lang='lat' dir='ltr'><strong>usque</strong></span> <span class='ocrx_word' id='word_1_708' title='bbox 1109 4766 1178 4820; x_wconf 89' lang='lat' dir='ltr'>ad</span> <span class='ocrx_word' id='word_1_709' title='bbox 1199 4762 1361 4819; x_wconf 88' lang='lat' dir='ltr'><strong>illius</strong></span> <span class='ocrx_word' id='word_1_710' title='bbox 1385 4761 1604 4818; x_wconf 89' lang='lat' dir='ltr'><strong>obitum</strong></span> <span class='ocrx_word' id='word_1_711' title='bbox 1631 4761 2025 4819; x_wconf 81' lang='lat' dir='ltr'><strong>extendissent</strong></span> 
     </span>
    </p>
   </div>
   <div class='ocr_carea' id='block_1_100' title="bbox 373 4851 2022 4927">
    <p class='ocr_par' dir='ltr' id='par_1_100' title="bbox 373 4851 2022 4927">
     <span class='ocr_line' id='line_1_102' title="bbox 373 4851 2022 4927; baseline -0.003 -12"><span class='ocrx_word' id='word_1_712' title='bbox 373 4861 566 4915; x_wconf 86' lang='lat' dir='ltr'><strong>omnis</strong></span> <span class='ocrx_word' id='word_1_713' title='bbox 599 4859 734 4913; x_wconf 88' lang='lat' dir='ltr'><strong>mali</strong></span> <span class='ocrx_word' id='word_1_714' title='bbox 764 4862 1026 4927; x_wconf 84' lang='lat' dir='ltr'><strong>expertes</strong></span> <span class='ocrx_word' id='word_1_715' title='bbox 1053 4854 1530 4926; x_wconf 88' lang='lat' dir='ltr'><strong>permansissent.</strong></span> <span class='ocrx_word' id='word_1_716' title='bbox 1563 4851 1730 4906; x_wconf 88' lang='lat' dir='ltr'><strong>Nunc</strong></span> <span class='ocrx_word' id='word_1_717' title='bbox 1763 4851 1902 4908; x_wconf 90' lang='lat' dir='ltr'>dum</span> <span class='ocrx_word' id='word_1_718' title='bbox 1941 4853 2022 4910; x_wconf 89' lang='lat' dir='ltr'>rei</span> 
     </span>
    </p>
   </div>
   <div class='ocr_carea' id='block_1_101' title="bbox 373 4941 2020 5012">
    <p class='ocr_par' dir='ltr' id='par_1_101' title="bbox 373 4941 2020 5012">
     <span class='ocr_line' id='line_1_103' title="bbox 373 4941 2020 5012; baseline -0.002 -11"><span class='ocrx_word' id='word_1_719' title='bbox 373 4946 645 5001; x_wconf 79' lang='lat' dir='ltr'><strong>familiari</strong></span> <span class='ocrx_word' id='word_1_720' title='bbox 679 4945 1010 5000; x_wconf 89' lang='lat' dir='ltr'><strong>consultum</strong></span> <span class='ocrx_word' id='word_1_721' title='bbox 1045 4943 1388 5011; x_wconf 89' lang='lat' dir='ltr'><strong>volunt,non</strong></span> <span class='ocrx_word' id='word_1_722' title='bbox 1411 4941 1648 5012; x_wconf 88' lang='lat' dir='ltr'><strong>quidem</strong></span> <span class='ocrx_word' id='word_1_723' title='bbox 1681 4941 1738 4996; x_wconf 89' lang='lat' dir='ltr'>in</span> <span class='ocrx_word' id='word_1_724' title='bbox 1763 4945 2020 4998; x_wconf 86' lang='lat' dir='ltr'><strong>statuam</strong></span> 
     </span>
    </p>
   </div>
   <div class='ocr_carea' id='block_1_102' title="bbox 373 5029 2022 5101">
    <p class='ocr_par' dir='ltr' id='par_1_102' title="bbox 373 5029 2022 5101">
     <span class='ocr_line' id='line_1_104' title="bbox 373 5029 2022 5101; baseline -0.002 -12"><span class='ocrx_word' id='word_1_725' title='bbox 373 5033 518 5090; x_wconf 88' lang='lat' dir='ltr'><strong>salis</strong></span> <span class='ocrx_word' id='word_1_726' title='bbox 545 5037 684 5088; x_wconf 87' lang='lat' dir='ltr'><strong>sunt</strong></span> <span class='ocrx_word' id='word_1_727' title='bbox 715 5033 939 5098; x_wconf 87' lang='lat' dir='ltr'><strong>mutati,</strong></span> <span class='ocrx_word' id='word_1_728' title='bbox 977 5037 1040 5087; x_wconf 91' lang='lat' dir='ltr'>ut</span> <span class='ocrx_word' id='word_1_729' title='bbox 1067 5031 1190 5088; x_wconf 88' lang='lat' dir='ltr'><strong>Loti</strong></span> <span class='ocrx_word' id='word_1_730' title='bbox 1241 5049 1402 5097; x_wconf 82' lang='lat' dir='ltr'><strong>uxor,</strong></span> <span class='ocrx_word' id='word_1_731' title='bbox 1465 5045 1652 5101; x_wconf 88' lang='lat' dir='ltr'><strong>neque</strong></span> <span class='ocrx_word' id='word_1_732' title='bbox 1695 5029 1780 5085; x_wconf 84' lang='lat' dir='ltr'>sal</span> <span class='ocrx_word' id='word_1_733' title='bbox 1829 5045 2022 5086; x_wconf 87' lang='lat' dir='ltr'><strong>emor-</strong></span> 
     </span>
    </p>
   </div>
   <div class='ocr_carea' id='block_1_103' title="bbox 369 5117 2022 5194">
    <p class='ocr_par' dir='ltr' id='par_1_103' title="bbox 369 5117 2022 5194">
     <span class='ocr_line' id='line_1_105' title="bbox 369 5117 2022 5194; baseline 0 -18"><span class='ocrx_word' id='word_1_734' title='bbox 369 5127 538 5176; x_wconf 90' lang='lat' dir='ltr'><strong>tuum</strong></span> <span class='ocrx_word' id='word_1_735' title='bbox 571 5125 900 5194; x_wconf 82' lang='lat' dir='ltr'><strong>evaserunt,</strong></span> <span class='ocrx_word' id='word_1_736' title='bbox 935 5121 1037 5175; x_wconf 90' lang='lat' dir='ltr'>sed</span> <span class='ocrx_word' id='word_1_737' title='bbox 1069 5119 1286 5191; x_wconf 88' lang='lat' dir='ltr'><strong>alioqui</strong></span> <span class='ocrx_word' id='word_1_738' title='bbox 1319 5117 1534 5176; x_wconf 87' lang='lat' dir='ltr'><strong>mentis</strong></span> <span class='ocrx_word' id='word_1_739' title='bbox 1579 5133 1772 5174; x_wconf 87' lang='lat' dir='ltr'><strong>errore</strong></span> <span class='ocrx_word' id='word_1_740' title='bbox 1831 5119 2022 5176; x_wconf 68' lang='grc' dir='ltr'>οπεοιὶ</span> 
     </span>
    </p>
   </div>
   <div class='ocr_carea' id='block_1_104' title="bbox 374 5209 1082 5281">
    <p class='ocr_par' dir='ltr' id='par_1_104' title="bbox 374 5209 1082 5281">
     <span class='ocr_line' id='line_1_106' title="bbox 374 5209 1082 5281; baseline -0.006 -14"><span class='ocrx_word' id='word_1_741' title='bbox 374 5210 526 5267; x_wconf 89' lang='lat' dir='ltr'><strong>mala</strong></span> <span class='ocrx_word' id='word_1_742' title='bbox 551 5215 736 5265; x_wconf 87' lang='lat' dir='ltr'><strong>morte</strong></span> <span class='ocrx_word' id='word_1_743' title='bbox 769 5209 1082 5281; x_wconf 88' lang='lat' dir='ltr'><strong>perierunt.</strong></span> 
     </span>
    </p>
   </div>
   <div class='ocr_carea' id='block_1_105' title="bbox 2132 4677 3780 4753">
    <p class='ocr_par' dir='ltr' id='par_1_105' title="bbox 2132 4677 3780 4753">
     <span class='ocr_line' id='line_1_107' title="bbox 2132 4677 3780 4753; baseline -0.001 -16"><span class='ocrx_word' id='word_1_744' title='bbox 2132 4677 2370 4738; x_wconf 77' lang='grc' dir='ltr'>ἀϐίωτον</span> <span class='ocrx_word' id='word_1_745' title='bbox 2409 4678 2548 4752; x_wconf 79' lang='grc' dir='ltr'>ᾤετο</span> <span class='ocrx_word' id='word_1_746' title='bbox 2585 4679 2690 4748; x_wconf 79' lang='grc' dir='ltr'>τήν</span> <span class='ocrx_word' id='word_1_747' title='bbox 2747 4678 2958 4753; x_wconf 79' lang='grc' dir='ltr'>ἡμέραν</span> <span class='ocrx_word' id='word_1_748' title='bbox 3021 4680 3139 4742; x_wconf 87' lang='grc' dir='ltr'>καθ’</span> <span class='ocrx_word' id='word_1_749' title='bbox 3205 4680 3271 4750; x_wconf 63' lang='grc' dir='ltr'>ἢν</span> <span class='ocrx_word' id='word_1_750' title='bbox 3337 4681 3400 4735; x_wconf 78' lang='grc' dir='ltr'>οὐ</span> <span class='ocrx_word' id='word_1_751' title='bbox 3467 4678 3780 4753; x_wconf 74' lang='grc' dir='ltr'>ξυνειλήφει</span> 
     </span>
    </p>
   </div>
   <div class='ocr_carea' id='block_1_106' title="bbox 2128 4766 3780 4844">
    <p class='ocr_par' dir='ltr' id='par_1_106' title="bbox 2128 4766 3780 4844">
     <span class='ocr_line' id='line_1_108' title="bbox 2128 4766 3780 4844; baseline -0.001 -17"><span class='ocrx_word' id='word_1_752' title='bbox 2128 4773 2386 4827; x_wconf 71' lang='grc' dir='ltr'>τινὰτῶν</span> <span class='ocrx_word' id='word_1_753' title='bbox 2439 4769 2490 4825; x_wconf 88' lang='grc' dir='ltr'>ἐν</span> <span class='ocrx_word' id='word_1_754' title='bbox 2543 4769 2861 4844; x_wconf 83' lang='grc' dir='ltr'>ὑπεροχαῖς,</span> <span class='ocrx_word' id='word_1_755' title='bbox 2901 4769 2937 4838; x_wconf 71' lang='grc' dir='ltr'>ἤ</span> <span class='ocrx_word' id='word_1_756' title='bbox 2988 4767 3229 4844; x_wconf 85' lang='grc' dir='ltr'>λύχνους</span> <span class='ocrx_word' id='word_1_757' title='bbox 3276 4769 3375 4825; x_wconf 79' lang='grc' dir='ltr'>οὐκ</span> <span class='ocrx_word' id='word_1_758' title='bbox 3429 4766 3616 4826; x_wconf 74' lang='grc' dir='ltr'>ἔσϐεσε</span> <span class='ocrx_word' id='word_1_759' title='bbox 3671 4771 3780 4825; x_wconf 85' lang='grc' dir='ltr'>σώ-</span> 
     </span>
    </p>
   </div>
   <div class='ocr_carea' id='block_1_107' title="bbox 2135 4855 3774 4935">
    <p class='ocr_par' dir='ltr' id='par_1_107' title="bbox 2135 4855 3774 4935">
     <span class='ocr_line' id='line_1_109' title="bbox 2135 4855 3774 4935; baseline 0.005 -24"><span class='ocrx_word' id='word_1_760' title='bbox 2135 4881 2325 4935; x_wconf 77' lang='grc' dir='ltr'>ματος,</span> <span class='ocrx_word' id='word_1_761' title='bbox 2367 4861 2402 4930; x_wconf 72' lang='grc' dir='ltr'>ἢ</span> <span class='ocrx_word' id='word_1_762' title='bbox 2453 4855 2653 4929; x_wconf 82' lang='grc' dir='ltr'>ὀτουδή</span> <span class='ocrx_word' id='word_1_763' title='bbox 2697 4878 2844 4920; x_wconf 90' lang='grc' dir='ltr'>τινος</span> <span class='ocrx_word' id='word_1_764' title='bbox 2903 4856 2966 4912; x_wconf 83' lang='grc' dir='ltr'>ού</span> <span class='ocrx_word' id='word_1_765' title='bbox 3021 4859 3301 4932; x_wconf 74' lang='grc' dir='ltr'>καθήψατο</span> <span class='ocrx_word' id='word_1_766' title='bbox 3359 4857 3711 4933; x_wconf 79' lang='grc' dir='ltr'>φιλονείκως,</span> <span class='ocrx_word' id='word_1_767' title='bbox 3741 4860 3774 4928; x_wconf 75' lang='grc' dir='ltr'><strong>ἢ</strong></span> 
     </span>
    </p>
   </div>
   <div class='ocr_carea' id='block_1_108' title="bbox 2129 4943 3778 5026">
    <p class='ocr_par' dir='ltr' id='par_1_108' title="bbox 2129 4943 3778 5026">
     <span class='ocr_line' id='line_1_110' title="bbox 2129 4943 3778 5026; baseline -0.001 -22"><span class='ocrx_word' id='word_1_768' title='bbox 2129 4955 2260 5026; x_wconf 77' lang='grc' dir='ltr'>γοῦν</span> <span class='ocrx_word' id='word_1_769' title='bbox 2317 4947 2690 5020; x_wconf 81' lang='grc' dir='ltr'>ἐπιτιμητικῷ</span> <span class='ocrx_word' id='word_1_770' title='bbox 2745 4945 3027 5020; x_wconf 85' lang='grc' dir='ltr'>βλέμματι</span> <span class='ocrx_word' id='word_1_771' title='bbox 3074 4948 3164 5000; x_wconf 89' lang='grc' dir='ltr'>καὶ</span> <span class='ocrx_word' id='word_1_772' title='bbox 3242 4950 3512 5020; x_wconf 80' lang='grc' dir='ltr'>Τιτανικῷ</span> <span class='ocrx_word' id='word_1_773' title='bbox 3581 4943 3778 5022; x_wconf 74' lang='grc' dir='ltr'>ἐμϐρι-</span> 
     </span>
    </p>
   </div>
   <div class='ocr_carea' id='block_1_109' title="bbox 2133 5033 3772 5114">
    <p class='ocr_par' dir='ltr' id='par_1_109' title="bbox 2133 5033 3772 5114">
     <span class='ocr_line' id='line_1_111' title="bbox 2133 5033 3772 5114; baseline 0 -22"><span class='ocrx_word' id='word_1_774' title='bbox 2133 5041 2348 5112; x_wconf 69' lang='grc' dir='ltr'>μὴματι</span> <span class='ocrx_word' id='word_1_775' title='bbox 2405 5037 2482 5109; x_wconf 86' lang='grc' dir='ltr'>μή</span> <span class='ocrx_word' id='word_1_776' title='bbox 2537 5034 2786 5106; x_wconf 79' lang='grc' dir='ltr'>ἐξέστησε</span> <span class='ocrx_word' id='word_1_777' title='bbox 2833 5038 2930 5089; x_wconf 77' lang='grc' dir='ltr'>τοῦ</span> <span class='ocrx_word' id='word_1_778' title='bbox 2984 5040 3220 5112; x_wconf 84' lang='grc' dir='ltr'>φρονεῖν.</span> <span class='ocrx_word' id='word_1_779' title='bbox 3278 5033 3620 5114; x_wconf 83' lang='grc' dir='ltr'>Παιδαγωγῷ</span> <span class='ocrx_word' id='word_1_780' title='bbox 3673 5037 3772 5112; x_wconf 77' lang='grc' dir='ltr'>γὰρ</span> 
     </span>
    </p>
   </div>
   <div class='ocr_carea' id='block_1_110' title="bbox 2127 5123 3772 5204">
    <p class='ocr_par' dir='ltr' id='par_1_110' title="bbox 2127 5123 3772 5204">
     <span class='ocr_line' id='line_1_112' title="bbox 2127 5123 3772 5204; baseline -0.002 -22"><span class='ocrx_word' id='word_1_781' title='bbox 2127 5123 2382 5204; x_wconf 78' lang='grc' dir='ltr'>ἐμϐριθεῖ</span> <span class='ocrx_word' id='word_1_782' title='bbox 2427 5124 2641 5193; x_wconf 83' lang='grc' dir='ltr'>ἐοικὼς,</span> <span class='ocrx_word' id='word_1_783' title='bbox 2701 5124 2849 5196; x_wconf 71' lang='grc' dir='ltr'>θαμὰ</span> <span class='ocrx_word' id='word_1_784' title='bbox 2899 5127 3005 5179; x_wconf 83' lang='grc' dir='ltr'>τῶν</span> <span class='ocrx_word' id='word_1_785' title='bbox 3067 5124 3362 5199; x_wconf 76' lang='grc' dir='ltr'>μειρακίων</span> <span class='ocrx_word' id='word_1_786' title='bbox 3419 5127 3772 5203; x_wconf 83' lang='grc' dir='ltr'>καταφέροντι</span> 
     </span>
    </p>
   </div>
   <div class='ocr_carea' id='block_1_111' title="bbox 2127 5211 3774 5291">
    <p class='ocr_par' dir='ltr' id='par_1_111' title="bbox 2127 5211 3774 5291">
     <span class='ocr_line' id='line_1_113' title="bbox 2127 5211 3774 5291; baseline -0.002 -18"><span class='ocrx_word' id='word_1_787' title='bbox 2127 5218 2226 5286; x_wconf 76' lang='grc' dir='ltr'>τὴν</span> <span class='ocrx_word' id='word_1_788' title='bbox 2289 5212 2584 5284; x_wconf 72' lang='grc' dir='ltr'>σκυτάλην,</span> <span class='ocrx_word' id='word_1_789' title='bbox 2649 5211 2917 5286; x_wconf 80' lang='grc' dir='ltr'>εὐκαίρως</span> <span class='ocrx_word' id='word_1_790' title='bbox 2971 5211 3210 5288; x_wconf 87' lang='grc' dir='ltr'>ἀκαίρως</span> <span class='ocrx_word' id='word_1_791' title='bbox 3277 5212 3612 5284; x_wconf 72' lang='grc' dir='ltr'>ἐπέπληττεν</span> <span class='ocrx_word' id='word_1_792' title='bbox 3669 5215 3774 5291; x_wconf 84' lang='grc' dir='ltr'>ἐφι-</span> 
     </span>
    </p>
   </div>
   <div class='ocr_carea' id='block_1_112' title="bbox 372 5295 3772 5380">
    <p class='ocr_par' dir='ltr' id='par_1_112' title="bbox 372 5295 3772 5380">
     <span class='ocr_line' id='line_1_114' title="bbox 372 5295 3772 5380; baseline -0.001 -22"><span class='ocrx_word' id='word_1_793' title='bbox 372 5298 660 5369; x_wconf 81' lang='grc' dir='ltr'>στάμενος,</span> <span class='ocrx_word' id='word_1_794' title='bbox 715 5295 806 5350; x_wconf 75' lang='grc' dir='ltr'>καὶ</span> <span class='ocrx_word' id='word_1_795' title='bbox 863 5296 1021 5380; x_wconf 15' lang='grc' dir='ltr'>πρὸς,</span> <span class='ocrx_word' id='word_1_796' title='bbox 1057 5301 1230 5350; x_wconf 74' lang='grc' dir='ltr'>πᾶσαν</span> <span class='ocrx_word' id='word_1_797' title='bbox 1287 5295 1455 5365; x_wconf 73' lang='grc' dir='ltr'>ἀκοήν</span> <span class='ocrx_word' id='word_1_798' title='bbox 1513 5295 1697 5369; x_wconf 83' lang='grc' dir='ltr'>ἐκείνῳ</span> <span class='ocrx_word' id='word_1_799' title='bbox 1752 5297 2049 5369; x_wconf 81' lang='grc' dir='ltr'>ἀνήδυντον</span> <span class='ocrx_word' id='word_1_800' title='bbox 2106 5303 2474 5380; x_wconf 79' lang='grc' dir='ltr'>παρωξύνετο.</span> <span class='ocrx_word' id='word_1_801' title='bbox 2544 5304 2930 5377; x_wconf 85' lang='grc' dir='ltr'>Κατηφιῶντες</span> <span class='ocrx_word' id='word_1_802' title='bbox 3011 5298 3104 5356; x_wconf 76' lang='grc' dir='ltr'>οὗν</span> <span class='ocrx_word' id='word_1_803' title='bbox 3177 5303 3228 5357; x_wconf 76' lang='grc' dir='ltr'>οἱ</span> <span class='ocrx_word' id='word_1_804' title='bbox 3309 5301 3432 5358; x_wconf 88' lang='grc' dir='ltr'>τότε</span> <span class='ocrx_word' id='word_1_805' title='bbox 3500 5301 3772 5378; x_wconf 72' lang='grc' dir='ltr'>ἄνθρωποι</span> 
     </span>
    </p>
   </div>
   <div class='ocr_carea' id='block_1_113' title="bbox 367 5379 3772 5466">
    <p class='ocr_par' dir='ltr' id='par_1_113' title="bbox 367 5379 3772 5466">
     <span class='ocr_line' id='line_1_115' title="bbox 367 5379 3772 5466; baseline -0.003 -11"><span class='ocrx_word' id='word_1_806' title='bbox 367 5385 458 5440; x_wconf 67' lang='grc' dir='ltr'>καὶ</span> <span class='ocrx_word' id='word_1_807' title='bbox 519 5385 908 5462; x_wconf 74' lang='grc' dir='ltr'>στυγνάζοντες</span> <span class='ocrx_word' id='word_1_808' title='bbox 966 5379 1250 5441; x_wconf 69' lang='grc' dir='ltr'>ὶδίωσκον·</span> <span class='ocrx_word' id='word_1_809' title='bbox 1310 5381 1692 5448; x_wconf 66' lang='grc' dir='ltr'>Οὐδ’δῧπνος</span> <span class='ocrx_word' id='word_1_810' title='bbox 1749 5385 2002 5466; x_wconf 70' lang='grc' dir='ltr'>ἄφροντις</span> <span class='ocrx_word' id='word_1_811' title='bbox 2056 5401 2174 5458; x_wconf 83' lang='grc' dir='ltr'>τοῖς</span> <span class='ocrx_word' id='word_1_812' title='bbox 2232 5391 2469 5453; x_wconf 87' lang='grc' dir='ltr'>πολλοῖς</span> <span class='ocrx_word' id='word_1_813' title='bbox 2528 5391 2617 5445; x_wconf 86' lang='grc' dir='ltr'>καὶ</span> <span class='ocrx_word' id='word_1_814' title='bbox 2673 5387 2878 5444; x_wconf 85' lang='grc' dir='ltr'>ὀδυνῶν</span> <span class='ocrx_word' id='word_1_815' title='bbox 2938 5387 3110 5458; x_wconf 81' lang='grc' dir='ltr'>ἀδαής</span> <span class='ocrx_word' id='word_1_816' title='bbox 3161 5389 3252 5446; x_wconf 82' lang='grc' dir='ltr'>καὶ</span> <span class='ocrx_word' id='word_1_817' title='bbox 3322 5391 3592 5464; x_wconf 86' lang='grc' dir='ltr'>μαλακὸς,</span> <span class='ocrx_word' id='word_1_818' title='bbox 3651 5389 3772 5446; x_wconf 75' lang='grc' dir='ltr'>ἀλλ’</span> 
     </span>
    </p>
   </div>
   <div class='ocr_carea' id='block_1_114' title="bbox 370 5471 3771 5558">
    <p class='ocr_par' dir='ltr' id='par_1_114' title="bbox 370 5471 3771 5558">
     <span class='ocr_line' id='line_1_116' title="bbox 370 5471 3771 5558; baseline -0.001 -21"><span class='ocrx_word' id='word_1_819' title='bbox 370 5472 681 5552; x_wconf 71' lang='grc' dir='ltr'>ὀφθαλμοῖς</span> <span class='ocrx_word' id='word_1_820' title='bbox 747 5473 1010 5552; x_wconf 72' lang='grc' dir='ltr'>ἐφιζάνων</span> <span class='ocrx_word' id='word_1_821' title='bbox 1076 5473 1262 5558; x_wconf 68' lang='grc' dir='ltr'>ἄκροις</span> <span class='ocrx_word' id='word_1_822' title='bbox 1326 5471 1620 5549; x_wconf 79' lang='grc' dir='ltr'>ἀφίπτατο,</span> <span class='ocrx_word' id='word_1_823' title='bbox 1687 5478 1776 5532; x_wconf 81' lang='grc' dir='ltr'>καὶ</span> <span class='ocrx_word' id='word_1_824' title='bbox 1857 5479 2235 5558; x_wconf 72' lang='grc' dir='ltr'>διεψευσμένος</span> <span class='ocrx_word' id='word_1_825' title='bbox 2301 5481 2368 5551; x_wconf 81' lang='grc' dir='ltr'>ἦν</span> <span class='ocrx_word' id='word_1_826' title='bbox 2445 5480 2512 5535; x_wconf 81' lang='grc' dir='ltr'>τὰ</span> <span class='ocrx_word' id='word_1_827' title='bbox 2605 5477 2793 5535; x_wconf 82' lang='grc' dir='ltr'>πολλᾶ</span> <span class='ocrx_word' id='word_1_828' title='bbox 2856 5478 2890 5548; x_wconf 80' lang='grc' dir='ltr'><strong>ἤ</strong></span> <span class='ocrx_word' id='word_1_829' title='bbox 2961 5475 3292 5554; x_wconf 87' lang='grc' dir='ltr'>Ἀνδρονίκῳ</span> <span class='ocrx_word' id='word_1_830' title='bbox 3355 5475 3771 5552; x_wconf 77' lang='grc' dir='ltr'>διασοὸούμενος</span> 
     </span>
    </p>
   </div>
   <div class='ocr_carea' id='block_1_115' title="bbox 369 5557 3769 5664">
    <p class='ocr_par' dir='ltr' id='par_1_115' title="bbox 369 5557 3769 5664">
     <span class='ocr_line' id='line_1_117' title="bbox 369 5557 3769 5664; baseline 0.001 -47"><span class='ocrx_word' id='word_1_831' title='bbox 369 5560 508 5664; x_wconf 51' lang='grc' dir='ltr'>ὄναρ,</span> <span class='ocrx_word' id='word_1_832' title='bbox 555 5561 827 5664; x_wconf 75' lang='grc' dir='ltr'>πολλάκις</span> <span class='ocrx_word' id='word_1_833' title='bbox 893 5557 1258 5664; x_wconf 57' lang='grc' dir='ltr'>ἐφισταμένῳ,</span> <span class='ocrx_word' id='word_1_834' title='bbox 1297 5561 1332 5628; x_wconf 83' lang='grc' dir='ltr'><strong>ἢ</strong></span> <span class='ocrx_word' id='word_1_835' title='bbox 1369 5559 1614 5664; x_wconf 41' lang='grc' dir='ltr'>ὅσους-ἢὸ</span> <span class='ocrx_word' id='word_1_836' title='bbox 1669 5569 1876 5642; x_wconf 79' lang='grc' dir='ltr'>τραχὺς</span> <span class='ocrx_word' id='word_1_837' title='bbox 1929 5557 2089 5636; x_wconf 75' lang='grc' dir='ltr'>οὗτος</span> <span class='ocrx_word' id='word_1_838' title='bbox 2143 5573 2236 5626; x_wconf 85' lang='grc' dir='ltr'>καὶ</span> <span class='ocrx_word' id='word_1_839' title='bbox 2287 5564 2671 5630; x_wconf 76' lang='grc' dir='ltr'>δυσεκϐίαστος</span> <span class='ocrx_word' id='word_1_840' title='bbox 2733 5567 2824 5623; x_wconf 84' lang='grc' dir='ltr'>καὶ</span> <span class='ocrx_word' id='word_1_841' title='bbox 2876 5568 3243 5642; x_wconf 88' lang='grc' dir='ltr'>ἀπαραίτητος</span> <span class='ocrx_word' id='word_1_842' title='bbox 3299 5571 3400 5639; x_wconf 82' lang='grc' dir='ltr'>τήν</span> <span class='ocrx_word' id='word_1_843' title='bbox 3455 5567 3622 5644; x_wconf 71' lang='grc' dir='ltr'>ὀργήν</span> <span class='ocrx_word' id='word_1_844' title='bbox 3677 5573 3769 5634; x_wconf 78' lang='grc' dir='ltr'>τῆς</span> 
     </span>
    </p>
   </div>
   <div class='ocr_carea' id='block_1_116' title="bbox 369 5647 3768 5734">
    <p class='ocr_par' dir='ltr' id='par_1_116' title="bbox 369 5647 3768 5734">
     <span class='ocr_line' id='line_1_118' title="bbox 369 5647 3768 5734; baseline -0.001 -18"><span class='ocrx_word' id='word_1_845' title='bbox 369 5651 573 5715; x_wconf 67' lang='lat' dir='ltr'><strong>cinia:</strong></span> <span class='ocrx_word' id='word_1_846' title='bbox 631 5653 896 5724; x_wconf 77' lang='grc' dir='ltr'>ἀπηνείας</span> <span class='ocrx_word' id='word_1_847' title='bbox 968 5647 1120 5714; x_wconf 66' lang='grc' dir='ltr'><strong>ἔθετο</strong></span> <span class='ocrx_word' id='word_1_848' title='bbox 1178 5649 1470 5724; x_wconf 78' lang='grc' dir='ltr'>πάρεργον.</span> <span class='ocrx_word' id='word_1_849' title='bbox 1529 5651 1596 5707; x_wconf 82' lang='grc'>’0</span> <span class='ocrx_word' id='word_1_850' title='bbox 1654 5653 1758 5728; x_wconf 80' lang='grc' dir='ltr'>γὰρ</span> <span class='ocrx_word' id='word_1_851' title='bbox 1816 5654 1904 5712; x_wconf 69' lang='grc' dir='ltr'>ἐπὶ</span> <span class='ocrx_word' id='word_1_852' title='bbox 1961 5658 2066 5714; x_wconf 81' lang='grc' dir='ltr'>τῶν</span> <span class='ocrx_word' id='word_1_853' title='bbox 2123 5660 2368 5734; x_wconf 79' lang='grc' dir='ltr'>ἐσχάτων</span> <span class='ocrx_word' id='word_1_854' title='bbox 2425 5653 2801 5731; x_wconf 76' lang='grc' dir='ltr'>συμϐήσεσθαι</span> <span class='ocrx_word' id='word_1_855' title='bbox 2855 5660 3078 5732; x_wconf 80' lang='grc' dir='ltr'>ἡμερῶν</span> <span class='ocrx_word' id='word_1_856' title='bbox 3129 5658 3158 5713; x_wconf 80' lang='grc' dir='ltr'><strong>ὁ</strong></span> <span class='ocrx_word' id='word_1_857' title='bbox 3203 5659 3560 5733; x_wconf 76' lang='grc' dir='ltr'>Θεανθρωπος</span> <span class='ocrx_word' id='word_1_858' title='bbox 3597 5677 3768 5732; x_wconf 85' lang='grc' dir='ltr'>προη-</span> 
     </span>
    </p>
   </div>
  </div>
