4126 6294
240 380 346 442 681

1279 378 1381 439 DE
1423 374 1873 438 ANDRONICO
1917 374 2299 437 COMNENO
2346 375 2491 436 LIB.
2539 376 2618 435 ΙΙ.

3532 378 3650 439 682

241 510 500 587 γόρευσε,
524 508 779 582 δηλονότι
804 533 831 562 ‹‹
858 510 1109 566 Ἔσονται
1164 510 1214 563 οἱ
1249 505 1344 564 δύο
1404 508 1491 564 ἐπὶ
1548 506 1742 579 κλίνης
1777 512 1921 581 μιᾶς,
1965 508 1992 562 ὁ
2026 510 2104 569 εἷς
2156 501 2639 582 παραλαμϐάνεται
2670 502 2759 560 καὶ
2817 505 2843 559 ὁ
2894 504 3081 582 ἓτερος
3110 505 3346 585 ἀφίεται,
3405 532 3432 559 ››
3490 512 3654 564 τοῦτο

244 601 495 677 ἀτεχνῶς
528 600 624 655 κᾶν
675 604 793 661 ταῖς
851 595 1083 673 ἡμέραις
1131 599 1217 673 [Ρ.
1279 600 1405 673 208]
1434 597 1661 661 ἐκείναις
1692 596 1917 673 ἐγίνετο,
1982 596 2100 658 ἑνός
2152 617 2299 660 τινος
2352 602 2460 652 τῶν
2522 596 2783 651 συνεύνων
2844 595 3064 668 ἐξάπινα
3130 592 3660 671 συλλαμϐανομένου

245 690 336 746 καὶ
369 690 731 764 ἀπαγομένου
762 688 899 763 πρὸς
931 686 1700 761 σωματικήνκόἱκωσιν.οὐδὲ
1736 689 1836 763 γὰρ
1896 686 1987 741 καὶ
2040 691 2288 762 γυναῖκες
2343 685 2553 756 ἀπῆσαν
2617 688 2713 741 τοῦ
2774 687 2850 758 μὴ
2886 684 2989 740 ὑπὸ
3050 683 3209 757 δίκην
3273 687 3487 742 πίπτειν
3564 685 3659 742 καὶ

245 778 311 832 τὰ
394 777 703 833 ἀπευκταῖα
788 776 1127 856 ὑφίστασθαι,
1187 773 1332 832 ἀλλὰ
1386 777 1478 831 καί
1532 777 1737 832 τούτων
1792 773 1890 829 οὐκ
1950 774 2135 850 ὀλίγαι
2198 776 2262 829 τὸ
2316 779 2423 830 τῶν
2491 774 2793 852 ὀφθαλμῶν
2859 772 3149 829 ἀπώλεσαν
3181 779 3294 850 φῶς
3352 774 3443 829 καὶ
3492 774 3658 848 λιμὸν

248 866 339 922 καὶ
400 866 639 944 φρουρὰν
693 865 790 921 καὶ
851 864 1139 940 αἰκισμοὺς
1225 865 1525 936 ὑπέστησαν
1579 866 1852 938 σώματος.
1924 862 2021 917 Καὶ
2106 864 2285 937 πατὴρ
2354 862 2546 938 ἠλόγει
2630 864 2854 932 τέκνων,
2938 863 3030 917 καὶ
3105 864 3241 924 υἱεῖς
3327 862 3656 940 ὠλιγῦρουν

247 956 473 1030 πατρόςο
506 957 595 1010 καὶ
632 951 1004 1029 διεμερίζοντο
1041 955 1197 1010 πέντε
1226 953 1278 1010 ἐν
1305 952 1444 1029 οἷ’κῳ
1474 954 1572 1025 ὲνί,
1603 958 1749 1029 τρεῖς
1782 952 1870 1007 ἐπὶ
1928 949 2046 1006 δυσὶ
2104 951 2194 1007 καὶ
2256 949 2351 1007 δύο
2407 952 2494 1006 ἐπὶ
2550 952 2714 1028 τρισί.
2752 951 2961 1007 Πολλοὶ
3019 949 3075 1007 δὲ
3131 952 3222 1007 καὶ
3281 951 3356 1015 ὠς
3415 951 3662 1026 Σοδομι-

247 1047 397 1102 τικὸν
455 1043 787 1119 ἐμπρησμὸν
852 1045 942 1099 τὸν
997 1047 1094 1100 τοῦ
1152 1042 1502 1119 Ἀνδρονίκου
1550 1043 1718 1118 θυμὸν
1779 1041 2164 1116 ἐκτρεπόμενοι
2216 1040 2449 1121 φυγάδες
2508 1041 2625 1115 ὅλῳ
2683 1039 2807 1097 ποδὶ
2894 1049 2991 1112 τῆς
3047 1039 3307 1117 πατρίδος
3366 1042 3650 1121 γεγόνασιν

260 1135 498 1196 καὶτοῖς
531 1131 589 1188 ἐκ
626 1132 882 1209 γειτόνων
913 1133 1212 1208 Ῥωμαίοις
1265 1128 1634 1209 παρενέϐαλον
1667 1128 1893 1204 ἔθνεσιν,
1947 1127 1999 1184 οἵ
2053 1130 2143 1185 καὶ
2178 1132 2327 1205 εἶχον
2383 1130 2442 1186 ἄν
2483 1131 2704 1193 ἑαυτοὺς
2751 1132 3148 1194 ἀπαθεστάτους
3200 1135 3397 1204 κακῶν,
3457 1132 3503 1187 εἰ
3553 1135 3653 1202 τήν

260 1227 437 1303 φυγὴν
466 1228 535 1297 τῇ
568 1221 914 1299 Ἀνδρονίκου
949 1229 1063 1299 ζωῇ
1108 1224 1529 1301 συνεμέτρησαν.
1573 1225 1682 1280 Νῦν
1752 1219 1810 1276 δὶ
1863 1224 1970 1275 τῶν
2025 1222 2142 1274 κατ’
2199 1222 2349 1277 οἶκον
2410 1221 2869 1297 μεταποιούμενοι
2929 1222 3003 1283 εἷς
3060 1222 3272 1293 στήλην
3359 1222 3453 1297 μὲν
3519 1222 3651 1286 ἁλὸς

250 1317 387 1371 κατὰ
416 1316 517 1384 τὴν
546 1318 778 1389 γυναῖκα
812 1314 940 1370 Λὼτ
979 1312 1080 1370 οὐκ
1105 1312 1407 1389 ἐπάγησαν,
1435 1310 1559 1369 οὐδὲ
1588 1311 1775 1387 νεκρὸς
1807 1308 2134 1387 ἐγεγόνεισαν
2166 1309 2286 1381 ἅλς,
2341 1307 2529 1373 ἄλλως
2588 1308 2644 1365 δὲ
2678 1308 3040 1387 μωρανθέντες
3069 1312 3131 1366 τὸ
3163 1315 3258 1385 ζῇν
3290 1311 3653 1389 κατέστρεψαν

249 1409 447 1467 κακῶς.

318 1494 386 1569 γ’.
447 1491 606 1550 Οὕτω
660 1490 706 1546 δ’
761 1491 1126 1569 ὀργιλότητος
1178 1487 1325 1571 ἔχων
1371 1488 1745 1564 Ἀνδρόνικος,
1804 1489 1893 1543 καὶ

2082 1491 2227 1547 421
2266 1491 2319 1547 3.
2381 1492 2503 1547 Etsi
2557 1495 2755 1547 autem
2807 1492 3177 1548 Andronicus
3236 1495 3379 1550 adeo
3430 1494 3657 1549 iracun-

250 1582 427 1658 τραχὺ
466 1583 555 1638 καὶ
592 1580 834 1657 σκληρὸν
899 1582 961 1636 τὸ
1000 1584 1131 1651 ἦθος
1195 1582 1409 1656 αὐχῶν,
1451 1580 1540 1635 καὶ
1580 1580 1907 1653 ἀμετάθετος

248 1672 338 1729 τὸν
375 1673 438 1726 τὸ
460 1669 733 1741 κολάζειν,
766 1669 855 1725 καὶ
890 1669 1099 1738 παίζων
1155 1667 1208 1724 ἒν
1259 1667 1374 1730 ταῖς
1407 1672 1514 1723 τῶν
1560 1667 1732 1729 πέλας
1765 1688 1908 1739 συμ-

251 1764 442 1840 φοραῖς
473 1759 564 1814 καὶ
621 1757 913 1829 κακώσεσι,
973 1762 1079 1812 τῶν
1138 1755 1325 1812 ἄλλων
1371 1778 1429 1812 τε
1486 1762 1603 1818 ταῖς
1659 1753 1907 1829 καθαιρέ-

254 1870 361 1905 σεσι
394 1850 493 1919 τήν
531 1846 672 1903 ἰδίαν
735 1847 1090 1922 ἐπιτειχίζειν
1158 1844 1396 1919 δοξάζων
1438 1845 1617 1920 ἀρχὴν
1675 1843 1907 1906 καὶτοῖς

252 1938 442 1994 ἑαυτοῦ
500 1936 684 1992 παισὶν
739 1935 1113 2012 ἐπικρατύνειν
1173 1936 1274 2005 τὴν
1336 1932 1636 2009 βασιλείαν,
1696 1932 1785 1988 καὶ
1844 1934 1905 1987 τὸ

252 2036 348 2098 τῆς
380 2031 568 2106 ψυχῆς
595 2024 833 2081 ἐντεῦθεν
866 2024 1037 2095 αὔξων
1084 2022 1375 2098 ἡδόμενον,
1429 2022 1582 2097 ὅμως
1650 2022 1903 2097 καὶξάγα.

256 2118 361 2172 θῶν
409 2122 660 2196 μετεῖχεν
718 2115 816 2170 οὐκ
873 2112 1075 2190 ὀλίγων
1135 2114 1400 2190 πράξεων,
1456 2113 1544 2167 καὶ
1603 2111 1663 2167 οὐ
1704 2112 1904 2166 παντά-

249 2227 380 2263 πασι
433 2202 705 2276 δήπουθεν
753 2205 889 2279 πρὸς
929 2204 1028 2272 τὴν
1083 2200 1319 2257 ἐναντίαν
1376 2199 1712 2256 ἀπονενεύκει
1777 2197 1904 2255 διά-

247 2297 409 2366 θεσιν,
472 2288 825 2366 σκηνοϐατῶν
901 2292 969 2347 τὰ
1034 2290 1281 2366 ὀλέθρια,
1333 2289 1459 2345 ἀλλ’
1516 2290 1581 2359 ἦν
1641 2289 1715 2351 ὡς
1797 2288 1904 2343 ἀπὸ

246 2380 428 2465 ὄφεως
477 2387 691 2458 σαρκῶν
748 2380 957 2437 ἐκείνου
1014 2380 1306 2436 πανάκειαν
1368 2380 1698 2451 θηράσασθαι
1752 2399 1903 2453 περι-

250 2464 497 2549 μαχητόν
588 2472 679 2526 καὶ
770 2474 1044 2542 σώζουσαν
1123 2470 1368 2543 εὕρεσθαι
1442 2464 1744 2538 ἀντίδοτον,
1813 2466 1903 2521 καὶ

248 2565 424 2637 ὥσπερ
453 2563 504 2635 ἐξ
543 2562 785 2617 ἀκανθῶν
812 2564 1083 2636 τρυγῆσαι
1142 2556 1301 2633 ῥόδον
1346 2555 1640 2627 ἡδύπνοον,
1773 2559 1900 2631 γοῦν

247 2652 293 2723 ἐξ
366 2646 680 2726 ἐλλεϐόρου
737 2650 827 2705 καὶ
909 2647 1142 2704 κωνείου
1199 2646 1364 2722 ψαρσῖ
1430 2644 1760 2721 παραθέσθαι
1811 2643 1901 2698 καὶ

248 2741 455 2817 ὄρτυξιν
525 2739 714 2810 ἡδεῖαν
776 2737 1032 2794 ἑστίασιν·
1095 2735 1210 2792 ἐπεὶ
1265 2735 1355 2790 καὶ
1416 2732 1643 2810 δωρεαῖς
1702 2728 1903 2796 ἔθαλπε

246 2834 351 2885 τῶν
383 2824 646 2901 ὑπηκόων
677 2829 802 2891 τοὺς
833 2825 1051 2897 ἐνδεεῖς,
1112 2825 1162 2881 εἷ’
1223 2827 1382 2899 μόνον
1434 2820 1657 2884 ἐλπίδος
1716 2842 1767 2876 τι
1801 2819 1903 2875 διὲ-
1935 2856 1979 2920 Β

255 2920 469 2999 ιραίνετο
520 2920 593 2981 ὡς
656 2921 683 2973 ὁ
743 2918 907 2974 αἰτῶν
973 2916 1072 2972 οὐκ
1135 2914 1429 2989 ἆποστυγεῖ
1458 2912 1677 2979 ἐκεῖνον,
1706 2914 1903 2966 παθαι-

254 2996 480 3083 νόμενος
540 3010 638 3077 τήν
697 3009 882 3083 ψυχὴν
938 3005 1020 3080 ἐφ’
1082 3006 1166 3068 οῖς
1220 3002 1512 3078 κακοεργὸς
1563 2996 1903 3075 ’Λνδρόνικος

252 3096 538 3155 δείκνυται.
572 3097 674 3154 Καὶ
708 3097 807 3165 τὴν
855 3098 963 3150 τῶν
1028 3092 1161 3167 μέγα
1218 3089 1528 3165 δυναμένων
1587 3087 1902 3162 πλεονεξίαν

284 3185 310 3207 τ’
453 3184 580 3240 ν-κλ
657 3206 677 3219 -
818 3186 957 3215 ἀ
1120 3180 1345 3237 άλλό·
1656 3198 1675 3213 ρ
1760 3178 1787 3217 ε’

249 3207 421 3249 ουτως
452 3207 540 3242 εκ)
585 3206 701 3253 arce,
741 3207 834 3240 και
862 3204 1054 3260 χιιρας
1085 3205 1115 3237 τ
1264 3200 1388 3256 τρ.α
1436 3200 1673 3257 ορωσα..
1726 3198 1901 3240 ουτως

247 3277 581 3333 συνέστειλεν
640 3273 780 3330 ὥστε
841 3272 1233 3349 βασιλεῦοντος
1304 3268 1508 3325 ἐκείνου
1564 3270 1618 3324 αἱ
1675 3266 1903 3330 πλείους

248 3365 505 3445 ἐπαρχίαι
538 3366 673 3440 πρὸς
716 3362 1039 3436 πληθυσμὸν
1097 3359 1371 3417 ἐπέδωκαν
1416 3363 1525 3414 τῶν
1583 3357 1904 3429 οἰκούντων,

243 3444 509 3517 Ἕκαστος
550 3455 656 3530 γὰρ
686 3451 823 3508 κατᾶ
871 3452 933 3506 τὸ
992 3451 1336 3530 προφητικὸν
1394 3446 1757 3524 παράγγελμα
1812 3444 1898 3501 ἐπὶ

241 3547 339 3615 τήν
397 3545 551 3600 σκιὰν
592 3547 702 3597 τῶν
759 3538 990 3617 δένδρων
1047 3539 1211 3594 αὐτοῦ
1270 3536 1600 3606 ἀνεκλίνετο,
1658 3537 1747 3591 καὶ
1811 3535 1902 3590 τὸν

243 3641 344 3705 τῆς
383 3631 642 3708 ἀμπέλου
699 3630 906 3705 καρπὸν
939 3627 1411 3706 συγκομιζόμενος
1439 3626 1527 3681 καὶ
1580 3633 1684 3703 γῆς
1737 3624 1906 3679 εἰσοι-

244 3723 540 3798 κιζόμενος
619 3721 687 3777 τὰ
759 3719 988 3798 έκιρόρια
1052 3717 1302 3790 ἀσμένως
1364 3716 1521 3784 ἤσθιε
1576 3716 1662 3768 καὶ
1732 3711 1910 3783 ἡδέως

250 3810 529 3882 ἐκάθευδε,
582 3811 658 3885 μὴ
722 3807 1037 3884 φορολόγου
1093 3805 1326 3874 ἀπειλὴν
1369 3800 1767 3877 δεδιττόμενος,
1830 3804 1904 3874 μὴ

247 3901 597 3971 πλεονέκτην
688 3899 724 3968 ἢ
784 3898 1094 3968 συζητητὴν
1155 3893 1515 3968 εἶσπρεὶκτορα
1590 3891 1726 3946 κατὰ
1782 3891 1908 3946 νοῦν

262 3991 527 4071 στρέφων,
569 3990 645 4063 μὴ
686 3989 779 4045 τὸν
841 3984 1239 4061 ἐκφυλλίζοντα
1299 3978 1768 4054 ὑποϐλεπόμενος,
1832 3980 1907 4054 μή

256 4081 349 4137 τὸν
376 4068 781 4153 καλαμώμενον
837 4076 1262 4155 φανταζόμενος,
1295 4070 1440 4128 ἀλλὰ
1495 4071 1561 4125 τὰ
1614 4075 1710 4125 τοῦ
1779 4068 1909 4128 Καί-

2011 1581 2143 1648 dus,
2178 1596 2348 1652 asper
2378 1584 2433 1635 et
2470 1580 2845 1637 inexorabilis
2876 1585 3021 1648 erat,
3077 1586 3143 1639 ut
3174 1582 3422 1639 aliorum
3485 1582 3653 1640 malis

2011 1669 2288 1740 gauderet
2317 1675 2373 1725 et
2402 1668 2533 1726 aliis
2558 1671 2887 1727 evertendis
2934 1687 2995 1727 se
3054 1688 3227 1728 suum
3289 1689 3656 1741 suorumque

2010 1757 2253 1814 liberum
2290 1758 2599 1830 imperium
2632 1759 2896 1815 stalibire
2919 1765 3169 1833 putaret,
3198 1777 3265 1818 ac
3293 1760 3655 1834 voluptatem

2011 1846 2146 1902 inde
2177 1851 2636 1919 caperet,tamen
2656 1865 2767 1905 non
2798 1866 2983 1921 pauca
3017 1854 3169 1906 recte
3196 1851 3650 1921 administravit,

2012 1952 2117 1991 nec
2148 1935 2319 2008 plane
2349 1937 2419 1992 ab
2452 1937 2612 1993 omni
2643 1937 2850 1995 virtute
2897 1940 3303 2012 degeneravit;
3335 1942 3432 1997 sed
3489 1946 3552 1997 ut
3580 1960 3650 1999 ex

2009 2027 2218 2099 viperas
2251 2027 2546 2095 carnibus,
2582 2028 2657 2083 ita
2714 2045 2784 2084 ex
2849 2028 2977 2101 ipso
3039 2047 3270 2103 quoque
3328 2035 3652 2091 Panaceam

2008 2117 2203 2173 venari
2236 2116 2444 2172 licebat
2472 2121 2531 2172 et
2588 2116 2844 2174 salutare
2872 2120 3199 2175 antidotum
3256 2122 3557 2193 consequi,
3594 2127 3651 2179 et

2007 2222 2076 2263 ex
2105 2206 2325 2278 asperis
2356 2206 2542 2278 spinis
2575 2208 3012 2264 suaveolentem
3062 2226 3254 2266 rosam
3316 2211 3649 2284 decerpere,

2009 2300 2066 2351 et
2088 2312 2155 2351 ex
2184 2295 2477 2351 helleboro
2500 2300 2557 2352 et
2596 2298 2826 2354 aconito
2851 2315 3090 2355 suavem
3119 2299 3332 2356 vietum
3396 2303 3647 2373 praebere

2008 2387 2197 2458 psaris
2249 2393 2307 2443 et
2345 2387 2765 2443 coturnicibus.
2819 2387 2965 2444 Nam
3017 2389 3285 2445 subditos
3363 2408 3651 2464 pauperes

2009 2475 2461 2546 largitionnibus
2494 2477 2742 2543 fovebat,
2787 2476 2836 2531 si
2876 2494 2993 2548 qua
3025 2478 3196 2534 modo
3229 2496 3363 2551 spes
3410 2480 3653 2537 suberat

2008 2579 2144 2621 cum
2176 2565 2269 2634 qui
2300 2580 2469 2636 Opem
2502 2563 2858 2635 implorabat
2920 2566 3246 2622 Andronico
3305 2569 3378 2623 ob
3432 2567 3653 2625 scelera

2008 2670 2121 2709 non
2149 2653 2438 2708 infensum
2462 2670 2613 2711 esse.
2647 2658 2955 2710 Procerum
2988 2656 3289 2711 avaritiam
3325 2657 3405 2712 ita
3437 2657 3651 2713 multa-

2007 2744 2404 2799 vitetmanus
2438 2741 2607 2798 alieni
2660 2742 2859 2799 avidas
2915 2744 2997 2799 ita
3049 2745 3419 2816 compressit,
3474 2750 3538 2803 ut
3580 2762 3647 2803 eo

2009 2833 2334 2906 imperante
2365 2831 2561 2887 multas
2612 2832 2921 2903 provinciae
2979 2833 3200 2889 colonis
3257 2841 3437 2891 auctas
3498 2836 3638 2905 sint,

2009 2939 2139 2979 cum
2173 2923 2447 2995 quisque,
2478 2922 2803 2977 secundum
2839 2923 3501 2995 propheticumdictum,
3534 2927 3642 2982 sub

2005 3012 2214 3068 umbra
2247 3027 2487 3067 suarum
2545 3011 2822 3068 arborum
2884 3012 3206 3082 recubaret,
3240 3016 3296 3071 et
3342 3015 3640 3073 vindemia

2006 3108 2241 3178 peracta
2270 3107 2327 3159 et
2356 3102 2625 3175 frugibus
2680 3106 3060 3176 comportatis
3119 3104 3385 3161 hilariter
3441 3105 3644 3178 epula-

2008 3194 2184 3245 retur.
2223 3193 2280 3244 et
2309 3188 2561 3244 suaviter
2595 3188 2877 3245 dormiret
2922 3206 3035 3246 non
3086 3192 3390 3262 quaestoris
3450 3191 3645 3249 minas

2008 3279 2239 3348 timens,
2272 3294 2386 3334 non
2417 3283 2740 3335 exactorem
2773 3294 3008 3335 aVarum
3067 3283 3449 3351 exspectans:
3487 3282 3638 3339 42‘!

2008 3368 2107 3424 sed
2138 3368 2189 3424 si
2220 3367 2430 3425 Caesari
2471 3368 2705 3425 dederat
2753 3384 2879 3438 quos
2938 3372 3105 3423 erant
3159 3368 3418 3436 Caesaris,
3471 3386 3641 3426 nemo

2009 3462 2133 3514 erat
2177 3457 2277 3528 qui
2319 3457 2453 3529 plus
2486 3458 2557 3513 ab
2616 3473 2682 3513 eo
2729 3455 3053 3529 postularet
3086 3457 3369 3513 autetiam
3392 3458 3650 3515 tunicam

2008 3545 2324 3619 aliquando
2360 3546 2680 3619 eriperetet
2714 3546 2994 3603 Violenter
3023 3548 3090 3602 ad
3127 3562 3329 3602 necem
3364 3547 3647 3619 adigeret.

2010 3636 2156 3693 Nam
2189 3640 2508 3709 quaastores
2556 3638 2630 3692 ad
2696 3636 3012 3692 Andronici
3063 3636 3510 3709 appellationem
3568 3637 3655 3694 ita

2012 3724 2403 3791 terrebantur,
2436 3729 2501 3779 ut
2532 3740 2769 3795 rapaces
2815 3725 3030 3795 alioqui
3092 3741 3303 3781 manus
3357 3724 3525 3780 facile
3582 3726 3655 3781 ab

2013 3813 2202 3869 alieno
2226 3812 2609 3880 abstinerent,
2655 3827 2721 3868 ac
2766 3830 3008 3868 munera
3043 3812 3197 3869 ultro
3229 3830 3262 3868 a
3318 3813 3653 3886 provincia-

2015 3901 2168 3956 libus
2190 3900 2384 3956 oblata
2425 3903 2705 3971 tanquam
2738 3905 2930 3971 pestes
2961 3900 3277 3971 aliquando
3300 3918 3651 3957 aversaren-

2015 3996 2130 4047 tur.
2164 3992 2232 4047 Et
2260 3990 2407 4062 quod
2438 3990 2631 4061 majus
2668 3994 2775 4057 est,
2809 4007 2942 4045 cum
2978 3992 3357 4060 magistratus
3401 3990 3461 4047 in
3520 4008 3649 4064 pro-

2014 4080 2237 4136 vincias
2306 4078 2634 4152 ablegabat,
2698 4077 2863 4151 larga
2938 4079 3023 4134 eis
3080 4079 3374 4149 stipendia
3454 4079 3657 4147 dabat,

261 4191 419 4247 σαρος
453 4171 681 4243 Καίσαρι
711 4164 1005 4228 ἀποδιδοὺς
1037 4160 1225 4220 οὐδένα
1252 4162 1343 4217 τὸν
1371 4157 1761 4215 ἐπιδιπλοῦντα
1794 4159 1909 4233 εἶχε

2023 4167 2317 4240 simulqne
2338 4165 2722 4222 denuntiabat
2754 4183 2901 4238 quas
2934 4183 3133 4239 pmnas
3165 4169 3457 4238 suajussa
3487 4167 3663 4241 negli-

261 4245 530 4336 tozéppx
556 4258 648 4314 καὶ
692 4257 755 4313 τὸ
784 4253 1055 4312 τάλαντον
1114 4249 1654 4319 πολυπλασιάζοντα,
1708 4245 1820 4304 ἔστι
1871 4246 1919 4302 δ’

267 4348 355 4407 ὅτε
382 4352 473 4404 καὶ
503 4350 565 4404 τὸ
595 4346 860 4426 χιτώνιον
890 4345 1367 4420 προσαπαιτοῦντα
1397 4337 1484 4393 καὶ
1529 4338 1591 4392 τὸ
1649 4340 1920 4413 ψυχάριον

268 4440 400 4496 αὐτὸ
474 4424 750 4497 πολλάκις
815 4431 1262 4512 ἆναχρέμψασοαι
1342 4428 1535 4504 βιαίως
1587 4424 1916 4503 ἐγκείμενον.

264 4533 364 4584 ἰἰν
397 4528 501 4606 γὰρ
533 4529 569 4597 ἡ
598 4523 945 4603 Ἀνδρονίκου
976 4519 1266 4592 ἐπίκλησις
1303 4517 1407 4606 ,οἶά
1461 4538 1513 4571 τι
1548 4513 1797 4606 ὀλέθριον
1829 4523 1919 4577 καὶ

268 4603 707 4673 διασκεδαστικόν
760 4619 868 4669 τῶν
923 4609 1245 4690 φορολόγων
1299 4603 1515 4680 ἔπᾳσμα
1561 4605 1650 4660 καὶ
1709 4607 1920 4686 φαρμα-

266 4727 464 4782 κευμα,
512 4706 610 4760 καὶ
666 4700 1033 4774 δυσήκουστον
1088 4694 1365 4778 φόϐητρον
1416 4701 1533 4756 τοῖς
1591 4693 1708 4749 ὅσοι
1775 4694 1921 4768 παρὰ

264 4798 330 4851 τὰ
408 4791 802 4869 διατεταγμένα
892 4787 1268 4865 εἰσέπραττον,
1330 4785 1419 4840 καὶ
1502 4786 1770 4858 νάρκιυσις
1830 4784 1920 4838 καὶ

266 4886 490 4961 πάρεσις
551 4886 755 4962 χειρῶν
818 4880 873 4934 αἳ
931 4878 1066 4955 πρὸς
1126 4877 1293 4951 μόνον
1342 4873 1601 4951 ἀφεώρων
1658 4873 1918 4948 πρότερον

266 4960 860 5031 τὸίλαϐεῖνξιιολλοῖς
895 4964 953 5022 δὲ
990 4965 1080 5021 καὶ
1133 4966 1195 5022 τὸ
1264 4965 1348 5039 [Ρ.
1408 4965 1534 5036 209]
1594 4960 1920 5024 ἐθελουσίως

266 5060 744 5141 ἆποχαριζόμενον
843 5055 1219 5129 ἀπεπέμπετο,
1275 5052 1454 5129 ὣσπερ
1527 5053 1627 5121 σὴς
1712 5052 1923 5130 ὑφορώ-

271 5175 427 5228 μενον
455 5156 564 5209 τῶν
594 5148 816 5210 ἐκείνοις
845 5147 1182 5220 προσόντων,
1226 5143 1261 5212 ἢ
1327 5143 1479 5215 έτέρα
1538 5164 1618 5205 τις
1652 5142 1920 5221 φθαρτική

267 5239 500 5316 δόναμις
530 5240 592 5295 τὸ
633 5236 990 5313 προσεγγίζον
1022 5232 1329 5289 ἀπολλῦσα.
1371 5232 1449 5288 Τὸ
1492 5230 1549 5285 δὲ
1605 5228 1671 5301 δὴ
1717 5237 1922 5304 μεῖζον,

265 5333 357 5388 καὶ
406 5329 597 5403 ἀδροῖς
658 5328 914 5402 ὀψωνίοις
987 5324 1210 5403 ἐνιαχοῦ
1269 5319 1567 5400 ἐφοδιάζων
1648 5321 1773 5385 τοὺς
1830 5321 1922 5383 τὰς

272 5419 574 5498 δημοσίους
607 5414 1088 5490 ἀναζωννυμένους
1116 5411 1316 5487 ἀρχὰς,
1373 5412 1461 5466 καὶ
1520 5412 1619 5465 ὃσα
1648 5412 1925 5467 πείσονται

275 5506 419 5567 δεινὰ
446 5511 543 5571 τὰς
574 5506 737 5563 aii-toti
782 5500 1270 5580 παραϐλεψάμενοι
1330 5498 1550 5561 ἐντολὰς
1618 5498 1928 5576 προαγγὲλ.

275 5599 411 5674 λων,
444 5599 621 5661 οὕτως
653 5595 970 5670 ἐξέπεμπεν,
1003 5592 1103 5648 οὐκ
1171 5588 1366 5651 ὠνίους
1403 5587 1599 5650 ταύτας
1630 5595 1745 5651 τοῖς
1801 5589 1927 5664 βου-

268 5673 532 5765 λομένοις
563 5680 901 5761 προϐάλλων
935 5681 1026 5738 καὶ
1057 5685 1173 5743 τοῖς
1214 5679 1273 5734 ἐκ
1340 5673 1571 5753 τριόδων
1632 5674 1927 5744 ἀποδιδοὺς

594 5809 852 5866 Parnm.
898 5804 1009 5865 Gn.
1056 5796 1371 5864 CXXXIX.

2029 4258 2303 4329 gentibus
2330 4256 2695 4328 irrogaturus
2735 4259 2910 4312 esset.
2973 4256 3171 4328 Neque
3220 4257 3375 4313 enim
3434 4258 3665 4329 publica

2031 4362 2272 4401 munera
2301 4345 2585 4401 vendebat
2614 4343 2847 4400 autlcvi
2904 4346 3258 4402 munusculo
3316 4347 3662 4404 conciliatus

2028 4434 2497 4501 conferebat,sed
2530 4434 2805 4505 gratuito,
2860 4433 3177 4505 habitoque
3218 4434 3442 4491 delectu
3479 4438 3664 4507 magi-

2028 4530 2247 4583 stratus
2269 4525 2594 4581 ordinabat.
2657 4528 2860 4596 Itaque
2918 4524 3091 4580 multi
3144 4524 3284 4580 olim
3342 4525 3663 4597 profugiet

2030 4615 2277 4689 publicis
2294 4614 2726 4671 calamitatibus
2747 4613 3668 4687 peneimmortui,quasiarchan-

2029 4705 2143 4779 geli
2174 4706 2317 4761 tuba
2347 4706 2564 4773 audita,
2598 4721 2666 4761 ex
2723 4704 3003 4760 diuturno
3064 4708 3302 4760 veterno
3346 4704 3665 4774 experrecti

2028 4795 2378 4862 revixeruni,
2438 4793 2684 4866 pristina
2734 4792 3012 4849 felicitate
3054 4797 3429 4864 recuperata:
3492 4796 3549 4849 et
3609 4797 3675 4850 ut

2029 4883 2345 4940 Ezechielis
2366 4881 2509 4939 visio
2542 4884 2730 4951 docet,
2757 4899 2891 4938 ossa
2921 4883 2992 4938 ad
3027 4899 3161 4939 ossa
3177 4882 3665 4955 congerebantur,

2032 4977 2196 5030 artus
2214 4972 2458 5029 artubus
2478 4972 3079 5045 conjungebantur,et
3097 4972 3256 5029 brevi
3274 4978 3538 5045 tempore
3561 4971 3672 5043 ple-

2032 5078 2220 5133 neque
2251 5061 2426 5117 urbes
2448 5064 2696 5117 etvitam
2730 5061 2883 5118 423
2909 5064 2966 5116 et
2997 5061 3274 5131 pristinas
3290 5078 3428 5135 opes
3445 5077 3681 5134 recepe-

2034 5154 2194 5207 runt.
2225 5149 2439 5214 Quodsi
2472 5149 2611 5221 quid
2638 5165 2668 5205 e
2701 5149 2944 5205 Psalmis
2975 5149 3265 5206 Davidicis
3293 5150 3679 5207 inserendum

2033 5246 2142 5311 est,
2169 5242 2460 5297 desertum
2496 5240 2737 5296 mutavit
2762 5239 3003 5311 paludes
3026 5245 3083 5296 et
3114 5245 3321 5297 terram
3355 5241 3578 5296 aridam
3624 5240 3685 5296 in

2035 5332 2186 5387 rivos
2219 5346 2526 5402 aquarum.
2559 5328 2800 5385 Publica
2830 5329 3130 5401 vectigalia
3178 5330 3397 5402 rapinis
3449 5332 3681 5386 exacto-

2035 5436 2168 5474 rum
2203 5418 2591 5491 reprimendis
2622 5420 2781 5473 auxit
2813 5437 2828 5486 ;
2855 5424 2911 5473 et
2962 5419 3197 5474 crebros
3246 5418 3574 5474 exactiones
3607 5419 3680 5472 ab

2037 5506 2227 5563 avaris
2249 5506 2639 5577 quaestoribus
2668 5506 2980 5562 obnoxium
3020 5507 3305 5579 populum
3362 5504 3543 5564 veluti
3570 5521 3677 5576 pa-

2037 5612 2171 5652 nem
2202 5593 2610 5651 devorantibus
2642 5599 2923 5666 repertas,
2954 5599 3013 5650 et
3031 5594 3347 5667 quotannis
3370 5593 3537 5666 quasi
3575 5595 3671 5649 de-

2038 5683 2225 5741 bitum
2255 5681 2625 5755 efﬂagitatas,
2665 5682 2737 5739 ad
2772 5686 2996 5740 certum
3022 5699 3334 5739 numerum
3368 5678 3679 5738 revocavit.

3277 5800 3357 5857 22
