4126 6294
507 340 586 402 83
1786 332 2096 394 NICETIS
2137 331 2557 393 CHONIATB
2835 390 2840 396 .
3752 337 3875 398 684

473 471 743 546 ὁποιουδή
774 492 924 536 τινος
958 468 1220 547 δόματος,
1253 467 1400 525 ἀλλά
1430 467 1604 544 δῶρον
1630 467 1725 529 τὰς
1757 467 2110 544 ἀρχαιρεσίας
2143 465 2232 522 καὶ
2264 462 2562 542 ἓπιλέγδην
2593 463 2995 542 παρεχόμενος.
3042 467 3201 525 Ὅθεν
3271 465 3323 522 οἳ
3380 464 3551 522 πάλαι
3581 471 3661 540 τῷ
3689 468 3876 544 χρόνῳ

464 562 860 641 παρασυρέντες
926 559 1016 616 καὶ
1072 563 1190 624 τοῖς
1244 564 1451 620 κοινοῖς
1503 558 1788 634 πράγμασι
1849 560 2070 612 νοσοῦσι
2123 551 2530 632 κατενεχθέντες
2569 554 2647 620 εἷς
2687 557 2931 627 θάνατον,
2989 555 3172 632 ὥσπερ
3230 554 3588 634 ἀρχαγγέλου
3621 557 3769 619 τινὸς
3801 557 3877 622 εἷς

462 657 530 711 τὰ
572 653 789 710 ἓκείνων
850 653 961 706 ὦτα
1026 648 1542 725 περισαλπίσαντος,
1597 647 1691 702 τὸν
1751 645 1975 723 χρόνιον
2042 645 2394 702 ἀπισείσαντο
2447 646 2611 722 κάρον
2669 646 2759 702 καὶ
2821 649 2922 718 τήν
2978 644 3215 702 παλαιὰν
3274 645 3532 710 ἀπέθεντο
3592 644 3871 724 νέκρωσιν·

460 745 552 800 καὶ
578 743 758 805 καθὼς
811 743 846 812 ἡ
903 744 1000 796 τοῦ
1061 738 1321 808 ’Ῐεζεκιήλ
1381 739 1566 814 ’ὀρασις
1627 736 1904 810 βούλεται,
1973 736 2102 790 όστᾶ
2155 737 2460 810 συνήγοντο
2520 735 2656 810 πρὸς
2717 736 2849 792 ὀστᾶ
2902 736 2993 792 καὶ
3049 735 3307 811 ἁρμονίαι
3387 735 3523 810 πρὸς
3585 736 3870 811 ἁρμονίας,

457 833 550 888 καὶ
577 832 632 888 ἐν
669 833 870 908 βραχεῖ
901 829 955 884 αἱ
985 827 1237 884 πλεῖσται
1265 833 1372 884 τῶν
1401 829 1617 882 πόλεων
1649 822 1942 882 ἀνεϐίωσαν
1975 825 2063 880 καὶ
2096 824 2159 881 τὸ
2187 825 2378 900 πρώην
2411 821 2684 881 ἀπέλαϐον
2725 822 3001 900 εὔδαιμον.
3035 826 3100 883 Εἰ
3131 822 3188 881 δὲ
3243 822 3324 880 δεῖ
3375 846 3430 881 τι
3485 824 3578 880 καὶ
3634 830 3743 880 τῶν
3775 830 3870 881 τοῦ

457 921 772 1000 ψαλμῳδοῦ
804 916 970 979 Δαϐὶδ
1003 920 1230 985 ἐνταῦθα
1261 923 1712 994 προσεπαγαγεῖν,
1749 913 1899 982 ἔθετο
1943 914 2149 990 ἔρημον
2203 915 2278 980 εἷς
2337 915 2530 989 λίμνας
2590 914 2799 972 ὑδάτων
2867 915 2957 972 καὶ
3018 922 3120 992 γῆν
3183 913 3410 992 ἂνυδρον
3467 917 3545 982 εἷς
3595 915 3870 990 διεξόδους

457 1010 693 1069 ὑδάτων.
727 1012 832 1070 Καὶ
865 1011 958 1074 τὰς
991 1009 1291 1085 διασπορὰς
1322 1007 1610 1081 ἒπισυνῆξε
1633 1011 1742 1062 τῶν
1793 1011 1889 1061 τοῦ
1921 1003 2193 1079 δημοσίου
2239 1002 2508 1060 τελεστῶν
2566 1004 2626 1060 ἐκ
2677 1009 2772 1061 τοῦ
2817 1009 3017 1062 παῦσαι
3071 1006 3198 1068 τοὺς
3266 1004 3326 1061 ἐκ
3381 1011 3490 1062 τῶν
3550 1009 3870 1085 πρακτόρων

453 1100 858 1175 κονδυλισμοὺς
891 1099 981 1155 καὶ
1014 1096 1294 1154 συστεῖλαι
1325 1093 1402 1158 εἰς
1435 1095 1740 1170 ὡρισμένον
1772 1115 1826 1150 τι
1857 1096 2078 1168 ζήτημα
2129 1093 2222 1155 τάς
2253 1091 2611 1165 ἐπαλλήλους
2636 1093 2975 1167 ἀπαιτήσεις,
3002 1094 3204 1158 ὁπόσας
3238 1096 3289 1150 οἱ
3323 1093 3489 1152 δεινοῖ
3545 1101 3654 1152 τῶν
3685 1097 3866 1178 φόρων

455 1190 680 1269 ἐφεῦρον
717 1190 948 1262 ζητηταί
981 1189 1070 1245 καὶ
1103 1188 1181 1252 εἷς
1211 1184 1444 1266 ὄφλημα
1475 1185 1834 1260 ἔπέκράτυναν
1869 1182 2154 1257 ἐνιαύσιον³
2189 1184 2241 1238 οἱ
2309 1183 2364 1238 ἐν
2423 1184 2624 1260 βρώσει
2673 1182 2841 1260 ἄρτου
2895 1184 2987 1240 τὸν
3052 1185 3427 1242 ὑποπίπτοντα
3485 1183 3630 1242 λεὼν
3685 1208 3870 1243 κατεσ-

457 1281 686 1345 θίοντες.

523 1385 671 1438 Cum
693 1383 886 1436 autem
948 1379 1105 1452 apud
1159 1383 1472 1449 Romanos,
1525 1392 1742 1448 eosque
1809 1374 1988 1442 solos,
2039 1377 2184 1444 υιΑ

455 1472 686 1544 opinor,
714 1469 1088 1540 iniquissima
1137 1468 1497 1525 consuetudo
1548 1465 1780 1531 Valeret,
1817 1469 1872 1521 ut
1931 1479 2106 1520 naves

451 1558 886 1634 tempestatibus
916 1559 976 1614 in
1009 1558 1172 1615 littus
1200 1558 1394 1629 ejecta;
1436 1573 1550 1612 non
1585 1555 1756 1611 modo
1789 1573 1821 1610 a
1850 1553 2086 1610 nemine

460 1651 898 1723 adjuvarentur,
952 1647 1052 1704 sed
1121 1647 1195 1702 ab
1282 1645 1493 1702 accolis
1595 1643 1802 1716 quovis
1873 1642 2108 1698 turbine

455 1737 795 1797 saevioribus
849 1735 1268 1808 diriperentur,
1323 1733 1373 1790 si
1434 1751 1544 1806 qua
1607 1732 1820 1790 ﬂuctus
1880 1731 2106 1802 reliqua

448 1830 726 1896 fecerant,
760 1826 1142 1900 iniquissimis
1191 1825 1292 1882 isti
1339 1823 1552 1880 rationi
1595 1827 1713 1878 tam
1754 1821 1964 1878 acriter
2020 1827 2106 1877 est

449 1920 815 1986 adversatus,
847 1919 930 1976 ita
960 1917 1269 1991 piraticam
1303 1915 1462 1970 illam
1518 1913 1894 1987 rapacitatem
1943 1929 2102 1968 com-

456 2009 706 2082 pescuit,
743 2013 806 2064 ut
837 2007 958 2062 haec
991 2023 1104 2061 una
1129 2021 1220 2061 res
1252 2003 1653 2076 amplissimas
1711 2003 1844 2072 ejus
1900 2003 2102 2058 laudes

455 2097 898 2171 complectatur.
947 2095 1090 2151 Nam
1143 2093 1338 2150 audici
1423 2091 1654 2164 quidem
1703 2107 1967 2162 proceres
2045 2089 2105 2148 id

459 2187 680 2243 malum
737 2183 1103 2256 deploratum
1161 2187 1218 2238 et
1277 2181 1709 2238 immedicabile
1767 2180 2104 2252 judicabant

455 2279 512 2332 et
559 2275 715 2332 424
791 2276 1074 2329 vetustate
1131 2271 1582 2337 confirmatum;
1657 2285 1722 2325 ac
1797 2269 2011 2325 multos
2072 2285 2104 2325 e

452 2363 861 2437 superioribus
893 2359 1367 2432 imperatoribus,
1422 2357 1716 2415 fasciculis
1771 2356 2100 2415 litterarum

448 2467 510 2522 in
587 2450 912 2524 provincias
1007 2448 1230 2518 missis,
1311 2453 1570 2504 extrema
1681 2447 2100 2519 naufragorum

445 2539 860 2617 spoliatoribus
885 2539 1190 2596 minitatos
1218 2555 1231 2594 :
1265 2538 1368 2592 sed
1410 2541 1682 2592 conatum
1711 2535 1874 2591 illum
1918 2537 2102 2592 [uisse

461 2631 675 2688 rritum
733 2631 790 2686 et
861 2628 1017 2682 intra
1087 2625 1305 2697 scripta
1378 2624 1739 2694 substitisse,
1802 2624 2096 2680 rubricam

2287 1374 2484 1436 Ἕθους
2518 1369 2574 1428 δὲ
2604 1371 2964 1448 ἀλογωτάτου
3003 1373 3152 1448 παρά
3203 1375 3530 1448 Ῥωμαίοις,
3589 1375 3665 1438 ὡς
3703 1370 3867 1449 ἔοικε,

2220 1460 2411 1534 μόνοις
2447 1461 2739 1538 ἰσχύοντος
2801 1463 2884 1538 (τὸ
2940 1460 2996 1518 δέ
3053 1463 3164 1520 ἐστι
3220 1463 3283 1520 τὸ
3313 1465 3410 1527 τὰς
3461 1465 3868 1544 χειμαζομένας

2212 1554 2361 1623 ναῦς,
2421 1551 2524 1606 ὑπὸ
2585 1553 2910 1625 πνευμάτων
2969 1552 3058 1608 καὶ
3113 1548 3364 1626 φλοίσϐῳ
3436 1553 3714 1625 θαλαττίῳ
3765 1574 3870 1610 τα-

2214 1639 2597 1711 λαντευούσας,
2655 1637 2863 1714 μηδένα
2921 1638 3067 1716 ἔχειν
3122 1641 3212 1697 τὸν
3297 1641 3684 1718 συναιρόμενον
3751 1643 3866 1698 καθ’

2212 1728 2305 1789 οὓς
2363 1726 2424 1783 ἄν
2487 1727 2709 1803 λιμένας
2765 1729 2799 1799 ἢ
2859 1729 3062 1793 τόπους
3145 1725 3548 1806 ἐκϐράσσωνται
3632 1731 3864 1807 κύμασιν

2211 1818 2590 1894 ἐλαυνόμεναι,
2665 1820 2981 1878 τούναντίον
3073 1823 3166 1896 μὲν
3229 1823 3318 1877 οὗν
3383 1825 3469 1880 καὶ
3557 1821 3867 1898 καταιγίδος

2209 1907 2434 1984 χείρους
2466 1911 2596 1985 ὁρᾷν
2625 1909 2754 1974 τοὺς
2802 1909 2973 1968 ἐκεῖσέ
3028 1933 3104 1982 πη
3170 1911 3443 1989 λαχόντας
3502 1915 3602 1983 τήν
3651 1914 3865 1983 οἲκησιν

2210 1994 2555 2062 διασπῶντας
2612 1998 2704 2055 καὶ
2765 2000 3180 2078 ἀφαρπάζοντας
3236 2000 3410 2057 ὁπόσα
3462 2003 3539 2076 μὴ
3599 2003 3865 2079 παρέσυρε

2209 2087 2496 2162 θάλασσα),
2533 2089 2676 2144 οὕτω
2705 2109 2792 2144 τοι
2824 2090 2960 2164 πρὸς
2993 2091 3090 2160 τὴν
3131 2091 3390 2162 τοιαύτην
3436 2091 3660 2147 ἀτοπίαν
3694 2091 3866 2156 iro/ti):

2209 2175 2524 2233 ἀντέπνευσε
2553 2179 2643 2234 καὶ
2675 2178 2752 2241 εἷς
2809 2185 3035 2253 πραεῖαν
3077 2177 3240 2255 αὔραν
3277 2175 3542 2256 μετέϐαλε
3598 2181 3697 2250 τὴν
3759 2186 3864 2238 τῶν

2206 2265 2417 2321 πλοίων
2470 2271 2959 2338 καταποντιστικὴν
3026 2272 3134 2324 τῶν
3195 2268 3466 2326 πλείστων
3531 2271 3737 2346 ὁρμὴν,
3795 2271 3867 2334 ὡς

2206 2354 2324 2410 ἀντὶ
2354 2355 2581 2412 πολλῶν
2628 2353 2684 2412 ἓν
2745 2357 2820 2420 εἰς
2862 2357 3137 2434 εὐφημίαν
3169 2356 3356 2432 ἐκείνῳ
3414 2364 3578 2416 τοῦτο
3609 2361 3672 2417 τὸ
3712 2355 3864 2438 ἔργον

2205 2443 2408 2520 ἀρκεῖν.
2443 2446 2510 2502 Οἱ
2563 2446 2660 2518 μὲν
2699 2447 2800 2523 γὰρ
2833 2448 2954 2523 περῖ
2987 2448 3050 2503 τὸ
3111 2446 3387 2523 βασίλειον
3423 2449 3582 2524 βῆμα
3611 2445 3860 2505 δυσίατον

2203 2534 2266 2588 τὸ
2302 2534 2464 2588 κακὸν
2523 2533 2558 2603 ἤ
2618 2535 2804 2590 τέλεον
2865 2531 3253 2609 ἀμετάϐλητον
3314 2537 3440 2593 ὡσεί
3477 2538 3570 2593 καὶ
3627 2537 3703 2600 εἷς
3756 2533 3860 2610 ἕξιν

2206 2621 2480 2694 ἐληλυθὸς
2509 2624 2596 2680 καὶ
2640 2623 2922 2702 προκόψαν
2957 2625 3042 2681 ἐπὶ
3075 2627 3138 2682 τὸ
3177 2626 3453 2702 χείρίστον
3491 2626 3684 2700 ᾤοντο·
3721 2627 3860 2684 πολ-

447 2715 882 2792 imperatoriam
931 2713 1092 2772 illius
1167 2713 1304 2770 mali
1376 2713 1550 2769 undis
1626 2712 1978 2782 eluen.ibus,
2024 2718 2088 2769 ut

2205 2709 2336 2775 λοὺς
2398 2713 2492 2787 μὶν
2559 2714 2660 2791 γὰρ
2719 2714 2809 2769 καὶ
2869 2719 2976 2771 τῶν
3037 2717 3301 2792 πρότερον
3389 2716 3857 2794 αὐταρχησάντιυν

446 2805 780 2864 litteraaillae
837 2804 1009 2878 plane
1038 2803 1098 2859 in
1159 2820 1310 2874 aqua
1365 2802 1595 2874 scriptae
1651 2801 1982 2859 viderentur
2040 2809 2097 2860 et

445 2897 634 2954 edicta
666 2897 876 2952 frustra
895 2895 1372 2950 subnotarentur.

2207 2799 2496 2874 Ῥωμαίων
2535 2801 2876 2885 βουληθῆναι
2909 2808 3008 2874 τήν
3064 2809 3162 2860 τοῦ
3221 2803 3376 2868 ἔθους
3431 2807 3630 2862 τούτου
3662 2811 3857 2863 παῦσαι

2207 2888 2655 2968 παραλογὲτητα,
2687 2891 2777 2948 καὶ
2833 2891 3103 2967 φακέλους
3154 2893 3424 2950 ἀπολῦσαι
3475 2893 3855 2974 διαταγμάτων

451 2983 748 3060 βασιλικῶν
783 2981 848 3037 τὰ
879 2981 1148 3052 ἀνήκεστα
1179 2977 1651 3054 διαπειλουμένων
1681 2985 1797 3042 τοῖς
1831 2977 2222 3052 ὁπλιζομένοις
2254 2981 2388 3036 κατά
2419 2979 2629 3037 πλοίων
2659 2987 2766 3038 τῶν
2799 2987 3044 3060 ναυαγῶν
3075 2984 3166 3040 καὶ
3199 2981 3558 3060 διαρπάζουσι
3586 2986 3654 3042 τά
3711 2983 3859 3042 ἔνδον

449 3069 644 3128 αὐτῶν·
675 3069 727 3126 ἐν
757 3071 1040 3145 γράμμασι
1074 3067 1130 3122 δὲ
1164 3069 1354 3142 μόνοις
1383 3068 1450 3122 τά
1479 3072 1704 3124 τοιαῦτα
1735 3067 2076 3140 θεσπίσματα
2107 3071 2339 3140 κεῖσθαι,
2375 3069 2467 3124 οἷα
2500 3070 2635 3125 κατά
2679 3067 2930 3126 κλύδωνα
2982 3076 3078 3126 τοῦ
3109 3075 3277 3128 κοικοῦ
3317 3073 3731 3153 κορυφουμένου
3771 3075 3861 3128 καὶ

453 3160 756 3235 μεταρσίως
786 3154 1078 3231 αἱρομένου
1117 3157 1208 3211 καὶ
1247 3157 1309 3211 τὸ
1355 3155 1636 3230 βασιλικὸν
1685 3155 2078 3236 ἀπαλείφοντος
2127 3155 2513 3232 ὲρυθρόδανον,
2567 3159 2642 3221 ὠς
2704 3159 2923 3238 γράφειν
2965 3155 3216 3231 ἄντικρυς
3248 3161 3374 3222 τοὺς
3402 3163 3704 3239 γράφοντας
3743 3162 3862 3216 καθ’

451 3249 630 3324 ὑγρῶν
661 3245 837 3303 δοκεῖν
870 3245 962 3301 καὶ
1004 3245 1468 3319 ὑποσημαίνεσθαι
1495 3246 1672 3318 μάτην
1695 3247 1760 3300 τὰ
1801 3245 1975 3301 οἰκεῖα
2005 3243 2370 3320 κελεύσματα.

521 3339 574 3393 4.
605 3337 739 3402 Quae
771 3352 905 3392 cum
964 3335 1028 3390 hi
1072 3335 1376 3404 dixissent,
1425 3337 1795 3392 Andronicus
1849 3334 2092 3391 circum-

450 3433 696 3483 stantem
727 3433 994 3482 senatum
1043 3423 1250 3482 acriter
1293 3424 1565 3495 intuitus,
1611 3431 1668 3482 et
1708 3425 1962 3496 suspirio
2023 3440 2091 3482 ex

447 3515 585 3572 imis
668 3514 1002 3588 ρτωεοεάὶίε
1082 3514 1351 3570 ducto:«
1416 3512 1594 3580 Nihil,
1677 3515 1893 3586 inquit,
1979 3519 2088 3579 est,

447 3605 589 3677 quin
638 3605 711 3660 ab
796 3602 1247 3676 imperatoribus
1331 3603 1631 3659 emendari
1708 3609 1920 3674 queat;
1983 3619 2088 3658 nec

447 3695 624 3751 ullam
647 3700 946 3766 peccatum
998 3697 1106 3762 est,
1157 3691 1315 3764 quod
1363 3692 1511 3748 vires
1551 3709 1752 3749 eorum
1827 3701 2083 3766 superet,

2275 3331 2336 3392 δ’,
2371 3332 2473 3392 Καὶ
2505 3336 2557 3390 οἱ
2593 3335 2685 3408 μὲν
2715 3341 2939 3393 τοιαῦτα
2978 3337 3320 3418 ἐφθέγγοντοε
3357 3340 3385 3395 ὁ
3427 3336 3484 3394 δέ
3519 3335 3758 3416 δριμέως
3790 3339 3858 3395 τὸ

2201 3423 2498 3498 περιεστὼς
2559 3423 2760 3480 ἐκεῖνον
2842 3427 3058 3498 σύμπαν
3128 3422 3600 3503 περιϐλεψάμενος
3654 3427 3862 3504 759°6-

2200 3533 2338 3578 σιον,
2372 3513 2616 3584 στενάξας
2648 3516 2765 3569 εἶπε
2807 3516 2942 3590 βαθὺ
2985 3516 3058 3580 ὡς
3096 3539 3122 3572 ιι
3153 3514 3322 3575 Οὒδὲν
3380 3523 3496 3581 τοῖς
3542 3517 3853 3592 βασιλεῦσιν

2198 3597 2554 3675 ἀδιόρθωτον,
2588 3599 2699 3656 οὔδ’
2731 3599 2842 3658 ἔστι
2889 3625 2943 3659 τι
2999 3608 3107 3659 τῶν
3167 3604 3524 3677 πλημμελῶς
3552 3605 3858 3682 γινομένων

2199 3689 2228 3742 δ
2257 3689 2356 3758 την
2392 3689 2549 3764 ἰσχὺν
2608 3691 2786 3747 αὐτῶν
2849 3693 3264 3768 ὑπερπέπαικεν.
3298 3689 3698 3752 Ἐϐλακεύοντο
3732 3693 3844 3751 τοί-

447 3782 786 3856 Superiores
815 3788 1010 3838 autem
1043 3781 1425 3853 imperatores
1456 3790 1549 3838 aut
1574 3799 1695 3839 rem
1735 3785 1911 3840 stulte
1949 3797 2088 3844 sunt

2204 3799 2311 3845 νον,
2347 3779 2418 3840 ὡς
2450 3775 2642 3851 ἔοικεν,
2685 3781 2736 3834 οἱ
2795 3781 3055 3858 πρότερον
3117 3783 3535 3859 αύτοκράτορες,
3591 3785 3675 3860 [Ρ.
3723 3784 3851 3858 210]

447 3876 703 3946 aggressi
739 3876 840 3928 aut
870 3887 932 3928 se
968 3871 1164 3927 dolere
1221 3870 1456 3941 injuriis
1513 3871 1890 3929 simularunt.
1946 3874 2089 3932 Nam

447 3961 496 4018 si
525 3962 913 4034 corruptelam
946 3959 1107 4016 illam
1160 3975 1291 4016 vere
1350 3977 1752 4032 suppressam,
1815 3972 1869 4018 et
1913 3963 2094 4020 libere

453 4050 547 4122 agi
577 4067 645 4106 ea
699 4067 828 4122 quae
885 4050 956 4106 ad
1019 4049 1343 4120 aequitatem
1405 4048 1698 4120 pertinent
1752 4050 2090 4124 voluissent,

447 4139 762 4195 rubricatis
812 4137 1023 4195 litteris
1083 4137 1322 4194 omissis
1378 4142 1434 4192 et
1491 4137 1707 4194 chartis
1783 4139 2090 4198 inutilibus

445 4227 756 4299 despectis,
789 4227 1149 4299 cogitassent
1178 4225 1525 4298 sanguinem
1559 4227 1720 4298 ﬂere,
1752 4245 1866 4284 non
1899 4229 2087 4303 lacry-

445 4331 572 4372 mas
604 4316 843 4372 fundere
874 4332 974 4372 eos
1005 4316 1106 4388 qui
1137 4315 1431 4382 homines,
1463 4316 1619 4386 apud
1681 4333 1830 4388 quos
1887 4318 2088 4376 fracta

442 4423 618 4464 naves
649 4406 986 4478 ejiciuntur,
1021 4405 1270 4463 occultis
1301 4405 1358 4460 in
1389 4405 1534 4461 mari
1566 4406 1723 4463 saxis
1756 4413 1813 4463 et
1842 4409 2088 4478 rupibus

441 4499 707 4555 duriores
737 4496 1152 4570 experiuntur;
1193 4499 1249 4551 et
1279 4511 1417 4551 ense
1478 4494 1610 4551 illos
1665 4499 2085 4570 coercuissent,

441 4587 542 4658 qui
572 4604 689 4644 non
711 4589 928 4644 frustra
957 4589 1246 4658 gestatur,
1279 4589 1336 4640 et
1367 4584 1576 4640 caditie
1635 4584 1869 4656 iniquos
1918 4588 2086 4644 dam-

439 4682 699 4734 nassent.
735 4676 921 4746 Nune,
952 4681 1015 4730 ut
1045 4675 1192 4730 nihil
1256 4673 1408 4730 425
1464 4673 1714 4745 videtur,
1775 4675 1921 4731 nihil
1971 4678 2085 4734 nisi

442 4767 712 4824 militiam
750 4768 1132 4836 scripserunt,
1161 4771 1215 4818 et
1267 4763 1324 4818 in
1389 4762 1594 4818 alienis
1652 4763 1826 4820 malis
1881 4771 2086 4824 contra

444 4873 620 4926 quam
645 4854 810 4910 decet
842 4855 1152 4924 patientes,
1185 4852 1432 4908 afﬂictos
1483 4851 1596 4924 ipsi
1655 4869 1889 4925 quoque
1945 4861 2084 4912 sunt

437 4943 728 5008 insectati,
785 4942 924 4998 dum
983 4959 1192 5014 pravos
1263 4958 1453 4998 mores
1539 4959 1656 4997 non
1743 4944 2084 5015 corrigendo

441 5032 947 5087 confirmarunt.»
1016 5032 1152 5095 Quae
1217 5047 1349 5087 cum
1438 5029 1702 5101 dixisset,
1791 5033 2080 5104 subjecit:

2200 3867 2235 3936 ἤ
2277 3865 2609 3924 ἐπλάττοντο
2638 3869 2730 3924 τὸν
2785 3868 2874 3925 ἐπὶ
2931 3874 3048 3935 τοῖς
3114 3872 3392 3936 κακίστοις
3425 3874 3757 3948 ἀχθόμενον.
3793 3874 3856 3930 Εἰ

2199 3955 2300 4032 γὰρ
2333 3955 2554 4028 ἀληθῶς
2587 3953 2902 4028 ἠϐούλοντο
2937 3961 3125 4030 στῆναί
3155 3981 3285 4018 ποτε
3331 3961 3396 4018 τά
3459 3962 3726 4040 βιοφοόρα
3765 3961 3858 4018 καὶ

2199 4043 2506 4122 παρρησίαν
2562 4044 2712 4122 ἄγειν
2771 4048 2944 4103 ὁπόσα
3025 4051 3125 4118 τήν
3224 4050 3482 4124 εὐνομίαν
3555 4051 3858 4124 συνίστησι,

2197 4136 2684 4212 πὰρηγκωνίσαντο
2725 4135 2784 4192 ἄν
2838 4139 2899 4193 τὸ
2954 4137 3006 4194 έν
3061 4145 3177 4202 τοῖς
3243 4141 3566 4216 γράμμασιν
3607 4140 3862 4218 ἐρυθρὸν,

2195 4225 2404 4280 καὶτὸν
2437 4225 2647 4302 χάρτην
2689 4227 2762 4290 ὡς
2826 4225 2983 4284 οὐδὲν
3045 4227 3376 4306 ὀνησιφόρον
3425 4225 3860 4305 παραϐλεῴάμε-

2194 4334 2279 4369 νοι
2311 4309 2576 4371 ἐϐάλοντο
2607 4315 2666 4371 ἄν
2697 4317 2834 4372 κατᾶ
2863 4322 2989 4373 νοῦν
3022 4319 3096 4379 ὡς
3128 4316 3320 4393 αἵμασι
3354 4321 3664 4390 πενθοῦσιν,
3731 4319 3860 4376 ἀλλ’

2197 4403 2324 4478 οὐχὶ
2353 4401 2610 4476 δάκρυσιν
2643 4404 3012 4462 ἐπιστένουσιν
3069 4409 3120 4462 οἱ
3181 4405 3462 4464 σπιλάδων
3516 4410 3607 4464 καὶ
3637 4412 3851 4486 πετρῶν

2199 4492 2415 4571 ὑφάλων
2469 4495 2845 4570 τραχυτέρους
2891 4495 3226 4572 εὑρίσκοντες
3285 4500 3412 4574 παρ’
3479 4500 3564 4560 οἷς
3618 4500 3673 4554 αἱ
3725 4505 3852 4570 νῆες

2195 4583 2369 4638 αὐτῶν
2400 4578 2784 4656 ὲκϐράσσονται
2846 4586 2947 4642 ὑπὸ
2999 4582 3299 4657 κλύδωνος,
3358 4586 3448 4642 καὶ
3495 4589 3616 4643 κατ’
3673 4587 3853 4644 αὐτῶν

2193 4669 2497 4746 ἐχρήσαντο
2530 4671 2590 4727 ἄν
2624 4678 2702 4746 τῷ
2764 4674 2900 4752 ξίφει
2971 4677 3046 4747 μὴ
3089 4676 3420 4755 φορουμένῳ
3475 4678 3650 4751 μάτην
3715 4676 3856 4750 μηδὲ

2195 4760 2338 4834 εἰκῇ,
2387 4762 2477 4816 καὶ
2517 4756 2719 4818 ἔϐαλον
2771 4763 2830 4818 ἃν
2892 4763 2967 4826 εἷς
3024 4763 3264 4843 κεφαλὰς
3312 4765 3532 4838 ἀνόμων
3592 4766 3854 4822 θάνατον.

2193 4851 2303 4906 Νῦν
2336 4847 2403 4920 δ’,
2437 4851 2511 4913 ὡς
2570 4851 2889 4926 πέπεισμαι,
2942 4854 3246 4930 γράφοντες
3306 4853 3641 4930 αὐτόχρημα
3681 4876 3855 4926 πονη-

2193 4937 2311 5013 ρίαν
2344 4933 2606 5020 ἔγραφον,
2635 4941 2767 4996 κάπὶ
2822 4949 2940 5005 τοῖς
2973 4941 3163 4999 ἄλλων
3195 4949 3390 5008 κακοῖς
3420 4944 3519 4999 οὐκ
3562 4944 3855 5006 ἐπαινετῶς

2194 5025 2624 5102 ἐπιδεικνύμενοι
2691 5030 2755 5086 τὸ
2789 5031 3142 5108 μακρόθυμον
3211 5039 3331 5096 τοῖς
3384 5033 3668 5110 πάσχουσι
3729 5053 3850 5089 συνρ

442 5117 644 5184 «Viri,
687 5119 784 5190 qui
819 5119 1106 5190 sanguine
1164 5119 1304 5176 mihi
1357 5121 1550 5192 juncti
1593 5125 1695 5176 aut
1738 5120 1850 5176 ﬁde
1891 5130 2080 5181 vestra

2204 5119 2494 5183 επετίθεντο
2554 5123 2644 5174 καὶ
2705 5119 2880 5190 αὐτοὶ,
2942 5123 3031 5177 καὶ
3101 5122 3465 5198 ἐπεκράτυνον
3513 5122 3731 5198 μᾶλλον
3784 5121 3851 5178 τὰ

436 5225 622 5264 meam
657 5206 1118 5264 benevolentiam
1149 5209 1446 5265 consecuti
1503 5207 1669 5277 estis,
1731 5214 1787 5266 et
1843 5211 2073 5286 reliqua

437 5296 826 5353 circumstans
877 5311 1110 5362 corona,
1173 5296 1295 5353 sive
1361 5297 1421 5352 in
1497 5303 1762 5354 senatum
1825 5303 2080 5376 ascripta

437 5385 560 5440 sive
619 5384 751 5442 aliis
827 5383 1057 5456 imperii
1117 5384 2078 5464 muneribusldestinata,audite,

431 5472 631 5536 audite
677 5489 789 5530 me.
850 5473 1078 5544 Loquar
1133 5470 1286 5528 enim
1337 5489 1449 5528 non
1508 5490 1576 5530 ea
1605 5491 1732 5546 qua
1789 5494 1890 5535 aer
1921 5480 2074 5540 frus-

427 5568 524 5619 tra
550 5560 815 5636 dissipet,
848 5561 952 5619 sed
986 5575 1052 5616 ea
1081 5576 1210 5632 quis
1243 5560 1358 5618 nisi
1389 5579 1495 5618 suo
1539 5568 1801 5636 tempore
1855 5567 1983 5639 ipsa
2015 5587 2075 5627 re

425 5653 817 5736 apparebunt,
844 5668 936 5711 me
971 5648 1148 5707 edicti
1201 5656 1498 5710 auctorem
1555 5652 1715 5724 gravi
1779 5654 1862 5710 ira
1911 5671 2072 5716 com-

2193 5207 2295 5263 οὐκ
2370 5206 2650 5264 ἐπαινετέα
2722 5203 2908 5283 ἔθιμα,
2969 5213 3053 5276 οἷς
3103 5213 3204 5282 τήν
3291 5211 3499 5269 τούτων
3561 5211 3850 5290 διόρθωσιν

2190 5298 2402 5363 ἑκόντες
2431 5297 2860 5374 ἒκπεριίσταντο.
2895 5325 2924 5353 ››
2963 5304 3122 5360 Ταῦτ’
3178 5301 3442 5378 εἰρηκὼς,
3475 5329 3503 5357 ‹‹
3532 5302 3778 5379 ἸἌνδρες,
3815 5327 3844 5355 ι)

2188 5395 2555 5464 προσεπῆγεν,
2587 5413 2616 5441 ‹‹
2665 5388 2718 5446 οἳ
2769 5391 2885 5463 μεθ’
2944 5392 3082 5465 αἷμά
3136 5413 3230 5466 μοι
3270 5395 3691 5469 προσῳκείωσθε
3748 5391 3844 5448 καὶ

2187 5480 2336 5540 ὅσοις
2368 5482 2401 5550 ἡ
2462 5480 2597 5554 πρὸς
2654 5479 2755 5554 ἐμὲ
2813 5480 2995 5545 πίστις
3043 5479 3254 5539 εὔνοιαν
3309 5478 3696 5560 ἑπεϐράϐευσε,
3751 5484 3851 5538 καὶ

2185 5569 2247 5639 τὸ
2279 5571 2635 5644 περιεστηκὸς
2677 5567 2733 5626 δὲ
2765 5569 2984 5644 λοιπὸν,
3017 5571 3144 5628 ὅσον
3180 5594 3240 5629 τε
3307 5573 3383 5638 εἷς
3432 5574 3714 5651 γερουσίαν
3766 5572 3850 5648 ἔγ-

2185 5658 2426 5750 κέκριται
2457 5657 2547 5738 καὶ
2587 5659 2712 5716 ’ὀσον
2743 5657 2796 5724 ές
2826 5661 2889 5718 τὸ
2951 5659 3142 5728 ἄλλως
3205 5663 3538 5746 ὑπουργικὸν
3569 5670 3648 5744 τῇΔ
3690 5665 3849 5748 βασι-
