4126 6294
347 321 464 383 685
1384 319 1485 379 DE
1529 308 1992 382 ANDRONAICO
2036 320 2417 384 COMNENO
2464 325 2608 386 LIB.
2658 324 2734 386 II.
3646 329 3765 392 O86

348 452 477 526 λείᾳ
550 448 846 523 Ῥωμαίων
931 446 1435 525 ἀποκεκλήρωται,
1523 452 1783 509 ἀκούσατὲ
1870 473 1997 526 μου,

2116 456 2472 514 movebunt:
2531 470 2596 515 ea
2652 475 2786 515 vero
2842 458 2994 516 acris
3026 464 3083 516 et
3128 459 3514 517 intolerabilis
3555 460 3615 517 in
3666 477 3765 520 eos

349 540 637 598 ἀκούσατε.
698 536 1008 612 Φθέγξομαι
1067 537 1172 613 γὰρ
1203 538 1313 613 οὐχ
1343 539 1442 595 ὅσα
1487 561 1588 614 περ
1637 541 1744 614 ἀὴρ
1804 539 1998 620 διαφο-

2112 547 2422 618 dssaeviet,
2483 547 2585 620 qui
2654 548 2810 604 dioto
2860 549 3242 621 magistratus
3293 565 3407 606 non
3459 550 3767 609 audientes

2111 651 2282 692 secus
2337 652 2402 692 ac
2448 637 2603 708 jussi
2635 637 2895 694 fecerint.
2949 637 3091 694 Cum
3136 642 3335 695 autem
3367 638 3479 695 alia
3529 654 3770 713 quoque

2113 726 2193 781 rei
2257 726 2501 797 publicae
2560 727 3051 783 incommodantia
3108 733 3165 785 et
3206 727 3429 785 cladem
3482 728 3767 789 Romanis

2109 815 2482 887 importantia
2540 816 2877 888 abroganda
2933 816 3076 885 sint,
3125 817 3393 874 homines
3454 834 3521 874 ex
3599 824 3766 892 rapto

2108 904 2296 961 vivere
2347 904 2505 962 soliti
2558 905 2819 973 seiunto,
2880 907 2993 963 nisi
3043 908 3194 963 ultro
3251 912 3519 980 appetere
3572 908 3766 967 aliena

2107 994 2409 1061 desierint,
2459 994 2633 1051 etiam
2689 1012 2798 1052 sua
2829 996 3151 1053 amissuros
3182 1003 3235 1052 et
3293 1013 3622 1070 pauperum
3652 1016 3762 1056 su-

356 633 508 706 ρήσει
537 628 815 694 ἇτίλεστα,
845 625 973 683 ἀλλ’
1005 627 1199 693 ὁπόσα,
1233 627 1279 683 εί
1308 629 1386 698 μή
1444 628 1537 684 τὸν
1565 628 1747 684 εἰκότα
1805 628 2006 704 χρόνον

356 717 441 772 ἐπ’
474 710 630 792 ἔργον
661 708 1007 784 ἐκόήσονται,
1037 713 1132 769 τὸν
1196 715 1292 788 μὲν
1341 715 1405 770 τὸ
1464 717 1720 786 ποιητὲον
1754 715 1851 790 ἐμὲ
1883 713 2005 772 δια-

357 807 711 878 κελευόμενον
743 803 1056 876 ἐκμήνωσιν
1116 804 1192 866 εἰς
1253 804 1441 880 ὀργὴν,
1494 807 1529 875 ἡ
1589 802 1645 860 δὶ
1677 806 1873 880 βαρεῖά
1920 826 2004 868 τις

352 895 441 950 καὶ
496 893 852 951 δυσύποιστος
911 891 1241 966 ἐπενσκήψει
1324 898 1441 957 τοῖς
1499 893 1648 970 παρὰ
1701 895 1770 950 τὰ
1826 891 2004 951 διατε-

350 985 592 1060 ταγμένα
648 1005 745 1057 μοι
801 984 1097 1059 πράττουσι
1156 984 1245 1038 καὶ
1302 983 1546 1059 ἅρχικῶν
1603 985 1705 1041 οὐκ
1757 987 2004 1058 ἒμπαζο-

354 1072 537 1148 μένοις
566 1070 716 1137 ὅλως
750 1077 967 1151 φωνῶν.
1023 1073 1211 1148 Χρεὼν
1273 1073 1367 1146 μὲν
1426 1073 1517 1128 οὗν
1573 1074 1663 1128 καὶ
1718 1071 1899 1129 τᾶλλα
1936 1074 2002 1130 τὰ

952 1164 1245 1244 κρεσιφόρα
1328 1164 1621 1238 Ῥωμαίοις
1675 1164 2001 1233 παύσασθαι,

346 1158 693 1230 κοινοϐλαϐἦ
778 1163 868 1218 καὶ

346 1253 433 1308 καὶ
466 1249 703 1309 ἔστωσαν
737 1250 941 1316 εἰδότες
1000 1255 1052 1308 οἱ
1110 1254 1201 1309 τὸν
1259 1252 1593 1325 πλεονέκτην
1653 1254 1771 1329 βίον
1833 1274 1996 1327 μετα-

345 1340 638 1405 διώκοντες
669 1343 766 1415 ὡς,
800 1341 846 1397 εἰ
880 1342 957 1416 μὴ
990 1340 1246 1416 λήξουσιν
1282 1340 1562 1407 ἐθελονταὶ
1601 1349 1700 1414 τῆς
1757 1346 1865 1397 τῶν
1898 1340 1996 1397 ἀλ-

341 1429 580 1508 λοτρίων
645 1430 896 1511 ἐφέσεως,
970 1431 1060 1487 καὶ
1116 1432 1183 1489 τὰ
1267 1431 1440 1488 οἰκεῖα
1525 1431 1996 1509 προσαπολέσουσι

334 1521 422 1575 καὶ
471 1527 596 1584 τοῖς
651 1525 761 1577 τῶν
814 1522 1060 1592 πενήτων
1121 1520 1597 1599 ἐκφυσηθήσονται
1653 1528 1996 1599 στεναγμοῖς,

337 1608 520 1685 ὥσπερ
582 1608 635 1664 ἐν
696 1606 908 1688 σφοδρᾷ
963 1607 1197 1665 λαίλαπι
1225 1614 1363 1685 χοῦς
1400 1610 1507 1665 ἀπὸ
1546 1612 1844 1684 προσώπου
1897 1617 2001 1685 γῆς

331 1698 698 1773 ἐκριπίζεται,
736 1696 975 1772 μάλιστα
1042 1695 1099 1754 δὲ
1153 1699 1215 1754 τὸ
1267 1704 1387 1762 ταῖς
1446 1701 1629 1755 ναυσὶν
1663 1699 1998 1765 ἐπιτίθεσθαι

2107 1083 2307 1153 spiriis
2351 1099 2467 1140 non
2499 1100 2666 1140 secus
2696 1086 2947 1156 ejectum
2981 1085 3051 1140 iri
3082 1103 3253 1157 quam
3306 1086 3491 1157 pulvis
3524 1106 3557 1144 a
3585 1088 3763 1145 vehe-

2110 1174 2291 1228 menti
2322 1172 2556 1230 turbine
2587 1174 2920 1247 dissipatur,
2951 1191 3051 1231 eos
3104 1177 3428 1247 praesertim
3484 1178 3584 1249 qui
3621 1193 3760 1235 nau-

2108 1260 2304 1333 fragiis
2328 1261 2679 1319 insidiantur
2699 1267 2754 1319 et
2779 1264 3035 1321 sarcinas
3059 1264 3348 1336 diripiunt
3367 1271 3422 1321 et
3444 1266 3762 1339 aliquando

2106 1350 2263 1421 ipsas
2322 1367 2495 1407 naves
2553 1351 2849 1408 dissecant
2905 1358 2959 1408 et
3014 1353 3470 1414 comminuunt.
3520 1355 3578 1410 Si
3627 1354 3760 1427 quis

2105 1448 2360 1496 vestrum
2411 1440 2588 1512 igitur
2630 1444 2827 1497 nostra
2857 1441 3013 1499 420
3052 1442 3399 1499 auctoritate
3452 1443 3758 1515 magistra-

2107 1536 2229 1586 tum
2287 1528 2541 1600 aliquem
2609 1529 2781 1601 gerit,
2840 1531 2889 1586 si
2947 1531 3082 1602 quis
3152 1530 3367 1587 fundos
3429 1532 3758 1589 maritimos

2108 1617 2388 1689 possidet,
2440 1617 2491 1673 is
2542 1617 2797 1689 primum
2851 1634 2913 1675 se
2963 1619 3182 1690 ipsum,
3226 1619 3436 1676 deinde
3489 1619 3757 1678 subditos

2107 1721 2339 1778 quoque
2377 1706 2447 1762 ad
2499 1707 2726 1777 justam
2783 1707 2881 1763 Dei
2934 1712 2991 1763 et
3037 1707 3271 1781 imperii
3320 1711 3505 1766 nostri
3556 1710 3759 1768 obser-

331 1787 420 1842 καὶ
454 1784 780 1865 διαρπάζειν
838 1789 966 1853 τοὺς
1023 1788 1282 1866 φόρτους,
1340 1787 1512 1844 ἐνίοτε
1572 1786 1628 1844 δὲ
1682 1789 1771 1844 καὶ
1830 1790 1997 1853 αὐτὰς

2109 1795 2366 1852 vantiam
2398 1812 2465 1851 ac
2510 1797 2886 1853 reverentiam
2921 1796 3244 1854 conﬁrmet.
3280 1798 3543 1856 Profecto
3586 1816 3759 1871 poena

331 1878 805 1954 κατατεμαχίζειν
834 1877 926 1934 καὶ
956 1878 1340 1958 ἀπογομφοῦν.
1400 1877 1471 1935 Εἴ
1510 1900 1592 1943 τις
1632 1877 1813 1933 τοίνυν
1848 1879 2000 1952 ὑμῶν

325 1968 523 2043 ἀρχὴν
586 1967 647 2023 ἐκ
688 1972 788 2024 τοῦ
846 1968 1119 2043 ἡμετέρου
1173 1968 1402 2043 κράτους
1458 1968 1685 2044 χειρίζει
1725 1971 1759 2040 ἢ
1812 1968 1866 2025 εἷ’
1914 1991 1999 2032 τις

320 2056 615 2128 ἀκινήτων
674 2054 957 2132 παραλίων
1017 2056 1226 2132 κύριος,
1310 2058 1684 2132 καταρτισάτω
1735 2059 1996 2134 πρότερον

322 2147 557 2217 ἑαυτὸν,
589 2149 708 2204 εἷτα
736 2146 919 2203 καὶτὸ
976 2147 1222 2219 ὑπήκοον
1278 2147 1355 2209 εἷς
1416 2144 1539 2211 δέος
1592 2148 1655 2204 τὸ
1710 2153 1809 2203 τοῦ
1867 2152 2000 2204 Θεοῦ

322 2237 412 2293 καὶ
441 2240 558 2309 τῆς
587 2236 728 2312 ἐμῆς
762 2234 1046 2313 βασιλείας
1093 2236 1405 2307 ὑποστολὴν
1465 2239 1555 2294 καὶ
1596 2236 1756 2293 αἷδώ·
1790 2240 1825 2310 ἢ
1890 2240 1996 2312 μὴν

320 2326 384 2383 ἐκ
411 2334 529 2398 τῆς
589 2330 775 2402 ψυχῆς
842 2328 1238 2399 ζητηθήσεσται
1304 2325 1727 2383 πολλαπλάσιον
1776 2328 1839 2383 τὸ
1879 2326 1998 2383 ἀδί-

324 2436 489 2491 κημα
525 2421 625 2474 τοῦ
664 2418 765 2486 τὴν
796 2415 1065 2491 ἐπαρχίαν
1110 2414 1385 2479 διέποντος
1415 2416 1450 2486 ἢ
1501 2417 1594 2472 τὸν
1624 2416 1785 2494 ἀγρὸν
1838 2419 1997 2474 κατέ-

328 2526 568 2584 χοντος,
600 2504 699 2561 κᾶν
731 2504 816 2577 ε’ἰη
858 2505 1020 2569 αὐτὸς
1052 2506 1146 2580 μὶν
1175 2506 1354 2571 ἀθῶος
1421 2506 1578 2582 χερσὶ
1635 2507 1723 2561 καὶ
1762 2508 1997 2583 καθαρὸς

324 2598 395 2670 τῇ
462 2593 691 2670 καρδίᾳ,
749 2595 801 2650 οἱ
864 2593 909 2650 δ’
971 2592 1467 2671 ὑποδρηστεόοντες
1523 2595 1710 2669 ἐκείνῳ
1740 2598 1839 2665 τήν
1875 2598 1996 2660 ἄθε-

332 2705 473 2759 σμον
521 2687 710 2759 πρᾶξιν
770 2683 1163 2741 ἀποτελέσωσι.
1200 2689 1417 2758 Λοιμοῦ
1456 2686 1563 2760 γὰρ
1623 2686 1997 2762 μαστιγουμέ-

330 2793 429 2829 νου
468 2774 666 2849 κυρίου
692 2775 755 2830 τὸ
788 2774 890 2830 ὑπὸ
932 2779 1095 2851 χεῖρα
1125 2779 1245 2830 νοῦν
1303 2773 1461 2830 οἴσει·
1523 2774 1614 2830 καὶ
1668 2774 1851 2850 ὣσπερ
1883 2774 1995 2845 ἐξο-

334 2866 646 2941 μοιοῦσθαι
674 2868 754 2935 τῷ
792 2864 1019 2939 ἄρχοντι
1079 2862 1232 2941 φιλεῖ
1284 2865 1348 2919 τὸ
1407 2863 1713 2938 ἀρχόμενον
1744 2862 1995 2940 προτέρῳ

339 2951 552 3028 δρῶντι
603 2953 669 3007 τὰ
712 2953 787 3025 μὴ
834 2953 1084 3010 ἐπαινετὰ
1136 2951 1492 3032 ἐφεπόμενον,
1533 2953 1675 3008 οὕτω
1741 2954 1829 3008 καὶ
1891 2975 1997 3027 μα-

340 3041 658 3114 στιζομὲνῳ
754 3042 838 3096 καὶ
951 3044 1303 3118 ἀναγκαστῶς
1394 3042 1855 3117 μεταμανθάνοντι
1935 3043 1996 3097 τὸ

2110 1884 2302 1940 delicti
2334 1884 2637 1958 multiplex
2668 1885 2739 1941 ab
2770 1901 2837 1942 eo
2867 1886 3148 1959 exigetur,
3181 1886 3279 1957 qui
3312 1886 3401 1942 vel
3444 1888 3758 1960 provincia

2108 1979 2318 2046 praeest
2346 1973 2430 2031 vel
2463 1990 2667 2046 agrum
2717 1974 2995 2046 possidet.
3031 1976 3244 2042 Quodsi
3277 1974 3402 2046 ipse
3453 1984 3504 2032 et
3559 1977 3751 2032 animo

2108 2079 2140 2117 a
2181 2061 2433 2118 facinore
2485 2062 2847 2119 abhorruerit
2874 2071 2928 2119 et
2972 2079 3185 2120 manus
3234 2062 3602 2130 abstinuerit,
3651 2064 3753 2121 sed

2110 2150 2365 2207 ministri
2396 2151 2521 2222 ejus
2550 2151 2741 2208 scelus
2772 2150 2829 2207 id
2863 2150 3231 2219 admiserint,
3264 2152 3320 2207 id
3352 2153 3466 2225 ipsi
3496 2152 3753 2225 imputa-

2109 2239 2281 2297 bitur.
2344 2240 2489 2299 Nam
2548 2241 2598 2297 si
2657 2240 2972 2299 sceleratus
3022 2241 3294 2299 dominus
3345 2241 3751 2314 ﬂagellabitur,

2108 2330 2342 2389 servitia
2398 2330 2765 2403 resipiscent.
2827 2332 2891 2386 Et
2951 2338 3010 2387 ut
3065 2332 3287 2389 subditi
3343 2333 3403 2388 in
3463 2330 3755 2388 illaudatis

2107 2419 2278 2476 rebus
2338 2418 2655 2491 principem
2715 2418 2918 2475 imitari
2969 2420 3178 2489 solent,
3225 2421 3305 2477 ita
3360 2421 3559 2491 etiam,
3595 2421 3643 2477 si
3704 2420 3752 2478 is

2106 2508 2429 2581 ﬂagelletur
2487 2512 2544 2564 et
2600 2507 2844 2580 publica:
2903 2508 3140 2565 utilitati
3198 2509 3412 2566 servire
3469 2518 3750 2581 cogatur,

2106 2598 2164 2657 hi
2211 2614 2342 2655 eum
2409 2601 2473 2652 ut
2526 2603 2770 2653 matrem
2830 2597 2982 2652 filius
3039 2601 3376 2669 sequentur.
3428 2603 3501 2655 Ut
3558 2605 3752 2655 autem

2108 2702 2285 2759 poenae
2361 2701 2595 2758 quoque
2653 2686 2891 2741 modum
2951 2686 3245 2753 noveritis,
3323 2703 3498 2759 quam
3574 2686 3751 2743 edicti

2108 2776 2218 2831 mei
2251 2778 2613 2846 contemptor
2657 2776 2797 2843 luet,
2830 2774 2888 2829 in
2919 2773 3069 2832 malo
3100 2774 3264 2833 navis
3310 2774 3604 2845 pendebit.
3648 2776 3750 2831 Sin

2106 2883 2239 2923 eum
2294 2866 2506 2921 ﬂuetus
2554 2864 2816 2920 marinus
2869 2864 3212 2933 deturbarit,
3272 2864 3332 2920 in
3383 2862 3498 2920 alto
3557 2864 3751 2922 littore

2105 2956 2374 3026 editaque
2399 2953 2876 3026 speculatissimm
2899 2954 3090 3011 arbori
3118 2970 3244 3027 quas
3267 2954 3329 3011 in
3356 2953 3426 3011 iis
3448 2955 3749 3012 montibus

2104 3046 2245 3102 exedi
2294 3047 2525 3118 poterit,
2555 3044 2865 3116 affigetur;
2922 3048 2988 3100 ut
3016 3043 3113 3114 qui
3154 3043 3348 3100 medio
3380 3043 3525 3100 mari
3586 3045 3749 3100 navi-

335 3134 503 3204 κοινῇ
556 3137 794 3187 συνοῖσον
854 3130 1103 3210 ἐφέψεται
1158 3132 1220 3188 τὸ
1289 3132 1529 3204 ὑπήκοον
1587 3132 1722 3188 κατᾶ
1800 3130 1991 3203 πόδας,

336 3222 362 3240 (Ψ
544 3221 556 3236 ι
745 3223 760 3240 ι
876 3228 899 3238 υ
1007 3224 1055 3240 ηπ
1161 3220 1204 3240 θὶ
1299 3219 1387 3240 ,δι’
1581 3224 1594 3240 \
1691 3224 1704 3240 ς
1876 3222 1887 3240 Ι

2109 3136 2248 3205 gent
2301 3147 2435 3188 eum
2484 3130 2863 3202 conspiciant,
2895 3127 3054 3186 velut
3109 3130 3179 3185 de
3231 3134 3484 3188 antenna
3533 3131 3747 3200 velum,

2109 3239 2128 3240 η
2185 3221 2512 3240 ___.a__.-_.
2855 3219 2908 3240 ξ..
2967 3222 3115 3240 .-__-
3183 3219 3523 3240 _---.-______
3649 3235 3739 3240 ,μ

329 3222 435 3276 ὅσα
467 3221 559 3276 καί
592 3223 761 3296 μητρὶ
800 3228 948 3285 παῖς.
1007 3224 1118 3279 Ἵνα
1157 3220 1213 3277 δὲ
1270 3219 1451 3293 εἰδῆτε
1508 3224 1595 3279 καὶ
1653 3224 1743 3279 τὸν
1792 3222 1993 3299 τρόπον

325 3316 431 3380 τῆς
497 3307 833 3381 ἐκδικήσεως
981 3306 1532 3383 καθυποϐληθήσεται
1601 3314 1629 3368 ὁ
1693 3319 1792 3383 τῆς
1849 3313 1989 3385 ἐμῆς

329 3402 613 3477 παρήκοος
646 3398 872 3471 ἐντολῆς
904 3404 989 3475 [Ρ.
1023 3403 1171 3474 2M],
1216 3399 1305 3457 ἐπὶ
1342 3406 1439 3457 τοῦ
1497 3403 1648 3457 ἱστοῦ
1705 3402 1991 3476 ἀπαιωρη-

329 3490 555 3561 θήσεται
602 3493 703 3556 τῆς
761 3491 915 3553 νεώς·
966 3490 1012 3545 εἰ
1071 3488 1127 3545 δὲ
1173 3495 1362 3546 τοῦτον
1404 3492 1671 3566 παρέσυρε
1725 3487 1991 3568 φλοῖσϐος

331 3577 653 3651 θαλάττιος,
729 3576 812 3657 ἐφ’
898 3578 1117 3654 ὑψηλῆς
1199 3578 1795 3652 ἀνασκολοπισθήσεται
1864 3602 1992 3637 σκο-

2106 3221 2569 3294 prominentem,
2625 3224 2799 3291 atque
2854 3219 2916 3276 in
2967 3222 3125 3275 terra
3183 3219 3566 3291 naufragum,
3646 3235 3746 3276 suo

2101 3310 2367 3384 exemplo
2421 3313 2660 3366 caeteros
2719 3311 3053 3365 monentem
3107 3325 3179 3364 ne
3234 3309 3383 3366 427
3448 3309 3746 3381 naufragia

2102 3400 2376 3458 invadant
2412 3403 2468 3456 et
2517 3415 2688 3455 naves
2732 3398 3005 3470 spoliant,
3054 3399 3547 3469 quemadmodum
3596 3404 3744 3456 Deus

2100 3506 2302 3546 arcum
2333 3505 2503 3545 suum
2536 3488 2598 3544 in
2629 3487 2887 3543 nubibus
2915 3487 3243 3559 suspendit,
3278 3486 3375 3559 qui
3405 3493 3745 3560 argumento

2103 3583 2255 3638 esset
2285 3594 2400 3634 non
2436 3577 2553 3633 fore
2581 3574 2833 3647 amplius
2863 3574 3166 3631 diluvium.
3204 3596 3231 3624 »

331 3674 489 3737 πιᾶς,
525 3669 785 3746 μεγίστης
817 3669 965 3730 τινὸς
992 3669 1084 3724 καὶ
1119 3669 1389 3732 ἰθυτενοῦς
1414 3667 1477 3724 ἐκ
1502 3674 1611 3726 τῶν
1645 3669 1814 3725 ἐκεῖσέ
1870 3691 1975 3726 που
2037 3670 2205 3745 ὀρέων
2265 3664 2683 3737 ἀποτμηθείσης
2715 3659 2900 3733 δοκοῦ,
2947 3660 3023 3716 ’ἶν’
3056 3661 3198 3716 οὕτω
3231 3662 3320 3716 καὶ
3350 3666 3466 3724 τοῖς
3497 3662 3634 3717 κατᾶ
3679 3664 3747 3718 τὰ

340 3758 527 3833 ἀχανῆ
566 3757 1020 3832 ναυτιλλομένοις
1050 3757 1266 3836 πελάγη
1300 3760 1595 3833 περίοπτος
1623 3757 1800 3815 ἔσοιτο
1833 3760 1907 3822 ὡς
1938 3759 2134 3836 λαῖφος
2168 3756 2220 3812 ἐν
2249 3752 2447 3828 περαίᾳ
2471 3751 2906 3830 προφαινόμενος
2935 3751 3026 3806 καὶ
3080 3750 3311 3826 ναυαγὸς
3343 3748 3396 3805 ἐν
3428 3754 3500 3825 γῇ
3535 3749 3743 3806 δεικνύ-

341 3867 512 3918 μενος
541 3848 634 3903 καὶ
667 3847 745 3911 εἰς
779 3844 1065 3923 σύμϐολον
1094 3844 1658 3923 παραλαμϐανόμενος
1692 3852 1789 3905 τοῦ
1823 3851 1898 3923 μὴ
1932 3843 2206 3925 προϐῆναι
2263 3843 2353 3899 καὶ
2408 3840 2567 3897 εἷσέτι
2599 3842 2819 3915 Θραῦσιν
2868 3844 3010 3910 νηῶν
3043 3839 3133 3895 καὶ
3170 3844 3277 3895 τῶν
3307 3838 3530 3897 ἐνόντων
3560 3843 3748 3905 αὐταῖς

339 3939 734 4012 προνόμευσιν,
766 3936 903 3995 καθὰ
925 3938 1013 3994 καὶ
1047 3937 1178 3998 Θεὸς
1206 3936 1259 3992 ἐν
1290 3936 1407 4010 ἀέρι
1438 3939 1499 3993 τὸ
1532 3938 1723 3994 ἑαυτοῦ
1749 3939 1906 4009 τόξον
1962 3936 2212 3995 ἐνέτεινεν
2272 3932 2351 3993 εἷς
2407 3934 2635 4004 σημεῖον
2666 3933 2763 3984 τοῦ
2808 3927 3002 4002 μηκέτι
3034 3926 3241 3984 ἔσεσθαι
3275 3926 3422 4006 ὕδωρ
3456 3928 3532 3994 εἷς
3563 3951 3756 3987 κατακ-

340 4022 586 4098 λυσμόν,
619 4049 648 4078 n

415 4116 475 4172 ε’.
532 4114 639 4174 Καὶ
697 4116 725 4170 ὁ
786 4116 880 4190 μὶν
911 4135 1149 4194 φαμενος
1186 4119 1357 4172 ταῦτα
1425 4116 1561 4191 πρὸς
1621 4118 1826 4192 ἕτεροις
1879 4117 1997 4191 εἶχε

335 4205 438 4260 τὸν
469 4209 612 4275 νοῦν,
668 4205 759 4260 τὸν
815 4202 950 4281 ἄγαν
999 4204 1418 4284 χαρακτηρίζων
1448 4206 1844 4278 παθαινόμενον
1905 4204 1996 4260 καὶ

336 4292 572 4363 εἶκάζωι
604 4295 696 4348 τὸν
731 4293 860 4368 μηδ’
892 4292 1039 4355 ὅλως
1097 4290 1531 4371 παραδεξόμενον
1587 4298 1693 4349 τῶν
1726 4293 1994 4365 δοξάντων

339 4382 709 4456 μεταποίησιν
769 4384 805 4451 ἢ
868 4381 1043 4461 ῥοπὴν
1074 4381 1462 4462 φιλάνθρωπον
1519 4381 1601 4459 ἐφ’
1641 4384 1727 4446 οἷς
1785 4384 2000 4460 ἀπεφή-

334 4490 497 4528 νατο·
543 4473 598 4527 οἳ
629 4468 676 4525 δ’
708 4471 1004 4543 ἀκηκοότες
1042 4470 1481 4536 ἀπολιθωθὲντες
1545 4475 1614 4544 τῷ
1655 4469 1761 4528 δέει
1802 4476 2000 4548 μικροῦ

338 4561 531 4635 (πείρᾳ
560 4560 663 4634 γὰρ
693 4558 890 4634 ᾔδεσαν
931 4560 1005 4623 ὡς
1056 4561 1158 4616 οὐκ
1214 4556 1331 4615 οἶδε
1368 4560 1578 4629 παίζειν
1629 4557 2000 4634 Ἀνδρόνικος,

341 4646 464 4704 οὐδ’
493 4647 643 4705 ἄλλα
676 4649 769 4723 μὶν
808 4652 865 4704 ’ἐν
891 4654 1008 4713 τοῖς
1048 4648 1321 4711 τοιούτοις
1351 4648 1693 4727 φθέγγεσθαι,
1726 4648 1870 4705 ἄλλα
1944 4648 2002 4705 δὲ

340 4736 555 4803 κεύθειν
584 4735 637 4792 ἐν
668 4743 791 4800 ταῖς
834 4737 1068 4816 φρεσὶν),
1101 4738 1202 4812 ὀψὲ
1250 4738 1343 4792 καὶ
1403 4739 1565 4811 μόλις
1614 4737 1667 4792 ἒν
1733 4742 1814 4810 τῷ
1871 4750 2000 4803 καθ-

344 4830 542 4882 εστῶτι
600 4827 908 4903 γενόμενοι,
968 4825 1264 4890 ἱπιστολὰς
1322 4825 1624 4904 γράψαντες
1684 4825 1772 4883 διὰ
1825 4850 2002 4907 ταχυ-

343 4911 571 4990 δρόμων
636 4914 938 4991 ἐξέπεμψαν
996 4922 1116 4975 τοῖς
1183 4920 1289 4972 τῶν
1366 4918 1632 4995 σφετέρων
1694 4916 2004 4981 ἐπιστάταις

343 5005 646 5080 κτημάτων
699 5006 789 5061 καὶ
852 5010 972 5071 τοῖς
1024 5005 1137 5061 ἀντ’
1195 5005 1368 5062 αὐτῶν
1428 5005 1671 5061 διέπουσι
1729 5004 2001 5081 δημοσίας

345 5094 548 5168 ἀρχὰς,
582 5094 768 5152 πολλὰ
798 5093 1014 5157 τούτοις
1045 5092 1471 5167 ἐπισκήπτοντες
1508 5096 1595 5151 καὶ
1656 5095 2000 5169 παράκλησιν

349 5186 524 5241 πᾶσαν
580 5183 870 5261 ἐπάγοντες
928 5190 1226 5259 προσσχεῖν
1294 5204 1352 5239 τε
1408 5186 1494 5240 καὶ
1567 5185 2002 5261 ἐπαγρυπνήσειν

356 5273 557 5344 μήπως
615 5270 862 5349 ναυαγίῳ
918 5271 1219 5347 ἐγκύρσασα
1268 5276 1396 5334 ναῦς
1451 5271 1648 5329 ἐσεῖταί
1693 5294 1746 5328 τι
1803 5293 2006 5330 πεπον-

352 5366 476 5423 θυῖα
506 5360 706 5432 δεινὸν,
739 5363 784 5418 εἷ
845 5358 904 5417 δὲ
969 5358 1214 5429 δυνατὸν,
1245 5360 1336 5415 καὶ
1393 5366 1509 5423 τοῖς
1568 5360 1791 5435 ἀνέμοις
1821 5362 2005 5426 αὐτοῖς

352 5445 611 5525 ἐπιτιμᾷν
638 5451 674 5521 ἢ
721 5449 859 5506 κατὰ
894 5452 996 5519 τήν
1059 5449 1265 5508 Αἰόλου
1325 5449 1661 5526 μυθολογίαν
1695 5451 1881 5514 ἀσκοῖς
1940 5452 2005 5507 τὰ

353 5539 628 5614 πνεύματα
695 5533 1127 5614 συλλαμϐάνειν,
1173 5539 1260 5594 ἳνα
1349 5538 1426 5610 μὴ
1494 5536 1805 5615 καταιγίδας
1860 5539 2003 5615 ἐγεί-

350 5644 488 5702 ρωσι
572 5631 664 5687 καὶ
757 5630 858 5698 τὴν
968 5622 1154 5702 ἅλμην
1238 5623 1691 5702 διαταράσσωσιν.
1780 5626 2006 5702 Ἀμέλει

2177 4117 2228 4171 5.
2262 4113 2401 4179 Ome
2429 4126 2565 4169 cum
2609 4109 2853 4167 dixisset
2907 4125 3179 4183 magnum
3231 4109 3489 4167 dolorem
3532 4127 3646 4183 prie
3691 4126 3754 4168 se

2108 4205 2336 4270 ferens,
2395 4216 2643 4271 eumque
2708 4198 3040 4271 exprimens
3096 4199 3196 4270 qui
3264 4216 3370 4256 nec
3437 4201 3751 4258 consilium

2107 4297 2439 4351 mutaturus
2489 4306 2593 4346 nec
2622 4290 2691 4346 de
2742 4288 3036 4345 sententiae
3075 4290 3381 4347 severitate
3431 4292 3749 4365 quidquam

2110 4382 2466 4440 remissurus
2495 4382 2671 4448 esset,
2705 4376 2832 4434 aliis
2864 4376 3037 4433 rebus
3102 4377 3367 4433 intentus
3391 4377 3517 4434 fuit.
3570 4377 3753 4434 Audi-

2108 4476 2265 4529 tores
2345 4485 2518 4537 vero,
2595 4466 2955 4540 experientia
3024 4466 3214 4523 edocti
3287 4466 3510 4524 nescire
3568 4469 3754 4539 jocari

2111 4558 2530 4626 Andronicum,
2564 4573 2681 4625 nec
2713 4555 2824 4611 alia
2855 4553 3036 4627 loqui,
3068 4554 3182 4612 alia
3210 4555 3421 4611 sentire
3466 4555 3529 4612 in
3579 4559 3754 4613 rebus

2109 4646 2469 4718 hujusmodi,
2546 4649 2703 4702 metu
2784 4643 3194 4715 trepidabant;
3252 4650 3307 4698 et
3370 4642 3465 4699 vix
3522 4644 3756 4701 tandem

2110 4736 2320 4792 animis
2360 4733 2629 4805 receptis,
2674 4749 2775 4803 per
2812 4731 3142 4790 veredarios
3171 4738 3572 4803 procuratores
3618 4748 3757 4789 suos

2109 4829 2166 4882 et
2210 4824 2271 4880 in
2323 4822 2761 4895 magistratibus
2808 4837 2978 4876 suam
3031 4820 3218 4877 vicem
3264 4822 3545 4878 obeuntes
3593 4837 3756 4878 seve-

2110 4914 2335 4970 rissime
2392 4916 2737 4968 monuerunt
2785 4924 2851 4966 ac
2880 4910 3149 4966 obtestati
3205 4914 3361 4981 sunt,
3393 4915 3458 4967 ut
3504 4911 3756 4985 vigilan-

2109 5001 2335 5061 tissime
2364 5004 2608 5057 caveant
2629 5015 2700 5056 ne
2730 5002 3076 5070 tempestate
3106 4998 3282 5056 fracta
3314 5000 3474 5056 navis
3496 5000 3754 5071 laedatur,

2110 5094 2207 5150 sed
2240 5090 2451 5165 potius,
2485 5089 2532 5147 si
2581 5088 2704 5145 fieri
2744 5089 2945 5158 possit,
2998 5089 3158 5161 ipsos
3189 5089 3363 5147 etiam
3412 5099 3613 5149 ventos
3665 5091 3759 5145 in-

2111 5188 2346 5253 erepenl
2404 5187 2540 5246 aut,
2599 5182 2663 5234 ut
2718 5178 2789 5233 de
2844 5178 3003 5235 £910
3071 5177 3449 5247 fabulantur,
3529 5180 3757 5236 utribus

2111 5270 2434 5337 includant,
2487 5283 2558 5325 ne
2605 5266 2943 5324 turbinibus
2990 5284 3148 5325 mare
3196 5270 3506 5340 exagitent.
3559 5269 3644 5325 Ab
3691 5284 3758 5326 eo

2115 5371 2370 5435 tempore
2425 5359 2590 5417 nulla
2621 5357 2785 5416 navis
2810 5358 3023 5429 jactata
3069 5359 3338 5416 ﬂuctibus
3369 5359 3552 5415 ullam
3585 5358 3758 5416 sarci-

2111 5467 2321 5509 narum
2380 5449 2661 5516 iacturam
2738 5448 2914 5516 fecit,
2971 5453 3071 5506 aut
3128 5455 3288 5520 parte
3360 5448 3756 5505 tabulatorum

2113 5537 2359 5612 spoliata
2388 5544 2496 5605 est,
2542 5544 2637 5594 aut
2669 5535 2885 5593 malum
2917 5553 3263 5595 ancoramve
3303 5545 3402 5594 aut
3454 5537 3757 5593 minimum

2115 5623 2467 5701 funiculum,
2518 5626 2736 5684 nedum
2778 5625 2898 5685 ulla
2945 5629 3308 5685 armamenta
3364 5624 3583 5684 amisit.
3635 5625 3754 5680 Imo
