4126 6294
363 333 479 394 687
1700 325 2021 388 NICET/E
2065 323 2485 386 CHONIA’I‘M
3649 327 3772 390 688

353 467 471 523 sive
499 465 684 524 ventis
707 465 766 522 in
797 469 1004 521 terram
1031 469 1301 536 ageretur
1332 461 1452 520 sive
1483 459 1739 532 seopulis
1761 457 2006 517 occultis

2119 477 2205 514 τοι
2237 454 2298 512 ἐκ
2325 451 2489 510 τοῦδε
2518 453 2623 510 οὑκ
2659 455 2727 524 ἧν
2781 455 2910 529 ὁρᾷν
2975 452 3174 510 πλοῖον
3225 453 3258 510 δ’
3285 457 3575 531 περιπεσὸν
3631 457 3776 516 κλύ-

359 554 527 610 altisa
581 556 970 625 frangeretur,
1033 567 1149 608 non
1209 551 1378 607 aliter
1425 548 1576 607 428
1627 549 2002 621 spectabatur

2118 545 2246 602 δωνι
2273 546 2420 622 παρά
2447 565 2545 600 του
2575 548 2683 600 τῶν
2713 543 2960 600 ἁπάντων
2989 542 3271 620 διηρπάγη
3325 567 3376 601 τι
3437 551 3536 603 τοῦ
3567 546 3775 626 φόρτου

357 659 534 715 quam
579 642 784 716 cymba
831 641 1160 708 Charontis,
1219 657 1332 712 qua
1370 655 1439 697 ex
1477 639 1740 696 faucibus
1789 637 2001 694 inferni

2118 640 2148 709 ἢ
2195 634 2355 712 μέρος
2397 639 2506 692 τῶν
2563 639 3040 710 καταστρωμάτων
3087 633 3342 711 ἀφῂρητο
3399 636 3436 706 ἢ
3488 637 3776 714 καθῄρητο

357 731 566 787 animai
606 730 989 798 veherentur;
1021 737 1120 786 aut
1153 735 1216 785 ut
1245 746 1423 786 sacris
1475 745 1648 784 naves
1699 745 1732 783 a
1787 727 2003 800 populo

2118 727 2205 782 τὸν
2230 725 2444 796 ἰστὸν-ἣ
2478 724 2710 802 ἄγκυραν
2755 719 3061 781 ἀπεϐάλετο
3118 724 3155 794 ἢ
3209 731 3318 782 τῶν
3381 725 3570 784 ὅπλων
3624 732 3776 792 τινὸς

357 830 410 877 et
442 821 880 894 magistratibus
928 819 1214 877 submisse
1253 820 1616 888 curabuntur,
1666 835 1739 874 ne
1769 818 1910 890 quid
1943 817 2001 872 in

2118 815 2376 890 ἐστέρητο
2411 816 2580 894 μέχρι
2605 815 2696 870 καὶ
2733 816 3002 890 μηρίνθου
3033 813 3264 887 λεπτῆς,
3295 814 3443 872 ἀλλὰ
3498 820 3772 893 πνεύμασι

358 919 508 968 terra
536 910 869 966 amitterent
901 911 1058 981 quod
1094 926 1250 967 mare
1284 926 1397 966 non
1429 907 1789 965 abstulisset.

2118 909 2187 979 τῇ
2239 904 2426 980 χέρσῳ
2483 906 2821 978 ἐκπτυόμενα
2878 902 2914 974 ἤ
2973 906 3226 980 χοιράσιν
3283 906 3620 982 ἀρασσόμεναι
3675 909 3777 966 πέ-

360 1018 513 1074 τραις
571 997 608 1067 ἥ
664 993 969 1072 προϐόλοις
1017 997 1519 1073 καταρῥηγνύμενα,
1574 996 1703 1050 ὡσεὶ
1759 995 1848 1050 καὶ
1915 993 2216 1070 Χαρωνικά
2279 996 2587 1071 ψυχαγωγᾶ
2633 994 2827 1051 ἀκάτια
2882 994 2942 1049 ἐκ
2993 995 3225 1069 στομίου
3281 990 3415 1066 ᾅδου
3467 997 3777 1076 ἀναγόμενα

368 1083 746 1143 ὑπεϐλέποντο
778 1087 1292 1162 ἀντιπαρερχὸμενα
1323 1088 1357 1156 ἣ
1393 1087 1468 1148 ὡς
1498 1082 1750 1161 θεωρίδες
1781 1091 1907 1154 νῆες
1949 1084 2464 1162 ἀμφιπεριείποντο,
2495 1084 2586 1139 καὶ
2621 1086 2737 1158 μεθ’
2779 1083 3091 1154 ὑποστολῆς
3121 1085 3275 1160 εἶχον
3323 1084 3778 1166 ἀμφιπνούμενον

371 1179 538 1240 αύτὰς
567 1177 661 1232 τὸν
693 1173 867 1232 πολὺν
897 1177 989 1232 καὶ
1021 1172 1212 1246 λαώδη
1241 1173 1442 1250 ὅμιλον
1501 1173 1590 1230 καὶ
1641 1175 1704 1230 τὸ
1755 1173 1998 1249 χειρίζον
2055 1173 2151 1235 τὰς
2208 1172 2406 1248 ἀρχὰς,
2471 1175 2548 1246 μή
2605 1171 2712 1228 πού
2779 1193 2830 1228 τι
2861 1174 2996 1229 κατὰ
3027 1173 3224 1250 χέρσον
3257 1173 3601 1232 ἀπολέσωσιν
3631 1177 3662 1232 ὅ
3697 1179 3776 1252 μὴ

365 1263 584 1322 κλύδων
616 1265 929 1345 ἠφάντωσεν
959 1262 1137 1326 ἅλιος.
1169 1265 1273 1322 Καὶ
1304 1266 1369 1335 ἦν
1400 1264 1644 1340 ἀτεχνῶς
1671 1262 1888 1338 γαλήνη
1917 1259 2223 1337 διαγελῶσαι
2254 1261 2312 1316 ἐκ
2342 1261 2514 1332 ζάλης
2535 1261 2625 1317 καὶ
2659 1259 2834 1331 δεξιᾶς
2867 1259 3038 1326 ὄντως
3071 1265 3348 1340 θειοτέρας
3375 1264 3683 1332 ἀλλοίωσις
3710 1269 3778 1323 τὸ

369 1357 668 1431 ὁρώμενον.

429 1449 512 1504 Ita
564 1465 633 1504 ex
685 1453 1020 1520 tempestate
1077 1446 1267 1503 subita
1315 1444 1703 1516 tranquillitas
1760 1441 2001 1514 exstitit,

360 1543 517 1594 utea
559 1536 802 1594 mutatio
851 1536 1126 1592 divinitus
1175 1537 1438 1591 instituta
1482 1533 1787 1590 videretur.
1839 1532 2002 1588 Idem

362 1627 687 1683 maximum
745 1627 1148 1698 aquaeductum
1211 1625 1698 1689 subterraneum,
1779 1621 1877 1694 qui
1943 1622 2004 1676 in

363 1716 554 1774 medio
609 1716 730 1772 foro
797 1732 912 1771 non
971 1719 1332 1786 stagnantem
1392 1717 1451 1768 et
1520 1712 1842 1768 morbidum
1903 1711 2002 1766 sed

357 1807 658 1863 fontauam
691 1809 746 1860 et
776 1803 1086 1876 potabitem
1120 1820 1324 1876 aquam
1358 1803 1710 1869 effunderet,
1748 1799 2006 1856 maximis

2119 1798 2224 1873 γάρ
2253 1799 2502 1872 ποταμὸν
2533 1795 2801 1874 Ὑδράλην
2837 1799 3175 1876 ἑπωχέτευσε
3231 1802 3309 1874 τῷ
3338 1801 3542 1858 αὑλῶνι
3587 1803 3772 1878 τούτῳ
3803 1849 3806 1852 .

359 1894 692 1966 sumptibus
741 1895 1056 1959 renovavit,
1110 1892 1359 1965 Hydraie
1408 1891 1579 1948 ﬂuvio
1611 1892 1668 1946 in
1717 1906 1850 1946 eum
1900 1889 2010 1944 de-

361 1984 579 2040 rivato:
639 1983 712 2039 ad
771 1985 934 2053 cujus
995 1981 1209 2053 primos
1243 1982 1429 2036 fontes
1464 1979 1667 2034 turrim
1726 1978 2012 2034 exstruxit

367 2079 424 2128 et
479 2073 633 2128 aedes
691 2073 763 2127 ad
825 2071 1200 2127 mstivandum
1265 2070 1524 2124 idoneas.
1587 2073 1662 2123 Ex
1727 2083 1794 2123 eo
1856 2067 2012 2123 fonte

361 2163 554 2218 adhuc
609 2168 920 2234 aquantur,
972 2160 1075 2232 qui
1123 2160 1192 2214 ad
1258 2158 1608 2214 Blachernas
1656 2160 1712 2213 et
1769 2155 2013 2212 interius

363 2252 537 2307 etiam
591 2249 652 2306 in
721 2249 861 2305 urbe
919 2247 1205 2304 habitant.
1263 2252 1409 2304 Nam
1491 2247 1549 2302 id
1609 2262 1754 2317 Opus
1832 2249 2014 2302 morte

368 2339 499 2410 ejus
548 2339 940 2409 interruptum
1001 2344 1112 2403 est,
1163 2335 1476 2408 quominus
1526 2351 1680 2406 aqua
1723 2333 1782 2389 in
1828 2333 2014 2390 medio

370 2439 598 2499 quoque
643 2427 763 2483 foro
819 2425 1316 2482 exsiliret.Secuti
1377 2430 1574 2480 autem
1633 2427 2012 2494 imperatores

365 2515 424 2570 in
449 2515 604 2570 hunc
627 2531 816 2586 usque
834 2514 987 2570 diem
1007 2513 1066 2568 id
1083 2529 1227 2585 opus
1248 2513 1326 2567 ita
1342 2519 1638 2578 curarunt,
1659 2516 1721 2566 ut
1738 2511 2011 2579 Isaacius,

365 2606 465 2676 qui
526 2606 855 2662 Andronico
904 2621 1021 2660 una
1069 2621 1202 2659 cum
1263 2604 1508 2676 imperio
1559 2602 1731 2658 vitam
1783 2601 2012 2674 eripuit,

361 2699 420 2752 et
448 2695 651 2752 turrim
683 2703 734 2750 et
765 2695 918 2750 aedes
946 2691 1374 2749 amtenissimas
1407 2691 1668 2760 diruerit,
1701 2707 1770 2746 ex
1801 2690 2017 2746 invidia

361 2786 640 2841 nimirum
677 2785 1054 2857 pulcherrimi
1083 2783 1257 2840 istius
1291 2783 1584 2840 facinoris.

2186 1440 2357 1503 Οὗτος
2389 1440 2680 1498 ἂνεκαίνισε
2732 1440 3009 1520 μεγίσταις
3060 1439 3322 1508 δαπάναις
3371 1445 3462 1500 καὶ
3519 1446 3609 1502 τὸν
3669 1467 3781 1503 πα-

2115 1528 2272 1586 λαιὰν
2307 1531 2560 1606 ὑπόγειον
2591 1532 2827 1608 ἀγωγὸν,
2870 1531 2932 1595 ὃς
2989 1533 3113 1606 περὶ
3174 1533 3341 1607 μέσην
3399 1531 3592 1608 ἔξεισιν
3648 1537 3778 1612 ἁγο-

2119 1619 2210 1694 ρᾶν
2245 1619 2467 1689 ὑετίζων
2499 1625 2736 1686 κάτωθεν
2771 1619 2918 1696 ὕδωρ
2973 1621 3080 1696 οὐχ
3133 1621 3302 1686 ἑστὼς
3358 1624 3448 1678 καὶ
3513 1624 3772 1696 νοσῶδες,

2116 1707 2263 1764 ἀλλὰ
2321 1715 2629 1786 πηγιμαῖον
2687 1709 2777 1765 καὶ
2833 1711 3070 1786 πότιμον
3115 1711 3192 1774 ὡς
3243 1711 3617 1787 πλανώμενον·
3677 1717 3774 1772 τὸν

2122 1891 2218 1943 τοῦ
2273 1885 2490 1957 ὕδατος,
2549 1889 2640 1944 καὶ
2699 1891 2820 1965 περὶ
2881 1891 2976 1950 τὰς
3033 1891 3254 1966 πρώτας
3335 1891 3529 1948 τούτου
3585 1894 3774 1970 πηγάς

2121 1973 2324 2052 πύργον
2383 1998 2442 2034 τε
2500 1975 2886 2052 ἀνῳκοδόμησε
2932 1981 3019 2036 καὶ
3083 1980 3360 2054 οἰκήματα
3390 1981 3585 2058 ἤγειρε
3635 1985 3780 2060 πρὸς

2123 2067 2339 2142 θερινὴν
2419 2065 2690 2138 διαίτησιν
2757 2067 3060 2140 ἐπιτήδεια.
3122 2073 3226 2126 Καὶ
3303 2075 3394 2126 νῦν
3459 2071 3519 2128 ἐκ
3578 2073 3780 2129 τούτου

2123 2152 2434 2230 ὑδρεύονται
2467 2155 2658 2212 ὀπόσοι
2690 2158 2812 2231 περὶ
2870 2159 2966 2221 τάς
3021 2157 3334 2236 Βλαχέρνας
3377 2159 3468 2216 καὶ
3529 2159 3608 2217 ἔτι
3695 2161 3778 2217 ἐν·

2124 2241 2330 2319 δοτέρω
2358 2251 2460 2314 τῆς
2495 2245 2709 2309 πόλεως
2765 2249 2865 2317 τήν
2927 2246 3142 2318 οἷ’κησιν
3201 2243 3432 2324 ἔλαχον.
3481 2249 3623 2308 ΟὑΞέ
3681 2251 3788 2326 γὰρ

2124 2332 2262 2388 ἅπαν
2287 2333 2350 2388 τὸ
2383 2331 2673 2410 ὑδροχεῖον
2715 2333 3095 2407 ἐπεσκεύαστο,
3142 2338 3230 2392 ἳνα
3286 2338 3376 2392 καὶ
3433 2340 3570 2394 κατὰ
3610 2340 3782 2412 μέσην

2121 2423 2222 2492 τὴν
2251 2421 2452 2497 ἀγορὰν
2515 2421 2771 2480 ἐκδίδωσι
2835 2424 2898 2480 τὸ
2957 2422 3100 2499 ὕδωρ
3163 2423 3676 2498 διαυλωνιζόμενοΨ
3747 2428 3780 2482 ό

2123 2513 2226 2588 γὰρ
2262 2511 2418 2585 μίτος
2446 2510 2648 2568 ἐκεῖνον
2705 2511 3026 2570 ἐπιλέλοιπε
3091 2522 3188 2585 τῆς
3250 2521 3414 2586 ζωῆς.
3483 2519 3565 2590 [Ρ.
3625 2518 3776 2590 212].

2124 2603 2396 2658 Τοσοῦτον
2468 2599 2514 2656 δ’
2580 2601 2820 2675 ἐμέλησε
2873 2609 2988 2666 τοῖς
3071 2607 3186 2678 μετ’
3272 2606 3470 2660 ἐκεῖνον
3536 2603 3778 2680 ἄρξασιν,

2125 2688 2242 2745 ὅσοι
2273 2688 2407 2752 τέως
2465 2691 2518 2752 ἐς
2579 2688 2738 2768 δεῦρο
2798 2692 3108 2762 ἀνάσσουσι,
3164 2694 3332 2769 πέρας
3383 2695 3644 2751 ἐπιθεῖναι
3699 2693 3778 2769 τῷ

2123 2785 2453 2854 κοινωφελεῖ
2479 2780 2658 2854 τούτῳ
2691 2779 2856 2856 ἔργῳ,
2889 2779 3027 2837 ὥστε
3055 2782 3144 2838 καὶ
3195 2783 3222 2837 ὁ
3277 2787 3472 2840 τοῦτον
3507 2787 3774 2858 μεταστή-

374 2895 470 2936 σας
498 2879 597 2942 τῆς
621 2875 803 2952 ἀρχῆς
834 2871 948 2946 ἅμα
978 2872 1066 2928 καὶ
1098 2878 1200 2941 τῆς
1235 2876 1380 2941 ζωῆς
1401 2869 1672 2933 ’ίσαάκιος
1702 2872 1794 2926 τόν
1822 2891 1880 2924 τε
1909 2869 2116 2944 πύργον
2143 2871 2440 2944 κατήρειψε
2468 2870 2585 2944 [καὶ
2639 2870 2734 2934 τὰς
2796 2872 3152 2947 χαριεστάτοις
3213 2871 3454 2943 οέκήσεις
3485 2869 3771 2947 κατέϐαλε⁹

371 2966 583 3042 φθονῶν
616 2960 801 3037 ὥσπερ
831 2959 1168 3036 Ἀνδρονίκῳ
1204 2967 1306 3031 τῆς
1337 2958 1641 3031 καλλίστης
1670 2959 1894 3026 ταυτησὶ
1930 2959 2196 3034 πράξεως·

429 3054 585 3110 429
671 3055 738 3108 In
815 3055 1093 3123 praetoriis
1163 3051 1601 3122 magistratibus
1675 3051 2009 3106 reﬁciendis
2049 3050 2092 3116 C

356 3141 509 3196 viros
533 3145 868 3212 praestantes
890 3149 940 3196 et
957 3139 1234 3200 senatorii
1254 3139 1476 3195 ordinis
1499 3141 1753 3210 optimos
1778 3137 2014 3210 delegit,

357 3234 416 3285 et
473 3228 848 3300 amplissimis
921 3228 1265 3284 muneribus
1319 3227 1568 3283 donatos
1601 3226 1908 3299 ablegavit,
1957 3233 2016 3282 ut

365 3317 662 3374 beneflciis
716 3316 892 3373 tantis
937 3317 1122 3374 ornati
1157 3317 1350 3372 minus
1401 3331 1602 3388 graves
1630 3319 1827 3371 essent
1873 3313 2014 3371 civi-

366 3406 590 3462 tatibus
619 3409 673 3462 et
699 3405 1077 3463 defendendis
1118 3421 1186 3462 ac
1235 3403 1602 3462 sublevandis
1660 3403 2012 3476 pauperibus

369 3511 596 3566 semper
625 3495 854 3550 intenti.
889 3495 1016 3562 Qui,
1050 3509 1183 3550 cum
1235 3492 1463 3550 abunde
1494 3497 1826 3565 suppeteret
1863 3492 2012 3548 unde

367 3587 621 3642 viverent
669 3588 825 3660 (nam
875 3586 1284 3658 quadragenas
1335 3589 1392 3640 et
1435 3592 1742 3656 octogeuas
1792 3582 2010 3652 argenti

367 3679 554 3734 minas
611 3694 808 3734 secum
882 3678 1285 3746 auferebant),
1357 3680 1635 3746 tanquam
1709 3674 2010 3746 sacrilegio

354 3771 530 3825 etiam
561 3769 634 3824 iis
680 3769 1053 3825 abstinebant
1103 3784 1226 3840 quae
1278 3784 1312 3824 a
1357 3765 1808 3839 provincialibus
1859 3765 2011 3823 ultro

355 3858 779 3924 oti‘ercbantur,
841 3859 988 3928 quod
1039 3865 1136 3913 aut
1176 3873 1207 3912 e
1265 3872 1441 3912 manu
1500 3859 1756 3926 potentis
1829 3853 2009 3925 erepti

357 3955 456 4004 aut
505 3946 632 4002 aliis
683 3947 981 4004 beneficiis
1039 3945 1230 4002 allecti
1261 3949 1486 4001 essent.
1540 3943 1702 4000 Unde
1751 3943 2010 4000 civitates

356 4036 558 4107 exiguo
609 4041 867 4107 tempore
916 4039 1254 4102 creverunt,
1309 4042 1457 4090 terra
1503 4033 1836 4106 centuplum
1893 4033 2008 4088 fru-

363 4130 518 4180 ctum
551 4125 701 4194 tulit,
733 4141 962 4180 annona
993 4141 1166 4196 parvo
1215 4123 1412 4179 veniit.
1451 4120 1636 4178 Facile
1669 4137 1896 4192 quoque
1945 4139 2008 4178 se

360 4213 431 4268 ab
461 4212 530 4267 iis
569 4213 716 4268 adiri
746 4229 954 4284 passus
983 4220 1068 4269 est
1100 4211 1464 4268 Andronicus
1495 4211 1596 4281 qui
1630 4211 1700 4266 de
1730 4209 2007 4266 violentia

357 4303 660 4371 potentum
705 4302 1118 4371 querebantur,
1171 4299 1332 4355 nulla
1377 4313 1759 4370 personarum
1812 4297 2008 4353 habita

2195 3048 2496 3104 Ἀναποιῶν
2529 3046 2586 3103 δέ
2637 3049 2727 3103 καὶ
2782 3048 2875 3112 τὰς
2931 3051 3266 3124 πραιτωρίας
3323 3051 3518 3128 ἀρχὰς,
3580 3051 3778 3128 ἄνδρας

2121 3136 2395 3210 λογίμους
2426 3137 2516 3191 καὶ
2545 3141 2654 3192 τῶν
2686 3137 2791 3192 ἀπὸ
2820 3141 2918 3208 τῆς
2952 3138 3162 3214 βουλῆς
3190 3139 3444 3210 ἀρίστους
3479 3142 3664 3198 αὐταῖς
3701 3142 3770 3211 ἦν

2121 3225 2376 3304 sete-16w.
2420 3225 2598 3281 Ἀλλᾶ
2627 3227 2715 3280 καὶ
2773 3225 3093 3303 ἂδροτάτοις
3153 3228 3388 3305 ἐπαίρων
3444 3227 3768 3304 φιλοδωρή-

2122 3331 2274 3386 μασι,
2306 3315 2712 3390 τεθραμμένους
2745 3313 2889 3372 εἷεποι
2921 3315 2984 3371 ἂν
3040 3339 3124 3380 τις
3183 3323 3304 3381 ταῖς
3360 3317 3627 3382 εὑποιίαις
3686 3317 3768 3392 ἐξ·

2121 3401 2348 3475 ἔπεμπε,
2447 3405 2910 3480 προμηθούμενοι*
2970 3405 3205 3463 ἐντεῦθεν
3267 3411 3364 3464 τοῦ
3447 3408 3770 3483 ἀνεπαχθῶς

2119 3499 2236 3554 ταῖς
2291 3491 2485 3548 πόλεσι
2546 3493 2874 3550 στέλλεσθαι
2931 3495 3023 3551 καὶ
3103 3500 3200 3552 τοῦ
3281 3503 3415 3576 σφᾶς
3493 3496 3773 3570 ἐπιμόνως

2119 3583 2477 3657 προσανέχειν
2519 3587 2597 3654 τῷ
2630 3582 2772 3656 ἐλέῳ
2829 3585 2921 3640 καὶ
2987 3588 3054 3659 τῇ
3097 3585 3266 3660 κρίσει
3321 3590 3430 3641 τῶν
3483 3592 3773 3647 ταπεινῶν.

2121 3670 2189 3726 Οἱ
2223 3667 2280 3724 δὲ
2313 3667 2555 3745 διαρκῶς
2592 3675 2700 3726 τῶν
2734 3670 3061 3744 ἐπιτηδείων
3098 3670 3320 3749 ἔχοντες
3355 3675 3478 3750 (ἀνὰ
3515 3677 3774 3751 τεσσαρά-

2115 3781 2280 3816 κοντα
2307 3761 2410 3838 γὰρ
2441 3761 2530 3816 καὶ
2564 3761 2664 3817 ἀνά
2715 3760 3042 3836 ὀγδοόκοντα
3099 3765 3449 3840 νομίσματος
3504 3767 3774 3843 ἀργυρέου

2121 3855 2258 3923 μνᾶς
2286 3846 2638 3929 ἀπεφέροντο)
2669 3849 2852 3927 ὥσπερ
2911 3853 3071 3928 *ιερῶν
3127 3857 3436 3930 χρημάτων
3494 3853 3772 3932 ἐφείδοντο

2117 3937 2152 3994 ἐί
2180 3937 2324 4014 παρά
2354 3961 2517 3994 τινων
2571 3940 2661 3995 καὶ
2715 3940 3048 4016 αὐθαιρέτως
3083 3943 3232 4022 σφίσι
3275 3945 3604 4022 παρείχοντο
3659 3949 3775 4002 ἀνθ’

2115 4025 2188 4082 ὧν
2229 4028 2289 4083 ἐκ
2345 4031 2532 4104 χειρὸς
2587 4027 2848 4085 δυνάστου
2899 4031 3227 4108 ἐρρύσθησαν
3283 4034 3318 4104 ἢ
3377 4055 3525 4098 τινος
3583 4033 3776 4100 ἄλλως

2116 4117 2318 4192 ἀγαθοῦ
2377 4121 2798 4193 μετεσχήκασιν.
2856 4121 3012 4178 Ὅθεν
3062 4119 3152 4176 διὰ
3206 4122 3444 4200 βραχέος
3499 4124 3574 4186 εἰς
3622 4123 3773 4196 πλη-

2117 4204 2322 4277 θυσμὸν
2382 4205 2438 4259 αἱ
2503 4205 2697 4269 πόλεις
2745 4205 3038 4279 ἐπέδωκαν,
3097 4210 3131 4277 ἢ
3183 4231 3243 4264 τε
3296 4217 3365 4283 γῆ
3423 4213 3488 4266 τὰ
3545 4209 3778 4288 ἐκφόρια

2114 4292 2249 4348 κατά
2279 4293 2601 4358 ἑκατοστύας
2633 4293 2892 4368 ἀνέδωκε,
2948 4297 3041 4353 καὶ
3072 4297 3262 4374 ὀλίγου
3292 4299 3360 4354 τὰ
3399 4301 3534 4376 πρὸς
3574 4300 3636 4356 τὸ
3671 4305 3775 4376 ζῇν

285 4395 292 4402 ’
353 4388 615 4456 ratione;
671 4380 772 4460 jus
838 4404 873 4444 a
919 4389 1082 4460 justo
1155 4387 1418 4452 removit,
1496 4386 1598 4442 sed
1677 4401 1884 4455 genere
1951 4393 2002 4442 et

2118 4379 2427 4440 ἀπεδίδοτο.
2479 4387 2584 4441 Ἠν
2645 4381 2702 4440 δὲ
2756 4386 2849 4440 καὶ
2909 4393 3028 4450 τοῖς
3083 4391 3355 4443 κατειπεῖν
3419 4384 3612 4467 ἔχουσι
3659 4393 3776 4446 τῶν

353 4479 559 4550 Opibus
604 4477 861 4535 illustres
901 4494 1061 4548 anque
1091 4493 1157 4534 ac
1217 4475 1408 4532 tenuis
1438 4475 1682 4530 fortuna)
1734 4474 1997 4532 homines

352 4569 412 4624 in
438 4569 534 4639 jus
572 4567 853 4625 adductos
885 4583 950 4622 ex
983 4584 1147 4638 aequo
1197 4565 1434 4620 audivit.
1469 4564 1808 4632 Insolentcs,
1854 4581 1998 4636 quos

349 4673 484 4714 cum
531 4657 794 4716 obscuris
843 4656 1180 4713 hominibus
1220 4655 1355 4726 jure
1404 4669 1576 4726 agere
1625 4654 1897 4723 pudebat,
1947 4653 1996 4710 si

349 4748 592 4806 convicti
623 4753 818 4805 essent
869 4745 1234 4818 injuriarum,
1268 4745 1418 4815 quod
1470 4759 1748 4815 pauperes
1795 4743 1992 4816 oppri-

351 4841 576 4892 mere-it
617 4845 712 4892 aut
762 4837 972 4907 pugnis
1020 4836 1338 4904 crederent,
1385 4834 1636 4904 graviter
1686 4833 1994 4905 castigatos

346 4940 451 4994 pro
484 4923 676 4979 dilecti
710 4927 880 4980 modo
915 4924 1214 4979 multabat.
1239 4923 1568 4994 Aliquando
1603 4922 1990 4978 Dadibrenum

347 5012 738 5080 Theodorum,
787 5030 961 5084 quem
995 5015 1150 5069 430
1190 5032 1369 5084 supra
1403 5014 1579 5068 Alexii
1631 5013 1994 5082 imperatoris

347 5100 812 5173 preefecationem
843 5103 1138 5169 adiuvisse
1163 5104 1551 5167 ostendimus,
1581 5103 1814 5173 quidam
1847 5101 1996 5173 agri-

348 5189 483 5246 colae
515 5193 882 5256 accusarunt,
915 5193 1064 5259 quod
1120 5193 1267 5260 apud
1301 5209 1362 5247 se
1394 5193 1721 5247 divertisset
1760 5207 1825 5246 ac
1858 5207 1992 5247 cum

350 5277 603 5335 servitiis
655 5284 710 5334 et
762 5279 1046 5346 jumentis
1103 5281 1248 5346 suis,
1306 5282 1578 5336 omnibus
1645 5281 1992 5338 necessariis

351 5369 625 5438 acceptis,
681 5369 982 5424 discedens
1022 5369 1169 5423 nihil
1215 5370 1492 5426 solvisset.
1543 5369 1702 5435 Quod
1755 5370 1852 5425 ubi
1892 5386 1989 5427 ve-

347 5473 478 5513 rum
512 5473 637 5513 esse
686 5459 984 5527 comperit,
1015 5457 1208 5528 ipsum
1255 5459 1560 5516 duodecim
1612 5459 1798 5531 plagis
1847 5462 1992 5516 fuste

341 5547 670 5622 castigavit,
721 5553 777 5605 et
808 5563 874 5604 ex
929 5547 1067 5605 ﬁsco
1117 5547 1391 5620 agricolis
1433 5549 1607 5622 longe
1653 5548 1786 5620 plus
1817 5565 1990 5622 quam

341 5639 541 5714 quanti
590 5645 711 5696 erat
767 5639 1045 5695 damnum
1097 5637 1236 5695 solvi
1281 5639 1474 5710 jussit.
1530 5637 1773 5708 Scripsit
1811 5642 1870 5694 et
1917 5639 1990 5694 ad

2113 4471 2444 4548 χειροδικῶν
2497 4473 2860 4544 εὐέντευκτος,
2921 4475 3012 4531 καὶ
3041 4477 3308 4550 πρόσωπα
3363 4479 3438 4552 μὴ
3473 4473 3772 4552 λαμϐάνων

2109 4560 2208 4617 οὐκ
2235 4562 2362 4637 ᾕρεν
2394 4562 2500 4618 ἀπὸ
2529 4567 2628 4619 τοῦ
2659 4561 2873 4620 δικαίου
2900 4563 2966 4620 τὸ
3023 4562 3250 4637 δίκαιον,
3311 4565 3440 4622 ἀλλ’
3497 4565 3583 4623 ἐπ’
3644 4566 3770 4640 ἷ¹σης

2108 4655 2188 4723 τῷ
2217 4653 2314 4721 τὴν
2347 4652 2524 4727 τύχην
2557 4653 2835 4729 χθαμαλῷ
2879 4653 2971 4710 τὸν
3029 4656 3120 4710 καὶ
3175 4655 3316 4732 γένὲι
3381 4657 3472 4712 καὶ
3531 4655 3770 4730 πλούτῳ

2107 4742 2302 4813 σεμνὸν
2340 4741 2596 4817 παράγων
2657 4742 2746 4797 ἐπὶ
2804 4743 2868 4797 τὸ
2925 4741 3202 4818 κρίνεσθαι
3256 4744 3584 4822 ἀμφοτέρων
3635 4767 3770 4802 νου-

2103 4831 2374 4904 νεχόντως
2419 4836 2786 4908 κατηκροᾶτο,
2855 4832 2946 4889 καὶ
3005 4833 3340 4907 ἐπέπληττεν
3415 4837 3614 4900 ἱκανῶς
3671 4837 3767 4892 καὶ

2105 4917 2259 4990 δίκην
2312 4920 2542 4976 ἐπετίθει
2603 4920 2870 4996 ἀνάλογον
2941 4927 3023 4995 τῷ
3078 4924 3265 4999 γαύρῳ
3332 4924 3421 4980 καὶ
3480 4923 3764 4998 ἀδοξοῦντι

2107 5009 2240 5081 μετᾶ
2296 5007 2532 5080 πένητος
2587 5011 2883 5085 κρίνεσθαι,
2943 5011 2989 5066 εἷ
3061 5013 3380 5086 πεφώραται
3465 5011 3668 5070 ἀδικῶν
3723 5017 3763 5086 ἢ

2103 5093 2368 5152 ἱκθλίϐων
2402 5099 2492 5154 καὶ
2524 5099 2787 5171 πλήττων
2819 5104 3012 5178 πυγμῇ
3053 5101 3146 5156 τὸν
3178 5097 3422 5180 ἔγγιστα.
3456 5104 3596 5160 Ποτέ
3662 5101 3761 5161 οὖν

2099 5191 2292 5258 καιροῦ
2323 5186 2677 5262 περιέστησαν
2711 5189 2871 5246 αὑτὸν
2927 5191 2977 5260 ἐξ
3035 5192 3323 5269 ἀγροικίας
3379 5193 3543 5262 τινες,
3587 5198 3764 5250 κᾶτα-

2102 5272 2334 5341 ϐοῶντες
2371 5281 2467 5332 τοῦ
2498 5274 2836 5353 Δαδιϐρηνοῦ
2883 5277 3169 5356 Θεοδώρου
3229 5282 3302 5344 ὡς
3351 5279 3762 5346 καταλυσαντος

2101 5366 2248 5440 παρά
2288 5367 2467 5442 σφίσιν
2501 5367 2554 5421 ἐν
2603 5371 2682 5440 τῷ
2737 5367 3082 5443 παροδεύειν,
3114 5369 3205 5424 καὶ
3236 5366 3606 5444 πορισαμένου
3664 5372 3764 5444 μὲν

2100 5455 2240 5511 ὅσων
2295 5455 2575 5526 ἐσπάνιζεν
2631 5457 2796 5520 αὑτὸς
2853 5458 2946 5514 καὶ
3002 5462 3036 5528 ἠ
3074 5459 3343 5534 ὑπηρεσία
3378 5459 3546 5516 αὐτοῦ
3577 5457 3763 5516 ἄπαυα

2099 5543 2190 5598 καὶ
2223 5545 2290 5598 τὰ
2343 5544 2607 5618 ὀχήματα
2657 5545 2960 5621 ξύμπαντα,
2997 5544 3166 5622 μηδὲν
3201 5545 3249 5604 δ’
3277 5545 3534 5622 ἁπόδομα
3587 5569 3760 5605 κατα-

2101 5633 2328 5710 θεμένου
2361 5633 2412 5689 ἐν
2465 5639 2546 5708 τῷ
2601 5635 2970 5711 μεθίστασθαι.
3025 5639 3181 5695 Ἔστι
3239 5635 3288 5693 δ’
3339 5638 3368 5692 ὁ
3419 5632 3765 5716 Δαδιϐρηνός
