4126 6294
415 444 538 507 689
588 504 597 512 .

1465 438 1568 498 DE
1611 439 2074 503 ANDRONIGO
2119 440 2502 506 COMNENO
2546 447 2702 509 LIB.
2751 448 2824 508 ll.

3723 450 3843 510 690

420 577 589 639 οὗτος
621 569 730 630 ὄνό
771 569 935 647 λόγος
995 568 1270 642 ἐδήλωσεν
1323 567 1524 636 ἂνωθεν
1575 572 1915 649 ὑπηρετῆσαι
1960 586 2059 648 μεθ

2190 580 2479 652 quosdam
2514 580 2952 653 magistratibus
2984 582 3291 655 fungentes
3320 582 3837 652 hujuemodilitte-

423 667 623 742 ὶτέρων
650 667 719 737 τῇ
745 668 839 721 τοῦ
886 660 1156 738 βασιλέως
1198 661 1448 735 ’Λλεξίου
1494 667 1789 739 πνιγμονῇ.
1817 659 1820 663 ’
1845 664 2075 727 Δικάσας

427 754 521 813 οὖν
579 756 713 829 μετά
765 758 871 809 τῶν
928 752 1240 827 ἀγροτέρων
1311 751 1552 821 ἐκείνων,
1625 754 1714 809 καὶ
1804 751 2066 825 ἀληθείας

429 846 600 918 εὖρὼν
628 843 863 918 ἐχόμενα
890 843 958 896 τὰ
989 838 1288 915 λεγόμενα,
1317 840 1477 896 αὐτὸν
1542 842 1637 915 μὲν
1688 839 1760 897 δι’
1788 842 2078 899 ἀλλακτῶν

426 931 710 991 ἐπαίδευσε
761 928 996 1001 δώδεκα,
1025 931 1124 999 τήν
1156 927 1213 986 δὲ
1249 936 1358 987 τῶν
1404 929 1776 987 ἀναλωλάτων
1822 935 1991 1007 τιμὴν
2025 933 2078 996 ἐς

422 1022 487 1080 τὸ
517 1020 940 1079 πολλαπλάσιον
995 1018 1244 1078 ἐγέλευσε
1291 1020 1615 1085 καταθέσθαι
1666 1026 1783 1085 τοῖς
1832 1022 1921 1077 ἐπὶ
1966 1028 2075 1078 τῶν

426 1113 723 1189 χρυσώνων
748 1115 859 1168 τῶν
888 1109 1214 1187 βασιλικῶν.
1249 1113 1488 1186 Ἔγραψε
1521 1107 1579 1167 δὲ
1616 1112 1707 1167 καὶ
1749 1113 1885 1183 πρός
1929 1133 2076 1175 τινας

2188 684 2330 725 ras:
2367 690 2396 719 »
2452 669 2599 726 Vere
2657 671 2941 728 mendacii
3000 673 3295 744 princeps,
3349 674 3618 745 prudenli
3706 690 3836 731 meo

2199 757 2425 827 judicio
2456 758 2825 831 imprudens,
2856 769 2911 816 et
2934 767 2990 816 tu
3006 760 3220 817 holitor
3253 761 3548 832 venalicie,
3572 763 3836 820 auditum

2192 851 2281 903 est
2322 855 2521 903 nostro
2580 849 2826 917 imperio
2883 867 2985 905 vos
3035 851 3266 906 studere
3313 851 3571 922 injuriis.
3634 853 3838 909 Enim-

2195 952 2332 992 vero
2364 938 2737 1009 autinjurias
2794 943 2895 994 aut
2949 940 3129 995 vitam
3191 939 3519 1012 relinquite.
3561 941 3707 998 Nam
3738 959 3837 1000 vos

2205 1024 2457 1096 injurios
2488 1042 2615 1082 esse
2646 1032 2702 1084 et
2755 1027 2942 1084 vivere
3008 1045 3199 1100 neque
3247 1029 3363 1086 Deo
3412 1037 3713 1104 acceptum
3748 1035 3838 1087 est

2188 1116 2530 1186 nequemihi
2561 1133 2726 1173 servo
2747 1119 2876 1187 ejus
2910 1118 3229 1174 tolerabile.
3269 1140 3328 1172 ».

425 1206 535 1258 τῶν
567 1201 637 1257 τὰ
669 1198 912 1275 δημόσια
944 1200 1293 1274 ἐνεργούντων
1330 1199 1627 1270 ἐπιστολὴν
1659 1198 1893 1277 ἔχουσαν
1926 1199 2121 1265 οὕτως·
2154 1226 2183 1254 ‹‹
2212 1202 2468 1273 Ἀληθινὶ
2499 1205 2611 1278 (19)
2665 1209 2760 1259 τοῦ
2807 1203 3037 1279 ψεύδους
3084 1207 3463 1284 πρωτοὶγγελε,
3519 1209 3581 1262 σὺ
3622 1208 3838 1265 ἀσύνετέ

427 1313 522 1366 μοι
555 1291 799 1360 Συνέσιε,
840 1289 1017 1345 καὶσὺ
1048 1290 1280 1366 ἀγοραῖε
1316 1295 1562 1365 Δαχανᾶ,
1618 1288 1883 1361 ἤκουσται
1930 1295 1998 1365 τῇ
2053 1289 2307 1367 βασιλείᾳ
2358 1313 2462 1364 μου
2512 1291 2714 1348 ἀδικεῖν
2762 1292 2902 1368 ὓμᾶς
2942 1296 3008 1349 τὰ
3050 1295 3256 1366 πολλὰ,
3316 1297 3407 1351 καὶ
3437 1295 3473 1365 ἤ
3510 1297 3574 1352 τὸ
3630 1294 3834 1352 ἀδικεῖν

421 1381 611 1440 ἐάσατε
646 1377 677 1451 ἤ
708 1382 772 1436 τὸ
806 1383 924 1455 ζῇν·
957 1380 1021 1435 τὸ
1064 1382 1171 1455 γὰρ
1208 1377 1411 1435 ἀδικεῖν
1445 1380 1587 1453 ὑμᾶς
1619 1381 1707 1435 καὶ
1742 1386 1837 1456 ζῇν
1870 1377 1994 1436 οὔτε
2016 1384 2095 1453 τῷ
2123 1385 2237 1454 6εῷ
2265 1380 2486 1456 ἀρεστόν
2518 1381 2658 1438 ἐστιν
2691 1379 2807 1439 οὔτ’
2837 1384 2960 1456 ἐμοὶ
2986 1389 3065 1457 τῷ
3097 1382 3282 1458 δούλῳ
3338 1386 3488 1458 αὐτῷ
3533 1385 3768 1445 ἀνεκτόν.
3805 1410 3835 1439 ››

493 1473 770 1529 Τοσοῦτον
801 1467 848 1525 δ’
881 1468 1082 1545 ἀπεῖχε
1120 1471 1223 1540 τήν
1253 1468 1379 1526 τότε
1405 1469 1495 1525 καὶ
1551 1474 1642 1524 νῦν
1696 1473 1821 1543 περί
1865 1467 2074 1545 δογμά-

420 1581 527 1616 των
584 1559 741 1623 θείων
795 1562 1101 1634 κρατοῦσαν
1158 1559 1480 1614 κατάστασιν
1537 1557 1796 1627 ἐπαινεῖν,
1864 1561 1898 1627 ἣ
1953 1559 2078 1634 περὶ

423 1654 557 1709 θεοῦ
600 1671 654 1704 τι
713 1647 893 1723 λέγειν
954 1649 1045 1704 καὶ
1102 1648 1316 1704 ἀκούειν
1378 1648 1461 1703 ἀεὶ
1517 1650 1830 1723 καινότερον
1892 1646 2077 1718 ἤθελε,

2257 1472 2507 1528 Tantum
2540 1489 2711 1545 porro
2747 1474 2934 1531 abfuit
2967 1480 3032 1531 ut
3060 1476 3549 1532 consuetudinem
3600 1482 3657 1533 et
3685 1482 3827 1534 tunc

2187 1566 2244 1617 et
2265 1577 2424 1619 nunc
2455 1568 2742 1635 receptam
2778 1565 2846 1619 de
2872 1563 3082 1620 divinis
3109 1566 3477 1636 dogmatibus
3520 1566 3831 1638 disputan-

2188 1652 2242 1706 di
2274 1652 2562 1722 probaret,
2607 1659 2705 1708 aut
2736 1654 2807 1709 de
2860 1653 2977 1710 Deo
3036 1655 3168 1710 novi
3222 1655 3442 1727 aliquid
3499 1657 3591 1712 vel
3641 1656 3832 1713 dicere

430 1738 722 1794 καὶταῦτα
773 1742 874 1806 τῆς
933 1736 1206 1811 ἡμετέρας
1262 1735 1453 1813 σοφίας
1501 1737 1604 1792 οὐκ
1652 1734 1803 1812 ἄκρῳ
1860 1734 2065 1811 λιχανᾷ

2188 1740 2272 1796 vel
2303 1741 2503 1796 audire
2524 1740 2695 1797 vellet
2740 1741 2942 1815 (idque
2997 1759 3130 1799 cum
3189 1752 3444 1799 nostram
3503 1745 3831 1801 doctrinam

419 1827 762 1905 γεγευμένος,
822 1824 964 1883 ὥστε
1016 1827 1106 1882 καὶ
1162 1830 1245 1900 τῷ
1309 1827 1442 1882 νέων
1516 1831 1741 1901 Πατρῶν
1812 1824 2076 1899 Εὗθυμίῳ

422 1918 615 1994 (μέγας
649 1913 696 1971 δ’
733 1915 788 1972 ἐν
820 1915 1009 1992 λόγοις
1041 1915 1200 1980 οὗτος
1235 1917 1302 1985 ἦν
1336 1917 1364 1971 ὁ
1390 1916 1553 1991 ἀνὴρ)
1584 1917 1668 1989 [Ρ.
1701 1916 1827 1989 213]
1866 1915 1955 1970 καὶ
1995 1919 2074 1988 τῷ

424 2006 644 2079 Κινάμῳ
676 2005 895 2079 Ἰωάννῃ
925 2004 987 2060 ού
1022 2004 1181 2078 μόνον
1225 2002 1522 2076 ἐπέπληξεν
1577 2003 1726 2066 ἐντὸς
1764 2007 1860 2075 τῆς
1913 2006 2070 2079 βασι-

423 2095 576 2151 λείου
611 2100 814 2166 σκηνῆς
845 2095 982 2150 κατὰ
1018 2091 1082 2149 τι)
1140 2091 1419 2150 Λοπάδιον
1469 2091 1885 2169 διαλεγομένοις
1946 2094 2071 2168 περὶ

420 2192 517 2257 τῆς
558 2211 585 2239 ι(
618 2188 679 2244 Ὀ
713 2180 900 2261 Πατὴρ
933 2206 1042 2259 μου
1074 2187 1278 2259 μείζων
1313 2185 1419 2259 μού
1452 2185 1563 2241 ἐστι
1597 2211 1618 2239 ι
1654 2189 1750 2240 τοῦ
1799 2186 2068 2260 Θεανθρώ-

419 2296 522 2332 που
552 2278 760 2356 φωνῆς,
792 2274 939 2331 ἂλλδι
986 2275 1075 2330 καὶ
1133 2275 1271 2331 κατὰ
1327 2280 1424 2331 τοῦ
1471 2272 1767 2330 Ῥυνδακοῦ
1816 2278 2068 2346 ποταμοῦ

421 2365 717 2423 ἀκοντίσειν
777 2362 1100 2440 χαλεπήνας
1158 2362 1467 2436 ἐπείλησεν,
1528 2363 1574 2418 εἰ
1634 2365 1709 2438 μὴ
1766 2362 2067 2419 παύσαιντο

419 2455 743 2529 ποιούμενοι
785 2455 911 2529 περί
951 2457 1086 2510 Θεοῦ
1132 2455 1232 2524 τὴν
1272 2450 1527 2523 διάλεξιν.
1563 2453 1676 2509 Καὶ
1721 2454 1798 2526 μὴ
1848 2451 2066 2508 κάκεῖνό

421 2563 484 2618 γε
529 2547 761 2617 σημεῖον
797 2544 896 2598 τοῦ
958 2542 1036 2614 μή
1096 2542 1322 2614 πάμπαν
1364 2539 1789 2616 έκτεθηριῶσθαι
1846 2537 2071 2616 Ἀνδρό-

413 2650 575 2689 νικον·
608 2636 706 2687 τοῦ
735 2630 837 2707 γὰρ
870 2631 1047 2705 Λόγου
1099 2630 1265 2706 λόγον
1321 2630 1602 2701 τιθέμενος
1655 2627 1718 2683 οὗ
1775 2628 2069 2704 πόῤῥωτῆς

417 2718 750 2795 ἀλουργίδος
777 2718 904 2775 τοὺς
939 2720 1167 2794 πατέρας
1225 2718 1406 2795 λόγων
1459 2716 1691 2789 ἒτίΟετο,
1737 2718 1864 2774 ἀλλ’
1910 2716 2068 2793 ἐγγὺς

418 2807 565 2886 ἄγων
599 2814 698 2865 τοῦ
746 2809 940 2883 θρόνου
993 2808 1084 2864 καὶ
1145 2805 1376 2884 δωρεαῖς
1436 2806 1757 2871 διαθάλπων
1819 2812 2066 2881 συχναῖς,

424 2899 515 2953 καὶ
570 2901 741 2971 τιμῆς
790 2899 982 2954 οὔκουν
1037 2897 1340 2972 ἐλαχίστης
1431 2893 1781 2971 μεταδιδοὺς,
1863 2894 2068 2951 ἐδείκνυ

430 2986 615 3043 ἑαυτὸν
645 2987 731 3041 καὶ
758 2987 1076 3067 φιλοσοφίαν
1117 2982 1539 3060 οὐρανοϐἀμονα
1591 2985 1725 3061 μέγα
1774 3006 1824 3040 τι
1876 2988 2072 3061 χρῆμα

2186 1845 2299 1885 non
2333 1830 2582 1886 summis
2611 1835 2836 1896 tantum
2868 1831 3045 1889 labris
3076 1831 3410 1904 attigisset),
3444 1841 3505 1888 ut
3544 1850 3825 1891 novarum

2184 1918 2480 1974 Patrarum
2544 1920 2884 1992 episcopum
2957 1920 3371 1993 Euthymium,
3422 1923 3573 1978 431
3635 1923 3824 1979 virum

2180 2007 2674 2076 eruditissimum,
2705 2016 2757 2065 et
2799 2009 3108 2065 Cinamum
3161 2012 3464 2081 Joannem,
3524 2013 3595 2067 ad
3633 2013 3815 2084 Lopa-

2180 2097 2341 2153 dium
2373 2098 2445 2154 de
2477 2097 2575 2154 illo
2605 2098 2817 2156 Christi
2861 2100 3013 2155 dicto
3043 2102 3209 2156 Pater
3253 2101 3437 2173 major
3484 2110 3563 2158 est
3616 2119 3701 2158 me
3759 2104 3820 2159 in

2179 2202 2286 2242 suo
2314 2186 2686 2244 tabernaculo
2717 2190 3066 2244 disserentes
3096 2189 3502 2262 objurgarit,ct
3530 2191 3589 2246 in
3622 2191 3823 2264 Rhyn-

2179 2275 2389 2332 dacum
2422 2294 2646 2334 amnem
2677 2279 3046 2349 abjeeturum
3094 2282 3351 2337 minatus
3410 2280 3508 2348 sit,
3568 2281 3625 2335 ni
3677 2280 3823 2337 desi-

2180 2369 2415 2421 sterent.
2452 2366 2577 2421 Fuit
2605 2372 2803 2423 autem
2853 2367 2996 2425 illud
3052 2373 3418 2441 argumento,
3481 2386 3599 2426 non
3659 2371 3828 2443 plane

2178 2454 2477 2511 etiamtum
2537 2456 2720 2512 fuisse
2775 2458 3196 2525 Andronicum,
3276 2462 3429 2530 quod
3487 2459 3831 2516 eruditionis

2178 2544 2459 2599 rationem
2479 2544 2687 2601 habuit
2721 2563 2735 2613 ;
2767 2550 2825 2603 et
2848 2548 3109 2603 eruditos
3143 2564 3257 2604 non
3292 2548 3491 2618 procul
3524 2564 3833 2619 apurpura

2184 2633 2282 2689 sed
2317 2649 2521 2703 propre
2551 2635 2765 2689 solium
2798 2651 2971 2690 suum
3026 2635 3336 2692 collocatos
3369 2640 3424 2691 et
3483 2637 3830 2691 muneribus

2179 2722 2584 2792 frequentibus
2617 2722 2779 2792 fovit,
2814 2732 2868 2778 et
2924 2723 3174 2779 honores
3227 2724 3310 2780 eis
3367 2740 3483 2779 non
3542 2724 3829 2779 minimos

2182 2809 2467 2877 habendo,
2521 2810 2810 2866 caelealem
2872 2812 3216 2883 sapientiam
3275 2812 3719 2884 divinarumque
3746 2828 3830 2867 re-

2181 2914 2314 2955 rum
2363 2899 2644 2968 doctores,
2705 2900 2950 2955 disertos
3009 2904 3066 2957 et
3103 2900 3499 2972 jurisperitos,
3554 2915 3821 2971 magnam

2187 3003 2305 3043 rem
2329 2995 2383 3042 et
2412 2988 2629 3043 summi
2663 2988 2831 3060 pretii
2865 3005 2927 3045 se
2966 2989 3257 3046 aestimare
3287 2989 3616 3048 declaravit.

429 3077 676 3150 οἰόμενον
704 3077 791 3133 καί
817 3076 1072 3135 πλείστου
1129 3079 1469 3151 τιμώμενον,
1524 3076 1616 3132 καὶ
1671 3076 1932 3150 σοφιστὴν
1996 3074 2405 3150 ἐγκωμιάζοντα
2460 3074 2868 3153 καλιρῥήμονα,
2918 3076 3007 3132 καὶ
3054 3077 3181 3142 τοὺς
3233 3072 3579 3154 νομοτριϐεῖς
3628 3074 3825 3154 ἄνδρας

425 3166 547 3242 περί
587 3165 844 3223 πλείστου
877 3167 1027 3242 μάλα
1054 3166 1359 3241 τιθέμενον.

494 3260 554 3323 ς’.
593 3260 707 3328 Τὴν
735 3256 792 3315 δέ
831 3260 885 3314 οἱ
931 3263 1028 3315 τοῦ
1077 3261 1310 3330 σκήνους
1348 3257 1630 3324 κατάθεσιν
1680 3257 1731 3321 ἐς
1788 3258 1879 3313 τὸν
1938 3256 2061 3311 ναὸν

2249 3259 2304 3314 6.
2337 3258 2459 3316 Jam
2491 3258 2629 3331 quia
2660 3276 2724 3315 se
2752 3258 2813 3314 in
2843 3258 2963 3315 aede
3021 3259 3414 3332 pulcherrima
3471 3264 3529 3316 et
3578 3260 3826 3332 amplis-

420 3354 527 3405 τῶν
558 3351 731 3427 ἁγίων
764 3352 1178 3425 Τεσσαράκοντα
1210 3351 1511 3425 Μαρτύρων
1547 3349 1845 3425 βουληθεὶς
1900 3349 2072 3419 ποιή-

423 3450 606 3504 σασθαι
659 3441 731 3504 ὡς
792 3438 987 3497 κάλλει
1045 3438 1343 3496 κάλλιστον
1394 3438 1484 3496 καὶ
1546 3440 1758 3514 μεγέθει
1820 3438 2070 3514 μέγιστον

421 3528 661 3604 καὶπερὶ
719 3528 782 3584 τὸ
839 3529 1049 3604 καίριον
1108 3530 1200 3584 καὶ
1263 3527 1422 3602 μέσον
1482 3527 1909 3605 ἀνεγηγερμένον
1968 3533 2069 3595 τῆς

419 3617 633 3682 πόλεως
676 3619 885 3675 ἅπαντα
914 3618 1231 3696 φιλοτίμως
1267 3617 1337 3674 τὰ
1383 3616 1732 3688 πεπονηκότα
1783 3618 1921 3691 μέρη
1970 3620 2067 3671 τοῦ

418 3707 670 3780 τεμένους
726 3702 967 3764 ὑπέϐαλε
1049 3707 1140 3761 καὶ
1214 3707 1276 3762 τὸ
1357 3702 1686 3762 ἀποσϐεσθὲν
1765 3703 2064 3778 ἀνὲθα).ψεν

418 3795 825 3876 ἀγλαόμορφον,
881 3797 981 3866 τήν
1042 3815 1102 3850 τε
1154 3798 1252 3851 τοῦ
1310 3797 1570 3869 Σωτῆρος
1652 3796 1814 3867 ἡμῶν
1884 3793 2066 3848 εἰκόνα

419 3888 677 3962 Χριστοῦ,
713 3883 783 3941 δι’
812 3886 880 3955 ἧς
911 3883 1182 3958 ὁμιλῆσαι
1214 3904 1348 3941 ποτε
1376 3889 1454 3957 τῷ
1507 3883 1729 3958 βασιλεῖ
1774 3886 2064 3961 Μαυρικίῳ

416 3974 583 4051 λόγος
638 3976 801 4051 αἱρεῖ,
851 3972 1132 4043 πολυτελῆ
1192 3969 1485 4049 περιέϐαλε
1522 3971 1756 4046 κόσμον,
1811 3976 1901 4030 καὶ
1959 3978 2061 4046 τήν

413 4070 698 4146 πορφυρᾶν
734 4064 999 4141 μεγίστην
1029 4062 1261 4135 πλυνὸν,
1292 4063 1362 4132 ἧς
1379 4070 1497 4125 τοῖς
1531 4061 1744 4138 χείλεσι
1768 4063 2063 4140 φρικώδεις

416 4152 511 4211 δύο
531 4154 984 4232 ἀμφιελίττονται
1027 4152 1312 4228 δράκοντες
1340 4153 1418 4215 εἷς
1445 4150 1644 4215 ὁλκοὺς
1672 4151 2064 4227 λορδούμενοι,

416 4248 595 4319 θαῦμα
629 4243 858 4314 ἰδέσθαι,
900 4244 960 4299 ἐκ
1007 4247 1104 4299 τοῦ
1154 4243 1290 4299 κατὰ
1336 4243 1399 4298 τὸ
1459 4243 1600 4318 μέγα
1646 4240 1911 4299 παλάτιον
1970 4265 2063 4314 κη-

417 4333 541 4391 πίου
572 4335 719 4408 παρὰ
774 4337 878 4405 τὴν
918 4331 1137 4390 αὔλειον
1182 4334 1483 4410 μετήνεγκε
1527 4336 1625 4387 τοῦ
1673 4331 1799 4400 νεὼ,
1851 4333 2065 4390 κάγεῖσε

413 4421 480 4477 τὰ
513 4425 613 4492 τῆς
644 4417 992 4495 ὁμευνέτιδος
1047 4419 1211 4476 αὐτοῦ
1272 4419 1666 4493 μετακεγόμικε
1722 4418 1951 4492 λείψανα
2005 4419 2066 4476 ἒκ

412 4519 512 4580 τῆς
554 4517 652 4568 τοῦ
699 4508 1031 4589 Ἀγκουρίου
1091 4515 1287 4585 μονῆς,
1345 4502 1471 4565 ἔνθα
1525 4508 1716 4583 πρώην
1781 4508 2059 4567 ἐτέθαπτο.

2179 3348 2325 3405 sima
2356 3352 2413 3404 et
2442 3349 2500 3403 in
2535 3348 2725 3405 media
2755 3348 2900 3405 urbe
2916 3348 3049 3417 sita,
3091 3349 3191 3405 LX
3217 3349 3557 3423 Martyrum,
3593 3350 3824 3422 sepeliri

2176 3438 2422 3507 volebat,
2455 3454 2659 3494 omnes
2687 3439 2813 3510 ejus
2836 3437 3037 3511 templi
3070 3446 3257 3508 partes
3279 3440 3544 3498 ruinosae
3563 3438 3828 3496 studiose

2177 3527 2396 3597 refecit,
2427 3531 2483 3582 et
2512 3528 2937 3585 exolescentcm
2981 3528 3473 3600 pulchritudinem
3523 3528 3823 3586 reconcin-

2176 3616 3023 3685 navit;etChristiServatoris
3083 3618 3266 3673 nostri
3329 3617 3667 3689 imaginem,
3724 3634 3821 3688 per

2174 3723 2351 3778 quam
2387 3707 2525 3762 olim
2562 3723 2695 3763 cum
2752 3707 3100 3779 imperatore
3155 3708 3434 3764 Mauricio
3491 3707 3817 3764 collocutus

2173 3812 2303 3853 esse
2333 3797 2533 3862 fertur,
2596 3795 2785 3868 magis
2835 3796 3119 3868 impensis
3178 3796 3440 3864 ornavit;
3489 3803 3546 3852 et
3608 3797 3814 3868 ingens

2172 3885 2317 3941 illud
2398 3883 2867 3956 porphyreticum
2950 3885 3183 3951 solium,
3244 3885 3415 3955 cujus
3480 3885 3642 3942 labra
3697 3887 3811 3940 duo

2172 3973 2444 4031 horrendi
2502 3980 2800 4044 serpentes
2876 3974 3029 4030 432
3084 3973 3342 4029 sinuosis
3411 3972 3811 4030 voluminibus

2169 4061 2623 4135 amplectuntur,
2659 4060 2920 4116 mirabile
2976 4077 3145 4132 opus,
3200 4077 3269 4117 ex
3320 4061 3553 4118 hortulo
3614 4062 3810 4134 magni

2170 4151 2368 4224 palatii
2402 4150 2460 4207 in
2491 4151 2620 4222 ejus
2651 4148 2854 4222 templi
2898 4150 3252 4206 vestibulum
3318 4152 3639 4221 transtulit,
3703 4151 3811 4206 ibi-

2168 4242 2419 4312 demque
2451 4239 2656 4312 prioris
2688 4256 2803 4296 suae
2835 4238 3106 4311 conjugis
3149 4234 3422 4312 reliquias
3459 4256 3525 4297 ex
3577 4240 3813 4297 Ancurii

2173 4329 2522 4388 monasterio
2553 4327 2864 4385 translatas
2893 4328 3174 4400 reposuit.
3221 4330 3597 4387 Extrinsecus
3648 4332 3814 4401 juxta

2170 4418 2655 4489 septentrionales
2684 4418 2811 4489 ejus
2844 4418 3041 4490 templi
3075 4418 3222 4475 tores
3244 4419 3302 4473 in
3323 4419 3579 4475 maxima
3610 4419 3811 4474 tabula

2169 4514 2426 4568 statuam
2460 4525 2626 4564 suam
2658 4507 2979 4573 collocavit,
3031 4524 3145 4564 non
3181 4508 3551 4581 imperatorio
3586 4508 3812 4580 regiove

414 4602 641 4673 Ἕξωθεν
671 4597 729 4658 δὲ
757 4602 886 4675 περὶ
934 4600 1032 4662 τὰς
1090 4599 1339 4675 ἀρκτῴας
1392 4599 1483 4653 καὶ
1540 4599 1659 4653 κατ’
1725 4598 1920 4674 ἀγορὰν
1974 4619 2063 4654 τε-

2180 4599 2398 4668 habitu,
2434 4615 2545 4654 non
2595 4613 2766 4654 aureo
2823 4603 3030 4653 ornatu
3079 4597 3178 4653 sed
3236 4597 3418 4652 instar
3475 4597 3807 4654 aarummosi

412 4691 723 4768 τραμμένας
754 4695 854 4748 τοῦ
894 4691 999 4746 νεὼ
1049 4695 1158 4746 τῶν
1204 4689 1374 4765 ἁγίων
1424 4688 1833 4763 Τεσσαράκοντα
1878 4687 2055 4752 πύλας

412 4780 499 4836 hri
533 4779 1051 4856 μεγάλου-πίνακος
1104 4778 1388 4850 ἀνέστησεν
1444 4777 1654 4849 ἑαυτὸν,
1702 4776 1804 4833 οὐκ
1858 4775 2055 4833 ἐσταλ-

413 4870 571 4943 μένον
633 4869 933 4946 βασιλικῶς
999 4865 1125 4924 οὐδὲ
1181 4870 1636 4943 χρυσοφοροῦντα
1693 4867 1767 4929 ὡς
1826 4864 2050 4937 ἃνακτὰ,

407 4956 553 5015 ἀλλά
580 4979 701 5015 τινα
729 4956 1009 5014 πολύτλαν
1042 4955 1319 5033 ἐργατικὸν
1369 4954 1429 5011 ἐκ
1474 4954 1736 5011 καλαίνου
1787 4958 1900 5031 (20)
1954 4956 2049 5030 βα-

410 5054 541 5121 φῆς,
582 5046 931 5124 ἐνδεδυμένου
988 5047 1308 5126 ἀμπεχόνην
1350 5045 1404 5109 ἐς
1452 5045 1684 5121 γλουτὸν
1735 5043 2045 5124 ἀμφισχιδῆ

2168 4688 2438 4761 operarii,
2472 4689 2636 4759 nigra
2667 4691 2822 4744 veste
2852 4686 3058 4756 induti,
3103 4688 3242 4741 ﬁssa
3275 4702 3460 4758 usque
3488 4686 3562 4742 ad
3611 4703 3805 4757 suras,

2163 4793 2297 4836 cum
2330 4777 2481 4833 albis
2512 4776 2695 4834 ocreis
2724 4792 2911 4848 usque
2933 4777 3006 4832 ad
3063 4792 3254 4848 genua
3309 4775 3760 4833 ascendentibus
3786 4793 3801 4832 :

2164 4868 2265 4940 qui
2297 4866 2504 4923 falcem
2535 4881 2765 4938 gravem
2795 4869 2852 4921 et
2882 4881 3156 4938 magnam
3207 4881 3383 4921 manu
3420 4872 3620 4922 tenens
3677 4865 3802 4923 for—

2163 4955 2564 5013 mosissimum
2593 4952 3017 5012 adolescentem
3051 4970 3238 5027 usque
3286 4955 3358 5011 ad
3414 4954 3692 5013 humeros
3749 4962 3810 5015 et

2161 5047 2354 5104 fauces
2387 5044 2834 5117 prominentem,
2893 5044 3051 5102 velut
3108 5045 3473 5116 incurvatus,
3539 5062 3807 5119 compre-

1792 5184 1962 5246 Hier.
1998 5183 2207 5245 Wolfii
2240 5189 2429 5246 notae.

479 5341 583 5412 (19)
615 5343 735 5397 Hoc
764 5337 1209 5412 epistoliumex
1235 5338 1466 5412 vetusto
1498 5335 1700 5412 codice
1735 5334 1968 5412 adjeci,_
1990 5335 2051 5390 in

411 5407 591 5483 eoque
623 5407 1020 5483 conve’rtendo
1053 5409 1233 5483 etiam
1264 5408 1463 5483 ﬁrmos.
1490 5409 1754 5463 virorum
1809 5407 2054 5483 nomina

411 5479 611 5541 Latina
638 5491 943 5552 utcunque
974 5480 1108 5548 feci,
1140 5480 1501 5551 utepitheta,
1524 5496 1656 5552 quas
1678 5484 1735 5552 et
1762 5479 2056 5552 antitheta

411 5561 562 5623 sunt,
594 5556 796 5627 aliquo
820 5546 995 5627 modo
1017 5546 1516 5627 exprimerentur.
1540 5546 1627 5606 'Ac
1645 5546 1941 5627 ’Λληθινοῦ
1962 5550 2053 5602 καὶ

413 5622 671 5681 amatos
695 5622 953 5681 'nomina
983 5624 1126 5679 satis
1177 5622 1349 5693 clara,
1383 5626 1519 5693 sunt
1550 5638 1563 5677 :
1616 5622 1865 5693 Λαχανᾶν
1917 5637 2050 5675 vero

411 5693 601 5770 ἀγοράν
634 5694 912 5770 appellat,
945 5694 1103 5770 quod
1136 5694 1297 5770 olera
1340 5691 1401 5748 in
1450 5692 1576 5770 foro
1603 5691 1902 5770 _veneunt.
1929 5694 2054 5770 __Est

411 5759 468 5825 et
493 5759 1191 5843 παρωνομασίασῐιωάεῐῐι
1245 5767 1307 5821 in
1357 5765 1547 5821 verbis
1595 5759 1797 5818 ἀδικεῖν
1832 5769 1890 5822 et
1919 5760 1954 5832 ἤ
1985 5762 2049 5817 τὸ

2166 5339 2285 5410 ζῇν·
2323 5337 2536 5410 Graecas
2580 5335 2748 5410 enim
2793 5334 3296 5410 pronuntiationis
3345 5335 3592 5410 studiosi
3630 5354 3663 5388 κ
3691 5335 3815 5391 fere

2165 5407 2272 5481 per
2304 5425 2339 5481 e
2366 5408 2639 5481 Latinum
2672 5407 2949 5481 efferunt,
2983 5407 3171 5481 adiejn
3201 5410 3307 5463 isto
3329 5407 3440 5481 oin,

2237 5478 2349 5551 (20)
2398 5476 2989 5551 Kalaivoo._Fortasse
3040 5476 3314 5551 κελαινοῦ,
3370 5479 3522 5551 nigri
3576 5477 3807 5551 coloris.

2166 5549 2659 5623 Vetustus‘code;
2685 5549 2864 5606 habet
2892 5549 3171 5623 γερανέου,
3204 5551 3398 5623 gruini
3440 5549 3670 5616 coloris,
3704 5551 3805 5617 qui

2174 5570 2442 5607 vetuscus
2472 5570 2655 5605 COQCX
2686 5570 2864 5606 υἱωθι
2892 5571 2955 5623 γε
2993 5570 3171 5620 ανεου,
3204 5570 3398 5623 gl'llllll
3440 5570 3670 5616 COIOI‘IS,
3704 5570 3802 5617 QUI

2163 5624 2286 5678 fere
2325 5625 2414 5675 est
2445 5620 2837 5693 ferrugineus.
2871 5570 3123 5677 Καλανον
3183 5622 3538 5692 adjectivum
3584 5634 3802 5675 nomen

2161 5708 2458 5766 nusquam
2487 5693 2739 5766 reperio.
