4126 6294
384 440 494 507 691

1704 434 2025 499 ΝιεΕΤΑι
2066 431 2487 493 ΟΗΟΝΙΑΤᾸ

3673 442 3793 507 692

384 581 677 639 bendetet
716 578 998 651 implicet,
1063 593 1175 650 qua
1230 576 1489 651 imagine
1545 575 2031 650 pratereuntibus

2143 562 2598 638 καταϐαίνουσαν,
2655 566 2744 624 καὶ
2813 567 3035 636 λευκαῖς
3069 576 3299 647 κρηπῖσι
3348 573 3793 652 περιστολλόμε-

381 670 710 729 clarissime
741 685 850 725 sua
877 667 1132 723 facinora
1188 667 1557 739 depingebat,
1614 670 1671 723 et
1727 682 1843 738 quo
1902 664 2024 719 suis

387 759 662 816 edocebat
692 761 756 813 ut
784 756 1009 812 haarede
1039 756 1267 828 imperii
1289 756 1481 813 occiso
1524 771 1801 827 sponsam
1862 752 2027 808 illius

384 849 501 906 sibi
533 845 908 903 matrimonio
931 845 1244 916 junxissel.
1280 846 1495 901 [lubuit
1520 846 1695 902 etiam
1727 845 1786 901 in
1832 843 2026 900 animo

386 953 597 995 aeream
627 952 792 993 suam
826 939 1081 991 statuam
1125 951 1302 1007 super
1357 935 1629 992 columna
1681 935 1739 988 in
1790 932 2028 990 sublimi

387 1041 545 1084 teneo
594 1024 971 1097 tetrapleuro,
1023 1025 1123 1080 ubi
1186 1024 1326 1081 nudi
1385 1024 1699 1096 Cupidines
1749 1024 1937 1094 pomis
1967 1037 2030 1078 se

389 1116 638 1173 invicem
668 1117 895 1187 petunt,
928 1114 1077 1184 quod
1110 1113 1564 1169 Anemodulium
1594 1117 1825 1181 vocant,
1878 1113 2029 1168 488

383 1205 625 1278 erigere.
662 1204 951 1276 Imagines
979 1202 1148 1259 Xenaa
1197 1202 1610 1275 imperatricis,
1673 1202 1851 1257 Alexii
1910 1218 2030 1257 ma-

388 1294 519 1361 tris,
556 1309 734 1366 quam
757 1292 1086 1357 suﬂ'ocavit,
1121 1291 1286 1364 prius
1315 1291 1397 1347 ibi
1427 1291 1774 1364 depictas,in
1809 1306 2031 1362 rugosas

387 1383 632 1443 aniculis
665 1382 872 1441 faciem
933 1382 1392 1439 transformavit.
1452 1381 2030 1438 Commiserationem

387 1474 886 1549 praetereuntium,
914 1472 962 1529 si
988 1472 1272 1529 illustrem
1306 1471 1464 1527 illam
1496 1476 1554 1528 et
1580 1471 2030 1545 pulcherrimam

384 1565 635 1622 formam
666 1571 838 1635 atque
869 1561 1029 1619 omni
1057 1561 1439 1619 admiratione
1453 1561 1862 1634 dignissimam
1895 1578 2031 1635 spec

389 1657 635 1721 ctarent,
667 1651 903 1722 veritus,
940 1650 1247 1724 plerasque
1305 1650 1526 1707 aboleri
1578 1666 1787 1722 passus
1842 1655 1949 1721 est,
1979 1655 2035 1707 et

391 1761 557 1803 suam
613 1744 922 1817 imaginem
978 1742 1182 1798 habitu
1241 1742 1615 1815 imperatorio
1674 1747 1777 1797 aut
1857 1741 2033 1798 Alexii

390 1848 617 1908 sponsas
647 1836 934 1889 astantem
965 1837 1067 1888 aut
1094 1831 1339 1889 seorsim
1393 1831 1615 1903 reponi.
1650 1832 1784 1889 Post
1816 1831 2033 1888 omnia.

376 1924 547 1997 juxta
576 1923 756 1979 aedem
782 1925 1122 1978 sanctorum
1157 1937 1226 1977 ιι.
1250 1921 1591 1993 magniﬁcas
1623 1920 1773 1978 aedes
1804 1920 2032 1990 struxit,

382 2012 443 2068 in
479 2010 859 2084 quibus,cum
893 2010 1175 2081 templum
1214 2008 1380 2066 vellet
1411 2010 2032 2081 ingredi,versaretur;

387 2105 444 2159 et
469 2101 606 2171 quia
644 2099 980 2156 recentibus
1038 2114 1163 2154 BUIS
1220 2097 1387 2154 factis
1445 2098 1693 2170 parietes
1745 2096 2040 2154 coloribus

390 2194 490 2245 aut
522 2188 786 2245 alborum
806 2186 1736 2259 calculorumlinterpositionibus
1757 2188 2038 2243 adornare

397 2293 514 2334 non
539 2280 784 2349 poterat,
817 2277 887 2332 ad
905 2292 974 2332 ea
1004 2277 1291 2333 convertit
1320 2275 1584 2333 animum
1641 2277 1856 2349 quibus
1905 2280 2039 2332 ante

389 2365 705 2439 imperium
739 2367 927 2421 fuerat
956 2370 1293 2438 occupatus.
1327 2366 1398 2421 Ea
1433 2372 1596 2421 erant
1620 2365 2036 2438 aurigationes,

390 2459 748 2531 venationes,
774 2458 1052 2531 strepitus
1073 2458 1289 2527 svium,
1348 2459 1595 2515 latratus
1626 2474 1861 2526 canum,
1922 2475 2040 2514 cer-

389 2566 597 2608 vorum
632 2550 1012 2621 leporumque
1037 2560 1302 2615 venatus,
1335 2565 1609 2621 aprorum
1666 2554 1723 2604 et
1774 2549 2039 2605 zumbro—

389 2656 523 2696 rum
555 2638 848 2695 oonfoseio
878 2640 985 2709 (est.
1015 2645 1206 2694 autem
1237 2640 1520 2694 zumbrus
1547 2639 1689 2707 fera,
1724 2654 1851 2710 qua:
1885 2638 2039 2710 apud

383 2728 818 2801 Tauroscythas
841 2727 1218 2799 potissimum
1255 2727 1538 2799 nascitur,
1574 2733 1633 2783 et
1665 2744 1802 2784 urso
1833 2732 1888 2784 et
1918 2728 2036 2783 leo-

387 2818 567 2891 pardo
599 2817 831 2889 major),
854 2820 910 2872 et
948 2816 1064 2873 vita
1105 2816 1349 2889 agrestis
1404 2816 1465 2872 in
1521 2817 1812 2885 tentoriis,
1883 2818 2037 2873 484

389 2911 447 2964 et
485 2905 747 2964 convivia
796 2921 865 2961 ex
921 2913 1130 2961 venatu
1182 2905 1499 2977 simplicia,
1559 2914 1615 2961 et
1672 2906 2039 2963 Andronicus

386 2995 682 3053 cervinam
715 2999 816 3051 aut
849 3011 1175 3067 aprugnum
1209 2996 1335 3050 suis
1395 2994 1670 3051 manibus
1720 2994 1777 3050 in
1823 2995 2038 3052 frustra

384 3100 593 3142 secans
623 3088 681 3139 et
710 3083 1019 3153 diligenter
1038 3099 1264 3152 assans,
1298 3087 1356 3139 et
1385 3084 1441 3139 id
1474 3099 1661 3156 genus
1720 3085 1856 3154 alia,
1909 3101 2037 3157 quae

386 3173 565 3229 vitam
589 3171 844 3227 hominis
878 3176 1295 3243 representant
1327 3188 1487 3240 arcu,
1515 3172 1706 3238 gladio
1736 3178 1793 3229 et
1824 3174 2035 3232 veloci-

387 3261 497 3317 bus
528 3260 696 3331 equis
725 3260 872 3326 freti,
910 3261 1094 3330 patria
1135 3260 1254 3315 sive
1323 3261 1396 3316 ob
1422 3258 1855 3332 simplicitatem
1913 3262 2035 3321 sive

2132 678 2224 715 νον
2255 656 2384 720 τοὺς
2430 656 2606 721 πόδας
2664 654 3081 725 ἀναϐαινούσαις
3133 661 3212 727 εἰς
3247 663 3464 740 γόνατα,
3520 667 3610 720 καὶ
3670 664 3796 743 δρέ-

2135 767 2297 803 πανον
2362 748 2701 823 περικαμπὶς
2757 752 3065 829 κατέχοντα
3111 755 3181 826 τῇ
3239 753 3413 830 χειρὶ,
3476 756 3637 830 βριθὺ
3695 758 3787 813 καὶ

2139 837 2276 913 μέγα
2325 836 2416 925 καί
2463 832 2743 912 στιϐαρὸν,
2776 840 3137 925 συμμάρπτον
3185 845 3266 914 τῷ
3325 841 3596 899 ἐπικλινεῖ
3651 848 3793 925 σχή-

2142 945 2267 998 ματι
2326 924 2416 979 καὶ
2478 930 2775 1002 σαγηνεῦον
2836 924 2985 989 ἒντὸς
3037 926 3380 1005 ἀγαλματίαν
3442 924 3793 1007 μειρακίσκον

2135 1012 2239 1078 ἕως
2278 1017 2552 1093 φάρυγγος
2591 1017 2681 1071 καὶ
2735 1012 2905 1091 ὢμων
2962 1018 3425 1095 προφαινόμενον,
3476 1020 3655 1077 ἐκεῖνα
3702 1020 3795 1078 διά

2137 1113 2240 1176 τῆς
2281 1104 2486 1167 εἰκόνος
2541 1104 2669 1169 τοὺς
2728 1104 3129 1181 παροδεύοντας
3183 1112 3336 1182 μυῶν
3393 1110 3640 1187 ἀτεχνῶς
3697 1112 3791 1169 καὶ

2142 1190 2412 1248 διδάσκων
2470 1192 2692 1263 στηλῶν
2748 1196 2835 1249 καὶ
2897 1190 3143 1271 κύρϐεων
3201 1203 3388 1252 πασῶν
3442 1198 3788 1276 ὑψηλότερον

2140 1284 2428 1347 καὶτιθεῖς
2458 1288 2572 1346 τοῖς
2609 1282 2972 1358 βουλομένοις
3032 1284 3260 1361 ὐπόψια,
3311 1282 3449 1362 ἅπερ
3502 1289 3654 1365 εἶχεν
3702 1290 3792 1347 ἐπὶ

2140 1376 2249 1427 τῶν
2294 1367 2469 1448 ἔργων
2530 1375 2859 1446 ἠνομηκὼς,
2914 1374 3008 1429 τὸν
3064 1373 3418 1451 κληρονόμον
3477 1377 3797 1448 ἀπεκτονὼς

2143 1464 2230 1518 καὶ
2264 1463 2363 1531 τήν
2405 1463 2586 1538 ἀρχήν
2637 1462 2751 1536 ἅμα
2797 1463 2890 1519 καὶ
2937 1464 3035 1533 τὴν
3094 1462 3301 1520 ἄκοιτιν
3359 1464 3570 1524 ἐκείνου
3618 1470 3793 1543 ὲαυτῷ

2147 1552 2645 1627 μνηστευσάμενος.
2680 1550 2860 1609 Ἀλλά
2888 1552 2976 1607 καὶ
3007 1552 3096 1608 ἐπὶ
3127 1555 3310 1618 κίονος
3353 1557 3492 1613 κατά
3535 1558 3598 1613 τὸ
3646 1559 3794 1635 χαλ-

2142 1644 2271 1697 κοῦν
2307 1640 2578 1717 μετέωρον
2627 1640 3050 1717 τετράπλευρον,
3102 1643 3154 1699 ἐν
3189 1645 3235 1717 ᾧ
3261 1647 3459 1720 γυμνοὶ
3512 1644 3788 1723 περιϐληο

2148 1729 2331 1805 μάτων
2383 1726 2793 1806 μηλοϐολοῦσιν
2845 1730 3131 1804 ἀλλήλους
3182 1734 3234 1789 οὶ
3287 1736 3541 1811 Ἔρωτες,
3574 1736 3605 1792 ὅ
3634 1739 3789 1796 Ἀνε-

2149 1817 2445 1894 μοδούλιον
2522 1819 2808 1890 κέκληται,
2883 1820 3069 1876 ἑαυτὸν
3144 1822 3460 1894 ἀναστήσειν
3551 1822 3785 1900 ἐμελέτα

2144 1908 2414 1983 χαλκοῦν,
2471 1908 2664 1984 καίπερ
2710 1910 2805 1972 τὰς
2859 1909 3067 1973 εἰκόνας
3123 1915 3223 1977 τῆς
3274 1911 3554 1988 βασιλίδος
3606 1915 3784 1988 Ξὲνης

2142 2004 2244 2067 τῆς
2274 2002 2373 2053 τοῦ
2408 1996 2677 2074 βασιλέως
2709 1997 2953 2069 Ἀλεξίου
2987 2001 3218 2075 μητρὸς,
3247 1999 3313 2072 ἤν
3346 2000 3437 2058 διὰ
3482 2009 3790 2081 πνιγμονῆς

2142 2091 2239 2142 τοῦ
2297 2092 2391 2162 ζῇν
2452 2088 2767 2161 ἀπεξένωσε,
2835 2088 2973 2165 πρὸς
3046 2092 3373 2165 γεραιτάτην
3441 2093 3533 2149 καὶ
3601 2095 3792 2170 ῥικνήν

2150 2184 2595 2257 μεταζωγραφῶν
2647 2181 2891 2255 μορφὴν,
2948 2182 3041 2237 τὸν
3091 2180 3151 2239 ἑκ
3200 2189 3306 2239 τῶν
3355 2184 3664 2261 παριόντων
3703 2187 3793 2244 καὶ

2147 2268 2435 2341 θεωμένων
2485 2270 2548 2324 τὸ
2610 2267 2864 2345 λαμπρὸν
2934 2269 3104 2327 ἐκεῖνο
3152 2271 3242 2327 καί
3298 2273 3793 2350 περικαλλέστατον

2148 2355 2296 2422 εἶδος
2335 2359 2425 2415 καὶ
2476 2364 2572 2415 τοῦ
2639 2361 3001 2435 θαυμάζεσθαι
3052 2363 3348 2434 ἀξιώτατον
3407 2362 3795 2443 ὑποϐλεπόμε-

2144 2470 2233 2512 νος
2256 2446 2436 2519 ἔλεον,
2463 2450 2560 2510 τὰς
2591 2446 2649 2505 δὲ
2678 2448 2902 2513 πλείους
2932 2452 3022 2506 καὶ
3054 2453 3202 2526 [214]
3232 2451 3551 2529 ἀπαλείφειν
3600 2453 3788 2523 ἐνδοὺς

2141 2542 2259 2599 τοῖς
2306 2534 2573 2609 ἐθέλουσι,
2630 2538 2720 2593 καὶ
2773 2540 3157 2617 μετεγγράφειν
3208 2540 3369 2597 αὐτὸν
3425 2541 3478 2598 ἓν
3533 2546 3786 2620 σχήματι

2147 2624 2419 2704 βασιλικῷ
2445 2631 2515 2702 τῇ
2548 2627 2795 2700 Ἀλεξίου
2827 2634 3044 2704 μνηστῇ
3076 2631 3459 2706 συνιστάμενον
3490 2631 3527 2704 ἤ
3558 2637 3646 2690 καὶ
3669 2637 3789 2701 καθ’

2143 2717 2333 2771 ἑαυτὸν
2364 2713 2478 2787 ἰδίᾳ
2504 2715 2867 2790 τυπούμενον.
2934 2718 3061 2776 Ἐπὶ
3107 2726 3266 2775 πᾶσιν
3325 2721 3606 2799 ἀνεγείρας
3654 2722 3791 2780 κατά

2140 2805 2231 2862 τὸν
2289 2806 2419 2860 νεὼν
2481 2809 2590 2861 τῶν
2654 2808 3062 2881 Τεσσαράκοντα
3127 2808 3430 2884 Μαρτύρων
3501 2808 3785 2882 πολυτελῆ

2144 2894 2421 2967 οἰκήματα
2470 2895 2644 2967 ἑαυτῷ
2703 2894 2972 2971 ἀφώρισεν
3023 2897 3100 2959 είς
3159 2897 3458 2969 ἐνοίκησιν,
3511 2900 3672 2970 ἡνίκα
3727 2900 3788 2959 ἄν

2144 2984 2397 3063 ἀφίκοιτο
2426 2985 2564 3060 πρὸς
2602 2986 2662 3040 τὸ
2700 2984 2942 3059 τέμενος.
2998 2988 3092 3057 Μὴ
3143 2987 3287 3066 ἔχων
3337 2986 3385 3043 δ’
3437 2987 3528 3044 οὖν
3578 2992 3639 3047 ἐκ
3683 2997 3788 3048 τῶν

2142 3074 2472 3152 προσφάτων
2513 3073 2603 3128 καὶ
2650 3079 2851 3151 νεαρῶν
2911 3074 3076 3132 αὐτοῦ
3131 3077 3375 3152 πράξεων
3432 3082 3792 3138 καταπάττειν

2140 3161 2267 3225 τοὺς
2303 3160 2507 3236 δόμους
2564 3168 2643 3236 τῷ
2687 3165 2793 3219 τῶν
2848 3166 3159 3240 χρωμάτων
3214 3173 3570 3243 συγκερασμῷ
3599 3168 3635 3237 ἢ
3665 3174 3785 3231 ταῖς

2145 3251 2373 3314 λεπταῖς
2420 3252 2868 3309 καταποικίλλειν
2922 3259 3029 3309 τῶν
3075 3252 3329 3335 ψηφίδων
3372 3256 3648 3327 ἐνθέσεσιν,
3702 3257 3782 3320 εἰς

393 3312 493 3317 ηπ*
535 3312 689 3331 -.ι-κ-
910 3312 923 3330 ι
1331 3312 1389 3316 -_
1424 3312 1855 3332 _-_-,.---------._
1913 3312 2032 3321 --η

393 3350 668 3407 virtutem
701 3365 865 3404 suam
897 3348 1244 3406 exsulantis.
1278 3350 1484 3405 Verum
1513 3349 1877 3407 Andronicus
1914 3352 2031 3408 for-

2145 3343 2214 3399 τὰ
2241 3312 2480 3414 πρὸτῆς
2512 3343 2795 3419 βασιλείας
2824 3339 3051 3419 ἔϐλεψεν
3085 3312 3240 3422 ἔργα,
3289 3346 3375 3401 καὶ
3421 3346 3485 3416 ἦν
3533 3312 3785 3418 ἱππῖηλοὶᾇ

389 3443 596 3495 tunam
630 3453 794 3493 suam
818 3451 952 3493 cum
986 3437 1255 3493 Davidica
1284 3438 1685 3510 comparabat,
1719 3455 1897 3512 seque
1947 3440 2035 3497 in-

388 3528 555 3584 vidias.
590 3527 730 3584 retia
762 3543 924 3599 aeque
957 3531 1022 3582 ut
1052 3525 1219 3583 illum
1269 3527 1514 3583 evitasse
1563 3528 1768 3583 multis
1813 3528 2035 3586 exsiliis

391 3623 583 3675 actum
634 3616 841 3672 aiebat-
890 3616 1182 3672 Interdum
1254 3632 1390 3672 suas
1444 3632 1537 3671 res
1619 3614 2034 3689 amplificando

391 3706 558 3763 illum
591 3721 798 3778 parum
823 3723 855 3760 ιι
886 3705 1191 3761 Palaestina
1222 3704 1544 3778 Sicelagam
1599 3706 1949 3777 pervenisse,
1981 3717 2035 3766 et

388 3795 812 3853 Amalechitam
864 3795 1057 3869 gladio
1111 3795 1450 3865 confecisse,
1498 3801 1556 3853 et
1611 3798 1753 3854 adeo
1800 3799 2035 3857 sordide

385 3886 599 3943 vixisse
628 3891 695 3942 ut
723 3884 1006 3941 Nabaletn
1037 3884 1210 3942 etiam
1259 3884 1562 3942 occisurus
1621 3886 1816 3949 fuerit.
1874 3890 2031 3961 quod

386 3971 699 4047 postulatis
732 3988 847 4027 non
880 3970 1083 4026 statim
1143 3972 1489 4027 annuisset:
1550 3987 1613 4030 se
1654 3988 1791 4029 vero
1843 3977 2031 4030 totum

383 4078 530 4135 pene
555 4061 845 4118 Orientem
881 4068 1256 4132 pervagatum
1290 4062 1357 4115 ad
1385 4076 1592 4117 omnes
1622 4067 1825 4133 gentes
1894 4078 2032 4134 apo-

383 4150 594 4206 stolico
624 4164 780 4204 more
819 4148 1032 4203 Christi
1094 4164 1307 4204 nomen
1367 4148 1680 4221 pertulisse
1728 4154 1784 4205 et
1828 4151 2031 4222 praedi-

383 4252 572 4306 casse,
604 4241 662 4291 et
691 4252 1047 4308 quocunque
1078 4237 1415 4305 transisset,
1457 4238 1712 4294 summis
1757 4239 2028 4295 allectum

383 4341 514 4382 esse
543 4324 888 4394 honoribus,
921 4329 978 4380 et
1010 4341 1142 4381 cum
1188 4325 1505 4382 honorifico
1536 4327 1818 4383 comitatu
1851 4344 2031 4385 reces-

381 4413 690 4472 sisse.Haac
723 4429 838 4468 non
873 4413 2029 4488 indisertecommemorabai,praesertim

379 4506 432 4562 si
460 4518 595 4561 cum
624 4503 767 4560 viris
799 4502 1042 4558 eruditis
1057 4508 1114 4559 et
1144 4503 1553 4575 eloquentibus
1582 4504 2027 4577 colloqueretur,

378 4594 552 4651 rebus
583 4593 777 4650 adhuc
808 4592 1053 4665 integris
1074 4596 1131 4647 et
1176 4592 1532 4664 tranquillis.

2145 3454 2236 3489 σια
2263 3435 2355 3490 καὶ
2384 3435 2682 3508 κυνηγέσια
2732 3438 3187 3514 ζωγραφούμενα,
3231 3436 3493 3513 κλωγμὸς
3541 3445 3783 3511 πτηνῶν,

2145 3524 2379 3598 θεϋσμὸς
2433 3529 2625 3597 κυνῶν,
2689 3520 3055 3605 ἐλαφηϐολίαι
3121 3526 3210 3581 καὶ
3267 3525 3453 3605 λαγῶν
3505 3528 3786 3604 θηρεύσεις

2142 3613 2232 3668 καὶ
2272 3611 2610 3688 χαυλιόδους
2670 3619 2763 3675 σῦς
2823 3612 3297 3689 διακοντιζόμενος
3356 3616 3446 3672 καὶ
3509 3622 3788 3694 ζοῢμπρος

2145 3696 2566 3774 διελαυνόμενος
2631 3699 2817 3775 δόρατι
2876 3706 3040 3773 (ζῶον
3097 3700 3155 3758 δὲ
3211 3702 3370 3769 οὗτος
3422 3706 3485 3761 τὸ
3558 3708 3786 3782 μέγεθος

2144 3792 2277 3868 ὑπερ
2326 3790 2524 3869 ἄρκτον
2587 3793 2818 3866 μυθικὴν
2876 3793 2967 3848 καὶ
3026 3790 3294 3869 πάρδαλιν
3356 3796 3597 3869 στικτὴν,
3654 3796 3790 3852 κατά

2139 3881 2267 3943 τοὺς
2335 3882 2713 3957 Ταυροσκύθας
2771 3882 3039 3958 φυόμενον
3082 3881 3320 3958 μάλιστα
3377 3886 3469 3941 καὶ
3520 3887 3791 3961 τρεφόμε-

2142 3974 2276 4044 νον),
2315 3971 2404 4027 καὶ
2440 3970 2558 4045 βίος
2607 3971 2917 4047 ἀγροικικὸς
2964 3972 3053 4025 καὶ
3104 3972 3364 4044 σκηνίτης
3414 3976 3503 4030 καί
3561 3973 3792 4038 ἑστίασις

2144 4062 2337 4118 ἐκτῶν
2386 4060 2768 4137 θηρευομὲνων
2811 4059 3053 4138 σχέδιος,
3104 4062 3193 4118 καὶ
3239 4064 3398 4128 αὐτὸς
3449 4063 3790 4139 Ἀνδρόνικος

2146 4149 2464 4226 μιστύλλων
2492 4151 2798 4227 ζαῦτογειρὶ
2849 4150 3007 4226 κρέας
3062 4150 3309 4231 ἐλάφειον
3355 4152 3391 4223 ἤ
3422 4153 3632 4230 κάπρου
3688 4177 3792 4228 μο-

2141 4242 2422 4309 νάζοντος,
2453 4239 2544 4295 καί
2587 4239 2767 4296 ὀπτῶν
2815 4237 3188 4318 περιφραδέως
3247 4243 3398 4317 πυρὶ,
3449 4245 3540 4299 καὶ
3587 4245 3796 4310 τοιαῦο⁹

2139 4325 2318 4405 ἕτερα,
2377 4329 2551 4384 ὁπόσα
2606 4331 2992 4404 τεκμηριάζειν
3069 4328 3259 4406 ἔχουσι
3352 4332 3535 4406 βίοτον
3594 4330 3791 4408 ἀνδρὸς

2141 4418 2468 4482 πεποιθότος
2501 4416 2590 4473 ἐπὶ
2628 4420 2771 4490 τόξῳ
2820 4417 2911 4473 καὶ
2962 4418 3210 4495 ῥομφαίᾳ
3264 4420 3354 4476 καὶ
3401 4419 3600 4487 ’ίπποις
3646 4419 3790 4478 63x6-

2140 4528 2290 4576 ποσι,
2349 4506 2637 4586 φεύγοντός
2695 4527 2755 4561 τε
2851 4509 2952 4577 τήν
3041 4509 3397 4583 ἑνεγκαμὲνην
3454 4507 3525 4565 δι’
3585 4510 3789 4567 οἰκείαν

2069 4581 2114 4645 D
2146 4581 2468 4671 ἀϐελτερίαν
2500 4593 2536 4665 ἤ
2569 4594 2786 4670 ἀρετήν.
2819 4597 2880 4655 Ὁ
2921 4594 2967 4652 δ’
2999 4581 3346 4674 Ἀνδρόνικος
3374 4599 3464 4654 καὶ
3513 4600 3588 4663 εἷς
3622 4595 3791 4656 Δαϐἱδ

376 4682 539 4759 ἀνῆγε
574 4682 638 4737 τά
670 4682 882 4747 ἑαυτοῦ,
916 4680 1004 4735 καὶ
1034 4680 1153 4735 κατ’
1183 4677 1389 4735 ἐκεῖνον
1450 4675 1606 4757 ἔλεγε
1648 4682 1739 4737 καὶ
1789 4682 1952 4745 αὐτὸς
2009 4684 2078 4740 τὰ
2142 4688 2239 4742 τοῦ
2295 4686 2493 4763 φθόνου
2552 4682 2919 4759 ἐκδιδράσκειν
2980 4687 3151 4743 πάλαι
3211 4690 3453 4764 θήρατρα
3509 4689 3599 4745 καί
3655 4690 3794 4764 πρὸς

375 4771 474 4839 τήν
506 4768 802 4839 ἀλλοτρίαν
852 4768 1128 4834 πολλάκις
1185 4770 1703 4841 μετασκευάσασθαι.
1762 4773 2094 4847 Ὑπεξαίρων
2152 4770 2198 4828 δ’
2228 4772 2336 4839 ἔσθ’
2394 4774 2502 4845 ὀπη
2537 4775 2601 4830 τὰ
2659 4776 2872 4848 ἑαυτοῦ,
2911 4776 3003 4833 τὸν
3057 4778 3149 4851 μὲν
3199 4778 3410 4834 καθίσαι
3453 4783 3560 4835 τῶν
3625 4780 3788 4854 ὁρίων

374 4866 474 4926 τῆς
524 4857 891 4928 Παλαιστίνης
947 4858 1145 4924 ἄποθεν
1212 4860 1389 4936 βραχὺ
1449 4861 1584 4915 κατά
1640 4864 1738 4931 τὴν
1802 4860 2030 4918 Σικελάν
2094 4858 2269 4940 ἔλεγε.
2341 4864 2430 4919 καὶ
2489 4865 2806 4940 συγκόπτειν
2872 4865 2963 4921 τὸν
3044 4866 3423 4941 Ἀμαληκίτην
3517 4871 3787 4946 μαχαίρᾳ,

376 4945 465 5000 καὶ
496 4943 779 5021 γλίσχρως
812 4944 1042 5019 ἀποζῇν,
1075 4946 1211 5004 ὥστε
1258 4950 1347 5004 καὶ
1397 4951 1489 5006 τὸν
1538 4946 1731 5007 Νάϐαλ
1780 4951 2091 5016 ἀπεκτονὼς
2145 4954 2211 5022 ἦν
2271 4951 2329 5007 ἂν
2388 4954 2473 5009 ὅτι
2521 4956 2597 5028 μὴ
2649 4954 2749 5009 οὐκ
2804 4956 2955 5031 εἶχεν
3016 4957 3119 5013 ἀνὰ
3176 4963 3367 5034 χεῖρας
3423 4959 3486 5014 τὸ
3543 4943 3786 5032 αἰτηθὲν·

379 5033 565 5088 ἑαυτὸν
596 5030 652 5088 δὲ
677 5032 747 5088 δι’
786 5035 947 5090 ἐθνῶν
979 5042 1084 5091 τῶν
1119 5037 1266 5107 ἑῴων
1295 5039 1545 5095 ἀπάντων
1600 5038 1793 5115 σχεδὸν
1845 5040 1998 5114 ῗέναι,
2050 5042 2141 5097 καὶ
2192 5040 2278 5098 ἐπὶ
2327 5048 2455 5098 πᾶσι
2514 5044 2576 5099 τὸ
2631 5047 2731 5098 τοῦ
2785 5045 3027 5120 Χριστοῦ
3087 5047 3347 5122 βαστάσαι
3412 5047 3502 5104 καὶ
3562 5050 3790 5124 κηρῦξαι

376 5120 756 5182 ἀποστολικῶς
822 5120 1015 5194 ὄνομα,
1078 5129 1249 5196 τιμῶν
1298 5147 1358 5182 τε
1420 5132 1526 5183 τῶν
1585 5128 1842 5183 ἀνωτάτω
1904 5129 2233 5207 μεταλαχεῖν
2293 5129 2362 5187 δι’
2415 5133 2490 5187 ὧν
2557 5129 2845 5207 διήρχετο,
2905 5135 2996 5189 καὶ
3061 5120 3522 5213 προπεμπόμενον
3582 5120 3787 5194 ἀπανί-

378 5211 616 5265 στασθαι.
688 5212 784 5265 Καὶ
850 5217 1015 5266 ταῦτα
1084 5214 1180 5284 μὶν
1240 5211 1437 5290 διεξῄει
1498 5218 1633 5290 μετὰ
1701 5218 2059 5295 πειθανάγκης
2119 5222 2335 5293 ἱκανῆς,
2394 5222 2583 5284 ὁποῖος
2650 5220 2878 5294 ἐκεῖνος,
2939 5224 3028 5278 καὶ
3101 5211 3464 5298 μάλιστανῆν
3533 5224 3787 5302 ἀνδράσιν

381 5298 584 5371 ὡμίλει
624 5300 801 5374 ⁸λόγου
859 5300 944 5355 καὶ
1017 5300 1206 5375 σοφίας
1268 5305 1613 5381 μετέχουσιν,
1682 5304 1760 5362 ἔτι
1828 5312 1933 5363 τῶν
1991 5310 2325 5385 πραγμάτων
2388 5310 2775 5385 γαληνιώντων
2841 5312 2931 5367 καὶ
2998 5314 3264 5388 ἠρεμαίαν
3328 5313 3565 5391 ἐχόντων
3628 5298 3791 5373 κατά·

383 5408 583 5443 στασιν.

447 5479 501 5532 7.
530 5479 662 5542 Quae
694 5488 888 5536 autem
924 5481 1500 5553 postremoinstituit
1534 5494 1590 5542 et
1639 5504 1708 5543 ex
1745 5492 1911 5560 parte
1941 5488 2027 5544 in-

376 5566 627 5635 choavit,
662 5574 718 5625 et
749 5571 994 5625 extremi
1024 5570 1239 5626 furoris
1272 5579 1436 5629 erant
1486 5580 1543 5631 et
1599 5593 1829 5633 omnem
1889 5594 2024 5634 cru-

373 5656 635 5714 delitatis
669 5658 1101 5715 immanitatem
1132 5660 1504 5729 superabant.
1543 5664 1686 5721 Nam
1720 5680 1852 5721 cum
1916 5667 2022 5722 im-

366 5747 601 5822 perium
633 5747 908 5806 imminui
940 5758 993 5807 et
1040 5747 1478 5812 multitudinem
1528 5751 1785 5810 hostium
1842 5756 2023 5813 instar

2215 5490 2275 5559 ζ’.
2309 5490 2391 5546 Τὰ
2440 5488 2497 5545 δὲ
2543 5488 2864 5546 τελευτῶντι
2924 5492 3072 5564 αὐτῷ
3126 5476 3499 5569 μελὶτώμενα,
3559 5493 3669 5565 ἤδη
3731 5492 3787 5550 δὲ

2138 5578 2225 5633 καὶ
2260 5579 2439 5655 ἀρχὴν
2502 5575 2854 5653 λαμϐάνοντα
2902 5581 3161 5657 γίνεσθαι,
3223 5580 3462 5659 ἐσχάτης
3514 5584 3580 5654 ἦν
3641 5584 3787 5640 ἀπο-

2134 5666 2287 5729 νοίας
2351 5669 2715 5742 ἀποκυηματα
2775 5671 2863 5727 καὶ
2920 5670 3345 5747 παρεληλᾱκότα
3400 5678 3571 5730 πᾶσαν
3612 5673 3785 5730 ἀπαν-

2131 5757 2375 5831 θρωπίας
2446 5753 2783 5834 ὑπερϐολήν.
2844 5761 3025 5839 Ὀρῶν
3078 5762 3178 5841 γὰρ
3237 5764 3304 5819 τὰ
3363 5765 3457 5838 μὶν
3520 5766 3616 5834 τῆς
3675 5763 3778 5820 ὑπ-
