4126 6294
431 400 554 463 693

1476 396 1582 457 DE
1627 394 2075 458 ANDRONICO
2117 395 2493 459 COMNENO
2533 398 2684 460 LIB.
2731 398 2812 459 II.

3734 398 3851 464 σοι

439 533 647 591 ἐκεῖνον
681 536 859 612 ἀρχῆς
884 530 1306 607 σμικρυνόμινα,
1335 528 1464 592 τοὺς
1513 527 1569 586 δὲ
1615 528 1923 603 πολεμίους
1957 532 2076 586 κατέ

2206 530 2459 589 hibernis
2494 531 2725 590 nivibus
2774 507 2932 589 aucti
2982 532 3248 591 torrentis
3277 537 3333 590 et
3373 497 3533 590 extra
3586 533 3742 606 ripas
3771 535 3855 593 eia

440 624 569 686 τοὺς
599 622 649 694 ἒξ
710 618 932 698 ὄμϐρων
988 621 1298 692 πλήθοντας
1355 620 1639 695 ποταμοὺς
1678 620 1767 676 καὶ
1799 619 1893 683 τὰς
1926 617 2097 697 ὄχθας

445 714 828 789 ὑπερανιόντας
874 712 941 767 τὰ
989 710 1041 766 ἐν
1099 711 1256 766 ποσὶν
1327 711 1724 785 ἐξερημοῦντας
1794 711 1882 766 καὶ
1932 732 2096 766 κατα-

443 801 760 874 κλύζοντας,
803 802 937 855 κατὰ
987 802 1169 875 βραχύ
1228 821 1285 855 τε
1340 801 1441 868 τὴν
1499 798 1783 856 πολιτείαν
1816 798 2093 874 ἐλευθεροο

445 895 746 965 στομοῦσαν
806 889 896 945 καὶ
954 890 1092 964 πρὸς
1148 889 1476 945 ἀποστασίαν
1540 890 1969 964 ὑποκινουμένην
2014 893 2095 952 οἷς

442 982 518 1055 μὴ
570 977 1079 1057 φροντιδυκοπεῖται
1136 979 1268 1054 ὑπὲρ
1324 978 1519 1047 αὐτῶν,
1581 977 1708 1034 ἀλλ’
1757 979 1831 1041 ὼς
1882 979 1956 1041 εἷς
1996 980 2096 1034 κά-

449 1093 609 1149 ρωμα
663 1072 833 1128 ὕπνου
864 1072 1208 1151 κατενεχθεὶς
1256 1068 1369 1127 οὔθ’
1411 1072 1536 1145 ὁρᾷν
1586 1068 1838 1126 οὔτ’ἁὶειν
1870 1067 1985 1147 ἔχει
2031 1072 2095 1127 τὰ

438 1162 540 1218 ὑπὸ
626 1165 734 1217 τῶν
826 1160 1355 1235 ἐπιστρατευσάντων
1454 1158 1616 1215 ἐθνῶν
1722 1160 2090 1233 ἀνομούμενα,

438 1247 673 1321 ὠδίνησέ
726 1270 785 1305 τε
841 1248 1007 1305 πόνον
1071 1248 1159 1304 καὶ
1220 1248 1449 1322 ἂνομίαν
1507 1247 1783 1319 ἀπέτεκεν,
1819 1248 1879 1304 οὐ
1931 1249 2090 1305 τόσον

436 1339 645 1397 οἴκοθεν
678 1338 803 1395 ὅσον
842 1340 931 1417 ὑφ’
962 1340 1158 1414 ὲτὲρων
1190 1338 1268 1402 εἷς
1318 1339 1384 1393 τὰ
1432 1337 1611 1395 ἄτοπα
1640 1336 2087 1413 ἐποτρυνόμενος.

434 1429 496 1487 Ἡ
528 1429 676 1502 [215]
710 1423 767 1482 δὲ
796 1428 861 1496 ἦν
886 1427 947 1481 τὸ
981 1429 1057 1500 μὴ
1094 1426 1259 1500 μόνον
1289 1425 1450 1489 ὅσους
1482 1424 1807 1502 συνείληφεν
1841 1424 1892 1480 ἐν
1926 1446 2093 1502 φρουε-

436 1522 553 1594 ραῖς
587 1516 801 1589 θανάτῳ
837 1514 1183 1587 ὑποδικάσαι,
1234 1514 1326 1571 καὶ
1381 1515 1474 1577 οὕς
1509 1516 1603 1587 μὶν
1640 1515 1939 1589 μαχαίραις
1969 1514 2088 1569 ἀνε-

436 1603 569 1674 λεῖν,
604 1604 695 1669 οὕς
725 1600 782 1661 δὲ
813 1603 1089 1675 θαλάσσης
1122 1603 1398 1660 ἀκοντίσαι
1428 1604 1602 1678 βυθῷ,
1625 1603 1698 1657 ὧν
1726 1602 1783 1658 δὲ
1812 1603 2092 1667 ἀκινάκαις

435 1693 726 1769 ἀναρρῆξαι
776 1693 870 1755 τὰς
941 1693 1226 1771 γαστέρας,
1278 1692 1370 1747 καὶ
1418 1690 1627 1755 ἄλλους
1677 1688 1864 1753 ἄλλως
1896 1692 2088 1762 {51:55a-

436 1787 623 1858 γαγεῖν
659 1786 757 1837 τοῦ
789 1783 966 1857 βιοῦν,
1016 1779 1163 1837 ἀλλᾶ
1215 1782 1304 1836 καὶ
1359 1781 1495 1836 κατὰ
1533 1784 1640 1835 τῶν
1676 1778 2086 1855 συναπτομένων

2200 621 2314 678 fusi
2346 622 2510 678 obvia
2560 637 2803 695 quisque
2834 626 3077 693 vastare,
3113 633 3165 680 et
3218 625 3367 681 435
3404 622 3670 680 subditos
3709 640 3850 695 pau-

2201 711 2366 768 latim
2424 711 2679 783 incipere
2738 712 2977 768 liberius
3035 712 3192 784 loqui
3275 713 3655 770 deiectionem
3715 730 3849 785 spe-

2203 811 2356 861 ctare
2416 803 2847 871 animadvertit,
2898 804 3047 874 quod
3103 803 3320 859 nullam
3374 804 3599 875 imperii
3650 820 3849 861 curam

2200 892 2558 964 susciperet,
2624 893 2726 947 sed
2801 892 2975 948 veluti
3053 902 3286 949 veterno
3359 908 3670 964 Oppressus
3744 894 3847 948 hoc

2202 985 2375 1038 stium
2445 981 2830 1052 grassationes
2886 998 3069 1054 neque
3124 982 3346 1039 videret
3422 998 3607 1056 neque
3684 984 3851 1039 audi-

2202 1078 2305 1137 ret,
2339 1071 2609 1142 parturiit
2640 1071 2893 1126 laborem
2946 1076 3004 1127 et
3032 1071 3255 1144 peperit
3302 1070 3692 1143 iniquitatem,
3735 1088 3851 1128 non

2199 1166 2315 1216 tam
2370 1179 2476 1218 sua
2534 1167 2739 1233 sponte
2795 1178 2969 1234 quam
3030 1161 3275 1219 aliorum
3330 1162 3585 1219 consiliis
3642 1163 3853 1220 incita-

2198 1254 2332 1318 tus;
2393 1251 2493 1322 qui
2546 1251 2860 1307 monebant
2921 1257 2984 1306 ut
3042 1256 3324 1323 quotquot
3385 1251 3445 1307 in
3521 1252 3852 1308 carceribus

2201 1342 2571 1410 tenerentur,
2627 1339 2833 1412 capitis
2891 1339 3191 1410 damnati,
3255 1339 3353 1395 alii
3399 1339 3849 1411 jugularentur,

2197 1426 2294 1483 alii
2352 1428 2411 1484 in
2470 1428 2709 1484 fundum
2781 1430 2955 1484 maris
3026 1429 3545 1501 demergerentur,
3604 1426 3850 1486 aliorum

2196 1521 2426 1574 ventres
2500 1518 2967 1583 dissecarentur,
3036 1517 3135 1573 alii
3207 1518 3461 1589 denique
3520 1518 3650 1574 aliis
3724 1535 3849 1575 mo-

2197 1605 2286 1661 dis
2340 1622 2370 1661 e
2428 1606 2617 1662 medio
2675 1606 3046 1675 tollerentur,
3121 1605 3237 1661 imo
3313 1621 3376 1661 ut
3441 1608 3845 1663 damnatorum

2196 1696 2421 1767 cognati
2474 1712 2702 1769 quoque
2746 1697 3014 1752 eamdem
3061 1695 3240 1766 gladii
3288 1697 3471 1754 aciem
3519 1696 3844 1754 sentirent:

2196 1801 2380 1857 neque
2432 1786 2588 1842 enim
2664 1785 2983 1857 quidquam
3044 1784 3281 1856 proﬁci,
3360 1786 3410 1842 si
3467 1802 3584 1842 uno
3658 1788 3845 1859 capite

434 1871 649 1932 τούτοις
706 1870 843 1946 πρὸς
899 1870 1050 1946 γένος
1108 1867 1434 1941 ήκονηκέναι
1489 1870 1552 1925 τὸ
1607 1870 1779 1949 ξίφος,
1835 1894 1863 1921 ‹‹
1896 1869 1999 1944 γὰρ
2034 1893 2076 1939 υ,

553 1962 566 1976 .
727 1957 752 1976 ν
989 1959 1004 1976 ς
1105 1959 1117 1976 ,
1307 1957 1321 1976 ,
1489 1970 1505 1976 ,
1550 1958 1562 1976 1
1768 1963 1795 1974 -
1902 1956 1922 1976 η
1975 1958 1987 1976 1

2200 1880 2421 1931 resecto
2503 1875 2670 1944 plura
2744 1879 3120 1932 renascantur
3176 1890 3284 1932 nec
3356 1874 3507 1931 ferro
3582 1874 3846 1931 stridenti

437 1962 628 2035 φησὶν,
662 1986 688 2012 ‹‹
724 1957 929 2035 ὄνειαρ,
960 1959 1006 2015 εἷ
1056 1959 1257 2033 κόρσης
1303 1957 1666 2033 ἐκτμηθείσης
1701 1963 1827 2032 μιᾶς
1859 1956 2088 2014 πλείονα

432 2051 791 2128 ἐκφυήσονται
850 2050 1079 2124 κᾶρηνα,
1139 2054 1256 2113 τοῖς
1327 2046 1385 2104 δὲ
1454 2048 1555 2104 οὐκ
1610 2046 1799 2124 ἐπάγει
1855 2069 1937 2111 τις
1997 2048 2087 2103 τὸν

432 2138 658 2215 σίδηρον
719 2138 976 2209 σίζοντας
1029 2136 1365 2200 Ἐπαινετέος
1429 2136 1482 2193 ἒν
1537 2136 1716 2211 τούτῳ
1778 2136 2017 2210 μάλιστα
2057 2138 2085 2193 ὁ

430 2231 657 2304 ἡμίθεος
711 2230 801 2285 καὶ
860 2229 1031 2303 ἥρως,
1093 2227 1390 2303 Ἡρακλῆς,
1450 2228 1533 2284 ὅτι
1585 2228 1676 2283 τὸν
1717 2227 1933 2283 Ἰόλεων
1968 2226 2082 2283 ἐπι-

425 2320 626 2376 κάοντα
685 2318 806 2393 εἶχε
861 2318 951 2372 καὶ
1009 2317 1072 2372 τὸ
1125 2319 1226 2387 τῆς
1299 2314 1463 2392 ὕδρας
1520 2314 1833 2393 παλιμφυὲς
1891 2314 2084 2393 ἀφανί-

425 2415 603 2482 ζοντα.
637 2433 666 2462 ››
699 2410 883 2466 Ἔνθεν
914 2428 1001 2463 τοι
1034 2407 1125 2464 καὶ
1160 2405 1522 2478 ἐκκλησιάσας
1562 2408 1623 2462 τὸ
1681 2406 1865 2484 φίλιον
1897 2406 2083 2480 ἐκείνῳ

428 2498 701 2573 σύστημα,
732 2499 823 2554 καὶ
866 2502 973 2553 τῶν
1026 2494 1292 2553 δικαστῶν
1341 2497 1533 2551 ὁπόσοι
1587 2497 1893 2571 χρημάτων
1925 2494 2081 2552 ὢνιοι

423 2589 512 2644 καὶ
618 2590 719 2658 τήν
826 2585 1117 2663 βασιλικὴν
1217 2585 1736 2662 περιπαπταίνοντες
1810 2586 2080 2657 τράπεζαν

424 2677 661 2753 καθάπερ
724 2678 774 2732 οἱ
831 2680 998 2753 γῦπες
1047 2677 1112 2731 τὰ
1171 2677 1488 2750 θνησιμαῖα,
1538 2672 1874 2751 ἐκτραγῳδεῖ
1903 2671 2077 2730 ὁπόσα

428 2764 847 2840 ἰπονηρεύσαντο
909 2763 1105 2822 Ἰταλοὶ
1172 2765 1263 2819 καὶ
1347 2761 1484 2826 οἵοις
1564 2769 1752 2826 κακοῖς
1810 2759 2079 2838 περιϐάλ-

431 2852 620 2908 λουσιν
675 2853 937 2930 ἐπαρχίας
993 2855 1091 2917 τὰς
1148 2853 1419 2929 ἐσπερίας,
1475 2854 1564 2908 καὶ
1624 2853 1749 2914 ὅσας
1806 2855 2075 2928 παρεστή-⁸

434 2963 594 2998 σαντο
650 2939 836 3017 πόλεις
889 2944 1041 3017 νόμῳ
1115 2941 1385 3017 πολέμου·
1456 2944 1544 2997 καὶ
1604 2942 1667 3010 ἦν
1724 2941 1822 2997 οὐκ
1878 2939 2074 3005 ἄλλοις

432 3032 531 3101 τὴν
625 3016 1062 3089 αἰτίανπούτων
1120 3016 1407 3103 ἀνατιθεὶς,
1474 3029 1603 3087 ἀλλ’
1669 3028 1823 3106 οἵπερ
1888 3031 2074 3105 ἐκείνῳ

425 3120 756 3199 ἀντίφρονες,
815 3121 1007 3177 ὁπόσοι
1057 3143 1116 3178 τε
1169 3121 1384 3183 τούτοις
1427 3122 1545 3186 καθ’
1576 3123 1717 3196 αἷμα
1747 3120 1835 3176 καὶ
1868 3112 2073 3177 εὔνοιαν

422 3211 856 3287 προσῳκείωντο.
903 3211 1148 3273 Τούτους
1195 3212 1297 3287 γάρ
1351 3212 1451 3280 τήν
1503 3207 1852 3286 ’Δνδρονίκου
1911 3207 2069 3284 διψᾷν

2200 1964 2493 2022 tollantur.
2519 1964 2581 2021 In
2610 1981 2675 2021 ea
2706 1980 2765 2020 re
2794 1965 3041 2021 maxime
3069 1963 3427 2020 laudandum
3452 1980 3574 2020 esse
3608 1965 3839 2020 her‘oem

2193 2058 2250 2110 et
2299 2054 2623 2110 semideum
2676 2053 3004 2119 Herculem,
3064 2053 3215 2124 quod
3272 2053 3494 2109 Iolaum
3557 2053 3840 2123 asciverit,

2192 2143 2289 2215 qui
2311 2143 2625 2199 redivivam
2677 2142 2916 2211 hydram
2950 2146 3238 2199 exureret.
3279 2143 3481 2214 Itaque
3520 2144 3839 2200 amicorum

2191 2240 2246 2289 et
2303 2232 2789 2289 mercenariorum
2843 2233 3108 2304 judicum
3167 2231 3411 2289 concilio
3470 2235 3687 2302 coacto,
3743 2232 3841 2303 qui

2192 2339 2456 2379 mensam
2498 2322 2931 2394 imperatoriam
2986 2328 3048 2378 ut
3076 2322 3331 2379 vultures
3380 2323 3653 2378 cadavera
3702 2337 3841 2380 con-

2189 2411 2577 2479 sectabantur,
2611 2412 2907 2467 atrocibus
2949 2411 3137 2467 verbis
3178 2418 3592 2468 commemorat
3621 2415 3839 2484 quanta

2190 2500 2358 2557 fuerit
2414 2499 2690 2556 Italorum
2750 2499 3122 2571 improbitas,
3177 2508 3229 2556 et
3284 2501 3518 2573 quantis
3576 2500 3835 2557 cladibus

2186 2587 2577 2644 Occidentales
2625 2588 2951 2660 provinciae
2981 2589 3135 2645 480
3168 2589 3446 2658 afﬁciant,
3477 2593 3615 2660 quot
3664 2589 3837 2644 urbes

2185 2677 2241 2731 vi
2270 2676 2671 2747 expugnarint.
2705 2675 2951 2732 Causam
2984 2692 3181 2732 earum
3223 2692 3411 2732 rerum
3444 2676 3676 2733 nonnisi
3717 2677 3833 2733 Ro-

2185 2765 2397 2833 manis,
2430 2764 2525 2835 qui
2557 2765 2668 2821 sibi
2700 2765 3098 2834 adversentur,
3138 2780 3452 2837 eorumque
3485 2764 3749 2835 cognatis
3780 2772 3834 2823 et

2183 2854 2383 2912 amicis
2412 2854 2811 2911 ascribendam
2861 2870 3009 2910 esse.
3043 2854 3154 2910 Eos
3196 2854 3355 2911 sitire
3404 2853 3713 2911 Andronici
3744 2853 3833 2911 in-

2185 2936 2443 3011 teritum,
2503 2948 2560 3000 et
2618 2959 2837 3000 omnem
2878 2959 3105 3000 movere
3155 2943 3428 3015 lapidem,
3478 2947 3543 2999 ut
3586 2943 3831 3015 imperio

2183 3032 2521 3090 deturbatus
2556 3032 2879 3089 miserrime
2909 3033 3196 3090 concidat.
3230 3034 3413 3098 Quam
3465 3033 3833 3103 cupiditatem

2180 3138 2310 3180 cum
2342 3138 2446 3195 per
2480 3121 2782 3195 populares
2812 3122 2882 3177 ad
2916 3121 3131 3178 exitum
3176 3122 3489 3193 perducere
3520 3125 3833 3194 nequeant,

2182 3213 2437 3269 alienum
2495 3229 2565 3269 ex
2620 3211 2941 3284 longinquo
3000 3212 3312 3268 exercitum
3371 3227 3707 3278 accersere,
3766 3228 3834 3267 ac

417 3301 717 3371 ἀπώλειαν,
774 3303 865 3358 καὶ
918 3302 1093 3358 πάντα
1150 3301 1333 3356 κάλων
1387 3305 1578 3369 κινεῖν,
1637 3299 1806 3364 ε’ἶπως
1841 3306 1940 3370 τῆς
1972 3300 2065 3375 ἆρ-

2186 3302 2437 3360 locustas
2466 3302 2704 3373 imitari,
2739 3317 2864 3373 quae
2896 3301 3143 3357 ﬂammis
3181 3301 3409 3358 evitalis
3454 3318 3605 3373 aqua
3649 3301 3831 3358 suﬂ‘o-

420 3400 528 3469 χῆς
586 3392 988 3471 ἐκσφαιρισθείη
1050 3388 1396 3466 ’Δνδρόνικος
1445 3392 1534 3447 καὶ
1594 3396 1836 3446 πεσεῖται
1868 3395 2067 3464 πτῶμα

417 3482 800 3558 παγχάλεπον.
834 3483 929 3551 Μὴ
962 3478 1192 3556 ἔχοντας
1242 3478 1289 3535 δ’
1339 3481 1431 3535 οὗν
1461 3478 1614 3554 ὅμως
1647 3477 1736 3534 διὰ
1766 3478 2066 3554 συνάρσεως

418 3571 701 3649 ὁμογενῶν
763 3569 912 3648 σφίσι
972 3568 1158 3626 δοῦναι
1215 3569 1315 3639 τὴν
1371 3563 1548 3645 ἔφεσιν
1612 3567 1827 3643 πέρατι,
1895 3567 2070 3623 ἀλλα-

415 3660 566 3737 τρίαν
644 3660 736 3716 καὶ
814 3659 1102 3735 ὑπερόριον
1184 3657 1497 3734 εἰσενεγκεῖν
1600 3658 1877 3734 στρατιὰν,
1978 3659 2069 3712 καὶ

420 3752 609 3807 ταυτὸν
682 3747 937 3826 ἄντικρυς
1013 3746 1141 3825 δρᾷν
1212 3752 1292 3819 τῷ
1393 3750 1501 3803 τῶν
1577 3744 1813 3821 ἀκρίδων
1908 3740 2068 3816 ἔθνει,

418 3839 476 3896 αἳ
549 3840 612 3895 τὸ
716 3843 824 3915 πῦρ
928 3836 1378 3912 ἐκδιδράσκουσαι
1452 3841 1569 3899 τοῖς
1674 3833 1857 3891 ὕδασιν
1931 3837 2069 3893 ἀπο-

416 3931 720 4006 πνίγονται.
773 3953 801 3981 ‹‹
834 3926 985 3985 Ἐλλ’
1046 3928 1110 3983 οὗ
1174 3927 1249 4003 μὰ
1306 3929 1369 3983 τὸ
1427 3933 1598 4003 γῆρας
1626 3929 1809 3996 τοῦτο,
1851 3949 1880 3979 ››
1913 3928 2068 4001 φησὶ,

423 4021 840 4096 αχαιρήσουσιν
887 4018 939 4073 οἱ
990 4016 1282 4096 φίλεχθροι
1332 4014 1423 4071 καὶ
1481 4013 1892 4093 πολεμοχαρεῖς
1944 4017 2073 4075 Ἀν-

416 4107 675 4183 δρονίιιῳ,
751 4107 880 4163 ἀλλ’
949 4106 978 4161 ὅ
1038 4111 1229 4171 παθεῖν
1308 4101 1655 4179 Ἀνδρόνικον
1755 4102 2069 4180 γλίχονται,

413 4200 561 4256 τοῦτ’
663 4196 818 4253 αὐτοὶ
920 4198 1057 4271 πρὸς
1163 4191 1518 4271 Ἀνδρονίκου
1604 4192 1900 4251 πείσονται.
2002 4192 2069 4251 ΒΞ

414 4285 472 4343 δὲ
528 4287 589 4342 τὸ
649 4285 921 4361 μόρσιμον
1000 4283 1076 4346 εἷς
1152 4281 1286 4354 ᾇδου
1361 4279 1590 4356 δώματα
1663 4279 1941 4358 ἐφέλκεται
1981 4279 2070 4335 καὶ

411 4373 781 4451 Ἀνδρόνικον,
886 4372 1041 4428 αὐτοὶ
1150 4372 1552 4446 καθηγήσονται
1657 4369 1745 4423 καὶ
1849 4369 2071 4424 ὑπανοί-

414 4467 560 4535 ξουσι
647 4465 911 4540 πρότερον
1011 4464 1113 4532 τήν
1218 4458 1373 4519 ὁδόν.
1479 4461 1599 4525 Εἶθ’
1702 4458 1875 4521 οὓτως
1952 4459 2072 4515 ἐπι-

416 4560 755 4630 πορευσεῖται
833 4550 1209 4626 Ἀνδρόνικος.
1288 4575 1316 4602 ››
1392 4552 1546 4606 Ταῦτ’
1624 4548 1817 4618 εἰπὼν,
1873 4550 1964 4605 καὶ
2008 4550 2069 4605 τὸ

2177 3397 2419 3448 centur:
2456 3412 2481 3444 α
2514 3390 2728 3447 Verum
2781 3396 3139 3449 senectutem
3172 3391 3339 3457 hanc,
3384 3391 3596 3463 inquit,
3631 3398 3826 3458 testor,

2179 3497 2294 3537 non
2346 3481 2681 3553 gaudebunt
2711 3480 2934 3537 inimici
2994 3489 3049 3537 et
3088 3481 3282 3537 hostes
3327 3480 3665 3547 Andronici,
3726 3482 3826 3537 sed

2178 3586 2309 3643 qua:
2340 3571 2399 3625 in
2454 3570 2844 3627 Andronicum
2888 3571 3230 3636 moliuntur,
3262 3586 3331 3625 ea
3372 3570 3444 3624 ab
3491 3570 3821 3627 Andronico

2178 3658 2590 3732 perpetientur.
2639 3659 2739 3715 Sin
2798 3660 2914 3714 fata
2970 3659 3043 3714 ad
3094 3659 3310 3715 inferos
3354 3658 3601 3729 adigunt
3650 3658 3826 3714 etiam

2179 3749 2596 3818 Andronicum,
2617 3747 2731 3819 ipsi
2762 3749 3106 3803 antecedent
3134 3755 3188 3803 et
3208 3747 3361 3801 viam
3385 3746 3822 3818 praeparabunt:

2178 3840 2451 3908 sequetur
2507 3836 2918 3893 Andronicus.
2981 3836 3111 3891 Haec
3158 3834 3424 3903 locutus,
3487 3836 3830 3907 adjectaque

2180 3925 2422 3982 Paulina
2474 3923 2570 3980 illa
2618 3925 2931 3995 sententia,
2976 3949 3003 3976 «
3038 3925 3165 3981 Non
3223 3924 3429 3981 faciam
3483 3925 3638 3995 quod
3697 3924 3827 3981 volo

2180 4019 2421 4085 bonum,
2444 4017 2548 4074 sed
2572 4017 2783 4073 malum
2814 4017 2967 4089 quod
2992 4015 3126 4072 nolo
3157 4031 3453 4088 peragam,
3479 4016 3826 4073 adversariis

2179 4114 2380 4167 contra
2428 4122 2521 4162 me
2574 4105 2985 4173 militantibus,
3019 4114 3072 4161 et
3107 4106 3177 4160 ad
3228 4119 3297 4160 ea
3355 4121 3445 4163 me
3473 4105 3831 4179 compellen-

2178 4198 2337 4255 tibus
2394 4214 2427 4252 a
2484 4195 2701 4267 quibus
2756 4193 3040 4251 abhorreo
3065 4236 3080 4263 ,
3117 4216 3144 4243 n
3177 4194 3463 4251 malorum
3497 4196 3825 4253 remedium

2181 4286 2492 4358 quaerebat.
2534 4288 2677 4340 Cum
2732 4288 2923 4340 autem
2965 4284 3247 4355 conjurati
3282 4285 3407 4355 ejus
3451 4283 3680 4356 magnis
3729 4300 3832 4340 vo-

2181 4375 2343 4431 cibus
2372 4376 2800 4430 exclamassent
2820 4372 3110 4429 tollendos
3140 4389 3239 4428 eos
3267 4389 3298 4428 e
3329 4380 3482 4428 terra
3511 4388 3579 4429 ac
3609 4373 3831 4429 nemini

2180 4465 2531 4538 parcendum
2587 4464 2735 4520 481
2800 4477 2948 4530 esse,
2979 4461 3039 4516 in
3099 4476 3300 4517 omnes
3329 4477 3427 4516 eos
3489 4461 3587 4531 qui
3626 4460 3715 4515 vel
3771 4462 3834 4517 in

2182 4552 2512 4610 carceribus
2557 4553 2903 4609 tenebantur
2942 4549 3027 4606 vel
3073 4549 3132 4604 in
3178 4548 3445 4605 exsilium
3496 4548 3607 4603 acti
3651 4555 3832 4620 erant,

412 4650 509 4701 τοῦ
542 4643 762 4701 Παύλου
815 4641 1203 4719 παραφάμενος
1256 4663 1285 4693 ι(
1315 4642 1475 4696 Ὥστε
1524 4638 1633 4715 οὐχ
1661 4640 1690 4693 ὅ
1718 4638 1862 4704 θὲλω
1904 4645 2067 4696 τοῦτο

2186 4643 2237 4700 in
2270 4658 2474 4699 omnes
2515 4658 2717 4699 eorum
2752 4640 3002 4697 cultores
3033 4643 3091 4694 et
3120 4642 3395 4707 cognatos
3428 4636 3710 4694 sententia
3736 4652 3833 4694 ca-

413 4730 671 4810 δράσαιμι
706 4732 932 4809 ἀγαθὸν,
986 4730 1115 4787 ἀλλ’
1148 4729 1177 4786 ὅ
1217 4728 1278 4785 ού
1340 4726 1484 4794 θέλω
1542 4728 1707 4784 κακὸν
1755 4731 1917 4783 τοῦτο
1948 4724 2068 4783 δια-

413 4823 752 4898 πραξαίμην,
822 4818 1387 4895 ἀντιστρατευομένων
1467 4838 1561 4891 μοι
1634 4823 1741 4872 τῶν
1809 4815 2063 4873 ἐναντίων

411 4912 502 4966 καὶ
570 4908 1099 4986 αἰχμαλωτιζόντων
1166 4907 1243 4972 είς
1304 4906 1374 4963 τὰ
1430 4909 1573 4981 παρὰ
1629 4906 1965 4982 προαίρεσιν,
2037 4930 2064 4958 ››

413 5000 699 5075 θεραπείαν
773 4999 1005 5071 ἐζήτησε
1072 5001 1169 5055 τοῦ
1248 5000 1439 5052 κακαῦ.
1514 4996 1782 5070 Ἀράντων
1852 4993 1907 5052 δὲ
1964 4997 2063 5066 τὴν

412 5091 596 5167 φωνὴν
657 5093 766 5145 τῶν
834 5088 894 5145 ἐκ
931 5094 1031 5160 τῆς
1098 5085 1304 5144 ἐκείνου
1372 5086 1602 5164 φατρίας
1669 5085 1907 5158 πάντων,
1975 5087 2063 5141 καὶ

410 5180 549 5256 μέγα
615 5179 923 5257 κραξάντων
997 5176 1166 5253 αἶ’ρειν
1243 5172 1439 5236 αὖτοὺς
1512 5174 1571 5230 ἐκ
1635 5182 1734 5246 τῆς
1805 5183 1909 5253 γῆς
1973 5175 2064 5230 καὶ

408 5269 682 5345 φείσασθαι
746 5266 1000 5342 μηδενὸς,
1058 5268 1314 5341 κυροῦται
1374 5265 1410 5331 ἡ
1461 5268 1568 5319 τῶν
1624 5263 1769 5319 ὅλων
1814 5257 2061 5342 ἀφάντω-

407 5379 485 5420 σις
517 5360 677 5424 ὅσους
732 5377 793 5413 τε
832 5357 952 5435 εἶχε
1003 5353 1348 5428 συνειληφὼς
1405 5350 1459 5407 ἐν
1517 5358 1777 5431 φρουραῖς
1822 5356 1913 5409 καὶ
1944 5354 2062 5409 ὅσοι

406 5451 502 5519 τὴν
564 5446 868 5524 ὑπερορίαν
923 5443 1336 5519 κατεκρίθησαν,
1410 5442 1500 5497 καὶ
1556 5442 1619 5497 τὸ
1676 5442 2061 5515 θεραπευτικὸν

406 5538 613 5593 τούτων
669 5535 764 5592 καὶ
823 5536 1099 5610 συγγενές.
1158 5532 1257 5590 Καὶ
1320 5527 1387 5600 δὴ
1445 5531 1616 5604 τόμος
1658 5532 1815 5593 εὐθὺς
1843 5528 2063 5605 ἐδέχετο

2180 4731 2373 4806 pitalis
2407 4731 2521 4787 lata
2553 4737 2642 4787 est
2672 4738 2727 4786 et
2767 4730 2826 4785 in
2862 4727 3091 4784 libellos
3126 4726 3322 4795 relata,
3356 4728 3831 4799 protosecretario

2178 4823 2450 4885 dictante,
2481 4819 2811 4876 libellorum
2834 4816 3167 4889 supplicum
3199 4816 3481 4889 magistro
3506 4815 3830 4887 laborante,

2178 4907 2564 4985 protonotario
2624 4908 2815 4964 dromi
2851 4908 3230 4964 acclamante.
3275 4905 3531 4970 Quorum
3576 4907 3832 4964 nomini-

2178 5002 2282 5058 bus
2324 5015 2557 5070 parcam
2606 4997 2665 5053 in
2716 4996 3048 5069 praesentia,
3083 5004 3145 5053 ut
3193 5000 3249 5051 et
3298 5011 3497 5052 eorum
3547 4996 3646 5067 qui
3697 5003 3833 5069 post

2178 5091 2235 5146 in
2285 5086 2572 5159 ejusmodi
2619 5086 2795 5143 rebus
2841 5103 2998 5142 vanae
3048 5084 3306 5159 gloriola:
3345 5100 3521 5142 causa
3569 5090 3672 5141 aut
3717 5088 3832 5142 An-

2176 5177 2402 5235 dronici
2450 5180 2606 5233 metu
2666 5191 2871 5247 cperas
2928 5178 3235 5243 navarunt,
3293 5190 3539 5246 quorum
3597 5175 3715 5229 dux
3772 5179 3831 5231 et

2174 5272 2376 5326 auctor
2410 5268 2519 5323 fuit
2548 5264 3215 5336 HagiochristOpborites
3258 5264 3606 5335 Stephanus,
3655 5264 3827 5334 cujus

2173 5377 2282 5415 vox
2314 5358 2480 5431 quasi
2536 5356 2751 5412 tonitru
2799 5356 2859 5412 in
2904 5354 3117 5425 palatio
3172 5354 3500 5423 resonabat,
3551 5357 3606 5409 et
3646 5353 3833 5409 instar

2174 5446 2452 5503 torrentis
2487 5462 2586 5502 eos
2618 5444 2991 5502 abstrahebat
3034 5460 3178 5515 quos
3229 5453 3529 5514 suspectos
3578 5442 3828 5497 habebat

2174 5535 2567 5592 Andronicus.

405 5630 472 5686 τὰ
561 5623 1008 5696 ὑποτυποόμενα,
1078 5618 1512 5697 ὑπαγορεύοντος
1600 5624 1697 5675 τοῦ
1773 5625 2256 5700 πρωτασηκρήτις,
2325 5623 2805 5699 ἁμφιπονουμένου
2888 5621 2985 5678 τοῦ
3064 5619 3153 5676 ἐπὶ
3221 5621 3328 5674 τῶν
3392 5615 3649 5689 δεήσεων,
3717 5614 3815 5670 τοῦ

408 5715 465 5775 δί
530 5712 974 5791 πρωτονοταρίου
1039 5714 1140 5768 τοῦ
1207 5704 1416 5787 δρόμου
1481 5714 1600 5771 ταῖς
1662 5715 1865 5788 φωναῖς
1915 5708 2319 5786 ἀλαλάζοντος.
2389 5713 2473 5770 Τὰ
2539 5709 2596 5767 δὶ
2662 5712 2903 5788 ὀνόματα
2968 5709 3175 5766 τούτων
3232 5706 3322 5763 καὶ
3387 5710 3474 5763 νῦν
3540 5701 3815 5781 παρείσθω
