4126 6294
335 351 461 413 695

1658 339 1970 401 NICETIE
2013 339 2314 401 CllONIA
2327 341 2452 402 ΤΑΞ

3635 335 3756 398 696

344 503 438 562 μοι
497 477 590 537 καί
626 482 737 534 τῶν
782 478 1010 549 καθεξῆς
1071 474 1283 546 ὁμοίως
1340 473 1822 547 συμπραττόντων,
1872 470 1990 526 ὅσοι
2057 471 2150 526 τὸν
2213 470 2336 546 περῖ
2403 477 2503 528 τοῦ
2550 475 2712 526 κενοῦ
2743 467 2992 546 δοξαρίου
3019 466 3308 546 τρέχοντες
3349 465 3601 544 ώρακίων
3631 467 3758 524 τότε

341 559 431 630 καὶ
481 568 774 646 ὠῤῥώδουν
829 561 1164 639 Ἀνδρόικονο
1216 565 1290 617 ὧν
1342 564 1738 636 πρωτοστάτης
1787 564 1852 631 ῆν
1910 560 2002 616 καὶ
2052 561 2356 638 ταξίαρχος
2407 563 2436 617 6
2485 563 3088 639 Ἀγιοχριστοφορίτης
3169 559 3457 637 Στέφανος,
3513 559 3594 629 τῷ
3658 559 3758 612 τοῦ

345 644 655 739 φθέγματος
691 652 986 734 βροντώδει
1017 651 1372 709 καταδουπῶν
1402 652 1469 708 τά
1496 651 1784 722 ἀνακτοοα,
1815 651 1904 707 καὶ
1934 650 2074 706 καθά
2101 671 2155 706 τι
2188 652 2362 725 ῥεῦμα
2391 654 2664 725 ποτάμιον
2687 649 2780 720 ὀξυ
2804 651 2953 724 [216]
2973 647 3270 725 καχλάζων
3302 647 3393 703 καὶ
3424 644 3754 722 παρασύρων

345 751 407 806 τὸ
448 747 642 805 δοκοῦν
671 745 1002 822 Ἀνδρονίκῳ
1035 743 1351 802 ὑπεύθυνον.

417 840 470 894 8.
503 839 625 894 Fuit
649 842 844 894 autem
877 837 1005 908 ejus
1037 834 1240 908 scripti
1272 833 1614 905 hujusmodi
1647 832 1986 889 exordium:

2176 832 2246 901 η’.
2279 831 2418 906 Εἶχε
2449 827 2506 886 δὶ
2547 832 2615 886 τά
2660 829 3216 905 ὗπομνηματιζόμενα
3260 827 3461 884 οὑτωσί
3504 848 3622 890 πως
3652 833 3755 896 τῆς

349 928 637 984 Divinitus
669 923 930 997 impulsi,
963 941 1078 980 non
1116 925 1293 995 jussu
1326 925 1710 994 magistratus
1741 927 1798 978 et
1829 921 1989 993 prin-

343 1017 494 1091 cipis
541 1033 608 1072 ac
658 1013 1031 1088 imperatoris
1087 1013 1298 1079 nostri,
1331 1011 1701 1068 decernimus
1746 1016 1804 1067 et
1854 1027 1989 1083 pro-

342 1107 688 1164 nuntiamus
707 1122 737 1162 e
763 1121 824 1161 re
854 1103 1090 1176 publica
1121 1107 1342 1173 esse,et
1366 1101 1630 1174 privatim
1660 1100 1992 1156 Andronico

340 1203 742 1255 Romanorum
801 1193 1083 1250 servatori
1159 1192 1322 1261 utile,
1382 1197 1449 1247 ut
1503 1196 1880 1247 contumaces
1937 1193 1992 1246 et

341 1285 604 1346 seditiosi
655 1284 922 1342 funditus
971 1283 1278 1346 intereant,
1335 1282 1438 1355 qui
1481 1281 1881 1354 comprehensi
1931 1280 1990 1336 in

339 1391 572 1435 carcere
601 1378 876 1432 tenentur
904 1377 962 1428 et
989 1372 1049 1427 in
1095 1371 1366 1428 exsilium
1399 1371 1511 1427 acti
1547 1374 1709 1437 sunt,
1755 1385 1990 1426 eorum-

339 1481 454 1539 que
514 1461 832 1520 necessarii
888 1465 945 1518 et
995 1461 1225 1532 eOgnati
1296 1459 1628 1532 capiantur,
1677 1464 1735 1515 et
1786 1473 1992 1514 omnes

343 1553 572 1612 ultimis
602 1550 912 1624 suppliciis
940 1548 1290 1607 afficiantur.
1316 1549 1411 1605 Sic
1431 1547 1588 1604 enim
1619 1551 1678 1604 et
1709 1546 1991 1604 Androni-

346 1660 474 1712 cus,
525 1641 623 1714 qui
654 1639 896 1697 numine
950 1639 1204 1711 prepitio
1254 1638 1487 1712 imperii
1542 1643 1774 1709 sceptra
1820 1636 1990 1710 gerit,

348 1748 383 1790 a
413 1731 664 1806 publicis
691 1731 849 1787 curis
900 1737 954 1785 et
983 1728 1332 1785 insidiarum
1379 1730 1534 1784 metu
1583 1725 1851 1782 nonnihil
1901 1741 1994 1782 re—

348 1822 630 1895 spirabit;
688 1825 748 1876 et
802 1818 984 1875 Siculi
1059 1818 1265 1891 ereptis
1321 1817 1622 1884 desistant,
1687 1815 1840 1873 488
1893 1815 1993 1872 ubi

349 1912 645 1968 neminem
683 1909 992 1965 habuerint
1023 1924 1057 1963 a
1078 1923 1194 1979 quo
1227 1905 1719 1979 quemadmodum
1744 1904 1993 1962 Romani

352 1999 729 2073 Oppugnandi
775 1997 895 2054 sint
925 1998 1261 2054 doceantur.
1295 1995 1440 2051 Nam
1473 2009 1606 2051 cum
1637 1999 1692 2050 et
1730 1994 1770 2049 ii
1802 1993 1900 2066 qui
1934 1994 1993 2050 in

348 2090 586 2146 vincula
614 2087 861 2159 eonjeeti
891 2090 948 2142 et
977 2085 1075 2159 qui
1107 2083 1293 2142 oculis
1327 2083 1536 2156 privati
1567 2089 1729 2152 sunt,
1751 2083 1996 2140 consilia

349 2181 619 2252 improba
663 2195 779 2234 non
830 2177 1081 2233 referant
1137 2176 1196 2230 in
1251 2174 1484 2242 melius,
1535 2173 1638 2230 sed
1694 2173 1754 2230 iu
1804 2173 1995 2247 priore

348 2268 640 2326 sententia
692 2269 1079 2338 perseverent,
1137 2262 1301 2320 nulla
1357 2263 1504 2318 ratio
1570 2267 1833 2335 superest
1880 2279 1998 2336 qua

346 2355 598 2430 improbi
646 2357 716 2412 ad
750 2371 956 2411 sanam
1004 2355 1261 2409 mentem
1294 2353 1669 2420 reducantur,
1715 2352 1828 2407 nisi
1867 2353 1996 2408 vitae

347 2447 590 2519 ereptio,
623 2461 750 2518 quae
785 2449 850 2500 ut
879 2460 1047 2499 saera
1075 2447 1134 2498 et
1163 2443 1440 2498 salutaris
1495 2441 1750 2498 anchora
1797 2445 1997 2498 contra

347 2534 622 2592 vecordes
678 2539 736 2589 et
791 2532 1094 2588 dementes
1153 2535 1243 2587 est
1299 2531 1684 2602 usurpanda;
1744 2547 1995 2603 quorum

347 2640 426 2681 eae
502 2626 640 2680 sunt
693 2620 1074 2693 intemperie,
1126 2623 1191 2675 ut
1242 2636 1357 2677 non
1417 2619 1886 2676 animadvertant
1935 2634 1997 2675 se

348 2717 552 2772 contra
576 2713 880 2770 stimulum
900 2710 1090 2768 calciti
1106 2727 1202 2767 are
1221 2714 1277 2766 et
1299 2711 1558 2783 gladium
1575 2713 1774 2768 contra
1792 2715 2000 2766 semet-

351 2803 512 2876 ipsos
545 2817 774 2858 aeuere.
815 2804 947 2856 Ilaze
977 2805 1033 2854 et
1061 2799 1404 2872 hujusmodi
1437 2799 1574 2867 alia,
1607 2803 1672 2854 ut
1700 2816 1769 2855 ex
1799 2796 1998 2854 multls

355 2908 545 2966 pauca
567 2892 832 2958 referam,
848 2888 1135 2946 nefarium
1159 2887 1304 2944 illud
1321 2889 1618 2944 decretum
1639 2889 1994 2944 continebat.

354 2981 720 3054 Sequebatur
777 2995 978 3036 eorum
1035 2976 1400 3034 enumeratio
1458 2977 1561 3050 qui
1607 2976 1994 3050 comprehen-

353 3071 528 3128 dendi
580 3073 640 3126 et
685 3085 818 3124 mox
871 3067 1173 3122 occidendi
1219 3070 1423 3122 erant:
1474 3064 1906 3138 exprimebatur
1943 3068 2000 3120 et

353 3161 568 3216 modus
623 3175 738 3230 quo
804 3156 1058 3228 quisque
1113 3155 1410 3211 tollendus
1468 3163 1638 3211 esset.
1699 3155 1818 3226 Ego
1866 3171 1998 3212 vero

353 3265 488 3306 cum
522 3245 636 3302 alia
669 3245 897 3302 illorum
940 3243 1245 3300 hominum
1280 3249 1408 3300 acta
1437 3244 1688 3301 demiror
1718 3249 1774 3300 et
1818 3244 1998 3301 scele-

351 3335 649 3394 ratissima
695 3334 916 3404 judico,
961 3338 1085 3388 tum
1145 3333 1376 3390 decreto
1435 3333 1544 3390 isto
1599 3334 1998 3406 obstupesco;

352 3441 542 3499 neque
587 3422 916 3497 perSpicere
945 3437 1186 3494 possum
1235 3423 1376 3496 quid
1408 3422 1468 3478 in
1517 3439 1582 3479 eo
1613 3424 1799 3480 secuti
1855 3424 1998 3490 sint,

349 3518 451 3571 aut
481 3529 596 3586 quo
629 3512 852 3584 judicio
883 3527 1057 3568 suum
1087 3511 1460 3584 parricidium
1507 3511 1624 3568 Deo
1670 3512 1996 3586 adscripse-

350 3603 489 3671 rint,
533 3601 916 3672 divinumque
972 3605 1196 3656 motum
1231 3600 1289 3655 id
1328 3600 1699 3671 impudenter
1741 3601 1994 3674 appella-

352 3693 470 3749 rint
506 3692 662 3764 quod
700 3689 922 3764 primus
954 3689 1200 3745 humani
1245 3690 1475 3761 generis
1509 3690 1694 3746 hostis
1725 3690 1810 3747 eis
1843 3690 1997 3747 haud

352 3782 527 3840 dubie
556 3782 870 3855 suggessit,
895 3797 1028 3836 cum
1055 3779 1211 3836 aliud
1232 3796 1466 3837 sumere
1497 3780 1850 3854 principium
1882 3799 1998 3838 mo-

351 3871 574 3928 destius
599 3876 657 3926 et
679 3868 1040 3943 probabilius
1071 3869 1356 3938 licuisset,
1380 3873 1553 3941 atque
1582 3887 1613 3924 a
1645 3868 2000 3926 contumelia

348 3957 451 4015 Dei
486 3957 809 4026 abstinere;
844 3957 996 4012 489
1028 3956 1126 4028 qui
1159 3956 1421 4013 eaadibus
1451 3957 1607 4013 haud
1657 3958 1995 4026 delectatur,

350 4063 456 4104 nec
483 4051 728 4103 mortem
755 4045 906 4114 fecit,
929 4045 1025 4102 sed
1050 4044 1348 4102 hominem
1381 4045 1453 4102 ad
1490 4047 1668 4102 vitam
1704 4047 1993 4116 condidit;

348 4135 408 4191 in
443 4136 614 4206 cujus
661 4139 977 4206 conspectu
1036 4151 1139 4190 vox
1171 4134 1476 4203 sanguinis
1533 4134 1696 4190 Abeli
1745 4135 1992 4204 clamat;

347 4223 447 4295 qui
489 4227 685 4294 aperte
733 4223 1039 4278 denuntiat
1083 4239 1147 4278 se
1199 4223 1370 4279 malle
1424 4230 1489 4278 ut
1535 4229 1805 4296 peccator
1853 4241 1994 4281 con—

345 4325 551 4368 versus
606 4309 762 4366 vivat
821 4327 996 4382 quam
1061 4316 1125 4367 ut
1184 4312 1491 4369 moriatur.
1548 4312 1855 4370 Enimvero
1908 4313 1994 4370 illi

346 4399 641 4457 damnatis
673 4399 946 4456 omnibus
978 4414 1008 4455 e
1041 4399 1287 4457 concilio
1319 4399 1734 4457 discesserunt.
1769 4403 1995 4458 Andro-

347 4490 511 4548 nicus
541 4507 675 4548 vero
700 4489 969 4561 judicum
1015 4491 1268 4547 nefarias
1299 4491 1639 4560 sententias,
1689 4490 1845 4548 haud
1879 4491 1995 4550 scio

349 4598 462 4654 quo
494 4579 760 4648 consilio,
796 4581 854 4635 in
899 4580 1114 4636 scrinio
1147 4596 1253 4636 suo
1299 4580 1606 4652 diligenter
1655 4583 1992 4649 asservavit,

348 4671 573 4746 proviso
648 4670 915 4727 fortassis
971 4669 1306 4725 imminenti
1365 4669 1582 4728 exitio.
1640 4673 1786 4727 Nam
1861 4687 1993 4729 cum

349 4760 805 4833 comprehensus
837 4763 1011 4828 esset,
1065 4764 1122 4814 et
1153 4775 1186 4814 a
1224 4773 1509 4814 concursu
1544 4758 1742 4832 populi
1778 4760 1992 4817 facino-

350 4867 476 4905 rum
509 4865 748 4906 suorum
806 4851 1087 4905 rationem
1139 4848 1992 4922 redderejuberetur,'eulpam

346 4940 404 4994 in
430 4938 658 5008 judiees
693 4942 745 4992 et
793 4943 1066 4994 senatum
1121 4938 1522 5007 transferebat,
1555 4939 1654 5012 qui
1704 4939 1992 5012 supplicia
2020 4925 2066 4989 D

349 5027 722 5080 decernerent
772 5025 830 5080 in
862 5041 960 5081 eos
993 5042 1028 5080 a
1077 5026 1292 5099 quibus
1324 5032 1456 5084 ante
1486 5029 1798 5100 imperium
1847 5036 1902 5086 et
1932 5029 1992 5085 in

343 5117 472 5186 ipso
505 5114 750 5185 imperio
791 5115 1050 5170 offensus
1096 5121 1270 5174 esset.
1304 5117 1376 5174 Se
1416 5133 1552 5174 vero
1584 5117 1816 5174 illorum
1861 5136 1991 5176 sen-

344 5203 544 5259 tentiis
575 5201 885 5258 inservisse
916 5206 1130 5274 (neque
1162 5205 1317 5260 enim
1351 5207 1562 5263 frustra
1591 5211 1852 5280 gestasse
1873 5207 1994 5279 gla-

346 5293 534 5361 dium)
565 5301 618 5347 et
651 5308 889 5347 manum
925 5308 1125 5349 eorum
1157 5293 1450 5365 suffragiis
1491 5299 1987 5354 aceommodasse.

340 5383 485 5439 Tum
544 5385 740 5437 autem
801 5396 934 5436 cum
1011 5380 1160 5437 latas
1213 5385 1536 5442 sententias
1606 5392 1990 5445 exsecuturus

341 5474 520 5536 esset,
563 5468 720 5525 filius
752 5470 878 5540 ejus
929 5469 1158 5525 Manuel
1193 5472 1613 5531 sebastocrator
1664 5476 1986 5549 refragatus

343 5560 676 5634 pernegavit
704 5576 766 5616 se
795 5574 1218 5616 conscusurum
1253 5559 1310 5614 in
1339 5566 1484 5632 acta,
1532 5582 1657 5636 quas
1691 5583 1805 5623 non
1839 5567 1986 5624 fiant

347 5648 687 5709 auctoritate
728 5647 1118 5722 imperatoris,
1151 5653 1215 5704 at
1243 5647 1355 5721 ipsi
1380 5651 1612 5722 judiees
1658 5656 1716 5712 in
1749 5656 1985 5715 exordio

2096 921 2492 998 φροιμιάσεως·
2549 944 2576 970 ‹‹
2617 921 2807 984 Θεόθεν
2865 919 3194 989 κινηθέντες,
3245 916 3334 972 καὶ
3385 916 3485 972 ούκ
3531 916 3582 987 ἐξ
3637 917 3754 990 ὀρι-

2097 1014 2238 1082 σμοῦ
2295 1013 2393 1064 τοῦ
2449 1009 2714 1084 κραταιοῦ
2770 1008 2860 1063 καὶ
2919 1007 3072 1082 ἀγίου
3130 1009 3292 1080 ἡμῶν
3351 1005 3602 1061 αύθὲντου
3659 1005 3755 1060 καὶ

2099 1096 2398 1173 βασιλέως,
2501 1096 2942 1177 ψηφηφοροῦμέν
3017 1117 3076 1152 τε
3147 1096 3240 1152 καὶ
3340 1094 3756 1170 ἀποφαινόμεθα

2098 1193 2348 1243 συνοῖσον
2379 1187 2515 1242 εἶναι
2544 1191 2723 1260 κοινῇ,
2771 1188 2862 1242 καὶ
2927 1183 3038 1257 ἰδίᾳ
3085 1183 3367 1248 λυσιτελὶς
3421 1182 3755 1259 Ἀνδρονίκῳ

2095 1283 2175 1350 τῷ
2229 1285 2441 1354 σωτῆρι
2498 1278 2811 1352 Ῥωμαίων,
2871 1274 3040 1353 ἄρδην
3094 1273 3443 1332 ἀπολωλέναι
3490 1275 3645 1349 οἷπερ
3677 1276 3756 1340 ώς

2096 1365 2347 1428 αὐθάδεις
2418 1367 2510 1422 καὶ
2585 1364 2903 1428 στασιώδεις
3007 1365 3410 1443 συλληφθέντες
3485 1364 3754 1442 φυλακαῖς

2096 1455 2463 1532 ἐνείργνυνται
2521 1457 2556 1527 ἦ
2609 1459 2710 1528 τήν
2772 1455 3068 1530 ἀλλοτρίαν
3137 1453 3303 1510 οἰκεῖν
3350 1453 3754 1532 ἀφωρίσθησαν,

2097 1551 2431 1625 συσχεθῆναι
2473 1543 2531 1601 δὶ
2589 1546 2680 1601 καὶ
2743 1545 2872 1607 τοὺς
2939 1545 3162 1605 τούτοις
3227 1546 3598 1620 προσήκοντας
3661 1544 3755 1599 καὶ

2097 1637 2218 1700 καθ’
2317 1637 2457 1708 αἷμα
2559 1635 3013 1708 συναπτομέηους,
3088 1634 3176 1689 καὶ
3271 1634 3482 1706 θανάτῳ
3554 1634 3756 1698 πάντας

2101 1719 2502 1796 ὑποϐληθῆναι·
2549 1725 2696 1780 οὓτω
2744 1725 2850 1800 γὰρ
2899 1724 2961 1778 ἓιν
3009 1723 3099 1778 καὶ
3141 1719 3483 1798 Ἀνδρόνικον
3509 1721 3750 1798 γένοιτο,

2099 1815 2192 1871 τὸν
2234 1814 2413 1892 ἀγαθῇ
2469 1817 2616 1892 τύχῃ
2671 1813 2963 1889 Ῥωμαίων
3016 1815 3082 1870 τὰ
3134 1821 3234 1884 τῆς
3294 1811 3570 1888 βασιλείας
3614 1820 3755 1884 σκῆ-

2100 1923 2244 1981 πτρα
2310 1902 2586 1975 διέποντα,
2667 1905 2849 1981 βραχύ
2915 1925 2968 1958 τι
3037 1908 3166 1981 γοῦν
3237 1903 3582 1974 ἀναπνεῦσαι,
3637 1908 3758 1964 ταῖς

2099 1999 2304 2056 κοιναῖς
2336 1993 2579 2072 φροντίσι
2623 1992 2971 2068 βαλλόμενον
3023 1993 3112 2048 καὶ
3163 1992 3260 2053 τάς
3307 1996 3416 2046 τῶν
3448 1987 3761 2048 ἐπιϐούλων

2101 2085 2600 2160 κακογνωμοσύνας
2682 2079 3149 2156 ὑποϐλεπόμενον,
3243 2081 3334 2136 καὶ
3429 2081 3626 2147 αὖτοὺς
3700 2079 3762 2138 δὶ

2026 2200 2071 2264 Β
2099 2171 2244 2264 τοὺς
2282 2171 2599 2264 ἀλλοεθνεῖς
2658 2171 2994 2264 Σικελιώτας
3044 2172 3167 2264 ἇσαί
3207 2169 3581 2264 ποτεῌπαλινω
3621 2168 3759 2244 δίαν,

2112 2258 2320 2336 μηδένα
2375 2257 2451 2316 ἔτι
2507 2262 2600 2317 τὸν
2657 2260 2842 2324 αὐτοῖς
2897 2260 3280 2340 ὑφηγούμενον
3331 2257 3556 2338 ἔχοντας
3587 2261 3761 2318 ὁπόσα

2109 2353 2220 2427 Χ.ρῆ
2295 2351 2433 2407 κατᾶ
2505 2351 2794 2425 Ῥωμαίων
2885 2355 3086 2409 ποιεῖν.
3162 2352 3360 2414 Πάντες
3433 2351 3535 2428 γὰρ
3609 2352 3760 2408 οὗτοι

2108 2440 2452 2516 συσχεθέντες
2509 2442 2598 2495 καί
2654 2439 2780 2502 τοὺς
2828 2439 3148 2518 ὀφθαλμοὺς
3199 2439 3574 2516 ἐξορυχθέντες
3619 2440 3759 2514 ἀμε-

2104 2529 2340 2594 ταθέτως
2389 2526 2582 2608 ἔχουσι
2637 2534 2736 2598 τῆς
2785 2529 3088 2598 κακονοίας,
3136 2528 3225 2584 καὶ
3277 2526 3453 2592 ούδείς
3503 2527 3616 2584 ἐστι
3659 2534 3760 2584 τοῦ

2107 2617 2312 2674 λοιποῦ
2351 2618 2556 2692 τρόπος
2589 2619 2616 2672 ὁ
2653 2617 3004 2695 σωφρονίσων
3054 2617 3274 2689 αὐτοὺς,
3321 2619 3458 2692 μόνη
3511 2615 3568 2673 δὲ
3597 2620 3633 2688 ἡ
3663 2621 3759 2673 τοῦ

2110 2711 2206 2782 ζῇν
2282 2705 2634 2762 ὑπολείπεται
2693 2707 2964 2782 στέρησις,
3032 2707 3099 2776 ἣν
3154 2707 3229 2768 ὡς
3285 2705 3598 2763 τελευταίαν
3669 2711 3760 2763 καὶ

2108 2797 2370 2871 σώτειραν
2426 2793 2662 2873 ἄγκυραν
2724 2793 2809 2852 δεῖ
2862 2799 3011 2870 ἡμᾶς
3077 2795 3352 2872 ὶπιχαλᾷν
3425 2801 3546 2860 τοῖς
3597 2797 3764 2853 κακό-

2108 2906 2324 2966 φροσιν,
2383 2884 2436 2941 o'i
2490 2886 2750 2942 τοσοῦτόν
2811 2887 2914 2942 εἰσι
2972 2881 3368 2964 φρενοϐλαϐεῖς
3418 2908 3480 2944 τε
3507 2890 3598 2944 καὶ
3627 2888 3763 2947 ἀπο-

2107 2974 2364 3051 τρόπαιοι
2413 2976 2489 3040 ὡς
2545 2977 2680 3050 πρὸς
2734 2975 2926 3052 κίντρα
2979 2975 3252 3046 λακτίζειν
3299 2975 3389 3032 καὶ
3425 2979 3502 3051 μή
3536 2979 3763 3035 συνιέναι

2112 3062 2260 3128 ὅλως
2317 3065 2394 3128 ὡς
2443 3067 2564 3120 καθ’
2622 3065 2824 3121 ἑαυτῶν
2866 3065 2918 3120 οἱ
2967 3064 3308 3143 λασιόκωφοι
3353 3067 3452 3136 τήν
3489 3069 3761 3145 μάχαιραν

2110 3157 2390 3230 θήγουσιν.
2437 3179 2465 3208 ››
2499 3155 2653 3212 Οὕτω
2690 3157 2785 3230 μὶν
2835 3155 2930 3212 οὖν
2969 3157 3060 3212 καὶ
3100 3161 3343 3229 τοιαῦτα,
3391 3159 3464 3220 ὡς
3510 3156 3568 3213 ἐκ
3614 3156 3756 3213 πολ-

2108 3242 2220 3300 λῶν
2271 3243 2436 3322 ὀλίγα
2486 3244 2676 3312 εἶπεῖν,
2727 3242 2926 3321 διεξῄει
2979 3247 3041 3302 τὸ
3091 3242 3318 3320 ἄθεσμον
3368 3245 3537 3302 ἐκεῖνο
3568 3245 3751 3302 θέσπις

2109 3354 2241 3407 σμα,
2290 3330 2482 3413 ἑφεξῆς
2534 3331 2581 3388 δ’
2631 3333 2658 3388 ὁ
2708 3337 2816 3390 τῶν
2877 3333 3410 3412 συλληφθησομίνων
3440 3333 3530 3390 καὶ
3555 3345 3751 3408 τεθνη-

2108 3421 2349 3495 ξομένων
2423 3423 2491 3492 ἦν
2565 3421 2888 3498 κατάλογος.
2990 3421 3355 3496 Ὑπεδηλοῦτο
3427 3419 3489 3478 δὲ
3556 3423 3647 3479 καὶ
3723 3425 3754 3479 6

2107 3509 2308 3587 τρόπος
2409 3513 2528 3576 καθ’
2603 3511 2660 3567 δν
2761 3512 3120 3583 ἀποθνήσκειν
3193 3511 3408 3568 ’ἔκαστοι
3483 3509 3756 3587 ἤμελλον.

2107 3601 2249 3678 Ἐγὼ
2309 3605 2435 3678 γοῦν
2504 3602 2592 3656 καὶ
2694 3603 2789 3664 τὰς
2891 3601 3064 3666 ἄλλοις
3170 3603 3263 3676 μὲν
3365 3606 3473 3658 τῶν
3550 3600 3760 3678 ἆνδρῶν

2103 3690 2336 3746 τουτωνὶ
2394 3692 2613 3766 πράξεις
2677 3692 2766 3746 διά
2825 3691 3099 3764 θαύματος
3155 3692 3374 3766 τίθεμαι
3422 3692 3515 3748 καὶ
3547 3691 3763 3755 ἀνοσίας

2105 3781 2437 3836 παντάπασιν
2489 3781 2728 3858 ἥγημαι,
2779 3783 2879 3852 τὴν
2933 3779 2989 3838 δὲ
3036 3786 3128 3838 νῦν
3172 3782 3566 3861 ἀφηγουμένην
3618 3782 3760 3838 ἀπό-

2111 3890 2269 3948 φασιν
2314 3870 2402 3926 καὶ
2454 3870 2574 3927 λίαν
2631 3867 3178 3946 θπερεκπέπληγμαι,
3209 3872 3300 3928 καὶ
3331 3873 3594 3946 θαυμάζω
3623 3872 3759 3948 πρὸς

2105 3960 2157 4014 τί
2180 3960 2702 4035 περατωθησόμενον
2747 3960 2948 4031 ταύτην
2999 3958 3298 4037 ἔκύρωσαν,
3358 3960 3394 4031 ἢ
3463 3965 3580 4026 πῶς
3628 3963 3765 4018 ποτὶ

2107 4047 2382 4123 κρίνοντες
2448 4049 2546 4118 τήν
2599 4049 2804 4104 ἑαυτῶν
2857 4049 3172 4128 μιαιφονίαν
3235 4057 3553 4122 προσῆπτον
3621 4054 3760 4123 Θεῷ,

2101 4137 2191 4192 καὶ
2248 4138 2464 4208 κίνησιν
2530 4138 2708 4194 θεόθεν
2771 4137 3197 4213 ἀνερυθριάστως
3267 4138 3550 4214 ὠνόμαζον
3607 4140 3674 4210 ἣν
3732 4142 3762 4197 6

2103 4225 2344 4302 ἀρχῆθεν
2404 4225 2852 4303 ἀνθρωποκτόνος
2907 4227 3094 4302 σκέψιν
3153 4227 3338 4291 αὐτοῖς
3412 4229 3761 4307 ὑφηγήσατο,

2103 4314 2217 4390 ἐξὸν
2252 4317 2446 4391 ἒτὲρως
2475 4317 2930 4392 προοιμιάζεσθαι
2963 4316 3054 4371 καὶ
3110 4318 3186 4390 μὴ
3229 4314 3462 4382 ἀναιδῶς
3495 4319 3640 4374 οὕτω
3665 4316 3759 4375 καὶ

2100 4400 2565 4482 ἀπεριθαμϐῆτως
2628 4407 2972 4482 φθὲγγενθαι,
3033 4403 3171 4480 μηδὲ
3221 4411 3402 4484 γυμνῇ
3444 4411 3513 4483 τῇ
3543 4407 3758 4486 κεφαλῇ

2097 4493 2160 4549 τὸ
2192 4495 2334 4549 θεῖον
2392 4499 2743 4574 συκοφαντεῖν
2804 4495 2879 4557 ὡς
2934 4500 3130 4570 χαῖρον
3183 4495 3430 4570 α’ἰμασιν,
3465 4498 3494 4552 δ
3522 4498 3760 4574 πρώτως

2100 4581 2178 4645 εἷς
2244 4583 2306 4637 τὸ
2374 4584 2511 4638 εἶναι
2573 4584 2663 4638 τὸν
2732 4582 3015 4658 ἄνθρωπον
3082 4577 3258 4640 ἔκτισε
3310 4586 3385 4660 μὴ
3453 4587 3760 4657 πεποιηκὸς

2101 4671 2350 4743 θάνατον,
2401 4673 2486 4726 καὶ
2545 4673 2607 4727 οὗ
2659 4671 2888 4728 ἐνώπιον
2949 4674 3102 4750 φωνὴ
3152 4672 3382 4748 α’ίματος
3425 4670 3597 4733 ’Ἅϐελ
3631 4677 3759 4752 βοᾷ,

2097 4758 2186 4814 καὶ
2249 4762 2278 4814 δ
2333 4758 2632 4836 διαῤῥῆδην
2710 4761 2941 4840 κέκραγε
3019 4764 3096 4836 μὴ
3158 4762 3444 4838 βούλεσθαι
3498 4765 3589 4821 τὸν
3659 4769 3758 4820 τοῦ

2100 4850 2436 4926 ἀμαρτωλοῦ
2491 4852 2719 4918 θάνατον
2795 4853 2868 4916 ὡς
2953 4853 3015 4908 τὸ
3075 4853 3390 4930 ἐπιστρέψαι
3449 4856 3608 4912 αὐτὸν
3663 4855 3755 4912 καὶ

2100 4945 2280 5010 ζῆσαι.
2333 4941 2435 4998 Καὶ
2485 4943 2535 4998 oi
2599 4943 2698 5015 μὶν
2749 4941 2890 4998 οὕτω
2941 4943 3142 5007 παντὸς
3189 4943 3468 5001 ἀπώλειαν
3507 4949 3758 5020 καταψη-

2105 5032 2389 5108 φισάμενοι
2445 5031 2536 5086 τὸν
2599 5031 2874 5108 σύλλογον
2935 5032 3133 5090 ἐκεῖνον
3199 5031 3469 5091 διέλυσαν·
3540 5033 3758 5111 Ἀνδρό-

2101 5141 2252 5183 νικος
2287 5117 2343 5176 δὲ
2376 5122 2472 5183 τὰς
2518 5119 2604 5176 ἐπὶ
2655 5126 2774 5184 ταῖς
2823 5121 3041 5198 πράξεσι
3085 5124 3306 5188 ταύταις
3337 5130 3456 5190 ταῖς
3487 5131 3758 5200 μυσαραῖς

2101 5208 2440 5284 ἐκτιθεμένας
2519 5209 2830 5274 δικαστικάς
2897 5215 3114 5290 ψήφους
3179 5214 3275 5270 ἀνά
3339 5221 3528 5290 χεῖρας
3594 5213 3757 5294 δεχό-

2103 5321 2262 5374 μενος
2315 5299 2604 5380 ἐφύλαττεν
2656 5300 2708 5356 ἐν
2758 5307 3032 5380 φωριαμῷ
3093 5299 3372 5382 ἀσφαλῶς,
3425 5303 3524 5360 οὐκ
3576 5301 3676 5361 οἶδ’
3728 5305 3759 5361 ὅ

2095 5409 2146 5444 τι
2211 5387 2610 5462 διανοούμενος,
2675 5391 2828 5464 οἶμαι
2879 5388 2935 5446 δὲ
2991 5391 3054 5447 τὸ
3103 5391 3358 5467 ἐσόμενον
3406 5395 3750 5470 προσκοπού-

2100 5499 2278 5551 μενος,
2311 5479 2400 5534 καῖ
2435 5476 2629 5541 δεδιὼς
2675 5477 2844 5558 φόϐον
2896 5479 2954 5543 ὅς
3004 5479 3238 5552 ἐπῆλθεν
3267 5483 3414 5556 αὖτῷ
3445 5483 3750 5557 μετέπειτα.

2096 5569 2390 5642 Συσχεθεῖς
2423 5567 2548 5645 γάρ,
2579 5569 2669 5624 καὶ
2703 5568 2901 5646 λόγους
2949 5571 3024 5625 ὧν
3071 5567 3392 5648 διεπράξατο
3426 5574 3573 5648 [217]
3605 5575 3754 5648 παρά

2093 5661 2196 5713 τῶν
2245 5657 2693 5730 συνεληλυθότων
2746 5659 3230 5738 εἶσπραττόμενος,
3263 5662 3449 5720 ἑαυτὸν
3493 5661 3754 5734 ἀπηλλο-
