4126 6294
382 405 511 467 697

1414 402 1514 463 DE
1558 400 2016 463 ANDBONICO
2062 396 2431 461 COMNENO
2476 398 2623 459 LIB.
2672 399 2748 458 ΙΙ.

3683 393 3805 453 698

389 537 551 614 τρίου
589 539 699 592 τῶν
754 531 1062 612 γενομένων
1093 531 1173 611 ἐφ’
1235 535 1325 597 οἷς
1374 553 1518 597 τινας
1566 531 1946 608 παρελύπησεν
2005 534 2039 602 ἣ

2158 532 2468 589 fateantur.
2528 533 2810 587 Preterea
2866 544 2928 586 se
2985 527 3142 585 nullo
3199 526 3372 583 modo
3416 540 3486 582 ea
3524 522 3804 598 suffragia

396 627 668 683 κακώσεσι
707 627 1045 698 σωματικαῖς
1073 617 1438 690 καθυπὲϐαλε,
1485 623 1577 677 καὶ
1628 622 1759 685 τοὺς
1819 621 1910 695 μὲν
1969 617 2050 695 δι-

396 714 600 775 καστὰς
630 709 825 790 ἔφασκε
878 712 969 767 καὶ
1024 712 1125 781 τήν
1174 710 1456 787 γερουσίαν
1517 709 1904 789 ἀποφαίνεσθαι
1954 710 2051 767 τὰς

395 803 666 879 τιμωρίας
750 802 810 863 ἃς
885 799 1185 870 ὑπέστησαν
1269 800 1359 856 καὶ
1444 800 1636 861 ὁποίας
1718 797 2047 864 πεπόνθασιν

403 896 454 950 oi
485 888 973 966 προσκεκρουκότες
1034 888 1179 961 αὐτῷ
1236 890 1344 963 πρὸ
1385 896 1485 959 τῆς
1540 888 1720 965 ἀρχῆς
1769 887 1858 943 καὶ
1914 888 2050 943 κατά

395 985 493 1054 τήν
530 978 808 1058 βασιλείαν
879 982 1071 1049 αὐτὴν,
1133 978 1292 1035 αὐτὸν
1347 976 1404 1035 δὲ
1457 983 1577 1041 ταῖς
1635 977 1850 1034 ἐκείνων
1907 980 2048 1055 γνώ-

392 1094 519 1148 μαις
550 1073 838 1146 ὑπηρετεῖν
875 1067 1041 1143 (μηδὲ
1098 1069 1202 1146 γὰρ
1265 1069 1384 1144 εἲκῇ
1444 1074 1626 1148 φορεῖν
1684 1071 1782 1139 τὴν
1843 1070 2045 1145 μάχαιο

387 1165 502 1240 ραν)
541 1161 631 1215 καὶ
659 1164 800 1239 χρᾷν
831 1160 930 1228 τήν
973 1163 1135 1234 χεῖρα
1202 1159 1278 1221 εἰς
1338 1157 1504 1234 πέρας
1539 1160 1611 1214 ὧν
1670 1157 2042 1236 ἀπεφαίνοντο.

386 1253 522 1307 Τότε
562 1248 610 1306 δ’
669 1248 759 1305 οὖν
800 1251 898 1317 τήν
953 1247 1316 1324 ἐξενεχθεῖσαν
1385 1252 1568 1327 ψῆφον
1627 1247 1878 1324 πληροῦν
1933 1248 2049 1306 ἐπε-

389 1335 609 1409 ϐάλετο,
642 1339 781 1414 πρὸς
807 1335 874 1408 ἤν
907 1339 934 1392 ὁ
975 1338 1093 1400 υἱὸς
1150 1338 1316 1393 αὐτοῦ
1366 1339 1394 1393 ὁ
1436 1333 1882 1415 σεϐαστοκράτωρ
1913 1337 2045 1394 ἀπε-

389 1425 605 1499 πήδησε
629 1425 918 1496 Μανουήλ,
969 1426 1135 1481 εἰπὼν
1200 1424 1471 1501 μηδαμῶς
1524 1426 1858 1492 συντίθεσθαι
1914 1424 2046 1503 πρᾶ-

390 1520 462 1592 ξει
494 1519 615 1587 ἥτις
649 1518 724 1590 μὴ
758 1518 875 1581 καθ’
933 1517 1163 1591 ὁρισμὸν
1221 1516 1461 1574 τελεῖται
1525 1516 1824 1594 βασιλικὸν³
1866 1519 1941 1584 ὡς
1994 1519 2047 1575 οἱ

392 1607 734 1677 θεσπίζοντες
803 1601 1339 1682 προαναϐαλλονται,
1410 1606 1500 1662 καὶ
1576 1605 1767 1671 ἄλλως
1857 1605 1913 1663 δὶ
1964 1610 2040 1682 μὴ

390 1694 721 1776 ἀνασχέσθαι
801 1696 1049 1751 ὁπωσοῦν
1132 1717 1265 1751 ποτε
1348 1697 1611 1776 ἀπόφασιν
1665 1696 2041 1753 οἰκειώσασθαι

389 1786 493 1842 ὑπὸ
521 1789 699 1862 κρῖμα
734 1786 965 1850 θανάτου
1009 1786 1246 1841 τιθεῖσαν
1286 1786 1480 1863 σχεδὸν
1536 1787 1599 1842 τὸ
1657 1788 2040 1863 Πανρώμαιον,

2159 622 2565 695 probaturum,
2626 636 2756 692 quae
2788 634 2932 692 pene
2989 619 3282 674 Romanos
3330 631 3536 673 omnes
3591 615 3802 687 capitis

2159 712 2314 767 440
2353 711 2766 779 condemnent,
2798 712 2971 780 atque
3001 707 3178 765 etiam
3210 703 3654 779 provincialium
3687 721 3801 761 non

2156 817 2375 874 paucos
2407 802 2689 873 perdant:
2718 797 3118 856 carnificinam
3151 794 3481 852 enimillam
3511 795 3571 850 in
3602 793 3804 850 infini-

2155 899 2281 947 tum
2328 895 2757 965 grassaturam,
2798 889 2912 946 alio
2957 887 3030 945 ob
3062 886 3218 944 aliud
3267 885 3489 942 crimen
3537 899 3800 958 compre-

2155 978 2338 1036 henso
2396 983 2454 1035 et
2513 979 2722 1045 occiso,
2782 977 2880 1051 qui
2940 993 3055 1033 non
3111 976 3356 1032 extorris
3406 974 3506 1043 sit,
3565 988 3671 1030 nec
3732 989 3801 1030 ex

2155 1086 2372 1142 quercu
2405 1068 2710 1126 natus.sed
2743 1071 3013 1141 parentes
3043 1070 3321 1138 cognatos
3352 1063 3559 1122 afﬁnes
3579 1063 3801 1119 amicos

2154 1158 2388 1216 habeat.
2443 1160 2725 1215 Caeterum
2768 1155 2912 1212 illud
2957 1155 3226 1228 judicum
3270 1155 3590 1221 decretum,
3626 1152 3797 1223 jussu

2152 1254 2523 1327 imperatoris
2572 1254 2817 1324 editum,
2882 1269 2982 1311 eos
3036 1269 3240 1309 omnes
3297 1252 3398 1323 qui
3450 1251 3510 1307 in
3552 1248 3801 1306 diversis

2155 1344 2469 1417 provinciis
2511 1344 2763 1417 dispersi
2806 1347 2863 1399 et
2909 1342 3100 1399 ubivis
3149 1342 3209 1397 in
3249 1340 3582 1397 carceribus
3612 1342 3799 1411 erant,

2151 1433 2213 1490 in
2239 1451 2421 1489 unum
2470 1433 2688 1503 locum,
2736 1432 2894 1488 velut
2923 1448 3057 1489 oves
3108 1429 3444 1487 mactationi
3476 1427 3798 1485 destinatas

2149 1521 2211 1578 in
2271 1538 2454 1578 unum
2507 1521 2840 1589 macellum,
2900 1521 3178 1593 cogebat;
3228 1535 3296 1576 ac
3357 1534 3493 1574 suas
3550 1517 3799 1589 quisque

2152 1629 2356 1685 poenas
2435 1610 2760 1680 dedissent,
2832 1610 2970 1681 nisi,
3058 1612 3122 1665 ut
3179 1607 3464 1682 propheta
3514 1606 3799 1679 loquitur,

2154 1703 2306 1758 Deus
2337 1718 2510 1758 suum
2550 1699 2807 1772 gladium
2844 1700 2901 1755 in
2948 1699 3255 1771 fugitivum
3293 1699 3620 1764 draconem,
3654 1694 3800 1752 obli-

2150 1807 2332 1864 quum
2380 1789 2572 1860 illum,
2632 1796 2689 1846 in
2735 1806 2921 1862 aquas
2974 1787 3382 1861 refugientem,
3428 1786 3796 1852 strinxisset;

384 1875 476 1930 καὶ
511 1876 587 1948 μὴ
624 1872 788 1947 μόνον
818 1874 1176 1952 ἀφανίζουσαν
1238 1876 1430 1931 ὁπόσοι
1489 1875 1777 1950 Ῥωμαίων
1823 1877 2038 1952 προήλο

2158 1880 2271 1953 qui,
2305 1887 2366 1936 ut
2397 1878 2558 1935 molli
2591 1882 2647 1935 et
2678 1878 2929 1935 delicata
2960 1876 3061 1933 illa
3079 1878 3207 1933 vitis
3238 1876 3461 1931 ratione
3493 1874 3794 1942 indicavit,

386 1963 752 2036 θοσαν,ἀλλὰ
780 1964 869 2019 καῖ
928 1965 1055 2026 τοὺς
1115 1963 1166 2035 ἐξ
1219 1963 1382 2028 ἐθνῶν
1444 1966 1573 2041 οὐχὶ
1642 1967 1868 2041 βραχεῖς
1922 1963 2043 2021 διαο

386 2053 731 2134 φθείρουσαν·
767 2054 842 2117 εἰς
873 2053 976 2129 γὰρ
1010 2050 1231 2125 ἄπειρον
1297 2053 1753 2126 ἀποτελευτήσειν
1811 2056 1909 2125 τὴν
1963 2077 2045 2111 τε·

2155 1968 2304 2025 nihil
2356 1968 2516 2026 aliud
2562 1968 2883 2040 expetebat,
2942 1966 3089 2023 nihil
3137 1964 3297 2023 aliud
3342 1962 3634 2036 cogitabat
3682 1961 3796 2020 nisi

2154 2059 2336 2114 vitam
2367 2057 2779 2131 voluptariam.

386 2143 607 2214 λευτήν,
639 2148 737 2199 τοῦ
774 2144 868 2217 μὶν
901 2140 989 2198 διὰ
1012 2141 1170 2198 τόνδε
1201 2139 1728 2218 ξυλλαμϐανομένου
1782 2166 1841 2200 τε
1891 2146 1982 2200 καὶ
2048 2142 2461 2222 ἀναιρουμένου,
2517 2145 2765 2201 κάκείνου
2799 2145 2875 2219 μὴ
2913 2142 3178 2205 ἀπόλιδας
3208 2140 3593 2218 εὑρισκομένου
3660 2136 3802 2215 μηδὲ

390 2233 613 2310 φυέντος
641 2230 749 2287 ἀπὸ
783 2228 964 2307 δρυὸς,
1006 2229 1135 2287 ἀλλ’
1168 2232 1226 2287 ἐκ
1264 2232 1468 2308 πατρὸς
1497 2232 1587 2287 καὶ
1622 2233 1830 2309 μητρὸς
1861 2235 1894 2303 ἢ
1931 2238 2063 2309 γοῦν
2115 2235 2167 2304 ἒξ
2227 2234 2540 2311 ἀγχιστείας
2569 2235 2630 2289 τὸ
2683 2234 3086 2307 συναπτόμενον
3121 2233 3196 2294 εἷς
3223 2233 3377 2309 γένος
3408 2231 3499 2286 καὶ
3528 2231 3589 2287 τὸ
3611 2228 3796 2310 φίλιον

385 2320 794 2398 ἀναφαίνοντος.
829 2321 926 2376 Καὶ
968 2318 1035 2390 δὴ
1069 2320 1176 2377 ἀπὸ
1207 2319 1591 2397 διαταγμάτων
1625 2322 1927 2396 βασιλικῶν
1958 2325 2140 2399 ἀρχὴν
2173 2320 2464 2397 δεξάμενον
2495 2325 2558 2380 τὸ
2589 2321 2900 2380 δικαστικὸν
2928 2327 3088 2379 τοῦτο
3119 2322 3511 2399 γνωμέτευμα,
3544 2318 3795 2393 ἤμελλον

391 2412 465 2475 ὦς
494 2407 747 2489 πρόϐατα
772 2413 982 2491 σφαγῆς
1014 2411 1090 2472 εἰς
1117 2411 1173 2466 ’ἐν
1214 2413 1530 2487 συνάγεσθαι
1563 2411 1855 2488 ἄθροισμα,
1890 2414 1941 2468 οἱ
1973 2414 2023 2468 ὲν
2056 2412 2339 2494 διαφόροις
2372 2415 2662 2491 ἓπαρχίαις
2694 2417 3094 2480 ὲκτοπισθὲντες
3116 2415 3208 2470 καὶ
3239 2415 3291 2469 οἱ
3312 2418 3430 2476 ταῖς
3453 2408 3801 2482 δπουδτςποτε

392 2502 842 2582 καθειργνύμενοι
873 2500 1164 2581 φυλακαῖς,
1199 2502 1338 2560 ὣστε
1365 2501 1594 2561 ἕκαστον
1626 2504 1942 2584 υφίστασθαι
1976 2506 2205 2570 θάνατον
2239 2505 2317 2568 εἷς
2349 2507 2407 2562 ὅν
2447 2508 2746 2585 ἀφώριστο,
2783 2507 2829 2562 εἰ
2890 2509 2965 2581 μή
2999 2505 3133 2562 κατᾶ
3178 2506 3269 2562 τὸν
3308 2506 3601 2582 προφήτην
3633 2502 3802 2558 εἷπεῖν

394 2593 491 2661 τὴν
549 2593 753 2648 οῗκείαν
817 2594 1094 2669 μάχαιραν
1151 2588 1415 2650 ἐπέϐαλεν
1479 2595 1506 2648 ὁ
1566 2595 1696 2657 Θεὸς
1753 2593 1842 2649 ἐπὶ
1898 2595 1991 2649 τὸν
2052 2593 2365 2666 ἀποστάτην
2425 2593 2714 2673 δράκοντα,
2771 2597 2862 2651 τὸν
2917 2594 3165 2662 σκολιὸν,
3222 2595 3313 2649 τὸν
3353 2595 3405 2649 ἓν
3434 2598 3552 2655 τοῖς
3613 2590 3798 2648 ὕδασιν

394 2681 769 2761 ὑποφεύγοντα
841 2684 909 2756 τῇ
986 2682 1243 2760 καθ·5γρῳ
1315 2682 1510 2760 ταύτῃ,
1586 2684 1661 2747 ὠς
1736 2680 1924 2754 ἔδειξε,

393 2769 464 2841 ἠδ
470 2792 526 2828 ον
538 2772 648 2827 ικὸν
680 2773 913 2844 φανταζό
922 2793 1015 2846 μεν
1025 2794 1082 2828 ον
1092 2793 1105 2808 ’

458 2861 521 2917 θ’.
579 2855 778 2930 Συνέϐη
849 2858 905 2917 δέ
959 2883 1013 2917 τι
1064 2863 1154 2918 καὶ
1204 2861 1388 2939 ἓτερον
1467 2864 1543 2926 εἰς
1629 2865 1729 2934 τὴν
1785 2863 2044 2933 τοιαύτην

397 2948 559 3004 αὐτὸν
610 2947 1009 3026 ἐκτραχηλίσαν
1087 2952 1404 3026 ἐνθύμησιν.
1464 2952 1638 3027 Ὁρῶν
1700 2952 1800 3028 γὰρ
1867 2952 2042 3007 ἀπαν-

393 3038 625 3115 ταχόθεν
668 3038 820 3094 στενά
849 3041 899 3095 οἱ
929 3041 997 3096 τὰ
1024 3041 1341 3116 πράγματα,
1373 3040 1461 3096 καὶ
1502 3042 1629 3103 τοὺς
1676 3038 1735 3096 ἐκ
1790 3040 2044 3104 Σικελίας

2006 2684 2190 2760 βιοτῇ,
2264 2685 2355 2741 καὶ
2434 2682 2605 2759 μηδὲν
2681 2685 2815 2760 ὑπὶρ
2871 2688 2939 2740 τα
2995 2685 3252 2762 ὁρώμενα
3331 2683 3421 2737 καὶ
3510 2681 3624 2756 βίον
3704 2681 3796 2736 τὸν

2224 2865 2278 2922 9.
2314 2864 2538 2921 Accidit
2578 2864 2755 2922 etiam
2801 2864 2960 2922 aliud
3008 2864 3313 2938 quiddam,
3365 2863 3520 2936 quod
3554 2878 3687 2919 eum
3737 2863 3797 2918 in

2154 2955 2374 3010 tantam
2423 2954 2853 3012 immanitatem
2883 2953 3139 3027 impulit.
3161 2953 3325 3023 ,Nam
3371 2968 3502 3008 cum
3546 2951 3807 3025 undique

2154 3043 2213 3100 in
2247 3049 2437 3102 artum
2487 3062 2628 3102 suas
2654 3045 2851 3119 copias
2888 3045 3039 3118 cogi,
3070 3049 3128 3102 et
3158 3043 3387 3102 Siculos
3410 3044 3661 3116 jamjam
3697 3060 3803 3100 suo

397 3128 523 3183 ὅσον
580 3124 789 3184 οὐδέπω
843 3131 977 3185 κατὰ
1057 3128 1301 3208 κεφαλὴν
1358 3131 1524 3186 αὐτοῦ
1588 3128 2047 3206 ἐπιστησομὲνους

2159 3134 2334 3207 capiti
2374 3134 2683 3192 imminere
2740 3140 2797 3192 et
2843 3140 3124 3207 tanquam
3177 3133 3519 3208 Typhonem
3563 3137 3800 3190 centum

395 3216 487 3271 καὶ
518 3215 592 3280 ὡς
633 3217 1065 3299 ἑκατογκέφαλον
1129 3224 1363 3287 Τυφῶνα
1417 3219 1863 3291 καταπιέσοντας,
1919 3220 2047 3284 τοὺς

393 3303 441 3361 δ’
470 3305 617 3368 ἐντὸς
660 3307 755 3362 τὸν
813 3306 984 3363 αὐτοῦ
1034 3308 1260 3373 θάνατον
1300 3305 1573 3383 διψῶντας
1630 3308 1932 3381 ἐπισκοπήν
1992 3330 2049 3364 τε

394 3393 736 3471 ἡγουμένους
795 3399 932 3452 Θεοῦ
998 3396 1089 3452 καὶ
1143 3395 1297 3453 λύσιν
1337 3395 1659 3469 δοξάζοντας
1695 3402 1803 3453 τῶν
1870 3398 2050 3454 κακὼν

396 3485 496 3553 τὴν
555 3484 722 3541 αὐτοῦ
780 3484 1039 3542 ἀνάλυσιν
1092 3486 1152 3542 ἐκ
1206 3491 1304 3543 τοῦ
1348 3488 1627 3561 σώματος,
1659 3487 1748 3543 καὶ
1800 3489 1902 3555 τὴν
1943 3489 2048 3544 ἀπὸ

396 3577 494 3629 τοῦ
526 3572 674 3639 θείου
712 3571 768 3629 8‘s
801 3575 1157 3654 ὑφορώμενος
1211 3574 1593 3651 ἐγκατάλειψιν
1650 3579 1732 3639 οἷς
1782 3574 2052 3651 πολυτρό-

397 3683 517 3727 πως
561 3664 625 3719 τὸ
667 3662 935 3739 ὑπερέχον
983 3661 1239 3738 ἐδάμασε,
1294 3665 1385 3721 καὶ
1443 3668 1611 3721 ταῦτα
1651 3662 2050 3740 διατεινόμενος

317 3808 329 3818 ,
399 3750 461 3807 ἐκ
486 3758 586 3821 τῆς
624 3751 801 3817 αὐλῆς
841 3753 974 3808 εἶναι
1004 3757 1250 3830 Χριστοῦ
1297 3754 1387 3810 καὶ
1429 3754 1492 3809 τὸ
1545 3755 1679 3810 αὐτὸ
1707 3755 1861 3832 γένος
1935 3760 2053 3820 τοῖς

398 3835 815 3916 ἐκθλιϐομένοις
881 3841 1097 3917 λαχὼν,
1153 3845 1290 3920 πρὸς
1346 3844 1445 3913 τὴν
1513 3840 1603 3898 διὰ
1651 3843 1886 3908 Οωπείας
1943 3845 2053 3901 εἶτε

392 3929 483 3985 καὶ
526 3931 810 4006 θεραπείας
846 3935 953 3985 τῶν
980 3932 1186 4007 ξεναγῶν
1255 3929 1526 4005 δαιμόνων
1587 3934 1899 4008 πρόγνωσιν
1945 3936 2052 3988 τῶν

398 4017 717 4092 μελλόντων
749 4019 914 4094 ὁρμᾷ,
945 4020 1085 4075 καθά
1114 4021 1203 4076 καὶ
1262 4021 1290 4076 ὁ
1347 4019 1580 4083 παλαιὸς
1621 4020 1824 4084 ἐκεῖνος
1868 4020 2050 4077 Σαουλ

393 4108 472 4170 εἷς
505 4108 599 4169 τὰς
630 4107 1103 4184 ἐγγαστριμύθους
1158 4108 1376 4186 ὕστερον
1434 4105 1684 4186 ἔϐλεψεν,
1744 4108 1807 4173 ἅς
1861 4109 2053 4168 ἐδίωκε

395 4197 662 4273 πρότερον
728 4198 791 4252 τὸ
831 4204 973 4261 θεῖον
1028 4199 1201 4272 ἑαυτῷ
1256 4198 1600 4272 ἱλεούμενος.
1650 4199 1754 4256 Καὶ
1820 4198 1886 4270 δή
1955 4202 2054 4270 τήν

395 4286 621 4355 θυτικὴν
709 4289 1135 4363 καταργηϐεῖσαεν
1197 4286 1367 4343 πᾶλαι
1451 4289 1592 4363 ὁρῶν
1648 4288 1739 4342 καὶ
1811 4292 1911 4358 τήν
1963 4286 2055 4344 διὰ

389 4374 594 4445 ταύτης
663 4371 909 4447 δήλωσιν
996 4380 1103 4431 τῶν
1202 4376 1473 4449 ἐσομένων
1550 4378 1879 4447 ,τεθνηκυῖαν
1961 4373 2051 4432 καὶ

2156 3224 2413 3294 capitum
2477 3241 2884 3308 ogpressuros,
2945 3225 3098 3282 cives
3155 3240 3286 3281 vero
3346 3228 3589 3280 mortem
3632 3239 3803 3281 suam

2157 3314 2320 3371 sitire
2366 3319 2425 3372 et
2471 3333 2643 3373 suum
2693 3315 2995 3373 interitum
3046 3314 3315 3371 divinum
3358 3313 3709 3371 beneﬁcium
3751 3320 3807 3370 et

2159 3404 2445 3461 malorum
2469 3405 2790 3463 remedium
2819 3405 3153 3462 existimare
3182 3405 3617 3471 cerneret,44l
3660 3419 3806 3474 prae-

2156 3498 2430 3564 tereaque
2460 3509 2523 3551 se
2583 3498 2820 3568 propter
2873 3492 3232 3566 multiplices
3278 3508 3579 3564 procerum
3620 3492 3803 3548 caedes

2159 3589 2333 3641 aDeo
2395 3585 2693 3640 desertum
2719 3583 3034 3655 judicaret,
3067 3581 3339 3655 quamvis
3382 3597 3447 3638 se
3480 3582 3549 3637 ad
3587 3581 3801 3637 Christi

2159 3673 2467 3729 mandram
2488 3673 2777 3745 pertinere
2798 3671 3473 3743 afﬁrmarei,iisdemque
3496 3668 3802 3726 elementis

2160 3765 2448 3817 constaret
2497 3762 2714 3833 quibus
2769 3760 2811 3817 ii
2859 3777 3008 3832 quos
3064 3759 3446 3830 exstirpabat,
3485 3759 3557 3814 ad
3600 3759 3802 3814 futura

2159 3866 2263 3922 per
2301 3849 2606 3906 noxiorum
2649 3850 2979 3905 daemonum
3030 3848 3255 3903 cultum
3306 3846 3711 3918 cognoscenda
3740 3863 3802 3902 se

2159 3937 2462 4007 convertit,
2496 3940 2639 3994 utet
2670 3936 2884 3994 Saulus
2906 3936 3047 3992 olim
3080 3937 3151 3992 ad
3167 3934 3800 4009 engaslrimythostan-

2159 4024 2290 4080 dem
2323 4022 2489 4092 abiit,
2540 4040 2686 4095 quos
2716 4028 2850 4079 ante
2882 4023 3156 4094 placandi
3189 4021 3449 4079 numinis
3479 4021 3670 4096 gratia
3699 4037 3801 4095 pe-

2158 4113 2405 4185 pulerat.
2460 4113 2602 4169 Nam
2662 4128 2796 4169 cum
2853 4112 3253 4183 aruspicinam
3310 4116 3447 4169 ante
3512 4111 3800 4185 plurimos

2159 4220 2345 4260 annos
2375 4201 2727 4259 obsolevisse
2767 4205 2824 4257 et
2851 4200 3085 4274 penitus
3124 4202 3403 4258 abolitam
3440 4218 3591 4267 esse,
3621 4216 3799 4274 augu-

2160 4292 2340 4350 ralem
2394 4291 2535 4348 item
2594 4289 3091 4363 superstitionem,
3125 4294 3190 4346 ut
3226 4294 3285 4346 et
3334 4290 3698 4348 somniorum
3743 4294 3802 4346 et

2159 4381 2422 4438 ominum
2438 4379 3003 4453 interpretationem,
3034 4378 3155 4450 iam
3179 4377 3319 4436 olim
3338 4380 3659 4436 eRomanis
3676 4379 3800 4434 {ini~

387 4462 625 4542 ἄφαντον
685 4460 794 4535 ἤδη
854 4463 1211 4533 παντάπασιν,
1265 4464 1525 4528 ὡσαύτως
1579 4464 1667 4520 καὶ
1723 4466 1823 4536 τὴν
1858 4461 2047 4541 δι’ὀρ-

2158 4473 2271 4528 bus
2301 4469 2583 4536 avolasse,
2626 4468 2783 4526 solos
2812 4483 2945 4524 vero
2966 4484 3066 4525 eos
3088 4468 3458 4540 imposlores,
3490 4469 3633 4541 quie
3651 4467 3800 4539 pelvi

387 4553 548 4610 νίθων
586 4552 907 4631 περιεργίας
955 4554 1126 4611 πάλαι
1186 4556 1500 4611 ἀποπτᾶσαν
1566 4554 1618 4627 ἐξ
1685 4554 1850 4630 ὁρίων
1914 4557 2050 4621 Ῥω,

394 4653 629 4721 μαϊκῶν,
664 4645 1073 4720 ἐνυπνιασμοός
1103 4669 1162 4703 τε
1182 4647 1273 4703 καί
1294 4644 1721 4723 κλῃδονισμοὺς,
1765 4646 1959 4722 μόνους
1990 4645 2047 4705 δὲ

386 4736 516 4799 τοὺς
536 4734 625 4792 διὰ
649 4735 867 4792 πλυνῶν
890 4737 980 4792 καὶ
1003 4734 1299 4793 λεκανίδων
1350 4738 1767 4816 φενακομάντεις
1808 4737 2044 4815 περιλει-

390 4827 668 4900 πομένους
700 4827 854 4900 [218]
886 4826 977 4882 καὶ
1006 4826 1136 4890 τοὺς
1170 4828 1290 4884 ὅσοι
1346 4826 1443 4892 τὰς
1500 4833 1607 4884 τῶν
1638 4827 1846 4903 ἄστρων
1880 4826 2046 4893 θέσεις

384 4918 896 4995 περισκοπεόουσιν,
956 4918 1068 4994 οὐχ
1095 4919 1258 4988 ἧττον
1300 4923 1614 4980 πλανῶντες
1653 4918 1795 4995 ἤπερ
1826 4916 2047 4974 πλανώ-

393 5027 572 5081 μενοι,
630 5009 731 5077 τήν
794 5008 888 5082 μὶν
944 5006 1305 5082 ἀστρονομίαν
1360 5012 1440 5081 τῷ
1492 5010 1629 5071 τέως
1690 5008 1764 5071 ὡς
1819 5008 2044 5079 συνηθε-

393 5099 584 5170 στέραν
634 5098 723 5152 καὶ
782 5097 1110 5174 ἀξυμφανῶς
1165 5097 1232 5152 τὰ
1292 5095 1566 5172 μέλλοντα
1606 5094 2045 5177 ὑπεμφαίνουσαν

395 5184 711 5261 ὑπερέθετο,
767 5184 953 5263 ἐφίησι
995 5181 1042 5239 δ’
1092 5183 1224 5242 ὅλον
1290 5187 1477 5242 ἑαυτὸν
1506 5192 1625 5249 τοῖς
1685 5185 1877 5251 οἵτινες
1904 5186 2048 5259 ἀμυ-

391 5275 536 5355 δρῶς
568 5276 621 5332 ἐν
677 5282 796 5339 ταῖς
851 5274 1083 5338 πλυνοῖς
1152 5274 1311 5332 ὕδασι
1366 5278 1756 5353 τεκμαίρονται
1810 5277 1877 5332 τὰ
1928 5274 2046 5332 ἰσό-

386 5387 520 5440 μενα
583 5363 674 5421 καί
734 5366 811 5429 ὡς
876 5364 965 5419 οἷά
1010 5384 1159 5427 τινας
1227 5366 1446 5430 ἀκτῖνας
1526 5365 1692 5437 ἡλίου
1778 5386 2049 5443 παραυγα-

381 5454 577 5526 ζοόσας
628 5452 940 5528 ἰνδάλματα
998 5458 1106 5510 τῶν
1171 5449 1474 5531 ἔμπροσθεν
1532 5456 1735 5513 ἐκεῖθεν
1797 5454 2048 5529 ἐνοπτρί-

384 5550 585 5614 ζονται.
637 5543 815 5605 Αὐτὸς
879 5543 976 5617 μὲν
1030 5541 1119 5598 οὖν
1185 5549 1432 5620 παρεῖναι
1498 5551 1618 5609 τοῖς
1692 5544 2047 5619 τελουμένοις

390 5632 677 5706 ἀπείπατο,
739 5630 1024 5702 ἐκκλίνων,
1073 5631 1147 5696 ὦς
1196 5627 1362 5706 ἔοικε,
1415 5636 1514 5705 τήν
1551 5632 1791 5692 κωτίλον
1823 5635 2041 5713 φήμην,

393 5715 430 5788 ἤ
484 5718 551 5774 τὰ
602 5719 653 5774 ἐν
718 5725 942 5797 κρυπτῷ
1003 5718 1254 5797 δρώμενα
1319 5723 1475 5801 διορᾷ
1532 5724 1622 5783 κάξ
1672 5724 1857 5797 τίθησι
1919 5729 2040 5788 τοῖς

2162 4560 2448 4628 divinant,
2479 4564 2538 4616 et
2566 4558 2665 4631 qui
2714 4563 3014 4615 astrenum
3066 4556 3295 4630 positus
3324 4557 3606 4612 rimantes
3637 4572 3800 4627 aeque

2158 4649 2369 4707 fallunt
2387 4664 2454 4705 ac
2483 4646 2791 4713 falluntur,
2809 4662 3120 4720 superesse
3135 4650 3542 4715 cerneret,tum
3559 4646 3796 4719 quidem

2155 4737 2531 4810 astrologiam
2562 4741 2627 4793 ut
2669 4736 2857 4810 magis
2886 4735 3233 4793 familiarem
3263 4740 3321 4793 et
3364 4736 3560 4794 futura
3588 4737 3801 4793 obscu-

2158 4828 2278 4886 rius
2311 4829 2654 4883 innuentem
2688 4826 2971 4898 seposuit,
3004 4841 3181 4898 seque
3210 4829 3402 4882 totum
3437 4826 3699 4900 permisit
3729 4828 3801 4885 iis

2158 4920 2260 4995 qui
2327 4919 2524 4974 futura
2574 4917 2731 4974 442
2790 4933 2858 4973 ex
2889 4917 3057 4986 aquis
3110 4917 3281 4990 quasi
3339 4934 3440 4990 per
3486 4917 3798 4992 caliginem

2158 5006 2503 5081 conjiciunt,
2528 5008 2587 5060 et
2631 5004 2914 5078 imagines
2945 5006 3280 5062 futurarum
3327 5024 3522 5064 rerum
3544 5012 3704 5065 velut
3731 5025 3803 5067 ex

2158 5095 2368 5153 umbra
2415 5090 2699 5149 solarium
2743 5091 3046 5149 radiorum
3098 5098 3529 5154 consectantur.
3563 5100 3644 5155 Ac
3674 5096 3801 5170 ipse

2157 5185 2391 5258 quidem
2422 5182 2464 5238 ii
2513 5181 2816 5239 nocturnis
2853 5182 3036 5239 sacris
3072 5183 3357 5241 interesse
3398 5186 3607 5255 noluit,
3639 5191 3797 5243 metu

2160 5275 2350 5342 fama},
2401 5278 2469 5331 ut
2524 5271 2795 5336 arbitror,
2852 5288 2976 5345 quae
3009 5289 3076 5329 ea
3119 5290 3249 5345 quas
3297 5275 3355 5330 in
3395 5275 3620 5331 occulto
3651 5276 3802 5331 ﬁunt

2158 5364 2437 5440 perspicit
2466 5366 2525 5421 et
2563 5363 2838 5420 omnibus
2870 5367 3120 5420 enarrat.
3181 5365 3295 5422 Sed
3325 5364 3610 5422 nefarium
3653 5364 3800 5422 illud

2158 5471 2438 5514 arcanum
2470 5452 3121 5526 Hagiochristophorite
3151 5454 3445 5525 Stephano
3463 5455 3631 5524 cujus
3648 5471 3800 5526 saepe

2160 5546 2515 5604 mentionem
2562 5542 2830 5611 fecimus,
2875 5543 3135 5599 mandat.
3166 5543 3222 5599 Is
3252 5559 3383 5600 vero
3425 5543 3596 5599 Setho
3626 5543 3800 5599 adhi-

2156 5637 2300 5704 bito,
2361 5633 2460 5706 qui
2516 5633 2588 5690 ab
2646 5632 2885 5689 ineunte
2938 5636 3107 5689 aetate
3164 5631 3498 5690 istiusmodi
3543 5630 3796 5686 oraculis

2156 5725 2387 5786 deditus
2444 5721 2645 5781 oculos
2692 5725 3000 5795 propterea
3085 5718 3371 5778 Manuelis
3426 5717 3795 5787 imperatoris
