4126 6294
321 371 438 488 699

1639 412 1952 476 NICETIE
1993 411 2419 479 CHONIATE

3609 410 3731 482 700'

319 558 496 632 jussu
527 553 822 621 amiserat,
883 551 950 608 ut
990 565 1168 620 supra
1213 545 1616 620 exposuimus,
1666 549 1824 604 certo
1856 546 1970 604 ritu

2088 547 2280 603 ἅπασιν
2331 543 2554 628 ἔκφορα,
2611 551 2894 624 ἃνατίθησι
2963 549 3020 609 δὶ
3073 553 3172 621 τὴν
3232 551 3472 627 μυσαρᾶν
3526 542 3726 622 ταύτην

329 651 522 719 (quem
556 641 702 700 mihi
731 657 836 698 nec
861 639 1010 696 scire
1040 654 1148 694 nec
1186 637 1476 708 explicare
1505 636 1826 707 jucundum
1859 641 1970 704 est,

323 741 382 793 et
409 733 646 790 aliunde
672 735 869 804 petere
901 729 1028 786 licet
1037 728 1064 800 )
1115 731 1488 800 percontatur
1516 725 1648 799 quis
1681 727 1812 798 post
1853 730 1972 781 An-

325 825 632 884 dronicum
670 823 748 879 sit
787 822 1186 892 imperaturus
1241 819 1342 873 aut
1389 815 1697 888 imperium
1749 813 1802 871 ei
1849 829 1970 870 ere-

325 921 554 989 pturus.
591 909 925 984 Respondet
943 906 1136 964 malus
1165 906 1397 979 genius,
1427 921 1493 961 ac
1519 906 1714 976 potius
1729 905 1975 960 obscure

325 1003 472 1061 utin
505 1002 696 1074 aquis,
729 1000 922 1072 iisque
966 996 1246 1064 turbidis,
1291 995 1516 1068 aliquot
1568 993 1788 1066 primas
1817 993 1973 1048 litte-

330 1109 443 1163 ras,
478 1093 701 1164 integro
733 1087 972 1146 nomine
1023 1103 1136 1142 non
1163 1101 1458 1158 expresso,
1493 1083 1785 1156 designat,
1825 1083 1977 1138 unde

326 1179 585 1240 Isaacius
616 1177 1072 1251 intelligeretur:
1106 1175 1208 1231 sed
1243 1176 1502 1247 primum
1524 1178 1761 1230 ostensa
1783 1171 1978 1228 littera

329 1271 370 1330 8
398 1269 586 1326 instar
615 1266 933 1324 dimidiatae
979 1263 1152 1328 lunae,
1187 1279 1254 1320 ac
1285 1263 1496 1318 deinde
1538 1261 1850 1333 subjuncta
1883 1261 1979 1316 lit-

329 1363 456 1418 tera
479 1359 537 1428 l;
571 1361 636 1414 ut
664 1355 972 1414 oraculum
1019 1357 1173 1410 esset
1205 1351 1536 1422 obscurius,
1568 1358 1622 1408 et
1666 1350 1769 1407 fati
1799 1350 1976 1408 veluti

326 1447 636 1516 stimulos;
697 1449 800 1502 aut
836 1452 895 1502 ut
948 1443 1142 1500 verius
1189 1443 1402 1508 dicam,
1461 1441 1615 1514 quod
1675 1457 1790 1497 non
1825 1441 1972 1497 satis

328 1543 500 1598 norat
555 1541 910 1594 nocturnum
987 1533 1132 1589 illud
1181 1537 1238 1588 et
1286 1531 1528 1589 infinitas
1586 1530 1979 1604 improbitatis

334 1625 712 1691 daemonium,
738 1621 1120 1695 perplexitate
1151 1619 1490 1688 involverat,
1516 1637 1588 1676 ne
1618 1619 1783 1694 argui
1819 1636 1978 1676 men-

332 1715 484 1772 dacii
516 1717 732 1788 posset.
797 1713 996 1786 Itaque
1048 1709 1419 1768 Andronicus
1470 1711 1620 1767 448
1680 1726 1780 1766 eas
1812 1711 1978 1766 Isau-

2075 639 2458 712 νυκτεργασίαν
2541 644 2622 712 τῷ
2705 641 3261 719 Ἀγιοχριστοφορίτῃ
3322 641 3596 718 Στεφάνῳ,
3669 641 3730 696 οὗ

2074 723 2349 790 πολλάκις
2381 727 2752 804 ἐμνήσθημεν.
2806 732 2866 789 Ὀ
2924 729 2981 786 δὲ
3044 731 3138 787 τὸν
3179 732 3315 799 Σὴ0¹
3367 725 3729 807 παραλαϐὼν,

2075 813 2136 870 ἐκ
2197 814 2494 891 βούπαιδος
2551 818 2934 894 τετελεσμένον
2987 821 3053 875 τὰ
3109 818 3288 876 τοιαδὶ
3345 823 3437 875 καὶ
3517 820 3729 877 τούτων

2073 900 2248 960 ἕνεκεν
2305 905 2598 964 ἐκκοπέντα
2661 910 2758 973 τὰς
2843 909 3006 985 κόρας
3073 909 3216 985 παρὰ
3295 914 3392 965 τοῦ
3461 909 3728 985 βασιλέως

2075 993 2362 1066 Μανουὴλ,
2395 996 2472 1060 ὡς
2505 995 2556 1052 ἐν
2583 1003 2702 1060 τοῖς
2734 999 2858 1074 περὶ
2917 997 3123 1053 ἐκείνου
3171 997 3362 1073 λόγοις
3413 997 3734 1072 εἰρήκαμεν,

2077 1080 2343 1158 ἐρώτησιν
2376 1084 2559 1156 τίθησι
2591 1083 2662 1141 δι’
2695 1084 2770 1142 ὧν
2804 1081 3020 1164 ἔδρασεν
3083 1085 3204 1161 (ὅσα
3261 1085 3389 1160 ἐμοὶ
3450 1087 3549 1159 μὶν
3595 1091 3735 1159 γνῶο

2076 1171 2162 1226 ναί
2218 1193 2277 1228 τε
2343 1174 2431 1228 καὶ
2489 1173 2658 1231 εἰπεῖν
2731 1174 2839 1254 οὑχ
2917 1173 3045 1246 ἡδὺ,
3127 1177 3312 1249 μαθεῖν
3374 1173 3420 1230 δ’
3481 1173 3736 1248 ἑτέρωθεν

2079 1255 2246 1330 ἔξεστι
2277 1266 2398 1324 τοῖς
2429 1261 2818 1338 βουλομένοις)
2851 1261 3044 1320 εἰδέναι
3095 1264 3154 1326 ὃς
3188 1264 3326 1319 ἐστιν
3375 1263 3404 1318 ὁ
3459 1263 3594 1337 μετᾶ
3647 1262 3738 1318 τὸν

2085 1347 2316 1425 βασιλέα
2347 1347 2523 1424 ἄρξων
2556 1349 2906 1430 Ἀνδρόνικον
2961 1351 2998 1423 ἤ
3045 1351 3135 1408 καὶ
3189 1351 3518 1428 παραλύσων
3579 1353 3735 1408 αὐτὸν

2079 1445 2180 1508 τῆς
2227 1439 2427 1516 ἀρχῆς.
2499 1441 2577 1499 Τὸ
2643 1439 2702 1496 δέ
2751 1443 2994 1520 πονηρὸν
3032 1441 3372 1518 ἀποκρίνεται
3431 1444 3662 1516 πνεῦμα,
3701 1441 3736 1512 ἤ

2088 1526 2302 1600 μᾶλλον
2341 1527 2599 1605 ἀμυδρῶς
2631 1531 2706 1594 ὡς
2736 1529 2790 1587 ἐν
2828 1529 3009 1602 ὕδασι,
3077 1532 3165 1588 καὶ
3195 1531 3410 1595 τούτοις
3465 1527 3738 1603 θολεροῖς,

2085 1614 2443 1694 διαχαράττει
2509 1623 2618 1674 τῶν
2659 1620 2997 1697 γραμμάτων
3051 1623 3173 1676 τινὰ
3229 1622 3496 1678 Ἰσαάκιον
3538 1619 3738 1676 ἐννοεῖν

2086 1701 2538 1780 ὑπερέϐαλλον-τα,
2562 1709 2674 1790 οὑχ
2703 1709 2839 1766 ἅπαν
2873 1709 3048 1780 ξυνθὶν
3068 1709 3132 1766 τὸ
3164 1706 3357 1784 ὄνομα,
3389 1707 3533 1765 ἀλλᾶ
3563 1710 3738 1783 σίγμα

333 1821 468 1862 rum
517 1801 846 1876 significare
895 1801 1158 1874 putabat,
1198 1805 1259 1857 et
1306 1817 1440 1856 eum
1480 1815 1610 1856 esse
1653 1797 1978 1856 aﬂirmnbat

2087 1795 2530 1871 προϋποθέμενον
2567 1798 2756 1852 ὁποῖον
2786 1799 2852 1854 τὸ
2890 1805 2990 1869 τῆς
3029 1797 3268 1871 σελήνης
3315 1798 3612 1872 ἡμίτομον,
3644 1797 3734 1854 καὶ

333 1891 624 1951 Isaacium
657 1891 1044 1960 Comnenum,
1067 1889 1168 1962 qui
1199 1889 1448 1962 Cyprum
1485 1905 1587 1961 per
1609 1888 1978 1960 tyrannidem

2087 1885 2282 1941 τούτου
2315 1885 2535 1952 ὄπισθεν
2596 1885 2938 1944 διατυπῶσαν
2979 1888 3134 1961 ἰῶτα,
3190 1888 3267 1952 εἷς
3315 1888 3380 1944 τὸ
3434 1887 3740 1967 ἀξυμφανες

327 1981 656 2056 oppressit;
703 1995 948 2052 eumque
1012 1983 1292 2052 perpetuo
1349 1984 1690 2051 suspectum
1729 1977 1978 2034 habebat

2088 1975 2220 2051 ἂγον
2275 1974 2514 2034 ἐντεῦθεν
2561 1977 2624 2034 τὸ
2686 1979 2969 2052 μάντευμα
3019 1977 3110 2034 καὶ
3163 1979 3280 2034 οἷον
3326 1981 3422 2034 τοῦ
3479 1976 3742 2051 ἐσομένου

330 2076 397 2130 ut
452 2069 681 2144 imperii
717 2082 1137 2125 successorem.
1197 2069 1366 2124 Nam'
1409 2085 1476 2123 ex
1517 2065 1741 2123 Isauria
1778 2066 1836 2122 in
1879 2067 1978 2137 Cy-

2087 2062 2458 2139 προκέντημα,
2507 2063 2545 2136 ἤ
2613 2064 2996 2140 ἀληθεστέρως
3037 2065 3230 2138 εἶπεῖν,
3287 2065 3318 2122 δ
3377 2069 3451 2140 μή
3511 2067 3744 2142 ἆκριτῶς

333 2176 508 2234 prum
561 2161 796 2216 venerat
842 2156 1019 2213 homo
1063 2155 1657 2224 maleﬁcentissimus,
1692 2155 1977 2228 pernicio-

2088 2151 2378 2224 ἠπίστατο,
2481 2158 2642 2210 τοῦτο
2737 2158 2805 2229 τῇ
2900 2155 3130 2234 ἀσαφείᾳ
3228 2154 3598 2229 ὑπομελαῖνον
3681 2153 3746 2210 τὸ

335 2263 440 2306 sus
491 2244 758 2314 Telchin,
817 2259 979 2300 mare
1038 2243 1471 2300 calamitatibus
1539 2251 1884 2314 exaestuans,
1923 2250 1978 2300 et

2087 2241 2400 2319 πολυμερὲς
2481 2245 2583 2314 τὴν
2641 2244 2830 2300 κακίαν
2887 2245 3208 2318 νυκτινόμον
3279 2242 3587 2318 δαιμόνιον,
3652 2245 3742 2300 τὸν

337 2341 504 2394 atrox
554 2335 707 2391 furia
761 2333 820 2388 in
863 2333 1065 2389 beatos
1129 2336 1262 2388 ante
1317 2331 1610 2388 insulares
1666 2331 1978 2388 crudeliter

2087 2335 2188 2386 τοῦ
2277 2329 2509 2405 ψεύδους
2607 2330 2998 2407 ἐκτρεπόμενον
3074 2331 3332 2411 ἔλεγχον.
3417 2335 3579 2389 Ὥστε
3653 2332 3744 2389 καὶ

337 2428 626 2501 grassata.
684 2422 830 2480 Nam
859 2421 1095 2494 scriptis
1145 2437 1242 2478 eos
1289 2421 1558 2487 miseror,
1589 2420 1691 2494 qui
1725 2421 1868 2494 ipsis
1901 2421 1978 2478 fa-

2091 2416 2432 2495 Ἀνδρόνικος
2477 2427 2724 2497 ’Ίσαυρον
2787 2422 3142 2494 ὑπετόπασεν,
3177 2421 3226 2494 ἐξ
3294 2423 3368 2478 ὧν
3401 2423 3625 2493 ἢκουσε,
3679 2424 3745 2478 τὰ

337 2515 448 2572 ctis
478 2513 779 2588 publicum
809 2511 954 2568 illud
1004 2511 1394 2568 infortunium
1426 2515 1566 2567 sunt
1589 2511 1832 2583 experti.
1864 2513 1978 2566 An-

2091 2508 2318 2586 ὀφθέντα
2375 2509 2772 2585 διασημαίνειν,
2831 2511 2922 2566 καὶ
2977 2513 3168 2568 τοῦτον
3225 2513 3365 2568 εἶναι
3433 2511 3744 2588 ἰσχυρίζετο

334 2603 614 2662 dronicus
673 2619 809 2659 vero
869 2600 1117 2657 miratus
1167 2599 1492 2667 oraculum,
1527 2623 1554 2650 «
1601 2598 1728 2658 Non
1787 2598 1978 2669 modo,

2087 2599 2179 2654 τὸν
2231 2600 2520 2672 Κομνηνὸν
2577 2601 2866 2672 Ίσαάκιον,
2927 2599 2986 2664 ὅς
3061 2604 3159 2670 τῆς
3242 2601 3459 2677 Κύπρου
3524 2623 3746 2658 κατετο-

333 2690 548 2765 inquit,
614 2691 686 2748 de
743 2705 1084 2748 successore
1138 2688 1524 2761 interrogato,
1580 2689 1681 2745 sed
1749 2693 1978 2760 tempus

2091 2687 2344 2762 ράγνευσε
2405 2688 2496 2744 καὶ
2536 2687 2592 2744 ὅν
2659 2688 2886 2766 ἐνήγετο
2957 2690 3279 2766 ὑποπτεύειν
3308 2687 3612 2768 ἐνδελεχῶς
3669 2691 3744 2753 ὡς

335 2781 507 2840 etiam
533 2779 786 2852 sdjicito.
806 2802 834 2831 ››
856 2779 1026 2836 Facta
1049 2778 1225 2834 etiam
1254 2779 1325 2834 de
1356 2783 1618 2850 tempore
1638 2778 1980 2851 quaestione,

339 2871 532 2929 aerius
558 2869 654 2927 ille
685 2873 742 2926 et
783 2867 1080 2926 terrestris
1138 2867 1406 2940 spiritus,
1447 2866 1808 2923 carminibus
1855 2881 1982 2939 quas

338 2959 582 3034 proferri
642 2959 804 3016 nefas
863 2963 954 3014 est
1000 2965 1274 3014 evocatus
1343 2961 1400 3012 ct
1446 2973 1580 3013 cum
1621 2955 1872 3030 strepitu
1923 2956 1982 3012 in

337 3066 549 3123 aquam
584 3047 848 3120 illapsus,
881 3047 1036 3102 intra
1067 3047 1491 3102 Exaltationem
1514 3045 1707 3102 crucis
1740 3062 1980 3119 respon-

337 3140 441 3196 dit.
491 3137 615 3192 llzec
658 3141 851 3192 autem
915 3134 1083 3190 initio
1125 3135 1484 3208 Septembris
1531 3138 1662 3192 acta
1695 3139 1857 3191 sunt.
1887 3135 1982 3192 Se-

335 3227 525 3285 cundo
552 3235 724 3296 etiam
757 3240 1032 3298 responso
1058 3223 1283 3291 audito,
1315 3240 1450 3280 cum
1495 3223 1726 3281 insuavi
1753 3227 1810 3281 et
1842 3223 1984 3280 falso

339 3333 407 3374 ao
438 3315 610 3388 plane
655 3313 940 3371 Sardonio
986 3315 1146 3370 risu:
1182 3335 1210 3365 ‹‹
1240 3313 1499 3384 Vanum,
1547 3313 1742 3386 inquit
1767 3314 1983 3370 Andro~

337 3403 526 3472 uicus,
557 3407 650 3460 est
675 3403 834 3460 istud
877 3403 1214 3471 oraculum;
1248 3401 1349 3476 qui
1403 3401 1560 3459 enim
1589 3402 1848 3460 Isaacius
1890 3401 1986 3458 in-

342 3497 435 3552 tra
465 3497 584 3550 tam
611 3507 829 3566 paucos
859 3491 983 3548 dies
1015 3491 1196 3565 Cypro
1227 3491 1498 3548 advenire
1521 3491 1984 3564 mequeimperio

338 3587 594 3641 evertere
641 3582 905 3656 poterit?
933 3604 963 3632 ››
995 3581 1189 3654 anue
1235 3581 1410 3638 verba
1449 3581 1680 3654 penitus
1707 3581 1982 3653 neglexit.

335 3671 480 3729 Cum
513 3675 708 3730 autem
737 3671 993 3728 Joannes
1017 3676 1326 3744 tyrannus,
1347 3668 1467 3726 Beli
1483 3668 1664 3742 judex
1683 3669 1754 3726 ab
1773 3671 1988 3728 Andro-

335 3761 466 3819 nico
489 3761 854 3835 designatus,
889 3775 1072 3832 eaque
1095 3760 1166 3816 de
1195 3762 1351 3816 444
1381 3775 1560 3816 causa
1587 3759 1982 3832 cupiditatum

330 3853 459 3924 ejus
511 3851 770 3908 fervidus
813 3850 1104 3918 minister,
1155 3849 1400 3906 dixisset
1451 3847 1745 3906 Isaacium
1797 3851 1985 3924 Ange-

329 3941 452 3998 lum
483 3957 514 3998 e
549 3939 740 3996 medio
785 3937 1108 3997 tollendum
1156 3953 1306 4009 esse,
1339 3954 1412 3995 ne
1470 3939 1616 3996 forte
1645 3937 1878 3996 oraculo
1909 3939 1981 3996 ad

332 4030 502 4087 illum
565 4029 888 4102 pertinente
945 4029 1057 4100 ipsi
1123 4028 1447 4104 longinqua
1494 4029 1981 4102 imaginarentur,

331 4118 404 4176 iis
435 4135 564 4190 qua
613 4123 750 4176 ante
807 4119 988 4191 pedes
1036 4124 1234 4176 essent
1273 4117 1582 4194 neglectis,
1616 4134 1689 4176 ne
1735 4117 1822 4176 sic
1852 4119 1982 4192 qui-

335 4207 468 4264 dem
499 4207 845 4264 divinationi
875 4224 1158 4265 assensus
1207 4213 1334 4270 est;
1365 4225 1433 4264 ac
1463 4209 1655 4280 potius
1683 4208 1981 4266 hominem

332 4296 559 4367 derisit,
591 4296 748 4368 quod
781 4295 892 4353 tale
921 4296 1141 4368 aliquid
1170 4297 1241 4354 de
1283 4295 1502 4355 Isaacio
1533 4298 1753 4370 Angela
1783 4297 1978 4369 suspi-

332 4389 580 4456 caretur,
615 4401 790 4459 quem
815 4393 876 4442 ut
897 4383 1133 4442 mollem
1163 4392 1215 4442 et
1247 4384 1524 4458 ignavum
1559 4402 1662 4442 nec
1687 4386 1758 4442 ad
1793 4385 1974 4442 ullam

330 4489 454 4532 rem
499 4475 815 4548 gerendam
866 4475 1141 4532 idoneum
1191 4475 1622 4532 contemnebat.
1671 4475 1818 4532 Nam
1857 4475 1976 4533 fata

331 4566 633 4638 urgebant,
661 4574 716 4622 et
739 4570 893 4622 Deus
927 4563 1126 4637 utique
1153 4563 1252 4620 illo
1284 4563 1624 4635 prudentior
1649 4567 1790 4620 erat.

2092 2775 2359 2856 διάδοχον
2436 2777 2582 2851 ἀύτῷ
2634 2783 2738 2846 τῆς
2791 2781 2996 2856 ἀρχῆς,
3054 2777 3242 2849 ἐπειδὴ
3330 2779 3418 2836 ναὶ
3481 2781 3745 2856 Ἰσαυρίας

2091 2865 2300 2935 ἀπάρας
2358 2865 2434 2928 εἰς
2473 2866 2691 2942 Κύπρον
2783 2867 3032 2946 ἀφίκετο,
3099 2869 3398 2944 κακοεργός
3453 2869 3528 2932 ὡς
3595 2868 3745 2925 οὕπω

2089 2949 2272 3028 ἕτερος
2328 2953 2418 3008 καὶ
2465 2955 2796 3034 φθοροποιός
2858 2955 3070 3032 Τελχὶν
3136 2955 3226 3012 καὶ
3277 2953 3518 3013 θάλασσα
3577 2955 3753 3014 πελαὲ

2089 3043 2315 3119 γίζουσα
2358 3045 2643 3121 συμφορὰς
2694 3045 2762 3115 ἥ
2805 3049 2936 3122 γοῦν
2995 3045 3206 3121 ἐριννὺς
3261 3045 3582 3121 ἐπιμανεῖσα
3626 3052 3744 3111 τοῖς

2093 3131 2286 3209 πρώην
2376 3129 2664 3206 εὐδαίμοσι
2749 3141 2852 3206 τῆς
2947 3137 3116 3207 νήσου
3186 3137 3387 3206 ταύτης
3435 3135 3736 3210 οἰκήτορσιο

2097 3226 2464 3294 συμπαθητιῶ
2509 3222 2614 3299 γὰρ
2672 3223 2725 3280 ἐν
2759 3225 2970 3299 ῥήμασι
3035 3229 3152 3289 τοῖς
3200 3224 3255 3282 ἐν
3314 3225 3584 3300 πράγμασι
3641 3245 3735 3302 πεέ

2095 3307 2446 3386 πειραμὲνοις
2499 3315 2598 3367 τοῦ
2657 3315 2816 3386 κοινῇ
2860 3313 3232 3388 συμπεσόντος
3287 3313 3501 3375 ἐκείνοις
3543 3317 3735 3370 κακοῦ.

2093 3400 2466 3476 Ἀγασάμενος
2522 3397 2570 3456 δ’
2651 3399 3004 3478 Ἀνδρόνικος
3053 3404 3146 3459 τὸν
3223 3402 3497 3479 χρησμὸν,
3552 3427 3579 3455 ι(
3647 3404 3739 3474 Μὴ

2093 3489 2287 3567 ἐρώτα,
2324 3515 2351 3543 n
2385 3491 2520 3564 εἶπε,
2545 3517 2572 3546 ‹‹
2599 3493 2762 3566 μόνον
2791 3493 2884 3550 τὸν
2913 3491 3309 3568 διαδεξόμενον,
3343 3492 3488 3550 ἀλλὰ
3511 3488 3743 3570 πρόσθες

2090 3580 2298 3636 καὶτὸν
2331 3583 2545 3656 καιρόν.
2581 3605 2608 3635 ››
2648 3582 2948 3658 Γενομένης
2998 3583 3090 3639 οὗν
3149 3583 3240 3638 καὶ
3303 3581 3427 3658 περὶ
3472 3588 3572 3639 τοὺ
3624 3603 3744 3638 και-

2093 3673 2193 3744 ροῦ
2221 3667 2566 3745 ἐρωτήσεως,
2629 3669 2862 3745 ἐμπεσὸν
2921 3673 3007 3728 καὶ
3067 3676 3319 3752 ψοφῆσαν
3365 3676 3446 3744 τῷ
3474 3669 3630 3729 ὕδατι
3682 3671 3746 3729 τὸ

2091 3757 2304 3832 ἇερικὸν
2392 3759 2483 3815 καὶ
2578 3761 2858 3837 γεωχαρές
2945 3765 3156 3834 πνεῦμα
3239 3755 3598 3835 πεφοίόασται
3677 3759 3748 3817 δι’

2089 3847 2446 3921 ἀπᾳσμάτων,
2509 3850 2674 3905 ὁποῖα
2741 3851 2818 3924 μὴ
2878 3849 3148 3930 ἐκφαίνειν
3208 3851 3413 3928 χρεὼν,
3473 3853 3548 3916 ὡς
3600 3851 3745 3915 ἐντὸς

2087 3941 2195 3992 τῶν
2229 3939 2452 4013 ἡμερῶν
2501 3945 2602 4008 τῆς
2665 3939 2922 4014 ὑψώσεως
2987 3946 3087 3996 τοῦ
3129 3941 3382 4016 σταυροῦ
3417 3942 3485 4012 ἦν
3541 3937 3598 3997 δὲ
3651 3942 3746 4014 ἀρε

2092 4025 2331 4100 χόμενος
2389 4027 2416 4082 ὁ
2474 4023 2850 4104 Σεπτὲμϐριος
2929 4029 3062 4103 μὴν,
3114 4030 3204 4085 ὅτε
3279 4033 3450 4087 ταῦτα
3517 4028 3746 4106 ἐγίνετο.

2089 4116 2178 4179 Ὡς
2225 4113 2284 4171 δὲ
2331 4117 2562 4188 ἠκηκόει
2616 4117 2710 4172 καὶ
2765 4118 2832 4173 τὰ
2888 4117 3014 4194 περὶ
3068 4124 3169 4187 τῆς
3227 4113 3475 4194 δευτέρας
3527 4114 3749 4192 Ἀνδρό-

2091 4225 2238 4268 νικος
2300 4206 2568 4274 πεύσεως,
2617 4203 2780 4278 ἀηδές
2831 4227 2884 4262 τι
2950 4206 3064 4279 καὶ,
3106 4205 3488 4282 διεψευσμένον
3531 4205 3746 4282 μειδιᾶ-

2092 4315 2186 4360 σας
2222 4295 2313 4350 καὶ
2363 4295 2604 4370 ἀτεχνῶς
2637 4293 2956 4374 Σαρδόνιον,
3014 4297 3103 4352 καὶ
3165 4281 3341 4352 εέπὼνί
3371 4295 3444 4360 ὠς
3487 4281 3658 4372 λῆρος

2090 4383 2346 4463 χρησμὸς
2415 4385 2594 4455 οὗτος,
2626 4389 2752 4459 (ποῦ
2809 4386 2912 4463 γὰρ
2966 4382 3253 4456 δυνήσεται
3313 4384 3576 4449 Ἰσαάκιος
3635 4385 3750 4444 Κύ-

2085 4474 2283 4549 πρόθεν
2336 4473 2708 4530 καταπλεῦσαι
2749 4472 2838 4531 διὰ
2896 4475 3127 4552 μετρίων
3179 4478 3320 4533 πάνυ
3383 4499 3436 4533 τι
3504 4478 3742 4533 τουτωνὶ

2087 4565 2309 4640 ἡμερῶν
2341 4563 2430 4618 καὶ
2460 4565 2706 4620 καθελεῖν
2757 4564 2916 4622 αὑτὸν
2958 4573 3059 4637 τῆς
3110 4565 3292 4642 ἀρχῆς
3335 4568 3374 4640 ;)
3406 4569 3556 4643 [219]
3623 4557 3742 4623 οὐδ’

328 4654 476 4717 ὅλως
531 4655 801 4732 προσέσχε
837 4659 955 4715 τοῖς
1013 4650 1346 4728 εἰρημένοις.
1383 4653 1667 4724 Φήσαντος
1721 4649 1778 4708 δὲ
1805 4656 1903 4708 τοῦ
1932 4652 2040 4708 ἀπὸ
2084 4655 2237 4727 Τυρᾶ
2276 4651 2526 4709 Ἰωάννου
2559 4655 2646 4724 (ἦν
2702 4651 2749 4710 δ’
2807 4655 2968 4720 οὗτος
3005 4657 3200 4730 κριτής
3226 4661 3327 4711 τοῦ
3361 4655 3550 4728 Βήλου
3605 4662 3740 4730 παρ’

330 4743 681 4820 Ἀνδρονίκου
731 4737 1201 4819 προϐεϐλημένος,
1261 4740 1350 4797 καὶ
1433 4741 1636 4818 θερμὸς
1726 4739 1818 4798 διὰ
1880 4746 2046 4798 τοῦτο
2097 4746 2206 4797 τῶν
2268 4741 2432 4798 αὐτοῦ
2491 4742 2818 4818 θελημάτων
2890 4743 3185 4819 ὑπηρέτης)
3243 4745 3317 4809 ὠς
3383 4743 3466 4802 δεῖ
3529 4745 3738 4816 συλλη-

335 4833 534 4907 φθέντα
590 4831 640 4902 ἐξ
698 4833 998 4907 ἀνθρώπων
1047 4833 1295 4906 γενέσθαι
1351 4831 1442 4886 τὸν
1513 4832 1778 4889 Ἰσαᾶκιον
1833 4829 2127 4908 Ἄγγελον,
2195 4833 2396 4905 μήπως
2457 4831 2534 4894 εἷς
2593 4837 2787 4889 τοῦτον
2847 4835 3090 4914 ἀφορῶσι
3149 4835 3216 4891 τὰ
3266 4839 3364 4892 τοῦ
3435 4835 3744 4910 μαντεύμα-

331 4940 446 4991 τος,
480 4919 632 4974 αὐτοὶ
701 4916 758 4975 δὲ
809 4921 875 4977 τὰ
925 4919 1205 4996 πόρρωθεν
1266 4921 1627 5000 φαντάζονται
1680 4921 1756 4976 τὰ
1814 4919 1866 4975 ἐν
1927 4921 2084 4975 ποσὶν
2140 4914 2572 4995 ὑπερϐαίνοντες,
2605 4919 2720 4978 οὐδ’
2753 4921 2896 4979 οὕτω
2952 4927 3030 4998 τῷ
3059 4922 3512 5003 χρησμῳδήματι
3573 4920 3742 4980 ἔθετο.

333 5009 658 5070 Τοὺναντίον
723 5009 817 5082 μὲν
877 5010 968 5066 οὗν
1031 5009 1122 5066 καὶ

331 5097 486 5154 ἕνεκα
539 5102 637 5154 τοῦ
671 5115 684 5154 :

1210 5009 1420 5086 μωκίαν
1472 5009 1727 5088 ,κατέχεε
1811 5013 1908 5066 τοῦ
1990 5008 2098 5064 ἀπὸ
2167 5012 2336 5085 Τυρᾶ,

747 5096 1033 5174 Ἀγγέλου,
1092 5100 1378 5174 ὶξουθενῶν
1447 5099 1564 5174 ’ἁμα
1620 5100 1676 5162 ἒς
1745 5097 2100 5173 μαλακότητα
2155 5098 2320 5168 ἤθους
2394 5098 2484 5154 τὸν
2564 5095 2736 5175 ἄνδρα
2817 5101 2907 5159 καὶ
2992 5101 3128 5177 πρὸς
3177 5101 3335 5159 οὐδὲν
3411 5103 3746 5178 καυόρθωμα

2421 5007 2466 5064 εἰ
2553 5015 2776 5067 τοιαῦτα
2844 5011 2990 5075 ὅλως
3077 5014 3395 5092 φαντάζεται
3475 5011 3745 5070 Ἰσαακίου

331 5191 525 5243 τοῦτον
581 5184 810 5258 ἓνδέξιον
889 5188 1025 5244 εἶναι
1101 5186 1530 5263 διατεινόμενος·
1606 5187 1806 5266 ἤγγιζε
1879 5189 1985 5266 γὰρ
2059 5189 2121 5244 τὸ
2202 5189 2496 5272 μόρσιμον,
2571 5189 2665 5246 καὶ
2740 5191 2808 5261 ἦν
2885 5191 2949 5247 τὸ
3027 5196 3173 5256 θεῖον
3248 5193 3415 5249 αὑτοῦ
3509 5190 3742 5248 συνετώο

331 5293 508 5354 τερον.

402 5368 490 5426 10.
549 5369 832 5426 Celtarum
919 5367 1557 5442 Hagiochristophorita
1613 5367 1970 5443 Stephanus,

329 5458 504 5516 homo
538 5457 808 5532 impiger,
841 5457 1048 5530 quovis
1073 5458 1244 5513 modo
1275 5457 1498 5514 domini
1529 5458 1971 5532 etimperatoris

329 5550 420 5606 sui
461 5546 638 5605 saluti
698 5545 1030 5604 consultum
1089 5545 1312 5616 volens,
1363 5545 1647 5604 Isaacium
1686 5547 1972 5620 Angelum

329 5637 826 5714 comprehendere
874 5635 1104 5708 statuit,
1137 5651 1203 5692 ac
1255 5636 1507 5708 primum
1551 5637 1612 5692 in
1643 5639 1971 5695 custodiam

325 5733 484 5804 dare,
532 5727 744 5790 deinde
788 5727 1106 5788 Andronici
1162 5726 1449 5786 arbitratu
1474 5726 1757 5786 occidere.
1790 5725 1976 5800 Igitur

2157 5367 2206 5424 ι’.
2266 5364 2422 5436 Πλὴν
2501 5367 2838 5444 θερμουργὸς
2921 5363 2994 5424 ὧν
3053 5369 3082 5424 ὁ
3147 5369 3742 5447 Ἀγιοχριστοφορίτης

2082 5456 2376 5535 Στέφανος,
2423 5457 2514 5512 καὶ
2579 5462 2677 5514 τοῦ
2729 5456 2919 5534 κυρίου
3000 5457 3272 5534 βασιλέως
3313 5455 3585 5520 παντοίως
3635 5476 3742 5526 κη-

2082 5543 2334 5619 δόμενος,
2417 5547 2510 5603 τὸν
2579 5548 2846 5606 ἰσαάκιον
2903 5545 3168 5623 ’Λγγελον
3243 5546 3538 5622 προσέθετο
3609 5543 3740 5602 συλ-

2085 5632 2272 5693 λαϐεῖν
2329 5639 2420 5696 καὶ
2479 5642 2670 5714 πρῶτα
2738 5637 2834 5711 μὶν
2894 5635 3116 5710 ἐνεῖρξαι
3173 5635 3414 5714 φυλακῇ,
3470 5636 3586 5692 εἶτα
3643 5637 3738 5691 καὶ

2082 5725 2295 5804 θανάτῳ
2355 5727 2648 5806 ὑπαγαγεῖν
2707 5727 2754 5803 ᾧ
2819 5715 2880 5782 δίν
2962 5723 3315 5805 ’Δνδρόνιιιος
3372 5723 3738 5800 δοκιμάσειεν,
