4126 6294
360 455 477 520 ’101

369 585 579 640 Οὐκοῦν
638 579 712 644 εἲς
781 580 877 647 τὴν
932 577 1108 634 οἰκίαν

371 673 542 751 ἔγγὺς
595 674 752 728 οὖσαν
823 675 921 737 τῆς
1003 675 1176 742 μονῆς
1250 676 1350 738 τῆς
1428 662 1825 742 Περιϐλὲπτου,
1901 662 2025 739 περὶ

380 761 570 833 δείλην
589 769 684 830 τῆς
717 756 1001 829 ἑνδεκάτης
1031 762 1127 813 τοῦ
1171 751 1550 832 Σεπτεμϐρίου
1581 756 1754 829 μηνὸς
1781 757 1878 809 τοῦ
1910 751 2026 822 ἔξα-

383 853 672 928 χιλιοστοῦ
731 850 1154 905 ἑπτακοσιοστοῦ
1202 847 1554 915 ἐνενηκοστοῦ
1628 844 1718 899 καὶ
1769 843 2026 918 τετάρτου

377 939 551 1004 ἔτους,
583 940 670 994 καὶ
709 940 808 1007 τὴν
861 937 1078 993 αὔλειον
1129 935 1384 992 εὶσελθὼν
1435 934 1713 990 ἐπέττατεν
1775 933 2026 1004 Ἰσαακίῳ

371 1029 656 1093 κατελθεῖν
687 1028 776 1084 καὶ
828 1023 1051 1083 ἕπεσθαί
1103 1027 1153 1081 οἷ
1200 1023 1327 1090 ἵνυα
1376 1025 1438 1079 ἃν
1489 1024 1728 1100 προάγῃ.
1780 1024 1894 1080 Τοῦ
1947 1019 2024 1087 δὲ,

375 1119 448 1180 ὡς
525 1116 672 1180 εἰκὸς
745 1112 1224 1188 ἀναϐαλλομένου.
1302 1113 1387 1168 ὅτι
1462 1113 1552 1166 καὶ
1633 1110 1798 1184 μόνον
1841 1109 2026 1187 ὀφθεὶς

367 1203 580 1265 ἐκεῖνος
611 1204 776 1258 κακὸν
838 1195 1068 1280 ἔσχατον
1118 1198 1540 1275 συλλελόγιστο,
1592 1200 1618 1253 6
1671 1195 1727 1254 δὲ
1773 1197 1861 1251 καὶ
1907 1197 2024 1272 βίαν

375 1299 711 1368 προσεπῆγε,
744 1291 834 1346 καὶ
873 1297 991 1353 τοῖς
1043 1294 1291 1344 συνοῦσιν
1346 1289 1573 1362 ἐπετίμα
1622 1289 1699 1361 μὴ
1749 1287 1839 1341 καὶ
1889 1285 2025 1360 πρὸς

367 1386 466 1452 τὴν
525 1383 752 1456 πρώτην
803 1375 1080 1449 ἀναϐολήν
1147 1378 1475 1453 ἁπτομένοις
1541 1378 1710 1434 αὐτοῦ
1755 1379 1860 1430 τῶν
1906 1395 2026 1449 τρι-

369 1476 486 1551 χῶν
517 1471 606 1525 καὶ
642 1470 970 1542 λαζομὲνοις
1016 1466 1077 1523 ἐκ
1121 1472 1217 1523 τοῦ
1277 1466 1484 1544 γενείου
1531 1466 1621 1521 καὶ
1670 1464 1879 1538 ἀτίμως
1929 1467 2026 1518 τοῦ

369 1559 650 1633 δωματίου
719 1559 1045 1634 κατάγουσιν
1116 1557 1206 1611 καὶ
1276 1557 1542 1632 ἀπάγουσι
1628 1553 1714 1610 ἐπὶ
1781 1551 2024 1632 κεφαλὴν

371 1650 689 1723 ὠθούμενον
735 1650 826 1702 καὶ
873 1647 1212 1720 τυπτόμενον
1267 1646 1344 1709 εἷς
1400 1646 1465 1714 ἤν
1522 1641 1583 1699 ἄν
1644 1644 1805 1705 αὐτὸς
1862 1654 2026 1712 καθη·

370 1742 605 1818 γήσηται
663 1738 950 1810 κάθειρξιν.
1014 1737 1121 1792 Καὶ
1179 1736 1230 1790 οἱ
1307 1735 1404 1808 μὶν
1461 1730 1658 1788 ὀπαδοὶ
1733 1733 1870 1807 πρὸς
1908 1737 2025 1794 τοῖς

375 1827 822 1904 ἐπιτεταγμένοις
897 1828 1054 1894 ἦσαν,
1133 1826 1161 1879 6
1238 1821 1284 1879 δ’
1358 1822 1626 1884 Ἰσαάκιος
1698 1824 1798 1892 τὴν
1858 1823 2024 1894 θήραν

1396 447 1496 508 DE
1543 441 2006 506 ANDRONICO
2051 429 2424 502 COMNENO
2469 438 2614 498 LIB.
2663 437 2736 498 Il.

1206 577 1472 634 Ἰσαακίου
1565 575 2022 652 παραγενόμενος,

2142 573 2294 629 sedes
2324 571 2554 638 Isaacii,
2587 587 2717 643 quas
2764 585 2942 645 prope
2990 570 3300 644 Periblepti
3361 571 3781 631 monasterium

3664 443 3786 501 702

2135 665 2292 730 sunt,
2327 664 2386 719 11
2422 661 2788 734 Septembris
2828 677 2981 717 anno
3009 661 3174 727 678i,
3207 662 3430 733 vesperi
3480 661 3785 734 ingressus

2136 754 2421 810 Ieaacium
2456 752 2806 808 descendere
2837 768 2902 807 ac
2935 767 2996 807 se
3027 752 3194 823 sequi
3229 753 3425 823 jussit.
3480 752 3586 810 Illo
3637 769 3782 810 cun-

2136 846 2349 909 ctante,
2384 846 2447 898 ut
2479 844 2563 906 fit,
2595 845 2653 897 et
2681 842 2870 897 solum
2902 845 3278 912 conspectum
3302 841 3432 912 ejus
3454 847 3780 900 extremum

2137 931 2358 986 malum
2385 931 2708 1003 judicante,
2739 930 2854 986 vim
2885 929 3191 985 adhibuit:
3225 934 3284 986 et
3311 930 3608 987 ministros
3642 949 3783 990 suos

2135 1018 2475 1090 increpavit,
2506 1017 2664 1089 quod
2697 1033 2809 1072 non
2842 1017 3042 1072 statim
3075 1017 3135 1071 in
3160 1019 3516 1074 cunctatoris
3539 1019 3780 1092 capillos

2135 1112 2192 1163 et
2221 1108 2462 1164 barbam
2497 1107 2822 1163 involantes
2853 1105 3207 1180 pracipitem
3241 1107 3548 1179 abreptum
3583 1114 3639 1164 et
3680 1125 3783 1181 per

2133 1196 2515 1267 ignominiam
2542 1194 2837 1266 pulsatum
2860 1195 2918 1249 in
2937 1211 3226 1251 carcerem
3251 1212 3284 1250 a
3302 1212 3364 1252 se
3387 1200 3781 1252 monstratum

2137 1285 2290 1342 445
2327 1285 2626 1339 ducerent.
2661 1284 2886 1348 Quibus
2917 1284 3090 1354 jussa
3136 1285 3525 1352 exsecuturis,
3577 1285 3675 1356 qui
3724 1302 3786 1342 se

2130 1374 2257 1446 jam
2294 1374 2446 1429 intra
2477 1388 2672 1430 casses
2703 1374 2774 1428 ab
2807 1372 2906 1428 illo
2932 1377 3201 1429 extensos
3231 1389 3358 1430 esse
3401 1378 3681 1441 cerneret,
3729 1380 3787 1430 et

2137 1468 2294 1519 metu
2327 1468 2385 1518 et
2413 1464 2540 1518 vitas
2571 1461 2891 1535 cupiditate
2920 1462 3166 1534 abjeota,
3195 1462 3242 1518 si
3278 1478 3390 1534 quo
3423 1463 3594 1519 modo
3628 1480 3785 1520 mor-

2135 1557 2255 1608 tem
2286 1551 2546 1618 evitaret,
2577 1549 2665 1607 vel
2697 1552 2893 1624 potius
2924 1551 3062 1623 quia
3104 1553 3239 1624 fuga
3293 1552 3552 1624 undique
3602 1554 3780 1609 inter-

2135 1641 2295 1698 clusa
2324 1645 2448 1696 erat
2478 1656 2582 1696 nec
2613 1656 2860 1712 usquam
2893 1640 3045 1696 elabi
3100 1645 3344 1712 poterat,
3397 1641 3622 1698 fortiter
3667 1659 3780 1714 pu—

2136 1745 2315 1803 gnare
2344 1727 2627 1796 instituit;
2673 1733 2730 1784 et
2779 1733 2842 1784 ut
2893 1732 3018 1784 erat
3060 1729 3216 1784 nudo
3265 1729 3473 1802 capite,
3527 1729 3778 1786 bicolore

2133 1818 2335 1875 tunica
2365 1819 2436 1874 ad
2471 1817 2706 1874 lumbos
2736 1817 3123 1874 descendente
3152 1835 3217 1872 ac
3258 1818 3465 1874 deinde
3506 1818 3772 1874 bifariam

373 1915 501 1974 ἰδὼν
550 1915 786 1996 ἄφυκτον
846 1915 934 1970 καὶ
1005 1912 1442 1984 ἀνυπεξάλυκτον
1499 1914 1597 1981 τὴν
1659 1913 1893 1987 σαγήνην
1959 1910 2022 1979 ἣν

2137 1907 2326 1964 divisa
2355 1907 2616 1974 indutus,
2649 1906 2992 1962 conscendit
3021 1924 3238 1980 equum
3285 1912 3340 1963 et
3389 1908 3592 1964 stricto
3640 1925 3779 1965 ense

371 2005 701 2081 ίφήπλωσεν
763 2007 790 2061 6
855 2003 1098 2068 ἐπελθὼν
1147 2003 1338 2074 ἐκείνῳ
1398 2000 1716 2068 ἂσπαλιεὺς,
1773 2001 1862 2055 καὶ
1905 1998 2015 2069 ἤδη

371 2096 727 2173 συνέχουσαν,
757 2094 820 2149 οὗ
853 2089 1158 2166 δειλανδρεῖ
1205 2089 1328 2148 οὕτν
1376 2092 1483 2165 μὴν
1534 2089 1862 2168 φιλοψυχεῖ,
1891 2087 2018 2144 ἀλλ’

375 2186 449 2247 ὡς
517 2184 911 2256 τεθνηξόμενος
980 2180 1293 2254 προτίθεται
1363 2179 1722 2254 μαχέσασθαι,
1791 2179 1836 2232 εἳ
1903 2199 2021 2241 πως

374 2273 502 2350 οὐχὶ
577 2272 911 2342 τεθνήξεται,
952 2268 988 2339 ἤ
1043 2267 1255 2343 μᾶλλον
1334 2270 1408 2342 μή
1485 2267 1630 2343 ἒχων
1709 2266 1862 2323 ἄνετα
1899 2286 2021 2343 κρο-

372 2364 542 2418 αίνειν
573 2362 648 2423 ὡς
710 2361 738 2416 6
797 2360 1098 2430 ἀκοστήσας
1151 2359 1446 2433 Ὀμήρειος
1501 2358 1685 2418 ἳππως
1742 2356 1831 2411 καὶ
1890 2353 2018 2411 ποδὶ

367 2453 504 2506 κατά
544 2447 749 2506 πεδίων
807 2445 1075 2523 ἐλευθέρῳ
1132 2446 1382 2526 φέρεσθαι
1435 2449 1492 2520 (ἡ
1549 2447 1652 2522 γὰρ
1703 2448 1847 2520 ἅρπη
1905 2441 2014 2515 ἤδη

372 2539 584 2596 ἐτέτατο
615 2541 704 2594 καὶ
735 2541 770 2609 ἡ
804 2537 1080 2611 σύλληψις
1133 2536 1237 2592 οὐκ
1283 2537 1348 2605 ἦν
1403 2533 1716 2614 δυσχερὴς),
1771 2539 2019 2608 μιμεῖται

370 2631 461 2685 τὸν
511 2628 969 2703 πολεμιστήριον,
1019 2625 1107 2680 καὶ
1157 2627 1217 2680 τὸ
1276 2624 1368 2688 οὖς
1417 2624 1716 2696 ἀναστήσας
1760 2625 1834 2687 ὡς
1885 2623 2021 2699 πρὸς

373 2715 649 2794 σάλπιγγα
712 2718 962 2795 ἠχοῦσαν
1011 2716 1074 2770 τὸ
1132 2711 1378 2769 ἐνυάλιον
1430 2715 1521 2768 καὶ
1588 2715 1775 2789 φρίξας
1837 2713 2018 2784 κόμην

370 2810 469 2878 τὴν
530 2807 854 2882 ἐπαυχένιον
910 2805 998 2860 καὶ
1059 2804 1330 2883 φριμάξας
1378 2802 1548 2877 ὁμόσε
1623 2806 1800 2881 χωρεῖ
1856 2821 2022 2855 κατα-

377 2899 652 2974 φρονητὴς
713 2896 900 2974 ξιφῶν,
973 2893 1280 2970 ὑπερόπτης
1349 2893 1563 2968 Ἀρεος,
1621 2889 1861 2947 ἀπειλῶν
1907 2889 2024 2946 οὐδ’

374 2987 629 3042 ὁπωσοῦν
703 2983 1096 3057 ἐμπαζόμενος.
1176 2981 1399 3056 Ἀμέλει
1473 2979 1562 3036 καὶ
1639 2981 1712 3042 ὡς
1791 2980 1906 3055 εἶχε
1958 2981 2020 3036 τὸ

373 3073 530 3153 ξίφος
587 3071 925 3144 σπασάμενος
981 3072 1124 3151 (εἶχε
1181 3067 1237 3126 δὶ
1289 3068 1746 3145 ἀπερικαλύπτως
1794 3076 1894 3138 τῆς
1934 3089 2019 3124 κε-

380 3161 585 3241 φαλῆς,
651 3161 712 3215 τὸ
763 3158 819 3216 δὲ
859 3163 1019 3234 σῶμα
1060 3158 1258 3232 λωπίῳ
1321 3156 1597 3234 διχρώμῳ
1636 3163 1850 3233 συνεῖχε
1899 3157 2020 3233 περὶ

369 3253 466 3321 τὴν
503 3249 612 3324 ἰξὺν
643 3243 1045 3319 καταϐαίνοντι,
1107 3245 1288 3303 ἔκτοτε
1337 3245 1394 3302 δὲ
1443 3245 1806 3322 διαιρουμὲνῳ
1861 3244 2024 3322 διχῆ)

372 3340 460 3397 καὶ
507 3340 600 3396 τὸν
649 3337 823 3395 ἵππον
882 3336 1079 3398 ἀναϐὰς
1136 3339 1235 3407 τήν
1281 3343 1442 3412 χεῖρα
1500 3336 1758 3393 ἀνατείνει
1819 3337 2020 3416 ξιφήρη
2063 3312 2105 3377 C

373 3431 510 3485 κατά
571 3435 672 3498 τῆς
712 3431 808 3484 τοῦ
873 3424 1466 3506 Ἀγιοχριστοφορίτου
1531 3424 1794 3503 κεφαλῆς.
1849 3426 1910 3482 Ὀ
1968 3423 2022 3480 δὲ

367 3521 464 3588 τὴν
533 3517 802 3574 Ἰσαακίου
868 3518 1049 3592 ὁρμήν
1115 3517 1378 3586 πτοηθεὶς
1445 3514 1860 3594 ἐκξιφισαμένου
1930 3515 2022 3570 καὶ

371 3611 706 3670 θανατῶντος
782 3603 1102 3680 προδήλως,
1183 3605 1549 3680 μεταστρέψας
1619 3605 1717 3673 τὴν
1791 3604 2019 3678 ἡμίονον

372 3697 406 3773 ᾔ
435 3695 640 3772 ἔποχος
666 3698 757 3765 ἦν,
788 3695 878 3750 καὶ
911 3697 1084 3771 συχνά
1108 3694 1396 3768 κεντρίζων
1428 3695 1526 3762 τὴν
1585 3695 1882 3769 ἡμίκερκον
1921 3699 2018 3762 τῆς

373 3785 554 3857 ἐξόδου
587 3786 724 3847 ἅπας
756 3785 983 3860 γίνεται.
1023 3783 1178 3841 Ἀλλ’
1213 3782 1366 3838 οῧπω
1413 3777 1654 3858 ἀκριϐῶς
1699 3785 1798 3852 τήν
1837 3781 2018 3852 πύλην

371 3876 706 3948 διεληλύθει,
783 3875 872 3931 γαὶ
941 3878 970 3930 6
1035 3876 1300 3937 Ἰσαάκιος
1372 3875 1586 3949 καιρίαν
1665 3877 1880 3948 κατάγει
1931 3876 2019 3930 καὶ

369 3969 602 4036 πλήττει
635 3967 773 4020 κατά
806 3963 966 4038 μέσον
992 3965 1054 4020 τὸ
1085 3963 1297 4038 κρανίον
1337 3965 1428 4019 τὸν
1464 3961 1724 4020 δείλαιον.
1750 3964 1852 4021 Καὶ
1885 3960 2016 4039 διχῆ

371 4053 566 4112 διελὼν
611 4053 812 4111 ἐκεῖνον
869 4054 963 4126 μὶν
1012 4051 1071 4124 ἐᾷ
1119 4052 1299 4128 κύρμα
1356 4055 1670 4128 προκεῖσθαι
1715 4052 1890 4123 κυσὶν,
1947 4052 2022 4114 ὡς

375 4143 629 4218 βόσκημα
683 4141 1073 4220 σφακελίζοντα
1129 4142 1216 4196 καὶ
1292 4146 1369 4213 τῷ
1447 4139 1570 4214 ἴδίῳ
1644 4140 2020 4216 παλυνόμενον

373 4232 595 4306 α’ίματι,
627 4232 789 4294 αὐτὸς
823 4229 880 4286 δὲ
928 4236 1035 4287 τῶν
1093 4230 1299 4286 ἐκείνου
1346 4234 1498 4306 [220]
1549 4229 1767 4286 ὀπαδῶν
1817 4233 1876 4286 δν
1929 4231 2022 4305 μὲν

373 4320 698 4398 διαθροήσας
727 4321 818 4376 καὶ
850 4325 1043 4396 γυμνῷ
1077 4321 1227 4393 μόνῳ
1278 4325 1355 4392 τῷ
1403 4321 1565 4394 ξίφει,
1624 4318 1806 4394 ἑτέρου
1857 4318 1914 4375 δὲ
1959 4323 2022 4376 τὸ

374 4411 534 4468 ὠτίον
567 4411 907 4489 ἀφελόμενος
959 4409 1048 4464 καὶ
1102 4407 1274 4464 ἄλλον
1331 4407 1533 4464 ἄλλοσε
1581 4406 1896 4480 διαστήσας,
1951 4410 2024 4472 ὡς

371 4497 457 4556 ἀπὶ
512 4502 576 4555 τά
636 4502 781 4576 σφῶν
836 4497 1060 4552 ’ἑκαστον
1126 4494 1594 4565 ἀπαλλάσσεσθαι,
1653 4496 1770 4571 ὃλῳ
1828 4497 2023 4574 ῥυτῆρι

373 4589 503 4666 πρὸς
532 4589 623 4644 τὸν
681 4587 848 4664 μέγαν
901 4585 1037 4642 ίέται
1083 4586 1243 4658 νεὼν,
1295 4584 1385 4641 διὰ
1441 4593 1541 4656 τῆς
1591 4587 1876 4662 λεωφόρου
1929 4587 2021 4660 μέ-

2130 1999 2189 2056 in
2215 1997 2862 2070 Bagiocbristophoritaa
2882 2003 3058 2068 caput
3078 1998 3210 2054 ruit.
3251 1999 3306 2055 Is
3329 2000 3531 2057 Isaacii
3553 1999 3784 2072 lmpetu'

2130 2093 2324 2160 aperte
2354 2088 2412 2144 in
2445 2088 2659 2144 caedem
2695 2088 2918 2144 ruentis
2957 2087 3195 2144 territus
3243 2087 3569 2146 calcaribus
3617 2089 3774 2145 mula

2129 2177 2382 2235 subditis
2415 2177 2613 2249 fugam
2648 2176 2920 2234 molitur:
2954 2178 3053 2234 sed
3086 2180 3398 2250 antequam
3424 2182 3590 2250 porta
3611 2194 3771 2251 egre-

2130 2270 2380 2337 deretur,
2414 2266 2686 2323 letbalem
2719 2268 2974 2323 Isaacius
3007 2267 3238 2340 plagam
3270 2269 3324 2325 ei
3370 2268 3563 2340 infert,
3615 2270 3775 2325 calva

2129 2374 2230 2430 per
2261 2357 2516 2413 medium
2549 2357 2702 2413 446
2733 2357 3006 2424 dissecta,
3035 2373 3285 2430 eumque
3317 2358 3554 2429 pecudis
3586 2359 3772 2414 instar

2129 2446 2187 2501 in
2221 2463 2327 2501 suo
2359 2445 2643 2517 sanguine
2670 2445 3054 2518 palpitantem
3105 2464 3138 2502 a
3185 2448 3428 2504 canibus
3479 2449 3768 2504 devoran-

2129 2535 2271 2590 dum
2308 2534 2600 2607 relinquit.
2635 2536 2704 2590 Et
2742 2552 2875 2592 cum
2935 2552 3004 2591 ex
3059 2536 3187 2606 ejus
3248 2537 3531 2593 ministris
3587 2538 3765 2594 alium

2128 2624 2251 2680 solo
2284 2625 2484 2679 stricto
2517 2623 2714 2695 gladio
2745 2624 3024 2694 fugasset,
3057 2624 3153 2679 alii
3185 2625 3510 2681 auriculam
3561 2643 3769 2698 ampu-

2130 2719 2340 2784 tasset,
2371 2714 2518 2771 alios
2552 2715 2897 2787 disjecisset,
2931 2721 2996 2772 ut
3024 2717 3266 2772 domum
3307 2719 3560 2790 quisque
3604 2735 3769 2774 suam

2128 2810 2536 2872 reverteretur,
2567 2805 2711 2862 laxis
2741 2805 2988 2862 habenis
3033 2807 3102 2862 ad
3153 2821 3433 2878 magnum
3491 2806 3769 2878 templum

2130 2897 2473 2964 contendit;
2520 2900 2579 2952 et
2626 2896 2768 2951 dum
2817 2911 2920 2968 per
2967 2895 3216 2951 mediam
3270 2897 3418 2952 viam
3474 2900 3530 2952 et
3582 2897 3771 2952 forum

2130 2986 2397 3052 cursitat,
2431 2984 2550 3041 alta
2581 3000 2717 3041 voce
2757 2984 2971 3040 clamat
3000 3001 3060 3040 se
3090 3000 3157 3040 eo
3204 3001 3360 3055 ense,
3410 3001 3583 3057 quem
3633 2985 3774 3041 stri-

2129 3080 2285 3131 ctum
2313 3073 2503 3130 adhuc
2534 3073 2885 3144 sustinebat,
2923 3073 3614 3146 Hagiocbristophoritam
3645 3074 3770 3130 Ste-

2130 3165 2389 3238 phanum
2423 3163 2733 3221 occidisse.
2773 3163 3078 3236 Templum
3113 3179 3179 3219 eo
3209 3162 3413 3218 habitu
3469 3163 3773 3235 ingressus

2133 3271 2262 3311 eam
2294 3256 2490 3311 sedem
2537 3253 2898 3322 conscendit,
2954 3255 3011 3310 in
3070 3271 3188 3326 qua
3247 3255 3547 3311 homicidas
3598 3272 3773 3311 suum

2133 3345 2363 3402 facinus
2392 3350 2744 3417 exponentes
2775 3344 2846 3399 ab
2873 3343 3340 3415 ingredientibus
3369 3349 3427 3400 et
3473 3344 3774 3418 egredien-

2134 3434 2292 3491 tibus
2320 3435 2548 3491 veniam
2585 3438 2804 3506 petunt.
2838 3433 3073 3490 Urbana
3101 3450 3236 3490 vero
3277 3433 3612 3504 multitudo,
3645 3451 3773 3506 quts

2133 3525 2344 3598 partim
2405 3523 2690 3580 Isaacium
2745 3524 3107 3596 equitantem
3155 3523 3378 3579 viderat
3449 3525 3657 3595 partim
3705 3540 3774 3580 ex

2132 3613 2265 3671 aliis
2293 3615 2350 3669 id
2381 3613 2608 3670 facinus
2639 3613 2924 3680 audierat,
2978 3613 3232 3668 maximo
3281 3629 3524 3669 numero
3574 3614 3771 3669 statim

2133 3705 2202 3759 ad
2235 3702 2518 3774 templum
2555 3702 2817 3767 conﬂuit,
2852 3706 2978 3758 tum
3010 3707 3076 3757 ut
3127 3702 3320 3772 ipsum
3369 3702 3562 3758 videat
3610 3708 3772 3757 Isaa-

2132 3793 2311 3862 cium,
2366 3797 2492 3846 tum
2556 3796 2618 3846 ut
2674 3791 2814 3862 quid
2875 3791 2944 3845 de
3000 3807 3066 3846 eo
3123 3791 3382 3846 futurum
3442 3791 3516 3846 sit
3577 3806 3771 3847 coram

2129 3880 2445 3936 intueatur.
2481 3879 2696 3935 Omnes
2728 3878 2883 3935 enim
2931 3879 3217 3950 putabant
3263 3893 3394 3934 eum
3442 3882 3578 3934 ante
3632 3878 3772 3935 solis

2131 3983 2404 4026 occasum
2459 3967 2531 4024 ab
2596 3965 2927 4024 Andronico
2976 3966 3459 4039 comprehensum
3502 3967 3665 4022 novis
3717 3971 3775 4024 et

2130 4057 2439 4131 exquisitis
2470 4056 2778 4112 tormentis
2807 4055 3062 4112 occisum
3096 4055 3189 4126 iri,
3221 4073 3254 4112 a
3283 4061 3599 4112 veteratore
3621 4055 3678 4112 in
3703 4073 3771 4113 ea

2131 4165 2191 4205 re
2221 4147 2714 4219 ingeniosissimo.
2745 4145 2958 4201 Eodem
3010 4161 3072 4201 se
3118 4146 3340 4202 confert
3390 4147 3770 4218 eamdemque

2133 4238 2478 4294 seditionem
2526 4237 2678 4292 fovet
2726 4235 2930 4292 Isaacii
2979 4238 3220 4308 patruus
3275 4235 3467 4293 Ducas
3516 4237 3770 4293 Joannes

2131 4329 2374 4398 ejusiue
2407 4325 2560 4382 filius
2591 4324 2869 4391 Isaacius,
2905 4342 3018 4381 non
3053 4326 3206 4398 quod
3239 4327 3298 4382 in
3348 4328 3491 4383 447
3554 4327 3770 4400 llagio-

2133 4415 2596 4487 cbristopboritaa
2624 4414 2838 4470 caedem
2857 4413 3293 4486 conspirassent
3313 4433 3498 4488 eoque
3520 4418 3774 4474 facinore

2135 4522 2194 4561 se
2225 4504 2698 4570 obstrinxissent,
2731 4504 2831 4560 sed
2865 4505 3015 4576 quod
3053 4521 3259 4560 noxam
3291 4506 3627 4577 sponsionis
3678 4524 3774 4562 co-

2135 4593 2335 4650 mitem
2368 4609 2496 4650 esse
2525 4599 2772 4650 norant:
2813 4609 2950 4649 nam
3000 4592 3100 4650 alii
3155 4611 3257 4666 pro
3312 4593 3443 4650 aliis
3491 4596 3776 4665 spondere

374 4699 468 4749 σης
534 4677 623 4732 καὶ
693 4683 791 4746 τῆς
859 4675 1056 4750 ἀγορᾶς
1124 4672 1277 4730 διιὼν
1329 4676 1420 4731 καὶ
1488 4679 1616 4730 πᾶσι
1686 4673 3774 4756 διαπρυσίωςΒοοεοιὶϋάοωΑιιᾶτοοὶοοεγηεηιρὺὶεῆιωειιεηι.Αάὴεεο

373 4769 742 4847 φθεγγόμενος
804 4767 878 4827 ὡς
939 4763 1272 4845 διεχρήσατο
1333 4769 1404 4840 τῇ
1460 4764 1634 4840 σπάθῃ
1685 4765 1854 4839 ταύτῃ
1923 4764 2025 4839 (ἔτι

374 4860 474 4934 γὰρ
505 4858 721 4932 γυμνὴν
751 4855 907 4934 ἓφερε
961 4859 1028 4924 τῇ
1082 4856 1252 4930 χειρὶ)
1300 4856 1391 4910 τὸν
1439 4854 2028 4934 Ἀγιοχριστοφορίτην

377 4947 665 5024 Στέφανον.
703 4945 861 5001 Καὶὸ
897 4945 992 5017 μὲν
1026 4945 1100 5006 ὡς
1163 4944 1282 5020 εἶχε
1328 4946 1420 5000 τὸν
1475 4946 1614 5000 θεῖον
1663 4944 1846 4999 εἴσιὼν
1906 4946 2032 5000 ναὸν

378 5037 536 5091 ἄνεισι
565 5038 657 5094 τὸν
698 5034 1068 5108 ἀνάσταθμοι,
1127 5034 1188 5090 ὅν
1239 5037 1290 5090 οἳ
1335 5040 1518 5115 φονεῖς
1569 5036 1921 5113 ἀνερχόμενοι
1968 5039 2030 5092 τὸ

381 5125 571 5181 οἰκεῖον
619 5125 1150 5198 ἀνακεκαλυμμὲνως
1212 5122 1555 5200 διατρανοῢσι
1607 5123 2026 5199 πλημμέλημα,

375 5214 470 5282 τήν
543 5214 601 5269 ἐκ
674 5217 784 5268 τῶν
861 5211 1136 5267 εῗσιόντων
1212 5232 1270 5268 τε
1345 5212 1434 5266 καὶ
1513 5207 1760 5286 ἐξιόντων
1821 5213 1881 5267 τὸ
1951 5215 2027 5269 ἱε-

383 5302 613 5372 ρώτατον
687 5302 912 5374 τέμενος
985 5301 1259 5365 αἰτοῦντες
1335 5301 1716 5379 συγχώρησιν.
1813 5301 1875 5356 τὸ
1971 5301 2028 5358 δὲ

381 5388 587 5460 πλῆθος
614 5399 714 5461 τῆς
776 5387 993 5452 πόλεως
1049 5391 1079 5444 ὅ
1135 5391 1231 5463 μὲν
1307 5391 1536 5463 αὐτοψεὶ
1600 5392 1692 5446 τὸν
1759 5392 2025 5449 Ἰσαάκιον

383 5475 708 5558 ἔνωπτρικὸς
761 5479 813 5541 ἐς
879 5479 970 5534 τὸν
1034 5480 1202 5555 μέγαν
1261 5477 1396 5534 νεὼν
1455 5476 1839 5549 ἐπελαύνοντα,
1901 5481 1931 5536 6'
1970 5479 2026 5538 δὲ

382 5563 453 5627 ῑῖς
480 5569 644 5640 ἀκοὴν
675 5567 841 5624 ὠτίου
875 5564 1154 5641 διξάμενον
1209 5567 1271 5622 τὸ
1315 5566 1579 5643 πραχθὲν,
1632 5565 1840 5642 ωρῥέει
1892 5571 2027 5626 κατά

380 5658 696 5723 χιΛιοστύας
766 5655 978 5725 αὐτίκα,
1075 5655 1238 5712 αὐτόν
1321 5675 1379 5711 τε
1437 5655 1703 5730 ὀψόμενον
1762 5658 2025 5716 Ἰσαάκιον

377 5741 460 5793 καὶ
521 5749 582 5804 τὸ
660 5745 744 5802 ἐπ’
814 5743 963 5818 σύτῷ
1029 5745 1393 5824 γενησόμενον
1467 5744 1777 5824 ὀφθαλμοῖς
1832 5744 2024 5812 ἐθέλον

2137 4770 2260 4838 alii,
2294 4771 2628 4842 utjamjam
2659 4773 3185 4844 comprehendendi
3215 4777 3273 4829 et
3304 4773 3626 4840 occidendi,
3660 4791 3776 4848 prae

2139 4866 2299 4918 metu
2333 4861 2603 4918 dentibus
2635 4861 2982 4931 stridebant,
3015 4868 3070 4918 et
3103 4865 3483 4936 promiscuam
3516 4866 3775 4936 turbam,

2139 4968 2266 5025 qua:
2288 4951 2348 5006 in
2373 4948 2657 5022 templum
2687 4951 3039 5008 conﬂuxerat
3061 4969 3125 5008 ac
3148 4953 3397 5011 subinde
3417 4957 3778 5026 accurrebat,

2139 5057 2356 5114 magna
2385 5039 2751 5096 contentione
2786 5040 3070 5111 rogabant
3101 5048 3162 5098 ut
3195 5060 3394 5101 secum
3442 5051 3696 5104 maneret
3723 5052 3782 5103 et

2137 5147 2240 5204 pro
2271 5127 2421 5185 virili
2460 5145 2627 5202 opem
2660 5129 2834 5184 ferret
2867 5128 2926 5184 in
2972 5148 3204 5189 summo
3253 5133 3513 5206 periculo
3561 5136 3779 5193 consti-

2137 5219 2302 5276 tutis.
2331 5217 2530 5291 Neque
2561 5218 2801 5274 deerant
2831 5218 2932 5291 qui
2972 5219 3046 5289 iis
3093 5221 3364 5292 precibus
3413 5228 3470 5280 ct
3523 5225 3780 5282 adversas

2136 5309 2387 5366 fortuna
2417 5325 2557 5366 casu
2579 5309 2652 5364 ad
2681 5307 3145 5368 misericordiam
3169 5313 3405 5369 adducti
3430 5319 3774 5374 annuerant.

2135 5401 2280 5456 Cum
2309 5415 2443 5455 vero
2475 5413 2644 5454 nemo
2693 5397 2763 5452 ab
2813 5396 3164 5471 imperatore
3211 5403 3435 5459 adesset
3491 5405 3592 5477 qui
3644 5404 3777 5461 illas

2136 5505 2226 5545 res
2252 5504 2403 5560 aegre
2439 5490 2632 5557 ferret,
2666 5505 2780 5545 non
2810 5504 3022 5561 genere
3049 5489 3325 5562 illustres,
3381 5510 3496 5549 non
3548 5493 3779 5551 Andro-

2135 5578 2250 5634 nici
2283 5578 2481 5648 amici,
2516 5594 2629 5634 non
2663 5577 3010 5650 bipenniferi
3043 5580 3302 5647 Barbari,
3335 5597 3450 5638 non
3474 5582 3780 5654 purpurati

2131 5665 2387 5733 lictores,
2421 5667 2673 5740 denique
2702 5683 2876 5723 nemo
2908 5684 3172 5740 prorsus,
3209 5670 3502 5726 crescebat
3532 5667 3780 5724 audacia

2132 5755 2425 5829 factionis,
2459 5763 2518 5813 ut
2550 5755 2608 5812 in
2641 5754 2740 5812 illa
2785 5755 3139 5826 impunitate
3193 5757 3486 5814 liberrime
3542 5753 3778 5827 quidvis
