4126 6294
310 385 430 450 ’703
1606 382 1918 444 NICE’I‘IE

2080 383 2420 446 ONIATE.
3601 383 3721 444 ’704

305 517 686 594 loquerentur
713 521 773 574 et
793 515 1294 590 promptissimam
1315 532 1485 590 opem
1511 514 1945 588 pollicerentur.

2077 511 2419 592 ταραλαϐεῖν·
2476 516 2668 583 πάντες
2713 515 2816 594 γὰρ
2867 515 3042 591 ᾤοντο
3106 518 3180 590 μή
3243 512 3304 570 ἄν
3351 513 3723 572 ἐπιδεδωκέναι

306 609 508 666 Totam
539 607 718 681 igitur
750 611 975 663 noctem
1009 605 1091 664 sic
1121 605 1313 679 exegit
1344 606 1626 675 Isaacius,
1647 611 1716 662 ut
1735 622 1852 663 non
1873 607 1948 663 de

2077 605 2360 677 τὸνῆλιον,
2423 608 2512 663 καὶ
2560 610 2830 664 Ἰσαάκιυν
2871 605 3254 685 συλληφθέντα
3306 608 3434 682 παρ’
3485 604 3721 681 Ἀνδρο-

303 714 483 770 regno
513 699 797 770 cogitaret
843 695 945 752 sed
1003 697 1244 753 exitium
1310 696 1468 753 448
1523 697 1953 768 deprecaretur.

2077 695 2220 754 νίκου
2276 698 2443 752 τίσειν
2499 695 2649 760 δίκας
2714 699 2810 760 τὰς
2883 696 3234 768 ἀνηκέστους,
3294 697 3384 752 καὶ
3449 697 3721 770 τιμωρίας

309 791 484 844 Norat
511 787 668 843 enim
699 785 1096 842 Andronicum
1139 800 1200 841 se
1249 791 1316 842 ut
1363 786 1567 842 bovem
1618 785 1954 842 immolatu-

2077 787 2247 849 καινάς
2313 789 2390 850 εἷς
2456 787 2628 843 αὐτοῦ
2689 787 2924 843 κάκωσιν
2995 786 3353 857 ἐπινοηθῆναι
3419 788 3566 862 παρᾶ
3621 791 3719 842 τοῦ

305 893 462 944 rum,
492 881 552 931 et
582 891 740 931 more
767 873 1036 948 Cyclopio
1067 890 1274 930 carnes
1300 892 1441 931 suas
1470 875 1726 930 calidum
1761 875 1954 933 adhuc

2077 881 2285 951 κομψοῦ
2350 879 2416 932 τὰ
2479 881 2701 934 τοιαῦτα
2771 875 3166 954 μαγγανευτοῦ.
3237 877 3718 953 Συμπαραγὶνεται

305 966 599 1022 stillantes
630 965 974 1035 sanguinem
1004 966 1436 1022 devoraturum.
1471 967 1572 1020 Est
1613 971 1806 1021 autem
1859 966 1950 1022 di-

301 1059 506 1132 ligenti
540 1057 968 1132 supplicatione
1001 1058 1060 1114 id
1089 1063 1466 1126 consecutus,
1499 1064 1565 1114 ut
1595 1060 1835 1131 quidam
1889 1073 1958 1114 ex

303 1165 369 1207 eo
406 1155 554 1206 coetu
589 1149 738 1206 fores
772 1147 971 1220 templi
1005 1147 1356 1216 clauderent,
1387 1154 1445 1204 et
1493 1147 1671 1205 illatis
1719 1148 1954 1204 lumini-

305 1239 420 1296 bus
448 1237 714 1308 exemplo
744 1253 851 1294 suo
902 1236 1120 1294 multos
1169 1236 1539 1309 impellerent
1587 1255 1657 1295 ne
1713 1239 1952 1296 domum

308 1329 560 1386 abirent.
624 1326 730 1384 Ubi
776 1325 1008 1392 diluxit,
1061 1342 1265 1382 omnes
1294 1326 1456 1382 urbis
1501 1326 1702 1383 incola
1750 1328 1952 1384 adfue-

304 1421 464 1485 runt,
511 1431 715 1474 omnes
774 1416 962 1473 Deum
1012 1419 1254 1472 orarunt
1306 1425 1365 1472 ut
1409 1415 1664 1472 [saucius
1712 1416 1956 1489 imperio

305 1505 616 1579 potiretur,
651 1521 832 1577 eoque
865 1505 1069 1578 pulsus
1103 1504 1468 1562 Andronicus
1499 1509 1556 1560 et
1577 1505 1958 1576 comprehen-

2067 965 2124 1023 δέ
2185 969 2236 1023 οἱ
2292 969 2380 1023 καὶ
2449 971 2546 1038 τήν
2617 969 2786 1036 αὐτὴν
2855 967 3037 1022 στάσιν
3103 965 3395 1035 ἀσπάζεται
3471 967 3500 1021 ὁ
3575 967 3715 1042 πρὸς

2067 1058 2272 1134 πατρὸς
2309 1056 2560 1130 Ἰσαακίῳ
2613 1059 2780 1127 θεῖος,
2836 1057 3094 1126 Ἰωάννης
3155 1056 3184 1110 ὁ
3244 1057 3475 1124 Δούκας,
3537 1057 3623 1112 καὶ
3690 1057 3718 1110 ὅ

2067 1147 2264 1204 τούτου
2314 1147 2430 1209 υἱὸς
2496 1147 2786 1219 Ἰσαάκιος,
2849 1147 2961 1221 οὐχ
3025 1145 3214 1220 ὅτιπερ
3270 1145 3526 1218 Ἰσαακίῳ
3581 1148 3715 1214 ἦσαν

2067 1237 2417 1315 συμμέτοχοι
2483 1242 2584 1306 τῆς
2650 1240 2747 1291 τοῦ
2836 1236 3419 1313 Ἀγιοχριστοφορίτου
3507 1243 3720 1314 σφαγῆς

2069 1327 2160 1381 καὶ
2192 1325 2443 1382 κοινωνοὶ
2497 1330 2596 1382 τοῦ
2654 1325 2889 1400 αἳματος
2953 1324 3171 1394 τούτου,
3230 1323 3356 1381 ἀλλ’
3415 1323 3499 1380 ὅτι
3553 1347 3723 1402 παρε-

2068 1417 2312 1489 πομένην
2347 1411 2546 1490 ᾔδεσαν
2603 1415 2780 1494 ἐγγύῃ
2815 1416 2916 1484 τήν
2955 1416 3105 1487 ἄτην,
3153 1413 3218 1484 ἤν
3275 1414 3407 1489 ὑπὲρ
3454 1413 3722 1486 ἀλλήλων

2067 1501 2258 1561 ἔδοσαν
2300 1502 2662 1583 Ἀνδρονίκῳ,
2712 1505 2813 1574 τήν
2872 1502 2926 1567 ές
2973 1505 3135 1560 αὐτὸν
3186 1505 3580 1579 κρατυνάμενοι
3626 1506 3718 1560 πί-

310 1612 415 1652 sus
445 1595 656 1668 dignas
686 1594 1028 1652 crudelitate
1059 1611 1166 1652 sua
1196 1610 1397 1668 pinnas
1447 1595 1632 1664 daret,
1680 1595 1780 1668 qui
1828 1612 1954 1652 om-

2077 1616 2181 1652 πιν
2249 1595 2618 1674 ἀναγκαστῶς.
2684 1593 2912 1668 Ἀμέλει
2971 1595 3060 1650 καὶ
3151 1595 3208 1650 οἱ
3290 1596 3384 1668 μὲν
3466 1595 3541 1657 ὠς
3594 1597 3722 1652 ὅσον

313 1685 478 1743 nium
512 1700 658 1758 pene
687 1683 815 1740 vitea
845 1683 1240 1742 insidiaretur.

2077 1681 2290 1741 οὐδέπω
2357 1683 2878 1764 συλληφθησόμενοι
2935 1685 3024 1740 καὶ
3081 1683 3188 1759 πρὸ
3264 1683 3556 1762 ὀφθαλμῶν
3622 1685 3718 1740 τὸν

311 1773 537 1830 θάνατον
603 1771 822 1849 ἔχοντες
884 1769 1153 1848 περιδεεῖς
1219 1774 1381 1844 ἦσαν,
1447 1772 1536 1828 καὶ
1603 1772 1732 1837 τοὺς
1799 1772 2022 1836 ὀδόντας
2093 1773 2442 1850 έκροτάλιζον
2536 1775 2798 1850 ἀτεχνῶς,
2860 1773 2950 1828 καὶ
3015 1773 3141 1836 τοὺς
3233 1771 3714 1848 συνεισδραμόντας

311 1863 364 1926 ἃς
421 1862 484 1919 τὸ
537 1862 682 1939 ἱερὸν
747 1860 1049 1940 ξύγκλυδας
1112 1863 1200 1919 καὶ
1271 1862 1353 1918 ἀεὶ
1419 1863 1798 1938 έπεισρέοντας
1867 1862 2476 1942 γλωττηματικώτερον
2545 1864 2871 1938 ὁμιλοῦντες
2937 1863 3278 1921 καθικέτευον
3333 1870 3716 1939 συμπαραμεῖ-

309 1951 392 2008 ναί
461 1971 610 2030 σφισι
668 1952 758 2008 καὶ
824 1949 1108 2029 ἐπαρήξειν
1168 1953 1243 2014 ὡς
1300 1951 1512 2027 ἔχουσι,
1573 1953 1636 2009 τὸ
1688 1948 1896 2029 ἔσχατα
1959 1955 2236 2010 πείσεσθαι
2300 1951 2692 2012 κινδυνεύουσι.
2759 1953 2865 2011 Καὶ
2921 1955 3057 2024 ἦσαν
3123 1951 3176 2009 ο’ί
3241 1951 3523 2010 κιτένευον
3580 1954 3720 2028 πρὸς

311 2043 411 2112 τὴν
448 2038 660 2113 αἶ’τησιν
691 2041 784 2099 καὶ
814 2042 1075 2117 ᾤκτειρον
1119 2048 1225 2112 τῆς
1273 2041 1574 2114 ἐνεστώσης
1631 2042 1808 2118 τύχης
1847 2043 1975 2106 τοὺς
2025 2041 2240 2120 ἄνδρας.
2296 2045 2447 2102 Ἐπεὶ
2489 2042 2547 2100 δὲ
2595 2048 2702 2100 τῶν
2745 2043 2804 2100 ἐκ
2841 2048 2940 2100 τοῦ
2992 2041 3259 2120 βασιλέως
3311 2039 3487 2106 οὐδεὶς
3543 2050 3722 2120 παρῆν

309 2129 617 2208 ἀγανακτῶν
675 2131 765 2186 ἐπὶ
827 2136 946 2196 τοῖς
993 2133 1388 2208 γεγενημένοις
1438 2132 1678 2200 τούτοις,
1737 2132 1799 2188 ού
1853 2139 1961 2189 τῶν
2024 2133 2168 2206 γένει
2228 2134 2523 2210 λαμπρῶν,
2581 2134 2644 2190 οὗ
2702 2138 2811 2192 τῶν
2868 2133 3198 2210 Ἀνδρονίκῳ
3259 2134 3577 2204 τηρούντων
3638 2131 3722 2190 εῦ-

309 2239 476 2289 νοιαν,
549 2219 615 2275 οὗ
671 2217 1045 2298 πελεκυφόρος
1102 2215 1407 2296 Βάρϐαρος,
1469 2219 1578 2296 ούχ
1633 2221 1686 2276 οἱ
1744 2222 1812 2277 τὰ
1869 2216 2212 2298 ὑσγινοϐαχῆ
2273 2227 2567 2302 φοροῦντες
2621 2219 2951 2299 ῥαϐδοῦχοι,
3013 2221 3073 2278 οὗ
3151 2226 3258 2278 τῶν
3333 2223 3582 2278 ἁπάντων
3639 2243 3724 2286 τις

310 2306 518 2386 ἵτερος,
594 2305 673 2364 ἔτι
752 2307 966 2384 μᾶλλον
1045 2311 1099 2365 οἳ
1175 2309 1524 2386 συλλεγέντες
1599 2311 1735 2380 ἦσαν
1813 2317 2048 2388 θρασεῖς,
2125 2312 2215 2369 καὶ
2291 2310 2568 2388 λελυμένῃ
2664 2313 2756 2368 καὶ
2849 2311 3105 2388 ἀχαλίνῳ
3194 2311 3419 2388 γλώττῃ
3512 2311 3724 2388 έγρῶν-

311 2419 400 2472 τοι
473 2401 542 2473 τῇ
645 2403 756 2454 τῶν
856 2398 1221 2464 κωλυσόντων
1321 2399 1528 2474 ἐρημίᾳ
1628 2399 2014 2477 πτερούμενοι,
2114 2402 2206 2458 καὶ
2307 2408 2478 2458 πᾶσαν
2581 2404 2835 2479 βοήθειαν
2939 2407 3354 2477 συνεισενεγκεῖν
3455 2400 3724 2478 ἐπηγγέλο

313 2490 501 2548 λοντο.
558 2489 735 2563 Ὅλην
799 2492 894 2566 μὲν
949 2491 1043 2548 οὖν
1097 2494 1196 2562 τήν
1250 2491 1374 2548 τότε
1428 2492 1594 2548 νύκτα
1651 2492 1794 2548 οὕτω
1869 2493 2236 2568 παρίππευσεν
2321 2494 2611 2562 Ἰσαάκιος,
2697 2493 2760 2550 ού
2835 2493 2998 2570 λόγον
3089 2493 3368 2569 βασιλείας
3447 2493 3728 2566 τιθέμενος

310 2580 458 2642 ἀλλὰ
485 2581 609 2655 περὶ
663 2585 762 2638 τοῦ
816 2583 894 2656 μὴ
947 2585 1312 2652 κατατυθῆναι
1370 2579 1650 2655 δεόμενος
1712 2578 1832 2657 ᾔδει
1889 2583 1995 2658 γὰρ
2055 2583 2148 2640 τὸν
2197 2580 2538 2659 Ἀνδρόνικον
2599 2584 2675 2646 ὡς
2729 2585 2855 2655 βοῦν
2916 2584 3075 2639 αὐτὸν
3131 2581 3447 2655 ἱερεύσοντα
3507 2581 3722 2656 μᾶλλον

315 2675 406 2730 καὶ
473 2675 644 2750 ὠμῶν
695 2677 804 2731 τῶν
864 2671 1032 2728 αὐτοῦ
1085 2669 1320 2746 σαρκίων
1382 2670 1816 2748 ἆπογευσόμενον
1872 2671 2007 2727 κατὰ
2062 2673 2359 2743 Κύκλωπα,
2417 2674 2505 2728 καὶ
2567 2673 2753 2748 θερμῷ
2811 2667 2890 2726 ἔτι
2946 2670 3296 2746 σταζομῦνων
3359 2672 3573 2746 αἳματι.
3631 2674 3725 2730 Ἐκ

321 2761 380 2821 δὲ
430 2767 532 2834 τῆς
591 2761 889 2838 ἐπιμελοῦς
943 2759 1171 2823 ἱκετείας
1229 2755 1360 2835 ἔσχε
1417 2761 1566 2824 τινὰς
1621 2765 1730 2817 τῶν
1791 2758 2220 2838 συνειλεγμένων
2275 2762 2371 2824 τὰς
2443 2761 2621 2824 πύλας
2678 2760 3060 2826 έπικλίναντας
3114 2765 3210 2817 τοῦ
3271 2761 3374 2816 νεὼ
3426 2762 3516 2816 καὶ
3573 2765 3723 2839 φῶτα

315 2852 718 2930 είσενέγκαντας
771 2851 864 2908 καὶ
917 2855 997 2924 τῷ
1051 2851 1167 2914 καθ’
1227 2848 1454 2914 έαυοοὺς
1510 2847 1870 2924 ὑποδείγματι
1924 2849 2105 2924 τούτῳ
2159 2849 2406 2914 πολλοὺς
2479 2851 2875 2925 συμπείθοιτας
2949 2851 3024 2924 μὴ
3101 2851 3450 2924 μεθίστασθαι
3517 2848 3719 2930 οἴκαδε,

313 2929 532 3016 ΙΙρωΐας
565 2940 622 2998 δὲ
657 2935 956 3018 γενομένης
989 2937 1088 2994 οὐκ
1115 2937 1178 3005 ἦν
1213 2937 1360 3001 ὅστις
1389 2937 1452 2995 οὐ
1502 2945 1681 3016 παρῆν
1741 2937 1985 3014 οἰκήτωρ
2041 2940 2140 3010 τῆς
2194 2939 2434 3008 πόλεως,
2494 2939 2610 2996 οὐδ’
2662 2939 2970 3005 έθεοκλύτει
3026 2939 3512 3017 αὗτξκρατορήσειν
3569 2929 3722 3015 [221]

316 3033 412 3106 μὲν
471 3031 757 3098 Ἰσαάκιον,
815 3027 1166 3105 Ἀνδρόνικον
1225 3025 1283 3083 δὲ
1324 3031 1707 3106 καθαιρεθῆναι
1765 3037 1865 3100 τῆς
1924 3028 2204 3106 βασιλείας
2259 3030 2352 3086 καὶ
2403 3029 2786 3106 συλληφθέντα
2859 3031 3050 3086 παθεῖν
3107 3031 3280 3086 ὁπόσα
3367 3026 3592 3106 δέδρακε
3645 3031 3712 3103 τῇ

313 3126 420 3178 τῶν
462 3120 608 3177 ὅλων
637 3117 833 3197 σχεδὸν
865 3114 1240 3176 ἐπιϐουλεύων
1277 3122 1413 3194 ζωῇ.

391 3215 477 3270 11.
508 3219 585 3268 Ac
618 3212 898 3268 divinitus
931 3211 1183 3282 profecto
1215 3210 1428 3267 accidit
1458 3217 1519 3266 ut
1549 3211 1599 3267 is
1641 3211 1787 3268 urbe
1834 3215 1959 3269 tum

2144 3212 2230 3270 ια’.
2262 3214 2469 3291 ’Έτυχε
2502 3212 2598 3286 μὶν
2631 3212 2725 3267 οὗν
2755 3214 2834 3284 τῷ
2859 3211 2985 3266 τότε
3030 3211 3167 3266 κατὰ
3217 3211 3373 3278 θεῖον,
3425 3209 3498 3270 ὡς
3548 3207 3719 3277 ἔοικε,

319 3303 519 3360 absset
574 3304 631 3356 et
682 3301 753 3357 ad
815 3299 1159 3356 orientalem
1217 3304 1442 3372 partem
1491 3301 1865 3374 Propontidis
1911 3302 1967 3359 in

2083 3301 2160 3374 μὴ
2193 3305 2442 3376 παρεῖναι
2482 3305 2600 3364 τοῖς
2652 3300 2898 3378 ἀρχείοις
2957 3296 3324 3374 Ἀνδρόνικον,
3383 3296 3504 3354 ἀλλ’
3549 3297 3602 3360 ές
3659 3296 3722 3351 τὸ

323 3389 660 3449 Meludiano
719 3389 930 3460 palatio
983 3396 1353 3458 versaretur;
1401 3390 1504 3446 ubi
1549 3390 1703 3447 cede
1753 3389 1967 3462 Hegio-

2080 3390 2218 3463 ξῷον
2295 3387 2462 3467 μέρος
2533 3393 2632 3446 τοῦ
2705 3388 3118 3463 ἀναπλεομένου
3191 3395 3293 3459 τῆς
3361 3383 3724 3463 Προποντίδος

329 3478 799 3552 christOphoritee
855 3480 966 3535 sub
1015 3478 1256 3552 primum
1307 3479 1564 3552 vigiliam
1634 3479 1856 3549 audita,
1903 3496 1973 3536 ea

331 3575 500 3627 nocte
529 3569 611 3626 ibi
641 3569 984 3642 permansit,
1017 3584 1121 3626 nec
1162 3568 1298 3626 fecit
1338 3567 1498 3627 aliud
1544 3569 1656 3626 nisi
1706 3573 1772 3626 ut
1817 3568 1972 3626 cives

332 3658 491 3717 brevi
523 3658 738 3730 scripto
769 3663 1033 3716 moneret
1062 3663 1128 3716 ut
1154 3657 1318 3715 novis
1348 3658 1524 3716 rebus
1554 3659 1790 3716 studere
1818 3658 1971 3715 desi-

330 3755 568 3818 nerent;
602 3751 773 3822 cujus
803 3749 908 3804 hoc
940 3748 1045 3804 fuit
1092 3747 1354 3806 initium:
1386 3769 1414 3804 α
1463 3749 1572 3816 Qui
1620 3748 1818 3820 habet,
1866 3747 1969 3804 ba-

328 3839 464 3909 bet;
508 3856 679 3912 pcena
707 3837 945 3897 sublata
974 3842 1083 3895 est.
1119 3859 1148 3890 η
1183 3837 1352 3896 Mane
1381 3855 1516 3896 vero
1545 3837 1802 3895 cultores
1854 3842 1970 3894 An-

331 3929 554 3988 dronici
573 3930 808 3987 turbam
829 3929 1207 3986 ﬂuctuantem
1221 3945 1584 4002 compescere
1600 3929 1968 3996 studuerunt,

331 4027 390 4080 et
417 4021 542 4090 ipse
562 4019 931 4077 Andronicus
952 4018 1326 4092 imperatoria
1348 4018 1571 4076 triremi
1593 4019 1665 4075 ad
1689 4035 1971 4092 magnum

329 4109 614 4182 palatium
676 4107 1025 4180 pervehitur.
1073 4107 1288 4165 Verum
1338 4123 1446 4165 nec
1507 4109 1582 4165 iis
1632 4107 1820 4164 verbis
1865 4125 1972 4165 nec

329 4199 537 4256 nuntio
558 4197 712 4254 449
737 4197 957 4254 reditus
975 4197 1292 4254 Andronici
1344 4196 1596 4270 populus
1645 4197 1968 4270 quidquam

327 4287 663 4344 movebatur
692 4288 757 4341 ut
785 4286 991 4357 emptis
1031 4286 1377 4343 desisteret:
1427 4303 1552 4357 quae
1605 4287 1676 4343 ad
1719 4287 1970 4359 compri-

329 4376 610 4435 mendum
641 4379 862 4432 motum
895 4375 1310 4447 atterebantur,
1343 4375 1540 4432 surdis
1561 4376 1806 4432 auribus
1827 4376 1973 4433 acci-

328 4467 640 4540 piebantur
668 4465 911 4531 omnia;
943 4482 1009 4522 ac
1059 4465 1228 4522 multi
1270 4465 1402 4521 vita
1447 4464 1771 4538 periculum
1810 4465 1969 4522 adie-

2081 3485 2335 3553 πορθμοῦ
2365 3479 2587 3556 περὶτᾶ
2632 3483 2730 3536 τοῦ
2781 3475 3102 3550 Μηλουδίου
3153 3477 3466 3551 κεκλημένα
3519 3473 3728 3552 διατρί-

2081 3564 2194 3625 Βειν
2231 3569 2502 3644 βασίλεια.
2535 3570 2717 3633 Ἔνθεν
2765 3588 2851 3624 τοι
2899 3568 2987 3622 καὶ
3035 3565 3158 3642 περὶ
3206 3567 3306 3636 τήν
3347 3567 3573 3642 πρώτην
3627 3585 3728 3638 φυ-

2083 3658 2259 3728 λακὴν
2289 3665 2390 3728 τῆς
2419 3660 2610 3722 νυκτὸς
2637 3660 2732 3715 τὸν
2776 3661 2875 3713 τοῦ
2928 3655 3520 3736 Ἀγιοχριστοφορίτου
3562 3655 3730 3720 θάνα-

2078 3769 2172 3805 τον
2204 3748 2599 3824 ένωτισάμενος
2627 3747 2751 3804 τότε
2785 3743 2877 3822 μὲν
2910 3745 3090 3822 ἔμεινε
3129 3747 3264 3801 κατὰ
3316 3747 3510 3813 τόπον,
3557 3741 3730 3818 μηδέν

2079 3859 2131 3894 τι
2163 3837 2415 3910 ἐπιτάξας
2444 3837 2628 3914 ἓτερον
2667 3840 2703 3908 ἤ
2735 3837 3072 3915 γραμματίῳ
3127 3839 3329 3912 βραχεῖ
3375 3834 3501 3897 τοὺς
3557 3854 3730 3908 μεγα-

2081 3927 2384 3993 λοπολίτας
2451 3925 2868 4000 δεξιωσάμενος,
2927 3927 3227 3990 παύσασθαι
3293 3928 3572 4000 παραινῶν
3629 3926 3728 3979 τοῦ

2078 4017 2360 4094 νεωτέροις
2437 4017 2706 4094 ἐγχειρεῖν
2782 4015 3116 4094 πράγμασιν,
3155 4013 3300 4070 οὕτω
3373 4034 3492 4076 πως
3549 4015 3726 4090 ἀρχο-

2084 4109 2251 4180 μένῳ·
2287 4131 2315 4160 ‹‹
2349 4107 2410 4166 Ὀ
2441 4102 2628 4164 λαϐὼν
2658 4101 2874 4174 ἔλαϐεν,
2907 4108 2941 4176 ἡ
2969 4103 3027 4161 δὲ
3056 4101 3182 4182 δῖκη
3221 4102 3418 4174 ἐκόπη.
3441 4127 3470 4156 ››
3490 4102 3729 4178 Ἡμέρας

2080 4195 2137 4253 δὲ
2195 4194 2617 4272 διαγελασάσης,
2673 4195 2789 4252 ὅσοι
2841 4217 2900 4251 τε
2952 4192 3296 4270 Ἀνδρόνικον
3377 4192 3724 4268 ἐθεράπευον,

2077 4285 2462 4342 καταστέλλειν
2517 4285 2812 4360 ἐπειρῶντο
2869 4287 2961 4340 τὸν
3045 4280 3218 4359 ὄχλον
3293 4280 3718 4357 κυμαινόμενον,

2077 4375 2167 4432 καὶ
2201 4375 2358 4438 αὐτὸς
2417 4373 2761 4452 Ἀνδρόνικος
2809 4373 2945 4430 κατᾶ
2999 4374 3060 4428 τὸ
3121 4371 3262 4449 μέγα
3315 4371 3582 4429 παλάτιον
3615 4390 3722 4426 πα-

2081 4463 2376 4541 ραγίνεται·
2417 4467 2629 4540 τριήρει
2666 4462 2948 4538 βασιλικῇ.
3003 4458 3160 4519 Ἀλλ’
3213 4457 3342 4517 οὐδὲ
3393 4459 3489 4534 μία
3535 4480 3618 4522 τις
3658 4461 3724 4527 ἧν

329 4562 490 4629 runt,
521 4556 670 4629 quod
703 4571 824 4612 rem
859 4555 1258 4627 illamjparum
1279 4554 1489 4612 bellum
1509 4570 1638 4612 esse
1659 4555 1967 4613 dixissent.

2081 4553 2352 4623 ἀναστολὴ
2385 4555 2483 4626 τῆς
2511 4557 2606 4608 τοῦ
2638 4551 2750 4610 λεὼ
2782 4551 3040 4626 συῤῥοῆς,
3074 4548 3186 4605 οὔτ’
3227 4549 3388 4612 αὐτὸς
3437 4545 3724 4624 Ἀνδρόνι-

2255 4643 2268 4662 ἰ
2394 4643 2409 4662 \
2485 4642 2498 4662 ἱ
2615 4645 2640 4659 υ
2694 4661 2697 4662 ,
2890 4641 2902 4662 ι
3090 4637 3560 4662 1,_e,,,_\\!,,-.n_
3618 4637 3691 4662 2’1

327 4646 544 4704 Omnes
572 4647 729 4704 enim
759 4647 925 4720 quasi
960 4660 1075 4702 uno
1103 4645 1273 4718 signo
1327 4645 1465 4701 dato
1522 4645 1967 4714 concurrebant,

329 4755 396 4796 ac
444 4737 620 4794 veluti
680 4736 921 4792 numine
977 4733 1157 4792 afﬂati
1220 4738 1320 4791 aut
1378 4734 1569 4792 furore
1623 4733 1850 4808 perciti,
1907 4735 1966 4790 in

328 4827 508 4886 divini
531 4826 703 4883 Verbi
727 4826 1049 4882 maximum
1078 4824 1384 4898 templum,
1409 4824 1556 4883 alios
1575 4825 1672 4882 alii
1693 4829 1970 4883 acuentes

328 4919 386 4972 et
413 4915 847 4972 subsannantes
879 4931 978 4972 eos
1025 4916 1128 4988 qui
1172 4916 1362 4987 ignavi
1415 4919 1770 4989 spectatores
1813 4919 1968 4971 asta-

331 5008 460 5061 rent
492 5019 598 5060 nec
627 5003 828 5074 quovis
855 5004 968 5061 telo
999 5010 1386 5062 armarentur.
1419 5007 1530 5074 Qui
1577 5022 1710 5062 vero
1761 5003 1971 5062 litteris

330 5091 547 5150 eruditi
577 5095 760 5160 erant,
789 5093 1022 5150 eosdem
1073 5094 1340 5152 membra
1383 5095 1617 5168 putrida
1664 5094 1968 5162 vocabant,

329 5181 428 5253 qui
460 5180 657 5256 dolore
689 5180 921 5252 publico
952 5199 1068 5240 non
1112 5183 1504 5244 afficerentur.
1557 5184 1777 5242 Deinde
1825 5184 1972 5240 seris

330 5275 388 5328 et
417 5269 710 5342 repagulis
761 5285 1061 5328 carcerum
1121 5273 1394 5343 effractis,
1451 5273 1696 5331 liberum
1755 5273 1969 5331 exitum

329 5359 580 5417 inclusis
629 5359 1088 5432 patefaciebant;
1147 5363 1246 5435 qui
1303 5364 1540 5436 quidem
1597 5381 1713 5421 non
1767 5380 1973 5423 omnes

333 5449 580 5508 malefici
611 5454 796 5517 erant,
829 5452 928 5508 sed
961 5451 1228 5508 nonnulli
1261 5451 1432 5509 claris
1461 5455 1571 5511 orti
1619 5453 1857 5511 familiis
1898 5455 1972 5511 ob

331 5538 634 5596 fortuitum
666 5543 920 5598 erratum
951 5543 1056 5597 aut
1084 5539 1306 5596 dictum
1349 5540 1840 5600 inconsideratius
1871 5547 1975 5598 aut

334 5627 506 5688 amici
537 5628 816 5711 delictum
845 5629 905 5686 in
954 5629 1350 5688 Andronicum
1398 5644 1467 5686 eo
1515 5633 1801 5704 compecti
1849 5631 1973 5688 fue-

333 5724 483 5780 rant.
515 5721 596 5781 Ea
623 5737 717 5780 res
760 5720 1024 5780 omnium
1075 5720 1327 5779 maxime
1373 5719 1571 5793 pepuli
1619 5735 1974 5780 concursum

2079 4664 2174 4706 κος
2225 4643 2300 4706 εἷς
2355 4643 2418 4698 τὸ
2475 4642 2702 4721 ἀρχεῖον
2756 4639 3005 4698 κατιέναι
3083 4637 3562 4714 ἀπαγγελλόμενος
3615 4637 3726 4708 ἐξέ-

2077 4732 2273 4809 κρουσέ
2302 4751 2452 4794 τινας
2484 4734 2583 4797 τῆς
2615 4732 2814 4806 ὁρμῆς.
2859 4729 3019 4787 Ἀλλ’
3075 4725 3200 4784 οὐδὲ
3253 4729 3282 4784 ὁ
3340 4725 3727 4804 εἲσηγούμενὸς

2077 4845 2130 4880 τι
2158 4819 2340 4897 ἓτερον
2373 4825 2544 4877 παῦον
2577 4821 2677 4890 τήν
2711 4817 3027 4895 συνδρομὴν
3059 4818 3136 4881 εἶς
3187 4819 3301 4874 ὦτα
3344 4819 3503 4891 ἐῴκει
3553 4817 3728 4893 λέγειν

2081 4913 2410 4968 ἀκουόντων·
2470 4907 2674 4965 πολλοὶ
2728 4909 2821 4980 μὶν
2869 4909 2963 4964 οῦν
3009 4908 3098 4964 καὶ
3143 4908 3302 4983 ἔγγὺς
3349 4910 3446 4962 τοῦ
3484 4907 3728 4962 τεθνάναι

2079 5000 2323 5072 ¹ἢλθοσαν
2358 5001 2519 5076 μόνον
2553 4997 2946 5077 ὑπογρύξαντες
2973 4999 3064 5054 καὶ
3107 4998 3182 5070 μὴ
3224 4995 3394 5052 καλὸν
3444 4989 3600 5074 ἔργον
3645 4996 3730 5072 γί-

2079 5093 2258 5146 νεσθαι
2298 5089 2552 5168 φάμενοι.
2586 5087 2741 5148 Ἀλλ’
2795 5088 2870 5149 ὡς
2916 5087 2968 5158 ἐξ
3026 5087 3144 5150 ἑνὸς
3193 5087 3534 5159 συνθήματος
3589 5085 3731 5141 πάν-

2077 5201 2166 5242 τες
2195 5179 2454 5255 παγγενεί
2489 5199 2549 5234 τε
2595 5177 2684 5234 καὶ
2733 5174 3006 5250 πανδημεὶ
3053 5173 3200 5241 ἔθεον
3249 5171 3434 5236 ἔνθους
3479 5174 3570 5230 καὶ
3611 5173 3726 5229 ἀτε-

2082 5277 2236 5352 χνῶς
2264 5265 2720 5344 κορυϐαντιῶντες
2751 5270 2827 5332 είς
2854 5266 2918 5324 τὸ
2947 5271 3046 5324 τοῦ
3088 5269 3222 5322 Θεοῦ
3251 5264 3436 5340 Λόγου
3469 5262 3720 5340 μέγιστον

2081 5351 2330 5432 άμενος,
2359 5357 2647 5431 ἀλλήλους
2673 5358 3100 5433 παραθήγοντες,
3159 5353 3573 5430 ἐρεσχελοῦντες
3599 5351 3728 5416 τοὺς

2086 5453 2160 5526 μὴ
2210 5451 2584 5520 ταυτοζήλους
2646 5451 2788 5524 μήτε
2847 5447 2955 5522 μὴν
3005 5447 3100 5508 τὰς
3153 5449 3344 5520 χεῖρας
3403 5442 3728 5512 ὁπλίζοντας

2081 5541 2244 5615 ὅπλῳ
2273 5538 2480 5614 ὁτῳδή,
2509 5539 2636 5596 ἀλλ’
2657 5537 2858 5616 ἀργοὺς
2889 5537 3060 5599 οὕτως
3093 5537 3325 5598 ἑστῶτας
3381 5535 3470 5589 καὶ
3520 5530 3730 5606 θεωμέ-

2083 5651 2208 5692 νους
2236 5631 2302 5686 τὰ
2331 5630 2456 5706 παρ’
2488 5627 2674 5685 ἄλλων
2709 5629 2986 5704 γινόμενα,
3038 5627 3106 5685 Οἱ
3154 5623 3211 5682 δὲ
3262 5622 3502 5700 λογικῶν
3555 5625 3728 5696 μαθη-

2090 5718 2274 5796 μάτων
2305 5718 2358 5775 έν
2393 5718 2600 5794 μεθέξει
2629 5718 2717 5774 καὶ
2762 5717 2930 5794 μέλος
2973 5712 3278 5776 ἀπεκάλουν
3320 5713 3512 5777 αὐτοὺς
3561 5731 3723 5784 σεση-
