4126 6294
363 326 489 387 7Οό

1397 323 1505 386 DE
1550 321 2004 387 ANDBONICO
2049 323 2431 388 COMNENO
2478 329 2627 392 LIB.
2678 331 2755 393 ΙΙ.

3658 341 3777 405 ’706

363 460 493 529 πὸς,
533 460 609 532 μὴ
644 457 966 536 συμπάσχον
998 459 1078 529 τῷ
1107 455 1289 530 λοιπῷ
1317 463 1418 527 τῆς
1475 454 1754 517 πολιτείας
1805 455 2017 529 σώματι

2132 459 2310 527 auxit,
2346 477 2412 518 ac
2468 462 2660 521 etl'ecit
2691 468 2755 522 ut
2784 466 2882 537 qui
2925 467 3089 539 prius
3133 470 3374 542 periculi
3426 476 3583 532 metu
3643 479 3777 536 sub-

369 550 460 603 καὶ
510 547 868 624 πληρώματι.
909 547 1032 602 Ἐπί
1098 547 1315 607 τούτοις
1376 544 1641 611 διαθλῶσι
1707 547 1804 611 τὰς
1867 544 2022 609 κλεῖς

318 682 321 685 .
372 639 464 692 καὶ
494 636 622 698 τοὺς
654 637 816 712 ὀχέας
844 639 949 693 τῶν
985 631 1268 708 δημοσίων
1304 640 1580 712 φρουρῶν,
1630 635 1718 690 καἲ
1763 640 1879 699 τοῖς
1929 656 2022 712 φυ-

374 725 625 791 λακίταις
650 725 852 791 τιθέασι
901 726 999 795 τήν
1070 721 1252 797 ἔξοδον
1310 722 1513 796 ἄνετον,
1576 725 1637 780 οὐ
1690 729 1847 780 πᾶσιν
1903 725 2022 779 οὖσι

374 815 720 890 κακούργοις,
756 813 897 870 ἄλλᾶ
945 814 1033 868 καὶ
1085 816 1272 889 γένους
1328 811 1689 889 μετειληχόσι
1737 812 2021 887 λαμπροῦ,

377 906 845 984 κακουχουμένοις
921 904 968 960 δ’
1044 905 1198 977 ὅμως
1270 902 1324 959 έν
1400 901 1803 980 δεσμωτηρίοις
1845 901 1933 957 διά
1969 922 2023 956 τι

378 995 648 1069 συμπεσὸν
721 994 902 1071 βραχὺ
965 994 1267 1097 ἁμάρτημα
1422 992 1880 1097 παράφθεγμὲᾒ
1932 990 2022 1097 καὶ

375 1083 540 1164 φίλου
571 1084 939 1163 κακούργημα
973 1078 1182 1157 προϐἆν
1225 1084 1279 1146 ἒς
1333 1080 1701 1157 Ἀνδρόνικον.
1750 1085 1926 1139 Τοῦτο
1977 1078 2025 1134 δ’

373 1170 449 1231 ἔτι
486 1174 725 1249 μάλιστα
754 1176 815 1231 τὸ
838 1175 1025 1232 πλεῖον
1062 1177 1369 1251 συναγήογε
1398 1173 1494 1230 τοῖ’)
1543 1173 1703 1244 λαοῦ,
1758 1175 1848 1229 καὶ
1896 1175 2021 1238 τοὺς

372 1266 489 1320 κατ’
519 1263 875 1340 Ἀνδρονίκου
905 1264 1333 1339 τονθορύζοντας
1367 1264 1628 1340 πρότερον
1669 1264 1759 1318 καὶ
1810 1264 2024 1319 ὀκνοῦν-

378 1374 471 1418 τας
497 1357 595 1426 την
632 1357 821 1431 πρᾶξιν
881 1355 955 1418 ὡς
1013 1352 1253 1410 κίνδυνον
1310 1353 1708 1432 ὑποφαίνουσαν
1757 1354 1832 1415 εἰς
1882 1353 2023 1410 ἐναν-

375 1443 492 1501 τίαν
571 1449 767 1519 μοῖραν
849 1446 1170 1519 μετέστησεν
1249 1445 1579 1524 ἆκραιφνῶς.
1660 1444 1755 1500 Ἠν
1808 1444 1899 1498 οὖν
1966 1442 2026 1499 ἐκ

374 1531 531 1589 τοῦδε
562 1532 695 1589 ἰδεῖν
755 1534 1188 1612 ξιφηφοροῦντας
1246 1535 1336 1588 καὶ
1386 1534 1749 1610 θυρεοφόρους
1798 1533 1886 1587 καὶ
1928 1554 2024 1589 πε-

379 1621 718 1701 φραγμένους
751 1624 978 1697 θώραξιν
1028 1624 1090 1678 οὐ
1152 1625 1403 1698 βραχεῖς,
1459 1623 1585 1686 τοὺς
1635 1620 1691 1678 δὲ
1737 1622 2022 1678 πλείστους

381 1712 648 1788 ῥοπάλοις
675 1712 914 1774 καὶτοῖς
964 1710 1023 1767 ἐκ
1079 1712 1186 1766 τῶν
1255 1710 1628 1789 ἐργαστηρίων
1689 1710 1872 1785 ξύλοις
1929 1711 2025 1774 τὰς

379 1806 569 1877 χεῖρας
624 1797 973 1863 ὁπλίσαντας.
1033 1801 1135 1858 Καὶ
1197 1808 1516 1877 συναγωγῆς
1570 1798 1834 1872 πλείστης
1889 1798 2025 1856 λαοῦ

382 1892 494 1964 μεθ’
535 1890 714 1964 ὁρμῆς
743 1888 1001 1961 τοιαύτης
1028 1892 1381 1967 γεγενημένη,
1441 1886 1695 1965 βασιλεὺς
1753 1889 2023 1964 αὐτοκρά-

374 2001 489 2056 τωρ
561 1979 850 2053 Ῥωμαίων
927 1979 1310 2056 ἀναγορεύεται
1385 1981 1674 2049 Ἰσαοὶκιος,
1723 1981 1871 2043 τινὸς
1912 1984 2022 2035 τῶν

379 2070 664 2145 νεωκόρων
736 2070 798 2125 τὸ
872 2074 969 2124 τοῦ
1048 2070 1292 2147 μεγάλου
1368 2070 1764 2127 Κωνσταντίνου
1806 2068 2021 2149 στέφος,

378 2161 511 2235 ’ὀπερ
585 2157 792 2224 ἄνωθεν
868 2159 1172 2234 ἆπῃώρητο
1247 2158 1518 2235 τραπέζης
1589 2167 1688 2230 τῆς
1731 2163 2019 2233 μυστικῆς,

375 2248 787 2326 κατενεγκόντος
846 2247 934 2303 διὰ
989 2246 1261 2322 κλίμακος
1324 2248 1414 2304 καὶ
1470 2252 1538 2322 τῇ
1595 2253 1692 2305 τοῦ
1749 2249 2021 2307 Ἰσαακίου

378 2335 588 2417 κεφαλῇ
664 2336 1091 2414 ἐφαρμόσαντος.
1166 2338 1283 2394 Ἵνα
1358 2335 1413 2393 δὲ
1492 2335 1633 2411 μηδὲ
1706 2341 1865 2393 τοῦτο
1933 2337 2019 2409 ε’ἰη

380 2424 731 2500 ἀνιστόρητον
763 2427 852 2481 καὶ
886 2429 1074 2489 ἀκοαῖς
1107 2426 1483 2504 ἀπεριήχητον
1509 2431 1618 2482 τῶν
1656 2426 1710 2490 ἐς
1755 2421 1959 2493 ἔπειτα,
1994 2427 2021 2482 6

384 2516 475 2589 μὲν
511 2517 773 2577 ἰσαάκιος
802 2513 1152 2570 ἐδυσκόλαινε
1181 2516 1315 2591 πρὸς
1338 2518 1438 2586 τὴν
1460 2516 1825 2596 στεφηφορίαν
1868 2517 2017 2590 [222]

380 2605 484 2679 οὐχ
515 2607 588 2667 ὡς
618 2600 793 2680 ἔρωτα
835 2607 911 2678 μή
942 2606 1149 2681 τρέφων
1180 2607 1381 2684 ἀρχῆς,
1440 2604 1566 2661 ἀλλ’
1617 2606 1689 2667 ὡς
1740 2604 2023 2684 ὑφορώμε-

378 2716 469 2758 νος
504 2697 589 2768 [Ρ.
621 2697 746 2769 222]
774 2696 837 2750 τὸ
867 2700 963 2751 τοῦ
993 2696 1314 2773 πράγματος
1348 2691 1585 2770 ἐργῶδές
1630 2715 1688 2749 τε
1734 2694 1825 2749 καὶ
1875 2692 2018 2751 δυσέ.

381 2804 593 2862 φικτον,
632 2786 719 2840 καὶ
752 2782 879 2862 ὄναρ
912 2786 1023 2863 οὐχ
1066 2785 1210 2860 ὕπαρ
1258 2786 1508 2859 ἄντικρυς
1554 2782 1915 2848 ἐπιτελεῖσθαί
1969 2786 2020 2839 οἱ

383 2874 450 2927 τὰ
504 2874 742 2945 παρόντα
801 2874 1073 2948 οῗόμενος,
1137 2869 1586 2947 ὑποϐλεπόμενος
1646 2870 1702 2928 δὲ
1776 2873 1867 2929 καὶ
1923 2875 2021 2942 τήν

387 2958 735 3038 Ἀνδρονίκου
785 2962 1139 3039 ὀργιλότητα,
1200 2962 1290 3019 καὶ
1352 2964 1429 3037 μὴ
1484 2962 1719 3027 ἐντεῦθεν
1788 2961 2021 3036 ἐκμῆναι

383 3054 576 3107 τοῦτον
607 3052 867 3117 πλειόνως
902 3049 1257 3130 βουλόμενος.
1292 3057 1569 3115 Συνεστῶς
1602 3050 1659 3107 δὲ
1690 3053 1717 3107 ὁ
1752 3048 2022 3123 δηλωθεῖς

381 3139 584 3205 ἃνωθεν
617 3140 844 3212 Δούγας,
872 3144 964 3198 τὸν
1007 3141 1169 3198 πῖλον
1216 3148 1317 3212 τῆς
1368 3139 1611 3221 κεφαλῆς
1662 3140 2017 3218 ἀφελόμενος,

376 3234 552 3305 ἑαυτῷ
583 3235 887 3308 περιθέσθαι
950 3235 1189 3290 ἱκέτευσε
1239 3235 1302 3289 τὸ
1357 3231 1621 3308 διάδημα,
1671 3232 2015 3308 ἐψιλωμένον
2052 3202 2099 3270 C

376 3323 580 3399 τριχῶν
643 3321 964 3398 προδεικνὺς
1022 3323 1236 3400 κρανίον
1293 3324 1384 3378 καὶ
1438 3324 1536 3393 τήν
1603 3319 1881 3398 φαλάκραν
1946 3323 2020 3386 ὡς

378 3411 738 3493 πλησίφωτον
814 3412 1050 3484 σελήνην
1124 3413 1573 3489 ὐπερφαίνουσαν.
1648 3413 1711 3469 Ὁ
1760 3409 1807 3466 δ’
1847 3410 2021 3487 ὄχλος

378 3500 727 3573 ἄπῃναίνοντο
770 3503 1062 3583 φάσκοντες
1118 3503 1315 3576 μηκέτι
1362 3500 1591 3578 γέροντα
1648 3500 1838 3577 ἄρχειν
1890 3501 2024 3577 βού-

376 3591 563 3647 λεσθαι
603 3590 638 3662 ἦ
674 3592 980 3667 βασιλεύειν
1014 3591 1097 3648 ἐπ’
1142 3592 1355 3654 αὐτοὺς·
1410 3590 1637 3648 πολλῶν
1691 3591 1793 3669 γὰρ
1851 3590 2027 3668 ἐμφο-

377 3687 605 3755 ρηθῆναι
637 3685 818 3736 κακῶν
852 3680 911 3737 ἐκ
956 3686 1053 3736 τοῦ
1101 3680 1463 3757 πολιότριχος
1513 3678 1884 3757 Ἀνδρονίκου,
1931 3680 2022 3734 καὶ

378 3767 633 3828 διἀύτὸν
699 3777 876 3845 μισεῖν
927 3793 986 3827 τε
1040 3771 1131 3827 καὶ
1174 3771 1601 3851 ἀποστρέφεσθαι
1650 3772 1823 3827 πάντα
1862 3791 2027 3845 σορο-

376 3857 607 3934 δαίμονα
638 3861 727 3916 καὶ
758 3859 998 3930 πολυετῆ
1051 3861 1358 3936 ἄνθρωπον,
1400 3862 1490 3916 καί
1544 3859 1781 3934 μάλιστα
1832 3860 1877 3915 εί
1934 3881 2024 3916 κα-

375 3951 617 4023 θειμένον
650 3947 765 4028 ἔχει
792 3951 854 4005 τὸ
882 3948 1107 4027 γένειον,
1142 3949 1276 4028 διχῆ
1318 3946 1652 4026 διῃρημένον
1703 3952 1793 4005 καὶ
1851 3972 2018 4025 μυου-

346 4022 518 4111 ⁸ρίζξρν
548 4022 783 4115 περὶ-’τὸ
834 4022 999 4114 πέρας
1050 4044 1147 4095 τοῦ
1195 4041 1482 4113 πώγωνος.
1542 4039 1699 4097 Οὕτω
1742 4040 1923 4095 τοίνυν
1970 4038 2023 4102 ές

375 4129 603 4202 βασιλέα
671 4129 987 4204 χρισθέντος
1036 4129 1308 4186 Ἰσαακίου
1359 4124 1554 4200 συνέϐη
1603 4137 1692 4183 καὶ
1740 4127 1921 4205 ἕτερόν
1968 4151 2020 4185 τι

374 4221 765 4299 ἀξιαφήγητον.
799 4223 1006 4277 Ἵππων
1053 4224 1154 4298 γὰρ
1205 4221 1643 4299 χρυσοφαλάρων
1692 4221 2018 4296 βασιλικῶν,

372 4310 430 4366 ἐκ
456 4315 558 4378 τῆς
589 4310 816 4383 περαίας
846 4313 981 4368 κατᾶ
1008 4312 1098 4367 τὸν
1133 4314 1301 4387 πόρον
1332 4317 1438 4367 τῶν
1470 4311 1695 4366 Κιονίων
1756 4308 2019 4385 διαπορθ-

373 4405 686 4475 μευομένων
730 4401 808 4464 εἰς
867 4402 993 4463 τοὺς
1048 4398 1218 4463 πόδας
1277 4396 1563 4456 ἀναϐαλὼν
1623 4400 1712 4455 καὶ
1758 4402 2020 4477 τυραννήο

374 4510 465 4552 σας
530 4492 619 4545 τὸν
688 4491 1001 4565 ἱπποκόμον
1058 4488 1170 4555 ἔθες
1229 4488 1319 4545 διὰ
1371 4494 1481 4545 τῶν
1543 4487 1858 4569 λεωφόρων,
1928 4491 2017 4545 καὶ

2133 554 2583 611 murmurabant
2638 563 2692 612 et
2722 556 3092 627 dubitabant,
3143 560 3302 619 haud
3333 564 3779 628 dissimulanter

2132 641 2363 697 factioni
2397 658 2524 699 sese
2574 644 2910 719 jungerent.
2952 649 3032 705 Ex
3088 666 3156 707 eo
3192 653 3432 711 ensibus
3463 657 3777 729 accinctos,

2130 733 2389 788 scutatos
2420 738 2477 788 et
2507 732 2843 793 thoracatos
2870 755 2981 793 non
3018 756 3233 810 paucos
3267 759 3552 815 cerneres,
3580 748 3778 820 plures

2129 820 2322 875 tamen
2354 820 2601 879 fustibus
2618 827 2674 879 et
2705 824 2901 898 lignis,
2926 844 3053 899 quas
3072 844 3139 886 ex
3168 832 3415 891 ofﬁcinis
3438 843 3777 908 rapuerant,

2131 914 2408 967 armatos.
2439 917 2489 967 Δ
2538 912 2637 969 tali
2668 919 2811 971 cetu
2871 918 3341 977 concitatissimm
3397 927 3553 982 450
3587 928 3778 984 mutti-

2131 997 2356 1056 tudinis
2404 1000 2793 1061 Romanorum
2827 1005 3144 1078 imperator
3173 1011 3465 1069 salutatur
3495 1016 3777 1087 Isaacius,

2132 1102 2262 1143 cum
2284 1088 2522 1160 quidam
2546 1093 2855 1159 exaedituis
2879 1098 3074 1171 magni
3095 1100 3457 1160 Constantini
3476 1121 3776 1177 coronam,

2132 1189 2258 1245 quae
2289 1193 2470 1250 supra
2500 1182 2801 1252 mysticam
2840 1202 3100 1244 mensam
3151 1191 3460 1262 pendebat.
3490 1196 3664 1253 scalis
3686 1198 3780 1253 dc-

2134 1274 2459 1337 promptam
2492 1270 2618 1340 ejus
2663 1273 2837 1346 capiti
2870 1275 3274 1348 imposuisset.
3308 1281 3389 1337 Ne
3420 1288 3616 1341 autem
3667 1286 3778 1344 hoc

2134 1369 2365 1426 quoque
2397 1373 2430 1412 a
2459 1359 2704 1429 posteris
2727 1361 3046 1435 ignoretur,
3088 1368 3345 1428 leaacius
3375 1388 3500 1429 eam
3529 1392 3777 1432 corona-

2134 1444 2353 1501 tionem
2384 1463 2534 1519 mgre
2584 1449 2821 1521 ferebat,
2859 1469 2974 1509 non
3006 1460 3154 1526 quod
3190 1460 3261 1514 ab
3292 1460 3524 1534 imperii
3552 1466 3777 1537 cupidi-

2132 1536 2249 1588 tate
2271 1535 2627 1605 abhorreret,
2645 1539 2748 1595 sed
2765 1545 2919 1613 quod
2945 1544 3024 1599 rei
3050 1562 3345 1606 summam
3369 1535 3775 1612 difficultatem

2134 1624 2589 1694 pertimesceret,
2639 1632 2696 1684 et
2745 1647 2872 1701 quae
2930 1635 3057 1689 tum
3114 1645 3446 1709 agerentur,
3478 1642 3776 1715 vigilantis

2135 1712 2428 1783 quoddam
2505 1717 2798 1775 somnium
2856 1721 3233 1783 existimaret.
3291 1728 3416 1785 Huc
3466 1712 3777 1792 accedebat

2055 1831 2101 1896 Β
2136 1809 2354 1897 metus.
2382 1818 2454 1897 ne
2486 1806 2793 1863 Andronici
2827 1812 3199 1869 acerbitatem
3251 1832 3318 1872 eo
3376 1819 3525 1878 facto
3586 1824 3776 1897 magis

2130 1889 2306 1945 etiam
2340 1891 2610 1951 irritaret.
2653 1898 2933 1954 Caeterum
2962 1900 3175 1970 Ducas,
3208 1906 3378 1977 cujus
3408 1913 3542 1966 ante
3574 1889 3775 1969 memi-

2129 1977 2349 2049 nimus,
2384 1980 2466 2036 illi
2512 1987 2731 2052 astans,
2768 1987 3027 2047 detracto
3059 1993 3234 2063 capiti
3266 1994 3438 2068 pileo,
3471 2000 3676 2057 orabat
3706 2007 3772 2058 ut

2128 2067 2241 2123 sibi
2273 2070 2540 2128 diadema
2589 2072 3003 2146 imponeretur,
3038 2081 3269 2141 calvitio
3299 2089 3554 2156 ostenso,
3614 2092 3773 2163 quod

2126 2158 2315 2215 instar
2343 2160 2532 2231 plenos
2561 2162 2716 2221 lunae
2746 2167 3056 2228 relucebat.
3087 2171 3281 2231 Turba
3311 2182 3505 2234 autem
3540 2197 3775 2251 respon-

2127 2243 2211 2301 dit
2241 2262 2303 2301 se
2332 2246 2487 2304 nolle
2533 2251 2807 2325 deinceps
2839 2272 3041 2326 parere
3070 2260 3213 2326 seni,
3246 2264 3402 2334 quod
3438 2268 3508 2321 ab
3537 2243 3775 2325 Andro-

2128 2334 2244 2391 nici
2276 2336 2488 2393 canitie
2519 2338 2803 2410 plurimas
2835 2344 3029 2402 clades
3057 2351 3394 2423 accepisset,
3426 2356 3498 2412 ob
3523 2372 3775 2430 eumque

2127 2438 2361 2480 omnem
2390 2441 2580 2484 senem
2611 2431 3050 2491 Acheronticum
3084 2448 3137 2493 et
3167 2440 3498 2511 capularem
3532 2447 3773 2515 odisset,

2127 2515 2447 2584 praesertim
2481 2519 2529 2574 si
2564 2519 2909 2579 biturcatam
2942 2525 3183 2584 haberet
3204 2530 3468 2605 barbam,
3491 2551 3560 2590 ex
3590 2534 3774 2594 altera

2085 2670 2095 2682 ⁸
2129 2608 2291 2673 parte
2351 2605 2692 2665 breviorem.
2727 2612 2820 2668 Sic
2865 2615 3207 2689 inaugurato
3240 2620 3457 2678 Isaacio
3488 2625 3645 2681 aliud
3679 2643 3772 2682 ac-

2128 2692 2270 2747 cidit
2300 2694 2485 2751 relatu
2543 2697 2809 2770 dignum.
2868 2703 3015 2759 Nam
3073 2722 3204 2762 cum
3237 2711 3374 2781 equi
3413 2711 3774 2785 imperatorii

2126 2782 2275 2837 45!
2313 2784 2507 2840 aureis
2541 2789 2725 2843 ornati
2761 2789 3015 2861 phaleris
3046 2812 3148 2866 per
3174 2782 3515 2869 trajectum'
3537 2801 3771 2859 Cloniu-

2128 2886 2257 2925 rum
2293 2872 2737 2947 adveherentur,
2770 2894 2925 2936 unus
2957 2882 3028 2939 ab
3059 2887 3340 2957 equisone
3370 2888 3423 2944 vi
3447 2889 3687 2947 avulsus
3719 2896 3778 2948 et

2132 2975 2232 3032 per
2265 2961 2528 3033 publicas
2588 2967 2709 3022 vias
2741 2969 3033 3028 cursitans
3064 2975 3582 3046 comprehenditur
3612 2985 3671 3036 et
3702 2980 3775 3037 ad

2130 3050 2423 3108 Isaacium
2454 3054 2786 3113 adducitur.
2838 3057 2893 3115 Is
2922 3077 2987 3117 eo
3019 3078 3335 3122 conscenso
3397 3082 3461 3123 ex
3520 3068 3777 3127 maxime

2134 3141 2352 3212 templo
2377 3141 2641 3216 discedit,
2666 3146 2839 3204 etiam
2873 3148 3088 3207 Basilio
3115 3158 3413 3211 Comatero
3445 3158 3779 3229 patriarcha

2132 3227 2470 3303 comitante,
2502 3250 2675 3305 quem
2709 3238 2960 3309 pepulus
2993 3245 3262 3314 quamvis
3294 3227 3540 3302 invitum
3574 3265 3778 3321 appro-

2135 3316 2272 3374 bare
2306 3324 2434 3377 acta
2465 3321 2564 3377 illa
2589 3326 2969 3398 compulerat.
3000 3330 3372 3391 Andronicus
3400 3352 3532 3393 vero
3566 3316 3669 3394 ubi
3703 3338 3775 3395 ad

2134 3422 2406 3480 magnam
2465 3412 2687 3470 curiam
2747 3419 3028 3488 pervenit,
3070 3422 3328 3493 primum
3385 3427 3630 3483 confuso
3660 3426 3781 3484 cla—

2136 3511 2315 3567 more,
2350 3505 2477 3570 post
2507 3503 2677 3559 etiam
2712 3521 2772 3560 re
2811 3508 2940 3579 ipsa
2966 3509 3091 3565 visa
3124 3513 3411 3582 turbatus,
3454 3520 3782 3574 centuriare

2136 3602 2274 3643 suos
2322 3592 2378 3644 et
2408 3591 2718 3665 conﬂigere
2749 3611 2882 3650 cum
2942 3599 3154 3670 pOpulo
3195 3602 3469 3659 instituit.
3504 3605 3613 3661 Sed
3646 3623 3782 3662 cum

2136 3693 2349 3748 paucos
2383 3680 2451 3735 ad
2485 3697 2655 3737 suum
2712 3684 3023 3742 consilium
3086 3696 3313 3759 paratos
3370 3691 3607 3762 videret,
3657 3694 3783 3765 ipse

2135 3783 2273 3822 arcu
2306 3776 2568 3839 correpto
2595 3786 2694 3842 pro
2724 3772 2879 3828 virili
2921 3775 2992 3830 ad
3027 3793 3284 3848 pugnam
3318 3796 3377 3835 se
3407 3786 3593 3852 parat,
3627 3788 3681 3837 et
3714 3798 3781 3838 ex

2137 3857 2408 3913 maximae
2448 3859 2646 3924 turris,
2676 3877 2806 3932 qua:
2833 3862 3240 3921 Centenarium
3278 3870 3622 3942 appellatur,
3658 3873 3779 3942 pin-

2136 3945 2364 4002 naculis
2395 3947 2638 4019 sagittas
2662 3951 2717 4004 in
2740 3954 3079 4011 accedentes
3109 3956 3365 4028 conjicit.
3398 3959 3579 4023 Quem
3615 3977 3783 4018 cona-

2136 4040 2257 4092 tum
2293 4035 2430 4109 quia
2477 4035 2709 4094 irritum
2771 4040 3014 4108 videbat,
3047 4044 3260 4117 alloqui
3295 4053 3573 4119 populum
3608 4050 3781 4108 insti-

2138 4127 2285 4195 tuit;
2330 4141 2510 4198 seque
2568 4127 2876 4199 imperium
2935 4132 3053 4188 tilio
3111 4133 3364 4192 Mauucli
3422 4140 3780 4198 traditurum

2138 4214 2457 4287 professus,
2521 4215 2839 4273 tumultum
2894 4221 3087 4292 sopire
3144 4227 3201 4278 et
3258 4226 3782 4295 praisentissiinum

2133 4303 2458 4375 periculum
2494 4305 2832 4377 propulsare
2862 4310 3075 4369 studet.
3127 4313 3332 4369 Verum
3356 4318 3508 4373 452
3529 4317 3780 4391 populus

2133 4392 2207 4449 iis
2239 4394 2427 4450 verbis
2450 4397 2639 4467 magis
2670 4403 3042 4470 exasperatus
3078 4401 3239 4459 nulla
3262 4421 3376 4460 non
3409 4408 3778 4465 atrocissima

2133 4484 2392 4540 convicia
2448 4484 2505 4539 in
2538 4501 2691 4551 eum,
2755 4492 2813 4542 et
2859 4504 3034 4559 quem
3092 4491 3318 4563 imperii
3373 4510 3773 4553 successorem

379 4577 705 4659 συλληφθεὶς
764 4581 1036 4659 εἰσάγεται
1096 4579 1347 4653 Ἰσαακῖῳ
1394 4580 1529 4655 πρὸς
1578 4575 1801 4655 ὄχησιν.
1853 4579 1957 4636 Καὶ
1991 4580 2019 4634 6

2134 4573 2473 4630 relicturum
2507 4574 2717 4646 aiebat,
2764 4579 3076 4650 congessit.
3115 4584 3417 4652 Postquam
3479 4600 3633 4651 vero,
3691 4585 3778 4641 ef-

383 4666 475 4740 μὶν
511 4666 568 4724 ἐκ
590 4675 685 4725 τοῦ
718 4670 973 4747 μεγίστου
1014 4671 1118 4727 νεὼ
1168 4670 1407 4745 ἀπαίρει,
1468 4670 1827 4743 συνεπόμενον
1872 4668 2018 4746 ἔχων

373 4757 459 4811 καὶ
502 4758 590 4814 τὸν
623 4760 973 4835 πατριάρχην
1028 4758 1315 4816 Βασίλειον
1361 4760 1452 4815 τὸν
1514 4761 1857 4836 Καματηρὸν,
1907 4759 2023 4814 ἐπεὶ

370 4846 677 4906 καὶτοῦτον
728 4850 794 4904 τὸ
849 4848 1063 4919 πλῆθος
1132 4849 1491 4925 συμπράττειν
1550 4848 1641 4904 καὶ
1702 4845 2026 4904 συνεπευδο-

372 4941 482 4989 κεῖν
511 4943 626 5003 τοῖς
682 4959 744 4993 τε
787 4935 1079 5013 λουμένοις
1127 4935 1327 4993 ἄκοντα
1376 4937 1732 4995 ἐπεσπάσατο·
1768 4939 1795 4992 6
1827 4934 1873 4993 δ’
1901 4939 2023 4996 Ἀν.

375 5021 617 5098 δρόνικος
651 5026 789 5082 κατὰ
817 5027 877 5082 τὸ
912 5027 1046 5102 μέγα
1088 5027 1323 5104 γεγονὼς
1372 5028 1623 5103 ἀρχεῖον,
1676 5025 1792 5083 ἱπεὶ
1823 5029 1851 5082 ὁ
1885 5049 2025 5102 συμ-

378 5115 543 5188 μιγὴς
576 5116 740 5192 θροῦς
783 5114 977 5171 ἒκέντει
1031 5117 1196 5172 αὐτοῦ
1241 5118 1307 5171 τὰ
1359 5119 1494 5189 ὦτα,
1548 5118 1684 5191 μετᾶ
1736 5117 1915 5197 βραχῦ
1967 5115 2023 5174 δὲ

370 5204 459 5259 καὶ
492 5207 587 5276 τὴν
636 5202 763 5280 ὄψιν
822 5211 928 5262 τῶν
986 5205 1282 5281 γινομένων
1340 5207 1455 5283 εἶχε
1499 5203 1842 5277 διδάσκαλον,
1901 5206 2023 5263 ἑπέ-

372 5287 505 5349 6αλε
539 5297 633 5370 μὲν
668 5299 738 5368 τῇ
775 5295 1143 5371 ἀντιμαχήσει
1170 5299 1267 5351 τοῦ
1298 5295 1545 5368 πλήθους
1584 5298 1674 5351 καὶ
1716 5296 1845 5359 τοὺς
1895 5318 2021 5352 συν-

372 5381 524 5447 όντας
587 5383 898 5456 συνεκρότει
949 5387 1086 5460 πρὸς
1140 5382 1411 5459 πόλεμον,
1466 5385 1726 5461 εὑρίσκων
1780 5384 1837 5442 δὲ
1892 5388 2026 5462 βρα-

373 5480 491 5548 χεῖς
516 5474 574 5530 ἐκ
597 5472 811 5529 τούτων
834 5473 1236 5548 ἑτοιμοπειθεῖς
1259 5476 1393 5551 πρὸς
1441 5476 1504 5531 τὸ
1554 5473 1757 5531 ἐκείνου
1806 5474 2027 5550 σκέμμα

371 5562 458 5618 καὶ
490 5565 765 5637 σύνθημα,
807 5562 1103 5639 ηὐτούργει
1152 5562 1241 5618 καὶ
1295 5565 1454 5628 αὐτὸς
1506 5564 1556 5620 ἐν
1606 5570 1683 5638 τῷ
1737 5563 1885 5641 μέρει
1933 5566 2024 5621 τὸν

371 5650 645 5728 πόλεμον,
677 5650 835 5721 τόξον
876 5650 1008 5716 δοὺς
1047 5655 1115 5727 τῇ
1148 5654 1316 5729 χειρῖ,
1351 5654 1454 5710 κάκ
1480 5658 1590 5710 τῶν
1630 5659 1726 5711 τοῦ
1760 5653 2021 5730 μεγίστου

2140 4663 2317 4720 t‘racta
2349 4669 2511 4735 porta
2564 4681 2688 4736 quas
2719 4667 2899 4723 Carea
2929 4668 3159 4735 dicitur,
3196 4670 3253 4725 in
3285 4672 3569 4742 palatium
3603 4690 3775 4745 pene-

2138 4757 2382 4821 trarunt,
2413 4752 2469 4808 in
2506 4754 2698 4825 fugam
2723 4770 3036 4814 conversus
3065 4759 3450 4828 Andronicus,
3486 4778 3780 4835 purpureo

2137 4841 2326 4899 calceo
2354 4846 2411 4898 et
2462 4844 2638 4898 veteri
2671 4860 2777 4899 suo
2827 4845 3100 4915 amuleto,
3127 4864 3293 4903 cruce
3321 4867 3496 4921 quam
3531 4850 3601 4908 de
3631 4852 3780 4911 collo

2136 4947 2479 5004 suspensam
2509 4932 2797 5004 gestabat,
2832 4936 2999 5006 quasi
3033 4936 3296 4995 numinis
3324 4940 3408 4995 ira
3439 4940 3779 5013 agitaretur,

2136 5022 2382 5093 abjecta,
2433 5027 2485 5076 et
2519 5024 2689 5077 acuto
2740 5022 3040 5081 barbarico
3074 5025 3220 5096 pileo
3250 5027 3424 5099 capiti
3477 5030 3776 5103 imposito,

2137 5112 2326 5167 denuo
2356 5108 2650 5167 triremem
2682 5110 3120 5183 imperatoriam
3152 5118 3513 5187 conscendit,
3562 5137 3678 5192 qua
3708 5140 3780 5179 ex

2133 5201 2389 5257 Meludio
2421 5200 2478 5256 in
2539 5217 2809 5272 magnum
2845 5202 3126 5272 palatium
3169 5213 3427 5275 venerat,
3460 5211 3782 5281 eodemque

2137 5305 2403 5346 reversus
2422 5305 2555 5344 cum
2579 5290 2808 5345 duabus
2834 5292 3201 5364 mulieribus,
3226 5296 3416 5365 Anna,
3449 5314 3623 5367 quam
3646 5299 3784 5355 sub-

2136 5380 2246 5435 lato
2314 5379 2513 5436 Alexio
2590 5379 2851 5451 duxerat,
2903 5387 2959 5438 et
3024 5381 3341 5456 Maraptica
3418 5385 3789 5446 meretricula

2140 5469 2377 5526 tibicina
2402 5486 2515 5526 non
2541 5472 2991 5537 contemnenda,
3023 5474 3195 5544 cujus
3228 5489 3422 5529 amore
3448 5489 3562 5528 non
3588 5474 3786 5533 minus

2136 5557 2467 5614 insanieliat
2524 5573 2702 5627 quam
2736 5557 2873 5615 olim
2906 5559 3253 5617 Poliorcetes
3293 5561 3623 5617 Demetrius
3674 5559 3783 5617 La-

2136 5658 2287 5725 miae,
2323 5661 2497 5721 quam
2536 5645 2841 5704 Ptolemzeo
2875 5649 3024 5707 victo
3048 5658 3294 5720 ceperat,
3323 5648 3475 5703 haud
3524 5647 3781 5717 segniter
