4126 6294
409 268 526 330 701
1729 263 2036 329 NTCETJE

2153 264 2505 328 IONIATE
2686 299 2689 304 -
3695 271 3827 334 708

401 403 659 475 navigat,
719 401 791 457 ad
841 397 1270 471 Tauroscythas
1327 397 1717 470 profecturus,
1767 399 2042 456 omnibus

2156 396 2369 475 πύργου
2445 394 2779 471 διασφάγων,
2855 394 2913 459 ὅς
2990 395 3348 469 κικλήσκεται
3417 399 3821 476 Κεντηνήριον,

402 491 679 550 Romanis
712 488 1026 564 provinciis
1048 487 1412 560 aliarumque
1433 488 1693 560 gentium
1727 488 2042 545 ditionibu

2162 485 2337 564 ἀφιεὶς
2369 489 2486 548 τοῖς
2517 484 2730 541 ἐπιοῦσι
2763 482 3022 560 βέλεμνα.
3056 485 3224 549 Γνοὺς
3254 484 3312 542 8‘s
3342 486 3418 550 ὡς
3461 489 3637 564 μάτην
3679 490 3822 563 ἀνη-

401 586 468 638 ut
490 597 693 653 parum
729 579 861 635 fidis
895 577 1205 650 despectis.
1706 620 1710 623 .

2154 574 2339 635 νύτοις
2376 571 2668 650 ἐπιχειρεῖ,
2724 570 2815 629 διά
2856 594 3004 636 τινος
3064 574 3280 648 ὁμιλεῖν
3340 578 3641 654 προάγεται
3698 586 3822 637 τοῖς

400 667 579 738 λαοῖς,
631 665 976 731 ἀποτίθεσθαι
1026 662 1204 741 λέγων
1252 665 1351 733 τὴν
1418 663 1699 741 βασιλείαν
1739 666 1830 721 καὶ
1881 663 2260 741 παραπέμπειν
2312 663 2515 735 ταύτην
2571 664 2706 738 πρὸς
2753 664 2846 720 τὸν
2905 662 3112 719 ἐκείνου
3162 662 3331 721 παῖδα
3374 668 3468 722 τὸν
3522 669 3822 743 Μανουήλ,

402 756 681 821 πεποιθὼς
738 754 974 811 ἐντεῦθεν
1014 752 1362 809 καταστεῖλαι
1419 755 1509 810 τὸν
1567 750 1799 832 θόρυϐον
1867 754 1957 811 καὶ
2005 753 2097 811 τὸν
2152 751 2234 810 ἔπ’
2292 752 2473 825 ἀκμῆς
2531 753 2620 808 καὶ
2670 753 2809 828 παρὰ
2857 754 3039 829 βραχύ
3071 751 3321 810 κίνδυνον
3355 756 3821 833 ἀποκρούσασθαι.

395 845 463 904 Οἱ
496 842 553 901 δὲ
592 844 863 906 πλειόνως
905 840 994 898 ἐπὶ
1040 847 1118 916 τῷ
1184 843 1389 919 ῥήματι
1456 842 1634 916 τούτῳ
1700 841 2154 919 ἐκτραχυνθέντες
2223 836 2442 917 ’ὐϐρεσιν
2506 840 2665 896 αὐτὸν
2734 843 2965 904 ἀπάσαις
3028 841 3306 907 ἀπαισίοις
3346 841 3595 917 ἔπλυνον,
3627 848 3717 902 καὶ
3752 846 3814 903 ὅν

397 927 594 1014 ἔφασκε
637 941 738 1004 τῆς
794 930 1074 1009 βασιλείας
1131 930 1451 987 καταλιπεῖν
1484 928 1862 1009 κληρονόμον.
1906 931 2057 989 Ἐπεὶ
2122 927 2178 986 δὲ
2242 931 2304 984 τὸ
2369 928 2583 1000 πλῆθος
2638 930 2707 1000 ἦν
2771 931 3017 1005 είσχυθὲν
3058 927 3258 996 ἔσωθεν
3310 938 3421 989 τιῖν
3476 933 3820 1010 ἀνακτόρων,

394 1023 792 1100 ἀνατραπείσης
838 1025 939 1088 τῆς
988 1020 1173 1093 πύλης
1217 1022 1334 1091 ἣτις
1386 1021 1565 1097 Καρέα
1621 1019 1857 1097 λέγεται,
1926 1022 2177 1098 τρέπεται
2247 1020 2384 1093 πρὸς
2449 1021 2624 1099 φυγῆν
2699 1016 3068 1095 Ἀνδρόνικος,
3134 1022 3226 1075 καὶ
3294 1023 3358 1078 τὸ
3424 1019 3818 1102 φοινικοϐαφὲς

396 1112 622 1171 πέδιλον
670 1119 768 1171 τοῦ
807 1110 977 1177 ποδὸς
1026 1112 1442 1191 ἀφελιξάμενος,
1494 1112 1585 1167 καὶ
1633 1111 1695 1168 τὸ
1746 1115 1976 1188 ἀρχαῖον
2027 1111 2174 1183 αὐτῷ
2221 1108 2613 1188 περιφύλαγμα
2642 1111 2731 1166 τὸν
2766 1111 2995 1185 σταυρὸν
3025 1111 3053 1165 ὁ
3085 1106 3394 1182 θεοϐλαϐὴς
3434 1113 3823 1191 ἀποτραχηλι.

399 1207 627 1279 σάμενος
671 1204 784 1260 ἐκεῖ
830 1224 962 1271 που,
1008 1201 1102 1257 καὶ
1150 1201 1315 1258 πῖλον
1381 1196 1710 1278 βαρϐαρικὸν
1774 1205 1843 1276 τῇ
1910 1200 2123 1277 κεφαλῇ
2186 1198 2562 1273 περιθέμενος,
2612 1197 2673 1262 ὅς
2733 1198 2785 1263 ἐς
2833 1198 2924 1272 ὀξὺ
2975 1198 3162 1277 λήγων
3230 1200 3498 1277 πυραμίδι
3548 1201 3816 1277 εἷ’κασται,

401 1297 500 1365 τήν
546 1293 848 1369 ’βασιλικὴν
899 1290 1116 1347 εἴσεισιν
1163 1288 1320 1354 αὖθις
1368 1293 1595 1368 τριήρη,
1646 1287 1717 1345 δι’
1767 1290 1835 1358 ἧς
1887 1288 1949 1345 ἐκ
1994 1292 2090 1344 τοῦ
2143 1285 2465 1359 Μηλουδίου
2535 1289 2671 1365 πρὸς
2722 1289 2786 1344 τὸ
2839 1288 2974 1365 μέγα
3020 1288 3290 1346 παλάτιόν
3347 1289 3648 1368 ἐσαφίκετο.
3709 1295 3818 1351 Καὶ

401 1384 693 1460 γενόμενος
753 1382 905 1447 αὖθις
969 1381 1105 1437 κατά
1170 1381 1232 1435 τὸ
1298 1379 1429 1436 αὐτὸ
1492 1378 1832 1452 κατάντημα,
1891 1378 1982 1433 καὶ
2038 1374 2134 1432 δύο
2186 1376 2244 1431 ἐκ
2288 1381 2396 1432 τῶν
2449 1381 2718 1452 γυναικῶν
2768 1373 3243 1452 προσλαϐόμενος,
3275 1380 3469 1435 ’Ἄνναν
3498 1383 3599 1451 τὴν
3639 1383 3823 1458 ἁρμο..

399 1478 610 1540 σθεῖσαν
645 1471 879 1545 ’Δλεξίῳ
908 1477 987 1544 τῷ
1021 1467 1260 1545 βασιλεῖ⁹
1314 1468 1521 1526 ἐκείνου
1567 1466 1625 1524 δὶ
1671 1466 1725 1539 ἐξ
1773 1467 2071 1543 ἀνθρώπων
2120 1466 2414 1543 γενομένου
2463 1467 2508 1538 ᾧ
2560 1465 2773 1543 εἶ’ρηται
2814 1467 3027 1540 θανάτῳ
3073 1474 3415 1543 γαμηθεῖσαν
3463 1467 3818 1546 Ἀνδρονίκῳ,

396 1564 489 1619 καὶ
544 1564 644 1632 τὴν
693 1559 936 1635 ἐταιριδα
985 1561 1372 1635 Μαραπτικήν,
1420 1559 1487 1628 ἧς
1534 1556 1806 1624 ἐνεθουσία
1873 1578 1955 1631 τῳ
2000 1553 2161 1634 ἔρωτι
2220 1555 2311 1610 καὶ
2379 1560 2712 1631 προπαθῶς
2784 1557 2926 1631 εἶχεν
2994 1554 3342 1632 Ἀνδρόνικος
3407 1562 3483 1622 ὼς
3541 1557 3665 1616 οὐδὶ
3709 1562 3821 1617 πά-

397 1654 488 1709 λαι
517 1659 620 1723 τῆς
651 1651 863 1726 Λαμίας
902 1652 930 1706 ὁ
960 1649 1341 1725 πολιορκητὴς
1377 1651 1524 1723 [223]
1560 1650 1901 1724 Δημήτριος,
1932 1649 1997 1717 ἢν
2028 1645 2372 1721 Πτολεμαῖον
2401 1646 2910 1724 καταγωνισάμενος
2940 1646 2990 1701 ἐν
3021 1648 3224 1725 Κύπρῳ
3254 1645 3417 1705 ἔλαϐε
3457 1646 3815 1725 δορυάλωτον

394 1740 668 1800 αὐλοῦσαν
716 1742 817 1797 οὐκ
861 1740 1372 1818 εὐκαταφρονήτως,
1420 1738 1623 1809 ἤλαυνε
1667 1739 1804 1795 κατά
1847 1737 2043 1812 κράτος
2091 1736 2159 1806 ἥν
2199 1736 2485 1809 προέθετο,
2534 1734 2846 1810 ᾜρετίσατο
2881 1735 2937 1791 δὲ
2982 1739 3083 1807 τὴν
3128 1736 3215 1793 ἐπὶ
3245 1738 3371 1801 τοὺς
3404 1741 3816 1816 Ταυροσκύθας,

392 1835 566 1886 πᾶσαν
598 1829 862 1906 ἐπαρχίαν
894 1830 1214 1902 Ῥωμαῖκὴν
1246 1828 1336 1884 καὶ
1365 1826 1671 1902 τοπαρχίαν
1706 1824 1886 1898 ἄλλην
1920 1825 2137 1896 ἐθνικὴν
2172 1826 2247 1887 ὡς
2277 1820 2573 1882 ἐπίϐουλον
2606 1826 2893 1897 ἀθετήσας.

472 1923 557 1981 12.
594 1922 924 1979 Andronico
972 1923 1046 1978 ad
1078 1921 1234 1977 hunc
1276 1922 1513 1978 modum
1568 1921 1786 1990 dejecto
1845 1934 2042 1992 regno,

2230 1916 2320 1991 ιβ’.
2355 1917 2459 1973 Καὶ
2498 1919 2690 1973 τοῦτον
2751 1917 2844 1990 μὲν
2900 1918 2993 1973 τὸν
3054 1916 3255 1994 τρόπον
3314 1918 3661 1997 ’Λνδρόνικος
3711 1930 3816 1995 τῆς

399 2013 658 2071 Isaacius
687 2011 964 2084 palatium
998 2011 1151 2068 458
1187 2010 1512 2083 ingressus,
1543 2025 1610 2065 ac
1657 2011 1847 2065 denuo
1874 2026 1906 2064 a
1937 2008 2042 2064 fre-

2157 2006 2471 2077 Ῥωμαΐκῆς
2531 2006 2713 2081 ἀρχῆς
2769 2004 3178 2086 ἂπεσφαίριστο.
3249 2008 3514 2072 Ἰσαάκιος
3594 2007 3653 2066 δὲ
3706 2016 3816 2067 τῶν

400 2101 642 2174 quentia
685 2098 887 2173 populi
946 2099 1265 2171 imperator
1294 2103 1595 2170 Augustus
1625 2096 2042 2165 consalutatus,

2156 2093 2395 2170 ἀρχείων
2454 2093 2584 2150 εἷ’σω
2636 2094 2924 2171 παρελθὼν
2980 2096 3071 2152 καὶ
3134 2097 3390 2172 βασιλεὺς
3457 2099 3813 2179 αὐτοκράτωρ

395 2189 679 2246 satellites
712 2189 891 2244 mittit
935 2187 1036 2259 qui
1070 2188 1468 2244 Andronicum
1501 2189 1949 2259 persequantur.
1979 2187 2050 2241 At

390 2264 578 2353 plebis
637 2277 917 2350 pleraque
966 2293 1123 2349 pars,
1180 2292 1315 2333 cum
1367 2281 1564 2349 aperto
1601 2275 1818 2347 palatio
1872 2290 2046 2330 nemo

389 2373 549 2426 esset
580 2367 678 2440 qui
710 2367 1032 2440 quidquam
1067 2365 1573 2439 prohiberctquod
1610 2366 1847 2422 animus
1874 2364 2041 2420 tulis-

388 2462 498 2526 set,
537 2475 652 2514 non
714 2473 842 2515 eam
898 2461 1130 2514 tantum
1180 2456 1488 2527 pecuniam
1544 2456 1745 2526 diripit
1797 2472 1924 2528 qum
1984 2455 2045 2509 in

397 2544 837 2618 Chirsioplysiis
877 2545 1114 2600 recondi
1161 2542 1310 2600 solet
1360 2544 1547 2613 (erant
1577 2549 1798 2613 autem,
1844 2548 2048 2615 praeter

395 2635 599 2691 rudem
633 2633 958 2703 materiam,
989 2633 1116 2689 auri
1147 2632 1461 2689 centenarii
1510 2650 1611 2700 xu,
1645 2632 1869 2705 argenti
1911 2649 2043 2698 xxx,

392 2724 524 2781 aeris
553 2724 662 2793 cc),
697 2725 797 2779 sed
830 2727 887 2778 et
917 2722 1200 2794 quidquid
1236 2722 1413 2779 unius
1444 2721 1701 2779 hominis
1734 2738 1910 2778 manu
1945 2725 2045 2778 aut

389 2813 562 2869 etiam
601 2810 857 2883 plurium
920 2810 1252 2881 conjunctis
1285 2811 1472 2881 operis
1521 2810 1736 2866 auferri
1796 2814 2040 2882 poterat.

389 2898 466 2955 Ex
515 2896 967 2957 armamentario
1008 2913 1242 2968 quoque
1275 2896 1464 2952 multa
1511 2913 1811 2952 armorum
1862 2896 2043 2953 millia

389 2986 782 3045 abstulerunt.
812 2988 891 3042 Ac
943 2986 1149 3057 rapina
1195 2986 1372 3042 etiam
1431 2985 1491 3041 in
1524 2985 1785 3057 palatina
1830 2984 2045 3042 sacella

392 3081 679 3151 grassata,
711 3080 954 3131 ornatus
1010 3091 1307 3132 sacrarum
1342 3075 1670 3147 imaginum
1723 3079 1812 3131 est
1843 3091 2042 3130 surre-

394 3175 550 3239 ptus,
585 3171 639 3222 et
697 3170 1139 3223 sacrosanctum
1177 3165 1323 3221 illud
1358 3163 1662 3222 vasculum
1696 3165 1848 3221 furto
1879 3165 2041 3222 abla-

392 3262 543 3323 tum,
577 3272 712 3327 quo,
747 3260 812 3312 ut
842 3273 875 3311 a
907 3255 1230 3327 majoribus
1261 3254 1618 3327 accepimus,
1669 3255 1881 3312 Christi
1915 3271 2037 3311 ma-

395 3346 571 3402 nibus
632 3345 859 3417 scriptas.
898 3345 967 3401 ad
1001 3345 1291 3417 Abgarum
1330 3343 1534 3400 littera:
1568 3343 2038 3400 asservabantur.

390 3422 649 3492 lsaacius
681 3449 811 3490 vero
842 3432 1183 3506 imperator,
1216 3433 1341 3490 dies
1372 3432 1703 3505 complures
1733 3432 1790 3488 in
1824 3431 2043 3506 palatio

396 3525 819 3592 commoratus,
842 3522 901 3578 in
924 3522 1328 3579 Blacherniam
1362 3520 1552 3579 aulam
1576 3521 1810 3594 transit,
1844 3521 2045 3594 ibique

396 3616 466 3671 de
498 3619 665 3688 capto
711 3614 1037 3672 Andronico
1082 3615 1348 3671 nuntium
1381 3614 1610 3686 accipit.
1670 3613 1798 3669 Fuit
1848 3616 2041 3670 autem

397 3722 464 3761 ea
494 3704 850 3777 captivitatis
882 3705 1011 3776 ejus
1041 3704 1209 3761 ratio.
1241 3703 1386 3760 Cum
1420 3704 1665 3777 fugeret,
1687 3701 1896 3760 Chelen
1919 3719 2042 3775 per-

392 3793 556 3850 venit
584 3810 717 3850 cum
774 3792 977 3866 paucis
1036 3793 1326 3850 ministris
1359 3809 1504 3864 quos
1549 3798 1682 3850 ante
1729 3791 2043 3864 imperium

399 3881 706 3951 habuerat,
757 3892 810 3940 et
852 3881 1085 3939 duabus
1137 3882 1251 3939 illis
1308 3881 1693 3939 mulierculis.
1730 3880 1904 3954 Cujus
1932 3880 2045 3938 loci

393 3969 619 4041 incola,
696 3989 829 4028 cum
878 3971 1039 4028 nulla
1094 3973 1250 4030 454
1308 3971 1535 4045 imperii
1583 3972 1840 4045 insignia
1889 3971 1946 4027 in
1978 3987 2044 4027 eo

394 4063 826 4129 cernerent,sed
885 4060 1107 4118 exsulis
1137 4060 1336 4118 habitu
1374 4062 1446 4118 ad
1477 4060 1908 4133 Tauroscythas
1940 4077 2045 4132 ap-

393 4149 608 4223 pellere
631 4150 1006 4206 festinantem
1063 4154 1120 4207 et
1141 4150 1372 4207 nomine
1403 4155 1784 4222 persequente
1814 4149 2041 4221 fugien-

396 4240 538 4306 tem,
570 4252 703 4293 eum
757 4237 1251 4311 comprehendere
1295 4255 1482 4309 neque
1502 4238 1650 4307 ξιιυεὶ
1683 4244 1824 4295 sunt
1855 4254 2043 4312 neque

401 4342 634 4399 aequum
692 4336 1065 4396 censuerunt,
1117 4328 1299 4385 feram
1333 4327 1502 4384 etiam
1546 4332 1899 4385 exarmatam
1930 4344 2044 4385 me-

404 4420 631 4473 tuentes
662 4419 720 4473 et
750 4418 822 4473 ad
871 4416 1063 4473 solum
1087 4423 1463 4489 conspectum
1498 4418 1627 4488 ejus
1667 4416 2042 4487 trepidantes,

397 4506 565 4580 eique
594 4523 802 4566 navem
837 4512 1134 4580 pararunt.
1159 4509 1282 4573 Qua
1312 4522 1632 4565 conscensa
1655 4507 1850 4579 ipsum
1886 4524 2044 4565 mare

392 4594 553 4651 velut
586 4596 982 4670 indignatum,
1025 4597 1179 4669 quod
1233 4597 1609 4652 innocentum
1668 4596 2042 4653 cadaveribus

2153 4601 2259 4651 τῶν
2314 4593 2676 4671 κρατούντων,
2734 4593 2863 4650 ἀλλ’
2921 4595 2994 4657 ὡς

2156 2182 2445 2256 Ῥωμαίων
2523 2184 2627 2240 ὑπὸ
2701 2188 2809 2239 τῶν
2888 2181 3339 2258 συνεληλυθότων
3419 2188 3610 2265 δχλων
3658 2192 3814 2257 αὗθις

2158 2269 2480 2347 ἀναῤῥηθεὶς
2522 2270 2740 2329 στέλλει
2813 2272 2941 2336 τοὺς
2998 2275 3178 2331 ὀπίσω
3235 2274 3583 2353 Ἀνδρονίκου
3636 2300 3810 2337 κατα·

2158 2356 2465 2431 διώξοντας.
2498 2362 2575 2419 Τὸ
2607 2359 2664 2417 δὲ
2690 2366 2793 2417 τοῦ
2821 2359 2886 2435 δή
2899 2384 3004 2438 μου
3035 2363 3208 2437 πολύ,
3231 2362 3420 2436 ἐπειδή
3450 2367 3517 2423 τὰ
3544 2368 3817 2446 ἀνάκτορα

2156 2447 2314 2503 ἃνετα
2345 2450 2680 2526 ἐγεγόνεισαν
2704 2452 2794 2507 καὶ
2828 2449 3005 2515 οὐδεὶς
3056 2454 3124 2522 ἦν
3165 2454 3193 2508 ὁ
3219 2452 3487 2512 κωλύσων
3534 2457 3733 2522 αὐτοὺς
3770 2457 3810 2529 ἤ

2159 2536 2374 2613 ἀπάξων
2404 2544 2501 2594 τοῦ
2531 2536 2659 2613 δρᾷν
2692 2542 2781 2597 οἷα
2808 2542 2898 2596 καὶ
2957 2542 3058 2598 ’ὀσα
3111 2542 3428 2617 βούλοιντο,
3477 2542 3815 2623 διαρπάζου-

2155 2647 2235 2681 σιν
2265 2627 2327 2682 οὐ
2361 2629 2521 2700 μόνον
2555 2630 2726 2685 ὁπόσα
2757 2633 3023 2710 χρήματα
3054 2631 3273 2707 εὕραντο
3321 2634 3467 2708 παρά
3493 2640 3611 2691 τοῖς
3648 2640 3809 2713 Χρυ-

2155 2714 2500 2783 σιοπλυσίοις
2537 2716 2995 2793 ἐπιταμιευόμενα
3056 2721 3213 2795 (ἦσαν
3280 2718 3339 2777 δὲ
3391 2721 3511 2779 ἄνευ
3564 2729 3672 2782 τῶν
3722 2728 3805 2798 μὴ

2153 2805 2508 2879 κεκομμένων
2556 2805 2632 2869 εἷς
2687 2807 2933 2881 νόμισμα
2992 2806 3139 2863 ὑλῶν
3193 2810 3427 2885 χρυσίου
3482 2813 3805 2888 κεντηνάρια

2155 2892 2385 2963 δώδεκα,
2455 2895 2712 2972 ἀργυρίου
2768 2898 3059 2972 τριάκοντα
3141 2899 3233 2953 καὶ
3284 2904 3385 2954 τοῦ
3445 2900 3503 2956 ἐκ
3585 2901 3805 2980 χαλκοῦ

2151 2983 2440 3058 κόμματος
2469 2982 2763 3059 διακόσια),
2794 2984 2939 3043 ἀλλά
2970 2987 3062 3042 καὶ
3102 2993 3204 3043 πᾶν
3265 2987 3443 3064 ἔτερον
3472 2991 3605 3066 ὅπερ
3655 2990 3804 3066 εἶχον

2155 3076 2206 3128 αἱ
2238 3079 2419 3150 χεῖρες
2451 3076 2565 3136 ἑνός
2593 3095 2737 3137 τινος
2774 3075 3089 3154 μεταφέρειν
3134 3075 3337 3152 ῥᾳδίως
3369 3078 3403 3149 ἢ
3436 3079 3525 3135 καὶ
3575 3078 3804 3138 πολλῶν

2153 3163 2568 3240 συνερχομένων
2602 3166 2764 3239 ὁμοῦ.
2819 3164 3043 3222 Ὅπλων
3095 3164 3153 3222 δὲ
3213 3169 3546 3245 μετήνεγκαν
3611 3172 3803 3248 μυριά·

2156 3248 2248 3319 δας
2278 3253 2372 3317 τάς
2402 3252 2717 3325 ὁπλοθήκας
2746 3254 3023 3316 εἰσιόντες.
3083 3251 3298 3332 Προέϐη
3351 3254 3408 3312 δὲ
3455 3259 3522 3314 τά
3559 3265 3661 3330 τῆς
3708 3261 3805 3336 ἀρ-

2155 3348 2338 3419 πάγῆς
2369 3343 2460 3397 καὶ
2492 3341 2568 3405 είς
2598 3342 2727 3406 τοὺς
2758 3340 2909 3399 ἔνδον
2956 3348 3063 3399 τῶν
3121 3344 3417 3420 βασιλείων
3464 3349 3625 3421 νεὼς,
3669 3348 3807 3406 ὥστε

2153 3429 2243 3487 καί
2296 3432 2540 3505 κόσμους
2597 3430 2970 3510 ἀπορραγῆναι
3031 3435 3199 3508 ἁγίων
3254 3434 3505 3493 εὶκασιῶν
3543 3438 3635 3494 καὶ
3677 3438 3802 3494 αὐτὸ

2156 3518 2213 3576 δὲ
2237 3521 2300 3575 τὸ
2329 3522 2621 3597 ἱερώτατον
2673 3519 3163 3600 κλοποφορηθῆναι
3207 3528 3419 3595 σκεῦος,
3481 3527 3544 3582 οὐ
3593 3524 3804 3583 ἔνδοθεν

2157 3611 2316 3687 φήμη
2351 3609 2551 3666 ἄνωθεν
2586 3607 2820 3688 διαρρέει
2850 3613 2936 3667 καὶ
2998 3611 3051 3675 ἐς
3103 3613 3250 3686 ἡμᾶς
3298 3611 3697 3672 καταϐαίνουσα
3741 3615 3803 3672 τὸ

2154 3703 2251 3755 τοῦ
2309 3700 2512 3776 Κυρίου
2572 3700 2887 3757 ἐπιστόλιον
2947 3703 3335 3780 συνεπτύχθαι,
3387 3702 3519 3779 ὅπερ
3579 3706 3804 3768 οἰκείαις

2154 3787 2314 3852 αὐτὸς
2373 3789 2562 3864 χερσὶν
2619 3787 2824 3859 ἐξέθετο
2882 3791 3018 3867 πρὸς
3074 3793 3168 3848 τὸν
3227 3789 3490 3869 Αὔγαρον.
3561 3793 3799 3868 Ἡμέρας
3853 3803 3859 3807 ’

2155 3879 2247 3934 οὗν
2288 3879 2492 3954 συχνὰς
2522 3882 2601 3952 τῷ
2637 3876 2861 3955 μεγάλῳ
2898 3879 3151 3955 παλατίῳ
3206 3877 3540 3956 ἐνδιατρίψας
3572 3882 3600 3937 ὁ
3632 3880 3792 3955 βασι-

2155 3968 2281 4034 λεὺς
2314 3970 2577 4032 Ἰσαάκιος
2606 3970 2743 4046 πρὸς
2798 3970 2863 4025 τὸ
2912 3969 2963 4026 ἐν
3024 3970 3364 4049 Βλαχέρναις
3423 3971 3643 4048 ἀρχεῖον
3699 3989 3828 4046 με-ο

2154 4059 2416 4130 θίσταται,
2448 4054 2572 4125 ἔνθα
2600 4058 2691 4114 καὶ
2725 4060 2776 4115 οἱ
2807 4057 3171 4135 ἀγγέλλοντες
3200 4059 3534 4133 ἐληλύθεσαν
3590 4062 3798 4119 ἀλῶναι

2155 4146 2528 4225 Ἀνδρόνικον.
2558 4153 2655 4203 Ἦν
2702 4146 2759 4203 δὲ
2792 4149 2819 4203 ὁ
2850 4150 3057 4224 τρόπος
3098 4156 3198 4220 τῆς
3257 4149 3422 4206 αὐτοῦ
3471 4149 3801 4228 συλλήψεως

2154 4240 2362 4297 οὑτοσί.
2393 4235 2845 4314 Ἀποδιδράσκων
2874 4239 3176 4319 ἀφικνεῖται
3216 4240 3292 4304 είς
3326 4240 3551 4313 Χηλήν,
3580 4242 3799 4322 ὀλίγους

2154 4334 2259 4386 τῶν
2291 4328 2397 4404 πρὸ
2427 4335 2528 4399 τῆς
2564 4326 2845 4404 βασιλείας
2877 4328 3163 4405 ὓπηρετῶν
3216 4331 3612 4405 συνεπομένους
3656 4328 3797 4412 ἔχων

2154 4418 2363 4491 ἐκείνῳ,
2394 4418 2489 4473 καὶ
2534 4417 2632 4481 τὰς
2689 4416 2785 4474 δύο
2841 4423 3096 4496 γυναῖκας
3155 4418 3516 4498 ἐπαγόμενος.
3575 4418 3801 4485 ’ἰδόντες

2155 4505 2245 4562 οὗν
2301 4506 2460 4562 αὐτὸν
2522 4507 2573 4561 οἱ
2631 4506 2804 4563 ἐκεῖσε
2859 4505 3029 4582 μηδὲν
3082 4510 3381 4585 τεκμήριον
3430 4510 3798 4586 περικείμενον

3078 4593 3290 4673 φυγάδα
3344 4600 3447 4669 τὴν
3523 4597 3612 4655 ἐπὶ
3679 4598 3799 4661 τοὺς

390 4660 887 4759 εἰηυεευοενεωρο
931 4660 1259 4758 polluisset,
1275 4684 1336 4740 in
1356 4682 1504 4741 altos
1526 4683 2042 4743 ﬂuctusetvastum

2153 4660 2527 4760 Ταυροσκύθας
2560 4660 2888 4739 διαπλώῖσιν
2944 4660 3346 4762 ἐπισπέρχοντα
3390 4660 3478 4743 καὶ
3542 4688 3797 4767 φεύγοντα

390 4773 617 4831 hiatum
653 4775 990 4847 assurrexit,
1023 4775 1187 4847 quasi
1218 4775 1630 4832 devoraturum
1680 4790 1815 4830 eum
1867 4780 2039 4844 esset,

392 4868 446 4915 et
476 4878 682 4919 navem
737 4866 796 4919 in
827 4864 995 4921 littus
1028 4864 1202 4921 elisit.
1238 4863 1400 4928 Quod
1434 4863 1650 4936 saepius
1679 4864 1893 4921 factum
1937 4865 2039 4922 ob-

391 4949 540 5005 stitit
571 4953 892 5022 quominus
932 4958 1064 5010 ante
1094 4959 1527 5025 persecutorem
1579 4954 1888 5010 adventum
1920 4958 2039 5010 tra-

385 5036 591 5106 jiceret
636 5040 1026 5097 Andronicus.
1073 5041 1160 5097 lta
1205 5041 1381 5099 miser
1438 5059 1574 5099 cum
1633 5042 1863 5099 duabus
1907 5060 2041 5099 mu-

387 5123 643 5182 lierculis
716 5130 1193 5199 comprehensus,
1266 5130 1324 5186 in
1403 5130 1730 5188 naviculam
1806 5131 2041 5190 vinctus

390 5214 725 5286 conjicitur.
768 5215 878 5272 Sed
912 5222 1035 5274 tum
1070 5235 1305 5290 quoque
1326 5226 1452 5277 erat
1477 5219 1844 5280 Andronicus
1870 5223 2040 5297 inge-

387 5303 591 5361 niosus
613 5310 670 5361 et
689 5304 932 5363 callidus
956 5306 1059 5364 ille
1089 5308 1473 5366 Andronicus.
1508 5310 1650 5365 Nam
1683 5326 1816 5367 cum
1852 5328 2042 5384 neque

391 5393 568 5464 pedes
600 5395 670 5450 ad
699 5394 899 5468 fugam
932 5412 1117 5468 neque
1149 5412 1360 5455 manus
1389 5402 1447 5455 et
1474 5416 1637 5457 arma
1678 5401 1748 5457 ad
1782 5418 2041 5475 pugnam

388 5486 781 5555 suppeterent,
814 5485 1162 5558 tragoediam
1197 5484 1336 5557 agit,
1369 5492 1428 5544 et
1458 5488 1764 5560 lugubrem
1790 5490 2042 5548 cantile-

388 5586 523 5629 nam
558 5571 895 5647 auspicatus
928 5573 1213 5631 facundiae
1244 5589 1406 5630 arma
1436 5576 1742 5646 depromit.
1781 5577 2041 5636 Comme-

2152 4771 2386 4848 μηδενὸς
2427 4770 2748 4844 διώκοντος,
2802 4769 3099 4830 συλλαϐεῖν
3174 4775 3267 4848 μὲν
3328 4773 3453 4832 οὔτε
3504 4775 3797 4855 ἐθάρρησαν

2150 4863 2272 4921 οὕτε
2301 4865 2549 4919 ὁπωσοῦν
2584 4860 2903 4919 ἐδικαίωσαν
2952 4865 3068 4938 (τὸν
3114 4866 3217 4943 γὰρ
3269 4872 3411 4942 θῆρα
3456 4868 3548 4923 καὶ
3599 4867 3795 4946 γυμνὸν

2149 4955 2413 5010 ὄντατῶν
2470 4951 2820 5028 ἀμυντηρίων
2880 4951 3032 5009 οὐδὲν
3093 4952 3318 5012 ἔλαττον
3377 4953 3663 5028 ἐδεδίεσαν,
3714 4954 3798 5011 καὶ

2147 5044 2284 5117 πρὸς
2322 5041 2491 5116 μόνην
2528 5042 2629 5111 τήν
2684 5039 2888 5097 ἐκείνου
2949 5044 3070 5098 θέαν
3124 5044 3540 5119 κατέπτησσον),
3597 5054 3704 5117 νῆα
3748 5042 3803 5101 δὶ

2150 5131 2536 5205 ἡτοιμάσαντο,
2581 5129 2671 5185 καὶ
2730 5127 3079 5207 ’Δνδρόνικος
3137 5135 3273 5207 μετά
3326 5138 3433 5190 τῶν
3497 5137 3587 5192 ὐπ’
3643 5134 3800 5189 αὐτὸν

2151 5215 2452 5296 ἐμϐέϐηκεν
2483 5221 2557 5281 εἷς
2591 5219 2780 5291 αὐτήν.
2831 5222 3035 5297 Ὠσπερ
3079 5218 3137 5278 δὲ
3178 5222 3269 5278 καὶ
3315 5221 3593 5296 θαλάσσης
3638 5220 3801 5297 ἀγαν-

2150 5310 2423 5381 ακτούσης
2499 5310 2616 5365 κατ’
2692 5306 3059 5386 Ἀνδρονίκου,
3139 5312 3222 5368 ὅτι
3298 5313 3545 5388 σώμασιν
3604 5310 3800 5376 ἀθώοις

2148 5399 2276 5462 τοὺς
2307 5397 2473 5469 αὐτῆς
2506 5395 2751 5461 κόλπους
2809 5397 3083 5464 πολλάκις
3132 5399 3379 5476 ἔχρανεν,
3439 5402 3600 5480 ὀρθόν
3650 5423 3707 5457 τε
3741 5403 3801 5457 τὸ

2149 5492 2299 5565 κῦμα
2333 5486 2522 5545 ἳστατο
2567 5489 2655 5544 καὶ
2691 5487 2769 5553 είς
2811 5489 3001 5565 χάσμα
3060 5486 3302 5547 διίστατο
3372 5490 3462 5547 καὶ
3527 5494 3802 5549 καταπιεῖν

2150 5578 2308 5636 αὐτὸν
2340 5575 2666 5650 διανίστατο,
2712 5578 2803 5634 καὶ
2848 5579 2983 5655 πρὸς
3031 5579 3228 5657 χέρσον
3284 5583 3319 5653 ἡ
3378 5578 3506 5646 ναῦς
3563 5575 3805 5657 ἐξεϐράσ-
