  <div class='ocr_page' id='page_1' title='image "/cluster/home/n/w/nwhite01/storage/ocr_20150623/139/mdp.39015078384214/364.png"; bbox 0 0 4126 6294; ppageno 0'>
   <div class='ocr_carea' id='block_1_1' title="bbox 415 280 543 359">
    <p class='ocr_par' dir='ltr' id='par_1_1' title="bbox 415 280 543 359">
     <span class='ocr_line' id='line_1_1' title="bbox 415 280 543 359; baseline 0.016 -19"><span class='ocrx_word' id='word_1_1' title='bbox 415 280 543 359; x_wconf 72' lang='lat'><strong>709</strong></span> 
     </span>
    </p>
   </div>
   <div class='ocr_carea' id='block_1_2' title="bbox 1477 282 2820 383">
    <p class='ocr_par' dir='ltr' id='par_1_2' title="bbox 1477 282 2820 383">
     <span class='ocr_line' id='line_1_2' title="bbox 1477 282 2820 383; baseline 0.004 -40"><span class='ocrx_word' id='word_1_2' title='bbox 1477 284 1577 346; x_wconf 88' lang='lat' dir='ltr'><strong>DE</strong></span> <span class='ocrx_word' id='word_1_3' title='bbox 1621 282 2074 347; x_wconf 78' lang='lat' dir='ltr'><strong>ANDRONICO</strong></span> <span class='ocrx_word' id='word_1_4' title='bbox 2118 285 2499 350; x_wconf 86' lang='lat' dir='ltr'><strong>COMNENO</strong></span> <span class='ocrx_word' id='word_1_5' title='bbox 2547 289 2697 351; x_wconf 86' lang='lat' dir='ltr'><strong>LIB.</strong></span> <span class='ocrx_word' id='word_1_6' title='bbox 2744 289 2820 350; x_wconf 92' lang='lat' dir='ltr'><strong>Il.</strong></span> 
     </span>
    </p>
   </div>
   <div class='ocr_carea' id='block_1_3' title="bbox 3716 294 3837 357">
    <p class='ocr_par' dir='ltr' id='par_1_3' title="bbox 3716 294 3837 357">
     <span class='ocr_line' id='line_1_3' title="bbox 3716 294 3837 357; baseline -0.008 -1"><span class='ocrx_word' id='word_1_7' title='bbox 3716 294 3837 357; x_wconf 82' lang='grc'><strong>’110</strong></span> 
     </span>
    </p>
   </div>
   <div class='ocr_carea' id='block_1_4' title="bbox 415 409 2065 495">
    <p class='ocr_par' dir='ltr' id='par_1_4' title="bbox 415 409 2065 495">
     <span class='ocr_line' id='line_1_4' title="bbox 415 409 2065 495; baseline 0.004 -29"><span class='ocrx_word' id='word_1_8' title='bbox 415 430 565 495; x_wconf 79' lang='grc' dir='ltr'>σετο.</span> <span class='ocrx_word' id='word_1_9' title='bbox 629 411 731 467; x_wconf 82' lang='grc' dir='ltr'>Καὶ</span> <span class='ocrx_word' id='word_1_10' title='bbox 781 413 944 466; x_wconf 78' lang='grc' dir='ltr'>τοῦτο</span> <span class='ocrx_word' id='word_1_11' title='bbox 994 409 1269 477; x_wconf 74' lang='grc' dir='ltr'><strong>πολλάκις</strong></span> <span class='ocrx_word' id='word_1_12' title='bbox 1322 414 1616 491; x_wconf 88' lang='grc' dir='ltr'>γενόμενον</span> <span class='ocrx_word' id='word_1_13' title='bbox 1687 414 1928 472; x_wconf 81' lang='grc' dir='ltr'>ἐκώλυσε</span> <span class='ocrx_word' id='word_1_14' title='bbox 1974 416 2065 486; x_wconf 61' lang='grc' dir='ltr'>τὴν</span> 
     </span>
    </p>
   </div>
   <div class='ocr_carea' id='block_1_5' title="bbox 2173 409 3837 495">
    <p class='ocr_par' dir='ltr' id='par_1_5' title="bbox 2194 422 3837 495">
     <span class='ocr_line' id='line_1_5' title="bbox 2194 422 3837 495; baseline 0.006 -20"><span class='ocrx_word' id='word_1_15' title='bbox 2194 424 2380 476; x_wconf 88' lang='lat' dir='ltr'><strong>morat</strong></span> <span class='ocrx_word' id='word_1_16' title='bbox 2423 437 2600 494; x_wconf 89' lang='lat' dir='ltr'><strong>quam</strong></span> <span class='ocrx_word' id='word_1_17' title='bbox 2659 423 2772 479; x_wconf 88' lang='lat' dir='ltr'><strong>alto</strong></span> <span class='ocrx_word' id='word_1_18' title='bbox 2805 437 3018 495; x_wconf 84' lang='lat' dir='ltr'><strong>genere</strong></span> <span class='ocrx_word' id='word_1_19' title='bbox 3076 422 3156 479; x_wconf 89' lang='lat' dir='ltr'><strong>sit</strong></span> <span class='ocrx_word' id='word_1_20' title='bbox 3203 425 3389 490; x_wconf 86' lang='lat' dir='ltr'><strong>ortus,</strong></span> <span class='ocrx_word' id='word_1_21' title='bbox 3439 427 3506 481; x_wconf 88' lang='lat' dir='ltr'><strong>ut</strong></span> <span class='ocrx_word' id='word_1_22' title='bbox 3537 426 3837 486; x_wconf 81' lang='lat' dir='ltr'><strong>nobilitate</strong></span> 
     </span>
    </p>
   </div>
   <div class='ocr_carea' id='block_1_6' title="bbox 416 492 2082 579">
    <p class='ocr_par' dir='ltr' id='par_1_6' title="bbox 416 492 2082 579">
     <span class='ocr_line' id='line_1_6' title="bbox 416 492 2082 579; baseline 0.004 -26"><span class='ocrx_word' id='word_1_23' title='bbox 416 492 775 575; x_wconf 68' lang='grc' dir='ltr'><strong>Ἀνδρονίκου</strong></span> <span class='ocrx_word' id='word_1_24' title='bbox 797 498 1119 576; x_wconf 81' lang='grc' dir='ltr'><strong>περαίωσιν,</strong></span> <span class='ocrx_word' id='word_1_25' title='bbox 1146 498 1251 564; x_wconf 70' lang='grc' dir='ltr'>ἕως</span> <span class='ocrx_word' id='word_1_26' title='bbox 1275 503 1328 557; x_wconf 70' lang='grc' dir='ltr'>οἱ</span> <span class='ocrx_word' id='word_1_27' title='bbox 1360 500 1814 579; x_wconf 78' lang='grc' dir='ltr'>καταληψόμενοι</span> <span class='ocrx_word' id='word_1_28' title='bbox 1854 504 2082 576; x_wconf 75' lang='grc' dir='ltr'>ἐπέστη-</span> 
     </span>
    </p>
   </div>
   <div class='ocr_carea' id='block_1_7' title="bbox 426 588 2080 669">
    <p class='ocr_par' dir='ltr' id='par_1_7' title="bbox 426 588 2080 669">
     <span class='ocr_line' id='line_1_7' title="bbox 426 588 2080 669; baseline 0.003 -26"><span class='ocrx_word' id='word_1_29' title='bbox 426 610 542 646; x_wconf 91' lang='grc' dir='ltr'>σαν.</span> <span class='ocrx_word' id='word_1_30' title='bbox 597 588 755 648; x_wconf 75' lang='grc' dir='ltr'>Οὕτω</span> <span class='ocrx_word' id='word_1_31' title='bbox 818 588 991 645; x_wconf 83' lang='grc' dir='ltr'>τοίνυν</span> <span class='ocrx_word' id='word_1_32' title='bbox 1041 591 1068 645; x_wconf 85' lang='grc' dir='ltr'>ὁ</span> <span class='ocrx_word' id='word_1_33' title='bbox 1114 590 1286 654; x_wconf 86' lang='grc' dir='ltr'>τάλας</span> <span class='ocrx_word' id='word_1_34' title='bbox 1368 590 1718 669; x_wconf 78' lang='grc' dir='ltr'>Ἀνδρόνικος</span> <span class='ocrx_word' id='word_1_35' title='bbox 1800 593 2080 669; x_wconf 79' lang='grc' dir='ltr'>συσχεθεὶς</span> 
     </span>
    </p>
   </div>
   <div class='ocr_carea' id='block_1_8' title="bbox 419 677 2080 759">
    <p class='ocr_par' dir='ltr' id='par_1_8' title="bbox 419 677 2080 759">
     <span class='ocr_line' id='line_1_8' title="bbox 419 677 2080 759; baseline 0.005 -27"><span class='ocrx_word' id='word_1_36' title='bbox 419 677 633 750; x_wconf 78' lang='grc' dir='ltr'><strong>ἀκατίῳ</strong></span> <span class='ocrx_word' id='word_1_37' title='bbox 664 678 1110 755; x_wconf 74' lang='grc' dir='ltr'>παραρῥιπτεῖται</span> <span class='ocrx_word' id='word_1_38' title='bbox 1174 684 1308 754; x_wconf 84' lang='grc' dir='ltr'>μετᾶ</span> <span class='ocrx_word' id='word_1_39' title='bbox 1363 686 1472 736; x_wconf 87' lang='grc' dir='ltr'><strong>τῶν</strong></span> <span class='ocrx_word' id='word_1_40' title='bbox 1528 687 1798 759; x_wconf 85' lang='grc' dir='ltr'>γυναικῶν</span> <span class='ocrx_word' id='word_1_41' title='bbox 1830 680 2080 755; x_wconf 86' lang='grc' dir='ltr'>δέσμιος.</span> 
     </span>
    </p>
   </div>
   <div class='ocr_carea' id='block_1_9' title="bbox 421 765 2075 846">
    <p class='ocr_par' dir='ltr' id='par_1_9' title="bbox 421 765 2075 846">
     <span class='ocr_line' id='line_1_9' title="bbox 421 765 2075 846; baseline 0.002 -25"><span class='ocrx_word' id='word_1_42' title='bbox 421 765 585 824; x_wconf 80' lang='grc' dir='ltr'>Ἀλλ’</span> <span class='ocrx_word' id='word_1_43' title='bbox 615 766 683 835; x_wconf 85' lang='grc' dir='ltr'><strong>ἧν</strong></span> <span class='ocrx_word' id='word_1_44' title='bbox 713 768 809 821; x_wconf 78' lang='grc' dir='ltr'><strong>κάν</strong></span> <span class='ocrx_word' id='word_1_45' title='bbox 837 773 916 841; x_wconf 79' lang='grc' dir='ltr'><strong>τῷ</strong></span> <span class='ocrx_word' id='word_1_46' title='bbox 966 767 1090 823; x_wconf 84' lang='grc' dir='ltr'>τότε</span> <span class='ocrx_word' id='word_1_47' title='bbox 1146 775 1321 846; x_wconf 88' lang='grc' dir='ltr'>καιρῷ</span> <span class='ocrx_word' id='word_1_48' title='bbox 1355 769 1702 846; x_wconf 71' lang='grc' dir='ltr'>Ἀνδρόνικος</span> <span class='ocrx_word' id='word_1_49' title='bbox 1734 773 1762 827; x_wconf 85' lang='grc' dir='ltr'>ὁ</span> <span class='ocrx_word' id='word_1_50' title='bbox 1803 772 2075 846; x_wconf 81' lang='grc' dir='ltr'>πολύμη-</span> 
     </span>
    </p>
   </div>
   <div class='ocr_carea' id='block_1_10' title="bbox 420 855 2077 938">
    <p class='ocr_par' dir='ltr' id='par_1_10' title="bbox 420 855 2077 938">
     <span class='ocr_line' id='line_1_10' title="bbox 420 855 2077 938; baseline 0.003 -27"><span class='ocrx_word' id='word_1_51' title='bbox 420 877 505 917; x_wconf 85' lang='grc' dir='ltr'><strong>τις</strong></span> <span class='ocrx_word' id='word_1_52' title='bbox 536 856 737 919; x_wconf 80' lang='grc' dir='ltr'>έκεῖνος</span> <span class='ocrx_word' id='word_1_53' title='bbox 767 856 855 911; x_wconf 81' lang='grc' dir='ltr'><strong>καὶ</strong></span> <span class='ocrx_word' id='word_1_54' title='bbox 905 857 1180 935; x_wconf 81' lang='grc' dir='ltr'>περίφρων</span> <span class='ocrx_word' id='word_1_55' title='bbox 1246 855 1620 935; x_wconf 83' lang='grc' dir='ltr'>Ἀνδρόνικος.</span> <span class='ocrx_word' id='word_1_56' title='bbox 1680 859 1922 917; x_wconf 81' lang='grc' dir='ltr'>Συνιδὼν</span> <span class='ocrx_word' id='word_1_57' title='bbox 1972 862 2077 938; x_wconf 80' lang='grc' dir='ltr'><strong>γὰρ</strong></span> 
     </span>
    </p>
   </div>
   <div class='ocr_carea' id='block_1_11' title="bbox 425 943 2080 1025">
    <p class='ocr_par' dir='ltr' id='par_1_11' title="bbox 425 943 2080 1025">
     <span class='ocr_line' id='line_1_11' title="bbox 425 943 2080 1025; baseline 0.004 -25"><span class='ocrx_word' id='word_1_58' title='bbox 425 946 499 1007; x_wconf 84' lang='grc' dir='ltr'><strong>ὡς</strong></span> <span class='ocrx_word' id='word_1_59' title='bbox 529 943 689 1007; x_wconf 82' lang='grc' dir='ltr'>πόδες</span> <span class='ocrx_word' id='word_1_60' title='bbox 721 947 824 1001; x_wconf 79' lang='grc' dir='ltr'>οὐκ</span> <span class='ocrx_word' id='word_1_61' title='bbox 852 946 1010 1014; x_wconf 77' lang='grc' dir='ltr'>εἰσὶν,</span> <span class='ocrx_word' id='word_1_62' title='bbox 1059 948 1134 1009; x_wconf 84' lang='grc' dir='ltr'>ὡς</span> <span class='ocrx_word' id='word_1_63' title='bbox 1201 953 1383 1025; x_wconf 82' lang='grc' dir='ltr'>χεῖρες</span> <span class='ocrx_word' id='word_1_64' title='bbox 1435 948 1536 1003; x_wconf 78' lang='grc' dir='ltr'>οὐκ</span> <span class='ocrx_word' id='word_1_65' title='bbox 1583 949 1737 1019; x_wconf 78' lang='grc' dir='ltr'>εἰσὶν,</span> <span class='ocrx_word' id='word_1_66' title='bbox 1800 948 1925 1007; x_wconf 79' lang='grc' dir='ltr'><strong>οὖδέ</strong></span> <span class='ocrx_word' id='word_1_67' title='bbox 1982 950 2080 1006; x_wconf 81' lang='grc' dir='ltr'>πά-</span> 
     </span>
    </p>
   </div>
   <div class='ocr_carea' id='block_1_12' title="bbox 422 1030 2075 1112">
    <p class='ocr_par' dir='ltr' id='par_1_12' title="bbox 422 1030 2075 1112">
     <span class='ocr_line' id='line_1_12' title="bbox 422 1030 2075 1112; baseline 0.004 -27"><span class='ocrx_word' id='word_1_68' title='bbox 422 1050 569 1105; x_wconf 91' lang='grc' dir='ltr'>ρεστι</span> <span class='ocrx_word' id='word_1_69' title='bbox 595 1031 749 1106; x_wconf 77' lang='grc' dir='ltr'>ξίφος</span> <span class='ocrx_word' id='word_1_70' title='bbox 779 1032 858 1094; x_wconf 86' lang='grc' dir='ltr'><strong>είς</strong></span> <span class='ocrx_word' id='word_1_71' title='bbox 887 1034 950 1087; x_wconf 88' lang='grc' dir='ltr'>τὸ</span> <span class='ocrx_word' id='word_1_72' title='bbox 1008 1030 1197 1107; x_wconf 74' lang='grc' dir='ltr'>δρᾶσαί</span> <span class='ocrx_word' id='word_1_73' title='bbox 1238 1054 1292 1089; x_wconf 88' lang='grc' dir='ltr'><strong>τι</strong></span> <span class='ocrx_word' id='word_1_74' title='bbox 1349 1040 1594 1111; x_wconf 85' lang='grc' dir='ltr'>γενναῖον</span> <span class='ocrx_word' id='word_1_75' title='bbox 1657 1036 1748 1091; x_wconf 84' lang='grc' dir='ltr'>καὶ</span> <span class='ocrx_word' id='word_1_76' title='bbox 1792 1033 2075 1112; x_wconf 79' lang='grc' dir='ltr'>διαδρᾶσαι</span> 
     </span>
    </p>
   </div>
   <div class='ocr_carea' id='block_1_13' title="bbox 415 1116 2077 1202">
    <p class='ocr_par' dir='ltr' id='par_1_13' title="bbox 415 1116 2077 1202">
     <span class='ocr_line' id='line_1_13' title="bbox 415 1116 2077 1202; baseline 0.004 -28"><span class='ocrx_word' id='word_1_77' title='bbox 415 1118 543 1181; x_wconf 74' lang='grc' dir='ltr'>τοὺς</span> <span class='ocrx_word' id='word_1_78' title='bbox 575 1116 974 1193; x_wconf 77' lang='grc' dir='ltr'>συλλαϐόντας,</span> <span class='ocrx_word' id='word_1_79' title='bbox 1012 1122 1355 1198; x_wconf 78' lang='grc' dir='ltr'>ὑποκρίνεται</span> <span class='ocrx_word' id='word_1_80' title='bbox 1395 1121 1697 1202; x_wconf 78' lang='grc' dir='ltr'>τραγῳδίαν</span> <span class='ocrx_word' id='word_1_81' title='bbox 1769 1122 2077 1200; x_wconf 79' lang='grc' dir='ltr'>δεξιοστρο-</span> 
     </span>
    </p>
   </div>
   <div class='ocr_carea' id='block_1_14' title="bbox 417 1209 2072 1291">
    <p class='ocr_par' dir='ltr' id='par_1_14' title="bbox 417 1209 2072 1291">
     <span class='ocr_line' id='line_1_14' title="bbox 417 1209 2072 1291; baseline 0.004 -27"><span class='ocrx_word' id='word_1_82' title='bbox 417 1212 596 1286; x_wconf 73' lang='grc' dir='ltr'>φήσας</span> <span class='ocrx_word' id='word_1_83' title='bbox 647 1211 733 1284; x_wconf 85' lang='grc' dir='ltr'><strong>[Ρ.</strong></span> <span class='ocrx_word' id='word_1_84' title='bbox 793 1213 919 1285; x_wconf 75' lang='grc'>224]</span> <span class='ocrx_word' id='word_1_85' title='bbox 1011 1213 1074 1267; x_wconf 81' lang='grc' dir='ltr'>τὸ</span> <span class='ocrx_word' id='word_1_86' title='bbox 1151 1209 1450 1288; x_wconf 81' lang='grc' dir='ltr'>τρίχορδον</span> <span class='ocrx_word' id='word_1_87' title='bbox 1508 1220 1607 1284; x_wconf 81' lang='grc' dir='ltr'><strong>τῆς</strong></span> <span class='ocrx_word' id='word_1_88' title='bbox 1667 1216 1930 1291; x_wconf 71' lang='grc' dir='ltr'>φθογγῆς,</span> <span class='ocrx_word' id='word_1_89' title='bbox 1984 1218 2072 1271; x_wconf 84' lang='grc' dir='ltr'><strong>καὶ</strong></span> 
     </span>
    </p>
   </div>
   <div class='ocr_carea' id='block_1_15' title="bbox 414 1296 2076 1377">
    <p class='ocr_par' dir='ltr' id='par_1_15' title="bbox 414 1296 2076 1377">
     <span class='ocr_line' id='line_1_15' title="bbox 414 1296 2076 1377; baseline 0.004 -24"><span class='ocrx_word' id='word_1_90' title='bbox 414 1297 691 1374; x_wconf 81' lang='grc' dir='ltr'>θρηνῶδες</span> <span class='ocrx_word' id='word_1_91' title='bbox 720 1296 864 1370; x_wconf 77' lang='grc' dir='ltr'>ᾅδειν</span> <span class='ocrx_word' id='word_1_92' title='bbox 922 1321 974 1354; x_wconf 89' lang='grc' dir='ltr'><strong>τι</strong></span> <span class='ocrx_word' id='word_1_93' title='bbox 1040 1299 1206 1374; x_wconf 78' lang='grc' dir='ltr'>μέλος</span> <span class='ocrx_word' id='word_1_94' title='bbox 1266 1301 1356 1358; x_wconf 78' lang='grc' dir='ltr'><strong>καὶ</strong></span> <span class='ocrx_word' id='word_1_95' title='bbox 1415 1303 1712 1377; x_wconf 76' lang='grc' dir='ltr'>περιπαθὲς</span> <span class='ocrx_word' id='word_1_96' title='bbox 1772 1299 2076 1360; x_wconf 77' lang='grc' dir='ltr'>ἀναϐάλλε-</span> 
     </span>
    </p>
   </div>
   <div class='ocr_carea' id='block_1_16' title="bbox 416 1387 2073 1468">
    <p class='ocr_par' dir='ltr' id='par_1_16' title="bbox 416 1387 2073 1468">
     <span class='ocr_line' id='line_1_16' title="bbox 416 1387 2073 1468; baseline 0.004 -26"><span class='ocrx_word' id='word_1_97' title='bbox 416 1408 527 1459; x_wconf 87' lang='grc' dir='ltr'>ται,</span> <span class='ocrx_word' id='word_1_98' title='bbox 603 1389 708 1450; x_wconf 84' lang='grc' dir='ltr'>τὰς</span> <span class='ocrx_word' id='word_1_99' title='bbox 783 1387 1020 1451; x_wconf 79' lang='grc' dir='ltr'>παλαιὰς</span> <span class='ocrx_word' id='word_1_100' title='bbox 1095 1390 1456 1468; x_wconf 83' lang='grc' dir='ltr'>πειθανάγκας</span> <span class='ocrx_word' id='word_1_101' title='bbox 1531 1391 1891 1448; x_wconf 83' lang='grc' dir='ltr'>ἀνατινάσσων</span> <span class='ocrx_word' id='word_1_102' title='bbox 1983 1395 2073 1449; x_wconf 82' lang='grc' dir='ltr'><strong>καὶ</strong></span> 
     </span>
    </p>
   </div>
   <div class='ocr_carea' id='block_1_17' title="bbox 416 1476 2073 1560">
    <p class='ocr_par' dir='ltr' id='par_1_17' title="bbox 416 1476 2073 1560">
     <span class='ocr_line' id='line_1_17' title="bbox 416 1476 2073 1560; baseline 0.004 -28"><span class='ocrx_word' id='word_1_103' title='bbox 416 1476 754 1557; x_wconf 75' lang='grc' dir='ltr'>περιτρέφων</span> <span class='ocrx_word' id='word_1_104' title='bbox 822 1478 899 1544; x_wconf 86' lang='grc' dir='ltr'>ὠς</span> <span class='ocrx_word' id='word_1_105' title='bbox 975 1477 1148 1551; x_wconf 81' lang='grc' dir='ltr'>δεξιὸς</span> <span class='ocrx_word' id='word_1_106' title='bbox 1210 1481 1551 1557; x_wconf 71' lang='grc' dir='ltr'><strong>μουσηγέτης</strong></span> <span class='ocrx_word' id='word_1_107' title='bbox 1636 1482 1848 1560; x_wconf 76' lang='grc' dir='ltr'>εύήχου</span> <span class='ocrx_word' id='word_1_108' title='bbox 1907 1485 2073 1560; x_wconf 84' lang='grc' dir='ltr'>ὁργά-</span> 
     </span>
    </p>
   </div>
   <div class='ocr_carea' id='block_1_18' title="bbox 414 1565 2075 1647">
    <p class='ocr_par' dir='ltr' id='par_1_18' title="bbox 414 1565 2075 1647">
     <span class='ocr_line' id='line_1_18' title="bbox 414 1565 2075 1647; baseline 0.005 -26"><span class='ocrx_word' id='word_1_109' title='bbox 414 1588 511 1622; x_wconf 89' lang='grc' dir='ltr'><strong>νου</strong></span> <span class='ocrx_word' id='word_1_110' title='bbox 583 1565 818 1644; x_wconf 73' lang='grc' dir='ltr'>χορδὰς,</span> <span class='ocrx_word' id='word_1_111' title='bbox 888 1570 976 1623; x_wconf 79' lang='grc' dir='ltr'>καὶ</span> <span class='ocrx_word' id='word_1_112' title='bbox 1036 1569 1323 1647; x_wconf 81' lang='grc' dir='ltr'>καταλέγει</span> <span class='ocrx_word' id='word_1_113' title='bbox 1390 1570 1669 1644; x_wconf 81' lang='grc' dir='ltr'>μελεάζων</span> <span class='ocrx_word' id='word_1_114' title='bbox 1718 1574 1793 1636; x_wconf 84' lang='grc' dir='ltr'>ὡς</span> <span class='ocrx_word' id='word_1_115' title='bbox 1848 1571 2075 1642; x_wconf 83' lang='grc' dir='ltr'>ἀηδόνες</span> 
     </span>
    </p>
   </div>
   <div class='ocr_carea' id='block_1_19' title="bbox 415 1653 2069 1738">
    <p class='ocr_par' dir='ltr' id='par_1_19' title="bbox 415 1653 2069 1738">
     <span class='ocr_line' id='line_1_19' title="bbox 415 1653 2069 1738; baseline 0.004 -27"><span class='ocrx_word' id='word_1_116' title='bbox 415 1658 479 1711; x_wconf 88' lang='grc' dir='ltr'>τὸ</span> <span class='ocrx_word' id='word_1_117' title='bbox 552 1653 705 1731; x_wconf 83' lang='grc' dir='ltr'>γένος</span> <span class='ocrx_word' id='word_1_118' title='bbox 783 1659 856 1720; x_wconf 82' lang='grc' dir='ltr'><strong>ὡς</strong></span> <span class='ocrx_word' id='word_1_119' title='bbox 936 1659 1167 1733; x_wconf 75' lang='grc' dir='ltr'>ὑψηλὸν,</span> <span class='ocrx_word' id='word_1_120' title='bbox 1245 1660 1307 1714; x_wconf 85' lang='grc' dir='ltr'>τὸ</span> <span class='ocrx_word' id='word_1_121' title='bbox 1383 1659 1586 1736; x_wconf 79' lang='grc' dir='ltr'>εὐγενὲς</span> <span class='ocrx_word' id='word_1_122' title='bbox 1645 1663 1719 1723; x_wconf 84' lang='grc' dir='ltr'>ὡς</span> <span class='ocrx_word' id='word_1_123' title='bbox 1773 1663 1906 1738; x_wconf 75' lang='grc' dir='ltr'>ὑπὲρ</span> <span class='ocrx_word' id='word_1_124' title='bbox 1936 1663 2069 1727; x_wconf 78' lang='grc' dir='ltr'>τοὺς</span> 
     </span>
    </p>
   </div>
   <div class='ocr_carea' id='block_1_20' title="bbox 2186 511 3836 586">
    <p class='ocr_par' dir='ltr' id='par_1_20' title="bbox 2186 511 3836 586">
     <span class='ocr_line' id='line_1_20' title="bbox 2186 511 3836 586; baseline 0.005 -22"><span class='ocrx_word' id='word_1_125' title='bbox 2186 511 2362 583; x_wconf 81' lang='lat' dir='ltr'><strong>vulgo</strong></span> <span class='ocrx_word' id='word_1_126' title='bbox 2413 514 2665 584; x_wconf 71' lang='lat' dir='ltr'><strong>praestet,</strong></span> <span class='ocrx_word' id='word_1_127' title='bbox 2714 517 2779 568; x_wconf 91' lang='lat' dir='ltr'><strong>ut</strong></span> <span class='ocrx_word' id='word_1_128' title='bbox 2837 512 3085 586; x_wconf 89' lang='lat' dir='ltr'><strong>pristina</strong></span> <span class='ocrx_word' id='word_1_129' title='bbox 3140 512 3374 569; x_wconf 76' lang='lat' dir='ltr'><strong>fortuna</strong></span> <span class='ocrx_word' id='word_1_130' title='bbox 3422 513 3599 584; x_wconf 83' lang='lat' dir='ltr'><strong>felix;</strong></span> <span class='ocrx_word' id='word_1_131' title='bbox 3634 520 3699 571; x_wconf 89' lang='lat' dir='ltr'><strong>ut</strong></span> <span class='ocrx_word' id='word_1_132' title='bbox 3728 533 3836 572; x_wconf 82' lang='lat' dir='ltr'><strong>an-</strong></span> 
     </span>
    </p>
   </div>
   <div class='ocr_carea' id='block_1_21' title="bbox 2186 598 3832 674">
    <p class='ocr_par' dir='ltr' id='par_1_21' title="bbox 2186 598 3832 674">
     <span class='ocr_line' id='line_1_21' title="bbox 2186 598 3832 674; baseline 0.004 -18"><span class='ocrx_word' id='word_1_133' title='bbox 2186 598 2377 656; x_wconf 85' lang='lat' dir='ltr'><strong>teacta</strong></span> <span class='ocrx_word' id='word_1_134' title='bbox 2407 602 2548 669; x_wconf 87' lang='lat' dir='ltr'><strong>vita,</strong></span> <span class='ocrx_word' id='word_1_135' title='bbox 2605 602 2879 674; x_wconf 82' lang='lat' dir='ltr'><strong>quamvis</strong></span> <span class='ocrx_word' id='word_1_136' title='bbox 2923 600 2981 657; x_wconf 91' lang='lat' dir='ltr'><strong>in</strong></span> <span class='ocrx_word' id='word_1_137' title='bbox 3015 602 3152 674; x_wconf 82' lang='lat' dir='ltr'><strong>fuga</strong></span> <span class='ocrx_word' id='word_1_138' title='bbox 3186 606 3244 657; x_wconf 90' lang='lat' dir='ltr'><strong>et</strong></span> <span class='ocrx_word' id='word_1_139' title='bbox 3271 602 3424 660; x_wconf 73' lang='grc'><strong>455</strong></span> <span class='ocrx_word' id='word_1_140' title='bbox 3456 604 3681 673; x_wconf 81' lang='lat' dir='ltr'><strong>exsilio,</strong></span> <span class='ocrx_word' id='word_1_141' title='bbox 3716 622 3832 663; x_wconf 89' lang='lat' dir='ltr'><strong>non</strong></span> 
     </span>
    </p>
   </div>
   <div class='ocr_carea' id='block_1_22' title="bbox 2188 690 3833 764">
    <p class='ocr_par' dir='ltr' id='par_1_22' title="bbox 2188 690 3833 764">
     <span class='ocr_line' id='line_1_22' title="bbox 2188 690 3833 764; baseline 0.004 -19"><span class='ocrx_word' id='word_1_142' title='bbox 2188 692 2592 763; x_wconf 86' lang='lat' dir='ltr'><strong>aspernanda;</strong></span> <span class='ocrx_word' id='word_1_143' title='bbox 2648 707 2826 764; x_wconf 89' lang='lat' dir='ltr'><strong>quam</strong></span> <span class='ocrx_word' id='word_1_144' title='bbox 2914 690 3230 748; x_wconf 76' lang='lat' dir='ltr'><strong>miserabili</strong></span> <span class='ocrx_word' id='word_1_145' title='bbox 3303 691 3632 750; x_wconf 81' lang='lat' dir='ltr'><strong>calamitate</strong></span> <span class='ocrx_word' id='word_1_146' title='bbox 3704 699 3833 751; x_wconf 88' lang='lat' dir='ltr'><strong>tum</strong></span> 
     </span>
    </p>
   </div>
   <div class='ocr_carea' id='block_1_23' title="bbox 2186 779 3835 855">
    <p class='ocr_par' dir='ltr' id='par_1_23' title="bbox 2186 779 3835 855">
     <span class='ocr_line' id='line_1_23' title="bbox 2186 779 3835 855; baseline 0.003 -21"><span class='ocrx_word' id='word_1_147' title='bbox 2186 796 2501 851; x_wconf 85' lang='lat' dir='ltr'><strong>oppressus</strong></span> <span class='ocrx_word' id='word_1_148' title='bbox 2530 784 2704 837; x_wconf 90' lang='lat' dir='ltr'><strong>esset.</strong></span> <span class='ocrx_word' id='word_1_149' title='bbox 2745 781 2854 836; x_wconf 89' lang='lat' dir='ltr'><strong>Eas</strong></span> <span class='ocrx_word' id='word_1_150' title='bbox 2903 779 3308 853; x_wconf 87' lang='lat' dir='ltr'><strong>querimonias</strong></span> <span class='ocrx_word' id='word_1_151' title='bbox 3354 781 3669 855; x_wconf 78' lang='lat' dir='ltr'><strong>ingeniosos</strong></span> <span class='ocrx_word' id='word_1_152' title='bbox 3701 798 3835 839; x_wconf 87' lang='lat' dir='ltr'><strong>mu-</strong></span> 
     </span>
    </p>
   </div>
   <div class='ocr_carea' id='block_1_24' title="bbox 2185 865 3834 942">
    <p class='ocr_par' dir='ltr' id='par_1_24' title="bbox 2185 865 3834 942">
     <span class='ocr_line' id='line_1_24' title="bbox 2185 865 3834 942; baseline 0.005 -21"><span class='ocrx_word' id='word_1_153' title='bbox 2185 865 2437 925; x_wconf 82' lang='lat' dir='ltr'><strong>lierculae</strong></span> <span class='ocrx_word' id='word_1_154' title='bbox 2462 886 2575 925; x_wconf 91' lang='lat' dir='ltr'><strong>non</strong></span> <span class='ocrx_word' id='word_1_155' title='bbox 2617 868 2812 941; x_wconf 91' lang='lat' dir='ltr'><strong>inepte</strong></span> <span class='ocrx_word' id='word_1_156' title='bbox 2862 869 3228 939; x_wconf 86' lang='lat' dir='ltr'><strong>adjutabant,</strong></span> <span class='ocrx_word' id='word_1_157' title='bbox 3277 874 3335 927; x_wconf 90' lang='lat' dir='ltr'><strong>et</strong></span> <span class='ocrx_word' id='word_1_158' title='bbox 3373 870 3544 926; x_wconf 78' lang='lat' dir='ltr'><strong>veluti</strong></span> <span class='ocrx_word' id='word_1_159' title='bbox 3575 887 3834 942; x_wconf 68' lang='lat' dir='ltr'><strong>precen-</strong></span> 
     </span>
    </p>
   </div>
   <div class='ocr_carea' id='block_1_25' title="bbox 2184 956 3831 1017">
    <p class='ocr_par' dir='ltr' id='par_1_25' title="bbox 2184 956 3831 1017">
     <span class='ocr_line' id='line_1_25' title="bbox 2184 956 3831 1017; baseline 0.004 -7"><span class='ocrx_word' id='word_1_160' title='bbox 2184 956 2292 1011; x_wconf 92' lang='lat' dir='ltr'><strong>tori</strong></span> <span class='ocrx_word' id='word_1_161' title='bbox 2321 957 2716 1014; x_wconf 88' lang='lat' dir='ltr'><strong>succinehant.</strong></span> <span class='ocrx_word' id='word_1_162' title='bbox 2751 958 2862 1013; x_wconf 90' lang='lat' dir='ltr'><strong>Sed</strong></span> <span class='ocrx_word' id='word_1_163' title='bbox 2896 957 3113 1013; x_wconf 81' lang='lat' dir='ltr'><strong>frustra</strong></span> <span class='ocrx_word' id='word_1_164' title='bbox 3148 957 3247 1013; x_wconf 87' lang='lat' dir='ltr'><strong>illa</strong></span> <span class='ocrx_word' id='word_1_165' title='bbox 3274 960 3471 1014; x_wconf 90' lang='lat' dir='ltr'><strong>omnia</strong></span> <span class='ocrx_word' id='word_1_166' title='bbox 3510 963 3743 1015; x_wconf 88' lang='lat' dir='ltr'><strong>astutus</strong></span> <span class='ocrx_word' id='word_1_167' title='bbox 3772 964 3831 1017; x_wconf 88' lang='lat' dir='ltr'><strong>et</strong></span> 
     </span>
    </p>
   </div>
   <div class='ocr_carea' id='block_1_26' title="bbox 2184 1045 3828 1118">
    <p class='ocr_par' dir='ltr' id='par_1_26' title="bbox 2184 1045 3828 1118">
     <span class='ocr_line' id='line_1_26' title="bbox 2184 1045 3828 1118; baseline 0.004 -18"><span class='ocrx_word' id='word_1_168' title='bbox 2184 1045 2506 1118; x_wconf 84' lang='lat' dir='ltr'><strong>versipellis</strong></span> <span class='ocrx_word' id='word_1_169' title='bbox 2565 1046 2933 1102; x_wconf 82' lang='lat' dir='ltr'><strong>Andronicus</strong></span> <span class='ocrx_word' id='word_1_170' title='bbox 3002 1048 3345 1103; x_wconf 88' lang='lat' dir='ltr'><strong>conabatur.</strong></span> <span class='ocrx_word' id='word_1_171' title='bbox 3403 1046 3548 1103; x_wconf 90' lang='lat' dir='ltr'><strong>Nam</strong></span> <span class='ocrx_word' id='word_1_172' title='bbox 3606 1048 3828 1107; x_wconf 83' lang='lat' dir='ltr'><strong>nefaria</strong></span> 
     </span>
    </p>
   </div>
   <div class='ocr_carea' id='block_1_27' title="bbox 2182 1135 3828 1207">
    <p class='ocr_par' dir='ltr' id='par_1_27' title="bbox 2182 1135 3828 1207">
     <span class='ocr_line' id='line_1_27' title="bbox 2182 1135 3828 1207; baseline 0.004 -18"><span class='ocrx_word' id='word_1_173' title='bbox 2182 1135 2312 1207; x_wconf 89' lang='lat' dir='ltr'><strong>ejus</strong></span> <span class='ocrx_word' id='word_1_174' title='bbox 2342 1135 2600 1191; x_wconf 88' lang='lat' dir='ltr'><strong>facinora</strong></span> <span class='ocrx_word' id='word_1_175' title='bbox 2644 1135 2917 1192; x_wconf 82' lang='lat' dir='ltr'><strong>lictorum</strong></span> <span class='ocrx_word' id='word_1_176' title='bbox 2964 1151 3135 1192; x_wconf 87' lang='lat' dir='ltr'><strong>aures</strong></span> <span class='ocrx_word' id='word_1_177' title='bbox 3166 1136 3349 1192; x_wconf 84' lang='lat' dir='ltr'><strong>veluti</strong></span> <span class='ocrx_word' id='word_1_178' title='bbox 3380 1152 3513 1193; x_wconf 87' lang='lat' dir='ltr'><strong>cera</strong></span> <span class='ocrx_word' id='word_1_179' title='bbox 3558 1138 3828 1195; x_wconf 86' lang='lat' dir='ltr'><strong>obstrue-</strong></span> 
     </span>
    </p>
   </div>
   <div class='ocr_carea' id='block_1_28' title="bbox 2181 1224 3829 1299">
    <p class='ocr_par' dir='ltr' id='par_1_28' title="bbox 2181 1224 3829 1299">
     <span class='ocr_line' id='line_1_28' title="bbox 2181 1224 3829 1299; baseline 0.003 -19"><span class='ocrx_word' id='word_1_180' title='bbox 2181 1225 2344 1291; x_wconf 87' lang='lat' dir='ltr'><strong>bant,</strong></span> <span class='ocrx_word' id='word_1_181' title='bbox 2423 1229 2488 1280; x_wconf 89' lang='lat' dir='ltr'><strong>ut</strong></span> <span class='ocrx_word' id='word_1_182' title='bbox 2539 1224 2702 1281; x_wconf 89' lang='lat' dir='ltr'><strong>nulla</strong></span> <span class='ocrx_word' id='word_1_183' title='bbox 2765 1225 2892 1296; x_wconf 85' lang='lat' dir='ltr'><strong>ejus</strong></span> <span class='ocrx_word' id='word_1_184' title='bbox 2954 1224 3352 1282; x_wconf 84' lang='lat' dir='ltr'><strong>misericordia</strong></span> <span class='ocrx_word' id='word_1_185' title='bbox 3426 1231 3829 1299; x_wconf 88' lang='lat' dir='ltr'><strong>tangerentur,</strong></span> 
     </span>
    </p>
   </div>
   <div class='ocr_carea' id='block_1_29' title="bbox 2181 1312 3830 1388">
    <p class='ocr_par' dir='ltr' id='par_1_29' title="bbox 2181 1312 3830 1388">
     <span class='ocr_line' id='line_1_29' title="bbox 2181 1312 3830 1388; baseline 0.004 -23"><span class='ocrx_word' id='word_1_186' title='bbox 2181 1313 2453 1386; x_wconf 86' lang='lat' dir='ltr'><strong>quamvis</strong></span> <span class='ocrx_word' id='word_1_187' title='bbox 2503 1315 2739 1370; x_wconf 87' lang='lat' dir='ltr'><strong>Sirenas</strong></span> <span class='ocrx_word' id='word_1_188' title='bbox 2778 1312 3139 1369; x_wconf 82' lang='lat' dir='ltr'><strong>muliebriter</strong></span> <span class='ocrx_word' id='word_1_189' title='bbox 3187 1318 3287 1368; x_wconf 87' lang='lat' dir='ltr'><strong>aut</strong></span> <span class='ocrx_word' id='word_1_190' title='bbox 3325 1313 3606 1372; x_wconf 76' lang='lat' dir='ltr'><strong>fallaciter</strong></span> <span class='ocrx_word' id='word_1_191' title='bbox 3635 1318 3830 1388; x_wconf 87' lang='lat' dir='ltr'><strong>potius</strong></span> 
     </span>
    </p>
   </div>
   <div class='ocr_carea' id='block_1_30' title="bbox 2181 1402 3826 1482">
    <p class='ocr_par' dir='ltr' id='par_1_30' title="bbox 2181 1402 3826 1482">
     <span class='ocr_line' id='line_1_30' title="bbox 2181 1402 3826 1482; baseline 0.003 -26"><span class='ocrx_word' id='word_1_192' title='bbox 2181 1403 2546 1482; x_wconf 82' lang='lat' dir='ltr'><strong>imitaretur;</strong></span> <span class='ocrx_word' id='word_1_193' title='bbox 2592 1403 2858 1474; x_wconf 82' lang='lat' dir='ltr'><strong>iratoque</strong></span> <span class='ocrx_word' id='word_1_194' title='bbox 2895 1402 3011 1458; x_wconf 86' lang='lat' dir='ltr'><strong>Deo</strong></span> <span class='ocrx_word' id='word_1_195' title='bbox 3044 1402 3400 1458; x_wconf 86' lang='lat' dir='ltr'><strong>Mercurium</strong></span> <span class='ocrx_word' id='word_1_196' title='bbox 3453 1403 3602 1475; x_wconf 77' lang='lat' dir='ltr'><strong>moly</strong></span> <span class='ocrx_word' id='word_1_197' title='bbox 3644 1406 3826 1461; x_wconf 87' lang='lat' dir='ltr'><strong>desti-</strong></span> 
     </span>
    </p>
   </div>
   <div class='ocr_carea' id='block_1_31' title="bbox 2179 1491 3829 1566">
    <p class='ocr_par' dir='ltr' id='par_1_31' title="bbox 2179 1491 3829 1566">
     <span class='ocr_line' id='line_1_31' title="bbox 2179 1491 3829 1566; baseline 0.002 -19"><span class='ocrx_word' id='word_1_198' title='bbox 2179 1493 2308 1548; x_wconf 91' lang='lat' dir='ltr'><strong>tuit.</strong></span> <span class='ocrx_word' id='word_1_199' title='bbox 2341 1495 2541 1564; x_wconf 88' lang='lat' dir='ltr'><strong>Itaque</strong></span> <span class='ocrx_word' id='word_1_200' title='bbox 2572 1492 2632 1547; x_wconf 91' lang='lat' dir='ltr'><strong>in</strong></span> <span class='ocrx_word' id='word_1_201' title='bbox 2675 1495 2902 1547; x_wconf 75' lang='lat' dir='ltr'><strong>Anemae</strong></span> <span class='ocrx_word' id='word_1_202' title='bbox 2945 1491 3254 1547; x_wconf 83' lang='lat' dir='ltr'><strong>castellum</strong></span> <span class='ocrx_word' id='word_1_203' title='bbox 3298 1491 3521 1549; x_wconf 87' lang='lat' dir='ltr'><strong>duabus</strong></span> <span class='ocrx_word' id='word_1_204' title='bbox 3551 1494 3829 1566; x_wconf 82' lang='lat' dir='ltr'><strong>gravibus</strong></span> 
     </span>
    </p>
   </div>
   <div class='ocr_carea' id='block_1_32' title="bbox 2177 1580 3829 1654">
    <p class='ocr_par' dir='ltr' id='par_1_32' title="bbox 2177 1580 3829 1654">
     <span class='ocr_line' id='line_1_32' title="bbox 2177 1580 3829 1654; baseline 0.001 -16"><span class='ocrx_word' id='word_1_205' title='bbox 2177 1582 2398 1639; x_wconf 88' lang='lat' dir='ltr'><strong>catenis</strong></span> <span class='ocrx_word' id='word_1_206' title='bbox 2420 1599 2554 1638; x_wconf 89' lang='lat' dir='ltr'><strong>cum</strong></span> <span class='ocrx_word' id='word_1_207' title='bbox 2605 1581 2805 1638; x_wconf 86' lang='lat' dir='ltr'><strong>ferreis</strong></span> <span class='ocrx_word' id='word_1_208' title='bbox 2843 1580 2990 1636; x_wconf 90' lang='lat' dir='ltr'><strong>seris</strong></span> <span class='ocrx_word' id='word_1_209' title='bbox 3022 1582 3274 1653; x_wconf 89' lang='lat' dir='ltr'><strong>superbo</strong></span> <span class='ocrx_word' id='word_1_210' title='bbox 3305 1580 3453 1637; x_wconf 93' lang='lat' dir='ltr'><strong>collo</strong></span> <span class='ocrx_word' id='word_1_211' title='bbox 3484 1581 3738 1654; x_wconf 91' lang='lat' dir='ltr'><strong>injectis,</strong></span> <span class='ocrx_word' id='word_1_212' title='bbox 3770 1588 3829 1640; x_wconf 84' lang='lat' dir='ltr'><strong>et</strong></span> 
     </span>
    </p>
   </div>
   <div class='ocr_carea' id='block_1_33' title="bbox 2176 1670 3826 1743">
    <p class='ocr_par' dir='ltr' id='par_1_33' title="bbox 2176 1670 3826 1743">
     <span class='ocr_line' id='line_1_33' title="bbox 2176 1670 3826 1743; baseline 0.001 -16"><span class='ocrx_word' id='word_1_213' title='bbox 2176 1671 2556 1743; x_wconf 85' lang='lat' dir='ltr'><strong>compedibus</strong></span> <span class='ocrx_word' id='word_1_214' title='bbox 2611 1674 2906 1735; x_wconf 88' lang='lat' dir='ltr'><strong>oneratus,</strong></span> <span class='ocrx_word' id='word_1_215' title='bbox 2967 1674 3030 1724; x_wconf 92' lang='lat' dir='ltr'><strong>ut</strong></span> <span class='ocrx_word' id='word_1_216' title='bbox 3072 1670 3332 1741; x_wconf 78' lang='lat' dir='ltr'><strong>captivos</strong></span> <span class='ocrx_word' id='word_1_217' title='bbox 3371 1671 3602 1726; x_wconf 84' lang='lat' dir='ltr'><strong>tractari</strong></span> <span class='ocrx_word' id='word_1_218' title='bbox 3645 1673 3826 1730; x_wconf 89' lang='lat' dir='ltr'><strong>moris</strong></span> 
     </span>
    </p>
   </div>
   <div class='ocr_carea' id='block_1_34' title="bbox 415 1746 2065 1835">
    <p class='ocr_par' dir='ltr' id='par_1_34' title="bbox 415 1746 2065 1829">
     <span class='ocr_line' id='line_1_34' title="bbox 415 1746 2065 1829; baseline 0.004 -27"><span class='ocrx_word' id='word_1_219' title='bbox 415 1746 687 1817; x_wconf 80' lang='grc' dir='ltr'>πολλοὺς,</span> <span class='ocrx_word' id='word_1_220' title='bbox 708 1749 809 1819; x_wconf 79' lang='grc' dir='ltr'>τὴν</span> <span class='ocrx_word' id='word_1_221' title='bbox 864 1751 1133 1824; x_wconf 85' lang='grc' dir='ltr'>προτέραν</span> <span class='ocrx_word' id='word_1_222' title='bbox 1188 1750 1368 1825; x_wconf 84' lang='grc' dir='ltr'>τύχην</span> <span class='ocrx_word' id='word_1_223' title='bbox 1426 1751 1500 1813; x_wconf 84' lang='grc' dir='ltr'><strong>ὡς</strong></span> <span class='ocrx_word' id='word_1_224' title='bbox 1559 1749 1788 1829; x_wconf 77' lang='grc' dir='ltr'>εὐτυχῆ,</span> <span class='ocrx_word' id='word_1_225' title='bbox 1842 1754 1933 1808; x_wconf 87' lang='grc' dir='ltr'>τὸν</span> <span class='ocrx_word' id='word_1_226' title='bbox 1974 1753 2065 1808; x_wconf 86' lang='grc' dir='ltr'>πά-</span> 
     </span>
    </p>
   </div>
   <div class='ocr_carea' id='block_1_35' title="bbox 2173 1746 3828 1835">
    <p class='ocr_par' dir='ltr' id='par_1_35' title="bbox 2177 1757 3828 1832">
     <span class='ocr_line' id='line_1_35' title="bbox 2177 1757 3828 1832; baseline 0.001 -17"><span class='ocrx_word' id='word_1_227' title='bbox 2177 1764 2288 1829; x_wconf 86' lang='lat' dir='ltr'><strong>est,</strong></span> <span class='ocrx_word' id='word_1_228' title='bbox 2320 1759 2662 1832; x_wconf 86' lang='lat' dir='ltr'><strong>conjicitur;</strong></span> <span class='ocrx_word' id='word_1_229' title='bbox 2696 1775 2883 1831; x_wconf 88' lang='lat' dir='ltr'><strong>coque</strong></span> <span class='ocrx_word' id='word_1_230' title='bbox 2913 1757 3115 1813; x_wconf 87' lang='lat' dir='ltr'><strong>habitu</strong></span> <span class='ocrx_word' id='word_1_231' title='bbox 3146 1760 3211 1813; x_wconf 90' lang='lat' dir='ltr'><strong>ad</strong></span> <span class='ocrx_word' id='word_1_232' title='bbox 3234 1758 3522 1816; x_wconf 87' lang='lat' dir='ltr'><strong>Isaacium</strong></span> <span class='ocrx_word' id='word_1_233' title='bbox 3549 1761 3828 1832; x_wconf 88' lang='lat' dir='ltr'><strong>perducto</strong></span> 
     </span>
    </p>
   </div>
   <div class='ocr_carea' id='block_1_36' title="bbox 415 1833 2071 1914">
    <p class='ocr_par' dir='ltr' id='par_1_36' title="bbox 415 1833 2071 1914">
     <span class='ocr_line' id='line_1_36' title="bbox 415 1833 2071 1914; baseline 0.004 -24"><span class='ocrx_word' id='word_1_234' title='bbox 415 1833 508 1891; x_wconf 87' lang='grc' dir='ltr'><strong>λαι</strong></span> <span class='ocrx_word' id='word_1_235' title='bbox 568 1837 782 1910; x_wconf 82' lang='grc' dir='ltr'>βίοτον,</span> <span class='ocrx_word' id='word_1_236' title='bbox 833 1836 930 1892; x_wconf 75' lang='grc' dir='ltr'>κόίν</span> <span class='ocrx_word' id='word_1_237' title='bbox 1011 1835 1226 1909; x_wconf 91' lang='grc' dir='ltr'>πλάνης</span> <span class='ocrx_word' id='word_1_238' title='bbox 1280 1838 1347 1907; x_wconf 76' lang='grc' dir='ltr'>ἦν</span> <span class='ocrx_word' id='word_1_239' title='bbox 1405 1840 1493 1894; x_wconf 82' lang='grc' dir='ltr'><strong>καὶ</strong></span> <span class='ocrx_word' id='word_1_240' title='bbox 1556 1839 1816 1912; x_wconf 77' lang='grc' dir='ltr'>ἀνέστιος,</span> <span class='ocrx_word' id='word_1_241' title='bbox 1892 1838 2071 1914; x_wconf 83' lang='grc' dir='ltr'>μηδα-</span> 
     </span>
    </p>
   </div>
   <div class='ocr_carea' id='block_1_37' title="bbox 419 1920 2070 2006">
    <p class='ocr_par' dir='ltr' id='par_1_37' title="bbox 419 1920 2070 2006">
     <span class='ocr_line' id='line_1_37' title="bbox 419 1920 2070 2006; baseline 0.004 -28"><span class='ocrx_word' id='word_1_242' title='bbox 419 1930 534 1999; x_wconf 86' lang='grc' dir='ltr'><strong>μῶς</strong></span> <span class='ocrx_word' id='word_1_243' title='bbox 608 1920 871 1995; x_wconf 76' lang='grc' dir='ltr'>ἀϐίωτον,</span> <span class='ocrx_word' id='word_1_244' title='bbox 923 1929 1013 1981; x_wconf 84' lang='grc' dir='ltr'><strong>καὶ</strong></span> <span class='ocrx_word' id='word_1_245' title='bbox 1080 1929 1179 1996; x_wconf 74' lang='grc' dir='ltr'><strong>τήν</strong></span> <span class='ocrx_word' id='word_1_246' title='bbox 1254 1929 1379 1984; x_wconf 82' lang='grc' dir='ltr'>τότε</span> <span class='ocrx_word' id='word_1_247' title='bbox 1452 1933 1827 2006; x_wconf 80' lang='grc' dir='ltr'>κατασχοῦσαν</span> <span class='ocrx_word' id='word_1_248' title='bbox 1909 1930 2070 1986; x_wconf 70' lang='grc' dir='ltr'>αὐτὸν</span> 
     </span>
    </p>
   </div>
   <div class='ocr_carea' id='block_1_38' title="bbox 411 2015 2072 2094">
    <p class='ocr_par' dir='ltr' id='par_1_38' title="bbox 411 2015 2072 2094">
     <span class='ocr_line' id='line_1_38' title="bbox 411 2015 2072 2094; baseline 0.004 -25"><span class='ocrx_word' id='word_1_249' title='bbox 411 2017 695 2094; x_wconf 69' lang='grc' dir='ltr'>συμφοράν</span> <span class='ocrx_word' id='word_1_250' title='bbox 752 2018 827 2079; x_wconf 87' lang='grc' dir='ltr'>ὡς</span> <span class='ocrx_word' id='word_1_251' title='bbox 886 2015 1009 2073; x_wconf 83' lang='grc' dir='ltr'>λίαν</span> <span class='ocrx_word' id='word_1_252' title='bbox 1075 2018 1234 2072; x_wconf 71' lang='grc' dir='ltr'>οὖσαν</span> <span class='ocrx_word' id='word_1_253' title='bbox 1291 2017 1532 2093; x_wconf 86' lang='grc' dir='ltr'>οίκτράν.</span> <span class='ocrx_word' id='word_1_254' title='bbox 1607 2018 1965 2091; x_wconf 82' lang='grc' dir='ltr'>Ἀντᾳδούσας</span> <span class='ocrx_word' id='word_1_255' title='bbox 2025 2017 2072 2076; x_wconf 87' lang='grc' dir='ltr'>δ’</span> 
     </span>
    </p>
   </div>
   <div class='ocr_carea' id='block_1_39' title="bbox 414 2105 2072 2184">
    <p class='ocr_par' dir='ltr' id='par_1_39' title="bbox 414 2105 2072 2184">
     <span class='ocr_line' id='line_1_39' title="bbox 414 2105 2072 2184; baseline 0.002 -22"><span class='ocrx_word' id='word_1_256' title='bbox 414 2106 533 2182; x_wconf 76' lang='grc' dir='ltr'>εἶχε</span> <span class='ocrx_word' id='word_1_257' title='bbox 578 2106 669 2161; x_wconf 80' lang='grc' dir='ltr'><strong>καὶ</strong></span> <span class='ocrx_word' id='word_1_258' title='bbox 726 2110 790 2161; x_wconf 90' lang='grc' dir='ltr'>τὸ</span> <span class='ocrx_word' id='word_1_259' title='bbox 845 2105 1014 2180; x_wconf 85' lang='grc' dir='ltr'>μέλος</span> <span class='ocrx_word' id='word_1_260' title='bbox 1079 2109 1410 2184; x_wconf 83' lang='grc' dir='ltr'>γοερώτερον</span> <span class='ocrx_word' id='word_1_261' title='bbox 1468 2108 1918 2181; x_wconf 82' lang='grc' dir='ltr'>διασκευαζούσας</span> <span class='ocrx_word' id='word_1_262' title='bbox 1984 2110 2072 2166; x_wconf 81' lang='grc' dir='ltr'>οἶα</span> 
     </span>
    </p>
   </div>
   <div class='ocr_carea' id='block_1_40' title="bbox 407 2195 2072 2276">
    <p class='ocr_par' dir='ltr' id='par_1_40' title="bbox 407 2195 2072 2276">
     <span class='ocr_line' id='line_1_40' title="bbox 407 2195 2072 2276; baseline 0.004 -26"><span class='ocrx_word' id='word_1_263' title='bbox 407 2196 574 2275; x_wconf 75' lang='grc' dir='ltr'>σοιράς</span> <span class='ocrx_word' id='word_1_264' title='bbox 598 2195 694 2258; x_wconf 67' lang='grc' dir='ltr'><strong>τὰς</strong></span> <span class='ocrx_word' id='word_1_265' title='bbox 739 2202 1022 2272; x_wconf 77' lang='grc' dir='ltr'>γυναῖκας’</span> <span class='ocrx_word' id='word_1_266' title='bbox 1060 2196 1149 2252; x_wconf 80' lang='grc' dir='ltr'><strong>καὶ</strong></span> <span class='ocrx_word' id='word_1_267' title='bbox 1206 2198 1234 2252; x_wconf 87' lang='grc' dir='ltr'>ὁ</span> <span class='ocrx_word' id='word_1_268' title='bbox 1295 2198 1391 2271; x_wconf 71' lang='grc' dir='ltr'>μὲν</span> <span class='ocrx_word' id='word_1_269' title='bbox 1448 2200 1594 2275; x_wconf 78' lang='grc' dir='ltr'>ἦρχε</span> <span class='ocrx_word' id='word_1_270' title='bbox 1642 2203 1752 2255; x_wconf 89' lang='grc' dir='ltr'><strong>τῶν</strong></span> <span class='ocrx_word' id='word_1_271' title='bbox 1781 2199 2072 2276; x_wconf 82' lang='grc' dir='ltr'>θρηνῳδη-</span> 
     </span>
    </p>
   </div>
   <div class='ocr_carea' id='block_1_41' title="bbox 410 2285 2068 2368">
    <p class='ocr_par' dir='ltr' id='par_1_41' title="bbox 410 2285 2068 2368">
     <span class='ocr_line' id='line_1_41' title="bbox 410 2285 2068 2368; baseline 0.001 -23"><span class='ocrx_word' id='word_1_272' title='bbox 410 2289 619 2362; x_wconf 82' lang='grc' dir='ltr'>μάτων,</span> <span class='ocrx_word' id='word_1_273' title='bbox 656 2289 710 2343; x_wconf 79' lang='grc' dir='ltr'>αἱ</span> <span class='ocrx_word' id='word_1_274' title='bbox 752 2285 810 2343; x_wconf 81' lang='grc' dir='ltr'>δὶ</span> <span class='ocrx_word' id='word_1_275' title='bbox 840 2286 1074 2363; x_wconf 76' lang='grc' dir='ltr'>ἆντῇδον</span> <span class='ocrx_word' id='word_1_276' title='bbox 1103 2289 1251 2362; x_wconf 79' lang='grc' dir='ltr'>αὐτῷ</span> <span class='ocrx_word' id='word_1_277' title='bbox 1292 2292 1759 2349; x_wconf 84' lang='grc' dir='ltr'>συνυπακούουσαι</span> <span class='ocrx_word' id='word_1_278' title='bbox 1789 2292 1880 2348; x_wconf 80' lang='grc' dir='ltr'><strong>καὶ</strong></span> <span class='ocrx_word' id='word_1_279' title='bbox 1931 2314 2068 2368; x_wconf 86' lang='grc' dir='ltr'>συμ-</span> 
     </span>
    </p>
   </div>
   <div class='ocr_carea' id='block_1_42' title="bbox 399 2376 2066 2455">
    <p class='ocr_par' dir='ltr' id='par_1_42' title="bbox 399 2376 2066 2455">
     <span class='ocr_line' id='line_1_42' title="bbox 399 2376 2066 2455; baseline 0.004 -23"><span class='ocrx_word' id='word_1_280' title='bbox 399 2376 740 2452; x_wconf 78' lang='grc' dir='ltr'>ψάλλουσαι.</span> <span class='ocrx_word' id='word_1_281' title='bbox 769 2376 937 2435; x_wconf 85' lang='grc' dir='ltr'>Ἀλλ’</span> <span class='ocrx_word' id='word_1_282' title='bbox 960 2380 1028 2448; x_wconf 83' lang='grc' dir='ltr'>ἦν</span> <span class='ocrx_word' id='word_1_283' title='bbox 1062 2383 1229 2434; x_wconf 76' lang='grc' dir='ltr'>ταῦτα</span> <span class='ocrx_word' id='word_1_284' title='bbox 1269 2379 1443 2435; x_wconf 87' lang='grc' dir='ltr'>πάντα</span> <span class='ocrx_word' id='word_1_285' title='bbox 1494 2380 1670 2455; x_wconf 87' lang='grc' dir='ltr'>μάτην</span> <span class='ocrx_word' id='word_1_286' title='bbox 1725 2382 1923 2455; x_wconf 78' lang='grc' dir='ltr'>μετιὼν</span> <span class='ocrx_word' id='word_1_287' title='bbox 1977 2383 2066 2438; x_wconf 87' lang='grc' dir='ltr'><strong>καὶ</strong></span> 
     </span>
    </p>
   </div>
   <div class='ocr_carea' id='block_1_43' title="bbox 399 2464 2066 2548">
    <p class='ocr_par' dir='ltr' id='par_1_43' title="bbox 399 2464 2066 2548">
     <span class='ocr_line' id='line_1_43' title="bbox 399 2464 2066 2548; baseline 0.004 -27"><span class='ocrx_word' id='word_1_288' title='bbox 399 2464 655 2539; x_wconf 79' lang='grc' dir='ltr'>διακενῆς</span> <span class='ocrx_word' id='word_1_289' title='bbox 714 2467 1063 2543; x_wconf 85' lang='grc' dir='ltr'>τεχνώμενος</span> <span class='ocrx_word' id='word_1_290' title='bbox 1121 2468 1149 2522; x_wconf 75' lang='grc' dir='ltr'>ὁ</span> <span class='ocrx_word' id='word_1_291' title='bbox 1239 2469 1502 2544; x_wconf 78' lang='grc' dir='ltr'>βαθύνους</span> <span class='ocrx_word' id='word_1_292' title='bbox 1555 2471 1644 2526; x_wconf 78' lang='grc' dir='ltr'>καί</span> <span class='ocrx_word' id='word_1_293' title='bbox 1714 2469 2066 2548; x_wconf 76' lang='grc' dir='ltr'>πολύτροπος</span> 
     </span>
    </p>
   </div>
   <div class='ocr_carea' id='block_1_44' title="bbox 401 2554 2068 2635">
    <p class='ocr_par' dir='ltr' id='par_1_44' title="bbox 401 2554 2068 2635">
     <span class='ocr_line' id='line_1_44' title="bbox 401 2554 2068 2635; baseline 0.001 -20"><span class='ocrx_word' id='word_1_294' title='bbox 401 2554 774 2631; x_wconf 78' lang='grc' dir='ltr'>Ἀνδρόνικος·</span> <span class='ocrx_word' id='word_1_295' title='bbox 823 2558 857 2612; x_wconf 79' lang='grc' dir='ltr'><strong>ἂ</strong></span> <span class='ocrx_word' id='word_1_296' title='bbox 911 2557 1012 2634; x_wconf 81' lang='grc' dir='ltr'><strong>γὰρ</strong></span> <span class='ocrx_word' id='word_1_297' title='bbox 1069 2556 1260 2612; x_wconf 81' lang='grc' dir='ltr'>ἀνόσια</span> <span class='ocrx_word' id='word_1_298' title='bbox 1311 2555 1633 2633; x_wconf 78' lang='grc' dir='ltr'>διεπράξατο</span> <span class='ocrx_word' id='word_1_299' title='bbox 1690 2558 1840 2635; x_wconf 82' lang='grc' dir='ltr'>ἔργα,</span> <span class='ocrx_word' id='word_1_300' title='bbox 1899 2566 2068 2617; x_wconf 81' lang='grc' dir='ltr'>ταῦτα</span> 
     </span>
    </p>
   </div>
   <div class='ocr_carea' id='block_1_45' title="bbox 407 2643 2063 2724">
    <p class='ocr_par' dir='ltr' id='par_1_45' title="bbox 407 2643 2063 2724">
     <span class='ocr_line' id='line_1_45' title="bbox 407 2643 2063 2724; baseline 0.004 -26"><span class='ocrx_word' id='word_1_301' title='bbox 407 2643 556 2706; x_wconf 64' lang='grc' dir='ltr'>ὠσεί,</span> <span class='ocrx_word' id='word_1_302' title='bbox 599 2645 773 2721; x_wconf 78' lang='grc' dir='ltr'>κηρὸς</span> <span class='ocrx_word' id='word_1_303' title='bbox 825 2646 922 2707; x_wconf 76' lang='grc' dir='ltr'>τὰς</span> <span class='ocrx_word' id='word_1_304' title='bbox 994 2649 1100 2699; x_wconf 84' lang='grc' dir='ltr'><strong>τῶν</strong></span> <span class='ocrx_word' id='word_1_305' title='bbox 1180 2647 1523 2724; x_wconf 82' lang='grc' dir='ltr'>κατεχόντων</span> <span class='ocrx_word' id='word_1_306' title='bbox 1582 2645 1741 2702; x_wconf 86' lang='grc' dir='ltr'>αύτὸν</span> <span class='ocrx_word' id='word_1_307' title='bbox 1811 2644 2063 2704; x_wconf 77' lang='grc' dir='ltr'>έπέϐυσεν</span> 
     </span>
    </p>
   </div>
   <div class='ocr_carea' id='block_1_46' title="bbox 404 2731 2063 2813">
    <p class='ocr_par' dir='ltr' id='par_1_46' title="bbox 404 2731 2063 2813">
     <span class='ocr_line' id='line_1_46' title="bbox 404 2731 2063 2813; baseline 0.003 -26"><span class='ocrx_word' id='word_1_308' title='bbox 404 2732 592 2804; x_wconf 64' lang='grc' dir='ltr'>ἀκοὰς,</span> <span class='ocrx_word' id='word_1_309' title='bbox 622 2734 711 2789; x_wconf 84' lang='grc' dir='ltr'><strong>καὶ</strong></span> <span class='ocrx_word' id='word_1_310' title='bbox 743 2731 922 2797; x_wconf 71' lang='grc' dir='ltr'>οὐδεὶς</span> <span class='ocrx_word' id='word_1_311' title='bbox 951 2731 1141 2789; x_wconf 75' lang='grc' dir='ltr'>οὐδένα</span> <span class='ocrx_word' id='word_1_312' title='bbox 1181 2736 1365 2800; x_wconf 72' lang='grc' dir='ltr'>οἶκτος</span> <span class='ocrx_word' id='word_1_313' title='bbox 1393 2734 1586 2810; x_wconf 77' lang='grc' dir='ltr'>είσῄει,</span> <span class='ocrx_word' id='word_1_314' title='bbox 1621 2733 1736 2791; x_wconf 78' lang='grc' dir='ltr'>οὐδ’</span> <span class='ocrx_word' id='word_1_315' title='bbox 1789 2735 2063 2813; x_wconf 72' lang='grc' dir='ltr'>ἓνήχησις</span> 
     </span>
    </p>
   </div>
   <div class='ocr_carea' id='block_1_47' title="bbox 406 2824 2067 2903">
    <p class='ocr_par' dir='ltr' id='par_1_47' title="bbox 406 2824 2067 2903">
     <span class='ocr_line' id='line_1_47' title="bbox 406 2824 2067 2903; baseline 0.004 -25"><span class='ocrx_word' id='word_1_316' title='bbox 406 2824 473 2894; x_wconf 76' lang='grc' dir='ltr'>ἦν</span> <span class='ocrx_word' id='word_1_317' title='bbox 506 2826 578 2879; x_wconf 81' lang='grc' dir='ltr'>ὧν</span> <span class='ocrx_word' id='word_1_318' title='bbox 608 2826 742 2880; x_wconf 72' lang='grc' dir='ltr'>κατὰ</span> <span class='ocrx_word' id='word_1_319' title='bbox 781 2833 1045 2902; x_wconf 80' lang='grc' dir='ltr'>Σειρῆνας</span> <span class='ocrx_word' id='word_1_320' title='bbox 1075 2825 1347 2902; x_wconf 67' lang='grc' dir='ltr'>ἐμελῴδει</span> <span class='ocrx_word' id='word_1_321' title='bbox 1404 2825 1757 2903; x_wconf 85' lang='grc' dir='ltr'>γυναικωδῶς</span> <span class='ocrx_word' id='word_1_322' title='bbox 1807 2827 1917 2883; x_wconf 75' lang='grc' dir='ltr'>ε’ἰτ”</span> <span class='ocrx_word' id='word_1_323' title='bbox 1975 2830 2067 2885; x_wconf 74' lang='grc' dir='ltr'><strong>οὗν</strong></span> 
     </span>
    </p>
   </div>
   <div class='ocr_carea' id='block_1_48' title="bbox 417 2913 2064 2992">
    <p class='ocr_par' dir='ltr' id='par_1_48' title="bbox 417 2913 2064 2992">
     <span class='ocr_line' id='line_1_48' title="bbox 417 2913 2064 2992; baseline 0.004 -25"><span class='ocrx_word' id='word_1_324' title='bbox 417 2913 673 2976; x_wconf 75' lang='grc' dir='ltr'>ὑπούλως</span> <span class='ocrx_word' id='word_1_325' title='bbox 719 2916 806 2970; x_wconf 82' lang='grc' dir='ltr'><strong>καὶ</strong></span> <span class='ocrx_word' id='word_1_326' title='bbox 885 2913 1126 2992; x_wconf 87' lang='grc' dir='ltr'>δολερῶς</span> <span class='ocrx_word' id='word_1_327' title='bbox 1195 2916 1366 2971; x_wconf 84' lang='grc' dir='ltr'>εἰπεῖν</span> <span class='ocrx_word' id='word_1_328' title='bbox 1423 2917 1778 2992; x_wconf 75' lang='grc' dir='ltr'>οἰκειότερον,</span> <span class='ocrx_word' id='word_1_329' title='bbox 1853 2920 1943 2973; x_wconf 84' lang='grc' dir='ltr'><strong>καὶ</strong></span> <span class='ocrx_word' id='word_1_330' title='bbox 2002 2920 2064 2974; x_wconf 89' lang='grc' dir='ltr'>τὸ</span> 
     </span>
    </p>
   </div>
   <div class='ocr_carea' id='block_1_49' title="bbox 418 3001 2065 3082">
    <p class='ocr_par' dir='ltr' id='par_1_49' title="bbox 418 3001 2065 3082">
     <span class='ocr_line' id='line_1_49' title="bbox 418 3001 2065 3082; baseline 0.005 -25"><span class='ocrx_word' id='word_1_331' title='bbox 418 3001 580 3076; x_wconf 82' lang='grc' dir='ltr'>μῶλυ</span> <span class='ocrx_word' id='word_1_332' title='bbox 629 3004 717 3059; x_wconf 84' lang='grc' dir='ltr'><strong>τὸν</strong></span> <span class='ocrx_word' id='word_1_333' title='bbox 795 3006 1002 3082; x_wconf 79' lang='grc' dir='ltr'>Ἑρμῆν</span> <span class='ocrx_word' id='word_1_334' title='bbox 1060 3005 1382 3062; x_wconf 72' lang='grc' dir='ltr'>ἐπιλέλοιπε</span> <span class='ocrx_word' id='word_1_335' title='bbox 1438 3012 1534 3063; x_wconf 72' lang='grc' dir='ltr'><strong>τοῦ</strong></span> <span class='ocrx_word' id='word_1_336' title='bbox 1608 3008 1753 3062; x_wconf 81' lang='grc' dir='ltr'>θείου</span> <span class='ocrx_word' id='word_1_337' title='bbox 1810 3008 2065 3081; x_wconf 82' lang='grc' dir='ltr'>μηνίσαν-</span> 
     </span>
    </p>
   </div>
   <div class='ocr_carea' id='block_1_50' title="bbox 2179 1845 3822 1921">
    <p class='ocr_par' dir='ltr' id='par_1_50' title="bbox 2179 1845 3822 1921">
     <span class='ocr_line' id='line_1_50' title="bbox 2179 1845 3822 1921; baseline 0 -16"><span class='ocrx_word' id='word_1_338' title='bbox 2179 1849 2618 1906; x_wconf 88' lang='lat' dir='ltr'><strong>contumeliosis</strong></span> <span class='ocrx_word' id='word_1_339' title='bbox 2648 1848 2840 1904; x_wconf 87' lang='lat' dir='ltr'><strong>verbis</strong></span> <span class='ocrx_word' id='word_1_340' title='bbox 2887 1845 3225 1917; x_wconf 86' lang='lat' dir='ltr'><strong>insultatur,</strong></span> <span class='ocrx_word' id='word_1_341' title='bbox 3267 1847 3451 1921; x_wconf 72' lang='lat' dir='ltr'><strong>alapze</strong></span> <span class='ocrx_word' id='word_1_342' title='bbox 3480 1848 3822 1921; x_wconf 84' lang='lat' dir='ltr'><strong>impingun-</strong></span> 
     </span>
    </p>
   </div>
   <div class='ocr_carea' id='block_1_51' title="bbox 2177 1935 3822 2010">
    <p class='ocr_par' dir='ltr' id='par_1_51' title="bbox 2177 1935 3822 2010">
     <span class='ocr_line' id='line_1_51' title="bbox 2177 1935 3822 2010; baseline 0.001 -17"><span class='ocrx_word' id='word_1_343' title='bbox 2177 1941 2295 2006; x_wconf 88' lang='lat' dir='ltr'><strong>tur,</strong></span> <span class='ocrx_word' id='word_1_344' title='bbox 2319 1943 2487 1995; x_wconf 89' lang='lat' dir='ltr'><strong>nates</strong></span> <span class='ocrx_word' id='word_1_345' title='bbox 2535 1937 2863 2010; x_wconf 86' lang='lat' dir='ltr'><strong>pulsantur,</strong></span> <span class='ocrx_word' id='word_1_346' title='bbox 2906 1937 3088 1993; x_wconf 86' lang='lat' dir='ltr'><strong>barba</strong></span> <span class='ocrx_word' id='word_1_347' title='bbox 3117 1935 3372 2005; x_wconf 81' lang='lat' dir='ltr'><strong>vellitur,</strong></span> <span class='ocrx_word' id='word_1_348' title='bbox 3413 1938 3617 1994; x_wconf 87' lang='lat' dir='ltr'><strong>dentes</strong></span> <span class='ocrx_word' id='word_1_349' title='bbox 3644 1954 3822 1994; x_wconf 87' lang='lat' dir='ltr'><strong>excu-</strong></span> 
     </span>
    </p>
   </div>
   <div class='ocr_carea' id='block_1_52' title="bbox 2176 2024 3825 2100">
    <p class='ocr_par' dir='ltr' id='par_1_52' title="bbox 2176 2024 3825 2100">
     <span class='ocr_line' id='line_1_52' title="bbox 2176 2024 3825 2100; baseline 0 -18"><span class='ocrx_word' id='word_1_350' title='bbox 2176 2028 2425 2096; x_wconf 86' lang='lat' dir='ltr'><strong>tiuntur,</strong></span> <span class='ocrx_word' id='word_1_351' title='bbox 2458 2025 2652 2100; x_wconf 76' lang='lat' dir='ltr'><strong>capilli</strong></span> <span class='ocrx_word' id='word_1_352' title='bbox 2693 2024 3039 2082; x_wconf 87' lang='lat' dir='ltr'><strong>evelluntur.</strong></span> <span class='ocrx_word' id='word_1_353' title='bbox 3101 2026 3337 2081; x_wconf 89' lang='lat' dir='ltr'><strong>Publice</strong></span> <span class='ocrx_word' id='word_1_354' title='bbox 3369 2026 3633 2081; x_wconf 90' lang='lat' dir='ltr'><strong>omnium</strong></span> <span class='ocrx_word' id='word_1_355' title='bbox 3665 2025 3825 2082; x_wconf 84' lang='lat' dir='ltr'><strong>ludi-</strong></span> 
     </span>
    </p>
   </div>
   <div class='ocr_carea' id='block_1_53' title="bbox 2176 2112 3822 2189">
    <p class='ocr_par' dir='ltr' id='par_1_53' title="bbox 2176 2112 3822 2189">
     <span class='ocr_line' id='line_1_53' title="bbox 2176 2112 3822 2189; baseline -0.001 -17"><span class='ocrx_word' id='word_1_356' title='bbox 2176 2115 2316 2172; x_wconf 87' lang='lat' dir='ltr'><strong>briis</strong></span> <span class='ocrx_word' id='word_1_357' title='bbox 2344 2117 2642 2189; x_wconf 85' lang='lat' dir='ltr'><strong>expositus</strong></span> <span class='ocrx_word' id='word_1_358' title='bbox 2668 2114 2841 2171; x_wconf 87' lang='lat' dir='ltr'><strong>etiam</strong></span> <span class='ocrx_word' id='word_1_359' title='bbox 2872 2131 2905 2170; x_wconf 85' lang='lat' dir='ltr'><strong>a</strong></span> <span class='ocrx_word' id='word_1_360' title='bbox 2935 2112 3281 2171; x_wconf 87' lang='lat' dir='ltr'><strong>mulieribus</strong></span> <span class='ocrx_word' id='word_1_361' title='bbox 3315 2114 3530 2187; x_wconf 84' lang='lat' dir='ltr'><strong>pugnis</strong></span> <span class='ocrx_word' id='word_1_362' title='bbox 3560 2115 3822 2187; x_wconf 70' lang='lat' dir='ltr'><strong>caeditur,</strong></span> 
     </span>
    </p>
   </div>
   <div class='ocr_carea' id='block_1_54' title="bbox 2175 2203 3825 2278">
    <p class='ocr_par' dir='ltr' id='par_1_54' title="bbox 2175 2203 3825 2278">
     <span class='ocr_line' id='line_1_54' title="bbox 2175 2203 3825 2278; baseline 0 -18"><span class='ocrx_word' id='word_1_363' title='bbox 2175 2206 2250 2262; x_wconf 89' lang='lat' dir='ltr'><strong>iis</strong></span> <span class='ocrx_word' id='word_1_364' title='bbox 2316 2205 2634 2278; x_wconf 61' lang='lat' dir='ltr'><strong>presertim</strong></span> <span class='ocrx_word' id='word_1_365' title='bbox 2671 2220 2918 2276; x_wconf 88' lang='lat' dir='ltr'><strong>quarum</strong></span> <span class='ocrx_word' id='word_1_366' title='bbox 2979 2203 3221 2258; x_wconf 89' lang='lat' dir='ltr'><strong>maritos</strong></span> <span class='ocrx_word' id='word_1_367' title='bbox 3268 2207 3370 2258; x_wconf 90' lang='lat' dir='ltr'><strong>aut</strong></span> <span class='ocrx_word' id='word_1_368' title='bbox 3399 2203 3693 2260; x_wconf 89' lang='lat' dir='ltr'><strong>occiderat</strong></span> <span class='ocrx_word' id='word_1_369' title='bbox 3722 2206 3825 2260; x_wconf 88' lang='lat' dir='ltr'><strong>aut</strong></span> 
     </span>
    </p>
   </div>
   <div class='ocr_carea' id='block_1_55' title="bbox 2175 2292 3821 2365">
    <p class='ocr_par' dir='ltr' id='par_1_55' title="bbox 2175 2292 3821 2365">
     <span class='ocr_line' id='line_1_55' title="bbox 2175 2292 3821 2365; baseline -0.001 -16"><span class='ocrx_word' id='word_1_370' title='bbox 2175 2299 2508 2352; x_wconf 67' lang='lat' dir='ltr'><strong>excaecarat.</strong></span> <span class='ocrx_word' id='word_1_371' title='bbox 2542 2294 2759 2351; x_wconf 85' lang='lat' dir='ltr'><strong>Deinde</strong></span> <span class='ocrx_word' id='word_1_372' title='bbox 2792 2292 3031 2365; x_wconf 63' lang='lat' dir='ltr'><strong>praecisa</strong></span> <span class='ocrx_word' id='word_1_373' title='bbox 3061 2293 3301 2349; x_wconf 84' lang='lat' dir='ltr'><strong>dextera</strong></span> <span class='ocrx_word' id='word_1_374' title='bbox 3339 2293 3396 2348; x_wconf 91' lang='lat' dir='ltr'><strong>in</strong></span> <span class='ocrx_word' id='word_1_375' title='bbox 3429 2292 3583 2349; x_wconf 90' lang='lat' dir='ltr'><strong>idem</strong></span> <span class='ocrx_word' id='word_1_376' title='bbox 3611 2292 3821 2349; x_wconf 88' lang='lat' dir='ltr'><strong>castel-</strong></span> 
     </span>
    </p>
   </div>
   <div class='ocr_carea' id='block_1_56' title="bbox 2175 2379 3819 2454">
    <p class='ocr_par' dir='ltr' id='par_1_56' title="bbox 2175 2379 3819 2454">
     <span class='ocr_line' id='line_1_56' title="bbox 2175 2379 3819 2454; baseline 0 -15"><span class='ocrx_word' id='word_1_377' title='bbox 2175 2384 2297 2440; x_wconf 91' lang='lat' dir='ltr'><strong>lum</strong></span> <span class='ocrx_word' id='word_1_378' title='bbox 2321 2384 2640 2452; x_wconf 84' lang='lat' dir='ltr'><strong>reducitur,</strong></span> <span class='ocrx_word' id='word_1_379' title='bbox 2674 2383 2800 2439; x_wconf 87' lang='lat' dir='ltr'><strong>sine</strong></span> <span class='ocrx_word' id='word_1_380' title='bbox 2831 2382 2980 2451; x_wconf 91' lang='lat' dir='ltr'><strong>cibo,</strong></span> <span class='ocrx_word' id='word_1_381' title='bbox 3004 2382 3130 2436; x_wconf 84' lang='lat' dir='ltr'><strong>sine</strong></span> <span class='ocrx_word' id='word_1_382' title='bbox 3162 2382 3457 2454; x_wconf 88' lang='lat' dir='ltr'><strong>potu,sine</strong></span> <span class='ocrx_word' id='word_1_383' title='bbox 3486 2379 3604 2439; x_wconf 89' lang='lat' dir='ltr'><strong>ullo</strong></span> <span class='ocrx_word' id='word_1_384' title='bbox 3619 2383 3819 2453; x_wconf 84' lang='lat' dir='ltr'><strong>cujus-</strong></span> 
     </span>
    </p>
   </div>
   <div class='ocr_carea' id='block_1_57' title="bbox 2174 2468 3820 2543">
    <p class='ocr_par' dir='ltr' id='par_1_57' title="bbox 2174 2468 3820 2543">
     <span class='ocr_line' id='line_1_57' title="bbox 2174 2468 3820 2543; baseline -0.001 -17"><span class='ocrx_word' id='word_1_385' title='bbox 2174 2488 2343 2543; x_wconf 85' lang='lat' dir='ltr'><strong>quam</strong></span> <span class='ocrx_word' id='word_1_386' title='bbox 2391 2470 2603 2527; x_wconf 84' lang='lat' dir='ltr'><strong>ofticio.</strong></span> <span class='ocrx_word' id='word_1_387' title='bbox 2638 2470 2787 2541; x_wconf 89' lang='lat' dir='ltr'><strong>_Post</strong></span> <span class='ocrx_word' id='word_1_388' title='bbox 2819 2469 3043 2541; x_wconf 85' lang='lat' dir='ltr'><strong>aliquot</strong></span> <span class='ocrx_word' id='word_1_389' title='bbox 3087 2471 3242 2527; x_wconf 72' lang='lat'><strong>456</strong></span> <span class='ocrx_word' id='word_1_390' title='bbox 3287 2470 3411 2525; x_wconf 88' lang='lat' dir='ltr'><strong>dies</strong></span> <span class='ocrx_word' id='word_1_391' title='bbox 3441 2469 3620 2527; x_wconf 90' lang='lat' dir='ltr'><strong>altero</strong></span> <span class='ocrx_word' id='word_1_392' title='bbox 3651 2468 3820 2526; x_wconf 91' lang='lat' dir='ltr'><strong>oculo</strong></span> 
     </span>
    </p>
   </div>
   <div class='ocr_carea' id='block_1_58' title="bbox 2173 2558 3820 2631">
    <p class='ocr_par' dir='ltr' id='par_1_58' title="bbox 2173 2558 3820 2631">
     <span class='ocr_line' id='line_1_58' title="bbox 2173 2558 3820 2631; baseline -0.001 -14"><span class='ocrx_word' id='word_1_393' title='bbox 2173 2561 2405 2628; x_wconf 72' lang='lat' dir='ltr'><strong>ell&#39;osso,</strong></span> <span class='ocrx_word' id='word_1_394' title='bbox 2452 2559 2719 2616; x_wconf 83' lang='lat' dir='ltr'><strong>scabioso</strong></span> <span class='ocrx_word' id='word_1_395' title='bbox 2750 2558 2968 2615; x_wconf 86' lang='lat' dir='ltr'><strong>camelo</strong></span> <span class='ocrx_word' id='word_1_396' title='bbox 3012 2558 3326 2630; x_wconf 88' lang='lat' dir='ltr'><strong>impositus</strong></span> <span class='ocrx_word' id='word_1_397' title='bbox 3357 2576 3461 2631; x_wconf 90' lang='lat' dir='ltr'><strong>per</strong></span> <span class='ocrx_word' id='word_1_398' title='bbox 3491 2560 3680 2616; x_wconf 82' lang='lat' dir='ltr'><strong>forum</strong></span> <span class='ocrx_word' id='word_1_399' title='bbox 3710 2559 3820 2616; x_wconf 90' lang='lat' dir='ltr'><strong>tri-</strong></span> 
     </span>
    </p>
   </div>
   <div class='ocr_carea' id='block_1_59' title="bbox 2174 2646 3820 2723">
    <p class='ocr_par' dir='ltr' id='par_1_59' title="bbox 2174 2646 3820 2723">
     <span class='ocr_line' id='line_1_59' title="bbox 2174 2646 3820 2723; baseline -0.001 -17"><span class='ocrx_word' id='word_1_400' title='bbox 2174 2650 2379 2722; x_wconf 89' lang='lat' dir='ltr'><strong>umphi</strong></span> <span class='ocrx_word' id='word_1_401' title='bbox 2407 2649 2598 2723; x_wconf 86' lang='lat' dir='ltr'><strong>specie</strong></span> <span class='ocrx_word' id='word_1_402' title='bbox 2627 2650 2973 2716; x_wconf 84' lang='lat' dir='ltr'><strong>traducitur,</strong></span> <span class='ocrx_word' id='word_1_403' title='bbox 3002 2646 3163 2704; x_wconf 86' lang='lat' dir='ltr'><strong>calva</strong></span> <span class='ocrx_word' id='word_1_404' title='bbox 3194 2648 3399 2720; x_wconf 86' lang='lat' dir='ltr'><strong>glabra</strong></span> <span class='ocrx_word' id='word_1_405' title='bbox 3428 2648 3615 2704; x_wconf 88' lang='lat' dir='ltr'><strong>instar</strong></span> <span class='ocrx_word' id='word_1_406' title='bbox 3645 2649 3820 2705; x_wconf 71' lang='lat' dir='ltr'><strong>arida</strong></span> 
     </span>
    </p>
   </div>
   <div class='ocr_carea' id='block_1_60' title="bbox 2173 2735 3816 2811">
    <p class='ocr_par' dir='ltr' id='par_1_60' title="bbox 2173 2735 3816 2811">
     <span class='ocr_line' id='line_1_60' title="bbox 2173 2735 3816 2811; baseline 0 -17"><span class='ocrx_word' id='word_1_407' title='bbox 2173 2755 2421 2811; x_wconf 88' lang='lat' dir='ltr'><strong>quercus</strong></span> <span class='ocrx_word' id='word_1_408' title='bbox 2467 2743 2524 2794; x_wconf 87' lang='lat' dir='ltr'><strong>et</strong></span> <span class='ocrx_word' id='word_1_409' title='bbox 2552 2754 2659 2793; x_wconf 77' lang='lat' dir='ltr'><strong>ovo</strong></span> <span class='ocrx_word' id='word_1_410' title='bbox 2690 2736 2981 2807; x_wconf 90' lang='lat' dir='ltr'><strong>nitidiore,</strong></span> <span class='ocrx_word' id='word_1_411' title='bbox 3033 2740 3090 2793; x_wconf 91' lang='lat' dir='ltr'><strong>et</strong></span> <span class='ocrx_word' id='word_1_412' title='bbox 3121 2737 3277 2792; x_wconf 90' lang='lat' dir='ltr'><strong>brevi</strong></span> <span class='ocrx_word' id='word_1_413' title='bbox 3311 2735 3570 2792; x_wconf 84' lang='lat' dir='ltr'><strong>tunicula</strong></span> <span class='ocrx_word' id='word_1_414' title='bbox 3604 2742 3816 2806; x_wconf 81' lang='lat' dir='ltr'><strong>tectus,</strong></span> 
     </span>
    </p>
   </div>
   <div class='ocr_carea' id='block_1_61' title="bbox 2172 2824 3816 2900">
    <p class='ocr_par' dir='ltr' id='par_1_61' title="bbox 2172 2824 3816 2900">
     <span class='ocr_line' id='line_1_61' title="bbox 2172 2824 3816 2900; baseline -0.001 -15"><span class='ocrx_word' id='word_1_415' title='bbox 2172 2826 2573 2900; x_wconf 85' lang='lat' dir='ltr'><strong>spectaculum</strong></span> <span class='ocrx_word' id='word_1_416' title='bbox 2622 2824 2973 2888; x_wconf 87' lang='lat' dir='ltr'><strong>miserabile.</strong></span> <span class='ocrx_word' id='word_1_417' title='bbox 3040 2827 3191 2896; x_wconf 89' lang='lat' dir='ltr'><strong>quod</strong></span> <span class='ocrx_word' id='word_1_418' title='bbox 3235 2825 3390 2882; x_wconf 89' lang='lat' dir='ltr'><strong>rivos</strong></span> <span class='ocrx_word' id='word_1_419' title='bbox 3425 2824 3816 2899; x_wconf 80' lang='lat' dir='ltr'><strong>lacrymarum</strong></span> 
     </span>
    </p>
   </div>
   <div class='ocr_carea' id='block_1_62' title="bbox 2170 2914 3815 2990">
    <p class='ocr_par' dir='ltr' id='par_1_62' title="bbox 2170 2914 3815 2990">
     <span class='ocr_line' id='line_1_62' title="bbox 2170 2914 3815 2990; baseline -0.001 -14"><span class='ocrx_word' id='word_1_420' title='bbox 2170 2920 2375 2977; x_wconf 84' lang='lat' dir='ltr'><strong>elicere</strong></span> <span class='ocrx_word' id='word_1_421' title='bbox 2408 2922 2578 2990; x_wconf 86' lang='lat' dir='ltr'><strong>queat</strong></span> <span class='ocrx_word' id='word_1_422' title='bbox 2608 2933 2674 2972; x_wconf 86' lang='lat' dir='ltr'><strong>ex</strong></span> <span class='ocrx_word' id='word_1_423' title='bbox 2720 2915 2904 2972; x_wconf 89' lang='lat' dir='ltr'><strong>oculis</strong></span> <span class='ocrx_word' id='word_1_424' title='bbox 2952 2931 3066 2972; x_wconf 89' lang='lat' dir='ltr'><strong>non</strong></span> <span class='ocrx_word' id='word_1_425' title='bbox 3101 2914 3456 2972; x_wconf 88' lang='lat' dir='ltr'><strong>inhumanis.</strong></span> <span class='ocrx_word' id='word_1_426' title='bbox 3506 2916 3616 2972; x_wconf 89' lang='lat' dir='ltr'><strong>Sed</strong></span> <span class='ocrx_word' id='word_1_427' title='bbox 3650 2916 3815 2974; x_wconf 79' lang='lat' dir='ltr'><strong>stoli-</strong></span> 
     </span>
    </p>
   </div>
   <div class='ocr_carea' id='block_1_63' title="bbox 2170 3003 3815 3080">
    <p class='ocr_par' dir='ltr' id='par_1_63' title="bbox 2170 3003 3815 3080">
     <span class='ocr_line' id='line_1_63' title="bbox 2170 3003 3815 3080; baseline -0.001 -15"><span class='ocrx_word' id='word_1_428' title='bbox 2170 3008 2394 3065; x_wconf 88' lang='lat' dir='ltr'><strong>dissimi</strong></span> <span class='ocrx_word' id='word_1_429' title='bbox 2426 3015 2481 3063; x_wconf 90' lang='lat' dir='ltr'><strong>et</strong></span> <span class='ocrx_word' id='word_1_430' title='bbox 2512 3003 2968 3080; x_wconf 85' lang='lat' dir='ltr'><strong>petulantissimi</strong></span> <span class='ocrx_word' id='word_1_431' title='bbox 3001 3004 3166 3060; x_wconf 92' lang='lat' dir='ltr'><strong>urbis</strong></span> <span class='ocrx_word' id='word_1_432' title='bbox 3217 3004 3437 3074; x_wconf 76' lang='lat' dir='ltr'><strong>incolae,</strong></span> <span class='ocrx_word' id='word_1_433' title='bbox 3490 3007 3815 3077; x_wconf 74' lang='lat' dir='ltr'><strong>praesertim</strong></span> 
     </span>
    </p>
   </div>
   <div class='ocr_carea' id='block_1_64' title="bbox 412 3092 2065 3182">
    <p class='ocr_par' dir='ltr' id='par_1_64' title="bbox 412 3092 2057 3174">
     <span class='ocr_line' id='line_1_64' title="bbox 412 3092 2057 3174; baseline 0.005 -30"><span class='ocrx_word' id='word_1_434' title='bbox 412 3109 524 3151; x_wconf 86' lang='grc' dir='ltr'>τος.</span> <span class='ocrx_word' id='word_1_435' title='bbox 567 3093 678 3165; x_wconf 79' lang='grc'><strong>(21)</strong></span> <span class='ocrx_word' id='word_1_436' title='bbox 710 3092 843 3168; x_wconf 77' lang='grc' dir='ltr'>Εἶχε</span> <span class='ocrx_word' id='word_1_437' title='bbox 880 3094 1059 3148; x_wconf 86' lang='grc' dir='ltr'>τοίνυν</span> <span class='ocrx_word' id='word_1_438' title='bbox 1094 3098 1286 3150; x_wconf 68' lang='grc' dir='ltr'>τοῦτον</span> <span class='ocrx_word' id='word_1_439' title='bbox 1315 3097 1350 3165; x_wconf 79' lang='grc' dir='ltr'>ἡ</span> <span class='ocrx_word' id='word_1_440' title='bbox 1382 3098 1478 3149; x_wconf 75' lang='grc' dir='ltr'><strong>τοῦ</strong></span> <span class='ocrx_word' id='word_1_441' title='bbox 1535 3096 1737 3169; x_wconf 87' lang='grc' dir='ltr'>Ἀνεμᾶ</span> <span class='ocrx_word' id='word_1_442' title='bbox 1788 3095 2057 3174; x_wconf 88' lang='grc' dir='ltr'>λεγομένη</span> 
     </span>
    </p>
   </div>
   <div class='ocr_carea' id='block_1_65' title="bbox 2173 3092 3821 3182">
    <p class='ocr_par' dir='ltr' id='par_1_65' title="bbox 2179 3093 3821 3166">
     <span class='ocr_line' id='line_1_65' title="bbox 2179 3093 3821 3166; baseline -0.001 -12"><span class='ocrx_word' id='word_1_443' title='bbox 2179 3100 2440 3164; x_wconf 87' lang='lat' dir='ltr'><strong>fartores,</strong></span> <span class='ocrx_word' id='word_1_444' title='bbox 2467 3095 2720 3161; x_wconf 86' lang='lat' dir='ltr'><strong>coriarii,</strong></span> <span class='ocrx_word' id='word_1_445' title='bbox 2767 3093 3004 3166; x_wconf 82' lang='lat' dir='ltr'><strong>opiﬁces</strong></span> <span class='ocrx_word' id='word_1_446' title='bbox 3053 3098 3110 3150; x_wconf 90' lang='lat' dir='ltr'><strong>et</strong></span> <span class='ocrx_word' id='word_1_447' title='bbox 3143 3094 3605 3151; x_wconf 82' lang='lat' dir='ltr'><strong>circumforanea</strong></span> <span class='ocrx_word' id='word_1_448' title='bbox 3638 3095 3821 3153; x_wconf 86' lang='lat' dir='ltr'><strong>sordi-</strong></span> 
     </span>
    </p>
   </div>
   <div class='ocr_carea' id='block_1_66' title="bbox 408 3177 2062 3262">
    <p class='ocr_par' dir='ltr' id='par_1_66' title="bbox 408 3177 2062 3262">
     <span class='ocr_line' id='line_1_66' title="bbox 408 3177 2062 3262; baseline 0.007 -30"><span class='ocrx_word' id='word_1_449' title='bbox 408 3180 637 3259; x_wconf 71' lang='grc' dir='ltr'>φρουρὰ,</span> <span class='ocrx_word' id='word_1_450' title='bbox 672 3177 789 3235; x_wconf 84' lang='grc' dir='ltr'>δυσῖ</span> <span class='ocrx_word' id='word_1_451' title='bbox 819 3184 1076 3257; x_wconf 82' lang='grc' dir='ltr'>παχείαις</span> <span class='ocrx_word' id='word_1_452' title='bbox 1109 3181 1329 3239; x_wconf 72' lang='grc' dir='ltr'>ἁλύσεσι</span> <span class='ocrx_word' id='word_1_453' title='bbox 1385 3184 1479 3240; x_wconf 85' lang='grc' dir='ltr'>τὸν</span> <span class='ocrx_word' id='word_1_454' title='bbox 1530 3185 1751 3259; x_wconf 79' lang='grc' dir='ltr'>ὑψιτενῆ</span> <span class='ocrx_word' id='word_1_455' title='bbox 1789 3187 2062 3262; x_wconf 77' lang='grc' dir='ltr'>βαρούμε-</span> 
     </span>
    </p>
   </div>
   <div class='ocr_carea' id='block_1_67' title="bbox 400 3268 2059 3348">
    <p class='ocr_par' dir='ltr' id='par_1_67' title="bbox 400 3268 2059 3348">
     <span class='ocr_line' id='line_1_67' title="bbox 400 3268 2059 3348; baseline 0.003 -21"><span class='ocrx_word' id='word_1_456' title='bbox 400 3288 495 3327; x_wconf 82' lang='grc' dir='ltr'><strong>νον</strong></span> <span class='ocrx_word' id='word_1_457' title='bbox 520 3268 826 3345; x_wconf 78' lang='grc' dir='ltr'>τράχηλον,</span> <span class='ocrx_word' id='word_1_458' title='bbox 883 3271 970 3345; x_wconf 81' lang='grc' dir='ltr'><strong>ὑφ’</strong></span> <span class='ocrx_word' id='word_1_459' title='bbox 1001 3273 1074 3327; x_wconf 82' lang='grc' dir='ltr'>ὧν</span> <span class='ocrx_word' id='word_1_460' title='bbox 1109 3274 1162 3327; x_wconf 75' lang='grc' dir='ltr'>οἱ</span> <span class='ocrx_word' id='word_1_461' title='bbox 1217 3271 1272 3327; x_wconf 83' lang='grc' dir='ltr'><strong>ἐν</strong></span> <span class='ocrx_word' id='word_1_462' title='bbox 1304 3270 1708 3348; x_wconf 80' lang='grc' dir='ltr'>δεσμωτηρίοις</span> <span class='ocrx_word' id='word_1_463' title='bbox 1745 3275 2059 3348; x_wconf 81' lang='grc' dir='ltr'>σιτούμενοι</span> 
     </span>
    </p>
   </div>
   <div class='ocr_carea' id='block_1_68' title="bbox 401 3358 2061 3442">
    <p class='ocr_par' dir='ltr' id='par_1_68' title="bbox 401 3358 2061 3442">
     <span class='ocr_line' id='line_1_68' title="bbox 401 3358 2061 3442; baseline 0.004 -27"><span class='ocrx_word' id='word_1_464' title='bbox 401 3359 615 3423; x_wconf 82' lang='grc' dir='ltr'>λέοντες</span> <span class='ocrx_word' id='word_1_465' title='bbox 646 3361 784 3433; x_wconf 84' lang='grc' dir='ltr'>μετὰ</span> <span class='ocrx_word' id='word_1_466' title='bbox 839 3358 1107 3436; x_wconf 84' lang='grc' dir='ltr'>σιδηρέων</span> <span class='ocrx_word' id='word_1_467' title='bbox 1163 3360 1366 3418; x_wconf 81' lang='grc' dir='ltr'>κλοιῶν</span> <span class='ocrx_word' id='word_1_468' title='bbox 1429 3363 1771 3442; x_wconf 66' lang='grc' dir='ltr'>συνέχονται,</span> <span class='ocrx_word' id='word_1_469' title='bbox 1829 3364 1920 3420; x_wconf 81' lang='grc' dir='ltr'><strong>καὶ</strong></span> <span class='ocrx_word' id='word_1_470' title='bbox 1972 3367 2061 3421; x_wconf 81' lang='grc' dir='ltr'>πέ-</span> 
     </span>
    </p>
   </div>
   <div class='ocr_carea' id='block_1_69' title="bbox 401 3446 2063 3528">
    <p class='ocr_par' dir='ltr' id='par_1_69' title="bbox 401 3446 2063 3528">
     <span class='ocr_line' id='line_1_69' title="bbox 401 3446 2063 3528; baseline 0.004 -23"><span class='ocrx_word' id='word_1_471' title='bbox 401 3446 519 3512; x_wconf 83' lang='grc' dir='ltr'>δαις</span> <span class='ocrx_word' id='word_1_472' title='bbox 550 3451 678 3513; x_wconf 70' lang='grc' dir='ltr'>τοὺς</span> <span class='ocrx_word' id='word_1_473' title='bbox 708 3449 880 3513; x_wconf 81' lang='grc' dir='ltr'>πόδας</span> <span class='ocrx_word' id='word_1_474' title='bbox 913 3451 1272 3526; x_wconf 71' lang='grc' dir='ltr'>κοινούμενον.</span> <span class='ocrx_word' id='word_1_475' title='bbox 1332 3454 1721 3528; x_wconf 74' lang='grc' dir='ltr'>Ἐμφανισθεὶς</span> <span class='ocrx_word' id='word_1_476' title='bbox 1782 3452 1838 3510; x_wconf 74' lang='grc' dir='ltr'>δὲ</span> <span class='ocrx_word' id='word_1_477' title='bbox 1889 3455 2063 3520; x_wconf 67' lang='grc' dir='ltr'>οὕτως</span> 
     </span>
    </p>
   </div>
   <div class='ocr_carea' id='block_1_70' title="bbox 398 3534 2059 3619">
    <p class='ocr_par' dir='ltr' id='par_1_70' title="bbox 398 3534 2059 3619">
     <span class='ocr_line' id='line_1_70' title="bbox 398 3534 2059 3619; baseline 0.005 -27"><span class='ocrx_word' id='word_1_478' title='bbox 398 3534 544 3618; x_wconf 81' lang='grc' dir='ltr'>ἔχων</span> <span class='ocrx_word' id='word_1_479' title='bbox 603 3540 694 3595; x_wconf 76' lang='grc' dir='ltr'><strong>καὶ</strong></span> <span class='ocrx_word' id='word_1_480' title='bbox 753 3541 1029 3614; x_wconf 75' lang='grc' dir='ltr'>παραστὰς</span> <span class='ocrx_word' id='word_1_481' title='bbox 1102 3542 1357 3614; x_wconf 81' lang='grc' dir='ltr'>Ἰσαακίῳ</span> <span class='ocrx_word' id='word_1_482' title='bbox 1436 3546 1515 3614; x_wconf 74' lang='grc' dir='ltr'>τῷ</span> <span class='ocrx_word' id='word_1_483' title='bbox 1573 3543 1793 3618; x_wconf 83' lang='grc' dir='ltr'>βασιλεῖ</span> <span class='ocrx_word' id='word_1_484' title='bbox 1869 3539 2059 3619; x_wconf 72' lang='grc' dir='ltr'>ὕϐρεσι</span> 
     </span>
    </p>
   </div>
   <div class='ocr_carea' id='block_1_71' title="bbox 400 3625 2059 3709">
    <p class='ocr_par' dir='ltr' id='par_1_71' title="bbox 400 3625 2059 3709">
     <span class='ocr_line' id='line_1_71' title="bbox 400 3625 2059 3709; baseline 0.004 -27"><span class='ocrx_word' id='word_1_485' title='bbox 400 3625 709 3704; x_wconf 71' lang='grc' dir='ltr'><strong>βάλλεται,⁸</strong></span> <span class='ocrx_word' id='word_1_486' title='bbox 762 3629 900 3683; x_wconf 79' lang='grc' dir='ltr'>κατὰ</span> <span class='ocrx_word' id='word_1_487' title='bbox 951 3626 1157 3704; x_wconf 72' lang='grc' dir='ltr'>κόρρης</span> <span class='ocrx_word' id='word_1_488' title='bbox 1236 3628 1537 3705; x_wconf 74' lang='grc' dir='ltr'>ῥαπίζεται,</span> <span class='ocrx_word' id='word_1_489' title='bbox 1603 3630 1731 3695; x_wconf 81' lang='grc' dir='ltr'>τοὺς</span> <span class='ocrx_word' id='word_1_490' title='bbox 1789 3630 2059 3709; x_wconf 86' lang='grc' dir='ltr'>γλουτοὺς</span> 
     </span>
    </p>
   </div>
   <div class='ocr_carea' id='block_1_72' title="bbox 399 3715 2060 3798">
    <p class='ocr_par' dir='ltr' id='par_1_72' title="bbox 399 3715 2060 3798">
     <span class='ocr_line' id='line_1_72' title="bbox 399 3715 2060 3798; baseline 0.004 -27"><span class='ocrx_word' id='word_1_491' title='bbox 399 3715 761 3792; x_wconf 60' lang='grc' dir='ltr'>ἐπικρούεται,</span> <span class='ocrx_word' id='word_1_492' title='bbox 792 3721 895 3787; x_wconf 66' lang='grc' dir='ltr'>τὴν</span> <span class='ocrx_word' id='word_1_493' title='bbox 926 3717 1079 3795; x_wconf 82' lang='grc' dir='ltr'>γένυν</span> <span class='ocrx_word' id='word_1_494' title='bbox 1134 3717 1406 3792; x_wconf 80' lang='grc' dir='ltr'>τίλλεται,</span> <span class='ocrx_word' id='word_1_495' title='bbox 1458 3717 1589 3781; x_wconf 70' lang='grc' dir='ltr'>τοὺς</span> <span class='ocrx_word' id='word_1_496' title='bbox 1657 3717 1881 3785; x_wconf 77' lang='grc' dir='ltr'>ὀδόντας</span> <span class='ocrx_word' id='word_1_497' title='bbox 1910 3721 2060 3798; x_wconf 80' lang='grc' dir='ltr'>ἐκρι-</span> 
     </span>
    </p>
   </div>
   <div class='ocr_carea' id='block_1_73' title="bbox 401 3806 2061 3886">
    <p class='ocr_par' dir='ltr' id='par_1_73' title="bbox 401 3806 2061 3886">
     <span class='ocr_line' id='line_1_73' title="bbox 401 3806 2061 3886; baseline 0.005 -27"><span class='ocrx_word' id='word_1_498' title='bbox 401 3809 608 3875; x_wconf 78' lang='grc' dir='ltr'>ζοῦται,</span> <span class='ocrx_word' id='word_1_499' title='bbox 666 3809 772 3877; x_wconf 66' lang='grc' dir='ltr'>τὴν</span> <span class='ocrx_word' id='word_1_500' title='bbox 829 3806 1076 3886; x_wconf 72' lang='grc' dir='ltr'>κεφαλὴν</span> <span class='ocrx_word' id='word_1_501' title='bbox 1138 3806 1397 3880; x_wconf 50' lang='grc' dir='ltr'><strong>Ιζηλοῦται</strong></span> <span class='ocrx_word' id='word_1_502' title='bbox 1452 3813 1688 3885; x_wconf 86' lang='grc' dir='ltr'>τριχῶν,</span> <span class='ocrx_word' id='word_1_503' title='bbox 1756 3811 1832 3873; x_wconf 83' lang='grc' dir='ltr'>εἷς</span> <span class='ocrx_word' id='word_1_504' title='bbox 1882 3812 2061 3868; x_wconf 77' lang='grc' dir='ltr'>κοινὸν</span> 
     </span>
    </p>
   </div>
   <div class='ocr_carea' id='block_1_74' title="bbox 399 3893 2060 3978">
    <p class='ocr_par' dir='ltr' id='par_1_74' title="bbox 399 3893 2060 3978">
     <span class='ocr_line' id='line_1_74' title="bbox 399 3893 2060 3978; baseline 0.004 -28"><span class='ocrx_word' id='word_1_505' title='bbox 399 3893 669 3951; x_wconf 74' lang='grc' dir='ltr'>ἐκδίδοται</span> <span class='ocrx_word' id='word_1_506' title='bbox 724 3897 976 3971; x_wconf 79' lang='grc' dir='ltr'>παίγνιον</span> <span class='ocrx_word' id='word_1_507' title='bbox 1029 3900 1160 3952; x_wconf 73' lang='grc' dir='ltr'>πᾶσι</span> <span class='ocrx_word' id='word_1_508' title='bbox 1206 3902 1324 3958; x_wconf 86' lang='grc' dir='ltr'>τοῖς</span> <span class='ocrx_word' id='word_1_509' title='bbox 1385 3896 1756 3969; x_wconf 73' lang='grc' dir='ltr'>συνελθοῦσιν,</span> <span class='ocrx_word' id='word_1_510' title='bbox 1802 3900 2060 3978; x_wconf 79' lang='grc' dir='ltr'>ἐμπαροι-</span> 
     </span>
    </p>
   </div>
   <div class='ocr_carea' id='block_1_75' title="bbox 401 3987 2060 4067">
    <p class='ocr_par' dir='ltr' id='par_1_75' title="bbox 401 3987 2060 4067">
     <span class='ocr_line' id='line_1_75' title="bbox 401 3987 2060 4067; baseline 0.004 -25"><span class='ocrx_word' id='word_1_511' title='bbox 401 3994 570 4043; x_wconf 83' lang='grc' dir='ltr'>νεῖται</span> <span class='ocrx_word' id='word_1_512' title='bbox 620 3989 708 4043; x_wconf 86' lang='grc' dir='ltr'><strong>καὶ</strong></span> <span class='ocrx_word' id='word_1_513' title='bbox 757 3987 858 4042; x_wconf 84' lang='grc' dir='ltr'>ὑπὸ</span> <span class='ocrx_word' id='word_1_514' title='bbox 896 3992 1160 4063; x_wconf 82' lang='grc' dir='ltr'>γυναικῶν</span> <span class='ocrx_word' id='word_1_515' title='bbox 1206 3989 1295 4043; x_wconf 82' lang='grc' dir='ltr'>καί</span> <span class='ocrx_word' id='word_1_516' title='bbox 1347 3988 1605 4045; x_wconf 89' lang='grc' dir='ltr'>τύπτεται</span> <span class='ocrx_word' id='word_1_517' title='bbox 1637 3996 1874 4067; x_wconf 81' lang='grc' dir='ltr'>πυγμαῖς</span> <span class='ocrx_word' id='word_1_518' title='bbox 1923 3992 2060 4049; x_wconf 79' lang='grc' dir='ltr'>κατὰ</span> 
     </span>
    </p>
   </div>
   <div class='ocr_carea' id='block_1_76' title="bbox 406 4075 2059 4155">
    <p class='ocr_par' dir='ltr' id='par_1_76' title="bbox 406 4075 2059 4155">
     <span class='ocr_line' id='line_1_76' title="bbox 406 4075 2059 4155; baseline 0.004 -25"><span class='ocrx_word' id='word_1_519' title='bbox 406 4079 701 4150; x_wconf 78' lang='grc' dir='ltr'>στόματος,</span> <span class='ocrx_word' id='word_1_520' title='bbox 756 4077 845 4132; x_wconf 84' lang='grc' dir='ltr'>καὶ</span> <span class='ocrx_word' id='word_1_521' title='bbox 900 4075 1107 4132; x_wconf 86' lang='grc' dir='ltr'>τούτων</span> <span class='ocrx_word' id='word_1_522' title='bbox 1185 4077 1382 4132; x_wconf 86' lang='grc' dir='ltr'>ὁπόσαι</span> <span class='ocrx_word' id='word_1_523' title='bbox 1465 4076 1701 4152; x_wconf 78' lang='grc' dir='ltr'>μάλιστα</span> <span class='ocrx_word' id='word_1_524' title='bbox 1757 4080 1791 4150; x_wconf 71' lang='grc' dir='ltr'><strong>ἢ</strong></span> <span class='ocrx_word' id='word_1_525' title='bbox 1849 4081 2059 4155; x_wconf 76' lang='grc' dir='ltr'>θανάτῳ</span> 
     </span>
    </p>
   </div>
   <div class='ocr_carea' id='block_1_77' title="bbox 406 4164 2057 4243">
    <p class='ocr_par' dir='ltr' id='par_1_77' title="bbox 406 4164 2057 4243">
     <span class='ocr_line' id='line_1_77' title="bbox 406 4164 2057 4243; baseline 0.004 -23"><span class='ocrx_word' id='word_1_526' title='bbox 406 4167 496 4220; x_wconf 76' lang='grc' dir='ltr'><strong>ὑπ’</strong></span> <span class='ocrx_word' id='word_1_527' title='bbox 527 4164 879 4243; x_wconf 75' lang='grc' dir='ltr'>Ἀνδρονίκου</span> <span class='ocrx_word' id='word_1_528' title='bbox 936 4164 1275 4223; x_wconf 79' lang='grc' dir='ltr'>ἀπεϐάλοντο</span> <span class='ocrx_word' id='word_1_529' title='bbox 1334 4167 1461 4230; x_wconf 67' lang='grc' dir='ltr'>τοὺς</span> <span class='ocrx_word' id='word_1_530' title='bbox 1511 4168 1794 4234; x_wconf 85' lang='grc' dir='ltr'>συνεύνους</span> <span class='ocrx_word' id='word_1_531' title='bbox 1831 4167 1868 4240; x_wconf 75' lang='grc' dir='ltr'><strong>ἤ</strong></span> <span class='ocrx_word' id='word_1_532' title='bbox 1925 4171 2057 4235; x_wconf 75' lang='grc' dir='ltr'>τοὺς</span> 
     </span>
    </p>
   </div>
   <div class='ocr_carea' id='block_1_78' title="bbox 397 4251 2058 4334">
    <p class='ocr_par' dir='ltr' id='par_1_78' title="bbox 397 4251 2058 4334">
     <span class='ocr_line' id='line_1_78' title="bbox 397 4251 2058 4334; baseline 0.004 -26"><span class='ocrx_word' id='word_1_533' title='bbox 397 4255 724 4334; x_wconf 64' lang='grc' dir='ltr'>ὀφθαλμοὺς</span> <span class='ocrx_word' id='word_1_534' title='bbox 805 4251 1243 4331; x_wconf 79' lang='grc' dir='ltr'>ἀπεσϐεσμένους</span> <span class='ocrx_word' id='word_1_535' title='bbox 1319 4251 1617 4315; x_wconf 72' lang='grc' dir='ltr'>ἀπέλαϐον.</span> <span class='ocrx_word' id='word_1_536' title='bbox 1681 4259 1904 4314; x_wconf 86' lang='grc' dir='ltr'>Ἒπειτα</span> <span class='ocrx_word' id='word_1_537' title='bbox 1958 4262 2058 4330; x_wconf 74' lang='grc' dir='ltr'>τήν</span> 
     </span>
    </p>
   </div>
   <div class='ocr_carea' id='block_1_79' title="bbox 402 4339 2058 4421">
    <p class='ocr_par' dir='ltr' id='par_1_79' title="bbox 402 4339 2058 4421">
     <span class='ocr_line' id='line_1_79' title="bbox 402 4339 2058 4421; baseline 0.002 -22"><span class='ocrx_word' id='word_1_538' title='bbox 402 4339 573 4415; x_wconf 65' lang='grc' dir='ltr'>δεξιὰν</span> <span class='ocrx_word' id='word_1_539' title='bbox 619 4350 782 4421; x_wconf 84' lang='grc' dir='ltr'>χεῖρα</span> <span class='ocrx_word' id='word_1_540' title='bbox 832 4342 1050 4400; x_wconf 82' lang='grc' dir='ltr'>πελέκει</span> <span class='ocrx_word' id='word_1_541' title='bbox 1108 4345 1407 4407; x_wconf 74' lang='grc' dir='ltr'>ἀποκοπεῖς</span> <span class='ocrx_word' id='word_1_542' title='bbox 1463 4346 1915 4421; x_wconf 72' lang='grc' dir='ltr'>παραρῥιπτεῖται</span> <span class='ocrx_word' id='word_1_543' title='bbox 1963 4348 2058 4403; x_wconf 83' lang='grc' dir='ltr'>αὗ-</span> 
     </span>
    </p>
   </div>
   <div class='ocr_carea' id='block_1_80' title="bbox 403 4431 2134 4540">
    <p class='ocr_par' dir='ltr' id='par_1_80' title="bbox 403 4431 2134 4540">
     <span class='ocr_line' id='line_1_80' title="bbox 403 4431 2134 4540; baseline 0.004 -55"><span class='ocrx_word' id='word_1_544' title='bbox 403 4432 483 4494; x_wconf 80' lang='grc' dir='ltr'>θις</span> <span class='ocrx_word' id='word_1_545' title='bbox 537 4438 605 4507; x_wconf 74' lang='grc' dir='ltr'><strong>τῇ</strong></span> <span class='ocrx_word' id='word_1_546' title='bbox 664 4432 802 4508; x_wconf 80' lang='grc' dir='ltr'><strong>αὐτῇ</strong></span> <span class='ocrx_word' id='word_1_547' title='bbox 857 4432 1096 4511; x_wconf 64' lang='grc' dir='ltr'>φυλακῇ,</span> <span class='ocrx_word' id='word_1_548' title='bbox 1157 4431 1362 4506; x_wconf 77' lang='grc' dir='ltr'>ἄσιτος,</span> <span class='ocrx_word' id='word_1_549' title='bbox 1421 4433 1643 4505; x_wconf 80' lang='grc' dir='ltr'>ἄποτος,</span> <span class='ocrx_word' id='word_1_550' title='bbox 1689 4436 1776 4490; x_wconf 85' lang='grc' dir='ltr'>ὑπ’</span> <span class='ocrx_word' id='word_1_551' title='bbox 1834 4433 2054 4500; x_wconf 84' lang='grc' dir='ltr'>οὐδενὸς</span> <span class='ocrx_word' id='word_1_552' title='bbox 2088 4475 2134 4540; x_wconf 86' lang='lat' dir='ltr'><strong>D</strong></span> 
     </span>
     <span class='ocr_line' id='line_1_81' title="bbox 546 4519 1957 4540; baseline 0 0"><span class='ocrx_word' id='word_1_553' title='bbox 546 4520 567 4540; x_wconf 55' lang='grc' dir='ltr'>Ἰ</span> <span class='ocrx_word' id='word_1_554' title='bbox 715 4524 726 4540; x_wconf 90' lang='grc' dir='ltr'><strong><em>Ι</em></strong></span> <span class='ocrx_word' id='word_1_555' title='bbox 937 4529 965 4540; x_wconf 67' lang='grc' dir='ltr'><strong><em>ο</em></strong></span> <span class='ocrx_word' id='word_1_556' title='bbox 1090 4522 1102 4540; x_wconf 72' lang='grc' dir='ltr'><strong>ε</strong></span> <span class='ocrx_word' id='word_1_557' title='bbox 1216 4526 1240 4538; x_wconf 63' lang='grc' dir='ltr'><em>υ</em></span> <span class='ocrx_word' id='word_1_558' title='bbox 1475 4519 1535 4540; x_wconf 51' lang='grc' dir='ltr'><strong>ἢ-</strong></span> <span class='ocrx_word' id='word_1_559' title='bbox 1651 4524 1701 4540; x_wconf 65' lang='grc'>1.</span> <span class='ocrx_word' id='word_1_560' title='bbox 1737 4526 1783 4540; x_wconf 62' lang='lat' dir='ltr'><strong>na</strong></span> <span class='ocrx_word' id='word_1_561' title='bbox 1857 4526 1871 4540; x_wconf 78' lang='grc' dir='ltr'><strong><em>ο</em></strong></span> <span class='ocrx_word' id='word_1_562' title='bbox 1946 4522 1957 4540; x_wconf 75' lang='grc'><strong><em>1</em></strong></span> 
     </span>
    </p>
   </div>
   <div class='ocr_carea' id='block_1_81' title="bbox 412 4519 2056 4601">
    <p class='ocr_par' dir='ltr' id='par_1_81' title="bbox 412 4519 2056 4601">
     <span class='ocr_line' id='line_1_82' title="bbox 412 4519 2056 4601; baseline 0.005 -28"><span class='ocrx_word' id='word_1_563' title='bbox 412 4520 842 4597; x_wconf 79' lang='grc' dir='ltr'>μεταλαγχάνων</span> <span class='ocrx_word' id='word_1_564' title='bbox 901 4529 998 4592; x_wconf 84' lang='grc' dir='ltr'><strong>τῆς</strong></span> <span class='ocrx_word' id='word_1_565' title='bbox 1058 4522 1274 4577; x_wconf 76' lang='grc' dir='ltr'>οἱασοῦν</span> <span class='ocrx_word' id='word_1_566' title='bbox 1332 4519 1594 4596; x_wconf 78' lang='grc' dir='ltr'>κομιδῆς.</span> <span class='ocrx_word' id='word_1_567' title='bbox 1651 4524 1783 4580; x_wconf 75' lang='grc' dir='ltr'><strong>Μεθ’</strong></span> <span class='ocrx_word' id='word_1_568' title='bbox 1847 4522 2056 4601; x_wconf 75' lang='grc' dir='ltr'>ἡμέρας</span> 
     </span>
    </p>
   </div>
   <div class='ocr_carea' id='block_1_82' title="bbox 410 4603 2055 4690">
    <p class='ocr_par' dir='ltr' id='par_1_82' title="bbox 410 4603 2055 4690">
     <span class='ocr_line' id='line_1_83' title="bbox 410 4603 2055 4690; baseline 0.005 -30"><span class='ocrx_word' id='word_1_569' title='bbox 410 4603 466 4660; x_wconf 80' lang='grc' dir='ltr'><strong>δέ</strong></span> <span class='ocrx_word' id='word_1_570' title='bbox 492 4628 641 4672; x_wconf 88' lang='grc' dir='ltr'>τινας</span> <span class='ocrx_word' id='word_1_571' title='bbox 670 4610 759 4665; x_wconf 82' lang='grc' dir='ltr'><strong>καὶ</strong></span> <span class='ocrx_word' id='word_1_572' title='bbox 816 4611 907 4665; x_wconf 75' lang='grc' dir='ltr'><strong>τὸν</strong></span> <span class='ocrx_word' id='word_1_573' title='bbox 937 4606 1122 4686; x_wconf 69' lang='grc' dir='ltr'>ἕτερον</span> <span class='ocrx_word' id='word_1_574' title='bbox 1171 4614 1276 4665; x_wconf 86' lang='grc' dir='ltr'><strong>τῶν</strong></span> <span class='ocrx_word' id='word_1_575' title='bbox 1344 4610 1646 4690; x_wconf 71' lang='grc' dir='ltr'>ὀφθαλμῶν</span> <span class='ocrx_word' id='word_1_576' title='bbox 1697 4610 2055 4687; x_wconf 78' lang='grc' dir='ltr'>ἐξορύττεται,</span> 
     </span>
    </p>
   </div>
   <div class='ocr_carea' id='block_1_83' title="bbox 406 4696 2057 4777">
    <p class='ocr_par' dir='ltr' id='par_1_83' title="bbox 406 4696 2057 4777">
     <span class='ocr_line' id='line_1_84' title="bbox 406 4696 2057 4777; baseline 0.003 -25"><span class='ocrx_word' id='word_1_577' title='bbox 406 4697 494 4753; x_wconf 79' lang='grc' dir='ltr'><strong>καὶ</strong></span> <span class='ocrx_word' id='word_1_578' title='bbox 529 4700 800 4760; x_wconf 78' lang='grc' dir='ltr'>καθεσθεὶς</span> <span class='ocrx_word' id='word_1_579' title='bbox 833 4698 918 4755; x_wconf 78' lang='grc' dir='ltr'>ἐπὶ</span> <span class='ocrx_word' id='word_1_580' title='bbox 949 4699 1209 4774; x_wconf 62' lang='grc' dir='ltr'>καμήλου</span> <span class='ocrx_word' id='word_1_581' title='bbox 1240 4700 1542 4775; x_wconf 81' lang='grc' dir='ltr'>ψωριώσης</span> <span class='ocrx_word' id='word_1_582' title='bbox 1592 4696 1680 4756; x_wconf 75' lang='grc' dir='ltr'><strong>διὰ</strong></span> <span class='ocrx_word' id='word_1_583' title='bbox 1709 4708 1809 4771; x_wconf 73' lang='grc' dir='ltr'>τῆς</span> <span class='ocrx_word' id='word_1_584' title='bbox 1855 4701 2057 4777; x_wconf 82' lang='grc' dir='ltr'>ἀγορᾶς</span> 
     </span>
    </p>
   </div>
   <div class='ocr_carea' id='block_1_84' title="bbox 406 4782 2055 4868">
    <p class='ocr_par' dir='ltr' id='par_1_84' title="bbox 406 4782 2055 4868">
     <span class='ocr_line' id='line_1_85' title="bbox 406 4782 2055 4868; baseline 0.004 -27"><span class='ocrx_word' id='word_1_585' title='bbox 406 4782 817 4862; x_wconf 78' lang='grc' dir='ltr'>θριαμϐεύεται,</span> <span class='ocrx_word' id='word_1_586' title='bbox 838 4790 974 4844; x_wconf 78' lang='grc' dir='ltr'>κατὰ</span> <span class='ocrx_word' id='word_1_587' title='bbox 1001 4785 1327 4865; x_wconf 75' lang='grc' dir='ltr'>γεράνδρυον</span> <span class='ocrx_word' id='word_1_588' title='bbox 1360 4786 1623 4868; x_wconf 67' lang='grc' dir='ltr'>ἄφυλλον,</span> <span class='ocrx_word' id='word_1_589' title='bbox 1672 4787 1783 4845; x_wconf 83' lang='grc' dir='ltr'>ὠοῦ</span> <span class='ocrx_word' id='word_1_590' title='bbox 1832 4790 2055 4864; x_wconf 70' lang='grc' dir='ltr'>ψιλότε-</span> 
     </span>
    </p>
   </div>
   <div class='ocr_carea' id='block_1_85' title="bbox 408 4877 2054 4954">
    <p class='ocr_par' dir='ltr' id='par_1_85' title="bbox 408 4877 2054 4954">
     <span class='ocr_line' id='line_1_86' title="bbox 408 4877 2054 4954; baseline 0.001 -21"><span class='ocrx_word' id='word_1_591' title='bbox 408 4897 501 4952; x_wconf 83' lang='grc' dir='ltr'><strong>ρον</strong></span> <span class='ocrx_word' id='word_1_592' title='bbox 532 4877 809 4951; x_wconf 69' lang='grc' dir='ltr'>ἀκαλυφές</span> <span class='ocrx_word' id='word_1_593' title='bbox 846 4899 905 4933; x_wconf 86' lang='grc' dir='ltr'><strong>τε</strong></span> <span class='ocrx_word' id='word_1_594' title='bbox 925 4880 1229 4933; x_wconf 84' lang='grc' dir='ltr'>παντάπασι</span> <span class='ocrx_word' id='word_1_595' title='bbox 1279 4880 1496 4954; x_wconf 81' lang='grc' dir='ltr'>κρανίον</span> <span class='ocrx_word' id='word_1_596' title='bbox 1552 4879 1890 4953; x_wconf 71' lang='grc' dir='ltr'>προφαίνων,</span> <span class='ocrx_word' id='word_1_597' title='bbox 1964 4883 2054 4937; x_wconf 85' lang='grc' dir='ltr'><strong>καὶ</strong></span> 
     </span>
    </p>
   </div>
   <div class='ocr_carea' id='block_1_86' title="bbox 412 4966 2056 5043">
    <p class='ocr_par' dir='ltr' id='par_1_86' title="bbox 412 4966 2056 5043">
     <span class='ocr_line' id='line_1_87' title="bbox 412 4966 2056 5043; baseline 0.002 -23"><span class='ocrx_word' id='word_1_598' title='bbox 412 4966 611 5042; x_wconf 82' lang='grc' dir='ltr'>βραχεῖ</span> <span class='ocrx_word' id='word_1_599' title='bbox 659 4967 844 5043; x_wconf 81' lang='grc' dir='ltr'>ῥαχίῳ</span> <span class='ocrx_word' id='word_1_600' title='bbox 891 4968 953 5024; x_wconf 85' lang='grc' dir='ltr'>τὸ</span> <span class='ocrx_word' id='word_1_601' title='bbox 1013 4971 1172 5043; x_wconf 90' lang='grc' dir='ltr'>σῶμα</span> <span class='ocrx_word' id='word_1_602' title='bbox 1226 4969 1585 5040; x_wconf 82' lang='grc' dir='ltr'>σκεπόμενος,</span> <span class='ocrx_word' id='word_1_603' title='bbox 1619 4969 1793 5042; x_wconf 84' lang='grc' dir='ltr'>θέαμα</span> <span class='ocrx_word' id='word_1_604' title='bbox 1823 4968 2056 5026; x_wconf 72' lang='grc' dir='ltr'>ἒλεεινὸν</span> 
     </span>
    </p>
   </div>
   <div class='ocr_carea' id='block_1_87' title="bbox 398 5051 2054 5132">
    <p class='ocr_par' dir='ltr' id='par_1_87' title="bbox 398 5051 2054 5132">
     <span class='ocr_line' id='line_1_88' title="bbox 398 5051 2054 5132; baseline 0.005 -25"><span class='ocrx_word' id='word_1_605' title='bbox 398 5054 489 5109; x_wconf 80' lang='grc' dir='ltr'><strong>καὶ</strong></span> <span class='ocrx_word' id='word_1_606' title='bbox 546 5056 727 5132; x_wconf 76' lang='grc' dir='ltr'>πηγὰς</span> <span class='ocrx_word' id='word_1_607' title='bbox 779 5053 936 5111; x_wconf 70' lang='grc' dir='ltr'>ἕλκον</span> <span class='ocrx_word' id='word_1_608' title='bbox 1001 5053 1245 5131; x_wconf 85' lang='grc' dir='ltr'>δακρύων</span> <span class='ocrx_word' id='word_1_609' title='bbox 1298 5058 1530 5131; x_wconf 78' lang='grc' dir='ltr'>ἡμέροις</span> <span class='ocrx_word' id='word_1_610' title='bbox 1585 5051 1846 5131; x_wconf 72' lang='grc' dir='ltr'>ὄμμασιν.</span> <span class='ocrx_word' id='word_1_611' title='bbox 1894 5057 2054 5115; x_wconf 82' lang='grc' dir='ltr'>Ἀλλ’</span> 
     </span>
    </p>
   </div>
   <div class='ocr_carea' id='block_1_88' title="bbox 399 5140 2053 5215">
    <p class='ocr_par' dir='ltr' id='par_1_88' title="bbox 399 5140 2053 5215">
     <span class='ocr_line' id='line_1_89' title="bbox 399 5140 2053 5215; baseline 0.004 -18"><span class='ocrx_word' id='word_1_612' title='bbox 399 5142 450 5198; x_wconf 78' lang='grc' dir='ltr'>οἱ</span> <span class='ocrx_word' id='word_1_613' title='bbox 475 5140 827 5215; x_wconf 77' lang='grc' dir='ltr'>εὒηοέστατοι</span> <span class='ocrx_word' id='word_1_614' title='bbox 857 5144 945 5200; x_wconf 85' lang='grc' dir='ltr'><strong>καὶ</strong></span> <span class='ocrx_word' id='word_1_615' title='bbox 985 5141 1430 5200; x_wconf 83' lang='grc' dir='ltr'>ἀπαιδευτότατοι</span> <span class='ocrx_word' id='word_1_616' title='bbox 1479 5152 1583 5215; x_wconf 83' lang='grc' dir='ltr'><strong>τῆς</strong></span> <span class='ocrx_word' id='word_1_617' title='bbox 1640 5146 2053 5203; x_wconf 82' lang='grc' dir='ltr'>Κωνσταντίνου</span> 
     </span>
    </p>
   </div>
   <div class='ocr_carea' id='block_1_89' title="bbox 395 5230 2052 5310">
    <p class='ocr_par' dir='ltr' id='par_1_89' title="bbox 395 5230 2052 5310">
     <span class='ocr_line' id='line_1_90' title="bbox 395 5230 2052 5310; baseline 0.004 -24"><span class='ocrx_word' id='word_1_618' title='bbox 395 5231 705 5310; x_wconf 76' lang='grc' dir='ltr'>οἰκήτορες,</span> <span class='ocrx_word' id='word_1_619' title='bbox 738 5232 835 5288; x_wconf 81' lang='grc' dir='ltr'><strong>καὶ</strong></span> <span class='ocrx_word' id='word_1_620' title='bbox 880 5234 1087 5289; x_wconf 76' lang='grc' dir='ltr'>τούτων</span> <span class='ocrx_word' id='word_1_621' title='bbox 1139 5234 1191 5287; x_wconf 71' lang='grc' dir='ltr'>οἳ</span> <span class='ocrx_word' id='word_1_622' title='bbox 1246 5230 1671 5289; x_wconf 75' lang='grc' dir='ltr'>ἀλλαντοπῶλαι</span> <span class='ocrx_word' id='word_1_623' title='bbox 1728 5234 1904 5292; x_wconf 87' lang='grc' dir='ltr'>πλέον</span> <span class='ocrx_word' id='word_1_624' title='bbox 1961 5237 2052 5292; x_wconf 78' lang='grc' dir='ltr'><strong>καὶ</strong></span> 
     </span>
    </p>
   </div>
   <div class='ocr_carea' id='block_1_90' title="bbox 393 5320 2051 5401">
    <p class='ocr_par' dir='ltr' id='par_1_90' title="bbox 393 5320 2051 5401">
     <span class='ocr_line' id='line_1_91' title="bbox 393 5320 2051 5401; baseline 0.003 -26"><span class='ocrx_word' id='word_1_625' title='bbox 393 5320 750 5399; x_wconf 79' lang='grc' dir='ltr'>βυρσοδέψαι,</span> <span class='ocrx_word' id='word_1_626' title='bbox 783 5321 873 5375; x_wconf 79' lang='grc' dir='ltr'><strong>καὶ</strong></span> <span class='ocrx_word' id='word_1_627' title='bbox 939 5322 1056 5376; x_wconf 68' lang='grc' dir='ltr'>ὅσοι</span> <span class='ocrx_word' id='word_1_628' title='bbox 1113 5325 1231 5382; x_wconf 79' lang='grc' dir='ltr'>τοῖς</span> <span class='ocrx_word' id='word_1_629' title='bbox 1282 5321 1610 5394; x_wconf 79' lang='grc' dir='ltr'>καπηλείοις</span> <span class='ocrx_word' id='word_1_630' title='bbox 1667 5320 2051 5401; x_wconf 86' lang='grc' dir='ltr'>διημερεύουσι</span> 
     </span>
    </p>
   </div>
   <div class='ocr_carea' id='block_1_91' title="bbox 2176 3183 3815 3262">
    <p class='ocr_par' dir='ltr' id='par_1_91' title="bbox 2176 3183 3815 3262">
     <span class='ocr_line' id='line_1_92' title="bbox 2176 3183 3815 3262; baseline -0.002 -17"><span class='ocrx_word' id='word_1_631' title='bbox 2176 3189 2366 3262; x_wconf 88' lang='lat' dir='ltr'><strong>daque</strong></span> <span class='ocrx_word' id='word_1_632' title='bbox 2396 3187 2586 3253; x_wconf 88' lang='lat' dir='ltr'><strong>turba,</strong></span> <span class='ocrx_word' id='word_1_633' title='bbox 2647 3200 2981 3241; x_wconf 87' lang='lat' dir='ltr'><strong>muscarum</strong></span> <span class='ocrx_word' id='word_1_634' title='bbox 3013 3183 3199 3239; x_wconf 84' lang='lat' dir='ltr'><strong>instar</strong></span> <span class='ocrx_word' id='word_1_635' title='bbox 3250 3200 3422 3239; x_wconf 90' lang='lat' dir='ltr'><strong>verno</strong></span> <span class='ocrx_word' id='word_1_636' title='bbox 3454 3191 3713 3257; x_wconf 87' lang='lat' dir='ltr'><strong>tempore</strong></span> <span class='ocrx_word' id='word_1_637' title='bbox 3743 3186 3815 3241; x_wconf 89' lang='lat' dir='ltr'><strong>ad</strong></span> 
     </span>
    </p>
   </div>
   <div class='ocr_carea' id='block_1_92' title="bbox 2175 3272 3819 3348">
    <p class='ocr_par' dir='ltr' id='par_1_92' title="bbox 2175 3272 3819 3348">
     <span class='ocr_line' id='line_1_93' title="bbox 2175 3272 3819 3348; baseline -0.001 -15"><span class='ocrx_word' id='word_1_638' title='bbox 2175 3277 2452 3334; x_wconf 83' lang='lat' dir='ltr'><strong>mulctras</strong></span> <span class='ocrx_word' id='word_1_639' title='bbox 2490 3280 2546 3332; x_wconf 88' lang='lat' dir='ltr'><strong>et</strong></span> <span class='ocrx_word' id='word_1_640' title='bbox 2597 3274 2840 3348; x_wconf 84' lang='lat' dir='ltr'><strong>pinguia</strong></span> <span class='ocrx_word' id='word_1_641' title='bbox 2880 3272 3113 3346; x_wconf 84' lang='lat' dir='ltr'><strong>cymbia</strong></span> <span class='ocrx_word' id='word_1_642' title='bbox 3152 3272 3606 3343; x_wconf 85' lang='lat' dir='ltr'><strong>convolantium,</strong></span> <span class='ocrx_word' id='word_1_643' title='bbox 3656 3274 3819 3332; x_wconf 83' lang='lat' dir='ltr'><strong>nulla</strong></span> 
     </span>
    </p>
   </div>
   <div class='ocr_carea' id='block_1_93' title="bbox 2172 3362 3814 3436">
    <p class='ocr_par' dir='ltr' id='par_1_93' title="bbox 2172 3362 3814 3436">
     <span class='ocr_line' id='line_1_94' title="bbox 2172 3362 3814 3436; baseline -0.002 -12"><span class='ocrx_word' id='word_1_644' title='bbox 2172 3367 2392 3424; x_wconf 84' lang='lat' dir='ltr'><strong>ratione</strong></span> <span class='ocrx_word' id='word_1_645' title='bbox 2451 3366 2649 3422; x_wconf 87' lang='lat' dir='ltr'><strong>habita</strong></span> <span class='ocrx_word' id='word_1_646' title='bbox 2698 3364 2854 3436; x_wconf 91' lang='lat' dir='ltr'><strong>quod</strong></span> <span class='ocrx_word' id='word_1_647' title='bbox 2894 3363 2945 3419; x_wconf 88' lang='lat' dir='ltr'><strong>is</strong></span> <span class='ocrx_word' id='word_1_648' title='bbox 3000 3362 3431 3419; x_wconf 88' lang='lat' dir='ltr'><strong>nudiustertius</strong></span> <span class='ocrx_word' id='word_1_649' title='bbox 3481 3364 3814 3436; x_wconf 87' lang='lat' dir='ltr'><strong>imperator,</strong></span> 
     </span>
    </p>
   </div>
   <div class='ocr_carea' id='block_1_94' title="bbox 2171 3450 3813 3530">
    <p class='ocr_par' dir='ltr' id='par_1_94' title="bbox 2171 3450 3813 3530">
     <span class='ocr_line' id='line_1_95' title="bbox 2171 3450 3813 3530; baseline -0.003 -17"><span class='ocrx_word' id='word_1_650' title='bbox 2171 3458 2329 3530; x_wconf 87' lang='lat' dir='ltr'><strong>regio</strong></span> <span class='ocrx_word' id='word_1_651' title='bbox 2360 3456 2685 3511; x_wconf 86' lang='lat' dir='ltr'><strong>diademate</strong></span> <span class='ocrx_word' id='word_1_652' title='bbox 2709 3457 2972 3521; x_wconf 87' lang='lat' dir='ltr'><strong>ornatus,</strong></span> <span class='ocrx_word' id='word_1_653' title='bbox 3004 3453 3074 3507; x_wconf 87' lang='lat' dir='ltr'><strong>ab</strong></span> <span class='ocrx_word' id='word_1_654' title='bbox 3111 3453 3386 3508; x_wconf 89' lang='lat' dir='ltr'><strong>omnibus</strong></span> <span class='ocrx_word' id='word_1_655' title='bbox 3416 3450 3689 3510; x_wconf 87' lang='lat' dir='ltr'><strong>laudatus</strong></span> <span class='ocrx_word' id='word_1_656' title='bbox 3720 3468 3813 3509; x_wconf 87' lang='lat' dir='ltr'><strong>ce-</strong></span> 
     </span>
    </p>
   </div>
   <div class='ocr_carea' id='block_1_95' title="bbox 2168 3540 3817 3612">
    <p class='ocr_par' dir='ltr' id='par_1_95' title="bbox 2168 3540 3817 3612">
     <span class='ocr_line' id='line_1_96' title="bbox 2168 3540 3817 3612; baseline -0.003 -11"><span class='ocrx_word' id='word_1_657' title='bbox 2168 3545 2447 3609; x_wconf 85' lang='lat' dir='ltr'><strong>lebratus,</strong></span> <span class='ocrx_word' id='word_1_658' title='bbox 2474 3547 2749 3600; x_wconf 84' lang='lat' dir='ltr'><strong>adoratus</strong></span> <span class='ocrx_word' id='word_1_659' title='bbox 2771 3547 2945 3607; x_wconf 89' lang='lat' dir='ltr'><strong>esset,</strong></span> <span class='ocrx_word' id='word_1_660' title='bbox 2973 3542 3245 3612; x_wconf 88' lang='lat' dir='ltr'><strong>quodque</strong></span> <span class='ocrx_word' id='word_1_661' title='bbox 3276 3540 3817 3611; x_wconf 85' lang='lat' dir='ltr'><strong>sanctissimojure-</strong></span> 
     </span>
    </p>
   </div>
   <div class='ocr_carea' id='block_1_96' title="bbox 2161 3628 3814 3705">
    <p class='ocr_par' dir='ltr' id='par_1_96' title="bbox 2161 3628 3814 3705">
     <span class='ocr_line' id='line_1_97' title="bbox 2161 3628 3814 3705; baseline -0.002 -16"><span class='ocrx_word' id='word_1_662' title='bbox 2161 3634 2417 3705; x_wconf 89' lang='lat' dir='ltr'><strong>jurando</strong></span> <span class='ocrx_word' id='word_1_663' title='bbox 2448 3634 2624 3688; x_wconf 80' lang='lat' dir='ltr'><strong>ﬁdem</strong></span> <span class='ocrx_word' id='word_1_664' title='bbox 2673 3635 2730 3687; x_wconf 87' lang='lat' dir='ltr'><strong>et</strong></span> <span class='ocrx_word' id='word_1_665' title='bbox 2768 3628 3228 3687; x_wconf 84' lang='lat' dir='ltr'><strong>benevolentiam</strong></span> <span class='ocrx_word' id='word_1_666' title='bbox 3280 3644 3448 3683; x_wconf 89' lang='lat' dir='ltr'><strong>suam</strong></span> <span class='ocrx_word' id='word_1_667' title='bbox 3489 3645 3620 3698; x_wconf 80' lang='lat' dir='ltr'><strong>erga</strong></span> <span class='ocrx_word' id='word_1_668' title='bbox 3646 3628 3814 3685; x_wconf 88' lang='lat' dir='ltr'><strong>illum</strong></span> 
     </span>
    </p>
   </div>
   <div class='ocr_carea' id='block_1_97' title="bbox 2168 3716 3816 3787">
    <p class='ocr_par' dir='ltr' id='par_1_97' title="bbox 2168 3716 3816 3787">
     <span class='ocr_line' id='line_1_98' title="bbox 2168 3716 3816 3787; baseline -0.005 -9"><span class='ocrx_word' id='word_1_669' title='bbox 2168 3722 2363 3779; x_wconf 86' lang='lat' dir='ltr'><strong>testati</strong></span> <span class='ocrx_word' id='word_1_670' title='bbox 2382 3717 3082 3787; x_wconf 80' lang='lat' dir='ltr'><strong>essent,eil‘eratisanimis</strong></span> <span class='ocrx_word' id='word_1_671' title='bbox 3104 3717 3232 3772; x_wconf 90' lang='lat' dir='ltr'><strong>sine</strong></span> <span class='ocrx_word' id='word_1_672' title='bbox 3257 3716 3372 3771; x_wconf 90' lang='lat' dir='ltr'><strong>ulla</strong></span> <span class='ocrx_word' id='word_1_673' title='bbox 3400 3716 3625 3772; x_wconf 85' lang='lat' dir='ltr'><strong>ratione</strong></span> <span class='ocrx_word' id='word_1_674' title='bbox 3641 3733 3816 3771; x_wconf 81' lang='lat' dir='ltr'><strong>ruen-</strong></span> 
     </span>
    </p>
   </div>
   <div class='ocr_carea' id='block_1_98' title="bbox 2167 3805 3814 3882">
    <p class='ocr_par' dir='ltr' id='par_1_98' title="bbox 2167 3805 3814 3882">
     <span class='ocr_line' id='line_1_99' title="bbox 2167 3805 3814 3882; baseline -0.003 -15"><span class='ocrx_word' id='word_1_675' title='bbox 2167 3815 2278 3882; x_wconf 85' lang='lat' dir='ltr'><strong>tes,</strong></span> <span class='ocrx_word' id='word_1_676' title='bbox 2312 3810 2457 3866; x_wconf 83' lang='lat' dir='ltr'><strong>nihil</strong></span> <span class='ocrx_word' id='word_1_677' title='bbox 2491 3809 2627 3865; x_wconf 87' lang='lat' dir='ltr'><strong>mali</strong></span> <span class='ocrx_word' id='word_1_678' title='bbox 2653 3807 3277 3880; x_wconf 68' lang='lat' dir='ltr'><strong>praetermiseruntquo</strong></span> <span class='ocrx_word' id='word_1_679' title='bbox 3294 3805 3692 3860; x_wconf 83' lang='lat' dir='ltr'><strong>Andronicum</strong></span> <span class='ocrx_word' id='word_1_680' title='bbox 3713 3822 3814 3876; x_wconf 83' lang='lat' dir='ltr'><strong>per</strong></span> 
     </span>
    </p>
   </div>
   <div class='ocr_carea' id='block_1_99' title="bbox 2168 3894 3812 3967">
    <p class='ocr_par' dir='ltr' id='par_1_99' title="bbox 2168 3894 3812 3967">
     <span class='ocr_line' id='line_1_100' title="bbox 2168 3894 3812 3967; baseline -0.005 -10"><span class='ocrx_word' id='word_1_681' title='bbox 2168 3901 2333 3957; x_wconf 80' lang='lat' dir='ltr'><strong>nefas</strong></span> <span class='ocrx_word' id='word_1_682' title='bbox 2350 3916 2460 3955; x_wconf 92' lang='lat' dir='ltr'><strong>non</strong></span> <span class='ocrx_word' id='word_1_683' title='bbox 2476 3895 2908 3954; x_wconf 80' lang='lat' dir='ltr'><strong>aiﬁcerent.Alli</strong></span> <span class='ocrx_word' id='word_1_684' title='bbox 2929 3895 3118 3950; x_wconf 83' lang='lat' dir='ltr'><strong>clavas</strong></span> <span class='ocrx_word' id='word_1_685' title='bbox 3142 3894 3199 3948; x_wconf 91' lang='lat' dir='ltr'><strong>in</strong></span> <span class='ocrx_word' id='word_1_686' title='bbox 3231 3894 3812 3967; x_wconf 82' lang='lat' dir='ltr'><strong>caputejusimpege-</strong></span> 
     </span>
    </p>
   </div>
   <div class='ocr_carea' id='block_1_100' title="bbox 2167 3972 3808 4048">
    <p class='ocr_par' dir='ltr' id='par_1_100' title="bbox 2167 3972 3808 4048">
     <span class='ocr_line' id='line_1_101' title="bbox 2167 3972 3808 4048; baseline -0.004 -10"><span class='ocrx_word' id='word_1_687' title='bbox 2167 3990 2322 4048; x_wconf 86' lang='lat' dir='ltr'><strong>runt,</strong></span> <span class='ocrx_word' id='word_1_688' title='bbox 2340 3979 2470 4037; x_wconf 88' lang='lat' dir='ltr'><strong>aliis</strong></span> <span class='ocrx_word' id='word_1_689' title='bbox 2500 3984 2752 4035; x_wconf 87' lang='lat' dir='ltr'><strong>stercore</strong></span> <span class='ocrx_word' id='word_1_690' title='bbox 2768 3991 2934 4031; x_wconf 88' lang='lat' dir='ltr'><strong>nares</strong></span> <span class='ocrx_word' id='word_1_691' title='bbox 2949 3976 3076 4045; x_wconf 89' lang='lat' dir='ltr'><strong>ejus</strong></span> <span class='ocrx_word' id='word_1_692' title='bbox 3091 3975 3349 4029; x_wconf 67' lang='lat' dir='ltr'><strong>I&#39;nadarun</strong></span> <span class='ocrx_word' id='word_1_693' title='bbox 3362 3972 3503 4037; x_wconf 87' lang='lat' dir='ltr'><strong>t,alii</strong></span> <span class='ocrx_word' id='word_1_694' title='bbox 3530 3974 3808 4046; x_wconf 85' lang='lat' dir='ltr'><strong>spongias</strong></span> 
     </span>
    </p>
   </div>
   <div class='ocr_carea' id='block_1_101' title="bbox 2167 4061 3805 4134">
    <p class='ocr_par' dir='ltr' id='par_1_101' title="bbox 2167 4061 3805 4134">
     <span class='ocr_line' id='line_1_102' title="bbox 2167 4061 3805 4134; baseline -0.007 -6"><span class='ocrx_word' id='word_1_695' title='bbox 2167 4067 2549 4128; x_wconf 79' lang='lat' dir='ltr'><strong>excrementis</strong></span> <span class='ocrx_word' id='word_1_696' title='bbox 2572 4065 2718 4122; x_wconf 75' lang='lat'><strong>407</strong></span> <span class='ocrx_word' id='word_1_697' title='bbox 2739 4062 3043 4119; x_wconf 80' lang='lat' dir='ltr'><strong>hominum</strong></span> <span class='ocrx_word' id='word_1_698' title='bbox 3085 4067 3143 4118; x_wconf 92' lang='lat' dir='ltr'><strong>et</strong></span> <span class='ocrx_word' id='word_1_699' title='bbox 3173 4061 3460 4134; x_wconf 89' lang='lat' dir='ltr'><strong>pecudum</strong></span> <span class='ocrx_word' id='word_1_700' title='bbox 3482 4063 3724 4118; x_wconf 73' lang='lat' dir='ltr'><strong>fmdatas</strong></span> <span class='ocrx_word' id='word_1_701' title='bbox 3748 4062 3805 4117; x_wconf 91' lang='lat' dir='ltr'><strong>in</strong></span> 
     </span>
    </p>
   </div>
   <div class='ocr_carea' id='block_1_102' title="bbox 2167 4152 3807 4231">
    <p class='ocr_par' dir='ltr' id='par_1_102' title="bbox 2167 4152 3807 4231">
     <span class='ocr_line' id='line_1_103' title="bbox 2167 4152 3807 4231; baseline -0.006 -13"><span class='ocrx_word' id='word_1_702' title='bbox 2167 4162 2369 4218; x_wconf 83' lang='lat' dir='ltr'><strong>faciem</strong></span> <span class='ocrx_word' id='word_1_703' title='bbox 2391 4159 2519 4231; x_wconf 88' lang='lat' dir='ltr'><strong>ejus</strong></span> <span class='ocrx_word' id='word_1_704' title='bbox 2541 4152 3077 4229; x_wconf 84' lang='lat' dir='ltr'><strong>expresserunt,alii</strong></span> <span class='ocrx_word' id='word_1_705' title='bbox 3100 4153 3290 4208; x_wconf 88' lang='lat' dir='ltr'><strong>verbis</strong></span> <span class='ocrx_word' id='word_1_706' title='bbox 3305 4152 3574 4209; x_wconf 89' lang='lat' dir='ltr'><strong>obscenis</strong></span> <span class='ocrx_word' id='word_1_707' title='bbox 3594 4168 3807 4226; x_wconf 88' lang='lat' dir='ltr'><strong>paren-</strong></span> 
     </span>
    </p>
   </div>
   <div class='ocr_carea' id='block_1_103' title="bbox 2166 4241 3809 4323">
    <p class='ocr_par' dir='ltr' id='par_1_103' title="bbox 2166 4241 3809 4323">
     <span class='ocr_line' id='line_1_104' title="bbox 2166 4241 3809 4323; baseline -0.005 -16"><span class='ocrx_word' id='word_1_708' title='bbox 2166 4256 2253 4308; x_wconf 88' lang='lat' dir='ltr'><strong>tes</strong></span> <span class='ocrx_word' id='word_1_709' title='bbox 2283 4251 2412 4323; x_wconf 91' lang='lat' dir='ltr'><strong>ejus</strong></span> <span class='ocrx_word' id='word_1_710' title='bbox 2440 4246 2710 4303; x_wconf 85' lang='lat' dir='ltr'><strong>insectati</strong></span> <span class='ocrx_word' id='word_1_711' title='bbox 2743 4249 2899 4301; x_wconf 90' lang='lat' dir='ltr'><strong>sunt.</strong></span> <span class='ocrx_word' id='word_1_712' title='bbox 2926 4243 3102 4299; x_wconf 89' lang='lat' dir='ltr'><strong>Erant</strong></span> <span class='ocrx_word' id='word_1_713' title='bbox 3129 4245 3188 4299; x_wconf 87' lang='lat' dir='ltr'><strong>et</strong></span> <span class='ocrx_word' id='word_1_714' title='bbox 3217 4242 3315 4314; x_wconf 82' lang='lat' dir='ltr'><strong>qui</strong></span> <span class='ocrx_word' id='word_1_715' title='bbox 3346 4242 3602 4297; x_wconf 86' lang='lat' dir='ltr'><strong>verubus</strong></span> <span class='ocrx_word' id='word_1_716' title='bbox 3627 4241 3809 4299; x_wconf 78' lang='lat' dir='ltr'><strong>latera</strong></span> 
     </span>
    </p>
   </div>
   <div class='ocr_carea' id='block_1_104' title="bbox 2166 4330 3813 4411">
    <p class='ocr_par' dir='ltr' id='par_1_104' title="bbox 2166 4330 3813 4411">
     <span class='ocr_line' id='line_1_105' title="bbox 2166 4330 3813 4411; baseline -0.004 -16"><span class='ocrx_word' id='word_1_717' title='bbox 2166 4340 2294 4411; x_wconf 80' lang='lat' dir='ltr'><strong>ejus</strong></span> <span class='ocrx_word' id='word_1_718' title='bbox 2329 4340 2673 4411; x_wconf 88' lang='lat' dir='ltr'><strong>pungerent.</strong></span> <span class='ocrx_word' id='word_1_719' title='bbox 2722 4332 3185 4404; x_wconf 90' lang='lat' dir='ltr'><strong>lmpudentiores</strong></span> <span class='ocrx_word' id='word_1_720' title='bbox 3236 4330 3472 4403; x_wconf 87' lang='lat' dir='ltr'><strong>quidam</strong></span> <span class='ocrx_word' id='word_1_721' title='bbox 3516 4330 3813 4400; x_wconf 80' lang='lat' dir='ltr'><strong>lapidibus</strong></span> 
     </span>
    </p>
   </div>
   <div class='ocr_carea' id='block_1_105' title="bbox 2166 4419 3811 4499">
    <p class='ocr_par' dir='ltr' id='par_1_105' title="bbox 2166 4419 3811 4499">
     <span class='ocr_line' id='line_1_106' title="bbox 2166 4419 3811 4499; baseline -0.006 -15"><span class='ocrx_word' id='word_1_722' title='bbox 2166 4428 2444 4499; x_wconf 89' lang='lat' dir='ltr'><strong>conjectis</strong></span> <span class='ocrx_word' id='word_1_723' title='bbox 2474 4425 2740 4482; x_wconf 88' lang='lat' dir='ltr'><strong>rabidum</strong></span> <span class='ocrx_word' id='word_1_724' title='bbox 2765 4437 2969 4477; x_wconf 88' lang='lat' dir='ltr'><strong>canem</strong></span> <span class='ocrx_word' id='word_1_725' title='bbox 2993 4437 3126 4475; x_wconf 90' lang='lat' dir='ltr'><strong>eum</strong></span> <span class='ocrx_word' id='word_1_726' title='bbox 3143 4419 3811 4491; x_wconf 84' lang='lat' dir='ltr'><strong>appellabant.Scortum</strong></span> 
     </span>
    </p>
   </div>
   <div class='ocr_carea' id='block_1_106' title="bbox 2169 4507 3811 4591">
    <p class='ocr_par' dir='ltr' id='par_1_106' title="bbox 2169 4507 3811 4591">
     <span class='ocr_line' id='line_1_107' title="bbox 2169 4507 3811 4591; baseline -0.006 -18"><span class='ocrx_word' id='word_1_727' title='bbox 2169 4516 2465 4591; x_wconf 86' lang='lat' dir='ltr'><strong>quoddam</strong></span> <span class='ocrx_word' id='word_1_728' title='bbox 2482 4514 2795 4587; x_wconf 88' lang='lat' dir='ltr'><strong>impudens</strong></span> <span class='ocrx_word' id='word_1_729' title='bbox 2809 4510 2982 4565; x_wconf 90' lang='lat' dir='ltr'><strong>ollam</strong></span> <span class='ocrx_word' id='word_1_730' title='bbox 3004 4508 3238 4564; x_wconf 83' lang='lat' dir='ltr'><strong>ferventi</strong></span> <span class='ocrx_word' id='word_1_731' title='bbox 3256 4524 3406 4578; x_wconf 84' lang='lat' dir='ltr'><strong>aqua</strong></span> <span class='ocrx_word' id='word_1_732' title='bbox 3421 4507 3583 4578; x_wconf 86' lang='lat' dir='ltr'><strong>plena</strong></span> <span class='ocrx_word' id='word_1_733' title='bbox 3597 4523 3649 4561; x_wconf 91' lang='lat' dir='ltr'><strong>m</strong></span> <span class='ocrx_word' id='word_1_734' title='bbox 3670 4522 3699 4562; x_wconf 95' lang='lat' dir='ltr'><strong>e</strong></span> <span class='ocrx_word' id='word_1_735' title='bbox 3715 4524 3811 4563; x_wconf 87' lang='lat' dir='ltr'><strong>cu-</strong></span> 
     </span>
    </p>
   </div>
   <div class='ocr_carea' id='block_1_107' title="bbox 2166 4595 3809 4677">
    <p class='ocr_par' dir='ltr' id='par_1_107' title="bbox 2166 4595 3809 4677">
     <span class='ocr_line' id='line_1_108' title="bbox 2166 4595 3809 4677; baseline -0.006 -16"><span class='ocrx_word' id='word_1_736' title='bbox 2166 4607 2285 4664; x_wconf 86' lang='lat' dir='ltr'><strong>lina</strong></span> <span class='ocrx_word' id='word_1_737' title='bbox 2310 4609 2527 4677; x_wconf 90' lang='lat' dir='ltr'><strong>raptam</strong></span> <span class='ocrx_word' id='word_1_738' title='bbox 2544 4604 2603 4659; x_wconf 90' lang='lat' dir='ltr'><strong>in</strong></span> <span class='ocrx_word' id='word_1_739' title='bbox 2620 4603 2817 4658; x_wconf 85' lang='lat' dir='ltr'><strong>faciem</strong></span> <span class='ocrx_word' id='word_1_740' title='bbox 2844 4601 2969 4671; x_wconf 88' lang='lat' dir='ltr'><strong>ejus</strong></span> <span class='ocrx_word' id='word_1_741' title='bbox 2990 4596 3400 4653; x_wconf 83' lang='lat' dir='ltr'><strong>eil‘udit.Ncmo</strong></span> <span class='ocrx_word' id='word_1_742' title='bbox 3419 4595 3670 4667; x_wconf 87' lang='lat' dir='ltr'><strong>denique</strong></span> <span class='ocrx_word' id='word_1_743' title='bbox 3684 4600 3809 4652; x_wconf 88' lang='lat' dir='ltr'><strong>erat</strong></span> 
     </span>
    </p>
   </div>
   <div class='ocr_carea' id='block_1_108' title="bbox 2167 4685 3805 4769">
    <p class='ocr_par' dir='ltr' id='par_1_108' title="bbox 2167 4685 3805 4769">
     <span class='ocr_line' id='line_1_109' title="bbox 2167 4685 3805 4769; baseline -0.005 -18"><span class='ocrx_word' id='word_1_744' title='bbox 2167 4698 2309 4769; x_wconf 88' lang='lat' dir='ltr'><strong>quin</strong></span> <span class='ocrx_word' id='word_1_745' title='bbox 2371 4693 2736 4749; x_wconf 81' lang='lat' dir='ltr'><strong>malefaceret</strong></span> <span class='ocrx_word' id='word_1_746' title='bbox 2787 4687 3136 4746; x_wconf 86' lang='lat' dir='ltr'><strong>Andronico.</strong></span> <span class='ocrx_word' id='word_1_747' title='bbox 3192 4686 3274 4741; x_wconf 85' lang='lat' dir='ltr'><strong>Ita</strong></span> <span class='ocrx_word' id='word_1_748' title='bbox 3323 4685 3715 4757; x_wconf 86' lang='lat' dir='ltr'><strong>ignominioso</strong></span> <span class='ocrx_word' id='word_1_749' title='bbox 3748 4685 3805 4743; x_wconf 90' lang='lat' dir='ltr'><strong>in</strong></span> 
     </span>
    </p>
   </div>
   <div class='ocr_carea' id='block_1_109' title="bbox 2167 4773 3807 4850">
    <p class='ocr_par' dir='ltr' id='par_1_109' title="bbox 2167 4773 3807 4850">
     <span class='ocr_line' id='line_1_110' title="bbox 2167 4773 3807 4850; baseline -0.007 -9"><span class='ocrx_word' id='word_1_750' title='bbox 2167 4787 2460 4842; x_wconf 88' lang='lat' dir='ltr'><strong>theatrum</strong></span> <span class='ocrx_word' id='word_1_751' title='bbox 2494 4780 2739 4837; x_wconf 90' lang='lat' dir='ltr'><strong>ridiculo</strong></span> <span class='ocrx_word' id='word_1_752' title='bbox 2762 4778 3059 4850; x_wconf 86' lang='lat' dir='ltr'><strong>triumpho</strong></span> <span class='ocrx_word' id='word_1_753' title='bbox 3088 4776 3455 4849; x_wconf 87' lang='lat' dir='ltr'><strong>perductum,</strong></span> <span class='ocrx_word' id='word_1_754' title='bbox 3497 4790 3562 4829; x_wconf 89' lang='lat' dir='ltr'><strong>ac</strong></span> <span class='ocrx_word' id='word_1_755' title='bbox 3595 4773 3807 4829; x_wconf 82' lang='lat' dir='ltr'><strong>misere</strong></span> 
     </span>
    </p>
   </div>
   <div class='ocr_carea' id='block_1_110' title="bbox 2167 4863 3808 4938">
    <p class='ocr_par' dir='ltr' id='par_1_110' title="bbox 2167 4863 3808 4938">
     <span class='ocr_line' id='line_1_111' title="bbox 2167 4863 3808 4938; baseline -0.005 -8"><span class='ocrx_word' id='word_1_756' title='bbox 2167 4875 2265 4930; x_wconf 91' lang='lat' dir='ltr'><strong>illo</strong></span> <span class='ocrx_word' id='word_1_757' title='bbox 2297 4871 2515 4929; x_wconf 82' lang='lat' dir='ltr'><strong>camelo</strong></span> <span class='ocrx_word' id='word_1_758' title='bbox 2532 4872 2855 4926; x_wconf 87' lang='lat' dir='ltr'><strong>detractum</strong></span> <span class='ocrx_word' id='word_1_759' title='bbox 2868 4912 2881 4937; x_wconf 89' lang='lat'><strong>,</strong></span> <span class='ocrx_word' id='word_1_760' title='bbox 2896 4870 3064 4938; x_wconf 83' lang='lat' dir='ltr'><strong>juxta</strong></span> <span class='ocrx_word' id='word_1_761' title='bbox 3079 4866 3225 4921; x_wconf 85' lang='lat' dir='ltr'><strong>duas</strong></span> <span class='ocrx_word' id='word_1_762' title='bbox 3241 4863 3578 4920; x_wconf 82' lang='lat' dir='ltr'><strong>columellas</strong></span> <span class='ocrx_word' id='word_1_763' title='bbox 3590 4863 3808 4934; x_wconf 83' lang='lat' dir='ltr'><strong>quibus</strong></span> 
     </span>
    </p>
   </div>
   <div class='ocr_carea' id='block_1_111' title="bbox 2166 4952 3810 5035">
    <p class='ocr_par' dir='ltr' id='par_1_111' title="bbox 2166 4952 3810 5035">
     <span class='ocr_line' id='line_1_112' title="bbox 2166 4952 3810 5035; baseline -0.007 -15"><span class='ocrx_word' id='word_1_764' title='bbox 2166 4977 2417 5035; x_wconf 89' lang='lat' dir='ltr'><strong>superne</strong></span> <span class='ocrx_word' id='word_1_765' title='bbox 2478 4959 2628 5032; x_wconf 87' lang='lat' dir='ltr'><strong>lapis</strong></span> <span class='ocrx_word' id='word_1_766' title='bbox 2688 4957 2995 5022; x_wconf 89' lang='lat' dir='ltr'><strong>incumbit,</strong></span> <span class='ocrx_word' id='word_1_767' title='bbox 3044 4971 3223 5028; x_wconf 89' lang='lat' dir='ltr'><strong>prope</strong></span> <span class='ocrx_word' id='word_1_768' title='bbox 3262 4970 3481 5009; x_wconf 61' lang='lat' dir='ltr'><strong>aeneam</strong></span> <span class='ocrx_word' id='word_1_769' title='bbox 3524 4952 3717 5024; x_wconf 84' lang='lat' dir='ltr'><strong>lupam</strong></span> <span class='ocrx_word' id='word_1_770' title='bbox 3752 4958 3810 5010; x_wconf 87' lang='lat' dir='ltr'><strong>et</strong></span> 
     </span>
    </p>
   </div>
   <div class='ocr_carea' id='block_1_112' title="bbox 2165 5041 3806 5126">
    <p class='ocr_par' dir='ltr' id='par_1_112' title="bbox 2165 5041 3806 5126">
     <span class='ocr_line' id='line_1_113' title="bbox 2165 5041 3806 5126; baseline -0.007 -17"><span class='ocrx_word' id='word_1_771' title='bbox 2165 5054 2451 5126; x_wconf 72' lang='lat' dir='ltr'><strong>hyaenam,</strong></span> <span class='ocrx_word' id='word_1_772' title='bbox 2500 5064 2626 5119; x_wconf 58' lang='lat' dir='ltr'><strong>quae</strong></span> <span class='ocrx_word' id='word_1_773' title='bbox 2678 5047 2905 5103; x_wconf 81' lang='lat' dir='ltr'><strong>inﬂexis</strong></span> <span class='ocrx_word' id='word_1_774' title='bbox 2946 5045 3271 5100; x_wconf 84' lang='lat' dir='ltr'><strong>cervicibus</strong></span> <span class='ocrx_word' id='word_1_775' title='bbox 3320 5042 3485 5113; x_wconf 81' lang='lat' dir='ltr'><strong>quasi</strong></span> <span class='ocrx_word' id='word_1_776' title='bbox 3528 5041 3708 5097; x_wconf 87' lang='lat' dir='ltr'><strong>altera</strong></span> <span class='ocrx_word' id='word_1_777' title='bbox 3748 5042 3806 5098; x_wconf 90' lang='lat' dir='ltr'><strong>in</strong></span> 
     </span>
    </p>
   </div>
   <div class='ocr_carea' id='block_1_113' title="bbox 2165 5129 3806 5210">
    <p class='ocr_par' dir='ltr' id='par_1_113' title="bbox 2165 5129 3806 5210">
     <span class='ocr_line' id='line_1_114' title="bbox 2165 5129 3806 5210; baseline -0.008 -12"><span class='ocrx_word' id='word_1_778' title='bbox 2165 5142 2402 5199; x_wconf 83' lang='lat' dir='ltr'><strong>alteram</strong></span> <span class='ocrx_word' id='word_1_779' title='bbox 2435 5138 2720 5210; x_wconf 89' lang='lat' dir='ltr'><strong>impetum</strong></span> <span class='ocrx_word' id='word_1_780' title='bbox 2743 5137 2968 5191; x_wconf 85' lang='lat' dir='ltr'><strong>factura</strong></span> <span class='ocrx_word' id='word_1_781' title='bbox 2998 5132 3305 5189; x_wconf 71' lang='lat' dir='ltr'><strong>concitatae</strong></span> <span class='ocrx_word' id='word_1_782' title='bbox 3334 5129 3806 5201; x_wconf 87' lang='lat' dir='ltr'><strong>astant,pedihus</strong></span> 
     </span>
    </p>
   </div>
   <div class='ocr_carea' id='block_1_114' title="bbox 2164 5221 3808 5303">
    <p class='ocr_par' dir='ltr' id='par_1_114' title="bbox 2164 5221 3808 5303">
     <span class='ocr_line' id='line_1_115' title="bbox 2164 5221 3808 5303; baseline -0.008 -15"><span class='ocrx_word' id='word_1_783' title='bbox 2164 5229 2534 5303; x_wconf 87' lang='lat' dir='ltr'><strong>suspendunt</strong></span> <span class='ocrx_word' id='word_1_784' title='bbox 2574 5226 2711 5282; x_wconf 84' lang='lat' dir='ltr'><strong>fune</strong></span> <span class='ocrx_word' id='word_1_785' title='bbox 2746 5223 3023 5295; x_wconf 87' lang='lat' dir='ltr'><strong>alligatis.</strong></span> <span class='ocrx_word' id='word_1_786' title='bbox 3059 5225 3165 5276; x_wconf 83' lang='lat' dir='ltr'><strong>&#39;l‘ot</strong></span> <span class='ocrx_word' id='word_1_787' title='bbox 3196 5221 3351 5277; x_wconf 86' lang='lat' dir='ltr'><strong>mala</strong></span> <span class='ocrx_word' id='word_1_788' title='bbox 3382 5234 3713 5291; x_wconf 85' lang='lat' dir='ltr'><strong>perpessus,</strong></span> <span class='ocrx_word' id='word_1_789' title='bbox 3748 5223 3808 5275; x_wconf 87' lang='lat' dir='ltr'><strong>et</strong></span> 
     </span>
    </p>
   </div>
   <div class='ocr_carea' id='block_1_115' title="bbox 2163 5307 3805 5387">
    <p class='ocr_par' dir='ltr' id='par_1_115' title="bbox 2163 5307 3805 5387">
     <span class='ocr_line' id='line_1_116' title="bbox 2163 5307 3805 5387; baseline -0.009 -10"><span class='ocrx_word' id='word_1_790' title='bbox 2163 5320 2278 5378; x_wconf 83' lang='lat' dir='ltr'><strong>alia</strong></span> <span class='ocrx_word' id='word_1_791' title='bbox 2299 5323 2570 5375; x_wconf 81' lang='lat' dir='ltr'><strong>sexcenta</strong></span> <span class='ocrx_word' id='word_1_792' title='bbox 2601 5331 2729 5387; x_wconf 78' lang='lat' dir='ltr'><strong>quae</strong></span> <span class='ocrx_word' id='word_1_793' title='bbox 2770 5307 3274 5386; x_wconf 67' lang='lat' dir='ltr'><strong>praetermisimus,</strong></span> <span class='ocrx_word' id='word_1_794' title='bbox 3296 5313 3491 5365; x_wconf 88' lang='lat' dir='ltr'><strong>tamen</strong></span> <span class='ocrx_word' id='word_1_795' title='bbox 3525 5321 3805 5381; x_wconf 88' lang='lat' dir='ltr'><strong>generoso</strong></span> 
     </span>
    </p>
   </div>
   <div class='ocr_carea' id='block_1_116' title="bbox 1736 5467 2465 5538">
    <p class='ocr_par' dir='ltr' id='par_1_116' title="bbox 1736 5467 2465 5538">
     <span class='ocr_line' id='line_1_117' title="bbox 1736 5467 2465 5538; baseline -0.008 -2"><span class='ocrx_word' id='word_1_796' title='bbox 1736 5467 1929 5537; x_wconf 91' lang='lat' dir='ltr'><strong>Hier.</strong></span> <span class='ocrx_word' id='word_1_797' title='bbox 1965 5467 2218 5538; x_wconf 82' lang='lat' dir='ltr'><strong>Wolﬁi</strong></span> <span class='ocrx_word' id='word_1_798' title='bbox 2253 5468 2465 5534; x_wconf 63' lang='lat' dir='ltr'><strong>notae.</strong></span> 
     </span>
    </p>
   </div>
   <div class='ocr_carea' id='block_1_117' title="bbox 449 5604 2065 5692">
    <p class='ocr_par' dir='ltr' id='par_1_117' title="bbox 449 5606 2065 5692">
     <span class='ocr_line' id='line_1_118' title="bbox 449 5606 2065 5692; baseline -0.003 -22"><span class='ocrx_word' id='word_1_799' title='bbox 449 5614 559 5688; x_wconf 84' lang='grc'><strong>(21)</strong></span> <span class='ocrx_word' id='word_1_800' title='bbox 588 5609 759 5679; x_wconf 85' lang='lat' dir='ltr'><strong>Quod</strong></span> <span class='ocrx_word' id='word_1_801' title='bbox 790 5608 935 5668; x_wconf 86' lang='lat' dir='ltr'><strong>alter</strong></span> <span class='ocrx_word' id='word_1_802' title='bbox 968 5611 1346 5692; x_wconf 69' lang='grc' dir='ltr'>μεταφορῖκῶς</span> <span class='ocrx_word' id='word_1_803' title='bbox 1368 5609 1594 5687; x_wconf 81' lang='lat' dir='ltr'><strong>scribit,</strong></span> <span class='ocrx_word' id='word_1_804' title='bbox 1628 5611 1779 5668; x_wconf 87' lang='lat' dir='ltr'><strong>alter</strong></span> <span class='ocrx_word' id='word_1_805' title='bbox 1796 5606 1993 5673; x_wconf 79' lang='grc' dir='ltr'>άπλῶς</span> <span class='ocrx_word' id='word_1_806' title='bbox 2024 5611 2065 5668; x_wconf 70' lang='lat' dir='ltr'><strong>vi</strong></span> 
     </span>
    </p>
   </div>
   <div class='ocr_carea' id='block_1_118' title="bbox 2173 5604 2597 5692">
    <p class='ocr_par' dir='ltr' id='par_1_118' title="bbox 2173 5604 2597 5680">
     <span class='ocr_line' id='line_1_119' title="bbox 2173 5604 2597 5680; baseline -0.012 -11"><span class='ocrx_word' id='word_1_807' title='bbox 2173 5627 2251 5669; x_wconf 66' lang='lat' dir='ltr'><strong>.ur</strong></span> <span class='ocrx_word' id='word_1_808' title='bbox 2282 5604 2597 5680; x_wconf 85' lang='lat' dir='ltr'><strong>accepisse.</strong></span> 
     </span>
    </p>
   </div>
  </div>
