4126 6294
386 332 497 395 Ἧι

1705 319 2024 385 ΝΙΟΕΤᾹΞ
2065 318 2503 382 CHONIATE

3674 319 3806 382 712

384 467 578 526 adhuc
613 463 809 521 animo
847 461 1009 517 illata
1039 459 1194 516 mala
1222 457 1526 525 tolerabat,
1559 473 1625 514 ac
1653 460 1846 514 mente
1873 456 2020 513 inte.

2151 450 2236 508 ιάκ
2263 455 2370 508 τῶν
2401 450 2760 526 καττυμάτων
2794 450 3033 522 ἀποζῶσι
3066 449 3353 527 γλίσχρως
3383 449 3472 506 καὶ
3539 457 3660 515 ταῖς
3694 451 3802 529 ῥα-

389 574 492 632 grs
523 557 596 613 ad
645 551 982 610 afﬂuentem
1015 550 1242 606 turbam
1266 551 1323 604 et
1345 547 1647 604 ferientem
1684 561 2027 615 conversus,

388 647 534 705 nihil
565 643 796 701 dicebat
814 639 970 697 aliud
1005 639 1152 696 nisi:
1186 638 1386 696 458«
1412 636 2028 708 Domine,miserere,»

386 746 478 793 et:
511 759 540 787 «
572 733 718 798 Quid
769 730 1063 786 calamum
1095 727 1413 785 contritum
1462 727 1823 800 infringitis?
1849 749 1877 776 ››
1910 726 2028 782 Can-

383 835 571 883 terum
604 819 1048 878 dementissima
1080 817 1278 890 pOpuli
1313 817 1507 884 turba,
1542 832 1614 872 ne
1645 823 1768 872 tum
1792 816 2030 889 quidem

385 912 772 974 alilictissimo
794 909 1050 982 pepercit
1079 906 1424 974 Andronico,
1443 911 1754 979 postquam
1788 904 2033 978 pedibus

383 1017 709 1077 suspensus
758 997 888 1066 fuit,
949 997 1051 1054 sed
1098 996 1321 1069 direpta
1367 995 1632 1052 tunicula
1678 994 1866 1051 virilia
1902 997 2032 1066 ejus

383 1091 726 1160 vexavit;et
773 1087 1010 1160 quidam
1059 1085 1235 1142 homo
1259 1086 1518 1142 nefarius
1559 1085 1796 1154 longum
1835 1100 2032 1140 ensem

383 1199 484 1256 per
513 1183 708 1238 fauces
738 1179 864 1250 ejus
885 1191 1072 1248 usque
1099 1175 1167 1230 ad
1195 1174 1480 1231 intestina
1499 1174 1714 1246 adegit.
1747 1177 1867 1229 Duo
1899 1190 2032 1232 vero

384 1271 576 1330 Latini
603 1267 832 1342 generis
861 1282 1056 1333 enses,
1096 1265 1384 1320 ambabus
1405 1263 1605 1320 annixi
1641 1263 1936 1332 manibus,
1970 1263 2028 1320 in

385 1366 552 1419 nates
582 1361 711 1432 ejus
762 1357 1103 1426 adegerunt,
1137 1359 1200 1410 ut
1239 1353 1562 1425 periculum
1609 1353 1864 1409 lacerent
1904 1357 2034 1410 uter

384 1455 541 1508 esset
581 1447 823 1518 acutior,
880 1444 1036 1501 ictus
1075 1443 1418 1500 dexteritate
1465 1440 1720 1516 gloriati.
1772 1441 1909 1499 Post
1948 1447 2033 1499 tot

385 1554 680 1598 erumnas
735 1539 792 1591 et
845 1534 1043 1592 clades
1072 1548 1222 1604 aegre
1279 1531 1456 1588 vitam
1497 1530 1753 1604 abrupit,
1801 1530 2034 1588 dextera

386 1645 522 1688 cum
554 1627 754 1684 dolore
784 1623 855 1680 ad
889 1639 954 1679 os
996 1623 1250 1690 admota,
1297 1623 1364 1678 ut
1401 1619 1563 1678 multi
1599 1623 1872 1694 putarent
1900 1636 2033 1677 eum

387 1717 640 1774 calidum
665 1731 734 1770 ex
763 1729 832 1770 ea
859 1711 1211 1784 sanguinem
1230 1711 1301 1766 ob
1347 1713 1637 1767 recentem
1669 1708 1900 1783 plagam
1933 1710 2037 1766 ad-

389 1800 506 1856 huc
536 1797 916 1866 distillantem
949 1809 1248 1864 exsugere.

2141 539 2254 620 φίσι
2286 540 2378 596 τὸν
2407 539 2568 617 ἄρτον
2607 545 2800 605 στενῶς
2852 538 3205 616 συλλέγουσι,
3262 541 3378 596 κατ’
3435 533 3588 597 ἔθνεα
3631 561 3802 598 συναο

2141 629 2477 704 θροισθέντες
2510 633 2681 706 μυιῶν
2711 631 2768 685 αἳ
2799 630 2930 695 τοὺς
2986 628 3224 705 γαυλοὺς
3271 628 3802 706 ἀμφιπεριίπτανται

2139 711 2295 795 ἔαρος
2326 719 2415 775 καὶ
2447 719 2830 795 περιχαίνουσι
2881 719 2949 773 τά
3005 717 3204 774 πιαλέα
3262 713 3540 787 κισσύϐια,
3575 717 3717 794 μηδέ
3771 742 3807 775 α

2139 803 2307 884 λόγον
2349 809 2572 881 θέμενοι
2603 805 2654 862 εἴ
2702 804 2960 882 βασιλεὺς
2991 806 3150 868 οὗτος
3183 807 3290 883 πρὸ
3318 806 3510 882 τρίτης
3548 809 3640 863 καὶ
3698 809 3807 884 βα-

2141 893 2332 970 σιλείῳ
2357 893 2654 972 διαδήματι
2687 893 3086 971 περιδούμενος
3114 895 3208 950 καὶ
3239 895 3313 958 ὡς
3371 897 3556 972 σωτὴρ
3590 896 3808 972 ὑμνού-

2145 1006 2304 1060 μενος
2339 985 2440 1041 ὑπὸ
2482 990 2696 1042 πάντων
2761 985 3246 1062 ἀνευφημούμενός
3307 1005 3366 1041 τε
3422 986 3512 1040 καὶ
3563 1005 3811 1061 προσκυ-

2149 1076 2425 1150 νούμενος,
2462 1078 2550 1132 καὶ
2612 1076 2690 1140 ὡς
2748 1074 3074 1155 φρικώδεσιν
3133 1074 3322 1152 ὅρκοις
3375 1077 3475 1146 την
3536 1075 3590 1138 ἐς
3647 1078 3813 1133 αὐτὸν

2141 1162 2468 1220 ἐνεπέδωσαν
2503 1166 2681 1222 πίστιν
2715 1165 2804 1221 καὶ
2837 1162 3070 1238 εὔνοιαν,
3129 1165 3322 1242 ἀλόγῳ
3387 1162 3446 1220 δὲ
3504 1166 3663 1240 θυμῷ
3717 1166 3811 1222 καὶ

2141 1252 2586 1332 παραλογωτέρῳ
2629 1255 2718 1310 νοῒ
2774 1253 3066 1335 φερόμενοι
3133 1251 3286 1310 οὐδέν
3343 1275 3396 1309 τι
3457 1259 3566 1310 τῶν
3621 1259 3806 1311 κακῶν

2141 1342 2386 1400 ἐνέλιπον
2431 1344 2462 1400 ὅ
2495 1346 2572 1419 μὴ
2639 1345 2716 1407 είς
2776 1341 3123 1419 Ἀνδρόνικον
3178 1343 3406 1406 ἀνοσίως
3466 1342 3806 1421 εἰργάσαντο.

2141 1435 2208 1491 Οἱ
2244 1435 2337 1508 μὶν
2371 1434 2475 1512 γὰρ
2503 1433 2640 1489 κατά
2677 1431 2922 1508 κεφαλῆς
2979 1433 3231 1510 κορύναις
3289 1434 3449 1490 αὐτὸν
3507 1428 3806 1506 ἔπληττον,

2143 1525 2197 1580 οἱ
2228 1522 2285 1581 δί
2317 1519 2604 1600 βολϐίτοις
2631 1525 2728 1588 τὰς
2760 1523 2969 1580 ἐκείνου
3011 1524 3164 1601 ῥῖνας
3192 1523 3482 1599 ἐμόλυνον,
3513 1523 3679 1582 ἄλλοι
3716 1524 3808 1581 διὰ

2147 1615 2400 1691 σπόγγων
2462 1613 2681 1688 λύματα
2737 1614 3018 1690 γαστέρων
3050 1617 3133 1689 [Ρ.
3189 1617 3314 1688 2'25]
3363 1614 3556 1690 βοείων
3587 1616 3674 1670 καὶ
3711 1615 3806 1670 ἀν-

2147 1703 2432 1780 θρωπείων
2511 1708 2620 1759 τῶν
2699 1702 2876 1779 δψεων
2941 1702 3150 1759 ἐκείνου
3230 1703 3514 1783 κατέχεον.
3581 1710 3800 1780 Ἒτεροι

2067 1778 2716 1869 Βαῖσχορῥημονοῦντες
2775 1789 3143 1868 ἐκακολόγουν
3201 1791 3253 1854 ἐς
3318 1794 3418 1862 τήν
3469 1792 3674 1870 μητέρα
3703 1793 3804 1850 καὶ

391 1889 484 1944 τὸν
541 1885 736 1942 λοιπὸν
794 1888 901 1939 τῶν
957 1881 1182 1938 τοκέων.
1224 1881 1394 1937 Ἦσαν
1443 1878 1494 1935 οἵ
1524 1879 1616 1936 καὶ
1649 1875 1958 1944 ὀϐελίσκοις
2017 1877 2232 1960 ἔπειραν
2287 1882 2452 1938 αὐτοῦ
2506 1883 2601 1945 τὰς
2667 1882 2929 1960 πλευράς.
2990 1881 3057 1940 Οἱ
3113 1879 3161 1938 δ’
3229 1880 3590 1959 ἀναιδέστεροι
3646 1883 3804 1949 λιθο-

397 1979 747 2038 λευστοῦντες
779 1975 915 2030 κύνα
943 1973 1229 2046 ὠνόμαζον
1290 1971 1628 2046 λυσσητῆρα.
1692 1971 1804 2030 Μία
1860 1968 1918 2026 δέ
1973 1993 2056 2035 τις
2122 1976 2355 2050 πορνική
2399 1974 2533 2051 γυνὴ
2592 1972 2683 2030 καὶ
2723 1971 3026 2038 ἀκόλαστος
3083 1975 3344 2049 κεράμιον
3378 1977 3584 2052 θερμοῦ
3614 1971 3808 2038 ὕδατος

396 2076 607 2145 πλῆρες
663 2069 1020 2144 ἁρπασαμένη
1080 2062 1131 2138 ἐξ
1191 2063 1479 2119 ὀπτανείου
1526 2067 1632 2118 τῶν
1688 2059 1890 2118 ἐκείνου
1947 2065 2278 2121 κατεκένωσε
2332 2070 2588 2139 παρειῶν.
2649 2066 2755 2122 Καὶ
2815 2063 2991 2128 οὐδεὶς
3051 2066 3116 2136 ἦν
3155 2067 3214 2128 ὃς
3267 2065 3366 2122 οὐκ
3406 2067 3474 2136 ἧν
3544 2065 3632 2121 ἐπὶ
3685 2067 3807 2124 Ἀν-

397 2158 636 2234 δρονίκῳ
687 2157 1008 2218 κακοποιός.
1070 2153 1177 2210 Καὶ
1238 2153 1412 2214 οὕτως
1473 2151 1682 2226 ἀτίμως
1751 2151 1836 2208 ἐπὶ
1898 2153 1961 2209 τὸ
2017 2153 2238 2230 θέατρον
2289 2154 2560 2231 ἀπαχθεὶς
2611 2156 2748 2229 μετά
2819 2153 3160 2233 γελοιώδους
3219 2151 3492 2233 θριάμϐου
3567 2155 3659 2212 καὶ
3708 2151 3806 2212 τοῦ

399 2249 626 2324 οἰκτροῦ
657 2247 863 2302 ἐκείνου
893 2244 985 2300 καὶ
1017 2238 1353 2316 παιζομένου
1429 2240 1518 2297 ἐπὶ
1592 2240 1851 2316 καμήλου
1905 2243 2228 2318 ὑψώματος,
2304 2246 2438 2321 ’ὅπερ
2513 2243 2716 2310 ἄνωθεν
2785 2240 2986 2317 κατέϐη
3064 2245 3416 2322 αὐτόχρημα,
3490 2244 3551 2301 ἐκ
3622 2241 3807 2301 ποδῶν

396 2336 710 2412 ἀναρτᾶται,
765 2339 928 2391 τινῶν
986 2333 1300 2408 ἀναψάντων
1346 2329 1407 2386 ἐκ
1463 2329 1740 2410 φελλύρας
1769 2330 2046 2388 καλώδιον
2111 2335 2248 2390 κατά
2277 2334 2404 2398 τοὺς
2432 2335 2557 2410 περὶ
2615 2333 2711 2398 τὰς
2743 2333 3042 2398 ἐπικλινεῖς
3072 2337 3164 2390 τὸν
3202 2334 3488 2411 τράχηλον
3548 2334 3609 2390 ἐκ
3658 2332 3805 2410 χαλ-

395 2429 496 2483 κοῦ
526 2423 904 2499 πεποιημένας
938 2421 1193 2478 λύκαιναν
1219 2421 1310 2476 καὶ
1362 2419 1548 2476 ὕαιναν
1603 2420 1881 2492 ἀλλήλαις
1935 2418 2363 2489 ἀντιϐλεπούσας
2434 2424 2526 2479 καὶ
2601 2424 2739 2498 πρὸς
2815 2424 2983 2500 ὀργῆν
3061 2425 3413 2502 ἡγριωμένας
3485 2421 3810 2498 ἱσταμένους

401 2513 498 2571 δύο
530 2513 854 2574 στυλίσκους
928 2512 1020 2566 καὶ
1095 2509 1251 2574 λίθον
1329 2510 1672 2584 ἐπικείμενον
1747 2507 1994 2574 ἔχοντας.
2025 2515 2276 2570 Τοσαῦτα
2307 2510 2364 2568 δέ
2419 2515 2726 2584 πεπονθὼς,
2768 2514 2858 2568 καὶ
2937 2514 3103 2590 μυρία
3171 2510 3330 2589 ἕτερα
3405 2513 3639 2580 ὑποστὰς
3712 2513 3812 2568 ὃσα

401 2607 429 2660 ὀ
505 2601 674 2680 λόγος
749 2599 1118 2677 παρέδραμεν,
1195 2599 1350 2673 ὅμως
1425 2600 1668 2675 ἀντεῖχεν
1743 2597 1819 2654 ἔτι
1851 2600 2112 2678 γενναίως
2143 2602 2276 2675 πρὸς
2324 2603 2420 2665 τὰς
2470 2599 2734 2683 ἐπιφοράς
2763 2607 2870 2658 τῶν
2933 2601 3146 2674 δεινῶν,
3222 2602 3533 2679 ἐρῥωμένος
3609 2600 3684 2658 ὢν
3743 2602 3807 2656 τὸ

393 2698 635 2770 φρονεῖν.
671 2693 815 2767 Πρὸς
851 2688 910 2746 δὲ
936 2689 1063 2751 τοὺς
1097 2687 1554 2763 ἐπεισχεομένους
1589 2689 1679 2743 καὶ
1711 2686 2019 2764 βάλλοντας
2049 2689 2510 2768 ἐπιστρεφόμενος
2541 2689 2682 2746 ἃλλο
2743 2693 2838 2766 μὶν
2896 2689 3049 2748 οὐδὲν
3107 2691 3396 2770 ἐφθέγγετο
3471 2692 3518 2747 εί
3596 2693 3671 2765 μὴ
3746 2692 3812 2747 τὸ

394 2808 423 2838 ιι
455 2782 650 2860 Κύριε,
687 2779 938 2850 ἐλέησον,
971 2801 999 2832 ››
1031 2780 1148 2848 καὶ,
1189 2801 1216 2832 α
1269 2781 1380 2835 Ίνα
1435 2776 1489 2832 τί
1545 2777 1795 2852 κάλαμον
1855 2779 2309 2855 συντετριμμένον
2365 2779 2768 2855 προσεπικλᾶτε
2803 2801 2817 2852 ;
2861 2806 2889 2834 »
2921 2779 3047 2837 ἀλλ’
3079 2779 3205 2836 οὐδὲ
3255 2781 3391 2856 μετᾶ
3412 2781 3511 2851 τήν
3539 2779 3599 2837 ἐκ
3627 2777 3810 2836 ποδῶν

397 2873 741 2944 ἀπαιώρησιν
777 2870 828 2924 οἱ
859 2867 1176 2924 ἀνούστατοι
1211 2864 1380 2942 ὄχλοι
1453 2871 1551 2923 τοῦ
1625 2865 1980 2933 πολυπαοοῦς
2013 2869 2319 2945 ἀπέσχοντο
2353 2868 2700 2947 Ἀνδρονίκου
2772 2868 2809 2941 ἤ
2886 2868 3056 2950 φειδὼ
3129 2875 3238 2927 τῶν
3313 2870 3520 2927 ἐκείνου
3595 2875 3810 2946 σαρκῶν

397 2956 619 3028 ἔλαϐον,
651 2958 798 3017 ἀλλὰ
827 2956 1174 3034 περιελόντες
1197 2958 1260 3013 τὸ
1313 2955 1570 3031 χιτώνιον
1618 2961 1800 3020 κακῶς
1850 2957 2057 3022 ἐτίθουν
2113 2959 2180 3014 τὰ
2221 2957 2525 3038 παιδογόνα
2559 2961 2746 3034 μόρια.
2781 2962 3028 3025 Ἀνόσιος
3062 2957 3120 3016 δέ
3165 2981 3248 3023 τις
3279 2962 3372 3016 καὶ
3405 2956 3494 3016 διά
3555 2964 3654 3016 τοῦ
3707 2959 3810 3037 φά-

402 3071 611 3129 ρυγγος
651 3049 729 3112 εἶς
757 3047 825 3104 τὰ
851 3044 1056 3123 ἔγκατα
1089 3043 1356 3118 ἐπίμηκες
1383 3044 1532 3124 ξίφος
1573 3042 1760 3120 ἔϐαψε.
1791 3046 1949 3111 Τινὲς
1987 3044 2045 3102 δὲ
2071 3052 2180 3103 τῶν
2259 3047 2320 3104 ἐκ
2389 3052 2490 3105 τοῦ
2548 3052 2835 3105 Λατινικοῦ
2864 3049 3050 3126 γένους
3081 3049 3170 3104 καὶ
3209 3050 3346 3104 κατὰ
3419 3051 3519 3118 τῆς
3591 3045 3806 3124 ἐξέδρας

391 3139 655 3206 ἀκινάκην
689 3135 1022 3214 ἀμφοτέραις
1066 3132 1382 3209 ἐπηρεισαν,
1413 3133 1505 3188 καὶ
1565 3134 1910 3208 περιστάντες
1986 3134 2276 3215 κατέφερον
2351 3138 2419 3192 τὰ
2490 3136 2642 3212 ξίφη,
2719 3138 2907 3194 ὁποῖόν
2984 3140 3099 3194 ’ἐστι
3171 3139 3589 3214 τμητικώτερον
3664 3137 3803 3194 ἄπο.

393 3227 754 3304 πειρώμενοι,
785 3225 876 3279 καὶ
901 3227 971 3298 τῇ
1009 3229 1110 3293 τῆς
1141 3222 1330 3298 χειρὸς
1357 3223 1872 3296 κατακομπάζιιντες
1906 3221 2174 3298 δεξιότητι
2209 3223 2296 3282 διὰ
2352 3226 2412 3281 τὸ
2471 3226 2758 3304 ἀξιόλογον
2810 3234 2911 3298 τῆς
2966 3225 3212 3304 πληγῆς.
3255 3229 3354 3283 Καὶ
3412 3226 3546 3302 μετά
3573 3231 3808 3304 τοσαῦτα

398 3298 697 3392 μογήματα
717 3307 814 3369 καῖ
837 3314 1135 3386 παθήματα
1169 3310 1334 3385 μόλις
1370 3310 1638 3388 ἀπέρρηξε
1668 3314 1766 3382 τήν
1802 3315 1974 3384 ζωήν,
2006 3315 2106 3383 τὴν
2166 3312 2339 3389 δεξιὰν
2411 3321 2578 3393 ’χεῖρα
2647 3298 2762 3391 μετ’
2819 3314 3020 3389 ὀδύνης
3073 3298 3315 3381 ἐκτείνας
3343 3298 3432 3373 καί
3465 3298 3804 3394 περιαγαγὼν

395 3405 542 3462 οὕτω
572 3408 650 3478 τῷ
680 3401 933 3478 στόματι,
966 3399 1106 3456 ὣστε
1136 3401 1226 3456 καὶ
1245 3405 1364 3464 τοῖς
1386 3399 1623 3464 πολλοῖς
1656 3395 1832 3474 ἔδοξεν
1863 3401 2098 3477 ἐκμυζᾷν
2127 3409 2224 3460 τοῦ
2263 3402 2323 3460 ἐκ
2350 3405 2551 3477 ταύτης
2585 3399 2666 3462 ἔτι
2695 3408 2898 3484 θερμου
2929 3406 3330 3478 ἀποστάζοντος
3363 3404 3602 3482 αἵματος
3625 3405 3713 3463 διὰ
3739 3408 3804 3464 τὸ

390 3495 582 3572 νεαρὸν
622 3499 723 3564 τῆς
754 3498 954 3566 τομῆς.

460 3587 550 3644 13.
599 3583 914 3659 Imperavit
961 3599 1146 3639 annos
1203 3582 1377 3652 duos,
1426 3599 1613 3639 unum
1667 3599 1803 3640 vero
1845 3600 2040 3641 rerum
2073 3589 2117 3656 ο

391 3675 609 3750 potitus
693 3678 785 3731 est
833 3675 962 3730 sine
1018 3689 1280 3746 purpura
1341 3676 1399 3729 et
1465 3673 1625 3745 regio
1683 3673 2035 3730 diademate.

387 3765 604 3822 Habitu
649 3763 910 3834 corporis
967 3761 1201 3836 egregio
1234 3761 1367 3830 fuit,
1400 3766 1639 3833 aspectu
1701 3761 2039 3832 venerabili,

390 3861 642 3924 erectus,
704 3859 934 3911 statura
963 3853 1218 3920 heroica,
1251 3853 1431 3908 etiam
1459 3857 1717 3909 extrema
1747 3857 1912 3908 astate
1936 3853 2038 3925 ju-

2230 3585 2320 3660 ιγ’.
2361 3586 2524 3658 Ἦρξε
2554 3582 2600 3640 δ’
2632 3585 2912 3648 ἐνιαυτοὺς
2959 3583 3077 3656 δύο,
3117 3587 3208 3642 καὶ
3263 3584 3359 3644 ἕνα
3395 3591 3505 3644 τῶν
3561 3587 3808 3666 πραγμά-

2146 3693 2256 3728 των
2312 3673 2509 3749 κύριος
2571 3673 2817 3750 ἐγεγόνει
2882 3669 3152 3747 τηϐέννης
3211 3674 3336 3731 ἄνευ
3421 3675 3510 3732 καὶ
3571 3677 3808 3752 ἀρχικοῦ

2150 3759 2508 3839 διαδήματος.
2541 3765 2642 3821 Ἦν
2692 3761 2750 3819 δὲ
2805 3765 2906 3834 τήν
2971 3769 3070 3822 τοῦ
3128 3765 3380 3840 σώματος
3411 3767 3552 3844 φυῆν
3579 3765 3804 3845 εὐφυὴς,

2151 3851 2351 3926 ἀγητός
2406 3851 2469 3906 τὸ
2525 3849 2696 3924 εἶδος,
2747 3849 2936 3929 ὄρθιος
3021 3849 3341 3925 ἀναϐαίνων,
3407 3855 3506 3922 τήν
3575 3852 3804 3922 ἡλικίαν

389 3944 566 4003 venili
615 3943 778 4015 facis,
828 3959 1065 4014 corpore
1109 3941 1375 3998 omnium
1435 3941 1844 4011 saluberrimo,
1904 3941 2044 4013 quia

391 4050 582 4108 neque
621 4032 932 4102 delicatus,
991 4045 1182 4102 neque
1227 4045 1422 4098 vorax,
1474 4031 1627 4089 459
1661 4047 1848 4104 neque
1870 4029 2042 4088 bibax

388 4127 536 4194 erat,
569 4121 672 4178 sed
703 4127 768 4178 ut
819 4119 1102 4178 Homerici
1136 4119 1360 4192 heroes,
1393 4136 1525 4177 assa
1572 4119 1912 4190 plerumque
1942 4135 2042 4175 ve-

389 4213 680 4270 scebatur.
732 4209 895 4266 Unde
943 4225 1114 4265 nemo
1163 4225 1297 4265 eum
1341 4212 1668 4264 ructantem
1707 4208 1950 4266 audivit.
1981 4206 2042 4264 Si

391 4301 627 4374 quando
657 4315 728 4356 ex
755 4297 1058 4355 stomacho
1081 4297 1602 4364 laborabat,totius
1619 4297 1732 4354 diei
1767 4297 1962 4354 labore
1986 4300 2046 4354 et

386 4388 615 4462 jejunio
642 4386 734 4446 vel
763 4386 1042 4460 exiguum
1073 4385 1378 4444 fastidium
1404 4385 1802 4459 propulsabat.
1835 4385 1940 4443 Die
1970 4386 2044 4443 ad

393 4493 665 4536 occasum
715 4479 986 4550 vergente
1045 4476 1233 4532 frusto
1288 4475 1457 4548 panis
1517 4480 1575 4532 et
1633 4476 1862 4531 modico
1913 4475 2046 4532 vino

392 4585 606 4642 corpus
662 4566 980 4625 recreabat.
1035 4563 1310 4621 Antidoto
1369 4580 1472 4635 per
1519 4580 1754 4620 omnem
1813 4568 2045 4621 aetatem

389 4675 694 4731 nunquam
722 4673 866 4714 usus
921 4658 1030 4724 est,
1055 4653 1175 4710 nisi
1229 4653 1362 4708 dum
1390 4651 1694 4726 imperavit
1722 4653 1924 4722 semel,
1958 4653 2046 4710 id-

394 4765 510 4821 que
531 4748 770 4818 invitus,
803 4747 1037 4803 hortata
1066 4741 1453 4812 medicorum,
1485 4744 1639 4815 quod
1672 4747 1735 4798 ut
1765 4743 2047 4800 habitudo

392 4839 655 4910 corporis
698 4837 894 4894 adhuc
953 4835 1184 4907 integra
1227 4837 1403 4902 esset,
1446 4837 1640 4890 tamen
1700 4834 1770 4890 ad
1815 4834 2048 4891 morbos

2151 3939 2419 4017 ἡρωϊκὸς,
2477 3939 2574 3995 κάν
2631 3945 2712 4015 τῷ
2763 3943 2919 4017 βαθεῖ
2997 3945 3142 4021 γήρᾳ
3201 3943 3290 4012 τὴν
3367 3941 3491 4015 ὄψιν
3541 3937 3802 4012 νεοειδής,

2153 4029 2516 4104 ὑγιεινότατός
2544 4050 2602 4086 τε
2632 4030 2952 4107 ἀνθρώπων,
2985 4033 3067 4088 ὅτι
3129 4030 3260 4106 μηδ’
3303 4031 3581 4110 ὀψοφάγος
3611 4051 3802 4106 περισ-

2153 4118 2242 4174 σὸν
2275 4119 2340 4189 ἦν
2371 4119 2462 4174 καὶ
2494 4118 2744 4194 ἀκρατῶς
2775 4116 2919 4198 ἔχων
2956 4121 3172 4185 κοιλίας
3222 4123 3298 4185 ὡς
3357 4119 3676 4196 ζωροπότης
3713 4121 3804 4176 καὶ

2151 4209 2364 4279 τένθης,
2405 4207 2552 4264 ἀλλά
2581 4210 2719 4264 κατὰ
2748 4208 2876 4273 τοὺς
2932 4209 3272 4287 Ὁμηρικοὺς
3329 4211 3517 4286 ἥρωας
3573 4207 3810 4284 μάλιστα

2151 4301 2266 4358 τοῖς
2306 4294 2496 4358 ὀπτοῖς
2556 4294 2878 4372 προσέκειτο
2944 4301 3026 4370 τῷ
3084 4298 3238 4371 πυρὶ,
3293 4297 3414 4353 ὃθεν
3467 4295 3580 4352 οὐδ’
3638 4295 3806 4374 ἐρυγ-

2150 4384 2379 4462 γάνοντά
2439 4405 2524 4446 τις
2585 4384 2744 4442 αὐτὸν
2805 4384 3080 4446 ἐθεάσατο.
3141 4385 3300 4442 Ἀλλ’
3339 4385 3393 4442 εἷ’
3445 4407 3582 4443 ποτε
3614 4384 3808 4462 πλημ-

2155 4472 2342 4548 μελῶν
2400 4473 2522 4553 εἶχε
2583 4474 2893 4551 στομάχου,
2954 4475 3276 4552 πανημερίῳ
3354 4475 3512 4552 μόγῳ
3595 4498 3654 4532 τε
3726 4475 3818 4531 καὶ

2151 4562 2372 4636 νηστείᾳ
2398 4562 2490 4618 καὶ
2521 4564 2581 4620 τὸ
2623 4561 2880 4644 βραχέως
2913 4562 3179 4642 ἐνοχλοῦν
3213 4564 3577 4642 ἀπεκρούετο,
3627 4568 3816 4640 ψωμῷ

2155 4651 2318 4729 ἂρτου
2371 4652 2462 4708 καὶ
2519 4651 2667 4708 οἲνου
2748 4655 3049 4728 κεράσματι
3107 4653 3407 4726 κλινούσης
3495 4661 3597 4724 τῆς
3676 4652 3812 4728 ἡμέ-

2159 4761 2252 4817 ρας
2283 4741 2588 4818 ἐπιμετρῶν
2619 4742 2718 4811 τήν
2767 4744 3052 4819 θεραπείαν
3111 4749 3210 4800 τοῦ
3270 4743 3550 4818 σώματος.
3604 4743 3812 4801 Οὐκοῦν

2157 4827 2275 4886 οὐδ’
2304 4826 2570 4903 ἀντιδότῳ
2598 4828 2875 4906 ἐχρήσατο
2922 4833 3148 4889 πώποτε
3205 4831 3251 4888 εἰ
3307 4833 3385 4906 μή
3438 4833 3572 4903 ἅπαξ
3631 4830 3684 4887 ἐν
3741 4834 3808 4906 τῇ

395 4927 456 4983 in
512 4931 812 4998 posterum
891 4923 1305 4999 prmcavendos
1376 4923 1661 4980 medicina
1721 4923 2041 4996 prodesset.

2162 4917 2430 4994 βασιλείᾳ,
2460 4919 2549 4974 καὶ
2579 4919 2704 4974 τότε
2734 4923 2845 4974 τῶν
2880 4921 3075 4996 ἰατρῶν
3135 4921 3214 4986 είς
3264 4925 3428 4978 τοῦτο
3487 4919 3806 4996 ἐποτρυνάν·

393 5014 743 5085 Purgatione
786 5014 1070 5070 exhausta
1105 5029 1232 5070 sero
1278 5013 1387 5068 sub
1420 5028 1694 5069 occasum
1728 5011 1869 5068 solis
1899 5027 2044 5068 non-

395 5102 544 5160 nihil
603 5102 1060 5160 redundantiam
1119 5103 1180 5158 in
1227 5101 1390 5159 venis
1441 5101 1751 5159 humerum
1811 5100 2043 5174 egessit.

398 5194 600 5263 Itaque
641 5206 773 5247 cum
806 5190 976 5248 amici
1031 5189 1316 5247 dixissent
1353 5196 1519 5248 vetus
1560 5189 1703 5248 illud
1742 5190 2044 5246 oraculum

397 5281 468 5342 ad
519 5295 654 5337 eum
715 5279 1040 5353 pertinere:
1091 5299 1118 5333 α
1163 5283 1241 5336 Te
1289 5280 1740 5351 quadrimestre,
1803 5277 2044 5349 falcifer,

395 5375 628 5442 tempus
661 5374 874 5438 manet,
901 5391 930 5420 »
972 5368 1238 5424 arridens
1267 5369 1508 5426 omnino
1539 5386 1637 5426 eos
1662 5369 1780 5426 falli
1807 5385 2046 5442 respon-

393 5459 480 5517 dit
509 5458 596 5532 (se
633 5459 791 5516 enim
831 5456 1024 5514 omnis
1061 5456 1294 5529 generis
1339 5459 1562 5515 morbis
1596 5456 1683 5514 vel
1708 5475 1928 5516 annum
1959 5458 2046 5514 in-

393 5555 625 5612 tegrum
682 5547 956 5604 resistere
1003 5547 1217 5618 posse),
1271 5545 1494 5602 viribus
1553 5548 1812 5620 corporis
1844 5547 2047 5616 fretus,

399 5637 663 5711 falsaque
691 5654 811 5709 spe,
873 5640 940 5692 ut
969 5638 1231 5706 apparet,
1283 5643 1580 5706 concepta,
1613 5652 1676 5692 se
1721 5637 1835 5692 leni
1869 5639 2052 5692 morte

402 5733 460 5788 et
491 5726 804 5802 tranquilla
860 5725 1180 5796 obiturum,
1207 5721 1462 5779 violento
1510 5723 1748 5780 interitu
1784 5723 1870 5780 vel
1904 5725 2052 5782 ultro

2152 5031 2262 5064 των
2291 5007 2512 5076 ἄκοντα,
2545 5008 2818 5084 φαμένων,
2847 5010 2893 5066 εί
2923 5013 3013 5066 καὶ
3057 5012 3136 5085 μη
3194 5008 3263 5066 δι’
3325 5011 3663 5084 ἐνσκήψασαν
3714 5029 3810 5066 κα-

2155 5099 2437 5175 χὲκτησιν,
2471 5095 2594 5155 ἀλλ’
2639 5097 2732 5155 οὖν
2784 5101 3144 5178 προφυλακῆς
3215 5102 3378 5180 χάριν
3434 5101 3496 5156 τὸ
3554 5103 3642 5175 [Ρ.
3684 5101 3806 5175 226]

2153 5187 2412 5263 ἀνύσιμον
2470 5187 2650 5263 χρεὼν
2733 5190 3188 5266 προσενέγκασθαι
3274 5190 3578 5269 φάρμακον.
3662 5189 3806 5244 Ιιιὼν

2154 5276 2334 5334 τοίνυν
2365 5277 2426 5332 τὸ
2457 5278 2744 5352 καθάρσιον
2809 5277 3036 5354 βράδιον
3079 5278 3170 5335 καὶ
3217 5279 3342 5354 περὶ
3392 5278 3621 5335 δύνοντα
3648 5277 3808 5349 ἣλιον

2157 5365 2461 5422 ἀπεκένωσέ
2489 5386 2542 5421 τι
2571 5369 2668 5421 τοῦ
2709 5363 2761 5421 έν
2795 5365 2965 5446 φλεψὶ
3022 5369 3462 5444 περιττώματος,
3520 5368 3658 5424 ὥστε
3713 5365 3810 5420 καὶ

2156 5455 2290 5532 πρὸς
2323 5451 2452 5516 τοὺς
2480 5451 2780 5530 φάσκοντας
2818 5459 2926 5510 τῶν
2957 5454 3182 5530 ἑταίρων
3233 5453 3318 5510 ἐπ’
3373 5452 3564 5526 ἐκείνῳ
3601 5449 3804 5506 οἴεσθαι

2157 5547 2359 5606 πάντας
2388 5543 2450 5599 τὸ
2472 5540 2812 5622 παλαίφατον
2857 5541 3119 5624 λελέχθαι
3149 5549 3312 5601 τοῦτο
3372 5538 3802 5620 χρησμῲδημαο

2164 5655 2190 5690 ε
2224 5630 2626 5711 Δρεπανηφόρε,
2681 5634 3022 5710 τετράμηνόν
3081 5655 3140 5690 σε
3200 5635 3367 5710 μένει,
3395 5656 3424 5685 »ι
3491 5627 3810 5705 ἐπιμειδιῶν

2159 5718 2310 5797 ἔλεγε
2341 5717 2718 5796 διαψεύδεσθαι
2773 5721 3091 5797 προδήλως·
3156 5723 3319 5785 αὒτὸς
3374 5721 3474 5799 γὰρ
3503 5719 3593 5775 καιὶ
3625 5718 3810 5776 ἐνιαυο
