4126 6294
311 442 435 501 ’717

1488 436 1590 495 DE
1635 434 1947 496 ISAAGIO
1988 437 2302 500 ANGELO
2347 441 2493 502 LIB.
2542 445 2592 503 Ῑ.

3578 410 3579 415 Ν
3624 446 3743 505 718

327 573 434 629 οὐκ
465 566 759 633 ἀποδιδοὺς
792 570 955 642 μόνον
1034 567 1082 622 εἳ
1154 588 1205 622 τι
1283 572 1389 623 τῶν
1421 568 1592 623 πάλαι
1649 570 1970 644 προσόντων

2088 577 2211 631 tum
2245 577 2536 634 restitutis
2566 595 2695 650 quis
2727 579 2920 636 adhuc
2970 579 3057 636 vel
3116 580 3174 635 in
3233 580 3435 637 aerario
3469 580 3556 637 vel
3605 580 3739 639 aliis

321 664 515 724 αὐτοῖς
573 660 673 716 οὐκ
735 661 1040 738 ἠφάντωτο,
1100 663 1169 733 τῇ
1205 659 1468 735 βασιλικῇ
1536 661 1677 737 γάζῃ
1712 661 1974 736 στεγόμε-

324 773 444 823 νον,
500 750 536 821 ἢ
595 751 721 826 παρ’
777 746 1128 824 ’Δνδρονίκου
1191 742 1484 824 βραϐευθέν
1547 749 1752 826 ἕτεροις
1810 749 1976 805 εἰσέτι

322 838 766 917 περιελέλειπτο,
827 835 972 893 ἀλλὰ
1019 837 1122 893 κάκ
1203 842 1311 893 τῶν
1367 837 1619 913 ἀρχικῶν
1690 840 1979 915 θησαυρῶν

320 926 722 1005 προσπαρέχων
776 924 867 982 καὶ
926 924 1210 1004 φιλοτίμῳ
1278 927 1426 1002 χειρὶ
1486 923 1855 1000 δεξιούμενος.
1909 929 1978 985 ’Ὁ

320 1018 406 1075 καὶ
457 1017 550 1074 τὸν
617 1017 756 1072 κατὰ
806 1019 912 1071 τῶν
957 1015 1182 1072 Ἰταλῶν
1242 1016 1532 1072 κατεύθυνε
1595 1015 1868 1090 πόλεμον,
1928 1013 1981 1072 ο⁹ί

318 1104 617 1164 Θετταλίαν
676 1126 734 1160 τε
782 1105 938 1180 εἶχον
997 1102 1107 1175 ἤδη
1165 1105 1253 1160 καὶ
1312 1103 1652 1184 Ἀμφίπολιν
1705 1107 1980 1180 παρεστή-

318 1216 504 1268 σαντο,
571 1194 1103 1270 καταθρασυνόμενοι
1176 1192 1368 1266 ἀνέδην
1447 1194 1537 1251 καὶ
1622 1195 1791 1265 αὐτῆς
1876 1202 1977 1265 τῆς

319 1283 755 1363 μεγαλοπόλεως
810 1290 911 1354 τῆς
971 1284 1343 1361 περιωνύμου,
1401 1287 1489 1339 καὶ
1563 1282 1976 1359 μεγαλαυχοῢν-

314 1397 403 1438 τες
432 1380 511 1448 τῷ
565 1375 702 1430 κατά
751 1394 810 1429 τε
862 1380 969 1449 γῆν
1019 1373 1153 1428 κατά
1179 1394 1239 1428 τε
1268 1373 1532 1428 θάλατταν
1585 1373 1752 1442 αὐτὴν
1785 1369 1978 1428 διαλα-

313 1462 429 1520 ϐεῖν
465 1466 593 1540 ῥᾷον
625 1463 717 1520 καὶ
758 1464 832 1525 ὡς
888 1461 1102 1539 ἐρήμην
1169 1465 1576 1537 καταλήψεσθαι
1636 1463 1857 1519 νοσσιὰν
1889 1463 1977 1517 καὶ

313 1553 626 1610 σκυλεύσειν
686 1552 1098 1628 ἀταλαιπώρως
1160 1553 1538 1628 βραχυημέρῳ
1592 1551 1728 1607 πάνυ
1777 1557 1975 1625 καιρῷ.

314 1642 383 1700 Oi.
409 1642 509 1718 γὰρ
545 1640 821 1717 ἅνθρωποι
854 1643 952 1712 τήν
986 1640 1258 1699 Ἰσαακίου
1291 1643 1472 1720 ἀρχὴν
1502 1641 1577 1703 ὡς
1639 1641 1698 1695 ἐκ
1757 1644 1969 1716 χειμῶ-

312 1751 403 1796 νος
427 1729 504 1795 εἷς
532 1725 630 1804 ἔαρ
664 1724 955 1803 μετάϐασιν
991 1728 1025 1799 ἤ
1072 1729 1321 1807 γαλήνην
1390 1729 1497 1784 ἀπὸ
1560 1726 1728 1799 ζάλης
1786 1729 1975 1783 θεασά-

317 1839 473 1894 μενοι
523 1819 782 1894 σταθερὰν
844 1818 904 1874 ἐκ
960 1823 1066 1873 τῶν
1106 1819 1392 1893 ἁπανταχῇ
1470 1822 1793 1890 Ῥωμαϊκῶν
1850 1837 1970 1871 συν-

316 1908 502 1986 ἑῤῥεον
549 1912 772 1985 χωρῶν,
835 1909 898 1964 οὐ
972 1909 1136 1982 μόνον
1202 1908 1320 1963 ὅσοι
1387 1909 1583 1984 πρώην
1649 1905 2051 2007 ώπλίτευον,Β

316 1997 466 2055 ἀλλά
493 2000 583 2054 καὶ
614 1995 669 2052 οἵ
693 1996 983 2073 ἀπόμαχοι
1015 1996 1186 2053 πάλαι
1217 1997 1352 2052 ποτὲ
1381 1996 1537 2066 ἦσαν,
1591 1996 1682 2051 καὶ
1729 1995 1881 2051 αὐτοὶ
1914 1993 1971 2049 δὲ

324 2089 438 2166 οὐχ
494 2090 659 2156 ἦττον
691 2086 890 2158 ἠῒθεοι,
922 2086 973 2140 οἱ
1007 2085 1104 2159 μὲν
1136 2085 1398 2160 ὀψόμενοι
1433 2084 1598 2159 μόνον
1628 2085 1722 2140 τὸν
1754 2083 1969 2140 ἐλευθε-

318 2177 502 2254 ρωτὴν
534 2182 735 2245 Μωσῆν
768 2175 859 2230 καὶ
881 2175 975 2230 τὸν
997 2174 1330 2249 ἐπανάγοντα
1348 2169 1678 2250 Ζωροϐάϐελ
1710 2175 1809 2244 τὴν
1835 2171 1969 2252 αῗχ-

319 2264 598 2340 μαλωσίαν
635 2264 778 2319 Σιὼν
806 2261 971 2337 (οὕτω
1004 2265 1106 2338 γὰρ
1137 2262 1321 2325 αὐτοῖς
1382 2260 1621 2338 ἐκρίνετο
1658 2262 1969 2334 Ἰσαάκιος),

314 2354 367 2409 οἱ
395 2350 451 2408 δὲ
494 2350 921 2424 ἀποληψόμενοι
968 2350 1035 2406 τὰ
1093 2353 1296 2422 συνήθη
1346 2356 1464 2413 τοῖς
1519 2352 1968 2425 στρατευομένοις

313 2443 542 2517 ὀψώνια,
592 2441 737 2502 τινες
798 2437 855 2495 δὲ
909 2439 1001 2495 καὶ
1061 2438 1631 2516 στρατολογησόμενοι
1686 2439 1776 2494 καὶ
1834 2442 1969 2496 κατὰ

309 2536 418 2588 τῶν
458 2530 703 2587 Σικελῶν
765 2526 1173 2603 ανδρισόμενοι.
1230 2535 1317 2592 Ὡς
1372 2527 1428 2584 δὲ
1476 2526 1623 2600 δήλη
1665 2529 1882 2607 γέγονεν
1931 2532 1966 2599 ἡ

311 2619 659 2697 Ἀνδρονίκου
732 2619 1079 2697 καταστροφὴ
1154 2624 1269 2682 τοῖς
1344 2621 1479 2674 κατὰ
1530 2622 1628 2689 τήν
1682 2619 1967 2676 Φιλίππου

315 2709 584 2785 ἐπαρχίαν
612 2712 691 2782 τῷ
747 2708 964 2784 βασιλεῖ
1016 2711 1377 2784 συναπάρασιν
1432 2709 1652 2781 Ἰωάννῃ
1707 2713 1786 2781 τῷ
1848 2710 1968 2766 Ἀν-

262 2834 265 2835 ν
318 2796 574 2875 δρονῖκου
625 2794 800 2867 παιδὶ,
859 2800 1202 2872 παραχρῆμα
1259 2797 1347 2851 καὶ
1408 2797 1566 2858 αὐτὸς
1629 2795 1966 2874 συλληφθεὶς

320 2889 419 2951 τὶς
494 2887 658 2960 κόρας
726 2885 1038 2942 ἐκκόπτεται
1095 2886 1186 2940 καὶ
1242 2884 1595 2962 καταστρέφει
1652 2886 1747 2954 τήν
1819 2888 1963 2956 ζωὴν

321 2971 635 3045 ἐπωδύνως,
685 2974 973 3048 ὑπομείνας
1021 2974 1457 3050 παρακαλοῦντα,
1506 2975 1596 3029 καὶ
1649 2974 1726 3048 μὴ
1771 2972 1964 3050 εὗρὼν,

2084 661 2299 719 donata
2327 667 2821 737 supererant,sed
2862 684 2931 725 ex
2977 667 3270 725 thesauris
3311 669 3490 724 etiam
3531 668 3743 726 libera-

2082 748 2216 807 liter
2246 754 2472 824 adjecta
2501 755 2769 826 pecunia.
2803 758 2936 823 Qum
2992 772 3085 812 res
3145 755 3333 813 eli‘ecit
3381 761 3444 813 ut
3472 774 3607 813 cum
3634 762 3740 815 La~

2084 840 2224 896 tinis
2257 841 2484 899 felicius
2504 844 2723 900 bellum
2746 850 3067 917 gereretur,
3092 845 3191 916 qui
3222 845 3587 903 Thessaliam
3611 848 3739 919 jam

2082 929 2363 988 tenebant
2389 936 2445 988 et
2473 932 2869 1005 Amphipolim
2922 935 3273 1005 subegerunt
3312 937 3370 990 et
3415 935 3739 992 insolenter

2082 1016 2268 1089 ipsam
2301 1020 2523 1092 Cpolim
2556 1021 2927 1091 aii‘ectabant,
2966 1039 3141 1094 quam
3183 1039 3247 1079 se
3295 1028 3447 1080 terra
3480 1024 3740 1095 marique

2084 1106 2408 1178 obsessam,
2443 1108 2611 1166 facile
2670 1115 2735 1165 ut
2779 1127 3029 1168 vacuum
3100 1111 3302 1168 nidum
3359 1118 3743 1184 occupaturos

2082 1200 2138 1251 et
2176 1195 2320 1252 citra
2370 1195 2630 1255 laborem
2693 1199 3001 1271 perexiguo
3062 1205 3324 1271 tempore
3383 1199 3739 1273 spoliaturos

2083 1284 2506 1357 gloriabantur.
2538 1287 2686 1345 Nam
2743 1288 3013 1345 homines
3055 1289 3240 1344 lsaaci
3293 1289 3538 1360 imperio
3572 1289 3739 1360 quasi

2082 1390 2216 1429 vero
2248 1379 2381 1445 post
2415 1375 2665 1432 hiemem
2690 1377 2843 1432 466
2886 1382 2945 1433 et
2976 1376 3402 1450 tranquillitate
3424 1382 3556 1450 post
3587 1382 3739 1434 tem-

2087 1468 2367 1534 pestatem
2420 1465 2750 1534 exhilarati,
2800 1484 2867 1523 ex
2914 1465 3190 1523 omnibus
3243 1467 3557 1539 provinciis
3604 1483 3739 1523 con-

2084 1552 2363 1621 ﬂuebant,
2399 1570 2504 1610 nec
2536 1556 2572 1610 li
2606 1559 2838 1611 tantum
2895 1555 2996 1626 qui
3056 1563 3174 1610 tum
3240 1555 3589 1623 militabant,
3635 1556 3737 1613 sed

2084 1639 2353 1698 homines
2382 1643 2560 1699 etiam
2592 1642 2744 1700 bello
2767 1642 2992 1700 desueti
3034 1642 3259 1715 pridem
3305 1650 3360 1700 et
3390 1645 3739 1702 adolescen-

2084 1734 2192 1798 tes,
2235 1730 2332 1787 alii
2364 1737 2429 1787 ut
2458 1730 2826 1789 liberatorem
2859 1732 3074 1790 Mosam
3106 1737 3161 1789 et
3190 1733 3602 1791 Zorobabelem
3645 1748 3739 1791 ca-

2081 1818 2359 1890 ptivitatis
2388 1821 2599 1877 Sioniie
2642 1824 3006 1878 reductorem
3060 1826 3288 1878 tantum
3331 1822 3593 1879 viderent
3621 1823 3733 1894 (ta-

2082 1907 2153 1964 lis
2204 1909 2359 1965 enim
2418 1910 2740 1967 habebatur
2798 1911 3101 1983 Isaacius),
3161 1909 3262 1967 alii
3321 1915 3385 1967 ut
3440 1911 3735 1983 stipendia

2083 1997 2363 2054 militaria
2393 1999 2462 2058 de
2497 2017 2655 2056 more
2704 2001 3059 2073 acciperent,
3093 2000 3329 2070 quidam
3381 2005 3446 2056 ut
3498 2000 3735 2057 nomina

2083 2084 2307 2143 militiae
2361 2088 2569 2145 darent
2624 2093 2681 2144 et
2740 2088 2965 2144 Siculos
3019 2088 3243 2144 fortiter
3300 2087 3731 2161 propulsarent.

2081 2175 2152 2232 Ut
2182 2182 2377 2234 autem
2413 2178 2451 2233 ii
2501 2179 2600 2250 qui
2657 2194 2789 2235 cum
2836 2178 3174 2250 imperatore
3227 2176 3454 2233 Joanne
3509 2180 3732 2234 Andro-

2080 2266 2198 2323 nici
2228 2268 2347 2325 tilio
2381 2268 2438 2325 in
2493 2268 2884 2340 Philippicam
2934 2268 3290 2336 provinciam
3321 2268 3607 2337 abierant,
3641 2269 3733 2326 in-

2078 2357 2317 2412 teritum
2374 2357 2690 2414 Andronici
2747 2361 3163 2425 cognoverunt,
3218 2356 3396 2413 etiam
3473 2357 3728 2414 Joannes

2078 2445 2307 2501 etl‘ossis
2338 2444 2521 2502 oculis
2553 2462 2765 2517 magno
2797 2462 2932 2501 cum
2958 2445 3158 2502 dolore
3188 2445 3408 2514 interit,
3451 2446 3576 2501 sine
3611 2444 3728 2501 ulla

2076 2533 2431 2605 cujusquam
2482 2535 2994 2590 commiseratione
3045 2539 3101 2590 et
3153 2532 3572 2590 consolatione.
3621 2534 3727 2590 Eo-

2079 2623 2331 2693 demque
2351 2623 2521 2680 modo
2541 2622 2712 2679 frater
2733 2623 2859 2694 ejus
2890 2621 3117 2678 Manuel
3162 2627 3499 2687 excaecatur,
3550 2639 3731 2693 quan-

2078 2727 2258 2782 quam
2288 2712 2546 2783 paternis
2580 2711 2816 2781 injuriis
2878 2725 3247 2783 nequaquam
3297 2726 3609 2779 assensus;
3642 2711 3728 2767 id-

2079 2814 2191 2869 que
2238 2815 2355 2855 non
2413 2798 2860 2855 circumforanci
2904 2800 3071 2855 modo
3122 2798 3389 2854 homines
3444 2798 3725 2868 sciebant,

2076 2888 2179 2945 sed
2209 2894 2268 2945 et
2317 2888 2444 2962 ipse
2486 2890 2744 2945 Isaacius
2802 2889 3070 2944 omnium
3117 2887 3390 2959 maxime,
3436 2887 3537 2960 qui
3587 2904 3721 2944 eum

2076 2976 2296 3035 lumine
2323 2978 2588 3051 privavit.

319 3065 411 3122 καὶ
456 3061 925 3137 συλλυπούμενον,
965 3064 1053 3119 καὶ
1115 3066 1191 3139 μή
1249 3061 1397 3122 ἰδών.
1457 3063 1559 3122 Καὶ
1610 3064 1637 3118 ὁ
1687 3060 1919 3141 ἀδελφὸς
1975 3061 2033 3119 δέ
2079 3066 2130 3120 οἱ
2188 3065 2447 3129 ὡσαύτως
2505 3064 2773 3135 Μανουήλ
2833 3064 3111 3142 συσχεθεὶς
3163 3063 3545 3144 έκτυφλοῦται,
3586 3065 3723 3122 κατά

314 3150 492 3228 μηδὲν
550 3153 699 3226 αὐτῷ
749 3151 1140 3230 ἐπαρκέσαντος
1193 3159 1291 3209 τοῦ
1354 3150 1483 3228 μηδ’
1537 3151 1683 3215 ὅλως
1734 3158 1850 3213 τοῖς
1908 3158 2193 3229 πατρικοῖς
2251 3155 2582 3219 συντίθεσθαι
2637 3154 2980 3230 ἀνομήμασι,
3065 3153 3153 3211 καὶ
3215 3152 3504 3211 συνειδέναι
3561 3159 3722 3211 τοῦτο

305 3237 667 3317 ἀκριϐέστατα
724 3242 788 3297 οὐ
849 3241 1017 3317 μόνον
1073 3241 1201 3308 τοὺς
1257 3241 1308 3298 έν
1365 3242 1539 3319 ἀγορᾷ
1599 3241 2017 3320 στρενρομένους,
2078 3241 2226 3302 ἀλλὰ
2280 3246 2368 3301 καὶ
2427 3243 2585 3300 αὐτὸν
2648 3244 2900 3301 ἀπάντων
2974 3243 3216 3318 μάλιστα

306 3331 563 3408 ἐστέρησε
593 3331 687 3386 τὸν
718 3329 882 3408 ἄνδρα
909 3335 1005 3385 τοῦ
1037 3332 1235 3411 φωτός.

380 3513 533 3584 [230]
566 3509 717 3570 Ἰδὼν
755 3509 813 3567 δὶ
844 3511 1108 3573 Ἰσαάκιος
1138 3512 1238 3580 τὴν
1271 3508 1330 3565 ἐκ
1379 3516 1486 3566 τῶν
1534 3509 1684 3583 ἐῴων
1741 3510 1956 3565 πόλεων
2000 3514 2044 3581 C

316 3597 631 3674 συνδρομὴν
655 3605 753 3656 τοῦ
785 3599 895 3657 λεὼ
924 3601 1116 3671 ἱκανὴν
1149 3598 1476 3674 συνάρασθαί
1509 3599 1562 3653 οἱ
1587 3598 1722 3654 κατά
1773 3602 1881 3653 τῶν
1913 3598 1972 3654 ἐκ

321 3688 577 3752 Σικελίας
661 3687 904 3765 ἐχθρῶν,
963 3688 1162 3752 αὐτούς
1233 3709 1292 3744 τε
1337 3687 1584 3762 ἀσμένως
1633 3685 1968 3761 εἰσῳκίζετο,

319 3776 408 3831 καὶ
439 3777 668 3854 δωρεαῖς
722 3777 1022 3856 εὐφραίνων
1081 3777 1180 3849 ὅση
1232 3774 1458 3850 δύναμις
1508 3776 1599 3833 καὶ
1652 3773 1966 3855 ὀπτοδοτῶν

321 3866 399 3931 εἷς
466 3867 530 3923 τὸ
592 3868 728 3941 μετὰ
783 3871 879 3922 τοῦ
940 3870 1117 3942 Βρανᾶ
1174 3862 1533 3941 στρατόπεδον
1592 3861 1966 3934 ἔξαπέστελλε,

318 3956 411 4011 καὶ
484 3960 608 4021 τοῖς
682 3953 904 4018 λοιποῖς
982 3953 1039 4010 δὲ
1112 3956 1446 4024 Ῥωμαϊκοῖς
1483 3954 1746 4028 τάγμασιν
1796 3954 1970 4008 ὁπόσα

320 4043 611 4119 ἐθυραύλει
670 4049 789 4108 τοῖς
842 4042 1141 4117 πολεμίοις
1195 4042 1609 4122 ἀντιφερόμενα,
1658 4036 1866 4116 ἔπεμψε
1901 4040 1969 4096 τὰ

321 4132 581 4207 βασιλικά
613 4136 898 4210 σιτηρέσια
927 4133 1017 4188 καὶ
1068 4131 1147 4188 ἔτι
1196 4131 1408 4206 μᾶλλον
1459 4132 1593 4207 πρὸς
1646 4134 1736 4187 τὸν
1787 4133 1968 4205 ἀγῶνα

319 4220 594 4300 ἐπὲῥρωσε
633 4224 723 4279 τὸν
782 4222 1160 4298 προκείμενον.
1222 4222 1537 4285 ποσωθέντα
1597 4221 1675 4284 εἷς
1733 4221 1967 4296 χρυσίου

315 4309 639 4387 κεντηνὰίρια
685 4312 1102 4386 τεσσαράκοντα.
1155 4309 1299 4366 Αύτό
1351 4308 1536 4381 μέντοι
1586 4310 1649 4363 τὸ
1702 4306 1762 4364 ἐκ
1810 4314 1970 4363 Σικε-

313 4399 437 4462 λίας
469 4400 774 4476 ἀντίμαχον
812 4402 984 4474 μήπω
1034 4401 1097 4454 τὰ
1151 4399 1266 4454 κατ’
1318 4395 1660 4473 Ἀνδρόνικον
1709 4395 1969 4451 ἐνωτισά-

316 4508 475 4561 μενον
536 4489 814 4564 εύθαρσῶς
874 4495 974 4559 τῆς
1026 4489 1078 4551 ἐς
1126 4486 1195 4544 τὰ
1240 4486 1429 4560 πρόσω
1485 4487 1710 4562 πορείας
1758 4483 1965 4563 εἴχετο,

316 4576 483 4651 πέρας
512 4582 617 4632 τῶν
653 4579 879 4654 μόχθων
910 4584 1011 4647 τῆς
1044 4575 1356 4652 ὁδοιπορίας
1398 4576 1498 4645 τὴν
1552 4575 1967 4633 Κωνσταντίνου

317 4665 497 4730 θέσθαι
546 4665 953 4742 διανοούμενον.
1017 4666 1114 4722 Καὶ
1176 4668 1204 4720 ὁ
1263 4665 1457 4727 στόλος
1517 4662 1573 4719 δὲ
1628 4663 1965 4727 ἀναπλεύσας

310 4759 429 4818 ταῖς
460 4757 645 4827 νήσοις
685 4755 1026 4833 προῴκειλεν
1071 4754 1128 4811 αἵ
1178 4753 1412 4832 ἄγχιστά
1459 4774 1563 4808 που
1610 4761 1711 4824 τῆς
1752 4744 1970 4815 πόλεωῖ

3311 3244 3598 3317 ’[σαάκιον,
3664 3244 3722 3308 ὅς

2147 3510 2200 3568 Is
2231 3527 2329 3569 eos
2347 3511 2446 3584 qui
2468 3528 2537 3568 ex
2579 3511 2812 3569 Oriente
2841 3512 3287 3577 concurrebant,
3338 3526 3468 3568 eum
3520 3513 3592 3569 ad
3637 3512 3719 3567 Si-

2078 3600 2240 3658 culos
2260 3600 2689 3674 propulsandos
2736 3601 2883 3658 satis
2916 3617 3045 3657 esse
3091 3599 3304 3657 multos
3351 3609 3627 3668 cerneret,
3665 3607 3723 3655 et

2074 3691 2286 3763 cupide
2307 3690 2751 3762 suscepitetpro
2769 3689 2921 3746 virili
2937 3689 3275 3747 muneribus
3293 3690 3509 3745 et“)!
3537 3689 3718 3747 armis

2075 3782 2311 3835 ornatos
2343 3778 2400 3834 in
2432 3778 2636 3834 Branae
2666 3782 2861 3834 castra
2889 3778 3069 3834 misit.
3130 3781 3205 3833 Ac
3261 3785 3495 3834 cateras
3544 3777 3717 3834 etiam

2074 3868 2365 3924 Romanas
2389 3867 2672 3939 legiones,
2703 3884 2826 3939 quae
2846 3871 3049 3924 contra
3082 3867 3283 3924 hostes
3313 3868 3373 3922 in
3411 3869 3713 3940 procinctu

2074 3961 2260 4026 erant,
2293 3957 2602 4030 stipendiis
2657 3956 2878 4024 missis,
2935 3975 3060 4029 quae
3110 3958 3183 4014 ad
3239 3974 3313 4014 xc
3352 3961 3719 4018 centenarias

2072 4044 2198 4104 auri
2230 4043 2634 4112 conficiebant,
2668 4044 2740 4101 ad
2772 4043 2998 4099 instans
3039 4044 3356 4101 discrimen
3406 4044 3719 4103 alacriores

2075 4134 2228 4191 fecit.
2263 4133 2542 4189 Caeterum
2576 4133 2774 4189 hostes
2805 4131 2989 4188 Siculi
3020 4133 3278 4190 nondum
3329 4134 3531 4191 audito
3573 4153 3712 4192 casu

2074 4222 2393 4279 Andronici
2451 4222 2810 4278 conﬁdenter
2857 4222 3192 4294 pergebant,
3238 4223 3559 4295 prastituto
3604 4212 3719 4283 fine

2075 4312 2338 4369 laborum
2372 4311 2748 4384 itinerisipsa
2777 4310 2959 4384 Cpoli.
2992 4311 3210 4369 Classis
3258 4330 3489 4387 quoque
3526 4317 3597 4373 ad
3629 4318 3720 4374 in-

2073 4401 2235 4459 sulas
2270 4400 2398 4457 urbi
2421 4400 2715 4472 proximas
2746 4399 2993 4473 appulit.
3009 4400 3120 4456 Sed
3144 4401 3193 4458 is
3213 4401 3314 4473 qui
3349 4404 3612 4476 gigantes
3635 4405 3719 4462 in-

2073 4489 2583 4563 gentibusviribus
2614 4487 2905 4557 curribus,
2936 4492 2993 4545 et
3030 4489 3197 4560 equis
3232 4489 3422 4547 salvos
3445 4507 3574 4548 esse
3601 4509 3717 4550 non

2073 4579 2216 4636 sinit
2244 4582 2301 4635 et
2323 4577 2647 4634 humilibus
2677 4577 2922 4649 gratiam
2950 4576 3218 4644 instillat,
3239 4577 3504 4635 homines
3534 4579 3719 4637 elatos

2073 4667 2376 4735 labefecit;
2410 4671 2466 4723 et
2488 4670 2553 4723 ut
2582 4666 2718 4724 olim
2750 4672 2953 4724 contra
2992 4666 3170 4723 turris
3208 4667 3606 4737 aediﬁcatores,
3638 4671 3720 4728 ita

2073 4762 2277 4814 contra
2325 4755 2432 4812 hos
2485 4755 2661 4811 etiam
2720 4755 3036 4823 descendit,
3102 4773 3167 4813 ac
3235 4755 3466 4829 linguas
3514 4775 3717 4816 eorum

314 4843 729 4922 ἀμφιρῥὲονται.
773 4844 930 4903 Ἀλλ’
980 4846 1007 4899 ὁ
1055 4843 1183 4908 τοὺς
1229 4842 1480 4921 γίγαντας
1532 4843 1609 4915 μὴ
1661 4841 1712 4897 ἐν
1765 4839 1963 4912 πλήθει

2078 4846 2228 4903 haud
2261 4860 2401 4902 sane
2435 4842 2718 4907 confudit,
2753 4845 2855 4899 sed
2889 4844 3206 4901 exercitum
3257 4845 3317 4901 in
3366 4851 3486 4904 tres
3525 4853 3718 4920 partes

309 4933 501 5009 ἰσχύος
533 4936 708 4991 αὐτῶν
741 4934 829 4991 καὶ
862 4935 1064 5011 ἅρμασι
1096 4934 1186 4989 καὶ
1210 4931 1406 4997 ’ίπποις
1434 4932 1700 5002 σώζεσθαι
1760 4931 1961 5011 ἀφιεῗς,

308 5026 426 5086 τοῖς
460 5020 517 5077 δὲ
540 5029 814 5085 ταπεινοῖς
845 5023 934 5079 καὶ
965 5022 1258 5099 προσηνέσι
1319 5022 1482 5098 χάριν
1533 5017 1960 5087 ἐπισταλάττων,

310 5110 470 5173 οὗτος
512 5110 639 5176 τοὺς
697 5111 1004 5187 ὑψαύχενας
1056 5108 1279 5190 ἔσφηλε,
1337 5109 1427 5165 καὶ
1488 5109 1562 5171 ὡς
1619 5111 1810 5184 πρώην
1872 5106 1960 5162 ἐπὶ

306 5206 417 5257 τῶν
494 5201 972 5279 πυργοποιούντων
1050 5199 1206 5265 αὖθις
1284 5200 1532 5274 ἀτεχνῶς
1609 5192 1845 5260 καταϐὰς
1896 5197 1960 5252 οὐ

309 5292 532 5370 συνέχεε
566 5295 661 5367 μὲν
692 5292 788 5354 τὰς
819 5289 1072 5368 γλώσσας
1120 5288 1320 5361 αὐτῶν,
1377 5288 1455 5354 εἷς
1499 5285 1556 5343 δὲ
1599 5287 1961 5364 τρισσούμενα

304 5384 528 5447 τούτους
586 5377 899 5437 καταδιεῖλε
948 5382 1233 5453 τμήματα.
1286 5378 1365 5436 Τὸ
1441 5377 1533 5450 μὶε
1565 5377 1665 5453 γὰρ
1714 5378 1812 5448 τήν
1851 5381 1958 5432 τῶν

309 5472 589 5529 Θετταλῶν
651 5467 1083 5545 προκαθημένην
1141 5465 1303 5524 πόλιν
1367 5466 1523 5537 εἷάθη
1580 5471 1833 5545 φρουρεῖν
1870 5465 1962 5521 καὶ

294 5552 462 5627 ’ἔμενε
490 5558 626 5613 κατᾶ
652 5554 843 5633 χώραν
876 5556 1008 5630 μετὰ
1059 5557 1208 5626 νηῶν
1264 5557 1744 5629 ταχυναυτουσῶν,
1794 5552 1857 5606 τὸ
1907 5549 1967 5607 δὶ

316 5641 411 5704 τὰς
443 5643 645 5721 Σέρῥας
690 5638 866 5719 ἔκειρε
915 5643 1100 5718 περιὸν
1150 5639 1341 5707 ἀδεῶς⁸
1396 5643 1459 5698 τὸ
1511 5638 1567 5697 δὶ
1623 5641 1802 5717 τρίτον
1868 5644 1964 5696 τοῦ

318 5733 508 5814 πρόσω
538 5733 798 5813 ἐχόμενον
852 5732 966 5792 οὐδ’
1021 5735 1151 5790 αὐτὸ
1199 5735 1447 5812 καθαρῶς
1498 5731 1566 5804 ἦν
1632 5730 1962 5805 ἀδιαίρετον,

2074 4934 2290 5003 divisit,
2324 4948 2569 5005 quarum
2619 4948 2735 4988 una
2784 4933 2857 4988 ad
2915 4933 3344 4992 Thessalonica
3393 4939 3717 4996 custodiam

2071 5040 2207 5081 cum
2237 5020 2523 5095 expeditis
2547 5020 2789 5077 navibus
2816 5020 3014 5079 relicta
3034 5026 3146 5091 est,
3181 5022 3363 5081 altera
3398 5025 3716 5085 Serranum

2070 5128 2276 5186 agrum
2302 5110 2544 5182 impune
2566 5108 2815 5181 vastavit
2838 5126 2851 5165 :
2874 5112 3050 5167 tertia
3081 5129 3207 5185 quis
3247 5111 3491 5171 ulterius
3515 5132 3722 5189 perge-

2071 5200 2190 5268 bat,
2226 5216 2297 5255 ne
2326 5199 2455 5271 ipsa
2486 5195 2721 5268 quidem
2752 5196 2921 5269 plane
2950 5198 3271 5269 indivulsa,
3294 5202 3510 5274 partim
3558 5204 3724 5274 juxta

2071 5289 2439 5357 Strymonem
2454 5284 3622 5363 versabaturetAmphipolitanumagrum
3636 5311 3727 5353 va-

2071 5374 2492 5449 stabat,partirn
2503 5372 2772 5430 alacriter
2784 5377 3136 5434 antecedens
3149 5382 3205 5434 et
3220 5379 3381 5436 urbis
3397 5381 3727 5451 ingressum

2073 5463 2579 5537 anticipansiuxta
2596 5462 3019 5537 Mosynopolim
3036 5470 3223 5522 castra
3235 5467 3730 5541 habebat.thuia

2073 5551 2226 5610 468
2270 5556 2547 5626 perpetuo
2572 5551 2821 5609 victores
2844 5555 3138 5611 neminem
3171 5555 3462 5612 habebant
3501 5558 3603 5628 qui
3630 5574 3727 5614 re-

2075 5645 2327 5711 sisteret,
2357 5650 2567 5700 temere
2610 5644 3029 5713 excurrebant;
3087 5648 3147 5702 et
3195 5647 3491 5702 turmatim
3550 5645 3724 5703 divisi

2078 5733 2229 5792 alius
2258 5733 2371 5793 alio
2399 5746 2501 5804 pro
2532 5746 2640 5787 sua
2669 5732 2922 5805 quisque
2949 5732 3192 5790 libidine
3235 5732 3621 5803 vagabantur,
3671 5734 3721 5790 si
