4126 6294
441 395 562 458 ’719

1757 373 2064 439 ΝΙΟΕΤΕ
2107 371 2526 434 ΟΗΟΝΙΑΤΙΕ

3725 363 3862 426 ’120

446 525 676 598 quando
705 519 1065 594 Mosynopoli
1097 518 1420 590 praedatum
1461 512 1790 571 exeundum
1859 512 1984 566 erat
2031 512 2088 562 et

2216 501 2324 598 ίλλ’
2357 497 2386 556 ὅ
2419 504 2514 598 μὲν
2543 507 2640 560 τοῦ
2673 503 2983 580 Στρυμόνος
3013 523 3160 558 επινε
3188 500 3280 556 καὶ
3330 498 3578 567 ἐλούετο,
3629 497 3856 574 φθεῖρον

448 617 814 672 commeatus
842 608 1268 681 importandus.

2197 594 2264 646 τὰ
2319 597 2435 648 κατ’
2482 592 2839 669 ’Δμωίπολιη
2898 593 2927 646 ὅ
2985 591 3040 648 δὲ
3093 591 3572 664 προπορευόμενον
3623 587 3864 662 γεγηθὸς

445 705 535 759 καὶ
577 705 691 758 οἷον
759 699 1110 774 προαρπάζον
1177 697 1274 764 τὴν
1343 695 1419 756 είς
1486 693 1584 759 τὴν
1659 687 2052 763 βασιλεύουσαν
2121 681 2330 739 ε’ίσοδον
2399 685 2534 740 κατὰ
2603 683 2991 743 Μοσυνόπολιν
3059 679 3564 757 ἐστρατοπεδεύετο.
3622 677 3737 735 Ἀεὶ
3799 674 3860 730 δί

446 798 701 854 νικῶντες
757 791 845 846 καὶ
913 786 1120 861 μηδένα
1168 787 1259 840 τὸν
1311 785 1364 847 ές
1415 789 1605 858 χεῖρας
1663 778 1884 854 ἔχοντες
1941 775 2161 830 ἐπιόντα
2223 775 2648 848 ἀπερισκέπτως
2699 773 2869 849 ἔδρων
2927 774 3020 836 τὰς
3052 771 3324 847 ἐκδρομὰς
3378 770 3467 824 καὶ
3526 769 3664 823 κατά
3727 765 3855 826 ἴλας

450 879 854 946 ἀποδιίσταντο,
913 879 1002 934 καὶ
1061 875 1232 937 ἃλλος
1293 873 1514 940 ἄλλοθι,
1573 870 1752 942 ὥσπερ
1809 868 2016 937 ἑκάστῳ
2073 863 2260 940 φίλον,
2329 863 2807 938 ἀπεσκεδάννυντο,
2875 864 2926 918 εἷ’
2987 884 3120 919 ποτε
3187 861 3425 932 δεήσειεν
3493 859 3684 929 ἐξιέναι
3752 877 3856 926 της

451 969 888 1032 Μοσυνοπόλεως
917 967 1004 1023 ἐπὶ
1036 965 1266 1040 ληϊσμῷ
1285 963 1375 1019 καὶ
1401 967 1480 1034 τῷ
1503 961 1570 1016 τὰ
1599 956 1883 1028 ἐπιτήδεια
1915 955 2332 1030 εἰσενέγκασθαι.

521 1065 805 1120 2.Branas
827 1061 1003 1132 igitur
1023 1059 1160 1125 dux,
1191 1057 1574 1112 Barbarorum
1598 1047 1951 1122 negligentia
1972 1045 2097 1100 ani-

454 1159 778 1220 madversa,
810 1166 912 1221 per
928 1147 1288 1204 occasionem
1305 1143 1544 1198 adducit
1591 1139 1927 1206 exercitum,
1951 1150 2099 1206 aegre

456 1245 752 1320 persuasis
776 1241 1066 1296 militibus
1085 1243 1147 1292 ut
1170 1234 1412 1308 paulum
1437 1249 1467 1290 θ
1495 1231 1794 1287 montibus
1824 1228 1882 1281 in
1909 1225 2102 1298 plani-

453 1339 590 1392 tiem
613 1327 1167 1391 descenderent.0ui
1191 1341 1327 1382 cum
1346 1323 1526 1396 primo
1540 1335 1855 1390 congressu
1881 1315 2104 1386 aliquot

455 1426 726 1481 cohortes
749 1420 1008 1476 hostium
1032 1417 1272 1472 feliciter
1293 1413 1759 1485 propulsassent,
1781 1405 2102 1478 Myrmido-

457 1531 596 1570 num
625 1510 876 1566 l‘abulam
899 1509 1090 1577 reipsa
1111 1505 1556 1568 conﬁrmarunt,
1581 1499 1772 1554 statim
1797 1495 1906 1552 viri
1927 1495 2100 1548 fortes

457 1600 874 1668 facti,subinde
895 1595 967 1651 iis
988 1595 1084 1664 qui
1111 1601 1272 1664 terga
1306 1593 1524 1646 dabant
1555 1587 1789 1650 occisis,
1813 1591 1871 1639 et
1906 1583 2100 1636 hostes

459 1694 528 1750 ad
551 1693 740 1762 ipsam
765 1703 948 1758 usque
988 1681 1408 1756 Mosynopolim
1459 1676 1768 1750 persecuti.
1804 1673 1870 1728 Ut
1904 1676 2098 1726 autem

461 1799 594 1838 cum
621 1779 842 1835 caeteris
864 1789 1087 1847 quoque
1102 1772 1346 1828 feliciter
1363 1763 1920 1834 dimicarunt,etiam
1944 1758 2103 1830 oppi-

462 1872 603 1928 dum
635 1869 907 1923 invadere
940 1867 1311 1926 statuerunt;
1349 1863 1406 1914 et
1441 1855 1623 1929 portis
1646 1853 1920 1918 incensis,
1955 1865 2102 1922 quas

463 1965 661 2017 hostes
685 1958 811 2028 jam
853 1953 1038 2010 territi
1069 1949 1497 2012 custodiebant,
1532 1945 1916 1999 Barbarorum
1937 1937 2104 1993 cedi-

463 2051 576 2106 bus
599 2027 730 2118 post
752 2045 1093 2101 diuturnam
1119 2040 1197 2095 rei
1221 2037 1440 2092 bellicae
1464 2035 1676 2089 famem
1697 2033 1837 2085 sunt
1867 2027 2100 2100 expleti.

2277 1043 2342 1116 β“.
2396 1043 2644 1114 Φυλάξας
2675 1043 2855 1100 τοίνυν
2906 1044 2932 1098 ὁ
2983 1033 3282 1116 στρατηγὸς
3343 1043 3551 1114 Βρανᾶς
3593 1036 3663 1092 τὰ
3705 1035 3855 1110 παρὰ

2201 1136 2310 1185 τῶν
2344 1128 2632 1208 βαρϐαρων
2667 1130 2772 1188 ὧδὲ
2812 1155 2886 1204 πῃ
2935 1132 3220 1207 γινόμενα,
3271 1131 3371 1198 τήν
3413 1127 3666 1203 στρατιὰν
3709 1125 3852 1181 ἐπα-

2205 1241 2288 1296 γει
2347 1222 2482 1277 κατὰ
2531 1223 2742 1298 καιρὸν,
2809 1219 2971 1295 μόλις
3027 1221 3218 1281 πείσας
3289 1219 3591 1283 ἀποστῆναι
3657 1215 3851 1291 μικρὸν

2203 1315 2314 1364 τῶν
2347 1311 2516 1386 ὀρέων
2549 1314 2638 1366 καὶ
2701 1309 2916 1388 βαδίσαι
2965 1311 3100 1366 ποτὶ
3146 1309 3238 1364 καὶ
3282 1305 3464 1363 πεδίον
3513 1303 3852 1376 ἱππήλατον.

2211 1401 2306 1458 Καὶ
2347 1401 2422 1463 ὡς
2479 1398 2676 1470 ἤνυσάν
2726 1422 2777 1456 τι
2829 1401 3071 1477 χρηστὸν
3131 1399 3190 1454 ἐκ
3245 1399 3470 1474 πρώτης
3529 1398 3710 1471 ὁρμῆς
3767 1396 3856 1450 καὶ

2211 1497 2407 1566 μοῖραν
2439 1491 2730 1565 ἐτρέψαντο
2773 1495 2882 1546 τῶν
2939 1490 3276 1556 ἀντιπάλων,
3334 1488 3426 1541 τὸν
3475 1491 3582 1542 τῶν
3633 1493 3856 1560 Μυρμι-

2209 1578 2379 1636 δόνων
2457 1587 2625 1652 μῦθον
2699 1579 2883 1658 ἔργοις
2959 1579 3145 1640 αὐτοῖς
3205 1578 3592 1646 ἐπιστώσαντο,
3661 1572 3858 1652 αἶ’φνης

2207 1671 2281 1733 είς
2328 1670 2561 1746 ἀγαθοὺς
2610 1669 2801 1746 ἄνδρας
2866 1669 3237 1742 μετατεθέντες
3293 1666 3382 1721 καὶ
3441 1666 3524 1720 ἀεὶ
3571 1667 3664 1720 τὸν
3723 1661 3855 1718 ὄπι-

2206 1771 2325 1824 σθεν
2354 1763 2462 1830 (22)
2493 1759 2811 1820 κτείνοντες.
2863 1753 3070 1826 Συνέϐη
3127 1753 3174 1811 δ’
3223 1754 3542 1822 ἐπιταθῆναι
3595 1755 3694 1821 τὴν
3749 1757 3857 1806 τῶν

2205 1847 2488 1920 πολεμίων
2546 1845 2821 1918 ἐπιδιωξιν
2873 1846 2964 1901 καὶ
3021 1845 3159 1900 κατά
3229 1841 3608 1901 Μοσυνόπολιν
3665 1840 3855 1910 αὐτήν.

2207 1937 2468 2012 Εὐτυχῶς
2508 1935 2564 1992 δὲ
2618 1937 2708 1991 καὶ
2764 1941 2882 1997 τοῖς
2939 1933 3133 2008 ἐφεξῆς
3191 1931 3630 2008 προσπλακέντες
3685 1927 3858 1985 ἐπιτί-

2205 2029 2382 2081 θενται
2414 2026 2504 2080 καὶ
2534 2031 2652 2086 τοῖς
2697 2029 2795 2080 τοῦ
2839 2023 3184 2096 πολίσματος
3235 2019 3440 2086 ἔνδοθι.
3495 2020 3720 2094 Ἀμέλει
3767 2017 3857 2074 καὶ

461 2141 660 2210 quue
683 2150 956 2191 successu
991 2147 1104 2186 non
1127 2123 1408 2188 contenti,
1439 2126 1508 2180 ad
1531 2139 1630 2178 eos
1657 2120 1806 2176 469
1841 2119 1940 2190 qui
1965 2119 2103 2171 Am-

2216 2117 2304 2210 τάς
2332 2113 2510 2210 πόλεις
2566 2115 2712 2188 παρὰ
2749 2116 2856 2167 τῶν
2915 2110 3199 2183 πολεμίων
3263 2107 3669 2187 φρουρουμένας
3725 2105 3856 2180 (ἤδη

463 2205 750 2299 phipolim
773 2223 1048 2278 tenebant
1076 2219 1501 2291 pr0perarunt;
1535 2217 1592 2268 et
1629 2210 1886 2266 hostium
1924 2205 2106 2262 armis

466 2296 642 2386 atque
672 2313 835 2384 equis
868 2309 1158 2373 instructi,
1193 2312 1415 2378 partem
1449 2319 1575 2374 quae
1609 2299 1801 2356 adhuc
1843 2298 1913 2352 ad
1943 2296 2106 2366 Stry-

463 2383 696 2462 monem
726 2383 1069 2456 versabatur
1090 2399 1229 2450 sunt
1251 2393 1460 2448 adorti.
1497 2391 1576 2446 lbi
1605 2404 1799 2444 rerum
1853 2387 1997 2441 facie
2019 2383 2106 2439 di-

465 2495 683 2550 vinitus
715 2493 955 2556 mutata,
988 2485 1209 2558 pridem
1247 2485 1464 2538 feroces
1505 2483 1560 2536 et
1621 2477 1960 2541 insolentes,
2009 2473 2110 2544 qui

467 2601 528 2640 se
545 2587 770 2639 tantum
789 2596 902 2633 non
920 2581 1145 2633 montes
1159 2561 1344 2628 hastis
1367 2584 1670 2625 eversuros
1713 2565 2108 2631 minabantur,

469 2674 626 2730 fama
647 2673 714 2726 de
738 2679 980 2724 suorum
1001 2666 1072 2720 ad
1097 2660 1522 2734 Mosynopolim
1549 2657 1711 2713 clade
1733 2651 2108 2718 consternati,

467 2760 636 2835 quasi
669 2758 912 2816 fulmine
943 2755 1039 2809 icti
1074 2757 1174 2808 aut
1202 2750 1454 2818 attoniti,
1487 2762 1742 2820 pugnam
1767 2743 2110 2798 differebant

469 2832 526 2908 et
566 2849 805 2922 segnius
837 2847 896 2900 in
927 2845 1110 2900 aciem
1161 2837 1607 2896 descendebant.
1671 2832 1916 2890 Romani
1960 2847 2108 2898 vero,

469 2920 773 3013 repudiata
805 2934 1056 3008 ignavia,
1091 2935 1153 2986 ut
1183 2929 1468 2984 sublimes
1503 2925 1709 2996 aquilae
1751 2923 1808 2978 in
1857 2920 2112 2976 humiles

469 3010 727 3087 aviculae
757 3025 1040 3097 impetum
1063 3021 1122 3076 in
1145 3036 1243 3076 eos
1267 3021 1451 3074 facere
1474 3017 1739 3078 avebant,
1769 3016 1826 3066 et
1873 3027 2005 3066 cum
2039 3010 2112 3064 iis

467 3115 740 3189 congredi
783 3131 816 3168 a
847 3113 1063 3184 quibus
1091 3104 1532 3164 contumeliosis
1561 3101 1751 3158 verbis
1775 3100 1956 3170 spreti
1991 3099 2112 3154 fue-

468 3206 769 3262 rant.Cum
793 3207 991 3258 autem
1018 3199 1078 3252 in
1107 3195 1430 3252 Demetrizzn
1479 3207 1686 3263 campo
1729 3194 1977 3259 uterque
2007 3203 2112 3242 ex-

469 3293 684 3352 ercitus
725 3287 1116 3352 convenisset,
1172 3282 1348 3338 Siculi
1415 3289 1634 3335 metum
1689 3293 1863 3333 suum
1927 3274 2115 3346 magis

470 3384 645 3440 etiam
677 3378 1046 3434 declararunt
1076 3373 1280 3444 legatis
1311 3371 1381 3426 ad
1416 3370 1666 3424 Branam
1699 3367 1770 3421 de
1809 3381 1949 3437 pace
1981 3364 2117 3420 mis-

2216 2205 2320 2280 γὰρ
2362 2198 2531 2279 φόϐος
2577 2203 2670 2257 καὶ
2717 2201 3026 2278 φρικασμὸς
3083 2199 3278 2262 αὐτοὺς
3337 2199 3694 2274 περιεκέχυτο
3753 2197 3860 2251 σώ-

2222 2297 2408 2368 ματος)
2439 2290 2763 2366 παραδόντες
2792 2293 2945 2368 πυρὶ,
2992 2287 3456 2360 εἷ’σπεπηδηκότες
3503 2283 3696 2352 ἔσωθεν
3753 2288 3860 2361 (23)

2217 2383 2554 2439 ἐνειστιῶντο
2602 2387 2720 2445 ταῖς
2774 2385 3024 2461 σφαγαῖς,
3076 2378 3164 2434 ἐπὶ
3223 2379 3426 2453 μακρὸν
3473 2375 3722 2432 ἀπόσιτοι
3769 2377 3862 2430 ὅν-

2216 2494 2303 2535 τες
2341 2471 2764 2546 καρυκευμάτων
2815 2471 3071 2545 ἀρεϊκῶν.
3129 2470 3218 2530 Ὧς
3277 2465 3322 2522 δ’
3379 2461 3574 2544 ἔφαγον
3623 2465 3860 2522 πλοῦτον

2219 2562 2381 2617 ἐθνῶν
2419 2559 2824 2630 ἐνεπλήσθησάν
2889 2580 2948 2614 τε
3007 2557 3097 2612 καὶ
3165 2555 3528 2626 ἐλιπάνθησαν
3583 2559 3701 2617 τοῖς
3761 2553 3866 2609 λα-

2219 2654 2682 2730 φυραγωγήμασι,
2721 2651 2813 2705 καὶ
2851 2649 2988 2705 κατὰ
3035 2649 3142 2704 τῶν
3199 2647 3323 2723 περὶ
3375 2648 3475 2716 τὴθ
3523 2643 3858 2724 Ἀμφίπολιν

2220 2739 2786 2818 ἔφρονηματίσθησαν,
2837 2739 2910 2799 ὡς
2960 2733 3136 2792 ἓωλον
3185 2737 3392 2814 τροφὴν
3450 2736 3548 2804 τὴν
3598 2733 3864 2808 πρότριτα

2219 2831 2374 2902 νίκην
2419 2829 2921 2904 ἀντιπαρελθόντες.
2975 2828 3218 2900 Ἀπῆραν
3272 2825 3364 2878 οῦν
3409 2825 3483 2886 ὡς
3533 2818 3860 2898 παρεμϐολή

2220 2925 2354 2978 Θεοῦ
2392 2918 2427 2990 ἤ
2469 2919 2701 2975 λεόντων
2781 2913 3168 2991 στρατόπεδον,
3245 2919 3361 2975 τοῖς
3415 2917 3525 2968 τῶν
3577 2911 3860 2985 πολεμίων

2223 3011 2412 3070 ἷπποις
2477 3009 2568 3063 καὶ
2630 3005 2930 3078 ὁπλισμοῖς
2995 3005 3350 3080 φραξάμενοι,
3397 3003 3533 3057 κατὰ
3589 3009 3690 3072 τῆς
3741 3000 3865 3076 περὶ

2222 3099 2313 3156 τὸν
2345 3097 2633 3172 Στρυμόνα
2673 3095 2748 3152 ἔτι
2802 3093 3172 3166 σκηνουμένης
3221 3091 3426 3162 λοιπῆς
3485 3089 3706 3167 μερίδος
3763 3095 3869 3146 τῶν

2223 3187 2556 3256 ἀντιπάλων,
2583 3188 2673 3242 ’ὀτε
2702 3186 2792 3240 καὶ
2819 3189 2918 3241 τοῦ
2947 3179 3118 3238 κύϐου
3147 3181 3328 3237 θεόθεν
3381 3179 3569 3244 ἄλλως
3625 3185 3707 3250 [Ρ.
3743 3183 3868 3255 231]

2225 3279 2470 3356 ῥιφέντος
2525 3277 2577 3330 οἱ
2638 3276 2734 3350 μὲν
2781 3275 2973 3349 πρώην
3031 3269 3327 3348 ὑψαύχενες
3381 3270 3470 3324 καὶ
3528 3274 3722 3346 γαῦροι
3779 3272 3866 3326 καὶ

2229 3372 2426 3444 μικροῦ
2481 3371 2597 3428 τοῖς
2658 3363 2874 3440 δόρασιν
2928 3361 3028 3437 ὅρη
3093 3361 3411 3436 μετωρίσειν
3480 3361 3570 3416 καὶ
3633 3361 3868 3434 μεταθή-

472 3473 573 3528 sis.
607 3469 864 3534 Quorum
897 3461 1190 3537 postulata
1217 3476 1344 3516 cum
1376 3457 1656 3531 principio
1681 3453 1959 3510 Romanis
1989 3452 2106 3524 pla-

2228 3479 2335 3513 σειν
2372 3455 2772 3529 κομπάζοντες,
2822 3453 2898 3514 ὡς
2944 3445 3241 3524 καταιϐἀτῃ
3289 3448 3592 3525 πληγέντες
3711 3450 3868 3526 βρον-

473 3564 686 3628 cerent,
717 3555 926 3612 deinde
956 3552 1045 3608 vel
1077 3551 1324 3606 insidias
1356 3549 1597 3604 subesse
1631 3546 1718 3602 vel
1764 3545 2000 3600 evidens
2032 3542 2112 3597 ti-

475 3646 734 3705 morisid
770 3645 1006 3716 signum
1062 3655 1188 3695 esse
1245 3637 1378 3704 rati,
1413 3637 1653 3691 mutatis
1711 3631 1946 3701 animis,
1997 3648 2112 3686 non

475 3736 610 3794 belli
644 3736 832 3806 signo,
867 3747 982 3788 non
1016 3730 1168 3786 tubae
1200 3727 1538 3794 sonitu,non
1559 3723 1676 3780 ullo
1705 3723 1868 3778 ducis
1889 3721 2113 3777 monitu

471 3829 822 3898 exspectato,
857 3819 1074 3877 strictis
1103 3817 1346 3874 ensibus
1404 3815 1464 3869 in
1513 3813 1708 3869 hostes
1759 3815 1960 3867 ruunt.
2009 3807 2114 3874 Qui

471 3917 626 3972 4'10
659 3929 790 3970 cum
823 3925 1026 3967 eorum
1057 3908 1337 3979 impetum
1382 3903 1456 3960 ad
1503 3908 1737 3973 tempus
1785 3901 2030 3956 ﬁdenter
2059 3903 2116 3954 et

471 4003 693 4061 fortiter
722 3999 1095 4066 tolerassent,
1128 3993 1470 4066 aliquandiu
1529 3991 1687 4046 vario
1742 3995 1948 4046 eventu
2005 4005 2110 4060 pu-

466 4098 711 4165 gnatum
745 4094 854 4144 est.
886 4088 996 4144 Sed
1029 4085 1265 4140 tandem
1325 4097 1556 4137 summo
1609 4081 1992 4135 Romanorum
2028 4093 2116 4132 ar-

465 4183 603 4236 dore
649 4179 776 4234 loco
827 4176 984 4248 pulsi
1041 4175 1217 4230 eﬂ'use
1279 4172 1572 4243 fugerunt,
1622 4169 1682 4223 in
1741 4183 1923 4238 eaque
1980 4169 2114 4237 fuga

464 4269 677 4339 partim
710 4263 1104 4338 capti,partim
1136 4261 1334 4326 occisi,
1369 4261 1582 4331 partim
1635 4258 1694 4312 in
1744 4257 2111 4328 Strymonem

465 4357 681 4413 ﬂumen
725 4355 835 4412 acti
876 4357 1013 4409 sunt
1043 4369 1056 4408 :
1090 4351 1280 4407 nostri
1337 4347 1522 4419 spolia
1569 4347 1852 4419 legerunt.
1889 4346 2112 4401 Accidit

465 4448 574 4504 hoc
600 4444 848 4517 vesperi,
877 4444 912 4497 7
952 4443 1044 4498 die
1077 4439 1420 4496 Novembris
1453 4439 1688 4492 mensis.
1747 4435 1912 4507 Capti
1972 4439 2112 4490 sunt

2221 3555 2323 3616 τῆς
2361 3543 2493 3624 ἤχῳ
2550 3542 2785 3614 ὲξαισίας
2833 3539 3237 3617 παρακοπέντες
3283 3539 3376 3594 τὸν
3432 3542 3556 3594 νοῦν
3600 3543 3715 3600 τοῖς
3760 3541 3864 3592 τῶν

2217 3638 2354 3694 κατὰ
2411 3637 2512 3704 τήν
2568 3629 2952 3692 Μοσυνόπολιν
3017 3629 3234 3684 οἰκείων
3299 3627 3644 3689 ἀπευκταίοις
3703 3629 3863 3682 ἁκού-

2218 3747 2437 3801 σμασιν,
2469 3718 2838 3778 ἀνεϐάλλοντο
2867 3720 2966 3788 τὴν
3009 3718 3196 3794 μάχην
3226 3717 3317 3773 καὶ
3367 3715 3710 3790 έξετάσσοντο
3764 3717 3863 3793 ῥᾳ-

2219 3817 2422 3890 θύμως.
2461 3813 2528 3871 Οἱ
2562 3809 2618 3866 δέ
2665 3812 2932 3884 Ῥωμαῖοι
2983 3808 3045 3863 τὸ
3098 3808 3349 3864 ταπεινὸν
3403 3805 3724 3878 ἀποθέμενοι
3771 3809 3866 3862 τοῦ

2218 3907 2566 3987 φρονήματος
2597 3901 2672 3963 ὡς
2704 3899 2780 3962 είς
2823 3901 2992 3987 θήραν
3045 3897 3275 3972 ὀρνίθων
3329 3897 3684 3972 χαμαιπετῶν
3735 3893 3870 3966 ὕψι-

2218 3980 2393 4073 νεφεῖς
2437 3993 2772 4062 ἐξεποτῶντο
2821 3985 3076 4059 ἀετιδεῖς,
3131 3987 3219 4042 καὶ
3269 3983 3454 4061 ὢργων
3499 3980 3715 4057 ἀπτέρῳ
3763 3983 3868 4036 τά-

2219 4070 2308 4160 χει
2341 4081 2730 4155 συμπλακῆναι
2789 4078 2875 4142 ὑφ’
2922 4077 2995 4131 ὧν
3047 4077 3184 4146 ἦσαν
3236 4071 3678 4149 ἀπορνιθοόμενοι
3725 4070 3866 4144 πρό-

2219 4158 2374 4246 τερον
2430 4167 2710 4229 ὀνειδείοις
2763 4166 3022 4244 ῥήμασιν.
3085 4165 3236 4220 Ἐπεὶ
3295 4162 3341 4220 δ’
3400 4162 3476 4225 εὶς
3529 4158 3623 4216 ’ένα
3682 4165 3866 4237 χῶρον

2219 4263 2502 4340 ἀμφότερα
2554 4255 2890 4328 συνήλθοσαν
2941 4255 3006 4310 τὰ
3053 4253 3431 4329 στρατεύματα
3483 4255 3568 4326 (ἦν
3617 4248 3674 4306 δὲ
3713 4251 3870 4314 οὗτος

2221 4354 2248 4407 ὁ
2278 4355 2374 4406 τοῦ
2405 4348 2761 4423 Δημητρίτζη
2796 4345 3098 4422 λεγόμενος
3127 4345 3340 4418 τόπος),
3379 4344 3504 4399 τότε
3555 4340 3616 4398 δέ
3662 4344 3871 4416 μᾶλλον

2221 4441 2271 4495 οἱ
2334 4436 2560 4494 Σικελοὶ
2625 4432 3008 4504 καθυπέδειξαν
3075 4434 3105 4488 δ
3169 4433 3467 4488 πεπόνθασι
3536 4429 3865 4506 δείλανδρον·

464 4541 520 4593 et
551 4537 667 4592 duo
728 4535 904 4590 duces
961 4531 1272 4595 exercitu,
1341 4527 1624 4582 Rizardus
1683 4527 1859 4580 trater
1913 4523 2107 4580 uxoris

2219 4523 2540 4601 συμϐάσεων
2573 4526 2674 4603 γὰρ
2705 4524 3040 4598 ἐμέμνηντο,
3085 4522 3178 4578 καὶ
3230 4523 3438 4578 τούτων
3485 4519 3640 4577 ἕνεκα
3690 4517 3870 4590 διεκη-

459 4625 694 4699 Tangri,
730 4624 832 4698 qui
860 4622 1035 4680 classi
1095 4621 1360 4692 praeerat,
1421 4621 1477 4670 et
1525 4613 1848 4670 Balduinus
1880 4617 2107 4681 contus,

2221 4617 2510 4694 ρυκεύοντο
2567 4615 2704 4689 πρὸς
2762 4617 2986 4688 Βρανᾶν.
3046 4613 3150 4669 Καὶ
3203 4613 3271 4668 τὰ
3343 4612 3438 4685 μὲν
3493 4615 3684 4685 πρῶτα
3737 4611 3870 4664 Ῥω-

461 4695 707 4773 ῐιοιίίίιθ
750 4695 997 4785 quidem
1059 4707 1240 4764 nobili
1298 4711 1356 4761 et
1413 4703 1624 4760 illustri
1683 4720 1892 4774 genere
1921 4707 2107 4772 ortus,

2216 4704 2406 4780 Ιμαίοις
2445 4700 2645 4772 ἥνδανε
2693 4700 2760 4756 τὰ
2805 4699 3120 4774 αἰτούμενα·
3173 4697 3308 4773 μετᾶ
3359 4701 3540 4775 βραχὺ
3599 4697 3646 4754 δ’
3695 4695 3868 4760 οὐκέθ’

461 4809 562 4861 sed
596 4805 667 4859 ob
701 4802 1102 4858 fortitudinem
1135 4801 1193 4853 et.
1223 4795 1302 4851 rei
1336 4793 1608 4849 militaris
1649 4792 1944 4848 solertiam
1987 4791 2107 4864 regi

2217 4795 2268 4850 οἱ
2300 4793 2448 4849 αὐτοὶ
2480 4791 2784 4868 γεγονότες,
2836 4788 2984 4845 ἀλλά
3033 4787 3199 4844 δόλον
3248 4791 3385 4844 εἶναι
3439 4787 3870 4847 ὑποτοπάσαντες

461 4893 670 4946 charus
692 4897 746 4946 et
767 4892 948 4946 totius
980 4887 1265 4944 exercitus
1311 4884 1429 4939 dux
1484 4881 1768 4938 delectus.
1793 4881 1902 4949 Qui
1941 4896 2108 4953 supe-

463 4979 712 5034 rioribus
743 4979 998 5033 victoriis
1016 4976 1201 5032 elatus
1227 4989 1290 5030 se
1320 4971 1645 5027 Alexandro
1699 4969 1904 5041 Magno
1945 4985 2106 5025 com-

461 5065 702 5138 parabat
737 5083 749 5126 ;
783 5083 846 5120 ac
877 5071 1105 5121 tantum
1161 5079 1274 5118 non
1337 5069 1400 5117 ut
1460 5059 1558 5115 ille
1617 5059 1675 5113 in
1725 5065 1952 5130 pectore
1984 5059 2107 5133 plu-

467 5173 592 5210 mas
635 5159 804 5208 rostri
863 5161 918 5209 et
966 5153 1186 5210 alarum
1249 5151 1564 5222 imaginem
1626 5158 2104 5220 repraesentantes

462 5243 808 5308 ostentabat,
844 5245 942 5297 sed
973 5248 1027 5298 et
1075 5243 1298 5311 majora
1349 5241 1450 5296 illo
1511 5240 1767 5296 facinora
1805 5257 1867 5296 se
1897 5242 2103 5314 exiguo

463 5337 723 5405 tempore
779 5335 924 5387 citra
975 5330 1320 5402 sanguinem
1405 5329 1658 5384 edidisse
1720 5329 2101 5400 gloriabatur.

2213 4883 2280 4940 τὰ
2343 4881 2490 4956 παρά
2553 4883 2664 4934 τῶν
2725 4877 3041 4934 ἀντιπάλων
3102 4873 3559 4954 προϐαλλόμενα,
3601 4879 3635 4947 ἢ
3691 4877 3738 4931 εί
3793 4878 3866 4950 μὴ

2211 4975 2393 5040 τοῦτο,
2427 4967 2632 5024 δειλίαν
2662 4971 2794 5043 γοῦν
2845 4967 2906 5022 ἐκ
2957 4972 3055 5022 τοῦ
3101 4966 3512 5046 ἀναμφιλέκτου
3562 4963 3868 5037 πρόδηλον,

2217 5063 2294 5134 μή
2337 5057 2586 5132 πολέμου
2646 5057 3025 5128 ἀναμείναντες
3081 5057 3351 5129 σύνθημα,
3421 5058 3495 5130 μὴ
3563 5053 3866 5129 σάλπιγγος

2212 5151 2364 5228 ἠχὴν
2398 5150 2536 5220 μήτε
2575 5167 2626 5202 τι
2677 5143 2857 5220 ἕτερον
2918 5144 3284 5222 παράγγελμα
3325 5151 3436 5202 τῶν
3487 5145 3584 5200 ὅσα
3630 5165 3868 5219 στρατη-

2212 5245 2332 5314 γοῖς
2363 5237 2589 5292 ε’ἒθισται
2633 5241 2810 5291 ποιεῖν
2871 5237 2978 5312 πρὸ
3034 5241 3144 5290 τῶν
3199 5233 3562 5309 συμπλοκῶν,
3622 5229 3870 5306 συμϐάλ-

2213 5325 2370 5384 λουσι
2410 5331 2526 5388 τοῖς
2579 5323 2872 5398 πολεμίοις
2924 5325 2991 5380 τὰ
3043 5325 3166 5405 ξίφη
3232 5325 3637 5401 γυμνώσαντες.
3692 5323 3758 5380 Οἱ
3814 5319 3872 5375 δὲ

1837 5433 2004 5495 Hier.
2052 5432 2266 5494 Wolfii
2311 5441 2500 5493 notae.

459 5617 492 5672 ά
534 5541 648 5616 (22)
703 5536 816 5597 Ἀεὶ
871 5537 962 5622 τόν
1022 5535 1582 5620 ’ὀπισθενηϐοηνοι-ιὶ
1641 5554 1730 5594 eos
1789 5539 1886 5628 ι]κυὶ
1913 5545 2103 5628 ,ιενσα
2293 5539 2406 5613 (23)
2440 5538 2603 5594 Alter
2637 5537 3053 5608 metaphorice,
3088 5537 3232 5592 alter
3273 5536 3503 5610 proprie
3563 5533 3822 5607 loquitur
3855 5547 3870 5565 ·

495 5617 688 5672 abant.
719 5630 852 5670 cum
884 5612 1150 5670 Videatur
1179 5615 1374 5672 potius
1427 5610 1735 5672 legendum
1774 5631 1866 5665 τον
1898 5608 2110 5672 έμπρο-
2219 5613 2366 5670 alter
2385 5612 2456 5666 de
2488 5609 2766 5672 cwdibus,
2797 5611 2941 5670 alter
2969 5609 3042 5666 de
3069 5610 3273 5672 spoliis
3313 5615 3369 5666 et
3401 5609 3553 5666 fame
3586 5608 3726 5672 agit.
3855 5575 3872 5605 ’

460 5608 688 5756 ﬁgant,
719 5630 852 5670 cum
884 5611 1150 5670 videatur
1177 5608 1374 5680 potius
1427 5610 1735 5680 legendum
1774 5608 1866 5665 τὸν
1898 5608 2110 5687 εμπρο-
2219 5608 2366 5670 alter
2385 5608 2456 5666 de
2488 5609 2766 5682 cwdibus,
2797 5611 2941 5670 alter
2969 5609 3042 5666 de
3069 5608 3290 5682 spoliis
3313 5615 3369 5666 et
3385 5608 3553 5666 ’t'ame
3586 5608 3726 5680 agit.
