4126 6294
354 366 469 428 ’121

1470 367 1577 430 DE
1618 367 1927 430 ISAAGIO
1969 368 2280 433 ANGELO
2324 373 2475 434 LIB.
2523 373 2569 435 Ι.

3654 377 3774 437 ’122

361 508 535 575 μέχρι
596 497 690 572 μὶν
747 515 894 559 τινος
947 491 1218 572 εὒθαρσῶς
1284 497 1376 556 καὶ
1435 494 1696 575 ἀνδρείως
1752 500 1852 570 τήν
1899 503 1993 556 τῶν

2124 506 2271 562 471
2309 507 2416 573 Qui
2437 523 2570 564 vero
2596 507 2757 566 exiis
2780 509 3058 567 Italorum
3075 506 3407 566 cohortibas
3421 507 3771 581 effugerant,

352 588 648 662 Ῥωμαίων
699 581 944 660 έμϐολήν
1003 585 1272 658 έδέξαντο,
1319 586 1408 643 καὶ
1452 589 1674 662 καμπάς
1722 610 1872 652 τινας
1917 589 2007 644 καὶ

357 677 558 748 ἰλίξεις
591 678 620 732 6'
649 677 892 749 πόλεμος
921 672 1104 732 ἔλαϐε·
1135 677 1294 740 τέλος
1343 675 1400 733 δὶ
1437 682 1574 754 πρὸς
1621 680 1684 734 τὸ
1734 680 2005 754 ὑπεράγαν

356 762 620 842 ἔνθερμον
665 773 763 835 τῆς
810 768 1122 839 Ῥωμαϊκῆς
1170 769 1450 841 στρατείας
1507 765 1820 831 ὑπενδόντες
1855 765 2006 824 ἔκλι-

355 877 452 911 ναν
495 855 568 918 εἰς
605 859 810 929 τροπήν
866 856 958 911 καὶ
1014 856 1272 929 ἀκόσμως
1339 851 1587 934 ἔφευγον.
1643 859 1801 922 Ὅθεν
1841 879 2006 913 κατα-

356 941 767 1017 λαμϐανόμενοι
825 944 1152 1020 ἀνῃροῦντο,
1211 943 1567 1021 έζωγροῦντο,
1603 947 1840 1009 ὠθοῦντο
1869 947 2006 1002 κατά

348 1036 602 1105 ποταμοῦ
658 1037 755 1087 τοῦ
824 1032 1160 1108 Στρυμόνος,
1239 1031 1780 1111 έλαφυραγωγοῦντο,
1849 1033 2003 1090 έσκυ-

345 1122 601 1184 λεύοντο.
636 1123 838 1197 ’Ἠγετο
864 1119 920 1178 δέ
950 1117 1159 1193 ἑϐδόμη
1191 1123 1316 1177 τότε
1342 1126 1440 1178 τοῦ
1478 1118 1795 1198 Νοεμϐρίου
1828 1126 2003 1196 μηνὸς

342 1211 434 1266 καὶ
494 1209 617 1284 περῖ
677 1207 862 1281 δείλην
918 1211 987 1278 ἦν
1049 1211 1150 1278 τήν
1200 1209 1432 1286 ἡμέραν,
1481 1211 1644 1268 ὁπότε
1690 1217 1857 1268 ταῦτα
1888 1213 2003 1286 ἐγί-

341 1320 491 1355 νετο.
544 1294 1037 1372 Συλλαμϐάνονται
1080 1296 1137 1354 δὲ
1183 1303 1272 1355 καὶ
1316 1301 1374 1354 οἳ
1416 1297 1512 1355 δύο
1561 1304 1859 1378 στρατηγοὶ
1905 1310 2002 1359 τοῦ

343 1387 767 1463 στρατεύματος,
830 1385 860 1441 6'
916 1408 974 1442 τε
1011 1385 1326 1460 Ῥιτζάρδος
1364 1389 1392 1442 6
1439 1395 1540 1458 τῆς
1595 1391 1847 1463 γυναικὸς
1905 1395 2002 1448 τοῦ

337 1475 554 1551 Ταγκρὶ
608 1477 718 1549 (24)
773 1496 1124 1549 κασιγνητος,
1183 1476 1242 1538 ὅς
1300 1473 1590 1552 ἐναυάρχει
1628 1475 1725 1532 τοῦ
1753 1483 1861 1534 τῶν
1905 1487 1998 1535 Σι-

335 1563 522 1619 κελῶν
575 1569 849 1636 ναυτικοῦ,
901 1564 990 1618 καὶ
1050 1565 1078 1617 6
1139 1561 1464 1627 Ἀλδουῖνος
1533 1565 1752 1636 Κόντος,
1810 1565 1999 1644 γένους

342 1657 438 1727 μὲν
474 1653 536 1708 οὗ
585 1655 687 1731 φὺς
742 1653 990 1727 εὐγενοῦς
1043 1653 1134 1708 καὶ
1196 1651 1477 1730 λαμπροῦ,
1511 1653 1600 1710 διὰ
1645 1653 1702 1710 δὲ
1729 1658 1832 1728 τὴν
1861 1659 1998 1714 κατά

331 1740 584 1816 πόλεμον
637 1739 922 1813 δεξιότητα
970 1739 1251 1816 αἰδέσιμος
1309 1739 1382 1798 ὤν
1441 1749 1520 1817 τῷ
1570 1745 1695 1820 ῥηγὶ
1749 1746 1837 1800 καὶ
1875 1748 1998 1802 τότε

2118 603 2173 649 et
2198 597 2295 666 qui
2332 603 2646 653 Serranum
2671 615 2876 670 agrum
2915 598 3360 670 populabantur,
3395 612 3551 654 recta
3583 599 3768 654 Thes-

2118 685 2436 740 salonicam
2471 690 2871 744 contendunt:
2901 696 2957 743 et
2987 688 3177 759 longis
3213 687 3457 743 navibus
3502 690 3701 743 statim
3734 705 3768 743 a

2117 773 2256 846 fuga
2289 779 2646 845 conscensis,
2682 795 2796 832 non
2828 779 3193 833 commodam
3230 779 3653 849 navigationem
3677 795 3765 833 re-

2116 866 2518 934 pererunt,sed
2541 875 2840 922 ventorum
2865 866 3136 938 procellis
3172 871 3228 922 et
3263 867 3538 922 ﬂuctibus
3575 866 3766 923 obruti

2115 952 2428 1022 perierunt,
2465 959 2520 1008 et
2569 960 2754 1010 morte
2795 955 3561 1011 interradivinitusdecreta
3592 957 3764 1026 paulo

2113 1045 2243 1112 post
2273 1041 2330 1096 in
2367 1043 2512 1097 mari
2547 1045 2974 1115 oppetiverunt.
2998 1043 3161 1100 Multi
3205 1061 3340 1100 vero
3363 1045 3464 1115 qui
3495 1045 3764 1100 triremes

2112 1146 2227 1185 non
2262 1131 2450 1202 adepti
2476 1133 2854 1200 erant,adhuc
2887 1135 3041 1190 circa
3071 1133 3548 1190 Thessalonicam
3595 1133 3762 1189 ober-

2111 1223 2332 1287 rantes,
2383 1221 2733 1291 deprehensi
2793 1221 2997 1278 multis
3062 1223 3255 1279 modis
3311 1223 3634 1294 perierunt,
3692 1221 3763 1278 ab

2111 1305 2496 1364 auxiliaribus
2531 1309 2724 1365 Alanis
2758 1310 3136 1382 potissimum
3165 1311 3455 1366 interfecti
3486 1353 3499 1378 ,
3541 1310 3641 1382 qui
3697 1326 3765 1365 ea

2111 1394 2372 1452 facinora
2403 1397 2636 1454 illorum
2682 1399 2893 1455 imitati
2949 1417 3076 1471 qua
3125 1404 3294 1472 capta
3343 1398 3764 1455 Thessalonica

2109 1485 2361 1555 perpessi
2404 1497 2592 1553 erant,
2655 1487 2802 1543 nulli
2877 1488 3134 1544 hostium
3195 1492 3598 1560 pepercerunt,
3657 1488 3759 1543 sed

2108 1572 2259 1629 bivia
2289 1578 2346 1629 et
2390 1576 2735 1632 sacellorum
2797 1577 3079 1633 vestibula
3131 1577 3512 1633 cadaveribus
3558 1577 3762 1648 imple-

2106 1667 2334 1721 verunt.
2369 1663 2714 1737 Rogitabant
2746 1667 2901 1722 enim
2937 1667 3393 1738 comprehensos
3415 1665 3642 1722 Siculos
3658 1666 3758 1723 ubi

2105 1753 2284 1808 frater
2315 1753 2599 1824 ipsorum,
2631 1756 2901 1810 videlicet
2959 1756 3258 1828 p0pularis
3308 1756 3544 1823 Alanus,
3579 1761 3753 1826 esset,

337 1835 474 1908 ὑπὲρ
503 1835 708 1895 πάντας
761 1834 823 1888 τὸ
880 1840 980 1902 τῆς
1036 1834 1368 1910 στρατηγίας
1429 1834 1807 1908 ὑπεζωσμένος
1853 1836 1984 1910 σέμ-

2105 1858 2276 1912 quem
2314 1844 2454 1902 urbe
2509 1849 2676 1915 capta
2733 1845 3104 1912 occiderant;
3165 1861 3231 1900 ac
3263 1845 3457 1900 statim
3492 1861 3662 1899 enses
3693 1844 3753 1900 in

329 1947 513 2001 νωμα,
572 1927 633 1990 ’ὸς
687 1926 777 1981 καὶ
829 1931 948 1988 ταῖς
1003 1927 1292 2001 προτέραις
1363 1927 1499 1983 κατά
1561 1927 1847 2002 Ῥωμαίων
1905 1930 1988 1984 νί-

321 2037 447 2078 καις
497 2013 1112 2092 μεγαλοπρέπευόμενος
1163 2016 1351 2071 ἑαυτὸν
1383 2017 1652 2090 ἐξωμοίου
1712 2024 1794 2090 τῷ
1834 2021 1996 2076 Ἀλε-

329 2103 541 2181 ξάνδρῳ
589 2110 670 2178 τῷ
729 2105 870 2160 πάνυ
925 2109 1005 2175 τῷ
1065 2102 1354 2176 Μακεδόνι,
1407 2106 1572 2178 μόνον
1624 2107 1722 2162 οὐκ
1766 2108 1820 2162 έν
1863 2112 1994 2179 στή-

334 2207 450 2260 θεσι
495 2198 613 2251 κατ’
671 2194 872 2250 ἐκεῖνον
929 2193 1123 2270 τρίχας
1181 2193 1392 2258 δεικνὺς
1453 2195 1700 2274 ῥάμφους
1741 2199 1830 2253 καὶ
1862 2219 1994 2254 πτε-

336 2291 445 2358 ρῶν
513 2283 753 2339 εἰκασίαν
822 2283 1279 2362 ὑπεμφαινούσας,
1340 2283 1430 2339 καὶ
1491 2288 1664 2358 μείζω
1709 2288 1744 2356 ἢ
1792 2287 1991 2350 ἐκεῖνος

329 2373 461 2448 ἔργα
529 2371 598 2428 δι’
666 2373 952 2448 ἀκαριαίου
1017 2377 1211 2447 καιροῦ
1276 2374 1366 2428 καὶ
1447 2373 1720 2448 ἀναιμωτὶ
1787 2377 1994 2452 ὑπερη-

340 2461 592 2539 φανεύετο
645 2459 1058 2538 διαπράξασθαι.
1122 2463 1278 2519 Ὃσοι
1345 2459 1401 2516 δὲ
1466 2463 1530 2517 τὸ
1591 2469 1688 2520 τοῦ
1738 2465 1989 2541 πολέμου

339 2549 588 2615 διαταθὶν
640 2550 898 2624 έξηλυξαν
928 2548 1142 2606 δίκτυον
1211 2549 1270 2606 ἔκ
1332 2573 1392 2606 τε
1451 2554 1682 2608 τουτωνὶ
1712 2560 1819 2610 τῶν
1853 2554 1988 2612 ἰλῶν

339 2639 432 2695 καὶ
481 2641 533 2694 οἳ
581 2638 648 2694 τά
694 2638 747 2694 έν
810 2638 1036 2714 Σέρῥαις
1095 2639 1274 2714 χωρία
1324 2641 1673 2715 κατέτρεχον,
1708 2642 1863 2706 εὐθὺς
1891 2648 1992 2709 τῆς

343 2729 744 2798 Θεσσαλονίκης
785 2731 982 2797 ’ἰε-νται,
1031 2731 1121 2784 καὶ
1168 2735 1276 2785 τῶν
1345 2730 1517 2785 ἐκεῖσε
1591 2738 1810 2807 μακρῶν
1873 2733 1988 2788 €11:-

339 2818 530 2884 ϐάντες
578 2828 727 2891 νηῶν
775 2823 848 2885 ὡς
903 2822 1053 2896 εἶχον
1115 2820 1266 2883 εὐθὺς
1334 2821 1441 2876 ἀπὸ
1489 2827 1590 2890 τῆς
1640 2828 1838 2896 φυγῆς,
1890 2823 1993 2877 οὐκ

342 2907 577 2966 εῦπλουν
643 2912 732 2965 τὸν
799 2911 968 2966 πλοῦν
1028 2907 1296 2984 εὕρισκονο
1365 2911 1524 2990 φοροὶ
1591 2911 1692 2985 γὰρ
1760 2910 1837 2974 εἷς
1887 2912 1986 2980 τήν

342 2999 518 3054 αὐτῶν
583 2999 820 3076 ἀφάνισιν
897 2999 1264 3074 ἂνεγερθεὶσαι
1331 2998 1601 3064 λαίλαπες
1667 2999 1987 3070 ἀποπλῆσαι

337 3089 434 3144 τὸν
494 3089 660 3163 μόρον
729 3089 923 3151 αὐτοὺς
983 3088 1316 3164 εἰργάσαντο,
1385 3089 1442 3143 δν
1508 3089 1688 3153 θεόθεν
1728 3095 1985 3166 γερσαῖον

2105 1931 2178 1986 iis
2209 1932 2556 2002 deﬁgebant.
2592 1934 2659 1988 Et
2721 1935 2780 1988 in
2837 1934 3056 2005 templa
3111 1935 3507 2004 confugientes
3545 1939 3756 1988 macta-

2105 2019 2266 2089 bant,
2299 2020 2397 2076 ubi
2434 2038 2580 2093 papa
2610 2028 2766 2078 esset
2793 2024 3131 2094 rogitantes,
3185 2023 3294 2077 hoc
3341 2029 3451 2089 est,
3492 2024 3755 2077 sacerdo-

2103 2113 2191 2166 tes
2225 2128 2372 2181 quos
2397 2112 2450 2166 in
2485 2113 2721 2184 templis
2752 2115 3104 2169 occiderant.
3137 2115 3280 2168 Tum
3330 2113 3541 2168 mirum
3585 2113 3754 2183 quid-

2104 2200 2240 2256 dam
2270 2202 2526 2258 accidit:
2563 2208 2733 2273 capta
2761 2205 2916 2258 enim
2958 2202 3374 2259 Thessalonica
3395 2203 3622 2256 nullum
3642 2203 3752 2257 Bo—

2104 2306 2344 2345 manum
2371 2291 2618 2346 cadaver
2643 2309 2814 2347 canes
2838 2297 3108 2364 gustasse
3139 2294 3291 2348 472
3338 2297 3440 2346 aut
3480 2291 3754 2347 dentibus

2101 2378 2390 2437 lacerasse
2421 2382 2632 2448 ferunt,
2669 2382 3006 2438 Latinorum
3053 2400 3187 2439 vero
3240 2384 3519 2438 cadavera
3560 2383 3747 2438 rabie-

2103 2469 2353 2539 quadam
2389 2469 2803 2526 insatiabiliter
2834 2473 3162 2537 devorasse,
3185 2477 3241 2528 et
3264 2472 3552 2543 sepulcris
3573 2472 3748 2526 etiam

2101 2563 2270 2610 eruta
2307 2556 2581 2614 laniasse.
2616 2558 2758 2612 Cum
2819 2559 3049 2615 duobus
3101 2559 3218 2614 illis
3277 2561 3522 2615 ducibus
3571 2561 3746 2615 etiam

2100 2660 2302 2699 vecors
2334 2643 2428 2700 ille
2468 2651 2523 2700 et
2555 2646 2837 2716 pestilens
2867 2647 3196 2702 etomnium
3232 2647 3518 2702 malorum
3548 2653 3748 2702 auctor

2100 2731 2338 2788 Alexius
2397 2733 2731 2789 Comnenus
2785 2741 2989 2803 captus
3089 2745 3174 2790 est
3273 2740 3330 2790 et
3402 2741 3746 2800 excacatus,

2099 2821 2275 2876 homo
2364 2822 2680 2877 inferorum
2776 2823 2912 2878 sede
3007 2823 3246 2894 dignus.
3339 2823 3586 2887 Quidam
3680 2839 3750 2878 ex

2102 2911 2322 2968 Latinis
2397 2912 2790 2984 Epidamnum
2867 2914 3274 2984 confugerunt,
3307 2929 3483 2983 quam
3559 2912 3751 2968 omnis

2099 3003 2330 3073 generis
2364 3002 2544 3056 armis
2600 3001 2948 3057 instructam
3008 3002 3217 3057 Sicilia
3277 3018 3373 3056 rex
3430 3009 3560 3072 post
3619 3017 3748 3056 sua-

2101 3107 2233 3145 rum
2277 3089 2572 3162 legionum
2607 3089 2906 3146 interitum
2959 3091 3234 3146 Romanis
3287 3107 3398 3146 non
3449 3089 3745 3158 reddebat,

334 3176 737 3233 έπικλωσθέντα
780 3180 912 3252 μετὰ
975 3176 1154 3253 βραχὺ
1219 3176 1496 3250 μετέθεντο
1530 3177 1664 3232 κατὰ
1695 3177 1985 3238 θάλατταν.

334 3273 369 3282 ..-
412 3266 469 3282 \\
524 3267 539 3282 ι
613 3265 654 3282 ιλκ
727 3270 740 3282 ι
915 3266 926 3282 Ι
1242 3267 1254 3282 1
1475 3266 1489 3282 9
1705 3264 1724 3282 \
1826 3261 1856 3282 ρ
1940 3268 1952 3282 1

2105 3180 2204 3234 sed
2243 3178 2438 3251 gloria
2496 3180 2688 3252 inepte
2741 3181 2993 3251 cupidus
3050 3191 3178 3252 post
3237 3177 3526 3234 illustrem
3585 3178 3746 3234 illam

329 3266 542 3324 Πολλοὶ
610 3265 666 3321 δὲ
727 3266 1046 3342 ἐντυχόντες
1129 3267 1405 3341 τριήρεσιν
1471 3261 1987 3339 ἐπικαταλαμϐανό-

332 3378 480 3430 μενοι
509 3355 588 3412 ἔτι
619 3357 756 3412 κατά
801 3357 902 3425 τήν
950 3353 1351 3426 Θεσσαλονίκην
1395 3355 1676 3424 ἀλύοντες,
1707 3355 1982 3433 πολυτρό-

330 3468 447 3509 πως
511 3445 843 3524 έφθείροντο,
908 3446 995 3500 καὶ
1073 3443 1311 3517 μάλιστα
1364 3444 1469 3498 ὑπὸ
1526 3448 1634 3500 τῶν
1676 3445 1980 3520 ἐπικούρων

2103 3269 2324 3324 cladem
2359 3274 2416 3323 et
2447 3269 2670 3325 celebre
2703 3269 2954 3325 dedecus
2977 3273 3245 3324 amanter
3289 3269 3595 3324 retinebat.
3631 3270 3745 3323 Ca-

2095 3362 2287 3413 terum
2323 3358 2498 3431 paulo
2529 3364 2661 3431 post
2691 3358 3025 3430 sumptibus
3055 3358 3367 3414 deterritus
3393 3358 3545 3414 ultro
3596 3358 3748 3413 omi-

2096 3449 2194 3504 sit.

328 3536 596 3593 Ἀλανῶν.
649 3536 816 3593 Οὗτοι
870 3538 958 3610 [Ρ.
1019 3538 1144 3608 232]
1202 3539 1304 3610 γὰρ
1362 3535 1655 3612 ἀντὶῤῥοπα
1711 3532 1943 3609 δρῶντες
1997 3537 2070 3590 ὧν
2127 3537 2457 3601 πεπόνθασιν
2517 3537 2680 3607 ἡνίκα
2737 3535 3106 3606 Θεσσαλονίκη
3170 3537 3428 3603 ἑάλωκεν,
3481 3533 3542 3590 οἷ)
3569 3535 3738 3612 φειδώ

326 3646 473 3687 τινος
503 3631 614 3681 τῶν
669 3622 953 3698 πολεμίων
1010 3619 1345 3698 ἐλάμϐανον,
1410 3624 1506 3687 τὰς
1575 3622 1621 3679 δ’
1687 3623 1972 3699 ἀμφόδους
2029 3627 2118 3680 καί
2171 3625 2238 3680 τὰ
2275 3631 2383 3681 τῶν
2445 3626 2602 3690 θείων
2644 3631 2824 3696 σηκῶν
2856 3627 3132 3701 προαύλια
3161 3627 3469 3698 πτωμάτων
3506 3625 3736 3695 ἰνέπλη-

329 3733 448 3770 σαν·
510 3713 828 3787 έπερόμενοι
881 3715 981 3788 γὰρ
1058 3712 1190 3776 τοὺς
1268 3709 1827 3788 συλλαμϐανομένους
1912 3713 2172 3775 Σικελοὺς
2228 3719 2334 3770 ποῦ
2391 3717 2522 3769 ποτε
2589 3717 2617 3770 6
2677 3713 2929 3794 ἀδελφὸς,
2993 3717 3021 3769 6
3083 3712 3438 3792 συμφυλέτης
3517 3710 3733 3782 δηλαδὴ

344 3803 562 3865 ΑΑανὸς
585 3803 645 3858 ὅν
675 3803 808 3858 κατὰ
837 3803 936 3871 τήν
971 3798 1177 3857 ἅλωσιν
1235 3800 1351 3858 οἳδε
1408 3802 1746 3871 ἀπέκτειναν,
1803 3804 2016 3879 ἀπῆγον
2074 3805 2186 3875 ἅμα
2244 3808 2322 3875 τῷ
2390 3802 2539 3876 λόγῳ
2575 3805 2636 3859 τὸ
2669 3803 2838 3882 ξίφος.
2885 3802 3058 3860 Ἀλλά
3107 3803 3354 3864 καὶτοὺς
3386 3804 3745 3874 προσπυομέ-

331 3913 459 3954 νους
517 3893 792 3966 τεμένεσιν
847 3892 1204 3965 ἀπέσφαττον,
1265 3893 1379 3948 Ποῦ
1445 3913 1577 3946 ποτε
1643 3893 1670 3946 6
1727 3897 1948 3961 παπᾶς;
2024 3889 2292 3966 λέγοντες,
2348 3895 2495 3947 τοῦτ’
2562 3890 2702 3948 ἔστιν
2769 3889 2861 3955 οὕς
2916 3889 3247 3967 ἀνῃρήκεσαν
3309 3890 3504 3945 ἐκεῖνοι
3583 3892 3746 3961 ἱερεῖς

335 3981 718 4058 εἴσεφρηκότες
783 3977 936 4036 ἔνδον
997 3983 1108 4035 τῶν
1175 3981 1359 4054 ἱερῶν.
1439 3983 1569 4039 ’Ότε
1607 3981 1696 4035 καὶ
1760 3983 1980 4037 τοιοῦτό
2037 4002 2090 4035 τι
2147 3982 2333 4036 καινὸν
2390 3977 2780 4036 έπισυνέϐαινε”
2847 3980 2974 4043 τοὺς
3039 3982 3140 4055 γάρ
3210 3979 3368 4041 κύνας
3433 3979 3559 4055 φασὶ
3612 3980 3745 4051 μετὰ

339 4072 434 4143 μὶν
501 4073 601 4140 τήν
659 4077 759 4140 τῆς
826 4068 1044 4132 πόλεως
1111 4068 1316 4124 ἅλωσιν
1390 4068 1622 4142 μηδενὸς
1687 4071 2012 4145 νεκριμαίου
2089 4071 2343 4142 σώματος
2409 4076 2516 4126 τῶν
2592 4070 2971 4146 ἀναιρεθέντων
3035 4068 3324 4141 Ῥωμαίων
3402 4069 3633 4141 ἅψασθαι
3709 4068 3742 4138 ἢ

335 4157 483 4223 ὅλως
534 4157 720 4214 ὀδοῦσι
789 4159 1032 4223 σίνασθαι
1104 4159 1138 4228 ἢ
1206 4158 1534 4226 αἰκίσασθαι,
1600 4158 1722 4212 τότε
1790 4155 1847 4213 δὲ
1913 4159 2089 4220 οὕτως
2155 4157 2416 4228 έμμανῶς
2479 4164 2595 4220 τοῖς
2663 4159 2922 4232 πτώμασι
2985 4161 3092 4212 τῶν
3160 4158 3434 4212 πεσόντων
3504 4155 3746 4211 Λατίνων

328 4249 727 4329 προσφέρεσθαι
801 4249 892 4303 καὶ
967 4250 1128 4322 κόρον
1183 4245 1392 4321 μηδένα
1449 4245 1722 4321 μηδαμῶς
1783 4246 1978 4302 εἰδέναι
2046 4243 2412 4320 σαρκοϐορίας
2471 4248 2544 4310 ὡς
2612 4248 2703 4302 καὶ
2757 4241 3148 4322 τυμϐωρυχεῖν
3205 4246 3296 4302 καὶ
3353 4245 3746 4302 ἀνακαλύπτειν

325 4340 396 4394 τὰ
433 4335 809 4413 παραδοθέντα
864 4340 1007 4416 ταφῇ
1075 4335 1303 4410 σώματα
1375 4337 1466 4392 καὶ
1542 4337 1726 4410 κόρμα
1797 4339 1963 4391 ταῦτα
2034 4338 2259 4400 τιθέναι.
2299 4343 2600 4414 Ζωγρεῖται
2661 4335 2737 4408 δε
2770 4336 2862 4391 σὺν
2920 4339 3004 4399 οἷς
3044 4335 3267 4410 εἴπομεν
3323 4334 3446 4391 δυσὶ
3502 4357 3740 4411 στρατη-

325 4433 449 4504 γοῖς
495 4427 586 4483 καὶ
619 4428 647 4482 6
680 4426 739 4481 ἐκ
786 4429 1095 4500 Κομνηνῶν
1141 4427 1260 4487 νοὸς
1315 4419 1526 4500 ἕρημος
1580 4424 1672 4479 καὶ
1749 4425 2018 4502 φθόριμος
2053 4425 2295 4499 Ἀλέξιος
2372 4427 2400 4481 ὁ
2473 4425 2682 4481 τούτων
2757 4426 2971 4480 πάντων
3010 4423 3182 4484 αῖίτιος
3222 4429 3328 4480 τῶν
3371 4429 3575 4492 κακῶν,
3652 4424 3742 4480 καὶ

330 4521 432 4572 τοῦ
481 4521 590 4571 τῶν
650 4516 952 4594 ὀφθαλμῶν
1013 4515 1193 4593 φωτὸς
1253 4516 1499 4589 στέρεται
1555 4514 1583 4568 6
1632 4519 1742 4569 τῶν
1801 4515 2130 4589 Χαρωνείων
2191 4515 2458 4586 οἰκήσεων
2493 4513 2659 4586 ἄξιος.
2710 4518 2878 4572 Ἦσαν
2910 4511 2957 4570 δ’
2989 4514 3040 4569 οἳ
3077 4518 3183 4568 τῶν
3214 4512 3458 4569 Λατίνων
3483 4513 3572 4568 καὶ
3607 4514 3744 4586 πρὸς

328 4607 434 4676 τήν
497 4604 831 4680 Ἐπίδαμνον
887 4605 1266 4676 ἀπεσώθησαν,
1325 4604 1416 4659 καὶ
1477 4608 1594 4665 τοῖς
1652 4601 1764 4658 ἐκεῖ
1815 4602 2124 4683 ὁμοφύλοις
2180 4611 2441 4682 φρουροῖς
2496 4611 2598 4674 τῆς
2650 4603 2868 4668 πόλεως
2927 4603 3000 4666 ὡς
3058 4603 3338 4678 σπέρματα
3408 4600 3744 4676 χιλιοστύων

335 4692 572 4750 πολλῶν
621 4694 914 4770 ἀγαπητῶς
991 4689 1358 4764 ἀπεδόθησαν,
1442 4689 1509 4762 ἤν
1595 4691 1682 4746 καὶ
1759 4692 2039 4754 παντοίοις
2121 4691 2321 4755 ’ὁπλοις
2374 4693 2733 4768 ἀμυντηρίοις
2792 4694 2821 4748 6
2881 4691 3134 4754 Σικελίας
3195 4691 3292 4766 ῥήξ
3345 4690 3741 4770 κρατυνάμενος

335 4782 555 4860 ὕστερον
588 4764 688 4839 οὐκ
716 4779 976 4838 ἀπεδίδου
1007 4781 1310 4854 Ῥωμαίοις
1341 4781 1476 4854 μετὰ
1501 4782 1600 4851 τήν
1633 4786 1743 4836 τῶν
1786 4780 2004 4836 οἰκείων
2052 4764 2467 4856 στρατευμάτων
2513 4781 2738 4858 φθορὰν,
2767 4781 2896 4838 ἀλλ’
2927 4784 2989 4852 ἣν
3023 4783 3126 4837 οὐκ
3153 4764 3261 4836 ἔδει
3293 4780 3428 4853 μετὰ
3456 4782 3622 4849 ἧτταν
3651 4764 3742 4834 καὶ

334 4872 604 4952 αἰσχύνην
635 4873 902 4947 περιφάνῆ
931 4867 1088 4941 δόξαν
1116 4870 1292 4943 ἑαυτῷ
1322 4869 1664 4944 θηρώμενος,
1696 4874 1918 4945 κατεῖχε
1947 4864 2359 4948 φρενοϐλαϐῶς.
2390 4870 2542 4926 Μετά
2567 4870 2746 4946 βραχὺ
2778 4867 2835 4925 δὲ
2863 4870 3000 4944 πρὸς
3028 4869 3123 4932 τὰς
3156 4866 3396 4932 δαπάνας
3427 4865 3741 4942 ἀπειρηκὼς

330 4961 569 5025 ὶκόντως
601 4961 894 5038 ἀπέσχετο.

400 5061 501 5118 Καὶ
533 5061 561 5116 6
596 5061 688 5132 μὶν
720 5063 978 5136 χερσαῖος
1029 5057 1278 5131 πόλεμος
1324 5062 1572 5113 τοιοῦτον
1621 5057 1796 5113 α’ἰσιον
1827 5056 1984 5114 ἀπεί-

2162 5067 2244 5118 Ac
2272 5063 2546 5117 terrestre
2577 5059 2797 5116 bellum
2832 5064 2950 5118 tam
3000 5060 3153 5117 felici
3211 5061 3368 5116 exitu
3421 5064 3512 5117 est
3544 5061 3744 5118 termi-

328 5149 475 5231 ληφε
542 5148 730 5224 πέρας,
799 5147 1062 5205 οὐδέποτε
1141 5145 1229 5204 ἐπὶ
1322 5145 1544 5224 καρδίαν
1609 5151 1770 5221 ἡμῶν
1833 5168 1982 5211 τινος

327 5239 574 5297 ἀνελθόν.
609 5238 770 5296 Ἀλλ’
798 5241 826 5294 6
857 5235 1071 5294 πάντων
1123 5235 1432 5310 κηδόμενος
1465 5238 1617 5308 Θεὸς,
1650 5239 1737 5294 6'1:
1767 5240 1982 5294 πάντων

332 5325 602 5400 δεσπόζει,
661 5329 752 5383 καί
788 5328 924 5400 μετά
955 5323 1172 5404 φειδοῦς
1228 5325 1452 5396 πολλῆς
1510 5324 1730 5383 διοικῶν
1779 5329 1846 5384 τὰ
1895 5328 1980 5382 ἀνα

333 5419 579 5493 θρώπινα
617 5417 707 5472 καὶ
767 5416 933 5472 ἐλεῶν
992 5415 1060 5470 τὰ
1108 5414 1302 5488 πάντα,
1369 5415 1452 5471 ὅτι
1509 5417 1683 5472 πάντα
1738 5415 1980 5486 δύναται,

2095 5154 2322 5213 natum.
2356 5151 2454 5222 qui
2489 5149 2710 5206 nemini
2739 5150 2798 5206 in
2833 5155 3086 5207 mentem
3127 5149 3403 5208 venisset.
3436 5151 3546 5206 Sed
3565 5151 3740 5218 Deus,

2093 5240 2190 5310 qui
2219 5244 2384 5296 curat
2415 5239 2630 5308 omnia,
2663 5244 2719 5294 et
2775 5255 2971 5295 rerum
3006 5238 3271 5296 omnium
3315 5239 3620 5310 Dominus,
3643 5240 3741 5311 qui

2097 5345 2187 5384 res
2213 5329 2504 5384 humanas
2522 5329 2841 5384 clementer
2865 5329 3203 5384 moderatur
3235 5333 3292 5384 et
3336 5327 3594 5383 omnium
3629 5329 3745 5382 mi-

2094 5423 2341 5486 seretur,
2365 5418 2505 5490 quia
2554 5423 2740 5488 potest
2777 5418 2996 5486 omnia,
3032 5417 3082 5473 is
3113 5432 3204 5474 res
3226 5421 3455 5473 nostras
3478 5417 3744 5473 lancibus

1732 5542 1900 5604 Hier.
1947 5540 2161 5602 Wolfii
2189 5547 2377 5602 nota.

407 5645 517 5724 (et)
543 5649 655 5724 Τοῦ
684 5644 912 5724 Ταγκρέ.
946 5646 1313 5704 Tancredum
1345 5647 1644 5721 intelligit,
1675 5647 2114 5705 Salernitanum
2145 5646 2498 5720 principem,
2541 5649 2843 5709 crudelem
2885 5649 3053 5706 illum
3087 5645 3386 5720 pudicitia
3416 5643 3735 5713 vindicem,

337 5714 392 5775 si
418 5714 619 5780 fabula
646 5714 786 5781 νει-θ’
807 5714 1104 5782 narratur.
