4126 6294
366 377 483 438 725

1529 375 1632 437 DE
1677 371 1987 438 ISAACIO
2032 371 2344 435 ANGELO
2388 372 2533 435 LlB.
2581 373 2629 435 I.

3668 374 3797 449 7.;6'

441 506 542 564 Καὶ
575 505 719 562 οὕτω
754 506 847 580 μὶν
899 506 961 563 ού
1024 511 1178 579 μεῖον
1211 507 1245 578 ἢ
1279 503 1407 565 δέκα
1464 506 1712 585 χιλιάδες
1766 508 2009 583 μαχίμωε

2217 508 2430 565 Ferunt
2460 512 2653 564 autem
2687 509 2904 566 multas
2934 526 3109 569 naves
3140 527 3270 570 cum
3304 515 3631 574 vectoribus
3687 521 3789 576 ad-

368 591 581 669 ἆνδρῶν
639 595 693 650 ἐν
752 593 933 652 τοῖσδε
987 602 1109 659 τοῖς
1163 596 1433 671 πολέμοις
1493 599 1805 655 ἀπώλοντο·
1877 595 2009 653 αὐτο

2139 597 2323 653 versis
2346 598 2533 654 ventis
2572 605 2625 653 et
2680 600 3019 656 turbinibus
3075 602 3375 661 demersas
3434 621 3582 676 esse,
3642 608 3788 665 alias

372 682 431 740 δὲ
488 686 539 738 οἰ
585 686 944 758 ζωγρηθέντες
1001 687 1118 741 κατ’
1175 687 1517 763 ἀμφοτέρους
1573 688 1700 750 τοὺς
1747 684 2000 759 πολέμου

2139 687 2342 743 morbo
2373 692 2430 742 et
2459 687 2611 742 l‘ame
2641 688 2975 745 exhaustas.
2993 692 3072 746 Ita
3103 709 3141 747 κ
3164 692 3426 749 millibus
3448 695 3603 751 haud
3638 714 3782 768 pau-

366 770 506 848 ὒπὲρ
591 773 684 835 τὰς
757 773 1015 848 τέσσαρας
1090 771 1353 851 χιλιάδας
1423 774 1818 851 ἀριθμούμενοι
1910 780 2027 837 ταῖς

372 859 666 935 δημοσίαις
706 861 978 938 φυλακαῖς
1009 861 1391 939 ἐνείρχθησαν.
1452 868 1545 933 Μὴ
1603 865 1663 920 ἐκ
1728 863 2029 938 βασιλικῶν

374 948 432 1008 8t
484 952 862 1026 ψωμιζόμενοι
921 953 1182 1026 ταμιείων
1215 954 1249 1023 ἢ
1282 975 1429 1017 τινος
1490 960 1596 1010 τῶν
1653 955 1753 1011 ’ὀσα
1808 956 1871 1010 τὸ
1931 957 2026 1027 ζῇν

370 1039 655 1111 σκνίστησι
736 1040 1239 1117 μεταλαγχάνοντες
1312 1041 1547 1099 ἄλλοθέν
1621 1055 1813 1114 ποθεν,
1876 1042 2023 1116 ἄρτῳ

364 1126 423 1183 δὲ
458 1130 614 1203 μόνῳ
651 1125 941 1199 διαζῶντες
972 1131 1375 1209 χορηγουμένῳ
1406 1133 1542 1206 πρὸς
1597 1137 1705 1187 τῶν
1754 1130 2025 1209 θεοφιλῶς

358 1216 838 1288 ἒπισκεπτομένων
893 1218 1021 1281 τοὺς
1078 1218 1130 1274 ἐν
1187 1225 1304 1283 ταῖς
1366 1219 1628 1295 εἱρκταῖς,
1685 1225 1867 1283 κακῶς
1929 1220 2024 1298 ἐφ-

363 1307 629 1379 θείροντο,
662 1304 796 1371 ὥσθ’
835 1309 864 1363 ὁ
912 1308 1011 1376 τὴν
1053 1308 1231 1384 ἀρχήν
1287 1315 1386 1378 τῆς
1448 1310 1703 1373 Σικελίας
1759 1309 2018 1385 χειρὶζων

355 1396 443 1450 καὶ
473 1396 573 1465 τήν
606 1396 730 1451 τότε
760 1398 899 1451 κατὰ
951 1397 1240 1469 Ῥωμαίων
1290 1399 1504 1469 κίνησιν
1564 1398 1812 1472 θέμενος,
1850 1403 2017 1454 τοῦτο

354 1485 668 1559 πυθόμενος
724 1483 814 1543 διὰ
864 1487 1203 1561 γραμμάτων
1285 1488 1377 1543 τὸν
1460 1487 1686 1563 βασιλέα
1744 1490 1825 1562 [Ρ.
1889 1490 2015 1561 234]

352 1573 649 1649 ἐχλεύαζεν
703 1574 778 1635 ὡς
811 1575 1246 1653 ἀφιλανθρώπως
1307 1575 1482 1631 ἐῶντα
1536 1575 1691 1649 λι.μῷ
1748 1577 1837 1632 καὶ
1871 1598 2015 1651 γυμ-

346 1666 533 1736 νότητι
580 1664 1037 1740 παρνπόλλυσθαι
1097 1664 1345 1737 τηλίκων
1413 1669 1504 1722 καὶ
1560 1669 1838 1724 τοσούτων
1899 1667 2010 1723 στί-

348 1775 455 1831 χας
514 1751 744 1829 ἀνδρῶν,
806 1754 1045 1830 ἐναργῶς
1123 1756 1219 1828 μὲν
1296 1754 1579 1830 ἂραμένων
1654 1755 1801 1811 ὅπλα
1874 1759 2011 1813 κατὰ

342 1845 641 1936 Ῥωμαίων
693 1845 851 1936 νόμῳ
907 1843 1179 1936 πρλέμοᾼυ,
1235 1847 1576 1936 Χριστιανῶν
1619 1842 1667 1900 δ’
1723 1845 1877 1936 ὅμως
1915 1841 2084 1936 ὄνοΒ

350 1954 481 1992 των·
530 1933 622 1990 καί
679 1935 730 1990 οἱ
788 1930 1241 2007 παραδεδομένων
1301 1933 1378 1996 εἰς
1432 1940 1621 2009 χεῖρας
1690 1935 1794 1990 ὑπὸ
1852 1939 2007 1991 Θεοῦ.

351 2029 563 2102 Χρῆναι
597 2023 647 2080 δ’
677 2020 836 2100 ἔλεγε
883 2025 973 2079 τὸν
1033 2028 1268 2080 νικῶντα
1325 2025 1361 2095 ἤ
1419 2025 1793 2100 πανωλεθρίαν
1850 2025 2009 2091 εὐθὺς

351 2119 463 2171 τῶν
522 2116 911 2190 ζωγρηθέντων
960 2114 1450 2190 καταψηφίζεσθαι,
1502 2114 1578 2175 εἰς
1656 2115 1852 2186 θηρίου
1908 2116 2007 2192 φύ-

352 2224 461 2260 σιν·
506 2203 568 2259 ἐκ
621 2203 842 2259 πολλοῦ
902 2206 1000 2259 τοῦ
1055 2201 1373 2279 παραλόγου
1436 2204 1864 2281 μεταμειφθέντα
1919 2204 2008 2259 καὶ

349 2294 447 2350 τὸν
488 2294 828 2369 ἀνθρώπινον
888 2292 1053 2365 νόμον
1104 2286 1622 2367 παραϐλεψάμενον·
1654 2292 1690 2361 ἢ
1725 2297 1800 2367 μὴ
1859 2290 2011 2349 δοκι-

357 2380 603 2454 μάσαντα
665 2383 851 2449 τοῦτο,
913 2377 1279 2454 συνειληφότα
1363 2375 1420 2433 δὶ
1490 2378 1581 2434 καὶ
1636 2380 2007 2453 καθείρξαντα,

339 2470 543 2547 τρύφος
573 2473 702 2546 γοῦν
732 2468 899 2544 ἃρτου
931 2465 1282 2545 διαθρύπτειν
1333 2462 1727 2540 ὀκτάϐλωμον,
1784 2468 1831 2523 εἰ
1881 2467 2007 2543 περί

342 2561 443 2630 τὴν
477 2556 673 2633 διαρκῆ
708 2555 978 2629 διαίτησιν
1038 2551 1439 2630 κιμὸικεύεται,
1497 2556 1644 2613 ἀλλὰ
1701 2560 1776 2629 μή
1827 2578 2004 2631 τιμω-

346 2653 456 2723 ρεῖν
499 2653 598 2702 τοῦ
651 2644 741 2703 διά
795 2646 980 2723 ξίφους
1037 2646 1125 2700 καί
1184 2645 1377 2700 αὐτίκα
1437 2644 1612 2719 μόρου
1676 2646 2006 2720 μακρότερα,

349 2737 670 2811 λιμώττειν,
704 2736 997 2811 παρεικότα
1054 2735 1144 2790 καὶ
1197 2739 1414 2811 παγετῷ
1469 2734 1558 2789 καὶ
1603 2739 1798 2809 κρυμῷ
1855 2732 2005 2808 διαρ-

355 2826 652 2902 ῥήγνυσθαι
682 2830 861 2887 κακῶς
894 2827 994 2894 τήν
1024 2824 1233 2899 ψύχήν,
1280 2824 1368 2879 καὶ
1422 2823 1590 2897 φόνου
1639 2822 1812 2878 αἰτίαν
1864 2822 2003 2878 ἐπά-

2137 772 2320 830 ciores
2344 773 2439 829 his
2473 774 2636 831 bellis
2660 777 2975 847 perierunt.
3012 778 3174 835 Ultra
3222 797 3276 836 ιν
3317 782 3501 839 millia
3535 792 3781 859 utroque

2136 861 2286 919 bello
2319 864 2378 918 in
2408 879 2669 920 carceres
2698 865 2947 935 inclusa,
2977 883 3113 924 cum
3136 869 3281 924 nihil
3316 871 3388 925 ab
3433 872 3780 945 imperatore

2133 956 2232 1007 aut
2263 952 2500 1008 aliunde
2530 955 3005 1026 suppeditaretur
3035 964 3241 1028 praeter
3269 976 3492 1030 panem,
3521 965 3620 1034 qui
3653 964 3776 1037 pie-

2132 1043 2267 1097 tatis
2296 1057 2429 1112 erga
2462 1060 2494 1097 a
2527 1044 2827 1099 nonnullis
2857 1045 3441 1119 subministrabatur,
3494 1052 3642 1107 male
3681 1069 3777 1124 pe-

2130 1130 2373 1186 rierunt.
2409 1131 2532 1195 Quo
2563 1148 2660 1188 rex
2716 1132 2949 1204 Sicilire,
3006 1134 3166 1193 illius
3225 1139 3358 1193 belli
3417 1146 3639 1209 auctor,
3670 1160 3773 1198 au-

2128 1219 2249 1274 dito
2282 1220 2619 1292 imperatori
2670 1239 2768 1291 per
2824 1222 3050 1280 litteras
3092 1226 3521 1285 immanitatem
3566 1248 3773 1302 expro-

2128 1308 2336 1376 bravit,
2371 1309 2470 1377 qui
2501 1309 2657 1366 tame
2702 1315 2758 1366 et
2793 1313 2948 1368 -ηϐ
2996 1314 3210 1384 frigore
3248 1321 3333 1372 tot
3377 1319 3528 1374 viros
3586 1322 3774 1391 perire

2125 1401 2441 1469 pateretur,
2464 1398 2587 1469 qui,
2620 1398 2730 1455 etsi
2757 1416 2918 1457 more
2940 1400 3069 1458 belli
3105 1410 3303 1475 aperte
3350 1422 3514 1462 arma
3538 1407 3771 1463 intulis-

2125 1490 2277 1551 sent,
2311 1490 2505 1541 tamen
2534 1486 2847 1543 Christiani
2888 1496 3083 1545 essent
3123 1497 3183 1548 et
3224 1510 3259 1548 a
3304 1492 3420 1550 Deo
3472 1496 3530 1550 in
3563 1511 3771 1551 manus

2122 1574 2249 1644 ejus
2283 1573 2500 1629 traditi.
2533 1575 2674 1632 Esse
2704 1581 2901 1633 autem
2934 1596 2969 1634 a
3015 1579 3231 1637 victore
3287 1588 3387 1638 aut
3444 1585 3643 1640 statim
3676 1602 3768 1641 ca-

2121 1661 2257 1733 pitis
2280 1663 2646 1721 damnandos
2671 1665 2950 1737 captivos,
3010 1670 3203 1725 omnis
3258 1671 3641 1729 humanitatis
3692 1677 3764 1731 ob

2119 1750 2445 1823 insperatos
2475 1770 2784 1810 successus
2814 1753 2992 1813 oblito
3022 1761 3080 1811 ct
3108 1756 3169 1812 in
3216 1760 3397 1815 teram
3431 1778 3709 1819 converso
3744 1783 3759 1831 ς

2119 1844 2221 1895 aut
2251 1841 2302 1896 si
2331 1840 2390 1896 id
2423 1840 2588 1909 nolit,
2623 1842 2827 1899 saltem
2864 1845 3115 1901 frustum
3151 1848 3321 1918 panis
3368 1851 3615 1921 captivis
3644 1851 3760 1906 im-

2123 1930 2513 2000 pertiendum,
2548 1931 2598 1987 si
2630 1932 2710 1987 ita
2734 1934 3007 1990 sordidus
3036 1934 3116 1990 sit
3147 1940 3211 1992 ut
3239 1954 3337 1993 eos
3388 1938 3543 1994 alere
3593 1940 3760 1996 nolit.

2121 2021 2236 2078 Etsi
2268 2022 2424 2077 enim
2454 2038 2553 2077 eos
2575 2022 2770 2094 gladio
2800 2040 2914 2078 non
2965 2025 3217 2096 trajioiat
3262 2043 3368 2083 nec
3399 2027 3580 2084 telum
3638 2046 3768 2086 eru-

2120 2116 2324 2166 entum
2353 2110 2729 2167 evisceribus
2775 2129 2976 2169 eorum
3034 2114 3321 2184 extrahat,
3362 2123 3560 2173 tamen
3627 2135 3761 2174 cum

2119 2216 2219 2256 eos
2259 2200 2468 2271 frigore
2525 2206 2583 2257 et
2652 2202 2803 2258 fame
2861 2202 3173 2261 crudeliter
3228 2206 3520 2274 conficiat,
3582 2208 3764 2264 nihilo

2121 2289 2320 2345 minus
2350 2290 2522 2345 credis
2579 2307 2710 2346 esse
2760 2309 2945 2347 reum.
3006 2298 3205 2366 Neque
3264 2297 3420 2351 enim
3480 2298 3765 2355 interesse

2120 2383 2318 2434 utrum
2351 2379 2475 2449 ipse
2534 2380 2766 2435 occidas
2824 2397 2898 2436 an
2957 2383 3133 2437 caedis
3191 2399 3430 2441 causam
3485 2386 3764 2456 praebeas.

2117 2466 2334 2523 Verum
2367 2467 2682 2538 imperator
2712 2468 2844 2525 istis
2886 2470 3097 2526 litteris
3154 2489 3361 2543 parum
3423 2479 3619 2532 motus
3653 2477 3765 2531 mi-

2119 2572 2281 2612 seros
2310 2557 2535 2613 Siculos
2564 2574 2728 2628 aeque
2760 2564 2825 2613 ut
2849 2568 3015 2614 antra
3065 2562 3252 2630 perire
3300 2562 3550 2633 sinebat,
3594 2566 3762 2636 quasi

2118 2661 2250 2702 vero
2280 2645 2482 2702 liceret
2511 2646 2786 2718 quicquid
2818 2646 3110 2705 libuisset.
3142 2650 3300 2721 Seps
3346 2651 3524 2722 igitur
3555 2652 3759 2707 eodem

2118 2735 2211 2791 die
2240 2734 2364 2790 bini
2393 2740 2449 2791 et
2480 2735 2653 2804 terni,
2685 2734 2810 2791 sine
2843 2736 3088 2806 inferiis,
3122 2747 3382 2794 extrema
3429 2740 3667 2807 lotione,
3698 2741 3761 2797 in

2118 2823 2449 2880 cmmeteria
2478 2829 2535 2879 et
2562 2840 2835 2880 cavernas
2865 2825 3341 2895 conjiciebantur.

353 2915 562 2990 γέσθαι,
594 2913 755 2968 εἶκαὶ
803 2918 874 2987 μή
930 2913 997 2969 τὰ
1053 2914 1240 2989 στέρνα
1298 2910 1539 2988 διατορεῖ
1594 2909 1780 2987 δόρατι
1838 2911 1873 2982 ἤ
1930 2913 1993 2968 τὸ
2053 2911 2216 2987 βέλος
2270 2911 2643 2987 ἁρπαζόμενον
2700 2918 2819 2974 τοῖς
2890 2913 3196 2989 σπλάχνοῖς
3256 2916 3345 2971 καὶ
3404 2912 3760 2992 ἐμϐαπτόμε-

371 3022 462 3057 νον
497 3000 774 3074 δείκνυσιν,
806 3003 920 3059 ἐπεὶ
956 3001 1097 3078 μηδὲ
1146 3001 1413 3082 διαφέρειν
1458 3003 1521 3057 τὸ
1576 3005 1827 3079 φονεῦσαι
1873 3003 1961 3057 καὶ
2022 3001 2188 3077 φόνου
2236 3006 2535 3077 παρασχεῖν
2594 3000 2881 3080 πρόφασιν.
2943 3001 3210 3067 Βασιλεὺς
3269 3001 3326 3060 δὲ
3382 3006 3513 3061 ὠσὶν
3571 3005 3761 3082 ἄκροις

360 3088 805 3166 παραδεξάμενος
844 3092 911 3148 τὰ
966 3093 1306 3170 γραφόμενα,
1369 3091 1513 3147 εἲασε
1571 3090 1697 3153 τοὺς
1754 3090 1990 3153 τάλανας
2051 3088 2316 3153 Σικελοὺς
2372 3090 2446 3154 ὠς
2503 3091 2766 3166 πρότερον
2818 3091 3116 3167 φθίνεσθαι,
3172 3093 3245 3157 ὠς
3302 3093 3353 3149 ἐν
3408 3094 3553 3167 αύτῷ
3611 3092 3763 3169 ὄντος

352 3184 450 3235 τοῦ
483 3180 596 3235 ὃτί
625 3183 743 3236 ποτ’
779 3180 840 3235 ἄν
872 3181 1068 3243 αὐτοὺς
1120 3180 1382 3257 βούλοιτο
1440 3178 1650 3256 δρᾶσαι.
1707 3177 1913 3235 Σύνδυο
1972 3180 2065 3234 οὖν
2111 3179 2203 3235 καὶ
2260 3177 2504 3254 σύντρεις
2556 3178 2829 3243 πολλάκις
2882 3188 2982 3250 τῆς
3041 3180 3251 3258 ἡμέρας
3317 3183 3762 3259 ἐκκομιζόμενοι.

350 3268 720 3347 νεκροταφίων
780 3268 1006 3345 ἄμοιροι
1065 3270 1155 3325 καὶ
1214 3272 1336 3347 ἅτερ
1403 3276 1511 3326 τῶν
1587 3269 1912 3326 τελευταίων
1991 3268 2263 3345 λουτρῶν,
2339 3270 2475 3324 κατὰ
2546 3274 2653 3324 τῶν
2727 3268 3108 3347 πολυανδρίων
3195 3272 3590 3346 ὲξετινάσσοντο
3671 3278 3764 3333 καὶ

343 3357 688 3416 καταδύσεων
716 3364 825 3417 τῶν
857 3359 1153 3434 ὑπογείων.

415 3447 652 3512 Καθίσας
680 3446 727 3504 δ’
777 3449 805 3503 ὁ
849 3445 1106 3522 βασιλεὺς
1163 3447 1251 3503 ἐπὶ
1301 3445 1495 3525 δίφρου
1542 3446 1999 3524 χρυσοκολλήτου

2189 3454 2511 3522 Imperator
2549 3467 2703 3520 vero,
2736 3450 2880 3507 sella
2910 3468 3087 3510 aurea
3116 3460 3420 3527 occupata,
3474 3460 3532 3513 et
3596 3474 3760 3530 gem-

345 3541 435 3594 καὶ
475 3536 700 3612 περιδῦς
765 3538 868 3606 τὴν
941 3536 1310 3612 λιθόστρωτον
1375 3532 1663 3609 τήϐειναν,
1737 3537 1890 3612 βῆμά
1951 3558 2010 3593 τε

350 3628 920 3705 πολυανθρωπότατον
953 3629 1254 3703 ἠθροικὼς,
1288 3629 1362 3689 ὡς
1396 3627 1479 3698 εῗη
1540 3630 1616 3702 μή
1666 3634 1782 3691 τοῖς
1833 3625 2009 3684 ἀλλο-

354 3720 554 3797 φώνοις
589 3720 755 3793 μόνον
789 3715 936 3773 ἀλλὰ
980 3718 1072 3772 καί
1125 3722 1244 3780 τοῖς
1289 3716 1590 3791 Ῥωμαίοις
1640 3717 1831 3781 αὐτοῖς
1887 3715 2005 3773 ἔπι-

352 3803 696 3888 φοϐώτατος,
748 3806 1048 3884 εἰσάγεσθαι
1113 3805 1324 3862 κελεύει
1382 3805 1510 3871 τοὺς
1564 3810 1661 3861 τοῦ
1714 3805 2009 3862 Σικελικοῦ

352 3896 752 3975 στρατεύματος
785 3896 1089 3972 ἂρχηγοὺς,
1134 3892 1349 3966 δηλαδὴ
1409 3894 1500 3950 τὸν
1552 3891 1870 3952 Ἀλδουῖνον
1919 3895 2010 3949 καὶ

347 3988 437 4044 τὸν
470 3983 815 4061 Ῥιτζάρδον.
855 3985 924 4042 Οἱ
952 3981 1009 4040 δὲ
1037 3985 1099 4040 τὸ
1147 3981 1372 4059 ἐριῶδες
1421 3991 1523 4054 τῆς
1575 3983 1819 4062 κεφαλῆς
1866 3984 2005 4039 άποο

348 4077 560 4150 θέμενοι
626 4074 897 4148 κάλυμμα
990 4075 1077 4129 καὶ
1174 4070 1578 4149 δουλικωτέραν
1636 4073 2006 4149 πρασκύνησιν

347 4165 758 4240 ἆπονείμαντες,
788 4166 1160 4238 ἠρωτήθησαν
1190 4163 1337 4238 παρὰ
1387 4168 1485 4218 τοῦ
1539 4162 1809 4238 βασιλέως
1856 4162 2006 4225 ὅπως

346 4256 506 4313 αὐτὸν
539 4255 765 4331 χριστὸν
800 4251 929 4309 ὄντα
956 4252 1157 4328 Κυρίου
1188 4250 1555 4328 ἐκακολόγουν
1606 4250 1659 4306 ἐν
1706 4257 1821 4314 τοῖς
1869 4252 2009 4325 πρὸς

344 4347 506 4403 αὐτὸν
558 4344 904 4422 γράμμασιν,
970 4340 1096 4398 οὐδὲ
1155 4342 1249 4415 μὶν
1297 4339 1521 4403 δικαίως
1571 4336 1792 4416 ἔχοντες
1849 4339 2004 4413 ἃπεγ-

348 4434 560 4506 καλεῖν,
597 4436 668 4508 τῇ
700 4429 745 4488 δ’
774 4430 1044 4506 ἐνεστώσῃ
1079 4429 1224 4506 τύχῃ
1264 4431 1410 4505 παρὰ
1455 4429 1518 4485 τὸ
1559 4428 1676 4485 δέον
1724 4430 2009 4506 χρώμενοι

350 4526 439 4580 καὶ
499 4521 862 4599 κυδρούμενοι
916 4519 1009 4576 καὶ
1066 4523 1146 4592 τῷ
1203 4521 1437 4590 ἡττῆσαι
1495 4520 1630 4575 κατά
1696 4517 1891 4594 κράτος
1944 4519 2006 4574 τὸ

353 4610 622 4687 πολέμιον
655 4611 992 4690 φυσώμενοι.
1025 4607 1202 4669 Αὐτὸς
1232 4608 1336 4684 γὰρ
1367 4610 1395 4663 ὁ
1432 4605 1687 4684 βασιλεὺς
1747 4607 2007 4669 Ἰσαάκιος

350 4705 451 4774 τήν
513 4701 793 4779 βασιλείαν
848 4698 969 4774 ἄρτι
1028 4693 1383 4773 παραλαϐὼν,
1439 4692 1699 4772 πρέσϐεις
1755 4695 2006 4751 ἀποστεί-

2112 3544 2265 3595 mata
2298 3556 2554 3612 purpura
2613 3540 2878 3611 indutus,
2929 3543 3076 3597 477
3131 3548 3448 3615 coactaque
3506 3547 3761 3603 maxima

2107 3627 2418 3684 hominum
2451 3629 2866 3700 frequentia,ut
2899 3646 3012 3685 non
3038 3631 3358 3702 peregrinis
3390 3636 3617 3688 tantum
3652 3636 3750 3689 sed

2108 3717 2387 3773 Romanis
2416 3716 2591 3773 etiam
2627 3718 2875 3773 maxime
2920 3717 3301 3775 formidabilis
3343 3726 3516 3789 esset,
3573 3720 3753 3777 Siculi

2108 3806 2399 3861 exercitus
2429 3805 2609 3861 duces
2635 3805 2989 3861 Balduinum
3040 3811 3097 3861 et
3150 3807 3502 3864 Richardum
3542 3811 3753 3865 adduci

2101 3892 2604 3965 jubet.Qui,pileis
2636 3893 2944 3965 depositis,
2974 3894 3244 3951 servilem
3304 3895 3364 3950 in
3409 3899 3650 3952 modum
3683 3913 3750 3953 eo

2111 3982 2372 4048 adorato,
2403 3982 2590 4053 rogati
2621 3982 2694 4038 ab
2726 3997 2793 4037 eo
2824 3991 2963 4038 sunt
2987 3998 3091 4038 cur
3145 4000 3207 4040 se
3250 3989 3490 4040 unctum
3517 3986 3751 4042 Domini

2111 4072 2235 4128 suis
2266 4070 2476 4127 litteris
2506 4070 2773 4127 insectati
2821 4076 3038 4139 essent,
3071 4088 3206 4128 cum
3265 4072 3488 4130 nullam
3527 4074 3752 4145 justam

2111 4159 2536 4232 querimoniam
2560 4160 2862 4227 haberent,
2895 4165 3123 4216 tantum
3170 4162 3412 4218 fortuna
3462 4164 3753 4220 successi-

2112 4250 2223 4305 bus
2254 4253 2312 4304 et
2341 4247 2577 4304 victoria
2605 4252 2808 4304 contra
2836 4248 3096 4305 officium
3128 4250 3337 4307 inﬂati.
3390 4251 3534 4309 Nam
3587 4257 3750 4309 Isaa-

2110 4338 2232 4394 cius
2263 4337 2508 4409 imperio
2528 4354 2728 4393 recens
2751 4342 3050 4409 suscepto,
3067 4356 3200 4395 cum
3225 4340 3566 4397 Latinorum
3589 4359 3751 4398 exer-

2110 4429 2261 4486 citus
2291 4429 2479 4485 adhuc
2510 4434 2664 4485 esset
2695 4430 2938 4501 integer,
2985 4446 3085 4501 per
3141 4430 3363 4501 legatos
3403 4432 3548 4487 nihil
3597 4435 3750 4504 quod

2109 4521 2179 4575 ad
2202 4520 2665 4591 paciﬁcationem
2698 4521 2973 4576 attineret
3003 4537 3134 4576 cum
3194 4521 3443 4577 ducibus
3493 4520 3752 4577 hostium

2110 4613 2327 4680 egerat,
2362 4625 2550 4676 neque
2600 4609 2946 4665 muneribus
2994 4608 3193 4665 missis
3256 4626 3446 4680 neque
3507 4608 3753 4665 benevo-

2111 4698 2289 4754 lentia
2310 4697 2613 4754 simulala:
2639 4700 2738 4754 sed
2764 4698 3034 4770 quamvis
3057 4700 3276 4754 incerto
3304 4698 3749 4754 adhucsuarum

351 4791 451 4857 λας
483 4788 564 4848 ἔτι
594 4798 696 4861 τῆς
742 4790 973 4859 Λατίνης
1034 4792 1290 4863 στρατιᾶς
1347 4786 1684 4856 συνεστώσης
1742 4783 1894 4841 ούδέν
1952 4805 2003 4840 τι

2117 4803 2308 4843 rerum
2341 4791 2521 4855 statu,
2553 4803 2657 4857 pro
2688 4787 2933 4859 imperio
2963 4788 3265 4843 interitum
3315 4794 3372 4843 et
3408 4786 3753 4844 internecio-

346 4887 456 4938 τῶν
513 4880 650 4956 πρὸς
709 4877 1018 4953 διαλλαγὴν
1076 4877 1344 4954 φερόντων
1428 4879 1550 4939 τοῖς
1606 4879 1999 4950 στρατηγοῦσιν

349 4968 592 5041 ἂλάλησε
654 4974 752 5024 τοῦ
808 4967 1048 5024 ἐναντίου
1109 4966 1533 5040 στρατεύματος,
1607 4967 1745 5039 μήτε
1799 4963 2000 5038 δώροις

344 5058 606 5136 ἀγάλλων
653 5060 781 5132 μήτ’
812 5056 1018 5120 εὐνοίας
1081 5055 1426 5133 ὑπαγόμενος
1478 5054 1817 5128 πλάσμασιν,
1871 5052 1997 5108 ἀλλ’

341 5147 656 5209 ἐπιστείλας
712 5146 1086 5223 άρχικώτερον
1163 5145 1253 5201 καί
1339 5146 1537 5205 πάσαίς
1626 5147 1721 5218 μὲν
1782 5143 2002 5212 αἰτίαις,

338 5245 471 5296 πᾶσι
505 5236 564 5294 δὲ
625 5235 846 5311 βάλλων
905 5234 1245 5311 ἐγκλήμασιν
1308 5229 1661 5308 ἐσοϐαρεύετο
1722 5233 1861 5309 πρὸς
1914 5231 2001 5287 65v-

343 5331 474 5408 δρας
494 5327 575 5386 ἔτι
606 5331 872 5390 νικῶντας
919 5327 1052 5383 κάπὶ
1106 5323 1234 5387 τοὺς
1282 5326 1486 5382 ἑαυτῶν
1532 5322 1704 5386 πόδας
1766 5322 2004 5388 τιθέντας

344 5423 485 5478 ’ἁπαν
515 5419 580 5475 τὸ
631 5415 684 5472 ἒν
734 5414 1058 5488 Ῥωμαίοις,
1101 5414 1194 5469 καὶ
1249 5414 1311 5470 τὸ
1372 5413 1579 5468 οἰκεῖον
1638 5414 1889 5486 ἀνυμνῶν
1926 5412 2004 5484 ξί-

353 5530 456 5585 φος
505 5508 595 5562 καὶ
652 5503 970 5580 μεγαλύνων
1037 5503 1113 5566 ὠς
1164 5502 1582 5577 τμηοικώτατον
1644 5499 2005 5573 διηπειλεῖτο,

358 5594 441 5670 ἔφ’
506 5598 589 5658 οἷς
650 5592 726 5652 ἔτι
799 5592 1137 5671 διηπορεῖτο,
1207 5591 1583 5668 ἰξολόθρευσιν
1676 5592 1853 5648 αὐτῶν
1917 5593 2007 5648 καί

360 5680 662 5756 ἀπώλειαν,
692 5684 737 5741 εἰ
779 5686 857 5759 μὴ
911 5679 1478 5760 μεταϐουλευσάμενοι
1529 5679 1876 5755 παλίμποδες
1920 5679 2009 5756 γές

2114 4893 2247 4932 nem
2279 4875 2361 4931 eis
2393 4876 2652 4931 minatus
2685 4876 2890 4942 fuerat,
2946 4876 3061 4932 nisi
3107 4878 3349 4931 mutatis
3395 4876 3657 4933 consiliis
3686 4894 3754 4933 eo

2114 4965 2369 5021 redirent
2417 4968 2572 5020 unde
2609 4964 2921 5020 venissent.
2975 4965 3192 5022 Verum
3248 4966 3565 5023 Balduinus
3622 4982 3755 5024 cum

2115 5053 2330 5125 alioqui
2367 5053 2545 5122 ferox,
2581 5058 2765 5109 utres
2823 5054 3155 5121 declaravit,
3209 5061 3327 5112 tum
3379 5056 3757 5113 successibus

2116 5145 2261 5199 utris
2294 5146 2478 5199 instar
2506 5142 2768 5209 inﬂatus,
2799 5144 2870 5198 iis
2900 5144 3111 5200 litteris
3162 5145 3430 5201 irritatus
3479 5144 3752 5201 insolenti

2116 5248 2394 5304 responso
2425 5230 2680 5300 gladium
2724 5232 3092 5304 imperatoris
3147 5234 3301 5290 418
3359 5234 3638 5292 irridebat
3692 5241 3758 5291 ut

2117 5321 2175 5377 in
2206 5320 2542 5377 effeminata
2569 5336 2813 5392 corpora
2846 5330 3081 5376 acutum
3114 5321 3346 5392 (quibus
3399 5323 3591 5379 verbis
3648 5323 3756 5379 Ha-

2115 5409 2679 5483 giochristophorite
2759 5409 2972 5465 caedem
3065 5410 3388 5484 innuebat),
3445 5416 3502 5467 et
3571 5412 3764 5482 ipsum

2117 5499 2401 5556 Isaacium
2433 5504 2496 5554 ut
2526 5498 2823 5555 imbellem
2859 5499 3283 5569 subsannabat,
3315 5500 3414 5571 qui
3462 5516 3766 5572 nunquam

2118 5589 2228 5646 sub
2256 5588 2437 5645 dioin
2498 5588 2698 5662 clypeo
2768 5590 3126 5659 dormiisset,
3180 5605 3481 5660 nunquam
3537 5588 3764 5659 galeam

2118 5677 2519 5752 sustinuisset,
2552 5695 2740 5751 neque
2768 5678 3021 5737 thoracis
3060 5678 3260 5737 sordes
3308 5676 3627 5743 tolerasset,
3659 5676 3763 5732 sed
