4126 6294
366 320 488 381 ’127

1665 310 1979 375 ΝῙΟΕΤιΕ
2024 310 2459 373 ΟΗΟΝΙΑΤΕ

3659 308 3785 371 728

370 458 533 516 fumo
556 456 1027 513 lucubrationum
1050 454 1331 523 sorderet,
1354 470 1388 509 a
1410 449 1623 508 teneris
1655 449 1823 505 annis
1843 448 2015 504 ludos

2139 464 2328 501 νωνται
2360 447 2479 510 ’ὀθεν
2542 445 2782 521 ἐξῄεσαν.
2851 446 2914 506 Ὀ
2982 444 3040 504 δέ
3105 445 3426 508 Ἀλδουῖνος
3495 445 3783 525 ἀγέρωχος

374 551 741 623 frequentare
764 548 991 612 solitus,
1008 551 1065 602 et
1089 548 1486 602 membranam
1509 541 1779 599 tabellam
1806 546 1861 596 et
1889 556 2018 610 gra-

374 640 580 711 phium
604 645 828 702 tenens,
846 636 1093 693 subinde
1107 637 1328 706 virgam
1342 640 1399 689 et
1414 632 1687 688 manibus
1719 639 1773 686 et
1788 630 2020 685 natibus

374 729 779 784 imminentem
814 725 1090 791 timuerit,
1117 726 1363 795 ejusque
1407 722 1589 778 solius
1630 719 1933 790 strepitum
1965 721 2023 772 et

377 815 601 872 noverit
621 820 677 869 et
699 814 986 881 metuerit,
1015 814 1113 868 sed
1139 813 1338 868 Martis
1386 811 1572 866 minas
1606 822 1910 879 nunquam
1933 811 2023 862 to-

373 904 786 973 lerarit,neque
809 918 1064 972 unquam
1090 901 1349 957 sonitum
1372 895 2020 967 iaculorumaudiveril.

375 995 569 1064 Neque
592 1009 721 1049 vero
745 992 865 1046 haec
888 991 1141 1046 ludibria
1160 992 1440 1045 duntaxat
1472 988 1785 1055 scribebat,
1800 986 1892 1040 sed
1918 986 2019 1040 ad-

378 1086 756 1142 monitionem
790 1100 1020 1155 quoque
1078 1081 1490 1152 subjungebat,
1536 1088 1589 1134 et
1644 1096 1775 1134 cum
1836 1077 2024 1135 hostis

377 1181 551 1243 esset,
578 1174 896 1232 consiliarii
912 1189 1133 1229 munus
1148 1171 1398 1240 subibat,
1425 1169 1824 1240 suadebatque
1841 1169 2019 1222 ntim-

374 1265 725 1339 peratoriam
750 1279 1026 1319 coronam
1054 1266 1376 1332 ceteraque
1400 1259 1597 1315 omnia
1620 1259 1849 1328 imperii
1887 1256 2025 1311 insi-

376 1357 514 1428 gnia
530 1357 864 1426 deponeret,
896 1368 1080 1423 eaque
1095 1351 1396 1422 potentiori
1414 1354 1471 1405 et
1496 1348 1694 1404 victori
1714 1348 2025 1420 diligenter

375 1449 705 1503 asservaret
727 1442 960 1513 (quibus
976 1440 1165 1497 verbis
1179 1440 1483 1495 dominum
1505 1455 1676 1493 suum
1696 1436 2021 1506 innuebat),

377 1545 432 1594 et
454 1537 638 1591 multo
665 1542 799 1590 ante
821 1531 1066 1605 supplex
1087 1534 1158 1587 de
1175 1534 1291 1587 vita
1312 1531 1677 1603 impetranda
1709 1529 2022 1594 laboraret,

379 1642 444 1681 ac
464 1626 615 1681 4'29
648 1624 740 1678 his
758 1623 827 1679 de
853 1622 1046 1677 causis
1077 1622 1387 1693 imperator
1409 1621 1466 1675 in
1512 1619 1804 1689 judicium
1838 1618 2020 1672 addu-

376 1714 757 1781 cebatduces,
784 1711 1119 1767 Davidicum
1146 1710 1288 1765 illud
1315 1727 1429 1765 non
1481 1710 1671 1765 ferens
1698 1725 1710 1763 :
1736 1730 1763 1759 «
1800 1707 2025 1780 Lingua

2129 530 2203 587 ὢν
2235 535 2326 589 καὶ
2356 532 2562 598 ἄλλως.
2598 537 2671 599 ὡς
2718 533 2906 607 ἒδειξε,
2961 538 3085 593 τότε
3135 534 3191 591 δὲ
3237 537 3323 591 καὶ
3375 540 3495 598 ταῖς
3553 535 3781 589 ἐνεστώ-

2129 644 2247 686 σαις
2315 625 2509 703 τύχαις
2561 627 2636 691 ὡς
2691 626 2853 689 ἀσκὸς
2924 624 3322 699 ἐξοιδούμενος,
3386 625 3485 680 οὐκ
3548 623 3781 699 ἐνεγκὼν

2128 715 2196 768 τὰ
2226 713 2594 788 ἐπεσταλμένα
2631 710 2913 789 ἀμείϐεται
2966 717 3056 770 τὸν
3120 716 3348 791 βασιλέα
3387 713 3578 789 λόγοις
3636 735 3784 788 κομ-

2129 806 2430 877 ψευτικοῖς.
2489 806 2564 862 Τό
2614 826 2672 860 τε
2718 807 2822 881 γὰρ
2870 805 3019 884 ξίφος
3066 805 3231 860 αὐτοῦ
3278 803 3645 877 ἐκωμῴδησεν
3701 804 3780 867 ὡς

2131 894 2506 970 σκιατραφέσιν
2542 894 2862 966 ὀξυνόμενον
2904 895 3150 968 σώμασιν
3209 892 3557 968 (ὑπῃνίττετο
3607 891 3665 948 δὲ
3714 892 3782 947 τὰ

2129 984 2442 1060 γραφόμενα
2511 985 2603 1040 τὸν
2678 988 2775 1040 τοῦ
2843 984 3430 1060 ’Δγιοχριστοφορίτου
3493 986 3581 1057 [Ρ.
3650 985 3779 1056 235]

2133 1074 2400 1145 θάνατον),
2439 1073 2528 1129 καὶ
2563 1074 2722 1131 αὐτὸν
2756 1072 2816 1130 δὲ
2860 1076 2951 1130 τὸν
3002 1076 3268 1132 Ἱσαάκιον
3328 1075 3402 1135 ὡς
3460 1074 3784 1149 ἀπάλαμνον

2132 1161 2405 1237 ἐμωκᾶτο·
2451 1161 2593 1236 μηδέ
2646 1164 2750 1238 γὰρ
2808 1165 3148 1239 θυραυλῆσαί
3204 1184 3337 1219 ποτε
3392 1164 3481 1218 καὶ
3539 1162 3625 1218 ἐπὶ
3686 1175 3784 1227 θυ-

2134 1258 2267 1329 ρεῶν
2341 1253 2654 1323 εὐνασθῆναι
2730 1255 2765 1323 ἢ
2841 1258 2972 1329 γοῦν
3075 1251 3369 1328 μαρύλλης
3456 1251 3783 1328 ἀνασχέσθαι

2132 1342 2363 1417 κράνους
2419 1344 2509 1397 καὶ
2584 1341 2876 1419 ὑπενέγκαι
2947 1341 3235 1416 μολυσμὸν
3298 1344 3566 1417 θώρακος,
3636 1341 3785 1396 ἀλλὰ

2132 1438 2323 1505 καπνῷ
2398 1432 2745 1509 γραμμάτων
2812 1435 3169 1508 προσανέχειν
3238 1431 3292 1493 ἐς
3358 1434 3784 1507 γραμματιστοῦ

2134 1520 2408 1596 φοιτῶντα
2439 1519 2491 1591 ἐξ
2531 1520 2754 1577 ἁπαλῶν
2813 1518 2893 1577 ἔτι
2951 1522 3168 1596 ὀνύχων
3223 1522 3313 1577 καὶ
3376 1519 3554 1596 δέῤῥιν
3610 1521 3780 1594 ἐξημο

2137 1612 2321 1684 μένον,
2397 1608 2700 1666 πινακίδιον
2775 1631 2834 1666 τε
2907 1612 2997 1666 καὶ
3072 1617 3332 1688 γραφεῖον
3405 1610 3506 1666 ἀνά
3590 1616 3782 1690 χεῖρας

2132 1694 2332 1776 ἔχοντα
2377 1701 2478 1770 την
2550 1700 2823 1771 σκυτάλην
2879 1700 3054 1775 συχνὰ
3092 1696 3494 1757 ὑποϐλέπεσθαι
3557 1721 3786 1778 καταφε-

374 1808 576 1859 nostra
608 1817 786 1873 penes
821 1817 926 1856 nos
946 1804 1036 1856 est
1061 1799 1229 1871 :quis
1260 1799 1537 1853 dominus
1584 1804 1780 1852 noster
1826 1796 1961 1852 est?
1994 1816 2022 1845 »

2139 1790 2373 1865 ρομένην
2400 1794 2506 1844 τῶν
2536 1794 2738 1865 χειρῶν
2772 1788 2940 1844 αὐτοῦ
2970 1790 3061 1844 καὶ
3100 1794 3206 1845 τῶν
3237 1794 3449 1866 πυγῶν,
3503 1790 3592 1844 καὶ
3640 1790 3781 1846 ταύ-

375 1893 443 1948 Ει
465 1890 683 1963 scripta
702 1889 801 1945 illa
825 1886 1336 1960 ultimo‘Asupplicio
1353 1886 1877 1942 multabat.Verum
1894 1883 1992 1940 Bal
2008 1915 2023 1925 -

376 1980 680 2046 duinus,ut
701 1978 976 2035 secundis
999 1977 1173 2032 rebus
1192 1977 1263 2031 ad
1287 1975 1719 2047 objurgandum
1754 1979 2017 2044 paratus,

376 2068 460 2124 sic
483 2072 713 2122 mutata
735 2067 971 2122 fortuna
993 2064 1264 2127 adulandi
1286 2063 1461 2119 etiam
1488 2078 1760 2118 summus
1798 2060 2024 2132 artifex,

378 2172 499 2226 quas
532 2172 624 2212 res
655 2155 855 2211 omnia
889 2170 1075 2219 arma,
1109 2168 1314 2208 omnes
1344 2151 1648 2207 machinas
1679 2152 1795 2206 fere
1826 2150 2023 2219 vincit,

382 2242 754 2316 imperatoris
776 2241 1141 2298 iracundiam
1173 2241 1400 2312 depulit
1455 2244 1512 2296 et
1567 2239 2024 2295 indignationem

384 2332 690 2406 mitigavit,
723 2331 980 2404 gladium
1014 2330 1143 2401 ejus
1174 2335 1237 2385 ut
1268 2345 1500 2385 summo
1541 2329 1782 2400 imperio
1805 2328 2025 2400 dignis-

382 2424 598 2480 simum
631 2430 684 2477 et
715 2420 1005 2492 exquisita
1033 2419 1157 2476 acie
1216 2420 1521 2490 praeditum
1583 2417 1937 2484 extollendo,
1972 2422 2028 2473 et

386 2530 513 2585 quis
545 2511 898 2583 scripsisset,
943 2526 1055 2564 non
1113 2509 1263 2564 levia
1318 2513 1375 2564 et
1432 2508 1630 2563 inania
1683 2509 1878 2573 verba,
1924 2506 2029 2562 sed

379 2603 626 2659 veritate
657 2600 898 2657 suffulta
930 2605 986 2655 et
1016 2616 1195 2655 manu
1246 2598 1348 2654 Dei
1404 2598 1644 2655 omnino
1686 2597 2029 2670 consignata

378 2693 560 2749 fuisse
589 2690 960 2747 afﬁrmando.
1001 2689 1196 2761 Neque
1223 2705 1356 2747 vero
1419 2704 1500 2755 se,
1562 2689 1717 2760 quod
1758 2686 2029 2743 acerbius

377 2780 797 2855 rescripsisset,
860 2783 1167 2851 propterea
1229 2778 1723 2834 contemnendum
1773 2776 2028 2847 judicari

377 2871 580 2928 orabat
613 2887 626 2925 :
661 2886 798 2926 nam
830 2868 1043 2925 hostile
1072 2868 1272 2923 odium
1297 2867 1433 2939 jure
1463 2872 1684 2923 naturae
1739 2865 1898 2922 omni
1929 2883 2031 2921 va-

375 2977 505 3016 care
535 2959 798 3015 crimine.

2134 1899 2234 1947 της
2299 1877 2472 1951 μόνης
2524 1875 2717 1933 εἰδέναι
2775 1880 2862 1934 καὶ
2925 1875 3157 1934 δεδιέναι
3220 1879 3311 1934 καὶ
3350 1876 3787 1955 κροταλίσματα,

2135 1964 2365 2038 ἀπειλὴν
2424 1964 2470 2021 δ’
2526 1968 2725 2043 “Apso:
2778 1967 3099 2046 ὑφίστασθαι
3143 1964 3436 2041 μηδαμῶς,
3480 1967 3621 2041 μηδὲ
3659 1966 3788 2024 δοῦ-

2133 2078 2234 2111 πον
2292 2057 2527 2111 ἀκόντων
2576 2056 2923 2132 ὶνηχηθῆναί
2960 2077 3115 2113 ποτε.
3185 2055 3260 2114 Οὐ
3299 2061 3467 2112 ταῦτα
3506 2055 3564 2112 δὶ
3623 2058 3788 2130 μόνον

2135 2144 2508 2222 ἐπικερτομῶν
2565 2142 2815 2225 ἔγραφεν,
2862 2143 3009 2202 ἀλλὰ
3063 2146 3153 2201 καὶ
3210 2145 3541 2224 παραίφασιν
3601 2145 3790 2223 εῗσῆγε

2136 2237 2227 2290 καὶ
2288 2233 2485 2311 ἐχθρὸς
2558 2232 2632 2289 ὢν
2704 2232 3044 2314 συμφάδμων
3108 2234 3331 2310 ἐγίνέτο,
3408 2236 3499 2291 καὶ
3575 2234 3786 2310 ἐνῆγεν,

2138 2323 2471 2398 ἀποθέμενον
2526 2325 2589 2379 τὸ
2650 2322 2932 2399 βασίλειον
2977 2325 3301 2402 στεφάνωμα
3347 2325 3438 2379 καὶ
3494 2327 3562 2380 τὰ
3616 2323 3788 2381 λοιπὰ

2136 2412 2233 2481 τῆς
2254 2413 2438 2488 ἀρχῆς
2483 2408 2897 2485 ἀποϐαλόμενον
2949 2413 3040 2468 καὶ
3088 2414 3470 2487 συμπτύξαντα
3517 2415 3586 2471 τὰ
3641 2415 3786 2486 σύμ-

2138 2498 2279 2559 ϐολα
2306 2502 2512 2558 τούτων
2551 2503 2643 2577 μὲν
2683 2504 3008 2572 ὑπεκστῆναι
3057 2503 3147 2559 καὶ
3195 2508 3383 2577 τηρεῖν
3435 2502 3514 2576 τῷ
3561 2507 3785 2560 νικῶντι

2136 2593 2226 2648 καὶ
2265 2595 2559 2669 κρείττονι,
2629 2594 2721 2648 τὸν
2784 2593 2977 2649 ἑαυτοῦ
3042 2593 3228 2668 κύριον
3298 2595 3444 2649 οὕτω
3488 2594 3581 2649 τὸν
3641 2594 3788 2671 ῥῆγα

2140 2682 2336 2760 λέγων,
2368 2679 2621 2738 αὑτὸνδὲ
2674 2684 2962 2738 ὑποπεσεῖν
3018 2682 3108 2738 καὶ
3157 2683 3282 2759 περὶ
3333 2687 3431 2740 τοῦ
3482 2683 3642 2757 μόνον
3688 2687 3786 2759 ζῇν

2140 2771 2577 2828 ἐπανατείνεσθαι
2622 2770 2832 2843 δέησιν.
2882 2773 2981 2828 Καὶ
3036 2772 3293 2848 βασιλεὺς
3341 2773 3436 2847 μὶν
3488 2771 3578 2829 διὰ
3621 2778 3791 2829 ταῦτα

2142 2862 2230 2918 ὑπ’
2272 2860 2497 2930 εὐθύνην
2548 2862 2654 2939 ἦγε
2701 2862 2827 2918 τότε
2873 2862 3011 2924 τοὺς
3057 2863 3422 2938 στρατηγοὺς,
3475 2864 3551 2934 μή
3612 2861 3791 2942 φέρων

2138 2952 2200 3006 τὸ
2230 2956 2327 3006 τοῦ
2376 2946 2543 3006 Δαόὶδ
2590 2950 2727 3005 κατά
2773 2954 2922 3019 νοῦν,
2982 2975 3011 3003 ι(
3051 2951 3116 3008 Ἥ
3171 2949 3395 3026 γλῶσσα
3450 2953 3614 3024 ἡμῶν
3665 2952 3792 3025 παρ’

375 3052 514 3123 ἡμῖν
548 3048 686 3104 ἐστι’
715 3047 800 3110 τίς
860 3049 1022 3119 ἡμῶν
1079 3046 1268 3121 κύριός
1319 3045 1470 3113 ἐστι;
1504 3068 1533 3097 ››
1591 3045 1682 3100 καὶ
1738 3046 1966 3100 θανατου
2025 3041 2188 3115 ἔτίμα
2248 3043 2315 3096 τὰ
2370 3042 2744 3118 γεγραμμένα.
2803 3043 2865 3099 Ὁ
2922 3038 2980 3096 δὲ
3036 3038 3357 3103 ’Δλδουῖνος
3415 3040 3515 3096 οὐκ
3568 3041 3635 3111 ἦν
3692 3039 3794 3116 ἃρα

374 3138 538 3209 μόνον
590 3134 757 3197 δεινὸς
815 3133 1133 3205 ἐπιπλῆξαι,
1200 3136 1299 3204 τὴν
1353 3133 1533 3208 τύχην
1594 3130 1675 3188 ἔτι
1734 3130 1879 3208 ἔχων
1944 3128 2529 3210 ὑπερηφανευομένην,
2584 3129 2731 3186 ἀλλὰ
2788 3130 2879 3186 καὶ
2934 3128 3251 3186 κολακεύειν
3310 3130 3522 3201 ⁴ἤσκητο
3590 3129 3790 3207 ἂκρως,

375 3226 512 3298 πρὸς
543 3226 571 3278 ’ὁ
607 3226 776 3296 μένον
808 3227 910 3279 πᾶν
945 3221 1115 3278 ὅπλον
1168 3223 1258 3277 καὶ
1326 3228 1470 3278 πᾶσα
1519 3221 1716 3296 μικροῦ
1770 3223 2002 3296 μηχανή
2064 3222 2299 3296 πέφυκεν
2366 3220 2757 3294 ἀσθενέστερον,
2809 3218 2860 3274 ἐν
2918 3221 3002 3281 οἷς
3069 3216 3441 3281 ἀπολελοιπὸς
3498 3219 3567 3288 ἦν
3624 3219 3784 3275 αὐτὸν

380 3314 443 3369 τὸ
507 3311 862 3386 εὐδαιμονεῖν·
922 3313 1201 3388 ἐξέκρουσε
1256 3312 1359 3389 γὰρ
1416 3319 1515 3380 τῆς
1586 3313 1758 3386 ὀργῆς
1816 3310 1905 3365 καὶ
1953 3307 2222 3380 καθήδυνε
2276 3310 2368 3364 τὸν
2440 3307 2672 3385 βασιλέα
2739 3310 3197 3382 ὑποπυζόμενον,
3263 3308 3325 3364 τὸ
3390 3309 3543 3386 ξίφος
3628 3307 3790 3363 αὐτοῦ

386 3405 697 3482 μεγεθύνειν
731 3404 1027 3479 ἀρξάμενος
1058 3405 1132 3466 ὠς
1183 3401 1466 3479 βασιλικὸν
1514 3398 1684 3465 ὅντως
1723 3401 1814 3456 καὶ
1853 3422 2151 3475 τμητικον,
2192 3400 2283 3455 καὶ
2342 3402 2420 3473 μὴ
2482 3398 2858 3477 κουφολογίαν
2921 3400 3202 3470 ἀνόνητον,
3263 3397 3484 3475 ῥήματα
3540 3396 3599 3454 δὲ
3656 3397 3790 3469 ἀλη-

382 3494 524 3557 θείας
583 3494 721 3549 εἶναι
771 3495 838 3549 τὰ
895 3495 1041 3567 παρὰ
1101 3498 1199 3548 τοῦ
1272 3491 1542 3568 βασιλέως
1606 3494 1874 3569 γραφέντα
1940 3488 2224 3547 διετείνετο
2279 3490 2371 3545 καὶ
2429 3489 2672 3564 ἀτεχνῶς
2729 3488 3128 3562 ἐνσημανθέντα
3182 3488 3329 3563 χειρὶ
3394 3492 3548 3545 Θεοῦ.
3610 3487 3785 3546 ’Δλλά

388 3584 479 3638 καὶ
538 3584 723 3638 ἑαυτὸν
785 3583 885 3637 οὐκ
938 3578 1258 3653 ἀπόϐλητον
1314 3580 1488 3636 ἐδεῖτο
1544 3582 1820 3659 ἡγεῖσθαι,
1881 3579 1929 3635 εἲ
1983 3577 2282 3654 δριμύτερα
2354 3575 2663 3634 ἐπέστελλε·
2743 3579 2805 3634 τὸ
2876 3577 2982 3653 γὰρ
3065 3576 3125 3632 ἐκ
3177 3583 3286 3632 τῶν
3345 3574 3560 3652 ἐχθρῶν
3631 3580 3791 3649 μῖσος

387 3673 478 3728 καὶ
505 3675 539 3742 ἠ
573 3672 730 3746 φύσις
761 3670 899 3728 οἶδεν
930 3671 1280 3749 ἀνέγκλητον.

460 3764 514 3818 4.
545 3764 631 3819 Ad
659 3780 728 3820 ea
756 3765 930 3820 verba
987 3763 1266 3820 conticuit
1320 3764 1660 3835 imperator,
1719 3762 1876 3818 haud
1919 3762 2031 3818 scio

2222 3755 2268 3812 δ’
2304 3756 2445 3833 Ιίριὶς
2522 3757 2658 3833 ἅπερ
2733 3758 3088 3828 ἀπεσιώπησε
3163 3754 3442 3833 βασιλεὺς,
3503 3754 3671 3829 μηδέν
3746 3776 3799 3810 τι

388 3869 461 3907 an
520 3853 856 3908 adulatione
913 3852 1306 3920 effeminatus,
1368 3869 1436 3907 an
1493 3869 1628 3908 vero
1703 3852 2031 3907 defensione

2146 3847 2404 3921 προσθεὶς
2431 3844 2638 3921 ἕτερον,
2673 3847 2775 3902 οὑκ
2802 3845 2907 3902 οἷδ’
2952 3845 3061 3902 εἷ’τε
3108 3850 3177 3920 τῇ
3225 3844 3486 3916 κολακείᾳ
3531 3843 3798 3914 ἐκθηλυν-

388 3946 586 3998 motus
620 3959 635 4009 ;
666 3946 723 3998 et
765 3941 886 3997 illis
942 3941 1002 3997 in
1061 3943 1328 3998 eamdem
1388 3942 1716 3997 custodiam
1763 3942 2031 4009 reductis,

2147 3935 2258 3997 θεὶς
2292 3934 2405 3990 εἷ’τε
2431 3941 2500 4009 τῇ
2534 3936 2872 4013 ὑπερηγορίᾳ
2901 3934 3296 3998 καταπεισθείς.
3340 3932 3442 3990 Καὶ
3492 3929 3642 3988 αὑτοὶ
3699 3930 3793 4004 μὲν

390 4031 522 4088 aliis
554 4032 725 4088 rebus
758 4036 1100 4102 occupatus,
1130 4032 1202 4087 iis
1235 4031 1335 4103 qui
1379 4032 1625 4087 aderant
1680 4030 1953 4086 omnibus
1984 4035 2031 4085 el

2147 4024 2349 4088 ἐκεῖθεν
2412 4022 2733 4095 ἐξήλθοσαν,
2791 4024 2882 4079 καὶ
2941 4024 3225 4099 γεγόνασιν
3277 4023 3428 4087 αὗθις
3477 4017 3795 4100 ἕμφρουροι·

390 4120 463 4174 iis
497 4121 597 4190 qui
623 4120 864 4175 aberant
895 4126 1015 4175 tam
1065 4119 1291 4175 civibus
1356 4137 1531 4191 quam
1586 4119 1908 4191 peregrinis
1938 4119 2039 4174 de-

390 4208 611 4263 clarare
640 4207 892 4262 instituit
921 4225 985 4264 se
1016 4210 1087 4264 ab
1119 4225 1185 4265 eo
1216 4209 1333 4275 die,
1377 4209 1642 4280 quamvis
1702 4209 2038 4264 mortalium

392 4297 656 4352 omnium
680 4296 1128 4353 inimicissimus
1158 4297 1236 4354 sit
1266 4314 1493 4369 suoque
1524 4298 1768 4369 imperio
1825 4302 1882 4352 et
1911 4297 2039 4352 vitm

390 4384 1063 4453 insidietur,occisurum
1088 4392 1189 4442 aut
1220 4387 1627 4442 mutilaturum
1677 4401 1805 4442 esse
1867 4386 2042 4442 nemi-

392 4492 546 4532 nem.
578 4474 734 4532 480
763 4478 841 4533 Ac
870 4476 910 4531 ii
945 4477 1042 4548 qui
1085 4481 1209 4531 tum
1270 4476 1328 4529 in
1389 4474 1632 4531 consilio
1681 4476 1943 4543 aderant,
1975 4492 2043 4531 ea

389 4566 560 4622 verba
581 4572 646 4621 ut
666 4565 951 4621 divinitus
975 4564 1196 4636 prolata
1218 4564 1469 4619 summis
1491 4563 1770 4620 laudibus
1800 4574 1855 4619 et
1899 4564 2043 4619 laetis

392 4655 915 4712 acclamationibus
946 4659 1087 4710 sunt
1118 4652 1665 4725 prosecuti.0mnes
1694 4655 1766 4709 ad
1792 4671 2041 4725 quorum

391 4762 563 4801 aures
593 4761 661 4801 ea
691 4746 953 4815 pervenit
981 4744 1186 4811 oratio,
1221 4742 1565 4799 dilﬁcultate
1619 4743 1746 4814 ejus
1779 4745 1856 4799 rei
1901 4761 2042 4799 con-

394 4833 666 4897 siderata,
726 4838 783 4887 et
838 4831 1063 4904 ingenti
1120 4831 1575 4888 mansuetudine
1634 4831 2038 4902 obstupefacti,

394 4917 729 4973 absolutum
790 4919 889 4974 Dei
949 4921 1168 4975 donum
1226 4921 1639 4990 imperatorem
1696 4920 1864 4975 illum
1913 4937 2041 4976 esse

396 5008 785 5063 afﬁrmarunt.
821 5008 1018 5079 Neque
1048 5011 1204 5064 enim
1241 5026 1411 5080 posse
1440 5027 1823 5082 quemquam,
1857 5010 2039 5082 impe-

2152 4112 2410 4189 βασιλεὺς
2476 4111 2523 4168 δ’
2580 4113 2787 4189 ἑτέραις
2847 4116 3112 4192 προσχὼν
3171 4112 3452 4177 ὑποθέσεσι
3508 4112 3800 4187 προσέθετο

2147 4208 2237 4262 καὶ
2301 4212 2418 4270 τοῖς
2469 4211 2701 4282 παροῦσι
2749 4205 3239 4282 διατρανώσασθαι,
3281 4205 3374 4261 καὶ
3421 4210 3540 4268 τοῖς
3580 4203 3798 4266 λοιποῖς

2149 4294 2205 4352 δὲ
2242 4301 2402 4352 πᾶσιν
2434 4298 2690 4360 ἀστυκοῖς
2721 4297 2813 4352 καὶ
2839 4294 3099 4358 ἀλλοίοις
3149 4294 3250 4351 οὑκ
3297 4295 3432 4351 εἶναι
3481 4294 3627 4356 ὅλως
3674 4295 3803 4364 ἀνή-

2147 4407 2276 4441 κοον
2306 4383 2522 4456 ἤθελεν,
2557 4386 2632 4449 ὡς
2691 4385 2798 4441 ἀπὸ
2843 4392 2942 4454 τῆς
2988 4385 3199 4461 ἡμέρας
3249 4384 3455 4455 ἐκείνης
3508 4382 3701 4439 οὐδένα
3751 4382 3804 4443 ἐς

2147 4476 2211 4530 τὸ
2251 4481 2410 4548 σῶμα
2452 4469 2877 4546 διαλωϐήσεται,
2930 4473 3027 4530 κᾶν
3160 4495 3244 4535 τις
3291 4470 3499 4547 ἀνδρῶν
3549 4470 3801 4548 ἔχθιστος

2148 4565 2240 4620 καὶ
2270 4568 2339 4636 τῇ
2380 4564 2545 4619 αὑτοῦ
2593 4565 2753 4639 βιοτῇ
2797 4564 2887 4619 καὶ
2941 4561 3192 4637 βασιλείᾳ
3238 4557 3609 4618 ἐπίϐουλεύων
3655 4560 3795 4633 ἁλῷ.

2151 4654 2248 4707 Καὶ
2280 4653 2331 4707 οἱ
2368 4653 2462 4726 μὲν
2488 4654 2552 4707 τὸ
2585 4649 2873 4728 βασιλικὸν
2909 4653 3065 4728 βῆμα
3090 4651 3216 4707 τότε
3243 4650 3586 4726 πληροῦντες
3645 4653 3801 4706 ἐπευ-

2150 4745 2410 4822 φήμησαν
2450 4747 2565 4805 τοῖς
2595 4740 3005 4813 λελαλημένοις
3035 4741 3252 4805 τούτοις
3295 4742 3382 4796 καὶ
3435 4740 3800 4819 ἐπερρόθησαν

2151 4832 2227 4893 ὡς
2263 4835 2460 4906 μικροῦ
2488 4838 2677 4909 φωνῆς
2702 4830 3004 4902 ἀκηκοότες
3034 4836 3189 4901 Θεοῦ,
3223 4831 3313 4885 καὶ
3355 4835 3459 4893 πᾶς
3509 4829 3802 4905 ἐνηχηθεῖς

2148 4922 2211 4975 τὸ
2251 4921 2402 4994 ῥῆμα
2450 4920 2603 4976 τουτὶ
2667 4917 2901 4995 δώρημα
2960 4925 3094 4975 Θεοῦ
3141 4921 3232 4976 τὸν
3305 4917 3533 4995 βασιλέα
3592 4918 3802 4976 τέλειον

2148 5008 2319 5086 ἔλεγε,
2362 5010 2498 5085 πρὸς
2554 5012 2653 5080 τήν
2704 5015 2803 5065 τοῦ
2857 5008 3279 5087 ξπηγγελμένου
3335 5007 3596 5087 ἐργωδίαν
3654 5010 3794 5083 ὁρῶν

396 5102 645 5151 ratorem
670 5098 1017 5167 praesertim,
1052 5097 1488 5169 improbitatem
1530 5105 1751 5155 naturas
1786 5100 2031 5155 inemen-

2148 5100 2238 5155 καὶ
2269 5100 2332 5154 τὸ
2362 5106 2461 5168 τῆς
2487 5102 2571 5174 [Ρ.
2604 5100 2732 5173 236]
2762 5101 3077 5175 πραότητος
3132 5098 3278 5154 πολὺ
3327 5098 3791 5172 ἐκπληττόμενος.

394 5185 647 5243 dabilem
681 5185 946 5256 tolerare,
976 5192 1077 5242 aut
1110 5189 1259 5243 ferre
1296 5190 1650 5245 desertorem
1708 5195 1766 5247 et
1812 5190 2043 5262 imperii

389 5274 879 5344 vastatorem,etsi
910 5274 1183 5331 Davidica
1216 5275 1429 5334 virtute
1474 5280 1553 5334 sit
1610 5280 1909 5350 praeditus,
1942 5280 2042 5351 qui
2087 5274 2093 5280 ’

396 5363 614 5419 malum
652 5363 805 5419 malo
841 5380 950 5418 non
995 5369 1200 5434 penset
1261 5371 1362 5419 aut
1422 5366 1766 5437 periculosis
1823 5372 2041 5440 tempo-

396 5453 558 5508 ribus
588 5457 758 5507 canat
795 5469 807 5507 :
847 5474 873 5501 «
900 5452 1422 5510 Circumdederunt
1451 5471 1544 5509 me
1574 5463 1636 5510 ut
1662 5473 1799 5523 apes
1825 5457 2043 5525 favum,

396 5557 502 5613 ego
527 5557 661 5596 vero
693 5540 929 5597 nomine
986 5540 1221 5598 Domini
1263 5558 1363 5597 eos
1424 5543 1778 5613 propulsavi.
1812 5565 1840 5595 ››
1874 5548 2045 5601 Caete-

397 5646 526 5687 rum
552 5629 681 5701 ipse
704 5628 1017 5701 imperator
1042 5630 1198 5687 brevi
1223 5632 1424 5701 postea
1453 5629 1568 5700 egit
1589 5646 1717 5701 quae
1747 5648 1882 5688 cum
1913 5633 2041 5703 ejus

2158 5183 2299 5260 μηδὲ
2352 5186 2456 5262 γὰρ
2498 5185 2687 5255 ἐξεῖναί
2756 5208 2886 5257 τινι,
2955 5187 3043 5242 καὶ
3113 5187 3351 5259 μάλιστα
3422 5183 3792 5261 βασιλεύοντι,

2148 5279 2459 5354 μοχθηρίαν
2494 5279 2705 5358 φύσεως
2739 5279 2917 5352 φέρειν
2951 5278 3213 5350 ἀκίνητον
3252 5280 3388 5354 πρὸς
3436 5279 3503 5334 τὰ
3550 5284 3796 5353 κρεῖττον

2143 5369 2179 5438 ἢ
2231 5365 2651 5442 δυσμετάθετον,
2717 5365 2754 5438 ἤ
2823 5367 3022 5442 στέγειν
3089 5367 3371 5444 ἄνθρωπον
3439 5367 3798 5423 ἀποστατικὸν

2143 5458 2234 5512 καὶ
2275 5455 2610 5532 λῃστεύοντα
2650 5459 2750 5527 τὴν
2801 5457 3003 5533 ἀρχὴν,
3060 5458 3156 5512 κᾶν
3199 5459 3396 5529 ἀρετῆς
3444 5462 3799 5531 μεταποιοῖτο

2149 5544 2386 5619 μάλιστα
2422 5546 2515 5602 καὶ
2550 5548 2683 5619 μετά
2713 5540 2880 5602 Δαϐὶδ
2912 5545 3015 5602 οὐκ
3046 5544 3434 5617 ἀνταποδιδοίη
3474 5550 3593 5609 τοῖς
3637 5544 3795 5599 άνται

2143 5630 2430 5689 ποδιδοῦσι
2481 5635 2643 5705 κακὰ,
2672 5633 2707 5705 ἢ
2741 5631 2972 5708 ψάλλων
3021 5631 3106 5707 εἴη
3156 5636 3277 5690 κατ’
3324 5633 3528 5690 ἐκεῖνον
3566 5630 3617 5689 έν
3670 5653 3794 5689 και-
