4126 6294
324 386 448 472 129

1491 381 1592 444 DE
1635 382 1942 446 ISAACIO
1986 385 2302 446 ANGELO
2345 385 2498 446 LIB.
2546 389 2593 446 Ι.

3627 381 3752 444 ’130

338 525 460 596 ροῖς
504 513 905 572 κινδυνώδεσινο
976 537 1006 570 α
1067 513 1411 572 Ἐκύκλωσάν
1476 536 1542 588 με
1572 515 1700 569 ὡσεὶ
1731 515 1979 588 μέλισσαι

2097 519 2357 573 oratione
2389 518 2630 574 minime
2661 517 3101 573 consentiebant
3135 535 3148 578 ;
3202 520 3259 570 et
3293 518 3357 570 ut
3404 515 3463 569 in
3496 515 3742 570 dicendo

337 610 563 678 κηρίον,
624 606 712 660 καί
767 612 844 678 τῷ
893 605 1120 676 ὀνόματι
1149 607 1346 679 Κυρίου
1377 605 1675 677 ἠμυνάμην
1708 605 1921 667 αὐτούς.
1959 629 1987 656 ››

341 699 525 759 Αὐτὸς
591 696 774 769 μέντοι
835 693 1092 768 βασιλεὺς
1148 694 1647 773 ἀντιφθεγγομένην
1690 693 1987 769 προδήλως

343 791 415 860 τῇ
456 785 673 860 γλώττῃ
700 785 1046 860 καθυπέφηνε
1079 785 1210 857 μετά
1241 784 1420 859 βραχὺ
1486 785 1585 852 τήν
1648 784 1987 858 προαίρεσιν,

345 877 434 932 καὶ
457 875 634 946 ὣσπερ
675 875 728 927 ἐν
753 877 831 944 τῷ
864 872 1039 948 λέγειν
1073 873 1134 927 ού
1163 870 1518 939 διεστείλατο,
1573 873 1716 928 οὕτω
1747 874 1842 928 κάν
1910 876 1988 946 τῷ

343 966 595 1038 πράττειν
619 961 682 1016 ού
728 960 1123 1029 συνεστείλατο,
1167 960 1312 1016 ἀλλά
1373 966 1573 1037 μικροῦ
1631 959 1982 1035 διημιλλήθη

2103 607 2262 662 nulla
2294 608 2685 677 distinctione,
2718 608 2797 662 ita
2827 608 2998 662 etiam
3035 607 3089 660 in
3146 607 3368 676 agendo
3411 605 3553 660 adeo
3585 604 3748 659 nulla

2099 698 2492 752 moderatione
2517 714 2661 752 usus
2692 704 2800 764 est,
2836 701 2897 750 ut
2932 712 3132 766 parum
3177 695 3406 748 abesset
3458 694 3597 765 quin
3653 694 3747 748 ul-

2097 786 2384 841 ciscendis
2415 786 2668 842 inimicis
2698 785 3091 839 Andronicum
3128 784 3750 854 imitaretur,neglecto

2096 876 2195 929 illo
2225 876 2574 940 Salomonio,
2608 891 2723 946 quo
2753 874 2969 928 dicitur
2999 895 3027 923 ‹‹
3065 879 3337 944 praestare
3388 888 3502 926 non
3566 873 3754 926 facere

2098 971 2293 1020 votum
2329 981 2504 1036 quam
2539 971 2736 1018 votum
2773 979 2887 1018 non
2912 962 3169 1017 reddere.
3208 983 3236 1011 ››

339 1053 673 1126 Ἀνδρονίκῳ
703 1053 765 1106 τὸ
796 1051 1199 1126 προσεκρουκὸς
1233 1052 1538 1124 σινόμενος,
1571 1053 1646 1124 μή
1679 1053 1741 1106 τὸ
1770 1057 1865 1107 τοῦ
1898 1053 2268 1127 Σολομῶντος
2301 1054 2582 1127 ἐπῃνεκὼς
2613 1052 2641 1107 ὅ
2675 1070 2869 1126 φησιν’
2906 1075 2934 1102 ‹‹
2971 1050 3196 1124 ’Δγαθὸν
3225 1049 3287 1104 τὸ
3330 1051 3404 1121 μή
3441 1045 3686 1118 εὔξασθαι
3717 1049 3752 1119 ἢ

340 1140 586 1212 εὔξασθαι
621 1142 712 1196 καὶ
749 1143 824 1213 μή
858 1138 1172 1196 ἀποδοῦναι.
1221 1165 1247 1192 ››

407 1233 470 1285 'll
505 1229 563 1285 δὲ
595 1251 659 1305 γε
708 1234 804 1284 τοῦ
863 1230 1088 1287 Ἰκονίου
1138 1228 1438 1292 σουλτάνος
1495 1232 1580 1298 (ἦν
1623 1228 1681 1284 δὲ
1727 1230 1888 1285 εἶσέτι
1957 1233 1985 1286 ὁ

337 1318 739 1389 Κλιτζασθλὰν,
783 1319 1042 1393 εὐγηρίαν
1073 1317 1218 1394 ἃγων
1259 1319 1348 1373 καὶ
1409 1320 1647 1393 γεγονὼς
1703 1320 1834 1392 ὑπὲρ
1890 1316 1982 1389 ἔτη

334 1411 401 1464 τὰ
439 1405 843 1481 ἑϐδομήκοντα)
871 1408 962 1463 τὸν
994 1405 1344 1481 Ἀνδρονίκου
1394 1407 1702 1472 ἐνωτισθεὶς
1763 1409 1987 1464 θάνατον

332 1499 422 1554 καὶ
478 1498 577 1566 τὴν
635 1496 924 1572 ἀνάῥρησιν
993 1495 1264 1553 Ἰσαακίου
1340 1497 1674 1568 πυθόμενος,
1723 1518 1989 1553 καταστο-

332 1591 558 1666 χάζεται
591 1588 828 1662 ἀρίστους
871 1585 969 1641 ὅσα
1019 1587 1165 1650 εῗκὸς
1224 1585 1315 1640 ἐπὶ
1373 1591 1492 1648 ταῖς
1551 1588 1662 1642 τῶν
1719 1586 1988 1663 βασιλέων

340 1675 660 1753 μεταθάσεσί
691 1697 750 1731 τε
779 1676 868 1730 καὶ
901 1673 1242 1749 παραλύσεσι
1309 1675 1574 1750 γίνεσθαι,
1632 1675 1721 1730 καὶ
1775 1675 1989 1749 μᾶλλον

2167 1235 2405 1288 Interim
2440 1232 2618 1288 Iconii
2673 1232 2943 1286 sultanus
3001 1229 3409 1285 Clizasthlanis
3458 1228 3608 1283 felici
3654 1242 3750 1282 se-

2099 1328 2267 1378 necta
2285 1322 2433 1377 ultra
2457 1338 2676 1377 annum
2705 1338 2813 1375 Lxx
2847 1335 3213 1391 progressus,
3247 1334 3380 1373 cum
3439 1315 3752 1372 Andronici

2096 1412 2421 1482 interitum,
2473 1410 2565 1466 cui
2620 1410 2999 1467 successisset
3055 1410 3335 1474 Isaacius,
3405 1406 3748 1475 audivisset,

2097 1509 2151 1556 et
2181 1518 2248 1556 ea
2279 1517 2410 1572 quas
2451 1502 2509 1556 in
2558 1501 2979 1570 imperatorum
3033 1495 3456 1553 mutationibus
3491 1496 3752 1550 accidere

2099 1590 2306 1659 solent,
2341 1590 2489 1646 481
2544 1588 2858 1660 prissertiin
2918 1588 2964 1642 si
3027 1587 3241 1642 bellum
3304 1586 3374 1642 ab
3432 1584 3747 1640 Occidente

2097 1679 2511 1750 gravissimum
2549 1684 2770 1748 urgeat,
2789 1676 3169 1748 sagacissime
3191 1674 3530 1740 divinasset,
3551 1671 3749 1728 lectis-

336 1768 382 1824 εί
415 1765 664 1839 πόλεμος
696 1764 947 1829 ἀνθέλκει
978 1765 1249 1839 ἑσπέριος,
1296 1764 1386 1819 καὶ
1445 1764 1706 1838 πολέμων
1765 1767 1793 1820 ὁ
1857 1767 1979 1841 κρά·

2098 1767 2249 1822 simo
2288 1766 2551 1838 equitatu
2580 1771 2635 1821 et
2665 1764 2844 1820 armis
2878 1763 3334 1819 instructissimo
3359 1763 3416 1816 in
3438 1760 3745 1816 Thraciam

334 1873 543 1918 τιστοςο
586 1856 676 1910 καὶ
709 1853 774 1924 δὴ
809 1849 1068 1924 εἰσϐολήν
1087 1859 1323 1908 ποιεῖται
1352 1855 1486 1909 κατά
1535 1858 1632 1909 τοῦ
1683 1860 1790 1910 τῶν
1847 1862 1986 1928 Θρᾳ-

341 1946 549 2017 κησίων
583 1947 816 2016 θὲματος
859 1941 931 1998 δι’
961 1943 1195 1998 εὐίππου
1221 1943 1311 1998 καὶ
1343 1941 1580 2000 εὐόπλου
1635 1945 1981 2019 στρατεύμα-

331 2057 449 2104 τος,
501 2038 599 2090 τοῦ
648 2040 808 2106 Σαμῆ
871 2033 1060 2106 ἀμηρᾶ
1117 2037 1570 2109 στρατηγοῦντος.
1631 2031 1839 2090 Οὐκοῦν
1890 2034 1982 2088 ἀν-

333 2123 477 2200 δρῶν
504 2123 878 2196 κεκενωμένον
925 2122 1096 2193 εὑρὼν
1163 2123 1224 2176 τὸ
1278 2127 1382 2177 τοῦ
1441 2118 1750 2179 Κελϐιανοῦ
1805 2123 1983 2196 κλίμα

328 2215 474 2270 ὅπλα
540 2213 720 2287 φέρειν
780 2209 1001 2267 εἰδότων
1089 2211 1306 2280 (πάντες
1360 2213 1462 2286 γὰρ
1541 2214 1614 2274 ὡς
1683 2212 1982 2289 χείμαρῥοι

334 2299 706 2378 μετεῤῥύησαδ
737 2302 873 2375 πρὸς
905 2301 996 2355 τὸν
1037 2302 1230 2356 νεωστὶ
1274 2302 1373 2370 τήν
1418 2299 1715 2376 ἁλουργίδα
1773 2301 1980 2376 ἐμπορ-

2100 1855 2550 1925 impressionem
2588 1853 2744 1919 lacit,
2778 1853 2950 1908 Same
2981 1858 3195 1906 Amera
3252 1851 3416 1905 duce.
3473 1849 3579 1914 Qui
3612 1863 3746 1902 cum

2093 1947 2436 2004 Celbianum
2460 1953 2709 2003 tractum
2728 1946 3018 2002 bellicosis
3041 1944 3182 2000 viris
3208 1958 3450 1997 vacuum
3486 1941 3744 1996 invenis-

2093 2037 3078 2111 set(omnesenimtorrentisinstar
3117 2036 3187 2089 ad
3235 2032 3517 2088 Isaacium
3542 2046 3746 2086 recens

2091 2127 2339 2199 imperio
2394 2128 2642 2198 potitum
2701 2124 3149 2194 conﬂuxerant),
3205 2123 3425 2178 multos
3475 2119 3744 2175 homines

2091 2217 2551 2287 cepit,armenta
2581 2226 2637 2271 et
2665 2230 2872 2286 greges
2929 2215 3116 2269 omnis
3173 2211 3404 2282 generis
3455 2207 3649 2279 abegit
3685 2211 3745 2262 et

2089 2303 2291 2359 multis
2322 2303 2619 2358 manubiis
2649 2319 2820 2358 suum
2848 2301 3164 2356 exercitum
3196 2295 3588 2369 locupletavit.

334 2393 649 2466 πησάμενον
681 2391 970 2464 Ἰσαάκιον)
1013 2390 1328 2466 ἀνθρώπους
1360 2412 1416 2445 τε
1446 2389 1694 2456 πολλοὺς
1723 2391 2062 2469 ἐχειρώσατο
2100 2391 2190 2446 καὶ
2225 2392 2377 2461 ζώων
2412 2389 2616 2460 ἤλασεν
2644 2388 2843 2465 ἀγέλας
2873 2385 3255 2457 παντοδαπῶν,
3307 2385 3395 2440 καὶ
3457 2379 3739 2460 ὠφελειῶν

335 2481 520 2538 ἄλλων
551 2481 614 2537 τὸ
645 2480 844 2536 οἰκεῖον
873 2478 1139 2549 ἐνέπλησε
1177 2478 1502 2554 στράτευμα.

403 2569 824 2647 ’Πρεμήσάντων
858 2567 915 2624 δὲ
954 2569 1044 2624 καὶ
1077 2573 1183 2625 τῶν
1231 2571 1380 2642 ἑῴων
1436 2569 1602 2624 ἐθνῶν
1660 2567 1855 2632 ἄλλοις
1913 2591 1972 2626 τε

329 2660 686 2736 προσκαίροις
736 2657 1198 2736 φιλοτιμήμασιν,
1262 2659 1407 2714 ἀλλά
1464 2655 1531 2729 δὴ
1592 2659 1682 2713 καὶ
1740 2659 1972 2730 ἐτησίων

332 2749 646 2822 ἀπολήψεσι
676 2748 859 2824 φόρων
893 2747 1063 2819 (οὕτω
1093 2747 1198 2822 γὰρ
1231 2747 1283 2802 οἱ
1341 2746 1394 2810 ἐς
1459 2750 1606 2821 ἡμᾶς
1665 2748 1970 2822 ὑπερκαθή-

337 2858 490 2910 μενοι
536 2838 819 2909 Ῥωμαίων
889 2835 1132 2908 μετιέναι
1180 2833 1324 2891 ἴσασι
1365 2838 1428 2892 τὸ
1476 2836 1821 2910 ἀλλόφυλον,
1870 2840 1970 2906 τὴν

333 2924 606 2998 οἴκουρίαν
643 2923 1062 2997 μεταδιώκοντες
1098 2923 1186 2979 ἴσα
1215 2926 1316 2993 ικαὶ
1380 2924 1806 2998 θαλαμηπόλοις
1854 2926 1972 2982 νεά-

329 3034 494 3082 νισιν,
541 3010 598 3067 α⁹ί
646 3013 763 3087 περῖ
814 3012 1076 3068 ταλασίαν
1120 3011 1549 3088 διαπονοῦνται),
1597 3013 1867 3086 ἠθέλησεν
1923 3014 1974 3088 ἒξ

332 3101 671 3167 ἀλλοεθνοῦς
717 3105 902 3178 γένους
969 3103 1147 3174 ἐαυτῷ
1217 3104 1643 3176 μνηστεύσασθαι
1709 3107 1971 3180 γαμετήν·

2155 2571 2260 2628 Ubi
2291 2571 2612 2628 Orientales
2670 2577 2870 2641 gentes
2923 2586 3056 2624 cum
3117 2567 3250 2623 aliis
3310 2582 3410 2638 pro
3479 2573 3735 2634 tempore

2084 2661 2449 2729 muneribus,
2479 2665 2607 2716 tum
2629 2660 2842 2715 annuis
2864 2659 3076 2714 tribuis
3109 2657 3344 2728 placatis
3387 2654 3735 2725 quieverunt

2084 2752 2188 2823 (sic
2219 2751 2374 2806 enim
2431 2757 2626 2806 nostra
2681 2753 2846 2804 astate
2899 2748 3294 2803 Romanorum
3353 2743 3736 2813 imperatores

2084 2859 2218 2898 cum
2251 2841 2518 2898 Barbaris
2548 2856 2716 2911 agere
2757 2839 2966 2907 solent,
3023 2836 3179 2892 domi
3229 2837 3412 2891 instar
3472 2832 3736 2888 nantium

2086 2931 2414 3005 puellarum
2447 2930 2816 3000 desidentes),
2851 2943 3026 2983 uxore
3051 2928 3326 2981 defuncta
3344 2923 3732 2994 alienigenam

2085 3021 2296 3077 ducere
2327 3020 2548 3087 statuit,
2581 3024 2638 3075 et
2669 3034 2769 3090 per
2797 3017 3020 3090 legatos
3062 3015 3204 3071 Belaa
3237 3013 3544 3085 Hungarisa
3576 3012 3730 3084 regis

2086 3110 2291 3180 filiam,
2327 3111 2588 3165 nondum
2621 3110 2818 3164 decem
2854 3123 3038 3162 annos
3097 3111 3311 3174 natam,
3354 3103 3559 3158 ambit.
3619 3101 3731 3156 Sed

327 3192 395 3262 ἥν
437 3192 539 3269 γὰρ
594 3189 992 3266 ἐμνηστεύσατο
1051 3187 1337 3267 πρότερον,
1389 3193 1600 3265 θανάτῳ
1647 3190 1975 3253 ἀπεϐάλετο.

2093 3201 2232 3255 dum
2265 3216 2333 3254 ex
2362 3199 2671 3254 tenacitate
2701 3197 2937 3268 nuptias
2993 3212 3061 3251 ex
3119 3193 3238 3250 fisci
3302 3193 3545 3263 pecunia
3585 3191 3731 3246 cele-

326 3281 428 3338 Καὶ
455 3279 522 3351 δὴ
554 3280 1090 3356 κοινολογησάμενος
1132 3278 1222 3336 διὰ
1251 3277 1526 3357 πρεσϐέων
1558 3288 1637 3355 τῷ
1678 3291 1778 3353 τῆς
1838 3284 1984 3359 Οὐγ..

335 3372 495 3446 γρίας
528 3369 660 3446 ῥηγὶ
684 3374 766 3442 τῷ
799 3369 941 3440 Βελᾷ
978 3366 1164 3446 ἄγεται
1212 3369 1289 3432 εἷς
1349 3376 1578 3446 γυναῖκα
1617 3374 1718 3441 τὴν
1777 3372 1984 3428 ἐκείνου

345 3462 633 3534 θυγατέρα,
682 3465 783 3529 τῆς
835 3455 1214 3532 δεκαετηρίδος
1275 3456 1428 3515 οὔπω
1479 3457 1720 3535 ἀκριϐῶς
1769 3462 1982 3536 ἀψαμέο

330 3571 452 3620 νην.
502 3550 579 3603 Τὰ
646 3545 703 3602 δὲ
743 3545 1074 3621 γαμοδαίσια
1127 3549 1268 3612 θύειν
1315 3549 1420 3604 ἀπὸ
1478 3551 1784 3625 χρημάτων
1814 3549 1983 3624 δημο·

334 3640 468 3693 σίων
497 3635 1055 3714 σμικρολογούμενος
1082 3637 1267 3714 ἀγισθὶ
1305 3643 1474 3694 ταῦτα
1499 3638 1558 3694 ἐκ
1599 3645 1706 3695 τῶν
1764 3641 1982 3697 οῒκείων

336 3725 592 3802 συνέλεγε
618 3726 843 3801 χώρων*
896 3726 987 3780 καὶ
1035 3720 1196 3781 ἔλαθε
1246 3723 1336 3782 διὰ
1375 3732 1841 3804 σμικροπρὲπειαν
1890 3734 1977 3787 καὶ

333 3815 510 3880 ἄλλας
546 3817 642 3892 μὶν
672 3816 863 3879 πόλεις
887 3815 1374 3890 καλαμησάμενος,
1399 3816 1452 3873 α’ί
1507 3821 1624 3874 κατ’
1683 3821 1980 3896 Ἀγχίαλον

332 3907 726 3980 συνῳκίζοντο,
749 3907 922 3978 ἑαυτῷ
954 3905 1012 3961 δὲ
1044 3905 1281 3977 μάλιστα
1309 3909 1395 3962 καὶ
1457 3910 1754 3982 Ῥωμαίοις
1816 3912 1981 3967 ἐκπο-

331 3996 592 4068 λεμώσας
621 3994 750 4057 τοὺς
781 3997 921 4050 κατά
957 3996 1051 4050 τὸν
1085 3995 1262 4068 Αἶμον
1289 3997 1350 4051 τὸ
1380 3993 1506 4071 ὄρος
1542 3995 1872 4074 Βαρϐάρους,
1924 4000 1978 4055 ο’ί

329 4086 510 4144 Μυσοὶ
536 4086 801 4160 πρότερον
833 4086 1206 4156 ὠνομάζοντο,
1233 4085 1349 4140 νυνὶ
1409 4085 1466 4141 δὲ
1515 4087 1729 4167 Βλάχοι
1781 4089 1979 4160 κικλή-

333 4193 575 4243 σκονται,
649 4175 814 4232 Οὗτοι
873 4176 973 4250 γὰρ
1039 4179 1159 4235 ταῖς
1246 4171 1582 4250 δυσχωρίαις
1635 4177 1977 4249 πεποιθότες,

329 4265 420 4320 καὶ
465 4268 583 4325 τοῖς
634 4263 921 4343 φρουρίοις
969 4261 1357 4338 θρασυνόμενοι
1405 4265 1438 4318 ἅ
1481 4264 1710 4320 πλεῖστά
1755 4267 1814 4320 τέ
1875 4267 1979 4321 εἰσι

328 4355 420 4408 καὶ
479 4353 616 4428 ὀρθὰ
671 4359 788 4408 κατ’
847 4354 1165 4426 ἀποτόμους
1221 4354 1443 4426 κείμενα
1494 4355 1718 4430 πέτρας,
1776 4356 1866 4410 καὶ
1888 4354 1980 4412 ἅλ-

327 4442 460 4499 λοτε
520 4443 614 4514 μὲν
673 4443 812 4498 κατὰ
870 4441 1160 4514 Ῥωμαίων
1215 4441 1699 4519 ἐμεγαλαύχησαν,
1757 4445 1880 4499 τότε
1922 4444 1981 4500 δὲ

329 4533 598 4605 πρόφασιν
651 4531 963 4605 εὑρηκότες,
1009 4528 1038 4585 ὅ
1097 4528 1163 4598 δὴ
1224 4530 1457 4606 λέγεται,
1517 4531 1830 4607 Πάτροκλον
1877 4537 1974 4604 τὴν

328 4623 436 4674 τῶν
467 4618 683 4674 οἰκείων
720 4621 1051 4694 θρεμμάτων
1077 4618 1383 4695 ἀπαγωγὴν
1415 4620 1504 4675 καὶ
1563 4623 1798 4677 κάκωσιν
1856 4625 1978 4679 ἑαυ-

327 4712 459 4776 τῶν,
489 4707 540 4770 ἐς
570 4708 899 4763 ἀποστασίαν
937 4711 1022 4781 [Ρ.
1069 4711 1198 4780 237]
1257 4707 1515 4784 λαμπρὰν
1576 4711 1977 4786 ἀνεσκίρτησαν.

325 4800 497 4854 Ἦσαν
558 4795 617 4852 δὲ
675 4798 728 4851 οἱ
783 4801 880 4851 τοῦ
945 4796 1113 4852 κακοῦ
1166 4801 1513 4874 πρωτουργοὶ
1561 4801 1651 4855 καὶ
1697 4803 1760 4856 τὸ
1827 4803 1978 4866 ἔθνος

328 4887 458 4942 δλον
506 4885 874 4947 ἀνασείσαντες
931 4886 1130 4962 Πέτρος
1177 4908 1258 4948 τις
1312 4889 1403 4943 καὶ
1460 4890 1640 4958 ’Aca‘zv,
1701 4891 1980 4967 ὁμογενεῖς

326 4975 416 5030 καὶ
479 4973 915 5047 ταυτόποροι,ο’ί
952 4977 1042 5030 καὶ
1093 4977 1169 5048 μὴ
1238 4973 1471 5051 δρῶντες
1514 4980 1614 5049 τήν
1668 4982 1976 5056 νεωτέρισιν

330 5063 743 5139 ἀπροφάσιστον
778 5064 1034 5138 προσίασι
1071 5063 1318 5138 βασιλεῖν
1349 5069 1706 5142 σκηνουμὲνῳ
1751 5070 1804 5125 ἐν
1860 5077 1977 5134 τοῖς

327 5150 672 5227 Κυψέλλοις,
786 5153 1100 5226 αἰτούμενοι
1181 5155 1758 5230 συστρατολογηθῆναῖ
1841 5161 1976 5215 Ῥω-

327 5242 511 5315 μαίοις
541 5241 630 5295 καὶ
679 5236 768 5294 διὰ
837 5242 1115 5316 βασιλείου
1157 5245 1482 5318 γράμματὸς
1540 5247 1684 5322 σφίσι
1750 5245 1977 5324 βραϐευ-

323 5333 476 5401 θῆναι
511 5330 724 5410 χωρίον
754 5350 808 5383 τι
843 5330 1301 5409 βραχυπρόσοδον
1331 5336 1466 5389 κατὰ
1503 5335 1593 5389 τὸν
1646 5338 1822 5408 Αἶμον
1875 5339 1976 5393 κεί-

329 5442 510 5493 μενον.
585 5415 748 5475 Ἀλλ’
804 5417 1074 5494 ἀπέτυχον
1143 5426 1239 5476 τοῦ
1297 5423 1621 5495 αἰτήματοςο
1687 5427 1754 5495 ἦν
1801 5429 1907 5502 γὰρ
1942 5431 1976 5496 ἡ

331 5507 444 5560 θεία
481 5505 900 5578 ἐπικρατεστὲρα
957 5507 1187 5576 κίνησις·
1252 5511 1706 5587 ’Υπετονθόρυσαν
1757 5512 1846 5568 οὖν
1905 5516 1980 5579 ὡς

333 5596 719 5668 παροφθέντες,
763 5593 979 5658 εἷ’καίως
1025 5594 1080 5652 δὲ
1137 5599 1227 5652 καὶ
1266 5601 1365 5668 τὴν
1420 5599 1634 5671 αἴτησιν
1694 5602 1974 5660 ἐπανατει-

331 5680 558 5754 νάμενοι
615 5681 956 5758 παρέπτυσάν
1006 5705 1057 5740 τι
1105 5685 1193 5741 καὶ
1242 5689 1398 5764 ῥῆμα
1471 5690 1821 5768 θερμότερον,
1877 5695 1976 5764 τὴν

2093 3291 2260 3346 brare
2282 3289 2435 3345 482
2467 3286 2809 3343 reformidat
2838 3291 2896 3342 et
2917 3291 3190 3354 sumptus
3230 3284 3357 3340 illos
3391 3282 3462 3338 ab
3495 3281 3735 3338 urbibus

2089 3384 2148 3434 et
2176 3377 2490 3450 provinciis
2511 3377 2732 3432 affatim
2767 3375 2968 3448 exigit,
3000 3391 3133 3430 cum
3167 3373 3315 3429 alias
3365 3373 3558 3438 urbes,
3593 3387 3735 3442 prae-

2089 3469 2288 3524 sertim
2317 3466 2596 3523 Anchiale
2621 3467 2924 3534 ﬁnitimas,
2981 3465 3208 3531 afﬂixit,
3268 3469 3392 3519 tum
3453 3462 3738 3519 Barbaros

2089 3557 2267 3613 Ηφαιί
2303 3557 2518 3612 montis
2549 3555 2776 3612 accolas
2807 3555 2918 3611 sibi
2967 3559 3023 3609 et
3082 3555 3341 3608 Romano
3374 3552 3618 3621 imperio
3650 3552 3734 3605 in-

2089 3647 2443 3703 festissimos
2474 3645 2741 3712 reddidil,
2775 3644 2874 3716 qui
2919 3643 3054 3700 olim
3113 3643 3276 3712 Mysi,
3329 3657 3483 3695 nunc
3534 3639 3731 3694 Blachi

2088 3737 2480 3792 nominantur.
2509 3734 2573 3788 Hi
2633 3734 2787 3788 enim
2849 3732 3137 3805 angustiis
3191 3737 3249 3785 et
3293 3727 3546 3785 castellis
3577 3728 3728 3797 freti,

2087 3842 2213 3896 qua:
2242 3825 2496 3896 plurima
2521 3823 2738 3878 habent
2786 3822 3098 3893 prisruptls
3155 3820 3308 3875 saxis
3361 3817 3726 3883 inaediﬁcata,

2086 3930 2218 3969 cum
2255 3913 2416 3984 prius
2443 3912 2617 3966 etiam
2660 3912 2948 3966 Romanos
3000 3926 3204 3978 parum
3259 3911 3551 3973 curarent,
3601 3910 3727 3961 tum

2087 4019 2188 4074 per
2227 4018 2464 4057 causam
2525 3999 2710 4056 abacti
2770 3999 2994 4070 pecoris
3059 4007 3112 4054 et
3168 3997 3536 4053 vexationum
3582 4013 3730 4066 quas

2086 4091 2434 4148 tolerassent
2490 4093 2688 4161 aperte
2745 4089 3101 4144 defecerunt.
3163 4088 3300 4158 Ejus
3387 4085 3730 4141 defectionis

2085 4181 2380 4253 principes
2399 4184 2457 4236 et
2475 4182 2738 4234 auctores
2761 4179 2920 4233 fuere
2942 4178 3055 4233 duo
3078 4193 3145 4232 ex
3168 4176 3267 4233 illa
3291 4181 3460 4248 gente
3503 4175 3726 4242 fratres,

2086 4269 2288 4325 Petrus
2321 4273 2380 4324 et
2410 4274 2561 4324 Asan
2589 4283 2602 4322 :
2630 4267 2732 4339 qui
2764 4282 2834 4322 ne
2863 4265 2988 4322 sine
3017 4283 3194 4322 causa
3237 4283 3329 4322 res
3379 4282 3559 4322 novas
3612 4282 3730 4322 mo-

2083 4357 2174 4413 liri
2215 4357 2569 4426 viderentur,
2627 4356 3034 4426 imperatorem
3093 4355 3374 4426 Cypsellis
3424 4357 3728 4426 degentem

2085 4447 2597 4517 adeunt,petentes
2620 4450 2684 4500 ut
2705 4444 2762 4498 in
2787 4444 3082 4500 Romanas
3104 4443 3362 4516 legiones
3382 4445 3728 4510 relerantur,

2087 4540 2144 4590 et
2172 4535 2281 4590 sibi
2314 4535 2594 4606 praedium
2652 4532 2843 4605 exigui
2901 4531 3124 4588 reditus
3182 4532 3238 4586 in
3301 4533 3496 4586 Hamo
3535 4535 3732 4586 monte

2089 4625 2266 4679 situm
2301 4625 2653 4695 assignetur.
2687 4626 2764 4677 Ea
2795 4639 2854 4678 re
2885 4639 2999 4677 non
3046 4621 3355 4691 impetrata
3399 4619 3556 4691 (nam
3593 4619 3733 4673 fato-

2091 4731 2216 4769 rum
2239 4716 2324 4769 vis
2350 4713 2714 4785 prudentiam
2741 4712 3055 4767 humanam
3078 4709 3434 4781 superabat),
3455 4709 3731 4764 submur-

2091 4804 2403 4858 murabnnt
2435 4808 2500 4857 ut
2529 4803 2844 4872 contempti
2869 4808 2925 4857 et
2946 4801 3057 4855 voti
3083 4800 3333 4870 impotes
3358 4818 3371 4868 ;
3396 4805 3451 4855 et
3490 4799 3728 4856 verbum

2089 4893 2371 4947 audacius
2403 4891 2748 4952 emiserunt,
2809 4907 2922 4961 quo
2986 4891 3368 4944 defectionem
3429 4895 3486 4944 et
3513 4905 3582 4944 ea
3607 4907 3730 4960 qua:

2091 4983 2332 5036 domum
2359 4980 2570 5035 reversi
2594 4980 2777 5034 acturi
2800 4979 3364 5046 essentinnucbant,
3396 4982 3546 5035 Asan
3595 4996 3736 5051 prte-

2088 5071 2314 5139 sertim,
2348 5069 2522 5124 homo
2553 5069 2832 5123 audacior
2861 5075 2917 5123 et
2949 5068 3260 5132 crudelior,
3293 5067 3386 5123 cui
3426 5069 3498 5124 ob
3547 5069 3736 5139 impu-

2089 5161 2346 5214 dentiam
2383 5158 2628 5213 Joannis
2690 5158 3170 5213 sebastocratoris
3220 5159 3389 5228 jussu
3453 5157 3737 5229 colaphus

2089 5251 2241 5305 483
2274 5249 2630 5316 infringitur.
2665 5249 2748 5303 Ita
2780 5266 2892 5302 non
2929 5250 3142 5304 infecta
3174 5250 3347 5304 modo
3378 5266 3437 5303 re
3478 5249 3731 5318 dimissi,

2089 5342 2184 5394 scd
2221 5338 2592 5393 contumeliis
2623 5337 2797 5392 etiam
2832 5337 3036 5392 irritati
3071 5337 3338 5393 homines
3389 5338 3486 5392 isti
3528 5337 3732 5392 nefarii

2087 5437 2141 5483 et
2169 5427 2542 5483 conscelerati
2571 5427 2864 5497 quomodo
2912 5433 3111 5482 contra
3151 5428 3438 5482 Ronanos
3487 5425 3732 5495 grassati

2089 5519 2226 5582 sint,
2261 5517 2392 5585 quis
2417 5515 2603 5570 verbis
2636 5520 3029 5587 consequatur
3053 5514 3080 5570 ?
3106 5532 3232 5585 qua:
3279 5514 3460 5571 oratio
3502 5520 3726 5570 tantum

2089 5610 2372 5666 malorum
2409 5609 2650 5680 pelagus
2679 5609 3095 5680 complectatur
3128 5606 3148 5661 Ρ
3196 5608 3307 5664 Sed
3357 5606 3615 5662 nondum
3658 5606 3730 5660 de

2089 5699 2203 5769 his,
2240 5715 2311 5756 ne
2345 5697 2595 5762 historias
2627 5697 2810 5756 series
2841 5699 3319 5769 interrumpatur.
