4126 6294
405 389 521 455 ’131

1727 389 2035 452 NICETES
2077 389 2504 456 ΟΗΟΝΙΑΤιΕ

3699 400 3842 463 Ἶ32’

406 521 736 580 ἀποστασίαν
767 521 1106 603 ὖπεμφαῖνον
1134 517 1223 578 καὶ
1255 519 1354 578 ὅσα
1374 519 1676 584 ιπανιόντες
1708 519 1892 578 οἷὸιαδε
1922 519 2200 599 δράσουσι,
2231 523 2322 580 καὶ
2351 526 2557 582 τούτων
2591 524 2827 600 μάλιστα
2859 527 2888 584 ὁ
2921 529 3076 586 Ἀσᾶν
3128 529 3156 584 ὁ
3212 528 3303 584 καὶ
3355 527 3678 606 θρασύτερος
3733 533 3828 589 καὶ

409 613 712 690 ὠμότερος,
745 611 805 674 ὅς
845 617 935 667 καὶ
963 610 1218 667 τύπτεται
1241 613 1378 667 κατᾶ
1403 615 1512 667 τῶν
1539 613 1850 687 προσώπων
1880 612 2116 688 ἐπιταγῇ
2147 617 2243 668 τοῦ
2275 609 2768 692 σεϐαστοκράτορος
2817 617 3085 691 Ἰωάννου,
3137 617 3502 696 ἐπιπληχθεῖς
3541 621 3618 684 εἷς
3673 621 3822 676 ἀναί-

413 699 580 758 δειαν.
615 701 722 758 Καὶ
751 701 804 755 οἰ
839 701 933 775 μὲν
963 698 1230 775 ἄπρακτοι
1263 699 1438 762 οὕτως
1468 699 1774 770 ἐπανῆλθον
1801 701 1894 757 καὶ
1926 697 2322 778 περιύϐριστοι·
2375 702 2475 759 ὅσα
2505 702 2564 760 δὲ
2619 707 2759 762 κατὰ
2807 706 3097 780 Ῥωμαίων
3151 710 3202 764 οἱ
3263 709 3608 785 ἀνοσιουργοὶ
3669 709 3822 768 Οὗτοι

405 791 498 848 καὶ
533 791 719 866 μιαροὶ
749 787 1147 865 διεπράξαντοι,
1175 790 1260 852 τίς
1291 789 1352 846 ἄν
1391 789 1638 868 ἐιρίκοιτο
1666 790 1862 869 λόγος,
1894 790 1932 861 ἤ
1963 791 2096 848 ποία
2127 790 2386 868 διήγησις
2437 795 2700 858 τοσαύτας
2749 801 2932 852 κακῶν
2981 795 3216 862 Ἰλιάδας
3275 797 3752 875 συμπεριλήψεται
3797 809 3813 860 ;

404 879 554 939 ἀλλὰ
585 883 755 955 μήπω
787 881 908 956 περῖ
934 880 1163 950 τούτων,
1191 880 1254 936 τὸ
1285 877 1345 936 δὶ
1373 879 1549 958 λέγειν
1583 875 1922 956 προϐαινὲτω
1965 903 2057 956 μοι
2102 886 2222 948 καθ’
2243 885 2454 959 εἷρμόν.

466 973 522 1029 5.
553 976 848 1029 Comneno
879 959 1102 1028 Isaacio
1151 975 1402 1044 Cyprum
1453 972 1644 1029 adhuc
1703 977 1959 1043 tenente,
2020 991 2049 1029 ιι

2237 975 2292 1029 ε’.
2326 975 2446 1031 Ἔτι
2502 981 2600 1030 τοῦ
2658 975 2718 1031 ἐκ
2776 975 3069 1049 Κομνηνοῦ
3127 977 3399 1035 Ἰσαακίου
3473 999 3802 1053 κατατυραν·

401 1077 512 1134 qua
543 1078 736 1135 neque
768 1062 1030 1134 pecunia:
1063 1060 1586 1134 pollicitationibus
1640 1077 1830 1133 neque
1879 1063 2060 1136 impe-

405 1151 618 1210 ratoris
641 1149 962 1207 reverentia
993 1149 1465 1220 abstrahebatur,
1487 1167 1676 1224 neque
1715 1152 1785 1208 de
1815 1151 2060 1208 crudeli-

404 1245 525 1298 tate
553 1255 688 1310 erga
717 1239 1008 1296 insulares
1041 1239 1360 1313 quidquam
1395 1239 1750 1308 remittente,
1784 1239 1888 1298 sed
1919 1239 2054 1298 ευδ-

401 1331 540 1388 inde
573 1347 724 1387 nova
763 1329 1057 1404 supplicia
1102 1331 1486 1400 excogitante,
1545 1330 1793 1387 classem
1853 1336 2058 1388 contra

403 1438 536 1479 eum
571 1421 890 1493 imperator
915 1421 1148 1477 mittere
1177 1421 1402 1490 statuit,
1437 1423 1494 1476 et
1526 1437 1633 1477 ωτι
1657 1419 1848 1493 longis
1894 1419 2054 1474 navi-

401 1511 818 1570 busJoannem
843 1509 1405 1582 Contostcpbanum,
1467 1509 1768 1566 hominem
1828 1525 2054 1580 senem,

401 1603 458 1656 et
486 1599 749 1656 Alexium
785 1597 1147 1655 Comnenum
1181 1597 1304 1670 (qui
1341 1597 1450 1654 etsi
1483 1597 1570 1653 vir
1613 1597 1778 1654 fortis
1823 1601 1881 1654 et
1912 1599 2055 1655 inte-

401 1706 516 1764 gras
551 1688 735 1744 aetatis
763 1693 886 1745 erat
943 1693 1000 1743 et
1049 1687 1418 1760 imperatoris
1477 1703 1681 1760 nepos,
1738 1692 1932 1744 tamen
1979 1689 2052 1744 ob

401 1779 646 1836 eﬂ’ossos
700 1777 771 1835 ab
828 1776 1156 1834 Andronico
1215 1777 1415 1833 oculos
1471 1776 1544 1832 ad
1583 1777 1641 1832 id
1686 1792 1904 1833 munus
1937 1793 2051 1832 non

401 1870 576 1925 modo
595 1867 949 1936 inutilis,sed
979 1866 1195 1923 malum
1223 1883 1391 1923 omen
1416 1882 1652 1938 quoque
1683 1865 1756 1922 ab
1779 1866 2053 1923 omnibus

391 1957 794 2030 judicabatur)
817 1956 1136 2014 navarchos
1169 1956 1470 2028 praeponit.
1529 1956 1609 2010 Ac
1657 1953 1947 2026 navigatio
1993 1955 2052 2010 in

403 2045 656 2120 Cyprum
687 2045 926 2120 periculi
983 2061 1188 2118 expers
1250 2044 1376 2113 fuit,
1411 2043 1688 2100 secundis
1730 2050 1785 2098 et
1825 2043 2054 2100 lenibus

389 2137 580 2194 ventis
613 2135 1038 2208 aspirantibus.
1070 2133 1180 2190 Sed
1215 2132 1315 2188 ubi
1372 2132 1429 2188 in
1484 2133 1773 2205 portubus
1807 2133 2047 2204 appule-

404 2227 563 2295 runt,
623 2223 1057 2280 atrocissimam
1111 2225 1522 2294 tempestatem
1609 2225 1750 2278 sunt
1809 2221 2050 2293 experti.

397 2314 548 2371 Nam
583 2311 842 2368 lseacius
872 2311 1041 2384 Cypri
1074 2316 1358 2385 tyrannus
1388 2327 1488 2366 eos
1515 2319 1564 2366 et
1600 2310 1741 2366 vicit
1767 2314 1824 2369 et
1855 2311 2047 2384 cepit;

398 2407 458 2460 et
490 2400 832 2474 potissimus
891 2401 1079 2474 pirata
1147 2399 1300 2456 484
1359 2399 1660 2471 Megarita,
1719 2400 1822 2472 qui
1877 2416 2046 2472 opem

401 2493 624 2550 ferebat
655 2491 900 2556 Isaacio,
956 2489 1107 2546 clam
1167 2506 1342 2546 naves
1387 2505 1599 2546 vacuas
1657 2489 1943 2546 militibus
1973 2492 2042 2546 ad

399 2588 668 2638 terrestre
711 2578 977 2653 praelium
1011 2581 1262 2652 egressis
1295 2579 1622 2650 occupavit.
1653 2579 1854 2652 Itaque
1910 2579 2044 2635 trie-

393 2669 618 2726 rarehsa
645 2685 760 2724 non
785 2669 956 2725 modo
974 2667 1200 2724 nullum
1221 2667 1450 2724 illustre
1470 2666 1693 2723 facinus
1715 2668 2046 2739 ediderunt,

390 2759 492 2817 sed
527 2759 780 2830 denique
811 2756 985 2814 etiam
1021 2757 1078 2812 in
1103 2756 1366 2812 hostium
1399 2773 1610 2813 manus
1627 2762 1912 2814 venerunt
1945 2775 1959 2826 ;
1992 2762 2051 2814 et

393 2847 684 2922 Megaritaa
716 2846 958 2903 arbitrio
990 2845 1265 2918 permissi
1317 2847 1390 2902 ab
1439 2846 1660 2902 Isaacio
1709 2847 1884 2920 paulo
1917 2851 2049 2920 post

397 2939 470 2996 ad
499 2936 706 2993 Siciliae
739 2941 1077 3010 tyrannum,
1119 2937 1186 2992 ad
1249 2952 1425 3010 quem
1483 2935 1580 2994 ille
1640 2940 1705 2994 ut
1746 2937 2046 2994 dominum

395 3043 537 3085 suas
565 3025 826 3082 actiones
883 3024 1190 3094 referebat,
1250 3029 1394 3081 sunt
1449 3025 1740 3098 perducti.
1791 3026 2048 3082 lsaacius

397 3132 531 3174 vero
562 3119 693 3187 post
725 3113 1021 3170 victoriam
1048 3115 1267 3170 rrultos
1321 3117 1616 3170 Romanos
1670 3115 1730 3170 in
1787 3131 1922 3171 suas
1951 3129 2045 3171 co-

397 3204 597 3261 hortes
626 3201 846 3270 retulit,
878 3200 1102 3257 multos
1133 3201 1471 3258 crudelibus
1501 3203 1690 3274 pcsnis
1736 3203 1948 3272 affecit,
1984 3207 2050 3261 ut

397 3296 526 3348 erat.
553 3294 738 3346 tortor
766 3289 1162 3358 inexorabilis,
1199 3294 1373 3362 atque
1413 3290 1567 3346 inter
1618 3293 1860 3349 caeteros
1890 3292 2044 3349 Ren-

397 3390 668 3440 tacenum
709 3380 1014 3450 Basilium,
1046 3382 1140 3437 cui
1173 3381 1418 3438 alterum
1446 3383 1646 3454 pedem
1676 3399 1710 3439 ο,
1739 3399 1893 3456 genu
1953 3399 2046 3440 se-

395 3470 826 3528 curiresecuit.
885 3474 1018 3528 Erat
1075 3471 1124 3527 is
1183 3472 1270 3528 vir
1326 3471 1836 3542 bellicosissimus,
1870 3476 1928 3530 et
1984 3479 2050 3530 ut

394 3559 680 3618 Achillem
711 3560 976 3630 Pbcenix,
1013 3561 1093 3618 ita
1123 3560 1249 3633 ipse
1273 3560 1412 3618 olim
1440 3561 1721 3619 lsaacium
1753 3567 1810 3618 et
1838 3563 1896 3618 in
1930 3561 2046 3620 elo-

399 3648 643 3724 quentia
673 3652 730 3706 et
758 3649 817 3705 in
849 3665 909 3705 re
940 3648 1184 3706 militari
1212 3649 1525 3707 erudierat.
1557 3653 1636 3707 Ac
1676 3650 1778 3708 tali
1813 3653 2046 3724 praemio

2166 1064 2410 1126 νεύοντος
2435 1071 2534 1135 τῆς
2566 1065 2812 1142 Κύπρου,
2867 1066 2958 1121 καὶ
3011 1069 3150 1139 μήτε
3209 1067 3514 1142 χρημάτων
3576 1069 3818 1150 ὑποσχέ-

2167 1171 2308 1208 σεσιν
2367 1153 2704 1233 ἀποσχέσθαι
2759 1155 2964 1224 ταύτης
3016 1155 3412 1232 προτιθεμένου
3470 1158 3602 1230 μήθ’
3681 1159 3816 1214 ὑπο-

2165 1239 2498 1315 κλινομένου
2525 1243 2606 1317 τῷ
2639 1243 2874 1320 βασιλεῖ,
2919 1246 3042 1300 οὐτε
3101 1245 3208 1318 μὴν
3266 1247 3331 1302 τᾶ
3381 1244 3528 1302 δεινᾶ
3589 1249 3811 1322 μετριά-

2166 1337 2352 1404 ζοντος
2386 1333 2484 1389 ὅσα
2539 1334 2864 1411 ἐκακούργει
2923 1336 3058 1392 κατᾶ
3115 1335 3366 1410 Κυπρίων
3423 1336 3506 1392 ἀεὶ
3564 1339 3802 1393 καινοτέ-

2165 1443 2258 1500 ρας
2317 1421 2570 1487 κολάσεις
2617 1424 2871 1495 ἐπινοῶν,
2949 1419 3090 1501 ἔγνω
3148 1428 3266 1482 κατ’
3353 1425 3523 1482 αὐτοῦ
3615 1426 3812 1483 στόλον

2161 1513 2510 1588 καταρτύσειν
2553 1516 2581 1569 6
2642 1513 2920 1589 βασιλεύς.
2979 1515 3083 1572 Καὶ
3135 1513 3324 1586 ἐπειδὴ
3417 1517 3620 1592 μακραὶ
3689 1523 3815 1586 νῆες

2161 1603 2574 1676 ἡτοιμάσθησαν
2621 1600 3024 1676 ἐϐδομήκοντα,
3073 1605 3351 1682 ναύαρχοι
3408 1603 3812 1663 ἇναδείκνυνται

2163 1691 2192 1747 6
2259 1689 2686 1769 Κοντοστέφανος
2755 1694 3032 1766 Ἰωάννης,
3103 1691 3273 1750 οὐδοῦ
3335 1689 3531 1758 ἐπιϐὰς
3579 1696 3806 1770 γήραος.

2161 1781 2252 1836 καὶ
2283 1783 2312 1836 6
2343 1781 2929 1856 ΚομνηνὸςἋλέξιος,
2959 1777 3020 1846 ὅς
3065 1783 3112 1838 εἰ
3169 1783 3258 1838 καὶ
3325 1782 3512 1856 εὐῆλιξ
3572 1787 3685 1856 (25)
3743 1785 3810 1852 ἦν

2160 1871 2251 1925 γαὶ
2291 1868 2538 1946 ἀνδρεῖος
2588 1871 2678 1926 καὶ
2733 1875 2830 1928 τοῦ
2891 1871 3275 1948 βασιλεύοντος
3330 1871 3623 1948 ἐξανεψιὸς,
3682 1873 3812 1931 ἀλλ’

2161 1957 2409 2022 ἐκκοπεὶς
2437 1961 2534 2022 τὰς
2588 1961 2754 2035 κόρας
2816 1961 2907 2016 ὑπ’
2967 1959 3324 2036 ’Δνδρονίκου
3383 1963 3609 2038 ἀχρεῖος
3671 1964 3808 2039 πρὸς

2161 2051 2268 2103 τῶν
2301 2045 2447 2102 ὅλων
2497 2047 2576 2112 εἰς
2629 2049 2730 2118 τὴν
2775 2047 2900 2104 τότε
2957 2051 3326 2126 στρατήγησιν
3385 2047 3808 2126 συλλελόγιστο,

2159 2136 2244 2192 ναὶ
2279 2136 2387 2210 μὴν
2412 2135 2528 2192 οὐδ’
2556 2135 2732 2200 αἴσιος
2761 2136 3001 2212 ἐκρίνετο
3027 2137 3240 2200 οἰωνός.
3269 2139 3372 2196 Καὶ
3414 2135 3480 2207 δὴ
3515 2139 3544 2194 6
3608 2140 3704 2212 μὶν
3754 2139 3805 2202 ἐς

2161 2225 2380 2302 Κύπρον
2409 2225 2586 2290 πλοῦς
2615 2224 2896 2289 ἀκίνδυνος
2945 2228 3039 2283 καὶ
3082 2228 3144 2284 τὸ
3175 2231 3388 2302 πνεῦμα
3441 2226 3562 2284 λίαν
3613 2231 3804 2309 φορὸν,

2159 2315 2340 2392 ἠρέμα
2369 2336 2488 2378 πως
2521 2315 2796 2390 ἐμπῖπτον
2843 2317 2960 2380 τοίς
3019 2317 3257 2395 λαίφεσι,
3304 2319 3373 2372 τὰ
3430 2315 3475 2373 δ’
3533 2317 3657 2388 ἑξῆς
3713 2320 3805 2374 καὶ

2163 2406 2298 2480 μετὰ
2323 2406 2386 2460 τὸ
2432 2411 2730 2481 προσσχεῖν
2781 2405 2858 2468 εἰς
2905 2406 3034 2468 τοὺς
3091 2405 3332 2482 Κυπρόθι
3392 2405 3614 2480 λιμένας
3661 2409 3804 2463 ἀπα.

2160 2516 2259 2566 σης
2317 2495 2624 2571 ἀγριώτερα
2680 2493 2973 2556 λαίλαπος*
3043 2495 3236 2557 αὐτούς
3273 2517 3332 2551 τε
3377 2495 3482 2572 γὰρ
3515 2497 3543 2551 6
3572 2504 3671 2566 τῆς
3708 2498 3803 2555 Κ-ἑ-

2159 2605 2299 2660 πρου
2357 2588 2569 2660 κρατῶν
2637 2585 2902 2647 Ἰσαάκιος
2965 2579 3254 2640 συλλαϐὼν
3309 2585 3678 2661 ἐτροπώσατο,
3711 2589 3802 2644 καὶ

2160 2675 2189 2731 6
2237 2678 2346 2730 τῶν
2396 2675 2521 2730 τότε
2563 2675 2700 2730 κατᾶ
2746 2671 3016 2730 θάλατταν
3067 2679 3342 2748 πειρατῶν
3395 2675 3702 2750 κράτιστος,
3773 2678 3804 2732 6

2159 2763 2500 2839 Μεγαρείτης
2551 2762 2916 2836 καλούμενος,
2974 2761 3263 2836 ἐπαμύνων
3329 2763 3583 2838 Ἰσαακίῳ
3639 2765 3805 2822 ἁνωῖ-

2161 2853 2245 2909 στὶ
2275 2853 2495 2918 ἐπέθετο
2538 2857 2660 2916 ταῖς
2714 2853 2891 2923 ναυσὶ,
2949 2851 3318 2926 κεκενωμένας
3368 2853 3540 2929 εὑρὼν
3571 2858 3679 2910 τῶν
3707 2855 3801 2911 ἀν-

2161 2939 2302 3018 δρῶν
2335 2941 2413 3004 εἰς
2441 2941 2536 2997 τὸν
2564 2945 2822 3017 χερσαῖον
2854 2939 3103 3011 ἐξιόντων
3141 2939 3412 3013 πόλεμον.
3446 2943 3513 3010 Οἱ
3568 2939 3624 2998 δὲ
3681 2963 3804 3020 τρι..

2164 3032 2410 3107 ηράρχαι
2439 3032 2504 3086 οὗ
2566 3032 2732 3104 μόνον
2789 3026 2940 3085 οὐδέν
2999 3051 3052 3085 τι
3110 3031 3357 3105 γενναῖον
3415 3032 3801 3107 κατώρθωσαν,

2159 3119 2418 3178 ἀλλὰκαὶ
2439 3119 2598 3197 χερσὶ
2629 3125 2735 3176 τῶν
2774 3119 3022 3175 ἐναντίων
3063 3119 3316 3193 εὐμαρῶς
3374 3119 3643 3179 ἑάλωσαν.
3707 3124 3804 3180 Καέ

2161 3209 2356 3273 αὐτοὺς
2422 3211 2518 3283 μὶν
2575 3213 2657 3282 τῷ
2712 3208 3022 3286 Μεγαρείτῃ
3075 3205 3358 3264 ἐκδίδωσιν
3388 3210 3654 3273 Ἰσαάκιος
3683 3211 3734 3274 ἐς
3776 3212 3806 3266 6'

2159 3317 2212 3354 τι
2266 3297 2528 3374 βούλεται
2570 3298 2901 3378 χρήσασθαιυ
2946 3297 3036 3352 καὶ
3066 3299 3200 3374 ξεῖχε
3249 3296 3476 3362 τούτους
3535 3300 3670 3370 μετὰ
3717 3321 3810 3373 μι-

2159 3388 2290 3464 κρὸν
2323 3387 2548 3444 Σικελία
2599 3387 2692 3442 καὶ
2752 3387 2781 3442 6
2833 3386 3037 3458 ταύτης
3087 3387 3366 3461 τύραννος,
3407 3387 3484 3452 εἷς
3509 3389 3568 3444 ὅν
3619 3389 3692 3452 ὡς
3722 3387 3807 3446 δε-

2163 3478 2368 3548 σπότην
2411 3478 2438 3532 6
2481 3476 2820 3554 Μεγαρείτης
2843 3476 3061 3556 ἀνέφερε
3089 3477 3156 3532 τὰ
3183 3477 3400 3534 ἑαυτοῦ.
3437 3479 3498 3536 Ὀ
3539 3476 3586 3534 δ’
3633 3480 3802 3536 Ἰσαά-

2160 3587 2279 3630 κιος
2327 3565 2576 3629 πολλοὺς
2623 3567 2718 3640 μὲν
2779 3569 2886 3622 τῶν
2937 3565 3228 3640 Ῥωμαίων
3285 3568 3420 3640 μετὰ
3475 3569 3576 3636 τήν
3634 3569 3799 3638 ἧτταν

2161 3662 2276 3718 τοῖς
2309 3656 2534 3718 οἰκείοις
2571 3654 2821 3726 κατέλεξε
2865 3654 3068 3724 τέλεσι,
3103 3653 3355 3718 πολλοὺς
3388 3653 3447 3712 δὲ
3475 3657 3564 3712 καὶ
3595 3658 3807 3731 ἀγρίαις

393 3737 656 3797 Isaacius
687 3737 948 3795 omnium
993 3738 1331 3796 mortalium
1389 3740 1643 3796 maxime
1701 3740 2045 3810 iracundus,

2161 3751 2377 3810 ποιναῖς
2403 3741 2806 3815 καθυπέϐαλεν,
2849 3745 3040 3806 ὁποῖος
3099 3743 3260 3807 οὗτος
3309 3744 3681 3822 ἀπαραίτητος
3726 3751 3798 3802 ῶν

397 3835 452 3885 ct
485 3827 658 3884 inira
705 3828 913 3885 lebetis
968 3827 1156 3884 instar
1233 3833 1582 3902 exaestuans,
1639 3845 1706 3886 ac
1765 3835 2047 3888 tremente

2161 3833 2453 3903 κολαστής,
2513 3834 2566 3890 ἐν
2635 3835 2724 3898 οἷς
2776 3835 2864 3890 καὶ
2933 3833 3027 3890 τὸν
3090 3834 3436 3906 Ῥεντακηνὸν
3492 3832 3800 3904 Βασίλειον,

401 3923 599 3974 mento
631 3918 884 3974 absurde
911 3917 1183 3991 loquens,
1215 3918 1596 3992 pedagogum
1629 3935 1804 3976 suum
1837 3927 1923 3976 est
1956 3937 2048 3977 re-

2161 3924 2242 3998 [P.
2266 3924 2392 3996 238]
2426 3921 2640 3979 πελέκει
2671 3919 2732 3977 ἐκ
2760 3926 2862 3978 τοῦ
2892 3923 3121 3998 γόνατος
3171 3925 3388 3998 θάτερον
3434 3925 3536 3976 τῶν
3591 3918 3776 3976 ποδῶν

399 4011 766 4064 muneratus.
799 4007 1105 4064 Nauticam
1165 4025 1299 4064 vero
1355 4008 1604 4079 turbam,
1643 4026 1757 4083 quo
1801 4011 2046 4084 quisque

2161 4013 2419 4089 ἰκτεμών.
2451 4017 2556 4073 Ἦν
2587 4013 2646 4070 δὲ
2675 4015 2704 4070 6
2755 4015 2893 4090 ἀνὴρ
2943 4016 3100 4080 οὗτος
3149 4015 3366 4092 ἄριστος
3413 4013 3478 4070 τὰ
3522 4013 3786 4088 πολέμια,

397 4095 590 4165 vellet,
621 4097 782 4154 abire
803 4097 958 4156 sivit.
991 4098 1100 4164 Qui
1130 4103 1413 4172 tanquam
1449 4115 1519 4156 ex
1567 4099 1846 4157 diuturno
1894 4117 2044 4158 nau-

2161 4105 2242 4160 καὶ
2299 4108 2378 4172 τῷ
2431 4104 2680 4178 Ἰσαακίῳ
2726 4102 2909 4178 τούτῳ
2969 4105 3046 4168 ὡς
3103 4104 3361 4181 Ἀχιλλεῖ
3421 4125 3555 4161 ποτε
3597 4103 3788 4175 Φοῖνιξ

396 4187 602 4258 fragio,
637 4203 766 4242 sero
799 4185 1040 4243 domum
1076 4189 1396 4257 redierunt,
1438 4188 1488 4245 si
1523 4188 1673 4248 485
1708 4190 1806 4262 qui
1841 4206 1909 4246 ex
1937 4190 2042 4246 tri-

2161 4189 2342 4263 μύθων
2371 4209 2431 4245 τε
2461 4191 2642 4264 ῥητήρ
2675 4190 2766 4245 καὶ
2794 4194 2903 4246 τῶν
2945 4189 3267 4264 πολεμικῶν
3317 4184 3490 4266 ἔργων
3550 4187 3799 4246 διδάσκα-

395 4274 509 4330 bus
541 4273 712 4330 malis
745 4289 881 4346 uno,
941 4274 1208 4334 videlicet
1261 4277 1430 4345 mari,
1489 4276 1643 4335 fame
1700 4282 1803 4335 aut
1840 4283 2040 4350 morte,

2161 4276 2252 4341 λος
2279 4279 2556 4356 πεφηνώς⁶
2595 4275 2970 4354 ὀργιλώτατος
3011 4275 3058 4332 δ’
3089 4277 3164 4334 ὢν
3194 4277 3496 4351 ἀνθρώπων
3548 4279 3576 4334 6
3626 4275 3802 4336 Ἰσαά-

339 4401 344 4405 ι
397 4379 514 4420 non
542 4363 854 4435 perierant.

2161 4388 2271 4431 κιος
2331 4367 2420 4424 καὶ
2476 4370 2612 4424 κατᾶ
2689 4364 2901 4440 λάϐηται
2973 4367 3268 4444 καχλάζων
3330 4369 3412 4425 ἀεὶ
3477 4375 3558 4443 τῷ
3617 4371 3794 4444 θυμῷ,

393 4449 686 4530 παράφορά
743 4471 801 4507 τε
859 4453 1227 4532 φθεγγόμενος
1279 4453 1332 4510 ἐν
1389 4457 1472 4527 τῷ
1526 4451 1702 4530 χολᾷν
1763 4453 1856 4510 καὶ
1906 4455 2006 4526 τήν
2053 4455 2201 4512 κάτω
2255 4457 2406 4532 γὲνυν
2425 4455 2737 4533 τρομαλέαν
2772 4453 3003 4528 δεικνὺς,
3043 4458 3134 4512 καὶ
3167 4455 3358 4522 ἄλλως
3388 4455 3446 4513 δὲ
3477 4459 3590 4534 οὐχ
3635 4456 3800 4533 ἱλαρα

392 4537 630 4616 θρέπτρα
681 4539 908 4598 ἐκτίνειν
965 4539 1148 4613 εἰδὼς,
1212 4541 1437 4616 τοιαύτῃ
1493 4541 1741 4619 τιμωρίᾳ
1794 4543 1886 4600 τὸν
1945 4545 2139 4602 ἑαυτοῦ
2195 4540 2611 4611 καθυποϐἀλλει
2670 4543 3044 4624 παιδαγωγόν.
3105 4547 3177 4604 Τὸ
3234 4543 3294 4602 δὲ
3349 4547 3603 4603 ναυτικὸν
3655 4545 3799 4617 πλῆ-

391 4640 484 4695 θος
515 4627 636 4688 ἔνθα
663 4633 717 4686 οἳ
746 4632 884 4695 πόὸς
928 4630 1138 4707 βουλῆς
1167 4628 1426 4710 διαφῆκεν
1453 4631 1648 4706 ἵεσθαι,
1681 4631 1736 4688 οἳ
1763 4633 1852 4689 καὶ
1885 4635 1960 4696 ὡς
1987 4633 2048 4690 ἐκ
2069 4635 2319 4711 ναυαγίου
2349 4639 2556 4712 μακροῦ
2586 4635 2800 4712 χρόνιοι
2829 4635 2896 4690 τὰ
2917 4635 3062 4691 οἲκοι
3091 4631 3412 4708 κατέλαϐον,
3467 4637 3586 4692 ὃσοι
3649 4635 3782 4697 τέως

394 4720 472 4792 μὴ
503 4725 668 4797 τριῶν
693 4721 768 4778 ἐνί
795 4741 902 4778 τινι
933 4721 1084 4794 κακῷ
1113 4717 1389 4792 θαλάσσης
1417 4721 1508 4776 καὶ
1538 4719 1711 4796 λιμοῦ
1747 4723 1838 4778 καὶ
1867 4721 2096 4796 τελετῆς
2129 4725 2476 4802 ἀπεγὲνοντο.

461 4813 598 4868 Cum
635 4811 804 4885 Mysti
833 4817 1032 4884 aperte
1076 4811 1450 4884 defecissent,
1509 4811 1582 4868 ab
1613 4813 1687 4868 iis
1719 4829 1868 4886 quos
1917 4813 2034 4870 dixi

2211 4815 2335 4872 Τῶν
2385 4811 2444 4870 δὶ
2509 4817 2707 4872 Μυσῶν
2763 4813 3088 4870 ἀποστασίαν
3167 4813 3582 4888 μελετησάντων
3640 4833 3790 4892 περι-

389 4899 648 4970 impulsi,
678 4900 996 4972 imperator
1025 4901 1243 4957 bellum
1271 4900 1354 4958 eis
1385 4900 1579 4958 infert.
1615 4902 1726 4960 Sed
1758 4919 1865 4960 nec
1895 4902 2040 4960 illud

2161 4910 2316 4980 ρανῆ,
2348 4905 2439 4959 καὶ
2470 4905 2740 4984 ἀρχηγῶν
2769 4907 2866 4960 τοῦ
2889 4908 3059 4961 κακοῦ
3115 4901 3274 4960 τοῦδε
3328 4904 3405 4958 ὠν
3463 4902 3658 4980 εἷ’ρηκα
3713 4924 3799 4980 γε-

391 4989 857 5060 ρτωιοτθυηᾶιιῐι]
892 4994 1000 5044 est.
1033 4988 1172 5046 Cum
1233 4989 1432 5048 Blacbi
1493 4990 1784 5064 principio
1845 4992 1916 5049 ab
1975 5007 2041 5049 eo

2161 4991 2488 5067 γενημένων,
2530 4989 2689 5064 ἔξεισι
2752 4991 3010 5069 βασιλεὺς
3076 4993 3194 5048 κατ’
3250 4991 3447 5050 αὐτῶν.
3501 4995 3608 5067 (26)
3669 4993 3793 5065 Χρή

387 5080 600 5132 conatu
633 5077 702 5132 ad
727 5093 898 5148 quem
937 5095 971 5133 a
1019 5083 1184 5136 Petro
1245 5083 1305 5136 et
1347 5083 1529 5138 Asane
1589 5079 2037 5151 inducebantur,

2161 5079 2208 5139 Βὶ
2269 5082 2490 5139 κάκεῖνα
2555 5084 2630 5156 μὴ
2696 5080 2941 5160 παριδεῖν
3009 5083 3356 5159 ἀνιστόρητα.
3429 5081 3498 5140 Οἱ
3577 5082 3792 5158 Βλάχοι

386 5164 468 5222 rei
500 5165 842 5223 difﬁcultate
872 5167 1080 5239 territi,
1111 5168 1509 5241 abhorrerent,
1571 5171 1800 5241 fratres,
1841 5175 1907 5228 ut
1937 5187 2037 5244 po-

2161 5166 2355 5228 ὕκνουν
2387 5171 2454 5226 τά
2501 5175 2693 5246 πρῶτα
2739 5170 2828 5228 καὶ
2860 5168 3154 5244 ἀπεπήδων
3211 5171 3348 5246 πρὸς
3405 5173 3503 5240 τήν
3555 5169 3789 5228 ἀπόστα-

1773 5287 1940 5350 Hier.
1973 5289 2187 5351 Wolfli
2215 5293 2402 5352 nota.

448 5422 558 5495 (25)
591 5423 789 5498 Posset
815 5421 878 5476 τὸ
909 5417 1103 5498 εὔῆλιε
1137 5422 1313 5498 etiam
1362 5423 1438 5480 ad
1485 5425 1747 5498 corporis
1778 5425 2030 5497 proceri-
2141 5425 2333 5498 fuerit.
2361 5426 2418 5482 Si
2451 5425 2831 5498 simularunt,
2864 5430 3031 5498 atrox
3055 5428 3145 5482 est
3199 5433 3256 5481 et
3303 5425 3420 5498 fere
3449 5426 3790 5498 plusquam

374 5492 553 5552 tatem
581 5495 805 5566 referri,
837 5493 977 5566 quia
1015 5492 1208 5561 ἡλικία
1253 5503 1308 5550 et
1345 5492 1609 5553 atatem'
1636 5501 1696 5553 et
1743 5492 2029 5553 staturam
2141 5497 2366 5554 lberica
2415 5497 2716 5554 simulatio
2745 5492 2896 5553 ferro
2929 5514 2992 5553 se
3025 5497 3374 5553 lacerare.Si
3407 5492 3801 5559 insanierunt,

379 5565 735 5641 signiﬁcat._
1087 5635 1143 5641 η
1215 5637 1228 5641 _
1639 5613 1648 5621 .
2139 5585 2256 5640 quo
2289 5576 2458 5639 pacto
2489 5570 2717 5626 edoceri
2773 5574 3082 5641 potuerunt
3140 5574 3205 5624 ut
3259 5585 3326 5624 ea
3385 5569 3645 5624 dicerent
3673 5585 3800 5638 quae

479 5582 642 5624 ninca
658 5582 697 5622 ι.
1639 5613 1648 5621 .
2139 5585 2256 5640 quo
2289 5582 2458 5639 pacto
2489 5582 2717 5626 edoceri
2773 5582 2980 5641 potuer

435 5582 561 5715 $626)
586 5638 674 5696 Ita
705 5635 1059 5715 describitur
1081 5635 1182 5715 _hic
1213 5637 1404 5703 locus,
1439 5641 1652 5715 utnon
1682 5641 1828 5715 satis
1857 5657 2030 5715 appa-
2139 5643 2310 5698 Δειιηί
2334 5645 2391 5698 et
2427 5641 2597 5698 Petro
2629 5639 2982 5714 placebant?

367 5708 493 5773 reat
542 5708 748 5768 utrum
811 5710 1133 5768 subornata
1200 5725 1268 5766 an
1317 5724 1454 5766 vera
1519 5708 1756 5770 illorum
1797 5708 2029 5770 insania
