4126 6294
332 394 455 458 733

1487 376 1942 458 DEIISAAGIO
1985 394 2309 460 ANGELO
2354 397 2507 460 LIB.
2556 402 2606 461 Ι.

3636 402 3763 463 πει

338 550 427 587 σιν
460 524 539 592 εἷς
571 525 639 599 ἤν
666 526 929 602 ένήγοντο
962 526 1098 603 πρὸς
1127 529 1224 583 τοῦ
1257 524 1464 605 Πέτρου
1492 524 1584 584 καὶ
1645 531 1744 584 τοῦ
1803 527 1959 586 Ἀσὰν

2102 529 2404 602 pularibus
2435 531 2559 589 suis
2585 547 2721 590 cum
2752 534 2972 589 metum
3031 531 3377 601 adimerent,
3410 533 3597 592 adem
3640 551 3751 593 no-

341 621 407 677 τὸ
431 623 532 674 τοῦ
561 617 882 693 πράγματος
916 618 1152 690 μέγεθος
1185 617 1554 695 ὑφορώμενοι.
1590 620 1698 688 Τῆς
1757 614 1814 673 δὶ
1872 614 1983 673 δει-

344 708 469 771 λίας
502 708 700 777 ταύτης
739 706 864 769 τοὺς
895 705 1178 782 ὁμογενεῖς
1209 706 1505 781 ἀπάγοντες
1550 707 1601 762 οἱ
1657 707 1980 779 ταυτόαιμοι

344 797 629 870 εὖκτήριον
691 793 976 869 έδείμαντο
1036 796 1184 850 οἶκον
1250 794 1335 850 ἐπ’
1389 794 1614 869 ὀνόματι
1664 794 1982 871 Δημητρίου

339 892 437 944 τοῦ
486 883 954 960 καλλιμάρτυρος,
1013 885 1091 949 εἷς
1146 884 1204 940 δν
1253 882 1501 948 πολλοὺς
1555 889 1663 940 τῶν
1722 881 1983 958 δαιμονο-

341 975 564 1048 λήπτων
597 973 1014 1049 συνηθροικότες
1036 973 1083 1044 ἐξ
1119 973 1373 1048 ἑκατέρου
1424 975 1633 1050 γένους,
1693 974 1980 1047 αἱμωποὺς

334 1067 425 1122 καὶ
457 1064 820 1143 διαστρόφους
860 1065 953 1126 τὰς
1004 1065 1189 1141 κόρας,
1249 1063 1599 1140 λυσιχαίτας,
1653 1064 1745 1120 καὶ
1804 1063 1982 1120 τᾶλλα

331 1149 578 1230 ἀκριϐῶς
609 1151 976 1225 διασώζοντας
1007 1153 1180 1209 ὁπόσα
1212 1155 1269 1208 οἱ
1299 1158 1416 1216 τοῖς
1459 1150 1689 1228 δαίμοσι
1743 1154 1979 1229 κάτοχοι

332 1243 782 1321 διαπράττονται,
836 1241 1020 1300 τοιάδε
1081 1244 1300 1306 τούτοις
1359 1243 1705 1300 ἐνθουσιῶσιν
1801 1243 1979 1299 ὑπετί-

335 1346 461 1400 θουν
495 1332 842 1414 φθέγγεσθαι,
875 1334 955 1397 ὡς
994 1335 1022 1387 ὁ
1052 1333 1189 1396 Θεὸς
1220 1337 1316 1387 τοῦ
1346 1336 1456 1389 τῶν
1502 1333 1836 1410 Βουλγάρων
1887 1333 1979 1388 καὶ

328 1428 438 1479 τῶν
497 1421 736 1498 Βλάχων
805 1422 994 1499 γένους
1048 1419 1360 1497 έλευθερίαν
1417 1418 1692 1492 ηύδόκητε
1746 1421 1834 1475 καὶ
1883 1420 1979 1476 τοῦ

325 1511 554 1591 χρονίου
582 1516 745 1586 ζυγοῦ
781 1510 1071 1571 Ϊέπένευσεν
1118 1511 1497 1587 ἀπαυχένισιν,
1554 1510 1615 1565 οὗ
1674 1513 1840 1590 χάριν
1888 1511 1979 1565 καὶ

324 1622 420 1659 τον
476 1601 936 1677 Χριστομάρτυρα
985 1602 1298 1676 Δημήτριον
1360 1599 1653 1656 ἀπολιπεῖν
1717 1600 1813 1673 μὲν
1878 1601 1978 1668 τὴν

326 1690 769 1749 Θεσσαλονικέων
820 1688 1169 1765 μητρόπολιν
1236 1689 1322 1745 καὶ
1380 1690 1515 1745 νεὼν
1572 1691 1663 1745 τὸν
1722 1687 1833 1744 ἐκεῖ
1888 1689 1977 1744 καὶ

324 1782 421 1843 τὰς
452 1781 600 1855 παρὰ
632 1779 931 1850 Ῥωμαίοις
980 1774 1281 1854 διατριϐὰς,
1332 1777 1387 1841 ἐς
1434 1776 1480 1834 δ’
1530 1777 1729 1841 αὐτοὺς
1776 1774 1973 1857 ἀφικέ-

327 1872 447 1926 σθαι
505 1870 580 1931 ὡς
664 1867 1001 1944 ἐπαρήξοντα
1074 1867 1166 1923 καὶ
1249 1865 1611 1943 συλλήπτορα
1663 1872 1762 1922 τοῦ
1817 1866 1975 1943 ἔργου

329 1961 606 2035 ἐσόμενον.
644 1959 1158 2035 Ἀνακωχευόμενοι
1210 1956 1266 2013 δί
1301 1959 1436 2034 ηρὸς
1476 1958 1659 2037 βραχὺ
1705 1960 1757 2013 οἱ
1797 1957 1972 2033 παρά-

332 2071 495 2131 φοροι
525 2049 699 2116 οὗτοι,
758 2049 851 2104 καὶ
906 2049 1107 2128 αἳφνης
1152 2049 1215 2103 τὸ
1271 2053 1485 2121 πνεῦμα
1550 2046 1742 2103 πλεῖον
1774 2044 1972 2102 συλλέ-

338 2160 550 2219 γοντες,
627 2139 1124 2214 ἐπιληπτευόμενοι
1218 2135 1374 2204 αὖθις
1447 2132 1789 2194 διεσοϐοὖντο
1876 2137 1968 2194 καὶ

331 2226 504 2287 ἐϐόων
555 2228 894 2286 ἒνθεαστικὸν
953 2229 1043 2283 καὶ
1082 2226 1334 2304 διάτορον
1396 2228 1473 2301 μή
1532 2230 1672 2282 εἶναι
1729 2228 1792 2283 τὸ
1868 2227 1974 2282 ἀπὸ

329 2317 490 2376 τοῦδε
516 2317 678 2394 ’ἐδρας
709 2319 915 2391 ἀκμὴν,
948 2315 1076 2373 ἄλλ’
1130 2316 1277 2372 ὅπλα
1346 2317 1481 2390 μετὰ
1545 2320 1735 2392 χεῖρας
1787 2310 1975 2371 λαϐεἲν

328 2410 419 2464 καὶ
448 2407 749 2481 Ῥωμαίοις
780 2406 950 2480 ὁμόσε
1015 2411 1242 2485 χωρεῖν,
1301 2406 1428 2468 τοὺς
1493 2401 1550 2460 δὲ
1603 2425 1665 2480 γε
1717 2403 1970 2477 συλλαμ-

328 2494 663 2572 ϐανομένους
692 2496 829 2552 κατὰ
857 2495 1102 2569 πόλεμον
1146 2497 1221 2568 μὴ
1258 2499 1503 2570 ζωγρεῖν,
1532 2492 1663 2549 ἀλλ’
1706 2493 1976 2571 ἂποσφάτ-

322 2607 432 2643 τειν
497 2586 587 2642 καὶ
644 2585 984 2641 κατακαίνειν
1046 2583 1314 2655 ἀνηλεῶς,
1370 2580 1500 2657 μηδ’
1585 2581 1674 2638 ἐπὶ
1747 2581 1975 2657 λύτροις

323 2676 555 2756 ἀφιέναι,
617 2673 745 2751 μηδ’
806 2674 1238 2750 ἰπικάμπτεσθαι
1307 2671 1548 2746 δεήσεσι,
1605 2670 1747 2747 μηδὶ
1812 2693 1973 2748 γονυ-

325 2765 566 2830 κλισίαις
625 2766 972 2837 θηλύνεσθαι,
1038 2765 1165 2821 ἀλλ’
1222 2763 1404 2839 ὥσπερ
1456 2765 1609 2827 τινὰς
1668 2761 1974 2838 ὰδάμαντας

329 2856 464 2930 πρὸς
497 2861 666 2911 πᾶσαν
710 2852 1024 2918 ἀνενδότους
1089 2853 1224 2909 εἶναι
1273 2851 1618 2928 παράκλησιν
1673 2852 1762 2907 καὶ
1819 2851 1972 2926 (plist-

335 2962 444 3018 ρειν
516 2941 884 3015 ἁπαξάπαντας
936 2941 1067 3006 τοὺς
1126 2940 1560 3019 συλληφθέντας.
1649 2940 1779 2995 ’Υπὸ
1860 2942 1976 2995 θεο-

331 3031 559 3108 πρόπων
588 3030 682 3087 οὗν
735 3032 998 3089 τοιούτων
1036 3030 1166 3087 ὅλον
1219 3033 1283 3086 τὸ
1350 3031 1503 3106 γένος
1559 3029 1972 3105 ἐξομιληθέντες

326 3124 436 3177 τῶν
469 3118 656 3176 ὅπλων
686 3121 916 3183 ἅπαντες
942 3119 1205 3195 γίνονται.
1240 3120 1344 3178 Καὶ
1395 3120 1472 3184 ὠς
1515 3118 1709 3176 αὐτίκα
1766 3119 1971 3192 εὐημε-

326 3212 467 3287 ρήθη
500 3210 716 3274 τούτοις
745 3212 813 3268 τὰ
840 3218 940 3281 τῆς
980 3210 1330 3279 ἁποστασίας,
1382 3210 1460 3267 ἔτι
1522 3208 1737 3284 μᾶλλον
1789 3205 1971 3266 ἔθεντο

2093 619 2246 676 mine
2275 620 2540 692 praclari
2586 623 2861 696 martyris
2915 622 3184 679 Demetrii
3244 624 3628 694 mdiﬂcarunt,
3690 625 3748 682 in

2094 724 2343 782 eamque
2376 710 2594 767 multos
2616 711 3009 767 daemoniacos
3059 710 3367 784 utriusque
3411 729 3586 770 sexus
3616 730 3747 770 coe~

2090 800 2432 871 gerunt,qui
2465 800 2726 857 cruentis
2748 804 2806 856 et
2837 801 3126 872 perversis
3158 800 3399 874 pupillis
3431 802 3748 876 etfusisque

2089 888 2357 944 crinibus
2379 898 2586 945 caetera
2606 891 2804 945 omnia
2827 888 3118 961 exquisite
3157 891 3586 962 exprimebant,
3615 909 3743 965 quae

2089 976 2145 1032 id
2178 992 2365 1049 genus
2387 977 2691 1034 hominum
2726 978 2963 1050 propria
2981 978 3192 1047 habet;
3220 992 3435 1050 eosque
3457 980 3743 1037 docebant

2088 1065 2148 1122 in
2182 1067 2377 1122 furore
2408 1067 2673 1140 proloqui
2697 1071 2809 1124 Deo
2831 1069 3018 1124 visum
3040 1085 3169 1125 esse
3199 1073 3265 1125 ut
3299 1084 3441 1142 gens
3465 1068 3743 1140 Bulgaro-

2087 1171 2214 1210 rum
2244 1160 2301 1211 et
2322 1156 2670 1213 Blachorum
2696 1157 2977 1214 diuturno
3021 1159 3163 1230 jugo
3211 1174 3459 1214 excusso
3509 1158 3744 1216 liberta-

2086 1249 2203 1300 tem
2227 1250 2650 1319 consequatur,
2684 1262 2870 1318 eaque
2891 1247 2963 1303 de
2986 1263 3165 1303 causa
3187 1246 3406 1304 Christi
3429 1251 3742 1321 martyrem

2086 1334 2468 1403 Demetrium,
2502 1335 2702 1392 relicta
2733 1335 3044 1408 metropoli
3075 1335 3496 1393 Thessalonica
3526 1345 3582 1394 et
3616 1338 3737 1393 aede

2084 1426 2600 1496 Romanorumque
2629 1425 3152 1496 consuetudine,ad
3184 1425 3351 1499 ipsos.
3376 1427 3735 1498 pervenisse,

2088 1513 2430 1584 adjuturum
2464 1513 2519 1569 id
2553 1531 2722 1586 opus.
2755 1514 2938 1588 Igitur
2986 1515 3262 1572 vecordes
3311 1515 3409 1571 isti
3468 1515 3736 1573 homines

2084 1601 2319 1675 paulum
2354 1602 2588 1671 morati,
2620 1610 2672 1659 el
2705 1603 2901 1659 subito
2960 1605 3182 1675 majore
3245 1604 3450 1675 spiritu
3498 1605 3737 1661 collecto

2083 1707 2293 1747 rursus
2323 1690 2581 1758 alienati,
2614 1692 3077 1764 exagitabantur,
3108 1696 3165 1748 et
3207 1691 3363 1749 clara
3401 1709 3541 1750 voce
3580 1694 3734 1751 486

2084 1780 2251 1854 quasi
2284 1782 2526 1837 numine
2544 1781 2724 1837 afﬂati
2745 1780 3129 1838 clamitabant
3159 1797 3273 1838 non
3306 1782 3562 1855 amplius
3585 1783 3737 1840 desi-

2084 1868 2195 1925 dias
2219 1885 2347 1925 esse
2377 1868 2594 1938 locum,
2627 1870 2728 1927 sed
2757 1870 3002 1942 arreptis
3043 1869 3224 1926 armis
3247 1870 3541 1927 Romanos
3572 1871 3732 1927 inva-

2085 1958 2308 2015 dendos
2336 1974 2465 2015 esse
2495 1976 2510 2027 ;
2544 1961 2603 2014 et
2632 1958 2730 2031 qui
2753 1959 2813 2014 in
2846 1958 2997 2015 bello
3029 1964 3393 2032 caperentur,
3426 1976 3541 2017 non
3592 1977 3733 2018 con-

2086 2052 2403 2105 servandos
2435 2052 2537 2104 aut
2590 2049 2948 2119 vendendos,
3008 2050 3110 2106 sed
3170 2048 3552 2106 inclementer
3579 2050 3732 2106 occi-

2086 2137 2310 2193 dendos
2339 2153 2488 2203 esse,
2523 2140 2580 2193 at
2613 2152 2776 2207 prece
2804 2141 2862 2193 et
2917 2138 3103 2210 pretio
3160 2137 3504 2211 repudiatis,
3547 2154 3734 2213 neque

2085 2225 2272 2299 magis
2303 2225 2423 2283 ulla
2447 2226 2831 2284 obtestatione
2861 2227 3078 2285 moveri
3099 2233 3364 2301 oportere
3389 2246 3567 2301 quam
3601 2229 3737 2285 ada-

2085 2319 2368 2373 mantem.
2398 2316 2542 2372 Tota
2574 2316 2753 2388 igitur
2780 2332 2924 2389 gens
2953 2334 2986 2374 a
3015 2317 3235 2375 talibus
3273 2317 3506 2374 vatibus
3536 2317 3735 2376 conci-

2082 2408 2202 2461 tata
2233 2406 2302 2461 ad
2339 2422 2505 2462 arma
2535 2405 2880 2476 concurrit;
2944 2410 3000 2463 et
3057 2412 3122 2462 ut
3177 2407 3346 2464 initia
3391 2406 3733 2465 defectionis

2083 2494 2378 2566 auspicata
2412 2494 2666 2561 fuerunt,
2725 2494 2908 2566 magis
2965 2495 3141 2552 etiam
3194 2497 3494 2553 credidere
3543 2497 3726 2554 Deum

2082 2581 2343 2639 libertati
2380 2600 2500 2639 sum
2527 2584 2730 2639 favere.
2763 2583 2878 2639 Nec
2907 2599 2975 2641 ea
3009 2585 3265 2640 contenti
3298 2586 3353 2639 in
3415 2586 3632 2658 oppida
3677 2590 3732 2642 et

2083 2671 2302 2743 praedia
2332 2671 2405 2726 ab
2435 2676 2636 2727 Haemo
2666 2674 2889 2727 remota
2917 2672 3349 2729 dill‘unduntur.
3389 2672 3548 2728 Alter
3599 2688 3731 2728 vero

2084 2761 2329 2816 fratrum
2360 2764 2565 2817 Petrus
2596 2774 2834 2816 auream
2866 2759 3144 2817 corollam
3176 2760 3424 2833 imponit
3464 2761 3641 2834 capiti
3673 2765 3733 2817 et

2084 2849 2331 2924 pedibus
2389 2850 2693 2907 coccineos
2749 2848 2971 2906 calceos
3030 2850 3279 2907 inducit.
3332 2849 3727 2906 Pristhlabam

2083 2940 2342 3013 aggressi
2376 2940 2541 3011 (urbs
2573 2955 2640 2996 ea
2670 2940 2889 3013 Ogygia
2917 2945 3150 3010 esl,tota
3170 2939 3432 2996 latericia
3452 2944 3509 2996 et
3543 2941 3730 2996 maxi-

2083 3047 2246 3087 mum
2278 3029 2461 3086 Haemi
2486 3030 2743 3102 spatium
2776 3028 3099 3103 complexa)
3136 3032 3200 3085 ut
3229 3030 3728 3103 oppugnationem

2082 3136 2197 3179 non
2234 3136 2364 3176 esse
2385 3124 2570 3176 tutam
2604 3119 2897 3187 videbant,
2958 3137 3026 3175 ex
3085 3121 3377 3193 pmterita
3431 3136 3502 3176 ex
3533 3120 3733 3177 Homo

2081 3211 2442 3268 descendunt
2476 3234 2491 3279 ;
2517 3215 2575 3266 et
2602 3209 2867 3266 Romana
2894 3210 3109 3282 oppida
3137 3209 3333 3267 subito
3364 3209 3552 3266 adorti
3583 3208 3736 3265 mul-

421 3299 705 3378 έλευθερίᾳ
733 3298 1223 3380 σφωνέπευδοκεῖν
1251 3301 1343 3357 τὸν
1399 3280 1547 3357 Θεόν.
1607 3300 1711 3358 Καὶ
1773 3299 1966 3373 μικρὸν

2083 3305 2176 3359 tos
2203 3301 2491 3373 ingenuos
2521 3299 2809 3368 homines,
2870 3280 3088 3356 multos
3144 3300 3320 3356 boves
3377 3304 3435 3356 et
3462 3300 3737 3370 jumenta

322 3391 670 3467 ἡγησάμενοι
699 3391 763 3447 τὸ
815 3397 935 3457 καθ’
992 3391 1218 3455 ἑαυτοὺς
1271 3389 1458 3446 ἄνετον
1524 3390 1614 3445 καὶ
1672 3387 1965 3459 ἀπόλυτον,

321 3479 412 3537 καῖ
440 3481 577 3537 κατὰ
622 3485 733 3536 τῶν
790 3479 986 3537 ἃποθεν
1045 3485 1142 3536 τοῦ
1199 3478 1379 3554 Αἵμου
1433 3476 1813 3554 κωμοπόλεων
1875 3479 1963 3534 καὶ

322 3572 669 3646 συγκτήσεων
719 3569 1182 3644 ἐμπλατύνονται.
1242 3576 1469 3645 *Ατερος
1525 3566 1582 3623 δὲ
1635 3572 1746 3623 τῶν
1803 3568 1964 3641 ὁμαι-

324 3660 506 3736 μόνων
538 3662 566 3716 ό
621 3660 828 3735 Πέτρος
885 3659 976 3715 καὶ
1037 3658 1369 3737 στεφανίσκῳ
1426 3657 1643 3734 χρυσέῳ
1700 3654 1965 3713 διαδεῖται

319 3752 420 3820 τὴν
460 3751 725 3828 κεφαλήν,
756 3750 847 3804 καὶ
875 3753 995 3811 τοῖς
1058 3747 1220 3804 ποσὶν
1275 3745 1613 3822 ὑπορρἀτει
1669 3745 1761 3802 καὶ
1812 3765 1965 3821 περιρ

319 3839 504 3911 τίθησι
593 3833 931 3918 κοκκοϐαφὶς
1006 3836 1249 3894 πέδιλον.
1328 3840 1412 3910 Τῇ
1489 3834 1547 3891 δὲ
1648 3830 1968 3910 Πρισθλάϐᾳ

319 3922 725 4003 προσϐαλόντες
780 3925 971 3997 (πόλις
1023 3923 1070 3981 δ’
1129 3926 1264 3995 αὕτη
1332 3925 1563 4002 ὠγυγία,
1623 3923 1683 3980 ἐκ
1729 3923 1966 3988 πλίνθου

315 4021 457 4073 πᾶσα
490 4016 688 4087 ὀπτῆς,
718 4018 811 4071 καὶ
880 4014 1146 4086 πλείστην
1198 4015 1329 4085 ὅσην
1385 4015 1508 4090 περὶ
1539 4014 1630 4070 τὸν
1661 4016 1835 4087 Αἷμον
1865 4014 1964 4083 τήν

320 4107 651 4181 περίμετρον
699 4104 924 4182 ἔχουσα)
981 4105 1056 4167 ὡς
1111 4104 1214 4160 οὐκ
1267 4101 1549 4159 ἀκίνδυνον
1606 4103 1791 4178 ἑώρων
1861 4103 1962 4173 τήν

313 4194 705 4268 πολιόρκησιν,
740 4193 918 4266 ςαύτήν
958 4195 1042 4267 [Ρ.
1104 4195 1231 4266 239]
1292 4193 1387 4266 μὲν
1444 4189 1961 4265 ἀντιπαρέρχονται,

310 4286 402 4342 τὸν
442 4282 490 4340 δ’
540 4286 726 4357 Αἶμον
788 4280 1282 4362 ὗποκατέρχονται,
1340 4283 1676 4355 Ῥωμαϊκαῖς
1734 4277 1781 4334 δ’
1848 4280 1963 4335 ἰτέ-

313 4395 434 4452 ραις
492 4372 1019 4450 ἐπικαταρῥαγέντες
1101 4371 1509 4447 ἀπροσδόκητοι
1600 4366 1962 4443 κωμοπόλεσι

310 4463 500 4521 πολλὰ
535 4465 630 4537 μὶν
664 4464 893 4536 σώματα
922 4461 1216 4535 Ῥωμαίων
1255 4459 1534 4535 ἐλεύθερα,
1593 4457 1847 4520 πολλοὺς
1906 4456 1962 4512 δὲ

313 4555 448 4627 βόας
498 4553 585 4609 καὶ
645 4552 910 4626 ὑποζύγια
965 4552 1059 4607 καὶ
1136 4556 1243 4607 τῶν
1314 4548 1501 4606 ἄλλων
1594 4548 1960 4623 βοσκημάτων

312 4643 511 4720 χρῆμά
538 4664 587 4698 τι
613 4644 718 4701 οὐκ
760 4640 1055 4716 ἐλάχιστον
1122 4638 1532 4712 διαρπάζουσιν.
1573 4638 1777 4708 Ἔξεισι
1842 4636 1959 4692 τοί.
2001 4639 2036 4701 ξπ

314 4754 408 4789 νυν
441 4734 559 4788 κατ’
598 4730 773 4788 αὐτῶν
808 4731 1096 4800 Ἰσαάκιος,
1137 4729 1205 4786 Oi
1236 4726 1294 4784 δὲ
1343 4732 1454 4784 τῶν
1503 4724 1834 4803 δυσχωριῶν
1872 4726 1965 4781 καὶ

312 4817 677 4897 ἀπροσϐάτων
711 4821 868 4883 αὖθις
896 4814 1289 4890 ἐπιλαϐόμενοι
1334 4817 1594 4891 ἀντέσχον
1652 4814 1739 4868 ἐπὶ
1795 4813 1961 4869 πολύ.

309 4910 517 4987 Γνόερου
548 4907 607 4964 δὶ
644 4909 790 4982 παρᾶ
820 4904 976 4979 δόξαν
1007 4902 1306 4968 ἀναϐάντος
1350 4907 1451 4961 ὑπὸ
1507 4908 1663 4974 Θεοῦ,
1723 4901 1783 4965 ὅς
1844 4902 1965 4957 σκό-

308 5018 402 5060 τος
466 4997 652 5067 τίθησι
713 4999 810 5065 τήν
872 4996 1076 5052 οἷ’κείαν
1142 4989 1488 5069 ἀποκρυϐἠν,
1546 4994 1638 5049 καὶ
1701 4995 1767 5048 τὰ
1859 4989 1962 5066 ὄρη

309 5085 658 5158 καλύψαντος
686 5085 720 5139 ἃ
749 5086 974 5158 ἐτήρουν
1008 5086 1059 5140 οἱ
1102 5079 1370 5160 Βάρϐαροι
1394 5083 1489 5146 τὰς
1537 5086 1646 5137 τῶν
1694 5079 1959 5154 παρόδων

2082 3391 2446 3461 aliarumque
2504 3389 2794 3463 pecudum
2856 3390 3154 3461 ingentem
3214 3388 3364 3446 487
3417 3404 3730 3446 numerum

2082 3481 2397 3537 abducunt.
2421 3479 2639 3536 lsaacio
2666 3480 3016 3535 adventante
3037 3495 3246 3534 rursus
3274 3479 3333 3534 in
3357 3478 3647 3551 angustiis
3678 3481 3736 3535 et

2079 3568 2398 3626 inaccessis
2430 3567 2574 3624 locis
2604 3566 2786 3623 abditi
2812 3567 2912 3622 diu
2940 3567 3300 3623 restiterunt.
3332 3567 3441 3622 Sed
3484 3567 3735 3638 caligine

2080 3662 2287 3731 printer
2311 3657 2804 3729 exspectationem
2837 3673 2872 3711 a
2902 3661 3040 3720 Deo,
3075 3656 3249 3726 cujus
3282 3654 3515 3710 latebras
3541 3654 3602 3710 in
3633 3660 3732 3711 te-

2081 3747 2276 3803 nebris
2308 3753 2469 3813 sunt,
2502 3746 2775 3813 excitata,
2807 3748 2865 3801 et
2896 3748 3128 3800 montes
3151 3760 3300 3815 quos
3321 3743 3554 3799 Barbari
3568 3743 3730 3799 aditu

2077 3835 2483 3909 angustiarum
2544 3836 2788 3890 obsesso
2850 3834 3172 3890 tuebantur
3219 3833 3567 3903 involvente,
3619 3834 3729 3889 Ro-

2079 3926 2234 3981 mani
2267 3940 2368 3980 eos
2416 3924 2819 3995 imprudentes
2877 3926 3341 3995 oppresserunt;
3399 3926 3457 3978 et
3512 3926 3730 3978 terrore

2077 4013 2357 4086 attonitos
2384 4011 2467 4068 ita
2497 4011 2882 4084 dissiparunt,
2915 4016 2982 4067 ut
3019 4011 3157 4068 mali
3190 4011 3361 4067 istius
3382 4016 3650 4068 auctores
3669 4014 3729 4068 et

2075 4104 2255 4160 duces
2286 4119 2419 4159 cum
2453 4102 2773 4158 amicorum
2805 4105 2985 4168 cestu,
3018 4105 3082 4157 ut
3112 4100 3209 4157 ille
3236 4117 3541 4173 porcorum
3584 4118 3725 4176 grex

2074 4193 2133 4248 in
2164 4191 2459 4265 evangelio
2491 4192 2549 4246 in
2584 4206 2761 4256 mare,
2790 4189 2872 4244 ita
2901 4189 3011 4260 ipsi
3046 4190 3103 4245 in
3144 4190 3362 4247 Istrum
3424 4190 3614 4264 illapsi
3650 4192 3722 4246 ad

2075 4281 2358 4337 ﬁnitimos
2389 4280 2634 4353 Scythas
2664 4278 3019 4350 trajicerent.
3056 4280 3383 4351 Imperator
3411 4296 3568 4350 vero,
3593 4296 3727 4337 cum

2074 4371 2309 4428 nemine
2338 4385 2578 4440 prorsus
2611 4367 2956 4440 prohibente
3015 4370 3199 4422 totam
3243 4369 3487 4440 Mysiam
3523 4386 3724 4440 perva-

2072 4459 2197 4534 gari
2226 4464 2285 4514 et
2315 4458 2583 4532 praesidia
2613 4457 2670 4511 in
2702 4456 2898 4524 urbes,
2931 4471 3055 4525 qua
3086 4455 3374 4528 pleraeque
3405 4456 3464 4511 in
3525 4457 3720 4513 Haemo

2073 4551 2229 4619 sunt,
2263 4548 2363 4603 sed
2399 4545 2595 4618 plures
2627 4561 2693 4600 ac
2714 4543 2920 4618 potius
2951 4543 3070 4599 fere
3100 4543 3382 4599 omnesin
3416 4545 3726 4615 praeruptis

2072 4636 2319 4709 rupibus
2335 4639 2392 4691 et
2421 4633 2729 4691 altissimis
2755 4631 3001 4688 tumulis
3022 4632 3726 4709 exslru_ctaa,introducere

2074 4723 2580 4791 liceret,neutrum
2609 4720 2874 4787 fecit,sed
2897 4719 3153 4776 cumulis
3176 4718 3446 4775 frumenti
3468 4717 3728 4775 incensis

2076 4810 2410 4883 supplicum
2438 4809 2787 4866 Blachorum
2814 4808 3078 4863 confictis
3103 4806 3297 4864 verbis
3312 4808 3588 4880 deceptus
3602 4811 3727 4862 eta-

2074 4905 2179 4960 tim
2208 4906 2358 4958 retro
2378 4898 2771 4967 abiit,relictis
2797 4899 2915 4956 illis
2938 4899 3113 4955 rebus
3136 4898 3330 4955 adhuc
3352 4898 3520 4969 plane
3561 4897 3723 4954 exul-

2073 4991 2302 5049 ceratis.
2364 4988 2529 5045 Unde
2585 4988 2802 5044 factum
2863 4993 2926 5044 ut
2968 4988 3195 5044 Barbari
3226 4988 3509 5045 Romanis
3539 4988 3725 5044 suda.

2073 5083 2202 5137 cius
2232 5078 2604 5134 insultarent.

311 5175 500 5237 στενὰς
602 5172 1055 5250 προλοχίσαντες,
1139 5168 1333 5230 ἔλαθον
1409 5174 1670 5249 Ῥωγαῖοι
1745 5169 1923 5245 λάθρα
1996 5168 2181 5230 αὐτοῖς
2255 5163 2588 5231 ἐπιστάντες,
2663 5161 2753 5216 καὶ
2818 5160 3272 5250 ,διασκεδάζουσιν
3351 5164 3498 5221 οὕτω
3568 5184 3731 5219 κατα-

306 5269 526 5341 πλῆγας
567 5248 821 5337 θέμενοι,
858 5262 959 5319 Καὶ
992 5262 1043 5317 οἱ
1079 5262 1172 5334 μὶν
1206 5260 1453 5338 ἀρχηγοὶ
1482 5248 1579 5314 τοῦ
1641 5263 1810 5315 κακοῦ
1884 5258 1974 5313 καὶ
2005 5265 2107 5328 τῆς
2181 5257 2454 5330 στρατιᾶς,
2486 5252 2515 5306 ὁ
2564 5250 2768 5341 Ιίέτρος
2814 5248 3028 5341 δηλαδὴ
3088 5253 3178 5308 καὶ
3238 5252 3418 5323 Ἀσὰν,
3453 5254 3544 5309 καὶ
3602 5252 3726 5307 ὅσον

305 5337 663 5431 περὶναύτοὺς
741 5350 1013 5426 ἑταιρικὸν
1072 5337 1452 5420 ἀποστατικὸν,
1528 5348 1664 5404 κατὰ
1700 5349 1800 5416 τὴν
1876 5351 1985 5403 τῶν
2062 5341 2429 5431 εὖαγγελικῶν
2498 5339 2708 5431 χοίρων
2769 5337 2971 5431 ἀγέλην
3017 5341 3117 5431 ,ὡς
3176 5340 3251 5431 εἷς
3303 5341 3724 5431 θάλασσαν-τον

304 5426 516 5519 Ἴστρον
578 5439 872 5515 ὥρμησαν,
943 5440 1037 5495 καὶ
1094 5443 1287 5495 τοῦτον
1345 5436 1820 5512 διαπλωϊσάμενοι
1894 5440 2012 5500 τοῖς
2053 5434 2113 5491 ἐκ
2168 5428 2420 5519 ⁸;ειτε›¹ν‹.ον
2472 5427 2711 5492 Σκύθαις
2765 5426 3121 5519 προσέμιξαν’
3186 5429 3237 5517 ’ὁ
3312 5426 3371 5519 δὲ
3442 5427 3723 5519 Δβασιλεὺς

306 5513 440 5586 κατα
493 5513 721 5597 πολλὴν
781 5531 877 5582 τοῦ
930 5526 1277 5590 κωλύσοντος
1358 5526 1592 5603 ἐρημίαν
1689 5530 1860 5580 πᾶσαν
1939 5525 2038 5594 τὴν
2099 5522 2308 5582 Μυσίαν
2372 5517 2524 5594 ¹ἔχων
2608 5513 2913 5590 περιελθεῖν
2988 5516 3079 5572 καὶ
3137 5513 3379 5595 φρουρὰν
3436 5516 3751 5603 ἐπιστῆσαι.

308 5620 425 5678 ταῖς
500 5616 671 5671 έκεῖσε
746 5613 995 5684 πόλεσιν,
1027 5617 1082 5670 αἳ
1154 5615 1361 5672 πολλαὶ
1394 5602 1511 5692 μὶν
1586 5613 1689 5670 sict
1764 5614 1919 5670 κατὰ.
1975 5614 2069 5669 τὸν
2126 5613 2328 5685 Αἶμον,
2404 5607 2459 5663 αἶ
2536 5604 2591 5662 δὶ
2629 5605 2863 5679 πλείομς
2895 5604 2932 5675 ἤ
2965 5610 3096 5683 γοῦν
3129 5607 3329 5660 ἅπασαι
3366 5604 3563 5681 σχεδὸν
3604 5602 3719 5655 ἐπὶ-

310 5708 519 5778 πετρῶν
550 5704 842 5779 ἀποτόμων
914 5705 1003 5761 καὶ
1082 5710 1378 5785 μσρινεφῶν
1456 5703 1723 5783 γηλόφων
1777 5701 2194 5779 πεπολισμέναι,
2268 5701 2517 5758 τοιοῦτον
2572 5696 2786 5789 ,μέντοι
2825 5692 2979 5791 οὐδὲν
3055 5715 3107 5751 τι
3182 5692 3273 5749 καὶ
3350 5692 3712 5777 διαπέπραχε,
