4126 6294
353 330 482 400 ’739

1683 319 1988 384 aleam
2033 297 2460 380 CHONIATAE

3647 279 3790 365 1740

370 486 678 536 manorum
704 487 832 545 quas
891 471 1190 540 acceperat
1248 465 1390 522 satis
1451 461 1664 518 habere
1709 459 1918 516 virium
1950 455 2023 511 ad

2154 451 2222 507 ιαὶ
2273 451 2317 506 εί
2378 448 2791 510 διαπετάσαντες
2847 447 2941 508 τὰς
3000 445 3176 508 πύλας
3233 441 3392 497 αὐτὸν
3426 437 3792 510 εἷσδέξονταιν

2261 544 2266 545 ,
2339 543 2346 545 ι
2576 539 2587 545 -
2688 538 2699 545 .
2820 537 2829 545 ι
3037 534 3049 545 «ι
3117 536 3127 545 ι
3407 531 3420 545 ι
3461 527 3504 545 ἢκ
3557 525 3581 545 δ
3619 529 3632 544 \
3715 529 3742 540 ‘-

365 567 656 638 juvandos
688 563 934 619 conatus
963 573 1102 614 suos
1131 560 1292 612 ratus
1323 555 1482 625 (nam
1527 549 1806 606 ltomanis
1851 545 2024 617 legio-

375 658 555 712 nibus
587 657 816 709 tantum
853 665 964 704 non
1001 646 1217 702 fidebat
1249 652 1309 699 ut
1346 643 1432 698 eis
1490 639 1800 696 consilium
1851 650 2023 690 suum

376 743 604 816 aperire
635 739 892 806 auderet)
921 737 1188 792 eamdem
1221 733 1375 789 viam
1407 737 1465 787 et
1495 732 1620 802 ipse
1646 726 1870 798 ingredi
1915 729 2028 778 sta-

371 813 488 888 tuit
517 847 644 903 qua
679 827 963 884 Isaacium
995 828 1066 880 ad
1101 823 1413 894 imperium
1449 813 2030 892 perduxisset.lgitur

373 901 654 993 magnum
689 918 745 973 S.
781 916 1012 986 Sophia:
1047 912 1324 984 templum
1359 911 1680 980 ingressus,
1721 908 1780 959 in
1835 901 2029 958 medio

373 1016 541 1067 stans
564 1023 734 1078 opem
760 1003 1184 1060 introeuntium
1210 1007 1416 1055 contra
1441 999 1698 1068 iniquam
1723 999 1776 1049 et
1803 1007 2030 1064 perver-

377 1117 498 1157 sam
529 1096 899 1169 imperatoris
940 1095 1109 1160 iram,
1144 1107 1317 1162 quem
1371 1088 1534 1145 nulla
1583 1103 1643 1142 re
1693 1083 2034 1139 offendisset

379 1205 569 1260 neque
599 1163 920 1257 quidpuam
959 1189 1164 1254 praeter
1225 1178 1504 1234 mandata
1563 1179 1619 1230 et
1679 1163 2032 1229 voluntatem

375 1281 504 1348 ejus
537 1276 788 1338 fecisset,
827 1270 1190 1343 implorat,et
1221 1283 1311 1322 res
1335 1272 1533 1338 gestas
1557 1279 1698 1318 suas
1740 1260 2031 1316 celebrare

375 1347 638 1424 instituit
667 1381 679 1418 :
717 1384 746 1413 «
778 1367 866 1415 An
898 1360 1202 1432 ignoratis,
1239 1357 1452 1426 inquit,
1495 1353 1624 1421 viri,
1657 1365 1836 1422 quam
1869 1347 2033 1402 forti-

377 1469 463 1514 ter
485 1459 542 1512 in
575 1453 745 1510 hellis
771 1469 862 1507 me
883 1450 1163 1522 gesserim
1187 1447 1214 1502 ?
1237 1451 1300 1502 ut
1321 1446 1522 1501 hostes
1548 1443 1764 1498 iterum
1816 1455 1882 1494 ac
1911 1442 2032 1492 ter-

379 1547 520 1602 tium
557 1541 850 1598 industria
877 1555 1006 1594 mea
1038 1534 1412 1608 superarim?
1447 1555 1471 1584 ιι
1508 1533 1576 1588 Et
1635 1529 1918 1603 populum
1963 1527 2033 1581 ad

380 1633 730 1692 seditionem
759 1627 1030 1685 concitat.
1099 1625 1168 1680 Ut
1226 1627 1422 1680 autem
1485 1637 1546 1676 se
1580 1618 1726 1674 nihil
1759 1615 2038 1688 proficere

357 1723 638 1790 'videbat,
672 1716 1045 1790 promissaab
1073 1713 1424 1785 imperatore
1463 1709 1815 1779 impunitate
1836 1703 2040 1775 coeptis

387 1811 632 1876 destitit,
691 1809 892 1863 eadem
953 1803 1271 1876 cupiditate
1323 1797 1709 1854 nihilominus
1767 1797 2035 1856 retenta;

381 1900 554 1970 cujus
585 1898 738 1954 492
797 1901 923 1950 tum
979 1891 1275 1962 eripiendae
1333 1887 1637 1944 occasione
1697 1885 1849 1949 data,
1897 1896 2032 1935 cum

385 1969 564 2044 totius
595 1989 706 2041 dux
739 1985 1026 2040 exercitus
1059 1984 1214 2036 esset
1246 1977 1596 2041 declaratus,
1626 1989 1752 2044 qua:
1785 1971 1882 2026 diu
1915 1969 2033 2024 ani-

384 2095 478 2134 mo
511 2075 724 2132 celarat
753 2075 812 2128 in
845 2075 1113 2144 apertum
1161 2065 1424 2140 protulit.
1477 2061 1868 2134 Cognatisque
1909 2057 2034 2114 suis

383 2167 442 2220 in
483 2163 798 2221 consilium
858 2159 1159 2221 adhibitis,
1209 2157 1310 2228 qui
1361 2147 1822 2224 Adrianopolim,
1883 2155 1942 2203 ut
1982 2151 2038 2202 ct

391 2257 538 2326 ipse,
572 2253 820 2324 patriam
855 2248 1168 2311 habebant,
1233 2243 1434 2299 multis
1482 2247 1538 2296 et
1579 2239 1912 2311 potentibus
1955 2235 2035 2290 vi-

389 2345 496 2414 ris,
528 2342 766 2398 rubrum
823 2340 1083 2394 calceum
1144 2335 1380 2400 incinit;
1441 2337 1616 2402 utque
1675 2329 1806 2385 inde
1839 2329 1898 2382 in
1933 2343 2037 2397 pa-

393 2432 568 2487 triam
601 2431 921 2502 digressus,
975 2430 1030 2480 et
1088 2423 1158 2478 ab
1217 2423 1376 2478 omni
1437 2419 1687 2474 exercitu
1725 2418 2040 2487 imperator

393 2522 708 2589 salutatus,
741 2517 812 2572 ad
847 2515 1051 2570 urbem
1107 2508 1540 2582 imperatricem
1601 2503 1925 2570 contendit,
1985 2507 2042 2556 et

391 2611 604 2670 castris
637 2607 705 2662 ad
740 2603 988 2661 exterius
1021 2599 1414 2670 Philopatium
1442 2593 1653 2666 positis
1673 2593 2041 2663 vespericum

396 2693 874 2757 instructissimis
932 2689 1116 2763 copiis
1169 2690 1236 2744 ad
1299 2686 1515 2742 moenia
1581 2681 1826 2750 accedit,
1894 2695 2044 2750 equo

398 2791 568 2862 plane
599 2787 764 2856 nigro
819 2781 1106 2846 insidens,
1171 2778 1284 2834 nisi
1339 2775 1496 2848 quod
1543 2773 1604 2828 in
1635 2773 1822 2827 fronte
1853 2770 2044 2824 albam

401 2860 692 2936 maculam
725 2875 909 2930 instar
939 2869 1164 2927 lunaris
1195 2867 1351 2923 orbis
1399 2863 1674 2931 habebat,
1704 2866 1760 2916 et
1803 2860 2047 2930 impera-

397 2969 576 3027 torios
617 2965 834 3022 milites
855 2962 1108 3026 etcives,
1151 2959 1248 3030 qui
1275 2974 1343 3012 ex
1367 2954 1659 3010 mmnibus
1686 2951 1782 3006 illa
1820 2953 2045 3021 specta-

400 3053 757 3123 bant,simul
787 3060 844 3108 et
876 3055 1073 3106 monet
1103 3054 1158 3103 et
1191 3045 1366 3101 minis
1397 3047 1592 3099 terret.
1627 3041 1771 3096 Nam
1796 3039 1842 3094 si
1867 3037 2048 3110 portis

2133 543 2354 614 σωτῆρά
2397 559 2456 594 τε
2501 539 2592 594 καὶ
2652 537 2938 612 εὐεργέτην
3001 534 3342 608 εὑρήσουσιν·
3377 531 3426 585 εἷ’
3457 527 3514 584 δὲ
3553 525 3643 583 διὰ
3673 529 3770 596 τῆς

2135 630 2300 706 Θύρας
2359 629 2578 684 εἰσιόντι
2635 627 2725 682 καὶ
2783 627 2858 698 μὴ
2927 621 3228 678 ἀναϐαίνειν
3288 617 3603 694 ἀλλαχόθεν
3673 617 3786 681 ἐθέ-

2134 719 2285 774 λοντι
2361 713 2626 773 ἀντιὸαῖιν
2707 713 2884 785 δήπου
2979 713 3068 767 καὶ
3173 711 3492 774 ἀντισταῖεν,
3569 707 3786 768 πάντως

2133 805 2338 882 κλέψας
2396 809 2494 876 τὴν
2555 803 2766 861 εἴσοδον
2833 804 2922 858 καὶ
2985 800 3285 874 λῃστεύσας
3341 798 3442 866 τὴν
3505 795 3786 870 βασιλείαν

2135 895 2312 951 ἐκεῖνα
2364 893 2780 971 ἀνεπεγκλήτως
2837 891 3123 966 ἐργάσαιτο
3183 888 3356 942 ὁπόσα
3387 886 3477 941 καὶ
3531 884 3786 957 ὠμησταὶ

2138 991 2298 1058 θῆρες
2344 985 2470 1045 τοὺς
2519 983 2786 1056 ποιμένας
2839 987 3226 1056 παρωσάμενοι
3279 975 3369 1031 καὶ
3433 975 3509 1048 μὴ
3561 973 3650 1029 διὰ
3687 981 3787 1042 τῆς

2136 1073 2311 1142 αὐλῆς
2359 1077 2466 1126 τῶν
2517 1065 2828 1146 προϐάτων,
2884 1067 3012 1122 ἀλλ’
3061 1067 3316 1140 ἑτέρωθεν
3373 1064 3502 1117 εἲσω
3561 1064 3790 1137 παριόνο

2135 1184 2244 1222 τες.
2301 1165 2480 1217 Ταῦτα
2535 1161 2626 1215 καὶ
2683 1161 2892 1212 τοιαῦθ’
2962 1155 3118 1229 ἕτερα
3188 1152 3641 1230 μεγαλαυχήσας,
3699 1152 3789 1205 καὶ

2139 1254 2248 1324 ἅμα
2324 1250 2617 1326 παράταξιν
2691 1245 3062 1320 ἐνδειξάμενος
3147 1245 3338 1306 ὁποίας
3412 1241 3573 1320 χρεία
3671 1246 3788 1301 τοῖς

2139 1341 2537 1412 ἑτοιμασθεῖσιν
2585 1337 2664 1398 εἷς
2712 1336 2985 1409 πόλεμον,
3037 1333 3172 1407 πρὸς
3218 1334 3278 1386 τὸ
3327 1330 3526 1385 οἷ’κεῖον
3562 1329 3793 1404 στρατό-

2139 1427 2300 1484 πεδον
2338 1431 2418 1500 [Ρ.
2452 1428 2575 1500 242]
2620 1425 2968 1495 ὑπενόστησε.
3035 1427 3120 1496 Τῇ
3181 1420 3224 1476 δ’
3285 1420 3513 1492 έπιοεὲσῃ
3547 1418 3665 1492 ἄρτι
3697 1422 3796 1474 τοῦ

2142 1518 2307 1588 ἡλίου
2360 1517 2427 1570 τὰ
2477 1517 2582 1587 ἑῷα
2641 1509 3108 1588 φαυσιϐολοῦντος
3160 1512 3294 1584 πρὸς
3363 1513 3479 1570 τοῖς
3556 1508 3794 1581 τείχεσιν

2143 1608 2295 1667 αὖθις
2325 1611 2424 1675 τῆς
2453 1603 2674 1664 πόλεως
2725 1603 2958 1679 γίνεται,
3005 1601 3136 1656 κάπὶ
3184 1605 3302 1662 ταῖς
3353 1595 3634 1672 χερσαίαις
3691 1594 3798 1650 πό-

2145 1695 2267 1757 λαις
2327 1694 2608 1762 ἀντιτάξας
2665 1695 2764 1761 τήν
2823 1692 3098 1764 στρατιὰν,
3154 1687 3208 1742 α⁶ί
3255 1691 3351 1742 τοῦ
3411 1685 3650 1758 Χαρσίου
3703 1681 3794 1737 λέ-

2147 1805 2354 1860 γονται,
2415 1783 2490 1843 εἷς
2551 1779 2720 1850 δεξιὸν
2775 1781 2865 1834 καὶ
2924 1777 3202 1851 εὐώνυμον
3257 1777 3416 1850 κέρας
3447 1775 3616 1842 αὐτὴν
3651 1769 3796 1826 διαι-

2147 1859 2250 1946 ρεῖ,
2307 1872 2396 1926 καὶ
2453 1872 2515 1925 τὸ
2578 1869 2738 1942 μέσον
2822 1867 2986 1929 αὐτὸς
3069 1865 3281 1939 ἐπέχων
3347 1871 3445 1934 τῆς
3514 1859 3796 1942 φάλαγγος

2143 1959 2328 2039 ἐφίησι
2361 1965 2476 2020 τοῖς
2535 1957 2892 2035 ἐκχεομένοις
2955 1962 3052 2026 τῆς
3107 1956 3325 2014 πόλεως
3385 1957 3636 2030 στρατοῖς
3667 1971 3802 2022 συμ-

2143 2049 2455 2106 πλέκεσθαι.
2516 2045 2655 2105 Οὐδέ
2710 2047 2811 2122 γὰρ
2875 2047 3039 2119 μόνον
3098 2045 3248 2106 ἐντὸς
3309 2047 3415 2098 τῶν
3473 2039 3662 2097 πυλῶν
3701 2045 3803 2109 τῆς

2145 2137 2360 2199 πόλεως
2403 2137 2464 2190 τὸ
2516 2135 2852 2211 ὑπερπονοῦν
2905 2133 3096 2188 ἑαυτοῦ
3149 2131 3470 2206 κατεμέρισε
3523 2126 3803 2204 βασιλεὺς,

2149 2228 2260 2284 ἔστι
2315 2225 2359 2282 δ’
2417 2229 2446 2282 ’ὁ
2498 2228 2585 2282 καὶ
2643 2231 2749 2282 τῶν
2800 2230 2998 2300 τειχῶν
3056 2221 3256 2288 ἀνωθεν
3314 2223 3558 2292 ἐπέταξεν
3584 2219 3804 2298 ἐφεστά-

2147 2340 2252 2386 ναι,
2329 2316 2474 2372 ἀλλὰ
2547 2315 2636 2370 καὶ
2727 2315 2888 2390 μέρος
2991 2311 3420 2386 ἀποδιελόμενος
3521 2309 3804 2381 ἐπέτρεὼεν

2149 2406 2414 2462 ἐπεκθέειν
2471 2404 2659 2475 ἔξωθεν
2723 2403 2998 2458 ἑκαστάτω
3083 2409 3182 2471 τῆς
3266 2402 3472 2480 τάφρου
3536 2399 3626 2454 καὶ
3684 2403 3800 2458 τοῖς

2149 2494 2444 2568 πολεμίοις
2477 2495 2551 2556 ὡς
2597 2494 2712 2548 ἐνον
2759 2492 3153 2571 ἀντᾫέρεσθαι.
3217 2491 3276 2547 Εἰ
3329 2489 3385 2545 δέ
3441 2509 3505 2565 γε
3553 2489 3804 2560 κάμωσιν

2153 2580 2543 2658 ἐπιϐρισάντων
2603 2587 2710 2637 τῶν
2793 2581 3070 2651 ἐναντίων,
3156 2581 3519 2656 προσρύεσθαι
3573 2576 3810 2651 παρῄνει

2153 2681 2268 2737 τοῖς
2327 2675 2590 2752 τείχεσιν,
2650 2671 2798 2734 ὅπως
2865 2672 2919 2726 οἳ
2969 2675 3078 2726 τῶν
3138 2665 3530 2747 πυργοϐάρεων
3611 2666 3809 2722 ἄνωθεν

2157 2763 2340 2826 αὐτοῖς
2395 2761 2767 2836 ἐπαμύνωσιν.
2819 2763 2965 2822 Ἕως
3043 2761 3138 2834 μὲν
3205 2760 3298 2814 οὗν
3383 2759 3650 2830 σταθηρᾶς
3713 2776 3810 2827 με·

2157 2848 2430 2928 σημϐρίας
2476 2851 2744 2924 τοξασμοὶ
2821 2851 2912 2905 καὶ
2989 2843 3390 2925 ἀκροϐολισμοὶ
3447 2848 3576 2921 παρ’
3633 2844 3814 2900 ἕκατέα

2160 2963 2266 3019 ρων
2323 2941 2572 3015 ἐγίνοντο
2629 2945 2735 2995 τῶν
2795 2941 2995 3015 μερῶν,
3051 2939 3141 2993 καὶ
3202 2937 3378 3013 βραχῦ
3427 2958 3479 2990 τι
3533 2937 3627 3010 μὶν
3679 2932 3811 3009 ἄχρι

2155 3033 2304 3095 τινὸς
2350 3029 2606 3104 ἐκράτουν
2650 3033 2759 3084 τῶν
2815 3031 2911 3083 τοῦ
2958 3027 3227 3102 βασιλέως
3277 3025 3327 3080 o't
3379 3029 3478 3080 τοῦ
3529 3028 3711 3097 Βρανᾶ
3737 3023 3812 3084 ὡς

407 3146 625 3220 apertis
645 3145 796 3200 ultro
832 3146 886 3196 in
923 3144 1113 3210 partes
1155 3153 1291 3190 suas
1349 3130 1767 3198 concesserint,
1802 3131 2044 3184 servato-

2159 3119 2421 3194 πολέμων
2477 3115 2754 3194 ἔμπειροι,
2813 3118 2902 3172 καὶ
2959 3117 3164 3172 τούτων
3221 3115 3457 3189 μάλιστα
3514 3115 3568 3168 οἱ
3629 3114 3688 3168 ἐκ
3715 3115 3812 3166 τοῦ

2180 3217 2187 3220 ,
2425 3212 2449 3220 -
2611 3213 2636 3220 _
2729 3209 2756 3219 ..
3135 3205 3146 3220 ,
3455 3202 3465 3220 .
3699 3201 3712 3220 .
3794 3199 3808 3218 ς

411 3175 625 3220 ηψπ-ιω
647 3175 796 3200 υιιιυ
832 3175 886 3196 lu
923 3175 1113 3210 νειμ-νυ
1155 3175 1291 3190 ῠυυιῡ
1349 3175 1767 3198 υνιιννυνν....-,
1802 3175 1886 3184 η--
1909 3175 2025 3182 ..ην

411 3253 534 3292 rem
570 3238 626 3290 et
657 3231 1071 3288 benefactorem
1100 3226 1404 3282 habituros
1433 3243 1447 3290 ;
1472 3222 1558 3276 sin
1587 3237 1685 3292 per
1724 3220 1970 3290 januam
1997 3219 2044 3272 et

2287 3175 2316 3194 γ,
2508 3175 2518 3192 ,
2645 3175 2654 3194 ,
2741 3175 2754 3188 ,
3221 3175 3231 3189 _

2163 3212 2452 3264 Λατινικοῦ
2537 3209 2760 3276 πεζικοῦ
2850 3205 3313 3283 συγκροτούμενοι
3381 3202 3628 3281 στίφους,

410 3343 527 3382 non
561 3321 728 3378 aliter
757 3318 981 3390 ingredi
1040 3313 1294 3387 cupienti
1351 3310 1691 3376 restiterint,
1744 3307 1946 3378 utique
2003 3303 2052 3360 si

411 3412 563 3470 ciam
597 3409 900 3480 ingressus
953 3411 1008 3460 et
1068 3400 1381 3474 imperium
1439 3395 1748 3454 latrocinio
1799 3393 2054 3465 quodam

410 3501 760 3557 consecutus
793 3493 986 3561 fuerit,
1011 3509 1074 3548 se
1103 3505 1344 3546 causam
1372 3487 1712 3542 habiturum
1736 3483 1820 3540 sic
1844 3480 2054 3554 agendi

409 3606 542 3646 cum
574 3588 658 3644 eis
687 3591 750 3640 ut
779 3585 1068 3640 immanes
1101 3581 1252 3644 ferae,
1303 3593 1431 3648 qua:
1481 3574 1665 3646 pulsis
1725 3570 2054 3644 pastoribus

411 3677 610 3734 caulas
643 3672 1044 3747 perfregerint.
1078 3671 1212 3735 Quae
1243 3683 1378 3722 cum
1403 3666 1709 3735 jactasset,
1742 3661 1862 3716 acie
1901 3659 2058 3715 velut

409 3767 484 3824 ad
515 3779 772 3838 pugnam
805 3763 1094 3817 instructa
1127 3758 1186 3812 in
1211 3761 1402 3812 castra
1427 3753 1753 3810 revertitur.
1775 3748 2058 3805 Postridie

412 3857 534 3914 sole
565 3859 689 3911 orto
713 3852 865 3908 493
898 3865 1105 3905 rursus
1137 3847 1210 3902 ad
1241 3845 1404 3901 urbis
1455 3843 1668 3898 mmnia
1709 3839 1967 3904 accedit;
2002 3840 2058 3892 et

411 3942 766 4010 exercitu,ad
797 3943 1125 3995 terrestrem
1185 3937 1434 4006 portam,
1492 3947 1614 4003 quae
1661 3927 1885 3984 Gbarsii
1919 3925 2058 3980 dici-

413 4034 595 4103 tur,in
619 4033 888 4086 dextrum
912 4027 1196 4082 etleevum
1237 4039 1418 4078 cornu
1465 4019 1770 4088 instructo,
1804 4016 2056 4070 mediam

413 4119 766 4193 phalangem
794 4117 919 4186 ipse
948 4112 1218 4168 obtinens
1239 4109 1431 4180 cepias
1455 4106 1595 4161 urbe
1616 4105 1831 4159 eﬂ'usas
1855 4117 2058 4174 aggre-

418 4211 595 4264 ditur.
657 4205 977 4274 Imperator
1033 4199 1190 4257 enim
1249 4213 1389 4254 suos
1441 4194 1655 4252 milites
1737 4209 1853 4250 non
1927 4197 2060 4248 tan-

405 4303 534 4353 tum
555 4297 702 4350 intra
734 4297 934 4364 portas
989 4289 1152 4345 urbis
1209 4288 1549 4355 collocarat,
1580 4286 1679 4340 sed
1743 4291 1800 4338 et
1833 4287 2056 4354 partem

407 4401 585 4458 quam
607 4381 950 4455 longissime
971 4393 1276 4435 excurrere
1293 4381 1453 4432 extra
1474 4375 1660 4430 fossas
1679 4379 1734 4428 et
1757 4389 1891 4428 cum
1919 4371 2056 4426 hos-

403 4475 563 4532 tibus
586 4471 860 4544 congredi
884 4475 940 4526 et
963 4468 1237 4540 fatigatos
1280 4463 1557 4521 hostibus
1603 4462 1950 4534 urgentibus
1980 4461 2052 4516 ad

3695 3199 3810 3256 ἐπεὶ

2162 3298 2252 3353 καὶ
2303 3295 2356 3352 ο⁹ί
2410 3303 2526 3358 τοῖς
2587 3296 2747 3364 ζῶσιν
2796 3293 2872 3349 ἔτι
2930 3293 3347 3364 συνεξητάζοντο
3378 3291 3438 3347 ἐκ
3465 3295 3562 3347 τοῦ
3595 3297 3810 3364 ζωγρη-

2164 3389 2347 3451 θέντος
2401 3383 2696 3442 Σικελικοῦ
2755 3383 3182 3459 στρατεύματός,
3237 3383 3460 3444 τούτους
3495 3383 3522 3436 ὁ
3555 3379 3811 3456 βασιλεὺς

2163 3484 2262 3548 τῆς
2307 3479 2544 3554 φρουρᾶς
2595 3477 2736 3537 ἀνεὶς
2794 3474 2884 3529 καὶ
2947 3471 3160 3546 δεσμῶν
3218 3469 3306 3528 καὶ
3338 3470 3640 3544 ὁπλισμοῖς
3681 3470 3813 3524 ὑπα-

2164 3571 2346 3646 γαγὼν
2401 3571 2537 3645 πρὸς
2595 3571 2802 3644 Βρανᾶν
2863 3566 3148 3622 ἀπέστειλε
3205 3567 3304 3636 τὴν
3373 3564 3426 3628 ἐς
3477 3564 3567 3620 τὸν
3639 3561 3812 3636 Αἶμον

2169 3659 2555 3732 στελλόμενον,
2614 3659 2702 3712 καὶ
2760 3656 2896 3726 ἦσαν
2959 3655 3218 3730 κρατίστη
3279 3653 3490 3734 φάλαγξ
3544 3657 3652 3708 τῶν
3685 3649 3812 3725 περὶ

2167 3751 2327 3806 αὐτὸν
2389 3752 2608 3819 πεζικὴ,
2685 3751 2896 3820 ἱππικῷ
2970 3749 3146 3822 θυρεῷ
3214 3746 3302 3800 καὶ
3361 3744 3494 3823 ξίφει
3549 3744 3814 3813 ἒπιμήκει

2166 3841 2256 3896 καὶ
2333 3837 2518 3914 δόρατι
2585 3839 2812 3913 ἐγχήρει
2870 3837 3254 3913 φραττόμενοι.
3318 3827 3814 3902 Ἐπιῦοηθῆσαντος

2170 3929 2228 3986 δὲ
2275 3931 2361 3984 καὶ
2413 3932 2509 3983 τοῦ
2566 3927 2700 3982 κατὰ
2755 3931 2890 3999 σφᾶς
2942 3926 3264 3987 ἱππεύοντος
3325 3925 3624 3999 τάγματος,
3683 3918 3821 3974 κατὰ

2167 4021 2362 4094 κράτος
2405 4018 2548 4072 οὕτω
2585 4015 2712 4076 τοὺς
2764 4016 2812 4086 ἐξ
2871 4013 3058 4076 ἇίστεος
3123 4015 3406 4090 τρέπονται
3466 4012 3539 4074 ὡς
3598 4009 3690 4064 καὶ
3716 4009 3816 4078 τὴν

2167 4110 2368 4185 τάφρον
2437 4107 2662 4168 ἄκοντας
2721 4101 2978 4174 διαϐῆναι
3032 4104 3122 4158 καὶ
3178 4106 3484 4178 προσφῦναι
3538 4105 3655 4162 τοῖς
3707 4099 3818 4154 τεί-

2169 4217 2342 4274 χεσιν·
2402 4195 2676 4268 ἐπήμυνον
2728 4191 2784 4248 δὲ
2833 4193 3016 4255 αὐτοῖς
3057 4194 3106 4247 o't
3153 4197 3258 4247 τῶν
3307 4195 3511 4268 τειχῶν
3555 4189 3815 4264 ὑπερφαι-

2167 4289 2403 4362 νόμενοι.
2461 4286 2562 4342 Καὶ
2619 4285 2686 4340 τὰ
2745 4284 2837 4357 μὶν
2892 4289 2992 4352 τῆς
3053 4282 3168 4346 τόθ’
3233 4279 3434 4356 ἡμέρας
3491 4279 3543 4334 ἐν
3601 4277 3815 4337 τούτοις

2168 4373 2378 4448 ἔληξενο
2414 4373 2710 4448 ἀνοχεύσας
2764 4371 2810 4427 δ’
2861 4371 2940 4450 ἐφ’
3003 4371 3236 4447 ἡμέραις
3295 4369 3452 4425 πέντε
3495 4369 3590 4429 τὰς
3621 4365 3818 4428 οἰκείας

2169 4461 2424 4538 δυνάμεις
2483 4464 2511 4517 ὁ
2549 4481 2807 4538 τυραννος
2865 4466 2974 4516 τῶν
3033 4460 3208 4514 αὐτῶν
3269 4459 3358 4514 καὶ
3415 4457 3582 4514 πάλιν
3635 4455 3818 4530 ἔχεται

407 4564 623 4621 moenia
644 4559 1197 4632 refugerejusserat,
1233 4561 1297 4609 ut
1339 4553 1413 4609 ab
1453 4553 1524 4608 iis
1573 4551 1672 4621 qui
1708 4553 1764 4606 in
1790 4550 2044 4606 turribus

2159 4557 2364 4624 πόνων,
2425 4559 2540 4616 τοῖς
2598 4548 2922 4627 περιϐόλοις
2982 4549 3203 4616 ἐπιστὰς
3231 4555 3331 4618 τῆς
3363 4547 3599 4610 πόλεως.
3635 4549 3820 4602 [Ιοιῶν

407 4651 1094 4724 starentjuvarentur.Ac
1119 4659 1302 4715 usque
1321 4643 1391 4698 ad
1413 4641 1715 4697 meridiem
1739 4639 1964 4710 sagittis
1996 4643 2054 4694 et

403 4742 616 4812 jaculis
640 4740 916 4810 utrinque
939 4737 1280 4792 dimicatum
1305 4737 1413 4802 est,
1445 4731 1644 4786 Branze
1675 4729 1924 4786 factione
1947 4729 2050 4784 ali-

409 4833 670 4904 quandiu
703 4827 972 4886 nonnihil
994 4825 1295 4898 superiore
1317 4824 1390 4879 ob
1411 4821 1540 4878 belli
1569 4837 1762 4882 usum,
1788 4824 1963 4891 atque
1993 4819 2052 4874 in

407 4937 475 4976 ea
501 4919 842 4974 Latinorum
905 4916 1164 4987 peditatu
1219 4911 1616 4984 potissimum.
1676 4909 1820 4965 Nam
1857 4907 1956 4978 qui
1985 4924 2054 4963 ex

403 5007 600 5065 Siculo
631 5007 879 5061 exercitu
913 5005 1105 5059 adhuc
1127 5003 1188 5058 in
1214 5003 1355 5056 vivis
1392 5005 1576 5064 erant,
1609 5014 1709 5053 eos
1739 4998 2056 5069 imperator

406 5095 674 5152 custodia
703 5099 760 5150 et
789 5092 1037 5149 vinculis
1066 5093 1345 5147 liberatos
1370 5089 1551 5144 armis
1570 5088 1719 5142 datis
1752 5087 1950 5142 Brants
1982 5087 2052 5141 ad

407 5185 667 5240 Haemum
701 5181 1092 5254 proficiscenti
1130 5180 1389 5246 miserat,
1423 5179 1520 5248 qui
1579 5175 1858 5248 optimam
1909 5175 2052 5246 pha-

409 5276 642 5345 langem
677 5272 1004 5343 pedestrem
1038 5267 1366 5341 eXplebant,
1399 5275 1567 5324 scuto
1605 5265 1884 5335 equestri,
1919 5281 2056 5336 prai-

407 5362 583 5433 longo
615 5377 754 5417 ense
785 5363 842 5415 et
874 5360 1070 5416 lancea
1101 5358 1332 5414 armati.
1369 5359 1510 5411 Cum
1543 5361 1735 5410 autem
1785 5354 2054 5426 equitum

413 5465 646 5523 quoque
678 5457 880 5504 turmae
915 5447 986 5504 iis
1016 5463 1184 5518 opem
1216 5443 1698 5510 tulisset,urbani
1739 5441 1790 5496 vi
1839 5443 2060 5516 pellun-

411 5545 530 5611 tur,
563 5542 621 5594 et
651 5537 916 5610 quamvis
943 5535 1132 5602 inviti,
1166 5534 1326 5589 fossa
1383 5535 1677 5601 superata,
1729 5531 1800 5585 ad
1848 5531 2058 5589 moenia

411 5645 473 5687 se
513 5627 824 5701 recipiunt,
879 5620 1416 5699 propugnatoribus
1476 5634 1574 5674 eos
1631 5618 2054 5691 adjutantibus.

2163 4642 2210 4699 δ’
2260 4639 2524 4722 ἐπίφοϐον
2574 4647 2690 4703 τοῖς
2743 4641 2999 4702 ἀστυκοῖς
3060 4639 3246 4694 ἑαυτὸν
3299 4635 3390 4692 καί
3425 4635 3819 4704 διαστασιάζειν

2159 4735 2225 4790 τὰ
2255 4731 2408 4788 ἔνδον
2441 4733 2808 4805 πειρώμενος,
2846 4731 3038 4804 μοῖράν
3097 4749 3220 4784 τινα
3279 4733 3379 4796 τῆς
3435 4727 3629 4782 ἑαυτοῦ
3663 4743 3822 4798 στρα-

2162 4829 2280 4886 τιᾶς
2329 4821 2704 4897 παρελόμενος
2755 4817 3018 4892 ἐκπέμπει
3077 4817 3213 4872 κατὰ
3257 4819 3356 4886 τήν
3407 4815 3626 4890 βόρειον
3671 4811 3822 4868 ἀντί-

2162 4914 2408 4986 πορθμον
2469 4917 2569 4979 τῆς
2628 4908 2844 4969 πόλεως
2919 4907 3180 4982 πλευρὰν,
3257 4907 3376 4974 ἣτις
3438 4906 3609 4982 πόρος
3677 4901 3816 4964 Βοὸς

2160 5000 2540 5071 κικλήσκεται,
2617 4997 2708 5075 ἀφ’
2781 4997 2851 5066 ἧς
2907 4998 3216 5074 καταφανής
3275 4994 3416 5050 ἐστιν
3477 4987 3716 5069 ἀκριϐῶς
3789 4991 3818 5044 ὁ

2168 5088 2332 5164 μέχρι
2409 5093 2514 5142 τῶν
2593 5086 2645 5141 ἕν
2727 5084 3063 5164 Βλαχέρναις
3140 5083 3449 5154 ἀνακτόρων
3519 5081 3816 5154 συρόμενος

2163 5178 2450 5241 θαλάττιος
2511 5175 2702 5246 ὁλκὸς,
2775 5177 2863 5231 καὶ
2941 5175 3040 5229 ὅσα
3116 5173 3252 5249 πρὸς
3329 5171 3522 5245 ἄνεμον
3611 5169 3819 5246 Βοῤῥᾶν

2164 5265 2529 5323 ἐπινενεύκασι
2593 5266 2730 5340 μέρη
2783 5273 2884 5334 τῆς
2933 5262 3176 5325 πόλεως.
3229 5261 3332 5319 Καὶ
3381 5259 3440 5315 οἳ
3489 5281 3548 5336 γε
3604 5259 3664 5314 τὸ
3697 5259 3824 5313 ἐπι-

2163 5359 2539 5430 τετραμμένον
2592 5354 2740 5411 τέλει
2802 5352 3067 5424 διδόντες,
3127 5353 3251 5413 τοὺς
3311 5351 3483 5405 ἐκεῖσέ
3509 5370 3584 5420 πη
3623 5347 3830 5422 μετεώ-

2167 5468 2295 5524 ρους
2325 5445 2617 5526 γηλόφους
2677 5445 2918 5507 ἀνιόντες
2967 5443 3062 5505 τὰς
3115 5441 3354 5516 σημαίας
3410 5439 3722 5512 ἠνέμωσαν.
3767 5437 3829 5494 Ὁ

2168 5535 2226 5592 δὲ
2256 5536 2420 5606 ἣλιος
2475 5541 2602 5596 τοῖς
2659 5533 2888 5607 θώραξιν
2935 5533 3224 5604 ἐμπίπτων
3253 5531 3345 5586 καὶ
3373 5535 3489 5590 τοῖς
3521 5533 3627 5585 τῶν
3663 5546 3828 5602 στρα-

2166 5605 2378 5683 τιωτῶν
2450 5605 2824 5701 προσϐάλλων
2879 5621 3076 5700 θώραξι
3148 5622 3504 5696 νεοσμήκτοις
3561 5618 3677 5674 οὗσι
3735 5605 3828 5672 καὶ
