  <div class='ocr_page' id='page_1' title='image "/cluster/home/n/w/nwhite01/storage/ocr_20150623/139/mdp.39015078384214/380.png"; bbox 0 0 4126 6294; ppageno 0'>
   <div class='ocr_carea' id='block_1_1' title="bbox 272 354 390 422">
    <p class='ocr_par' dir='ltr' id='par_1_1' title="bbox 272 354 390 422">
     <span class='ocr_line' id='line_1_1' title="bbox 272 354 390 422; baseline -0.017 0"><span class='ocrx_word' id='word_1_1' title='bbox 272 354 390 422; x_wconf 65' lang='lat' dir='ltr'><strong>7M</strong></span> 
     </span>
    </p>
   </div>
   <div class='ocr_carea' id='block_1_2' title="bbox 1437 346 2534 420">
    <p class='ocr_par' dir='ltr' id='par_1_2' title="bbox 1437 346 2534 420">
     <span class='ocr_line' id='line_1_2' title="bbox 1437 346 2534 420; baseline -0.003 -2"><span class='ocrx_word' id='word_1_2' title='bbox 1437 355 1541 418; x_wconf 90' lang='lat' dir='ltr'><strong>DE</strong></span> <span class='ocrx_word' id='word_1_3' title='bbox 1584 350 1884 420; x_wconf 82' lang='lat' dir='ltr'><strong>lSAAClO</strong></span> <span class='ocrx_word' id='word_1_4' title='bbox 1925 346 2248 417; x_wconf 69' lang='lat' dir='ltr'><strong>ANGELO</strong></span> <span class='ocrx_word' id='word_1_5' title='bbox 2293 351 2437 417; x_wconf 88' lang='lat' dir='ltr'><strong>LIB.</strong></span> <span class='ocrx_word' id='word_1_6' title='bbox 2485 355 2534 415; x_wconf 95' lang='grc' dir='ltr'>Ι.</span> 
     </span>
    </p>
   </div>
   <div class='ocr_carea' id='block_1_3' title="bbox 3576 356 3695 419">
    <p class='ocr_par' dir='ltr' id='par_1_3' title="bbox 3576 356 3695 419">
     <span class='ocr_line' id='line_1_3' title="bbox 3576 356 3695 419; baseline 0.034 -4"><span class='ocrx_word' id='word_1_7' title='bbox 3576 356 3695 419; x_wconf 75' lang='lat' dir='ltr'><strong>7n</strong></span> 
     </span>
    </p>
   </div>
   <div class='ocr_carea' id='block_1_4' title="bbox 267 488 1956 564">
    <p class='ocr_par' dir='ltr' id='par_1_4' title="bbox 267 488 1937 564">
     <span class='ocr_line' id='line_1_4' title="bbox 267 488 1937 564; baseline -0.003 -16"><span class='ocrx_word' id='word_1_8' title='bbox 267 491 460 555; x_wconf 84' lang='grc' dir='ltr'>’λείοις</span> <span class='ocrx_word' id='word_1_9' title='bbox 523 489 696 547; x_wconf 82' lang='grc' dir='ltr'>ἐποίει</span> <span class='ocrx_word' id='word_1_10' title='bbox 764 488 1177 555; x_wconf 78' lang='grc' dir='ltr'><strong>ἀποπάλλεσθαι</strong></span> <span class='ocrx_word' id='word_1_11' title='bbox 1243 489 1451 546; x_wconf 68' lang='grc' dir='ltr'>τούτων</span> <span class='ocrx_word' id='word_1_12' title='bbox 1513 490 1651 546; x_wconf 83' lang='grc' dir='ltr'>κατᾶ</span> <span class='ocrx_word' id='word_1_13' title='bbox 1713 490 1937 564; x_wconf 72' lang='grc' dir='ltr'>καμπὴν</span> 
     </span>
    </p>
   </div>
   <div class='ocr_carea' id='block_1_5' title="bbox 2064 488 3699 564">
    <p class='ocr_par' dir='ltr' id='par_1_5' title="bbox 2064 489 3699 564">
     <span class='ocr_line' id='line_1_5' title="bbox 2064 489 3699 564; baseline 0.003 -17"><span class='ocrx_word' id='word_1_14' title='bbox 2064 490 2356 564; x_wconf 69' lang='lat' dir='ltr'><strong>Tyrannus</strong></span> <span class='ocrx_word' id='word_1_15' title='bbox 2376 505 2510 547; x_wconf 92' lang='lat' dir='ltr'><strong>vero</strong></span> <span class='ocrx_word' id='word_1_16' title='bbox 2526 489 2651 547; x_wconf 82' lang='lat' dir='ltr'><strong>suis</strong></span> <span class='ocrx_word' id='word_1_17' title='bbox 2673 492 2742 547; x_wconf 90' lang='lat' dir='ltr'><strong>ad</strong></span> <span class='ocrx_word' id='word_1_18' title='bbox 2768 492 2923 551; x_wconf 56' lang='grc' dir='ltr'>σοι</span> <span class='ocrx_word' id='word_1_19' title='bbox 2953 493 3078 549; x_wconf 88' lang='lat' dir='ltr'><strong>dies</strong></span> <span class='ocrx_word' id='word_1_20' title='bbox 3112 510 3145 548; x_wconf 90' lang='lat' dir='ltr'><strong>v</strong></span> <span class='ocrx_word' id='word_1_21' title='bbox 3175 494 3449 550; x_wconf 79' lang='lat' dir='ltr'><strong>recreatis</strong></span> <span class='ocrx_word' id='word_1_22' title='bbox 3491 511 3699 552; x_wconf 93' lang='lat' dir='ltr'><strong>rursus</strong></span> 
     </span>
    </p>
   </div>
   <div class='ocr_carea' id='block_1_6' title="bbox 284 577 1948 657">
    <p class='ocr_par' dir='ltr' id='par_1_6' title="bbox 284 577 1948 657">
     <span class='ocr_line' id='line_1_6' title="bbox 284 577 1948 657; baseline -0.002 -20"><span class='ocrx_word' id='word_1_23' title='bbox 284 583 381 637; x_wconf 77' lang='grc' dir='ltr'><strong>καὶ</strong></span> <span class='ocrx_word' id='word_1_24' title='bbox 428 578 689 638; x_wconf 73' lang='grc' dir='ltr'><strong>ἐπάνοδον</strong></span> <span class='ocrx_word' id='word_1_25' title='bbox 744 583 854 636; x_wconf 83' lang='grc' dir='ltr'><strong>τῶν</strong></span> <span class='ocrx_word' id='word_1_26' title='bbox 923 579 1151 636; x_wconf 82' lang='grc' dir='ltr'>ἀκτίνων</span> <span class='ocrx_word' id='word_1_27' title='bbox 1225 580 1640 657; x_wconf 77' lang='grc' dir='ltr'>σελαγισμάτων</span> <span class='ocrx_word' id='word_1_28' title='bbox 1707 577 1948 654; x_wconf 79' lang='grc' dir='ltr'>ἐκπυρη-</span> 
     </span>
    </p>
   </div>
   <div class='ocr_carea' id='block_1_7' title="bbox 292 666 1951 745">
    <p class='ocr_par' dir='ltr' id='par_1_7' title="bbox 292 666 1951 745">
     <span class='ocr_line' id='line_1_7' title="bbox 292 666 1951 745; baseline 0 -20"><span class='ocrx_word' id='word_1_29' title='bbox 292 673 555 744; x_wconf 63' lang='grc' dir='ltr'>νίσματα,</span> <span class='ocrx_word' id='word_1_30' title='bbox 614 670 692 732; x_wconf 83' lang='grc' dir='ltr'>ὡς</span> <span class='ocrx_word' id='word_1_31' title='bbox 748 670 864 724; x_wconf 77' lang='grc' dir='ltr'>καθ’</span> <span class='ocrx_word' id='word_1_32' title='bbox 943 668 1245 745; x_wconf 80' lang='grc' dir='ltr'>ὁμηγόρεις</span> <span class='ocrx_word' id='word_1_33' title='bbox 1302 670 1394 725; x_wconf 81' lang='grc' dir='ltr'>τὸν</span> <span class='ocrx_word' id='word_1_34' title='bbox 1456 668 1681 724; x_wconf 87' lang='grc' dir='ltr'>ἀστυκὸν</span> <span class='ocrx_word' id='word_1_35' title='bbox 1751 666 1951 725; x_wconf 76' lang='grc' dir='ltr'>συλλέ-</span> 
     </span>
    </p>
   </div>
   <div class='ocr_carea' id='block_1_8' title="bbox 295 756 1949 838">
    <p class='ocr_par' dir='ltr' id='par_1_8' title="bbox 295 756 1949 838">
     <span class='ocr_line' id='line_1_8' title="bbox 295 756 1949 838; baseline -0.001 -23"><span class='ocrx_word' id='word_1_36' title='bbox 295 771 484 838; x_wconf 82' lang='grc' dir='ltr'>γεσθαι</span> <span class='ocrx_word' id='word_1_37' title='bbox 531 756 708 832; x_wconf 74' lang='grc' dir='ltr'>δῆμον</span> <span class='ocrx_word' id='word_1_38' title='bbox 763 758 840 821; x_wconf 84' lang='grc' dir='ltr'><strong>είς</strong></span> <span class='ocrx_word' id='word_1_39' title='bbox 890 759 956 815; x_wconf 73' lang='grc' dir='ltr'>τὰ</span> <span class='ocrx_word' id='word_1_40' title='bbox 1014 758 1347 831; x_wconf 74' lang='grc' dir='ltr'><strong>ἀνεστηκότα</strong></span> <span class='ocrx_word' id='word_1_41' title='bbox 1401 765 1501 828; x_wconf 80' lang='grc' dir='ltr'><strong>τῆς</strong></span> <span class='ocrx_word' id='word_1_42' title='bbox 1566 757 1782 821; x_wconf 89' lang='grc' dir='ltr'>πόλεως</span> <span class='ocrx_word' id='word_1_43' title='bbox 1838 759 1949 834; x_wconf 80' lang='grc' dir='ltr'>γή-</span> 
     </span>
    </p>
   </div>
   <div class='ocr_carea' id='block_1_9' title="bbox 303 845 1948 928">
    <p class='ocr_par' dir='ltr' id='par_1_9' title="bbox 303 845 1948 928">
     <span class='ocr_line' id='line_1_9' title="bbox 303 845 1948 928; baseline -0.003 -22"><span class='ocrx_word' id='word_1_44' title='bbox 303 850 449 928; x_wconf 86' lang='grc' dir='ltr'>λοφα</span> <span class='ocrx_word' id='word_1_45' title='bbox 476 848 562 904; x_wconf 84' lang='grc' dir='ltr'><strong>καὶ</strong></span> <span class='ocrx_word' id='word_1_46' title='bbox 613 848 680 902; x_wconf 82' lang='grc' dir='ltr'><strong>τὰ</strong></span> <span class='ocrx_word' id='word_1_47' title='bbox 725 848 1072 925; x_wconf 84' lang='grc' dir='ltr'>πραττόμενα</span> <span class='ocrx_word' id='word_1_48' title='bbox 1116 850 1332 904; x_wconf 72' lang='grc' dir='ltr'>θεᾶσθαι</span> <span class='ocrx_word' id='word_1_49' title='bbox 1397 847 1487 903; x_wconf 81' lang='grc' dir='ltr'><strong>καὶ</strong></span> <span class='ocrx_word' id='word_1_50' title='bbox 1543 845 1633 902; x_wconf 81' lang='grc' dir='ltr'>διὰ</span> <span class='ocrx_word' id='word_1_51' title='bbox 1687 846 1948 903; x_wconf 79' lang='grc' dir='ltr'><strong>πλείστου</strong></span> 
     </span>
    </p>
   </div>
   <div class='ocr_carea' id='block_1_10' title="bbox 297 935 1947 1012">
    <p class='ocr_par' dir='ltr' id='par_1_10' title="bbox 297 935 1947 1012">
     <span class='ocr_line' id='line_1_10' title="bbox 297 935 1947 1012; baseline -0.001 -19"><span class='ocrx_word' id='word_1_52' title='bbox 297 938 536 1003; x_wconf 82' lang='grc' dir='ltr'>τίθεσθαι</span> <span class='ocrx_word' id='word_1_53' title='bbox 603 937 900 1012; x_wconf 77' lang='grc' dir='ltr'>Θαόματος.</span> <span class='ocrx_word' id='word_1_54' title='bbox 969 939 1123 997; x_wconf 76' lang='grc' dir='ltr'>Μετὰ</span> <span class='ocrx_word' id='word_1_55' title='bbox 1194 935 1252 993; x_wconf 78' lang='grc' dir='ltr'><strong>δὲ</strong></span> <span class='ocrx_word' id='word_1_56' title='bbox 1299 942 1459 993; x_wconf 74' lang='grc' dir='ltr'>τοῦτο</span> <span class='ocrx_word' id='word_1_57' title='bbox 1515 938 1609 993; x_wconf 85' lang='grc' dir='ltr'><strong>καὶ</strong></span> <span class='ocrx_word' id='word_1_58' title='bbox 1664 936 1792 999; x_wconf 74' lang='grc' dir='ltr'>τοὺς</span> <span class='ocrx_word' id='word_1_59' title='bbox 1846 943 1947 1006; x_wconf 79' lang='grc' dir='ltr'>τῆς</span> 
     </span>
    </p>
   </div>
   <div class='ocr_carea' id='block_1_11' title="bbox 293 1024 1947 1103">
    <p class='ocr_par' dir='ltr' id='par_1_11' title="bbox 293 1024 1947 1103">
     <span class='ocr_line' id='line_1_11' title="bbox 293 1024 1947 1103; baseline -0.001 -20"><span class='ocrx_word' id='word_1_60' title='bbox 293 1024 662 1103; x_wconf 77' lang='grc' dir='ltr'>Προποντίδος</span> <span class='ocrx_word' id='word_1_61' title='bbox 726 1027 1024 1102; x_wconf 80' lang='grc' dir='ltr'>οἰκήτορας</span> <span class='ocrx_word' id='word_1_62' title='bbox 1114 1026 1190 1091; x_wconf 73' lang='grc' dir='ltr'>εἷς</span> <span class='ocrx_word' id='word_1_63' title='bbox 1259 1025 1481 1091; x_wconf 73' lang='grc' dir='ltr'>ἑαυτοὺς</span> <span class='ocrx_word' id='word_1_64' title='bbox 1556 1025 1947 1097; x_wconf 83' lang='grc' dir='ltr'><strong>ἐπεσπάσαντο,</strong></span> 
     </span>
    </p>
   </div>
   <div class='ocr_carea' id='block_1_12' title="bbox 300 1113 1950 1191">
    <p class='ocr_par' dir='ltr' id='par_1_12' title="bbox 300 1113 1950 1191">
     <span class='ocr_line' id='line_1_12' title="bbox 300 1113 1950 1191; baseline -0.001 -21"><span class='ocrx_word' id='word_1_65' title='bbox 300 1113 357 1170; x_wconf 72' lang='grc' dir='ltr'>οἵ</span> <span class='ocrx_word' id='word_1_66' title='bbox 393 1115 582 1191; x_wconf 81' lang='grc' dir='ltr'>μάχης</span> <span class='ocrx_word' id='word_1_67' title='bbox 619 1116 714 1188; x_wconf 77' lang='grc' dir='ltr'>μὲν</span> <span class='ocrx_word' id='word_1_68' title='bbox 746 1114 809 1170; x_wconf 78' lang='grc' dir='ltr'>οὐ</span> <span class='ocrx_word' id='word_1_69' title='bbox 838 1116 1035 1176; x_wconf 86' lang='grc' dir='ltr'>πάντες</span> <span class='ocrx_word' id='word_1_70' title='bbox 1078 1113 1318 1191; x_wconf 62' lang='grc' dir='ltr'>ἵστορες,</span> <span class='ocrx_word' id='word_1_71' title='bbox 1366 1117 1557 1186; x_wconf 81' lang='grc' dir='ltr'>κώπην</span> <span class='ocrx_word' id='word_1_72' title='bbox 1611 1113 1659 1169; x_wconf 85' lang='grc' dir='ltr'><strong>δ’</strong></span> <span class='ocrx_word' id='word_1_73' title='bbox 1706 1114 1950 1171; x_wconf 63' lang='grc' dir='ltr'>ἐλαύνειν</span> 
     </span>
    </p>
   </div>
   <div class='ocr_carea' id='block_1_13' title="bbox 298 1201 1947 1280">
    <p class='ocr_par' dir='ltr' id='par_1_13' title="bbox 298 1201 1947 1280">
     <span class='ocr_line' id='line_1_13' title="bbox 298 1201 1947 1280; baseline -0.002 -19"><span class='ocrx_word' id='word_1_74' title='bbox 298 1204 624 1278; x_wconf 71' lang='grc' dir='ltr'>παμπληθεὶ</span> <span class='ocrx_word' id='word_1_75' title='bbox 684 1205 919 1279; x_wconf 78' lang='grc' dir='ltr'>ἄριστοι.</span> <span class='ocrx_word' id='word_1_76' title='bbox 977 1206 1133 1269; x_wconf 85' lang='grc' dir='ltr'><strong>Ὅθεν</strong></span> <span class='ocrx_word' id='word_1_77' title='bbox 1185 1207 1254 1261; x_wconf 74' lang='grc' dir='ltr'><strong>τὰ</strong></span> <span class='ocrx_word' id='word_1_78' title='bbox 1319 1205 1454 1279; x_wconf 85' lang='grc' dir='ltr'>πρὸς</span> <span class='ocrx_word' id='word_1_79' title='bbox 1515 1203 1726 1279; x_wconf 77' lang='grc' dir='ltr'>ἶχθόων</span> <span class='ocrx_word' id='word_1_80' title='bbox 1784 1201 1947 1280; x_wconf 74' lang='grc' dir='ltr'>ἄγραν</span> 
     </span>
    </p>
   </div>
   <div class='ocr_carea' id='block_1_14' title="bbox 299 1293 1952 1373">
    <p class='ocr_par' dir='ltr' id='par_1_14' title="bbox 299 1293 1952 1373">
     <span class='ocr_line' id='line_1_14' title="bbox 299 1293 1952 1373; baseline 0.001 -25"><span class='ocrx_word' id='word_1_81' title='bbox 299 1296 429 1369; x_wconf 85' lang='grc' dir='ltr'>παρ’</span> <span class='ocrx_word' id='word_1_82' title='bbox 479 1293 657 1348; x_wconf 76' lang='grc' dir='ltr'>αὐτῶν</span> <span class='ocrx_word' id='word_1_83' title='bbox 723 1294 1145 1370; x_wconf 78' lang='grc' dir='ltr'>ναυπηγούμενα</span> <span class='ocrx_word' id='word_1_84' title='bbox 1211 1295 1387 1373; x_wconf 77' lang='grc' dir='ltr'>σκάφη</span> <span class='ocrx_word' id='word_1_85' title='bbox 1458 1295 1535 1357; x_wconf 85' lang='grc' dir='ltr'><strong>είς</strong></span> <span class='ocrx_word' id='word_1_86' title='bbox 1602 1302 1952 1366; x_wconf 75' lang='grc' dir='ltr'>πολεμιστη-</span> 
     </span>
    </p>
   </div>
   <div class='ocr_carea' id='block_1_15' title="bbox 299 1381 1949 1462">
    <p class='ocr_par' dir='ltr' id='par_1_15' title="bbox 299 1381 1949 1462">
     <span class='ocr_line' id='line_1_15' title="bbox 299 1381 1949 1462; baseline -0.001 -24"><span class='ocrx_word' id='word_1_87' title='bbox 299 1385 454 1462; x_wconf 85' lang='grc' dir='ltr'>ρίους</span> <span class='ocrx_word' id='word_1_88' title='bbox 510 1383 909 1458; x_wconf 77' lang='grc' dir='ltr'>συνεκρότησαν</span> <span class='ocrx_word' id='word_1_89' title='bbox 1003 1383 1153 1438; x_wconf 78' lang='grc' dir='ltr'>οὗτοι</span> <span class='ocrx_word' id='word_1_90' title='bbox 1215 1387 1365 1452; x_wconf 74' lang='grc' dir='ltr'>ναῦς,</span> <span class='ocrx_word' id='word_1_91' title='bbox 1453 1383 1623 1437; x_wconf 80' lang='grc' dir='ltr'>σανίσι</span> <span class='ocrx_word' id='word_1_92' title='bbox 1693 1381 1949 1456; x_wconf 78' lang='grc' dir='ltr'>παχείαις</span> 
     </span>
    </p>
   </div>
   <div class='ocr_carea' id='block_1_16' title="bbox 295 1468 1952 1551">
    <p class='ocr_par' dir='ltr' id='par_1_16' title="bbox 295 1468 1952 1551">
     <span class='ocr_line' id='line_1_16' title="bbox 295 1468 1952 1551; baseline -0.004 -21"><span class='ocrx_word' id='word_1_93' title='bbox 295 1469 623 1548; x_wconf 72' lang='grc' dir='ltr'>ἑκατέρωθεν</span> <span class='ocrx_word' id='word_1_94' title='bbox 679 1473 818 1527; x_wconf 78' lang='grc' dir='ltr'>αὐτὰ</span> <span class='ocrx_word' id='word_1_95' title='bbox 874 1470 1242 1551; x_wconf 76' lang='grc' dir='ltr'><strong>διειληφότες,</strong></span> <span class='ocrx_word' id='word_1_96' title='bbox 1303 1473 1392 1527; x_wconf 86' lang='grc' dir='ltr'><strong>καὶ</strong></span> <span class='ocrx_word' id='word_1_97' title='bbox 1460 1473 1512 1527; x_wconf 79' lang='grc' dir='ltr'>οἱ</span> <span class='ocrx_word' id='word_1_98' title='bbox 1574 1472 1667 1544; x_wconf 73' lang='grc' dir='ltr'>μὲν</span> <span class='ocrx_word' id='word_1_99' title='bbox 1723 1468 1952 1548; x_wconf 81' lang='grc' dir='ltr'>σφενδό-</span> 
     </span>
    </p>
   </div>
   <div class='ocr_carea' id='block_1_17' title="bbox 276 1555 1948 1638">
    <p class='ocr_par' dir='ltr' id='par_1_17' title="bbox 276 1555 1948 1638">
     <span class='ocr_line' id='line_1_17' title="bbox 276 1555 1948 1638; baseline -0.002 -17"><span class='ocrx_word' id='word_1_100' title='bbox 276 1582 408 1627; x_wconf 82' lang='grc' dir='ltr'>’ναις</span> <span class='ocrx_word' id='word_1_101' title='bbox 454 1562 789 1631; x_wconf 74' lang='grc' dir='ltr'>ὡπλίσαντο,</span> <span class='ocrx_word' id='word_1_102' title='bbox 840 1564 891 1617; x_wconf 82' lang='grc' dir='ltr'>οἱ</span> <span class='ocrx_word' id='word_1_103' title='bbox 942 1560 1000 1617; x_wconf 73' lang='grc' dir='ltr'><strong>δὲ</strong></span> <span class='ocrx_word' id='word_1_104' title='bbox 1041 1562 1170 1632; x_wconf 77' lang='grc' dir='ltr'>τόξα</span> <span class='ocrx_word' id='word_1_105' title='bbox 1219 1563 1310 1617; x_wconf 86' lang='grc' dir='ltr'>καί</span> <span class='ocrx_word' id='word_1_106' title='bbox 1358 1562 1603 1638; x_wconf 79' lang='grc' dir='ltr'>γωρυτὸν</span> <span class='ocrx_word' id='word_1_107' title='bbox 1665 1555 1948 1619; x_wconf 71' lang='grc' dir='ltr'>ἀνέλαϐον.</span> 
     </span>
    </p>
   </div>
   <div class='ocr_carea' id='block_1_18' title="bbox 296 1652 1949 1730">
    <p class='ocr_par' dir='ltr' id='par_1_18' title="bbox 296 1652 1949 1730">
     <span class='ocr_line' id='line_1_18' title="bbox 296 1652 1949 1730; baseline -0.002 -19"><span class='ocrx_word' id='word_1_108' title='bbox 296 1657 401 1715; x_wconf 82' lang='grc' dir='ltr'><strong>Καὶ</strong></span> <span class='ocrx_word' id='word_1_109' title='bbox 457 1654 632 1718; x_wconf 71' lang='grc' dir='ltr'>οὕτως</span> <span class='ocrx_word' id='word_1_110' title='bbox 690 1655 767 1719; x_wconf 86' lang='grc' dir='ltr'><strong>είς</strong></span> <span class='ocrx_word' id='word_1_111' title='bbox 825 1654 1079 1730; x_wconf 73' lang='grc' dir='ltr'>ἀρεϊκοὺς</span> <span class='ocrx_word' id='word_1_112' title='bbox 1138 1652 1334 1729; x_wconf 75' lang='grc' dir='ltr'>ἃνδρας</span> <span class='ocrx_word' id='word_1_113' title='bbox 1419 1653 1479 1709; x_wconf 85' lang='grc' dir='ltr'><strong>ἐκ</strong></span> <span class='ocrx_word' id='word_1_114' title='bbox 1536 1652 1949 1709; x_wconf 86' lang='grc' dir='ltr'>δικτυοπλόκων</span> 
     </span>
    </p>
   </div>
   <div class='ocr_carea' id='block_1_19' title="bbox 298 1742 1950 1820">
    <p class='ocr_par' dir='ltr' id='par_1_19' title="bbox 298 1742 1950 1820">
     <span class='ocr_line' id='line_1_19' title="bbox 298 1742 1950 1820; baseline -0.001 -19"><span class='ocrx_word' id='word_1_115' title='bbox 298 1744 819 1820; x_wconf 73' lang='grc' dir='ltr'>μετασκευασθὲντες</span> <span class='ocrx_word' id='word_1_116' title='bbox 894 1743 1031 1799; x_wconf 78' lang='grc' dir='ltr'>κατὰ</span> <span class='ocrx_word' id='word_1_117' title='bbox 1103 1747 1212 1798; x_wconf 87' lang='grc' dir='ltr'><strong>τῶν</strong></span> <span class='ocrx_word' id='word_1_118' title='bbox 1291 1742 1590 1818; x_wconf 74' lang='grc' dir='ltr'>βασιλικῶν</span> <span class='ocrx_word' id='word_1_119' title='bbox 1669 1745 1752 1816; x_wconf 82' lang='grc' dir='ltr'><strong>[Ρ.</strong></span> <span class='ocrx_word' id='word_1_120' title='bbox 1823 1744 1950 1815; x_wconf 81' lang='grc'><strong>243]</strong></span> 
     </span>
    </p>
   </div>
   <div class='ocr_carea' id='block_1_20' title="bbox 303 1830 2030 1930">
    <p class='ocr_par' dir='ltr' id='par_1_20' title="bbox 303 1830 2030 1930">
     <span class='ocr_line' id='line_1_20' title="bbox 303 1830 2030 1930; baseline -0.003 -40"><span class='ocrx_word' id='word_1_121' title='bbox 303 1833 560 1913; x_wconf 76' lang='grc' dir='ltr'>ίσχόουσι</span> <span class='ocrx_word' id='word_1_122' title='bbox 610 1834 698 1897; x_wconf 77' lang='grc' dir='ltr'><strong>καὶ</strong></span> <span class='ocrx_word' id='word_1_123' title='bbox 750 1836 1130 1908; x_wconf 84' lang='grc' dir='ltr'>κραταιοῦνται</span> <span class='ocrx_word' id='word_1_124' title='bbox 1188 1831 1475 1908; x_wconf 76' lang='grc' dir='ltr'>τριηρέων,</span> <span class='ocrx_word' id='word_1_125' title='bbox 1538 1830 1593 1886; x_wconf 75' lang='grc' dir='ltr'>α⁹ί</span> <span class='ocrx_word' id='word_1_126' title='bbox 1647 1834 1747 1902; x_wconf 65' lang='grc' dir='ltr'><strong>τὴν</strong></span> <span class='ocrx_word' id='word_1_127' title='bbox 1791 1830 1953 1895; x_wconf 79' lang='grc' dir='ltr'>πόλιν</span> <span class='ocrx_word' id='word_1_128' title='bbox 1983 1865 2030 1930; x_wconf 82' lang='grc' dir='ltr'><strong>Β</strong></span> 
     </span>
    </p>
   </div>
   <div class='ocr_carea' id='block_1_21' title="bbox 304 1921 1954 1997">
    <p class='ocr_par' dir='ltr' id='par_1_21' title="bbox 304 1921 1954 1997">
     <span class='ocr_line' id='line_1_21' title="bbox 304 1921 1954 1997; baseline -0.003 -17"><span class='ocrx_word' id='word_1_129' title='bbox 304 1929 622 1997; x_wconf 69' lang='grc' dir='ltr'>περιιοῦσαι</span> <span class='ocrx_word' id='word_1_130' title='bbox 685 1921 781 1985; x_wconf 74' lang='grc' dir='ltr'><strong>τὰς</strong></span> <span class='ocrx_word' id='word_1_131' title='bbox 849 1921 910 1977; x_wconf 84' lang='grc' dir='ltr'><strong>ἐκ</strong></span> <span class='ocrx_word' id='word_1_132' title='bbox 971 1926 1069 1977; x_wconf 68' lang='grc' dir='ltr'><strong>τοῦ</strong></span> <span class='ocrx_word' id='word_1_133' title='bbox 1135 1922 1535 1997; x_wconf 80' lang='grc' dir='ltr'>στρατεύματος</span> <span class='ocrx_word' id='word_1_134' title='bbox 1598 1925 1695 1976; x_wconf 79' lang='grc' dir='ltr'><strong>τοῦ</strong></span> <span class='ocrx_word' id='word_1_135' title='bbox 1778 1924 1954 1997; x_wconf 78' lang='grc' dir='ltr'>Βρανᾶ</span> 
     </span>
    </p>
   </div>
   <div class='ocr_carea' id='block_1_22' title="bbox 297 2008 1953 2089">
    <p class='ocr_par' dir='ltr' id='par_1_22' title="bbox 297 2008 1953 2089">
     <span class='ocr_line' id='line_1_22' title="bbox 297 2008 1953 2089; baseline -0.002 -20"><span class='ocrx_word' id='word_1_136' title='bbox 297 2012 614 2089; x_wconf 70' lang='grc' dir='ltr'>νυκτερινὰς</span> <span class='ocrx_word' id='word_1_137' title='bbox 661 2008 889 2089; x_wconf 75' lang='grc' dir='ltr'>ἐφόδους</span> <span class='ocrx_word' id='word_1_138' title='bbox 937 2010 1200 2066; x_wconf 78' lang='grc' dir='ltr'>ἐσκόπουν</span> <span class='ocrx_word' id='word_1_139' title='bbox 1245 2011 1336 2067; x_wconf 87' lang='grc' dir='ltr'><strong>καὶ</strong></span> <span class='ocrx_word' id='word_1_140' title='bbox 1388 2011 1613 2085; x_wconf 81' lang='grc' dir='ltr'>ἐτήρουν</span> <span class='ocrx_word' id='word_1_141' title='bbox 1673 2008 1953 2085; x_wconf 79' lang='grc' dir='ltr'>ἐπιμελῶς</span> 
     </span>
    </p>
   </div>
   <div class='ocr_carea' id='block_1_23' title="bbox 290 2096 1956 2178">
    <p class='ocr_par' dir='ltr' id='par_1_23' title="bbox 290 2096 1956 2178">
     <span class='ocr_line' id='line_1_23' title="bbox 290 2096 1956 2178; baseline -0.004 -19"><span class='ocrx_word' id='word_1_142' title='bbox 290 2104 388 2159; x_wconf 88' lang='grc' dir='ltr'>τὸν</span> <span class='ocrx_word' id='word_1_143' title='bbox 418 2100 690 2176; x_wconf 70' lang='grc' dir='ltr'>πορθμὸν,</span> <span class='ocrx_word' id='word_1_144' title='bbox 726 2101 803 2173; x_wconf 78' lang='grc' dir='ltr'>μὴ</span> <span class='ocrx_word' id='word_1_145' title='bbox 837 2121 953 2162; x_wconf 90' lang='grc' dir='ltr'><strong>πως</strong></span> <span class='ocrx_word' id='word_1_146' title='bbox 1016 2101 1115 2170; x_wconf 80' lang='grc' dir='ltr'>τὴν</span> <span class='ocrx_word' id='word_1_147' title='bbox 1161 2097 1250 2154; x_wconf 76' lang='grc' dir='ltr'>διὰ</span> <span class='ocrx_word' id='word_1_148' title='bbox 1296 2104 1404 2155; x_wconf 86' lang='grc' dir='ltr'><strong>τῶν</strong></span> <span class='ocrx_word' id='word_1_149' title='bbox 1449 2098 1720 2178; x_wconf 79' lang='grc' dir='ltr'>χερσαίων</span> <span class='ocrx_word' id='word_1_150' title='bbox 1766 2096 1956 2153; x_wconf 85' lang='grc' dir='ltr'>πυλῶν</span> 
     </span>
    </p>
   </div>
   <div class='ocr_carea' id='block_1_24' title="bbox 292 2186 1952 2265">
    <p class='ocr_par' dir='ltr' id='par_1_24' title="bbox 292 2186 1952 2265">
     <span class='ocr_line' id='line_1_24' title="bbox 292 2186 1952 2265; baseline -0.004 -17"><span class='ocrx_word' id='word_1_151' title='bbox 292 2187 537 2265; x_wconf 82' lang='grc' dir='ltr'>πάροδον</span> <span class='ocrx_word' id='word_1_152' title='bbox 587 2192 615 2245; x_wconf 85' lang='grc' dir='ltr'>ὁ</span> <span class='ocrx_word' id='word_1_153' title='bbox 672 2190 934 2264; x_wconf 75' lang='grc' dir='ltr'>τύραννος</span> <span class='ocrx_word' id='word_1_154' title='bbox 993 2186 1264 2263; x_wconf 78' lang='grc' dir='ltr'>ἀπογνοὺς</span> <span class='ocrx_word' id='word_1_155' title='bbox 1325 2188 1413 2243; x_wconf 82' lang='grc' dir='ltr'>διὰ</span> <span class='ocrx_word' id='word_1_156' title='bbox 1470 2193 1578 2243; x_wconf 86' lang='grc' dir='ltr'><strong>τῶν</strong></span> <span class='ocrx_word' id='word_1_157' title='bbox 1636 2189 1952 2264; x_wconf 87' lang='grc' dir='ltr'>παρακτίων</span> 
     </span>
    </p>
   </div>
   <div class='ocr_carea' id='block_1_25' title="bbox 300 2275 1955 2356">
    <p class='ocr_par' dir='ltr' id='par_1_25' title="bbox 300 2275 1955 2356">
     <span class='ocr_line' id='line_1_25' title="bbox 300 2275 1955 2356; baseline -0.001 -20"><span class='ocrx_word' id='word_1_158' title='bbox 300 2281 468 2346; x_wconf 87' lang='grc' dir='ltr'>λάθοι</span> <span class='ocrx_word' id='word_1_159' title='bbox 526 2275 739 2335; x_wconf 81' lang='grc' dir='ltr'>ἔνδοθεν</span> <span class='ocrx_word' id='word_1_160' title='bbox 807 2276 1118 2353; x_wconf 80' lang='grc' dir='ltr'>παρεισδός.</span> <span class='ocrx_word' id='word_1_161' title='bbox 1184 2280 1249 2333; x_wconf 74' lang='grc' dir='ltr'>Οἱ</span> <span class='ocrx_word' id='word_1_162' title='bbox 1306 2276 1355 2333; x_wconf 84' lang='grc' dir='ltr'>δ’</span> <span class='ocrx_word' id='word_1_163' title='bbox 1418 2276 1506 2334; x_wconf 81' lang='grc' dir='ltr'><strong>ἐπὶ</strong></span> <span class='ocrx_word' id='word_1_164' title='bbox 1563 2283 1669 2335; x_wconf 86' lang='grc' dir='ltr'><strong>τῶν</strong></span> <span class='ocrx_word' id='word_1_165' title='bbox 1734 2283 1955 2356; x_wconf 88' lang='grc' dir='ltr'>μακρῶν</span> 
     </span>
    </p>
   </div>
   <div class='ocr_carea' id='block_1_26' title="bbox 299 2366 1955 2443">
    <p class='ocr_par' dir='ltr' id='par_1_26' title="bbox 299 2366 1955 2443">
     <span class='ocr_line' id='line_1_26' title="bbox 299 2366 1955 2443; baseline -0.001 -18"><span class='ocrx_word' id='word_1_166' title='bbox 299 2374 446 2440; x_wconf 80' lang='grc' dir='ltr'>νηῶν</span> <span class='ocrx_word' id='word_1_167' title='bbox 508 2370 575 2424; x_wconf 86' lang='grc' dir='ltr'><strong>τὰ</strong></span> <span class='ocrx_word' id='word_1_168' title='bbox 620 2369 714 2441; x_wconf 74' lang='grc' dir='ltr'>μὶν</span> <span class='ocrx_word' id='word_1_169' title='bbox 759 2372 948 2442; x_wconf 85' lang='grc' dir='ltr'>πρῶτα</span> <span class='ocrx_word' id='word_1_170' title='bbox 999 2369 1280 2442; x_wconf 79' lang='grc' dir='ltr'>μαίνεσθαι</span> <span class='ocrx_word' id='word_1_171' title='bbox 1330 2366 1505 2441; x_wconf 78' lang='grc' dir='ltr'>ᾤοντο</span> <span class='ocrx_word' id='word_1_172' title='bbox 1553 2369 1796 2443; x_wconf 84' lang='grc' dir='ltr'>ἀτεχνῶς</span> <span class='ocrx_word' id='word_1_173' title='bbox 1826 2368 1955 2433; x_wconf 75' lang='grc' dir='ltr'>τοὺς</span> 
     </span>
    </p>
   </div>
   <div class='ocr_carea' id='block_1_27' title="bbox 310 2455 1954 2533">
    <p class='ocr_par' dir='ltr' id='par_1_27' title="bbox 310 2455 1954 2533">
     <span class='ocr_line' id='line_1_27' title="bbox 310 2455 1954 2533; baseline -0.002 -18"><span class='ocrx_word' id='word_1_174' title='bbox 310 2463 419 2515; x_wconf 86' lang='grc' dir='ltr'><strong>τῶν</strong></span> <span class='ocrx_word' id='word_1_175' title='bbox 464 2457 675 2533; x_wconf 72' lang='grc' dir='ltr'>ίχθόων</span> <span class='ocrx_word' id='word_1_176' title='bbox 726 2456 1008 2533; x_wconf 81' lang='grc' dir='ltr'>ἀγρευτᾶς,</span> <span class='ocrx_word' id='word_1_177' title='bbox 1076 2457 1124 2512; x_wconf 84' lang='grc' dir='ltr'><strong>εί</strong></span> <span class='ocrx_word' id='word_1_178' title='bbox 1180 2455 1351 2519; x_wconf 69' lang='grc' dir='ltr'>οὕτως</span> <span class='ocrx_word' id='word_1_179' title='bbox 1410 2455 1499 2512; x_wconf 82' lang='grc' dir='ltr'><strong>ἐπὶ</strong></span> <span class='ocrx_word' id='word_1_180' title='bbox 1553 2463 1662 2513; x_wconf 87' lang='grc' dir='ltr'><strong>τῶν</strong></span> <span class='ocrx_word' id='word_1_181' title='bbox 1713 2455 1954 2514; x_wconf 82' lang='grc' dir='ltr'>ἁλιάδων</span> 
     </span>
    </p>
   </div>
   <div class='ocr_carea' id='block_1_28' title="bbox 319 2545 1953 2622">
    <p class='ocr_par' dir='ltr' id='par_1_28' title="bbox 319 2545 1953 2622">
     <span class='ocr_line' id='line_1_28' title="bbox 319 2545 1953 2622; baseline 0 -20"><span class='ocrx_word' id='word_1_182' title='bbox 319 2549 483 2621; x_wconf 75' lang='grc' dir='ltr'>μόλις</span> <span class='ocrx_word' id='word_1_183' title='bbox 543 2545 865 2608; x_wconf 77' lang='grc' dir='ltr'>σαλεύοντες</span> <span class='ocrx_word' id='word_1_184' title='bbox 934 2546 1214 2622; x_wconf 83' lang='grc' dir='ltr'>ἐγχρίψειν</span> <span class='ocrx_word' id='word_1_185' title='bbox 1291 2546 1475 2608; x_wconf 78' lang='grc' dir='ltr'>αὐτοῖς</span> <span class='ocrx_word' id='word_1_186' title='bbox 1552 2546 1953 2622; x_wconf 73' lang='grc' dir='ltr'>ἀπεθάῤῥησανο</span> 
     </span>
    </p>
   </div>
   <div class='ocr_carea' id='block_1_29' title="bbox 308 2632 1954 2711">
    <p class='ocr_par' dir='ltr' id='par_1_29' title="bbox 308 2632 1954 2711">
     <span class='ocr_line' id='line_1_29' title="bbox 308 2632 1954 2711; baseline 0 -20"><span class='ocrx_word' id='word_1_187' title='bbox 308 2637 383 2700; x_wconf 86' lang='grc' dir='ltr'>ὡς</span> <span class='ocrx_word' id='word_1_188' title='bbox 416 2632 474 2691; x_wconf 71' lang='grc' dir='ltr'><strong>δὲ</strong></span> <span class='ocrx_word' id='word_1_189' title='bbox 502 2637 691 2709; x_wconf 86' lang='grc' dir='ltr'>καιρὸς</span> <span class='ocrx_word' id='word_1_190' title='bbox 723 2633 1023 2705; x_wconf 74' lang='grc' dir='ltr'>ἐνειστήκει</span> <span class='ocrx_word' id='word_1_191' title='bbox 1071 2639 1168 2690; x_wconf 79' lang='grc' dir='ltr'><strong>τοῦ</strong></span> <span class='ocrx_word' id='word_1_192' title='bbox 1223 2634 1446 2709; x_wconf 76' lang='grc' dir='ltr'>βάλλειν</span> <span class='ocrx_word' id='word_1_193' title='bbox 1492 2635 1580 2690; x_wconf 82' lang='grc' dir='ltr'>καὶ</span> <span class='ocrx_word' id='word_1_194' title='bbox 1637 2634 1954 2711; x_wconf 79' lang='grc' dir='ltr'>βάλλεσθαι,</span> 
     </span>
    </p>
   </div>
   <div class='ocr_carea' id='block_1_30' title="bbox 306 2722 1957 2801">
    <p class='ocr_par' dir='ltr' id='par_1_30' title="bbox 306 2722 1957 2801">
     <span class='ocr_line' id='line_1_30' title="bbox 306 2722 1957 2801; baseline 0 -21"><span class='ocrx_word' id='word_1_195' title='bbox 306 2726 363 2780; x_wconf 76' lang='grc' dir='ltr'>αἱ</span> <span class='ocrx_word' id='word_1_196' title='bbox 397 2726 491 2799; x_wconf 76' lang='grc' dir='ltr'>μὶν</span> <span class='ocrx_word' id='word_1_197' title='bbox 528 2724 665 2798; x_wconf 84' lang='grc' dir='ltr'><strong>μετά</strong></span> <span class='ocrx_word' id='word_1_198' title='bbox 715 2724 963 2799; x_wconf 87' lang='grc' dir='ltr'>βυκάνων</span> <span class='ocrx_word' id='word_1_199' title='bbox 1012 2723 1102 2779; x_wconf 85' lang='grc' dir='ltr'><strong>καὶ</strong></span> <span class='ocrx_word' id='word_1_200' title='bbox 1147 2722 1464 2801; x_wconf 84' lang='grc' dir='ltr'>σαλπίγγων</span> <span class='ocrx_word' id='word_1_201' title='bbox 1511 2722 1733 2801; x_wconf 80' lang='grc' dir='ltr'>ἔξορμοι</span> <span class='ocrx_word' id='word_1_202' title='bbox 1783 2725 1957 2800; x_wconf 86' lang='grc' dir='ltr'>γίνον-</span> 
     </span>
    </p>
   </div>
   <div class='ocr_carea' id='block_1_31' title="bbox 303 2810 1955 2889">
    <p class='ocr_par' dir='ltr' id='par_1_31' title="bbox 303 2810 1955 2889">
     <span class='ocr_line' id='line_1_31' title="bbox 303 2810 1955 2889; baseline -0.001 -20"><span class='ocrx_word' id='word_1_203' title='bbox 303 2835 416 2884; x_wconf 86' lang='grc' dir='ltr'>ται,</span> <span class='ocrx_word' id='word_1_204' title='bbox 447 2813 515 2868; x_wconf 83' lang='grc' dir='ltr'><strong>τὰ</strong></span> <span class='ocrx_word' id='word_1_205' title='bbox 555 2810 614 2868; x_wconf 73' lang='grc' dir='ltr'><strong>δὲ</strong></span> <span class='ocrx_word' id='word_1_206' title='bbox 664 2817 773 2867; x_wconf 87' lang='grc' dir='ltr'><strong>τῶν</strong></span> <span class='ocrx_word' id='word_1_207' title='bbox 823 2812 1202 2869; x_wconf 84' lang='grc' dir='ltr'>ἆσπαλιευτῶν</span> <span class='ocrx_word' id='word_1_208' title='bbox 1247 2814 1520 2887; x_wconf 84' lang='grc' dir='ltr'>πορθμεῖα</span> <span class='ocrx_word' id='word_1_209' title='bbox 1560 2816 1712 2889; x_wconf 73' lang='grc' dir='ltr'>σιγῇ,</span> <span class='ocrx_word' id='word_1_210' title='bbox 1765 2813 1854 2868; x_wconf 85' lang='grc' dir='ltr'><strong>καὶ</strong></span> <span class='ocrx_word' id='word_1_211' title='bbox 1904 2814 1955 2868; x_wconf 76' lang='grc' dir='ltr'>οἱ</span> 
     </span>
    </p>
   </div>
   <div class='ocr_carea' id='block_1_32' title="bbox 312 2897 1954 2974">
    <p class='ocr_par' dir='ltr' id='par_1_32' title="bbox 312 2897 1954 2974">
     <span class='ocr_line' id='line_1_32' title="bbox 312 2897 1954 2974; baseline -0.001 -16"><span class='ocrx_word' id='word_1_212' title='bbox 312 2902 399 2958; x_wconf 73' lang='grc' dir='ltr'><strong>ἐπ’</strong></span> <span class='ocrx_word' id='word_1_213' title='bbox 453 2902 628 2956; x_wconf 75' lang='grc' dir='ltr'>αὐτῶν</span> <span class='ocrx_word' id='word_1_214' title='bbox 677 2900 837 2974; x_wconf 70' lang='grc' dir='ltr'>μένεα</span> <span class='ocrx_word' id='word_1_215' title='bbox 919 2901 1167 2965; x_wconf 81' lang='grc' dir='ltr'>πνέοντες</span> <span class='ocrx_word' id='word_1_216' title='bbox 1224 2897 1451 2957; x_wconf 76' lang='grc' dir='ltr'>ἔτυπτον</span> <span class='ocrx_word' id='word_1_217' title='bbox 1504 2903 1606 2972; x_wconf 77' lang='grc' dir='ltr'>τὴν</span> <span class='ocrx_word' id='word_1_218' title='bbox 1684 2899 1954 2966; x_wconf 87' lang='grc' dir='ltr'>θάλασσαν</span> 
     </span>
    </p>
   </div>
   <div class='ocr_carea' id='block_1_33' title="bbox 310 2985 1957 3065">
    <p class='ocr_par' dir='ltr' id='par_1_33' title="bbox 310 2985 1957 3065">
     <span class='ocr_line' id='line_1_33' title="bbox 310 2985 1957 3065; baseline 0.001 -22"><span class='ocrx_word' id='word_1_219' title='bbox 310 2985 586 3065; x_wconf 72' lang='grc' dir='ltr'>ἐρετμοῖς,</span> <span class='ocrx_word' id='word_1_220' title='bbox 642 2989 730 3043; x_wconf 81' lang='grc' dir='ltr'>καὶ</span> <span class='ocrx_word' id='word_1_221' title='bbox 785 2985 1163 3062; x_wconf 81' lang='grc' dir='ltr'>συμϐαλόντες</span> <span class='ocrx_word' id='word_1_222' title='bbox 1247 2989 1598 3065; x_wconf 78' lang='grc' dir='ltr'>ὁπερτεροῦσι</span> <span class='ocrx_word' id='word_1_223' title='bbox 1643 2994 1751 3045; x_wconf 81' lang='grc' dir='ltr'><strong>τῶν</strong></span> <span class='ocrx_word' id='word_1_224' title='bbox 1804 2989 1957 3045; x_wconf 87' lang='grc' dir='ltr'>ἀντι-</span> 
     </span>
    </p>
   </div>
   <div class='ocr_carea' id='block_1_34' title="bbox 306 3076 1956 3156">
    <p class='ocr_par' dir='ltr' id='par_1_34' title="bbox 306 3076 1956 3156">
     <span class='ocr_line' id='line_1_34' title="bbox 306 3076 1956 3156; baseline 0.002 -24"><span class='ocrx_word' id='word_1_225' title='bbox 306 3076 503 3132; x_wconf 80' lang='grc' dir='ltr'>πάλων</span> <span class='ocrx_word' id='word_1_226' title='bbox 536 3079 799 3152; x_wconf 76' lang='grc' dir='ltr'>μεγίστων</span> <span class='ocrx_word' id='word_1_227' title='bbox 835 3083 1052 3153; x_wconf 81' lang='grc' dir='ltr'>σκαφῶν</span> <span class='ocrx_word' id='word_1_228' title='bbox 1104 3080 1195 3133; x_wconf 79' lang='grc' dir='ltr'><strong>καὶ</strong></span> <span class='ocrx_word' id='word_1_229' title='bbox 1246 3079 1369 3141; x_wconf 79' lang='grc' dir='ltr'>ταῖς</span> <span class='ocrx_word' id='word_1_230' title='bbox 1415 3085 1516 3148; x_wconf 85' lang='grc' dir='ltr'><strong>τῆς</strong></span> <span class='ocrx_word' id='word_1_231' title='bbox 1560 3077 1777 3144; x_wconf 88' lang='grc' dir='ltr'>πόλεως</span> <span class='ocrx_word' id='word_1_232' title='bbox 1827 3080 1956 3156; x_wconf 78' lang='grc' dir='ltr'>ᾐόσι</span> 
     </span>
    </p>
   </div>
   <div class='ocr_carea' id='block_1_35' title="bbox 306 3164 1955 3242">
    <p class='ocr_par' dir='ltr' id='par_1_35' title="bbox 306 3164 1955 3242">
     <span class='ocr_line' id='line_1_35' title="bbox 306 3164 1955 3242; baseline 0.002 -21"><span class='ocrx_word' id='word_1_233' title='bbox 306 3164 678 3241; x_wconf 83' lang='grc' dir='ltr'>συγκλείουσι.</span> <span class='ocrx_word' id='word_1_234' title='bbox 711 3166 796 3224; x_wconf 74' lang='grc' dir='ltr'><strong>Τὰ</strong></span> <span class='ocrx_word' id='word_1_235' title='bbox 847 3168 942 3241; x_wconf 73' lang='grc' dir='ltr'>μὲν</span> <span class='ocrx_word' id='word_1_236' title='bbox 990 3167 1090 3242; x_wconf 77' lang='grc' dir='ltr'>γὰρ</span> <span class='ocrx_word' id='word_1_237' title='bbox 1141 3164 1228 3222; x_wconf 84' lang='grc' dir='ltr'><strong>διὰ</strong></span> <span class='ocrx_word' id='word_1_238' title='bbox 1278 3167 1340 3223; x_wconf 88' lang='grc' dir='ltr'>τὸ</span> <span class='ocrx_word' id='word_1_239' title='bbox 1392 3169 1631 3241; x_wconf 79' lang='grc' dir='ltr'>μήκιστα</span> <span class='ocrx_word' id='word_1_240' title='bbox 1679 3169 1815 3223; x_wconf 79' lang='grc' dir='ltr'>εἶναι</span> <span class='ocrx_word' id='word_1_241' title='bbox 1864 3169 1955 3224; x_wconf 72' lang='grc' dir='ltr'><strong>καὶ</strong></span> 
     </span>
    </p>
   </div>
   <div class='ocr_carea' id='block_1_36' title="bbox 2053 580 3699 657">
    <p class='ocr_par' dir='ltr' id='par_1_36' title="bbox 2053 580 3699 657">
     <span class='ocr_line' id='line_1_36' title="bbox 2053 580 3699 657; baseline 0.003 -22"><span class='ocrx_word' id='word_1_242' title='bbox 2053 580 2288 636; x_wconf 90' lang='lat' dir='ltr'><strong>eosdem</strong></span> <span class='ocrx_word' id='word_1_243' title='bbox 2316 580 2549 638; x_wconf 80' lang='lat' dir='ltr'><strong>labores</strong></span> <span class='ocrx_word' id='word_1_244' title='bbox 2577 582 2955 655; x_wconf 84' lang='lat' dir='ltr'><strong>oppugnandi</strong></span> <span class='ocrx_word' id='word_1_245' title='bbox 2988 583 3201 639; x_wconf 69' lang='lat' dir='ltr'><strong>moenia</strong></span> <span class='ocrx_word' id='word_1_246' title='bbox 3231 583 3503 657; x_wconf 83' lang='lat' dir='ltr'><strong>capessit,</strong></span> <span class='ocrx_word' id='word_1_247' title='bbox 3518 583 3699 640; x_wconf 89' lang='lat' dir='ltr'><strong>simul</strong></span> 
     </span>
    </p>
   </div>
   <div class='ocr_carea' id='block_1_37' title="bbox 2054 668 3697 744">
    <p class='ocr_par' dir='ltr' id='par_1_37' title="bbox 2054 668 3697 744">
     <span class='ocr_line' id='line_1_37' title="bbox 2054 668 3697 744; baseline 0.004 -21"><span class='ocrx_word' id='word_1_248' title='bbox 2054 672 2119 723; x_wconf 93' lang='lat' dir='ltr'><strong>ut</strong></span> <span class='ocrx_word' id='word_1_249' title='bbox 2147 685 2210 724; x_wconf 88' lang='lat' dir='ltr'><strong>se</strong></span> <span class='ocrx_word' id='word_1_250' title='bbox 2240 668 2481 725; x_wconf 82' lang='lat' dir='ltr'><strong>urbanis</strong></span> <span class='ocrx_word' id='word_1_251' title='bbox 2512 670 2940 727; x_wconf 79' lang='lat' dir='ltr'><strong>formidabilem</strong></span> <span class='ocrx_word' id='word_1_252' title='bbox 2972 675 3276 744; x_wconf 69' lang='lat' dir='ltr'><strong>praeberet,</strong></span> <span class='ocrx_word' id='word_1_253' title='bbox 3310 673 3487 729; x_wconf 83' lang='lat' dir='ltr'><strong>simul</strong></span> <span class='ocrx_word' id='word_1_254' title='bbox 3524 675 3697 730; x_wconf 84' lang='lat' dir='ltr'><strong>etiam</strong></span> 
     </span>
    </p>
   </div>
   <div class='ocr_carea' id='block_1_38' title="bbox 2054 756 3702 835">
    <p class='ocr_par' dir='ltr' id='par_1_38' title="bbox 2054 756 3702 835">
     <span class='ocr_line' id='line_1_38' title="bbox 2054 756 3702 835; baseline 0.004 -23"><span class='ocrx_word' id='word_1_255' title='bbox 2054 761 2121 812; x_wconf 92' lang='lat' dir='ltr'><strong>ut</strong></span> <span class='ocrx_word' id='word_1_256' title='bbox 2142 756 2457 814; x_wconf 87' lang='lat' dir='ltr'><strong>dissidium</strong></span> <span class='ocrx_word' id='word_1_257' title='bbox 2482 758 2634 815; x_wconf 90' lang='lat' dir='ltr'><strong>inter</strong></span> <span class='ocrx_word' id='word_1_258' title='bbox 2663 759 2817 815; x_wconf 91' lang='lat' dir='ltr'><strong>cives</strong></span> <span class='ocrx_word' id='word_1_259' title='bbox 2848 762 3094 817; x_wconf 85' lang='lat' dir='ltr'><strong>exitaret</strong></span> <span class='ocrx_word' id='word_1_260' title='bbox 3123 782 3132 826; x_wconf 84' lang='lat'><strong>;</strong></span> <span class='ocrx_word' id='word_1_261' title='bbox 3165 778 3230 817; x_wconf 89' lang='lat' dir='ltr'><strong>ac</strong></span> <span class='ocrx_word' id='word_1_262' title='bbox 3265 767 3480 831; x_wconf 89' lang='lat' dir='ltr'><strong>partem</strong></span> <span class='ocrx_word' id='word_1_263' title='bbox 3504 764 3702 835; x_wconf 79' lang='lat' dir='ltr'><strong>copia-</strong></span> 
     </span>
    </p>
   </div>
   <div class='ocr_carea' id='block_1_39' title="bbox 2054 847 3700 919">
    <p class='ocr_par' dir='ltr' id='par_1_39' title="bbox 2054 847 3700 919">
     <span class='ocr_line' id='line_1_39' title="bbox 2054 847 3700 919; baseline 0.004 -19"><span class='ocrx_word' id='word_1_264' title='bbox 2054 863 2185 901; x_wconf 91' lang='lat' dir='ltr'><strong>rum</strong></span> <span class='ocrx_word' id='word_1_265' title='bbox 2218 847 2290 902; x_wconf 92' lang='lat' dir='ltr'><strong>ad</strong></span> <span class='ocrx_word' id='word_1_266' title='bbox 2323 849 2779 919; x_wconf 88' lang='lat' dir='ltr'><strong>septentrionale</strong></span> <span class='ocrx_word' id='word_1_267' title='bbox 2806 849 2961 905; x_wconf 89' lang='lat' dir='ltr'><strong>latus</strong></span> <span class='ocrx_word' id='word_1_268' title='bbox 2995 850 3123 905; x_wconf 82' lang='lat' dir='ltr'><strong>urbi</strong></span> <span class='ocrx_word' id='word_1_269' title='bbox 3155 851 3464 907; x_wconf 76' lang='lat' dir='ltr'><strong>obversum</strong></span> <span class='ocrx_word' id='word_1_270' title='bbox 3498 851 3700 918; x_wconf 89' lang='lat' dir='ltr'><strong>mittit,</strong></span> 
     </span>
    </p>
   </div>
   <div class='ocr_carea' id='block_1_40' title="bbox 2055 935 3703 1012">
    <p class='ocr_par' dir='ltr' id='par_1_40' title="bbox 2055 935 3703 1012">
     <span class='ocr_line' id='line_1_40' title="bbox 2055 935 3703 1012; baseline 0.004 -22"><span class='ocrx_word' id='word_1_271' title='bbox 2055 935 2156 1007; x_wconf 89' lang='lat' dir='ltr'><strong>qui</strong></span> <span class='ocrx_word' id='word_1_272' title='bbox 2184 939 2477 1008; x_wconf 90' lang='lat' dir='ltr'><strong>Bosporus</strong></span> <span class='ocrx_word' id='word_1_273' title='bbox 2507 937 2743 994; x_wconf 90' lang='lat' dir='ltr'><strong>dicitur.</strong></span> <span class='ocrx_word' id='word_1_274' title='bbox 2765 938 2922 995; x_wconf 87' lang='lat' dir='ltr'><strong>Unde</strong></span> <span class='ocrx_word' id='word_1_275' title='bbox 2947 944 3165 996; x_wconf 84' lang='lat' dir='ltr'><strong>tractus</strong></span> <span class='ocrx_word' id='word_1_276' title='bbox 3190 941 3368 996; x_wconf 83' lang='lat' dir='ltr'><strong>maris</strong></span> <span class='ocrx_word' id='word_1_277' title='bbox 3393 940 3489 1012; x_wconf 87' lang='lat' dir='ltr'><strong>qui</strong></span> <span class='ocrx_word' id='word_1_278' title='bbox 3515 956 3703 1011; x_wconf 81' lang='lat' dir='ltr'><strong>usque</strong></span> 
     </span>
    </p>
   </div>
   <div class='ocr_carea' id='block_1_41' title="bbox 2057 1027 3700 1104">
    <p class='ocr_par' dir='ltr' id='par_1_41' title="bbox 2057 1027 3700 1104">
     <span class='ocr_line' id='line_1_41' title="bbox 2057 1027 3700 1104; baseline 0.003 -22"><span class='ocrx_word' id='word_1_279' title='bbox 2057 1027 2129 1082; x_wconf 92' lang='lat' dir='ltr'><strong>ad</strong></span> <span class='ocrx_word' id='word_1_280' title='bbox 2154 1027 2567 1084; x_wconf 88' lang='lat' dir='ltr'><strong>Blachernium</strong></span> <span class='ocrx_word' id='word_1_281' title='bbox 2598 1029 2883 1102; x_wconf 72' lang='lat' dir='ltr'><strong>palatium</strong></span> <span class='ocrx_word' id='word_1_282' title='bbox 2916 1031 3167 1103; x_wconf 76' lang='lat' dir='ltr'><strong>pertinet</strong></span> <span class='ocrx_word' id='word_1_283' title='bbox 3196 1036 3393 1104; x_wconf 87' lang='lat' dir='ltr'><strong>aperte</strong></span> <span class='ocrx_word' id='word_1_284' title='bbox 3421 1034 3700 1100; x_wconf 88' lang='lat' dir='ltr'><strong>cernitur,</strong></span> 
     </span>
    </p>
   </div>
   <div class='ocr_carea' id='block_1_42' title="bbox 2056 1118 3701 1191">
    <p class='ocr_par' dir='ltr' id='par_1_42' title="bbox 2056 1118 3701 1191">
     <span class='ocr_line' id='line_1_42' title="bbox 2056 1118 3701 1191; baseline 0.004 -21"><span class='ocrx_word' id='word_1_285' title='bbox 2056 1118 2395 1189; x_wconf 43' lang='lat' dir='ltr'><strong>ceterasque</strong></span> <span class='ocrx_word' id='word_1_286' title='bbox 2426 1122 2620 1190; x_wconf 89' lang='lat' dir='ltr'><strong>partes</strong></span> <span class='ocrx_word' id='word_1_287' title='bbox 2678 1120 2841 1175; x_wconf 88' lang='lat' dir='ltr'><strong>urbis</strong></span> <span class='ocrx_word' id='word_1_288' title='bbox 2899 1137 3027 1191; x_wconf 70' lang='lat' dir='ltr'><strong>quas</strong></span> <span class='ocrx_word' id='word_1_289' title='bbox 3084 1120 3158 1177; x_wconf 88' lang='lat' dir='ltr'><strong>ad</strong></span> <span class='ocrx_word' id='word_1_290' title='bbox 3197 1121 3542 1191; x_wconf 87' lang='lat' dir='ltr'><strong>Aquilonem</strong></span> <span class='ocrx_word' id='word_1_291' title='bbox 3573 1138 3701 1178; x_wconf 87' lang='lat' dir='ltr'><strong>ver-</strong></span> 
     </span>
    </p>
   </div>
   <div class='ocr_carea' id='block_1_43' title="bbox 2057 1206 3702 1280">
    <p class='ocr_par' dir='ltr' id='par_1_43' title="bbox 2057 1206 3702 1280">
     <span class='ocr_line' id='line_1_43' title="bbox 2057 1206 3702 1280; baseline 0.004 -19"><span class='ocrx_word' id='word_1_292' title='bbox 2057 1209 2221 1277; x_wconf 82' lang='lat' dir='ltr'><strong>gunt.</strong></span> <span class='ocrx_word' id='word_1_293' title='bbox 2257 1206 2301 1260; x_wconf 87' lang='lat' dir='ltr'><strong>Ii</strong></span> <span class='ocrx_word' id='word_1_294' title='bbox 2333 1221 2470 1278; x_wconf 90' lang='lat' dir='ltr'><strong>ergo</strong></span> <span class='ocrx_word' id='word_1_295' title='bbox 2491 1207 2663 1277; x_wconf 89' lang='lat' dir='ltr'><strong>jussa</strong></span> <span class='ocrx_word' id='word_1_296' title='bbox 2693 1217 3099 1280; x_wconf 78' lang='lat' dir='ltr'><strong>exsequentes,</strong></span> <span class='ocrx_word' id='word_1_297' title='bbox 3130 1209 3352 1267; x_wconf 75' lang='lat' dir='ltr'><strong>vexillis</strong></span> <span class='ocrx_word' id='word_1_298' title='bbox 3411 1210 3470 1265; x_wconf 91' lang='lat' dir='ltr'><strong>in</strong></span> <span class='ocrx_word' id='word_1_299' title='bbox 3516 1210 3702 1267; x_wconf 88' lang='lat' dir='ltr'><strong>altum</strong></span> 
     </span>
    </p>
   </div>
   <div class='ocr_carea' id='block_1_44' title="bbox 2056 1292 3702 1371">
    <p class='ocr_par' dir='ltr' id='par_1_44' title="bbox 2056 1292 3702 1371">
     <span class='ocr_line' id='line_1_44' title="bbox 2056 1292 3702 1371; baseline 0.004 -23"><span class='ocrx_word' id='word_1_300' title='bbox 2056 1292 2247 1363; x_wconf 89' lang='lat' dir='ltr'><strong>elatis,</strong></span> <span class='ocrx_word' id='word_1_301' title='bbox 2282 1295 2539 1352; x_wconf 90' lang='lat' dir='ltr'><strong>tumulos</strong></span> <span class='ocrx_word' id='word_1_302' title='bbox 2569 1302 2876 1369; x_wconf 86' lang='lat' dir='ltr'><strong>occupant.</strong></span> <span class='ocrx_word' id='word_1_303' title='bbox 2910 1303 2984 1353; x_wconf 72' lang='lat' dir='ltr'><strong>At</strong></span> <span class='ocrx_word' id='word_1_304' title='bbox 3007 1297 3148 1354; x_wconf 85' lang='lat' dir='ltr'><strong>solis</strong></span> <span class='ocrx_word' id='word_1_305' title='bbox 3174 1299 3322 1355; x_wconf 85' lang='lat' dir='ltr'><strong>radii</strong></span> <span class='ocrx_word' id='word_1_306' title='bbox 3353 1300 3455 1371; x_wconf 89' lang='lat' dir='ltr'><strong>qui</strong></span> <span class='ocrx_word' id='word_1_307' title='bbox 3484 1299 3539 1354; x_wconf 88' lang='lat' dir='ltr'><strong>in</strong></span> <span class='ocrx_word' id='word_1_308' title='bbox 3564 1299 3702 1355; x_wconf 88' lang='lat' dir='ltr'><strong>tho-</strong></span> 
     </span>
    </p>
   </div>
   <div class='ocr_carea' id='block_1_45' title="bbox 2060 1384 3702 1458">
    <p class='ocr_par' dir='ltr' id='par_1_45' title="bbox 2060 1384 3702 1458">
     <span class='ocr_line' id='line_1_45' title="bbox 2060 1384 3702 1458; baseline 0.005 -21"><span class='ocrx_word' id='word_1_309' title='bbox 2060 1398 2221 1439; x_wconf 89' lang='lat' dir='ltr'><strong>races</strong></span> <span class='ocrx_word' id='word_1_310' title='bbox 2252 1388 2309 1439; x_wconf 90' lang='lat' dir='ltr'><strong>et</strong></span> <span class='ocrx_word' id='word_1_311' title='bbox 2338 1401 2502 1440; x_wconf 89' lang='lat' dir='ltr'><strong>arma</strong></span> <span class='ocrx_word' id='word_1_312' title='bbox 2534 1384 2790 1441; x_wconf 81' lang='lat' dir='ltr'><strong>militum</strong></span> <span class='ocrx_word' id='word_1_313' title='bbox 2830 1403 3030 1443; x_wconf 86' lang='lat' dir='ltr'><strong>recens</strong></span> <span class='ocrx_word' id='word_1_314' title='bbox 3065 1386 3242 1458; x_wconf 88' lang='lat' dir='ltr'><strong>polita</strong></span> <span class='ocrx_word' id='word_1_315' title='bbox 3269 1393 3328 1444; x_wconf 90' lang='lat' dir='ltr'><strong>et</strong></span> <span class='ocrx_word' id='word_1_316' title='bbox 3363 1388 3529 1444; x_wconf 69' lang='lat' dir='ltr'><strong>laevia</strong></span> <span class='ocrx_word' id='word_1_317' title='bbox 3555 1389 3702 1446; x_wconf 87' lang='lat' dir='ltr'><strong>inci-</strong></span> 
     </span>
    </p>
   </div>
   <div class='ocr_carea' id='block_1_46' title="bbox 2057 1472 3704 1551">
    <p class='ocr_par' dir='ltr' id='par_1_46' title="bbox 2057 1472 3704 1551">
     <span class='ocr_line' id='line_1_46' title="bbox 2057 1472 3704 1551; baseline 0.004 -23"><span class='ocrx_word' id='word_1_318' title='bbox 2057 1472 2295 1543; x_wconf 90' lang='lat' dir='ltr'><strong>debant,</strong></span> <span class='ocrx_word' id='word_1_319' title='bbox 2353 1474 2582 1530; x_wconf 86' lang='lat' dir='ltr'><strong>refracti</strong></span> <span class='ocrx_word' id='word_1_320' title='bbox 2640 1477 2795 1546; x_wconf 86' lang='lat' dir='ltr'><strong>ignis</strong></span> <span class='ocrx_word' id='word_1_321' title='bbox 2859 1477 3048 1533; x_wconf 88' lang='lat' dir='ltr'><strong>instar</strong></span> <span class='ocrx_word' id='word_1_322' title='bbox 3100 1478 3456 1535; x_wconf 87' lang='lat' dir='ltr'><strong>relucebant.</strong></span> <span class='ocrx_word' id='word_1_323' title='bbox 3503 1478 3704 1551; x_wconf 83' lang='lat' dir='ltr'><strong>Itaque</strong></span> 
     </span>
    </p>
   </div>
   <div class='ocr_carea' id='block_1_47' title="bbox 2058 1562 3705 1635">
    <p class='ocr_par' dir='ltr' id='par_1_47' title="bbox 2058 1562 3705 1635">
     <span class='ocr_line' id='line_1_47' title="bbox 2058 1562 3705 1635; baseline 0.002 -17"><span class='ocrx_word' id='word_1_324' title='bbox 2058 1563 2319 1618; x_wconf 82' lang='lat' dir='ltr'><strong>urbanus</strong></span> <span class='ocrx_word' id='word_1_325' title='bbox 2351 1562 2600 1635; x_wconf 76' lang='lat' dir='ltr'><strong>populus</strong></span> <span class='ocrx_word' id='word_1_326' title='bbox 2635 1566 2940 1623; x_wconf 86' lang='lat' dir='ltr'><strong>turmatim</strong></span> <span class='ocrx_word' id='word_1_327' title='bbox 2969 1565 3028 1621; x_wconf 89' lang='lat' dir='ltr'><strong>in</strong></span> <span class='ocrx_word' id='word_1_328' title='bbox 3051 1566 3327 1624; x_wconf 88' lang='lat' dir='ltr'><strong>editiores</strong></span> <span class='ocrx_word' id='word_1_329' title='bbox 3348 1567 3524 1623; x_wconf 90' lang='lat' dir='ltr'><strong>colles</strong></span> <span class='ocrx_word' id='word_1_330' title='bbox 3544 1567 3705 1623; x_wconf 87' lang='lat' dir='ltr'><strong>urbis</strong></span> 
     </span>
    </p>
   </div>
   <div class='ocr_carea' id='block_1_48' title="bbox 2056 1649 3705 1726">
    <p class='ocr_par' dir='ltr' id='par_1_48' title="bbox 2056 1649 3705 1726">
     <span class='ocr_line' id='line_1_48' title="bbox 2056 1649 3705 1726; baseline 0.005 -21"><span class='ocrx_word' id='word_1_331' title='bbox 2056 1649 2215 1706; x_wconf 90' lang='lat' dir='ltr'><strong>illius</strong></span> <span class='ocrx_word' id='word_1_332' title='bbox 2246 1651 2565 1723; x_wconf 81' lang='lat' dir='ltr'><strong>spectaculi</strong></span> <span class='ocrx_word' id='word_1_333' title='bbox 2596 1653 2784 1726; x_wconf 85' lang='lat' dir='ltr'><strong>gratia</strong></span> <span class='ocrx_word' id='word_1_334' title='bbox 2812 1653 3401 1724; x_wconf 88' lang='lat' dir='ltr'><strong>convolans,summa</strong></span> <span class='ocrx_word' id='word_1_335' title='bbox 3446 1656 3705 1713; x_wconf 85' lang='lat' dir='ltr'><strong>admira-</strong></span> 
     </span>
    </p>
   </div>
   <div class='ocr_carea' id='block_1_49' title="bbox 2057 1738 3703 1815">
    <p class='ocr_par' dir='ltr' id='par_1_49' title="bbox 2057 1738 3703 1815">
     <span class='ocr_line' id='line_1_49' title="bbox 2057 1738 3703 1815; baseline 0.005 -21"><span class='ocrx_word' id='word_1_336' title='bbox 2057 1738 2213 1795; x_wconf 89' lang='lat' dir='ltr'><strong>tione</strong></span> <span class='ocrx_word' id='word_1_337' title='bbox 2243 1738 2516 1796; x_wconf 84' lang='lat' dir='ltr'><strong>afficitur.</strong></span> <span class='ocrx_word' id='word_1_338' title='bbox 2578 1741 2794 1797; x_wconf 77' lang='lat' dir='ltr'><strong>Deinde</strong></span> <span class='ocrx_word' id='word_1_339' title='bbox 2859 1744 3231 1815; x_wconf 88' lang='lat' dir='ltr'><strong>Propontidis</strong></span> <span class='ocrx_word' id='word_1_340' title='bbox 3271 1744 3446 1800; x_wconf 88' lang='lat' dir='ltr'><strong>etiam</strong></span> <span class='ocrx_word' id='word_1_341' title='bbox 3481 1744 3703 1802; x_wconf 90' lang='lat' dir='ltr'><strong>incolas</strong></span> 
     </span>
    </p>
   </div>
   <div class='ocr_carea' id='block_1_50' title="bbox 2059 1830 3705 1905">
    <p class='ocr_par' dir='ltr' id='par_1_50' title="bbox 2059 1830 3705 1905">
     <span class='ocr_line' id='line_1_50' title="bbox 2059 1830 3705 1905; baseline 0.004 -22"><span class='ocrx_word' id='word_1_342' title='bbox 2059 1832 2445 1897; x_wconf 75' lang='lat' dir='ltr'><strong>attraxerant,</strong></span> <span class='ocrx_word' id='word_1_343' title='bbox 2481 1845 2594 1885; x_wconf 93' lang='lat' dir='ltr'><strong>non</strong></span> <span class='ocrx_word' id='word_1_344' title='bbox 2630 1830 2687 1885; x_wconf 91' lang='lat' dir='ltr'><strong>in</strong></span> <span class='ocrx_word' id='word_1_345' title='bbox 2721 1846 2781 1887; x_wconf 91' lang='lat' dir='ltr'><strong>re</strong></span> <span class='ocrx_word' id='word_1_346' title='bbox 2812 1831 3048 1887; x_wconf 81' lang='lat' dir='ltr'><strong>militari</strong></span> <span class='ocrx_word' id='word_1_347' title='bbox 3079 1832 3176 1887; x_wconf 83' lang='lat' dir='ltr'><strong>sed</strong></span> <span class='ocrx_word' id='word_1_348' title='bbox 3212 1832 3271 1888; x_wconf 92' lang='lat' dir='ltr'><strong>in</strong></span> <span class='ocrx_word' id='word_1_349' title='bbox 3326 1832 3502 1889; x_wconf 88' lang='lat' dir='ltr'><strong>remis</strong></span> <span class='ocrx_word' id='word_1_350' title='bbox 3532 1849 3705 1905; x_wconf 88' lang='lat' dir='ltr'><strong>agen-</strong></span> 
     </span>
    </p>
   </div>
   <div class='ocr_carea' id='block_1_51' title="bbox 2060 1917 3705 1995">
    <p class='ocr_par' dir='ltr' id='par_1_51' title="bbox 2060 1917 3705 1995">
     <span class='ocr_line' id='line_1_51' title="bbox 2060 1917 3705 1995; baseline 0.004 -23"><span class='ocrx_word' id='word_1_351' title='bbox 2060 1917 2152 1973; x_wconf 91' lang='lat' dir='ltr'><strong>dis</strong></span> <span class='ocrx_word' id='word_1_352' title='bbox 2183 1918 2437 1975; x_wconf 85' lang='lat' dir='ltr'><strong>maximo</strong></span> <span class='ocrx_word' id='word_1_353' title='bbox 2490 1936 2732 1976; x_wconf 88' lang='lat' dir='ltr'><strong>numero</strong></span> <span class='ocrx_word' id='word_1_354' title='bbox 2780 1919 3311 1978; x_wconf 84' lang='lat' dir='ltr'><strong>exercitatissimos.</strong></span> <span class='ocrx_word' id='word_1_355' title='bbox 3369 1922 3411 1978; x_wconf 92' lang='lat' dir='ltr'><strong>li</strong></span> <span class='ocrx_word' id='word_1_356' title='bbox 3452 1924 3705 1995; x_wconf 82' lang='lat' dir='ltr'><strong>scaphas</strong></span> 
     </span>
    </p>
   </div>
   <div class='ocr_carea' id='block_1_52' title="bbox 2060 2006 3705 2081">
    <p class='ocr_par' dir='ltr' id='par_1_52' title="bbox 2060 2006 3705 2081">
     <span class='ocr_line' id='line_1_52' title="bbox 2060 2006 3705 2081; baseline 0.004 -20"><span class='ocrx_word' id='word_1_357' title='bbox 2060 2006 2131 2062; x_wconf 88' lang='lat' dir='ltr'><strong>ad</strong></span> <span class='ocrx_word' id='word_1_358' title='bbox 2163 2007 2414 2078; x_wconf 88' lang='lat' dir='ltr'><strong>piscium</strong></span> <span class='ocrx_word' id='word_1_359' title='bbox 2444 2014 2749 2081; x_wconf 86' lang='lat' dir='ltr'><strong>capturam</strong></span> <span class='ocrx_word' id='word_1_360' title='bbox 2782 2010 3096 2066; x_wconf 80' lang='lat' dir='ltr'><strong>fabricatas</strong></span> <span class='ocrx_word' id='word_1_361' title='bbox 3128 2012 3187 2066; x_wconf 89' lang='lat' dir='ltr'><strong>in</strong></span> <span class='ocrx_word' id='word_1_362' title='bbox 3238 2028 3416 2067; x_wconf 84' lang='lat' dir='ltr'><strong>naves</strong></span> <span class='ocrx_word' id='word_1_363' title='bbox 3463 2011 3705 2067; x_wconf 84' lang='lat' dir='ltr'><strong>bellicas</strong></span> 
     </span>
    </p>
   </div>
   <div class='ocr_carea' id='block_1_53' title="bbox 2061 2098 3700 2173">
    <p class='ocr_par' dir='ltr' id='par_1_53' title="bbox 2061 2098 3700 2173">
     <span class='ocr_line' id='line_1_53' title="bbox 2061 2098 3700 2173; baseline 0.004 -23"><span class='ocrx_word' id='word_1_364' title='bbox 2061 2102 2381 2162; x_wconf 82' lang='lat' dir='ltr'><strong>mutarunt,</strong></span> <span class='ocrx_word' id='word_1_365' title='bbox 2414 2098 2566 2154; x_wconf 67' lang='lat'><strong>495</strong></span> <span class='ocrx_word' id='word_1_366' title='bbox 2622 2099 2839 2155; x_wconf 87' lang='lat' dir='ltr'><strong>crassis</strong></span> <span class='ocrx_word' id='word_1_367' title='bbox 2890 2098 3108 2155; x_wconf 88' lang='lat' dir='ltr'><strong>tabulis</strong></span> <span class='ocrx_word' id='word_1_368' title='bbox 3166 2100 3442 2173; x_wconf 90' lang='lat' dir='ltr'><strong>utrinque</strong></span> <span class='ocrx_word' id='word_1_369' title='bbox 3488 2100 3700 2169; x_wconf 79' lang='lat' dir='ltr'><strong>afﬁxis,</strong></span> 
     </span>
    </p>
   </div>
   <div class='ocr_carea' id='block_1_54' title="bbox 2058 2184 3703 2261">
    <p class='ocr_par' dir='ltr' id='par_1_54' title="bbox 2058 2184 3703 2261">
     <span class='ocr_line' id='line_1_54' title="bbox 2058 2184 3703 2261; baseline 0.002 -20"><span class='ocrx_word' id='word_1_370' title='bbox 2058 2184 2157 2241; x_wconf 85' lang='lat' dir='ltr'><strong>alii</strong></span> <span class='ocrx_word' id='word_1_371' title='bbox 2191 2186 2410 2254; x_wconf 88' lang='lat' dir='ltr'><strong>fundis,</strong></span> <span class='ocrx_word' id='word_1_372' title='bbox 2443 2186 2540 2242; x_wconf 90' lang='lat' dir='ltr'><strong>alii</strong></span> <span class='ocrx_word' id='word_1_373' title='bbox 2572 2188 2824 2243; x_wconf 84' lang='lat' dir='ltr'><strong>arcubus</strong></span> <span class='ocrx_word' id='word_1_374' title='bbox 2846 2191 2904 2242; x_wconf 92' lang='lat' dir='ltr'><strong>et</strong></span> <span class='ocrx_word' id='word_1_375' title='bbox 2933 2188 3222 2260; x_wconf 89' lang='lat' dir='ltr'><strong>pharetris</strong></span> <span class='ocrx_word' id='word_1_376' title='bbox 3253 2190 3482 2245; x_wconf 83' lang='lat' dir='ltr'><strong>armati.</strong></span> <span class='ocrx_word' id='word_1_377' title='bbox 3514 2192 3703 2261; x_wconf 85' lang='lat' dir='ltr'><strong>Atque</strong></span> 
     </span>
    </p>
   </div>
   <div class='ocr_carea' id='block_1_55' title="bbox 2059 2273 3699 2346">
    <p class='ocr_par' dir='ltr' id='par_1_55' title="bbox 2059 2273 3699 2346">
     <span class='ocr_line' id='line_1_55' title="bbox 2059 2273 3699 2346; baseline 0.004 -18"><span class='ocrx_word' id='word_1_378' title='bbox 2059 2273 2140 2329; x_wconf 91' lang='lat' dir='ltr'><strong>ita</strong></span> <span class='ocrx_word' id='word_1_379' title='bbox 2169 2290 2238 2329; x_wconf 88' lang='lat' dir='ltr'><strong>ex</strong></span> <span class='ocrx_word' id='word_1_380' title='bbox 2262 2275 2652 2346; x_wconf 80' lang='lat' dir='ltr'><strong>piscatoribus</strong></span> <span class='ocrx_word' id='word_1_381' title='bbox 2683 2276 2741 2331; x_wconf 92' lang='lat' dir='ltr'><strong>in</strong></span> <span class='ocrx_word' id='word_1_382' title='bbox 2779 2275 3095 2333; x_wconf 84' lang='lat' dir='ltr'><strong>Mavortios</strong></span> <span class='ocrx_word' id='word_1_383' title='bbox 3123 2278 3275 2334; x_wconf 87' lang='lat' dir='ltr'><strong>viros</strong></span> <span class='ocrx_word' id='word_1_384' title='bbox 3324 2278 3534 2334; x_wconf 81' lang='lat' dir='ltr'><strong>mutati</strong></span> <span class='ocrx_word' id='word_1_385' title='bbox 3564 2293 3699 2334; x_wconf 90' lang='lat' dir='ltr'><strong>cum</strong></span> 
     </span>
    </p>
   </div>
   <div class='ocr_carea' id='block_1_56' title="bbox 2057 2362 3702 2435">
    <p class='ocr_par' dir='ltr' id='par_1_56' title="bbox 2057 2362 3702 2435">
     <span class='ocr_line' id='line_1_56' title="bbox 2057 2362 3702 2435; baseline 0.004 -18"><span class='ocrx_word' id='word_1_386' title='bbox 2057 2362 2451 2435; x_wconf 83' lang='lat' dir='ltr'><strong>imperatoriis</strong></span> <span class='ocrx_word' id='word_1_387' title='bbox 2481 2365 2816 2423; x_wconf 86' lang='lat' dir='ltr'><strong>triremibus</strong></span> <span class='ocrx_word' id='word_1_388' title='bbox 2847 2367 3068 2424; x_wconf 82' lang='lat' dir='ltr'><strong>fortiter</strong></span> <span class='ocrx_word' id='word_1_389' title='bbox 3105 2368 3406 2425; x_wconf 86' lang='lat' dir='ltr'><strong>dimicant.</strong></span> <span class='ocrx_word' id='word_1_390' title='bbox 3439 2370 3573 2434; x_wconf 71' lang='lat' dir='ltr'><strong>Quis</strong></span> <span class='ocrx_word' id='word_1_391' title='bbox 3607 2385 3702 2424; x_wconf 90' lang='lat' dir='ltr'><strong>ur-</strong></span> 
     </span>
    </p>
   </div>
   <div class='ocr_carea' id='block_1_57' title="bbox 2060 2452 3705 2529">
    <p class='ocr_par' dir='ltr' id='par_1_57' title="bbox 2060 2452 3705 2529">
     <span class='ocr_line' id='line_1_57' title="bbox 2060 2452 3705 2529; baseline 0.004 -22"><span class='ocrx_word' id='word_1_392' title='bbox 2060 2452 2189 2508; x_wconf 89' lang='lat' dir='ltr'><strong>bem</strong></span> <span class='ocrx_word' id='word_1_393' title='bbox 2223 2454 2657 2511; x_wconf 84' lang='lat' dir='ltr'><strong>circumeuntes</strong></span> <span class='ocrx_word' id='word_1_394' title='bbox 2689 2461 3007 2512; x_wconf 90' lang='lat' dir='ltr'><strong>nocturnas</strong></span> <span class='ocrx_word' id='word_1_395' title='bbox 3042 2457 3246 2512; x_wconf 64' lang='lat' dir='ltr'><strong>Brants</strong></span> <span class='ocrx_word' id='word_1_396' title='bbox 3284 2458 3705 2529; x_wconf 85' lang='lat' dir='ltr'><strong>impressiones</strong></span> 
     </span>
    </p>
   </div>
   <div class='ocr_carea' id='block_1_58' title="bbox 2060 2544 3700 2618">
    <p class='ocr_par' dir='ltr' id='par_1_58' title="bbox 2060 2544 3700 2618">
     <span class='ocr_line' id='line_1_58' title="bbox 2060 2544 3700 2618; baseline 0.002 -18"><span class='ocrx_word' id='word_1_397' title='bbox 2060 2544 2462 2610; x_wconf 69' lang='lat' dir='ltr'><strong>observabant,</strong></span> <span class='ocrx_word' id='word_1_398' title='bbox 2497 2562 2564 2601; x_wconf 89' lang='lat' dir='ltr'><strong>ac</strong></span> <span class='ocrx_word' id='word_1_399' title='bbox 2594 2546 2807 2601; x_wconf 82' lang='lat' dir='ltr'><strong>fretum</strong></span> <span class='ocrx_word' id='word_1_400' title='bbox 2862 2546 3186 2618; x_wconf 84' lang='lat' dir='ltr'><strong>diligenter,</strong></span> <span class='ocrx_word' id='word_1_401' title='bbox 3248 2548 3583 2615; x_wconf 85' lang='lat' dir='ltr'><strong>tuebantur,</strong></span> <span class='ocrx_word' id='word_1_402' title='bbox 3628 2563 3700 2603; x_wconf 88' lang='lat' dir='ltr'><strong>ne</strong></span> 
     </span>
    </p>
   </div>
   <div class='ocr_carea' id='block_1_59' title="bbox 2061 2634 3706 2706">
    <p class='ocr_par' dir='ltr' id='par_1_59' title="bbox 2061 2634 3706 2706">
     <span class='ocr_line' id='line_1_59' title="bbox 2061 2634 3706 2706; baseline 0.002 -19"><span class='ocrx_word' id='word_1_403' title='bbox 2061 2634 2206 2689; x_wconf 88' lang='lat' dir='ltr'><strong>forte</strong></span> <span class='ocrx_word' id='word_1_404' title='bbox 2232 2638 2517 2705; x_wconf 80' lang='lat' dir='ltr'><strong>tyrannus</strong></span> <span class='ocrx_word' id='word_1_405' title='bbox 2550 2634 2859 2704; x_wconf 88' lang='lat' dir='ltr'><strong>desperato</strong></span> <span class='ocrx_word' id='word_1_406' title='bbox 2917 2651 3020 2706; x_wconf 90' lang='lat' dir='ltr'><strong>per</strong></span> <span class='ocrx_word' id='word_1_407' title='bbox 3048 2641 3345 2691; x_wconf 85' lang='lat' dir='ltr'><strong>terrestres</strong></span> <span class='ocrx_word' id='word_1_408' title='bbox 3369 2642 3565 2706; x_wconf 87' lang='lat' dir='ltr'><strong>portas</strong></span> <span class='ocrx_word' id='word_1_409' title='bbox 3617 2651 3706 2690; x_wconf 83' lang='lat' dir='ltr'><strong>1n-</strong></span> 
     </span>
    </p>
   </div>
   <div class='ocr_carea' id='block_1_60' title="bbox 2061 2722 3709 2797">
    <p class='ocr_par' dir='ltr' id='par_1_60' title="bbox 2061 2722 3709 2797">
     <span class='ocr_line' id='line_1_60' title="bbox 2061 2722 3709 2797; baseline 0.001 -19"><span class='ocrx_word' id='word_1_410' title='bbox 2061 2738 2269 2792; x_wconf 79' lang='lat' dir='ltr'><strong>gressu</strong></span> <span class='ocrx_word' id='word_1_411' title='bbox 2300 2722 2449 2779; x_wconf 88' lang='lat' dir='ltr'><strong>clam</strong></span> <span class='ocrx_word' id='word_1_412' title='bbox 2485 2739 2588 2793; x_wconf 86' lang='lat' dir='ltr'><strong>per</strong></span> <span class='ocrx_word' id='word_1_413' title='bbox 2616 2722 2902 2780; x_wconf 89' lang='lat' dir='ltr'><strong>littorales</strong></span> <span class='ocrx_word' id='word_1_414' title='bbox 2923 2725 3344 2796; x_wconf 85' lang='lat' dir='ltr'><strong>ingrederetur.</strong></span> <span class='ocrx_word' id='word_1_415' title='bbox 3375 2727 3456 2781; x_wconf 89' lang='lat' dir='ltr'><strong>Ac</strong></span> <span class='ocrx_word' id='word_1_416' title='bbox 3500 2725 3709 2797; x_wconf 89' lang='lat' dir='ltr'><strong>princi-</strong></span> 
     </span>
    </p>
   </div>
   <div class='ocr_carea' id='block_1_61' title="bbox 2062 2809 3704 2885">
    <p class='ocr_par' dir='ltr' id='par_1_61' title="bbox 2062 2809 3704 2885">
     <span class='ocr_line' id='line_1_61' title="bbox 2062 2809 3704 2885; baseline 0.002 -19"><span class='ocrx_word' id='word_1_417' title='bbox 2062 2809 2156 2883; x_wconf 89' lang='lat' dir='ltr'><strong>pio</strong></span> <span class='ocrx_word' id='word_1_418' title='bbox 2183 2812 2503 2883; x_wconf 88' lang='lat' dir='ltr'><strong>piscatores</strong></span> <span class='ocrx_word' id='word_1_419' title='bbox 2532 2811 2789 2867; x_wconf 81' lang='lat' dir='ltr'><strong>insanire</strong></span> <span class='ocrx_word' id='word_1_420' title='bbox 2812 2811 2937 2881; x_wconf 81' lang='lat' dir='ltr'><strong>visi,</strong></span> <span class='ocrx_word' id='word_1_421' title='bbox 2970 2813 3127 2883; x_wconf 92' lang='lat' dir='ltr'><strong>quod</strong></span> <span class='ocrx_word' id='word_1_422' title='bbox 3147 2829 3297 2885; x_wconf 66' lang='lat' dir='ltr'><strong>aegre</strong></span> <span class='ocrx_word' id='word_1_423' title='bbox 3319 2812 3377 2868; x_wconf 90' lang='lat' dir='ltr'><strong>in</strong></span> <span class='ocrx_word' id='word_1_424' title='bbox 3420 2812 3704 2869; x_wconf 88' lang='lat' dir='ltr'><strong>naviculis</strong></span> 
     </span>
    </p>
   </div>
   <div class='ocr_carea' id='block_1_62' title="bbox 2063 2900 3707 2973">
    <p class='ocr_par' dir='ltr' id='par_1_62' title="bbox 2063 2900 3707 2973">
     <span class='ocr_line' id='line_1_62' title="bbox 2063 2900 3707 2973; baseline 0.002 -18"><span class='ocrx_word' id='word_1_425' title='bbox 2063 2900 2723 2972; x_wconf 84' lang='lat' dir='ltr'><strong>ﬂuctuantesimpetum</strong></span> <span class='ocrx_word' id='word_1_426' title='bbox 2771 2901 3059 2973; x_wconf 90' lang='lat' dir='ltr'><strong>inlongas</strong></span> <span class='ocrx_word' id='word_1_427' title='bbox 3113 2918 3287 2958; x_wconf 89' lang='lat' dir='ltr'><strong>naves</strong></span> <span class='ocrx_word' id='word_1_428' title='bbox 3319 2903 3505 2959; x_wconf 89' lang='lat' dir='ltr'><strong>facere</strong></span> <span class='ocrx_word' id='word_1_429' title='bbox 3524 2903 3707 2959; x_wconf 86' lang='lat' dir='ltr'><strong>aude-</strong></span> 
     </span>
    </p>
   </div>
   <div class='ocr_carea' id='block_1_63' title="bbox 2063 2989 3702 3058">
    <p class='ocr_par' dir='ltr' id='par_1_63' title="bbox 2063 2989 3702 3058">
     <span class='ocr_line' id='line_1_63' title="bbox 2063 2989 3702 3058; baseline 0.002 -13"><span class='ocrx_word' id='word_1_430' title='bbox 2063 2994 2193 3045; x_wconf 90' lang='lat' dir='ltr'><strong>rent</strong></span> <span class='ocrx_word' id='word_1_431' title='bbox 2227 3006 2240 3046; x_wconf 92' lang='lat'>:</span> <span class='ocrx_word' id='word_1_432' title='bbox 2278 2990 2377 3046; x_wconf 90' lang='lat' dir='ltr'><strong>ubi</strong></span> <span class='ocrx_word' id='word_1_433' title='bbox 2406 2989 2481 3045; x_wconf 92' lang='lat' dir='ltr'><strong>ad</strong></span> <span class='ocrx_word' id='word_1_434' title='bbox 2511 3007 2675 3045; x_wconf 88' lang='lat' dir='ltr'><strong>arma</strong></span> <span class='ocrx_word' id='word_1_435' title='bbox 2701 2995 2942 3047; x_wconf 89' lang='lat' dir='ltr'><strong>ventum</strong></span> <span class='ocrx_word' id='word_1_436' title='bbox 2975 2996 3084 3058; x_wconf 88' lang='lat' dir='ltr'><strong>est,</strong></span> <span class='ocrx_word' id='word_1_437' title='bbox 3118 2991 3402 3047; x_wconf 84' lang='lat' dir='ltr'><strong>maximas</strong></span> <span class='ocrx_word' id='word_1_438' title='bbox 3445 2991 3702 3048; x_wconf 86' lang='lat' dir='ltr'><strong>hostium</strong></span> 
     </span>
    </p>
   </div>
   <div class='ocr_carea' id='block_1_64' title="bbox 2064 3079 3707 3154">
    <p class='ocr_par' dir='ltr' id='par_1_64' title="bbox 2064 3079 3707 3154">
     <span class='ocr_line' id='line_1_64' title="bbox 2064 3079 3707 3154; baseline 0.001 -19"><span class='ocrx_word' id='word_1_439' title='bbox 2064 3095 2237 3136; x_wconf 81' lang='lat' dir='ltr'><strong>nares</strong></span> <span class='ocrx_word' id='word_1_440' title='bbox 2269 3095 2403 3136; x_wconf 88' lang='lat' dir='ltr'><strong>cum</strong></span> <span class='ocrx_word' id='word_1_441' title='bbox 2428 3079 2688 3137; x_wconf 88' lang='lat' dir='ltr'><strong>buccinis</strong></span> <span class='ocrx_word' id='word_1_442' title='bbox 2711 3086 2769 3137; x_wconf 91' lang='lat' dir='ltr'><strong>et</strong></span> <span class='ocrx_word' id='word_1_443' title='bbox 2797 3081 2956 3137; x_wconf 90' lang='lat' dir='ltr'><strong>tubis</strong></span> <span class='ocrx_word' id='word_1_444' title='bbox 2988 3081 3242 3137; x_wconf 85' lang='lat' dir='ltr'><strong>invectas</strong></span> <span class='ocrx_word' id='word_1_445' title='bbox 3263 3081 3437 3138; x_wconf 86' lang='lat' dir='ltr'><strong>tacite</strong></span> <span class='ocrx_word' id='word_1_446' title='bbox 3471 3081 3707 3154; x_wconf 90' lang='lat' dir='ltr'><strong>quidem</strong></span> 
     </span>
    </p>
   </div>
   <div class='ocr_carea' id='block_1_65' title="bbox 2063 3168 3712 3242">
    <p class='ocr_par' dir='ltr' id='par_1_65' title="bbox 2063 3168 3712 3242">
     <span class='ocr_line' id='line_1_65' title="bbox 2063 3168 3712 3242; baseline 0.001 -17"><span class='ocrx_word' id='word_1_447' title='bbox 2063 3169 2165 3225; x_wconf 89' lang='lat' dir='ltr'><strong>sed</strong></span> <span class='ocrx_word' id='word_1_448' title='bbox 2197 3168 2425 3225; x_wconf 79' lang='lat' dir='ltr'><strong>fortiter</strong></span> <span class='ocrx_word' id='word_1_449' title='bbox 2453 3168 2640 3225; x_wconf 87' lang='lat' dir='ltr'><strong>adorti</strong></span> <span class='ocrx_word' id='word_1_450' title='bbox 2675 3174 2957 3242; x_wconf 88' lang='lat' dir='ltr'><strong>superant</strong></span> <span class='ocrx_word' id='word_1_451' title='bbox 3015 3174 3074 3226; x_wconf 89' lang='lat' dir='ltr'><strong>et</strong></span> <span class='ocrx_word' id='word_1_452' title='bbox 3130 3169 3188 3224; x_wconf 92' lang='lat' dir='ltr'><strong>in</strong></span> <span class='ocrx_word' id='word_1_453' title='bbox 3249 3170 3470 3227; x_wconf 91' lang='lat' dir='ltr'><strong>urbana</strong></span> <span class='ocrx_word' id='word_1_454' title='bbox 3514 3170 3712 3226; x_wconf 87' lang='lat' dir='ltr'><strong>littora</strong></span> 
     </span>
    </p>
   </div>
   <div class='ocr_carea' id='block_1_66' title="bbox 304 3237 1956 3332">
    <p class='ocr_par' dir='ltr' id='par_1_66' title="bbox 304 3254 1953 3324">
     <span class='ocr_line' id='line_1_66' title="bbox 304 3254 1953 3324; baseline 0.001 -12"><span class='ocrx_word' id='word_1_455' title='bbox 304 3254 657 3313; x_wconf 83' lang='grc' dir='ltr'>δυσδιέλικτα</span> <span class='ocrx_word' id='word_1_456' title='bbox 687 3257 788 3311; x_wconf 83' lang='grc' dir='ltr'>οὐκ</span> <span class='ocrx_word' id='word_1_457' title='bbox 836 3255 898 3312; x_wconf 86' lang='grc' dir='ltr'><strong>ἐκ</strong></span> <span class='ocrx_word' id='word_1_458' title='bbox 938 3261 1034 3312; x_wconf 79' lang='grc' dir='ltr'><strong>τοῦ</strong></span> <span class='ocrx_word' id='word_1_459' title='bbox 1085 3257 1275 3313; x_wconf 79' lang='grc' dir='ltr'>αὐτίκα</span> <span class='ocrx_word' id='word_1_460' title='bbox 1324 3257 1547 3314; x_wconf 87' lang='grc' dir='ltr'>ἐκάκουν</span> <span class='ocrx_word' id='word_1_461' title='bbox 1594 3259 1657 3315; x_wconf 84' lang='grc' dir='ltr'>τὸ</span> <span class='ocrx_word' id='word_1_462' title='bbox 1704 3257 1953 3324; x_wconf 72' lang='grc' dir='ltr'>ἃνθιστά-</span> 
     </span>
    </p>
   </div>
   <div class='ocr_carea' id='block_1_67' title="bbox 2064 3237 3708 3332">
    <p class='ocr_par' dir='ltr' id='par_1_67' title="bbox 2069 3237 3708 3332">
     <span class='ocr_line' id='line_1_67' title="bbox 2069 3237 3708 3332; baseline 0.001 -18"><span class='ocrx_word' id='word_1_463' title='bbox 2069 3257 2447 3329; x_wconf 88' lang='lat' dir='ltr'><strong>compellunt.</strong></span> <span class='ocrx_word' id='word_1_464' title='bbox 2480 3258 2627 3315; x_wconf 88' lang='lat' dir='ltr'><strong>Nam</strong></span> <span class='ocrx_word' id='word_1_465' title='bbox 2654 3237 2907 3331; x_wconf 38' lang='lat' dir='ltr'><strong>eas&#39;quia</strong></span> <span class='ocrx_word' id='word_1_466' title='bbox 2929 3258 3286 3332; x_wconf 78' lang='lat' dir='ltr'><strong>longissimas</strong></span> <span class='ocrx_word' id='word_1_467' title='bbox 3316 3265 3481 3317; x_wconf 88' lang='lat' dir='ltr'><strong>erant</strong></span> <span class='ocrx_word' id='word_1_468' title='bbox 3502 3265 3558 3316; x_wconf 90' lang='lat' dir='ltr'><strong>et</strong></span> <span class='ocrx_word' id='word_1_469' title='bbox 3592 3263 3708 3316; x_wconf 90' lang='lat' dir='ltr'><strong>tar-</strong></span> 
     </span>
    </p>
   </div>
   <div class='ocr_carea' id='block_1_68' title="bbox 304 3344 1955 3424">
    <p class='ocr_par' dir='ltr' id='par_1_68' title="bbox 304 3344 1955 3424">
     <span class='ocr_line' id='line_1_68' title="bbox 304 3344 1955 3424; baseline 0.002 -23"><span class='ocrx_word' id='word_1_470' title='bbox 304 3366 480 3421; x_wconf 87' lang='grc' dir='ltr'>μενον,</span> <span class='ocrx_word' id='word_1_471' title='bbox 523 3345 592 3401; x_wconf 78' lang='grc' dir='ltr'>τὰ</span> <span class='ocrx_word' id='word_1_472' title='bbox 641 3344 701 3404; x_wconf 73' lang='grc' dir='ltr'><strong>δὲ</strong></span> <span class='ocrx_word' id='word_1_473' title='bbox 757 3344 1112 3424; x_wconf 85' lang='grc' dir='ltr'>συμφορηδὸν</span> <span class='ocrx_word' id='word_1_474' title='bbox 1158 3345 1381 3404; x_wconf 85' lang='grc' dir='ltr'>ἐπιόντα</span> <span class='ocrx_word' id='word_1_475' title='bbox 1433 3349 1525 3403; x_wconf 85' lang='grc' dir='ltr'><strong>καὶ</strong></span> <span class='ocrx_word' id='word_1_476' title='bbox 1582 3346 1774 3404; x_wconf 82' lang='grc' dir='ltr'>πολλᾶ</span> <span class='ocrx_word' id='word_1_477' title='bbox 1830 3350 1955 3423; x_wconf 86' lang='grc' dir='ltr'>μίαν</span> 
     </span>
    </p>
   </div>
   <div class='ocr_carea' id='block_1_69' title="bbox 300 3432 1956 3512">
    <p class='ocr_par' dir='ltr' id='par_1_69' title="bbox 300 3432 1956 3512">
     <span class='ocr_line' id='line_1_69' title="bbox 300 3432 1956 3512; baseline 0.001 -20"><span class='ocrx_word' id='word_1_478' title='bbox 300 3437 506 3511; x_wconf 79' lang='grc' dir='ltr'>τριήρη</span> <span class='ocrx_word' id='word_1_479' title='bbox 577 3432 895 3510; x_wconf 79' lang='grc' dir='ltr'>συμμίγδην</span> <span class='ocrx_word' id='word_1_480' title='bbox 949 3435 1228 3511; x_wconf 87' lang='grc' dir='ltr'>περιόντα,</span> <span class='ocrx_word' id='word_1_481' title='bbox 1315 3434 1375 3492; x_wconf 76' lang='grc' dir='ltr'>ἔκ</span> <span class='ocrx_word' id='word_1_482' title='bbox 1430 3457 1489 3492; x_wconf 84' lang='grc' dir='ltr'><strong>τε</strong></span> <span class='ocrx_word' id='word_1_483' title='bbox 1544 3438 1799 3512; x_wconf 81' lang='grc' dir='ltr'>πρύμνης</span> <span class='ocrx_word' id='word_1_484' title='bbox 1865 3438 1956 3494; x_wconf 84' lang='grc' dir='ltr'><strong>καὶ</strong></span> 
     </span>
    </p>
   </div>
   <div class='ocr_carea' id='block_1_70' title="bbox 297 3522 1953 3601">
    <p class='ocr_par' dir='ltr' id='par_1_70' title="bbox 297 3522 1953 3601">
     <span class='ocr_line' id='line_1_70' title="bbox 297 3522 1953 3601; baseline 0.002 -22"><span class='ocrx_word' id='word_1_485' title='bbox 297 3525 524 3600; x_wconf 84' lang='grc' dir='ltr'>πρώρας</span> <span class='ocrx_word' id='word_1_486' title='bbox 558 3524 648 3577; x_wconf 84' lang='grc' dir='ltr'><strong>καὶ</strong></span> <span class='ocrx_word' id='word_1_487' title='bbox 699 3523 827 3594; x_wconf 89' lang='grc' dir='ltr'>παρ’</span> <span class='ocrx_word' id='word_1_488' title='bbox 875 3522 1127 3601; x_wconf 69' lang='grc' dir='ltr'>ἑκάτερον</span> <span class='ocrx_word' id='word_1_489' title='bbox 1178 3529 1372 3601; x_wconf 84' lang='grc' dir='ltr'>τοῖχον</span> <span class='ocrx_word' id='word_1_490' title='bbox 1422 3527 1731 3601; x_wconf 88' lang='grc' dir='ltr'>μαχόμενα,</span> <span class='ocrx_word' id='word_1_491' title='bbox 1777 3527 1851 3589; x_wconf 83' lang='grc' dir='ltr'>ὡς</span> <span class='ocrx_word' id='word_1_492' title='bbox 1900 3524 1953 3582; x_wconf 72' lang='grc' dir='ltr'><strong>ἐν</strong></span> 
     </span>
    </p>
   </div>
   <div class='ocr_carea' id='block_1_71' title="bbox 295 3613 1955 3693">
    <p class='ocr_par' dir='ltr' id='par_1_71' title="bbox 295 3613 1955 3693">
     <span class='ocr_line' id='line_1_71' title="bbox 295 3613 1955 3693; baseline 0.001 -24"><span class='ocrx_word' id='word_1_493' title='bbox 295 3613 614 3690; x_wconf 85' lang='grc' dir='ltr'>στενοπόρῳ</span> <span class='ocrx_word' id='word_1_494' title='bbox 662 3614 1057 3688; x_wconf 78' lang='grc' dir='ltr'>πορθμῷ.τὴν</span> <span class='ocrx_word' id='word_1_495' title='bbox 1114 3614 1265 3686; x_wconf 77' lang='grc' dir='ltr'>νίκην</span> <span class='ocrx_word' id='word_1_496' title='bbox 1323 3616 1481 3693; x_wconf 80' lang='grc' dir='ltr'>εἶχον</span> <span class='ocrx_word' id='word_1_497' title='bbox 1542 3614 1955 3691; x_wconf 68' lang='grc' dir='ltr'>ἐπινήχομένην</span> 
     </span>
    </p>
   </div>
   <div class='ocr_carea' id='block_1_72' title="bbox 297 3700 1959 3779">
    <p class='ocr_par' dir='ltr' id='par_1_72' title="bbox 297 3700 1959 3779">
     <span class='ocr_line' id='line_1_72' title="bbox 297 3700 1959 3779; baseline 0.001 -21"><span class='ocrx_word' id='word_1_498' title='bbox 297 3702 484 3765; x_wconf 74' lang='grc' dir='ltr'>αὐτοῖς</span> <span class='ocrx_word' id='word_1_499' title='bbox 542 3702 635 3759; x_wconf 81' lang='grc' dir='ltr'><strong>καὶ</strong></span> <span class='ocrx_word' id='word_1_500' title='bbox 677 3700 933 3779; x_wconf 76' lang='grc' dir='ltr'>λαμπρόν</span> <span class='ocrx_word' id='word_1_501' title='bbox 992 3704 1222 3760; x_wconf 80' lang='grc' dir='ltr'>ἀνίστων</span> <span class='ocrx_word' id='word_1_502' title='bbox 1290 3704 1551 3779; x_wconf 89' lang='grc' dir='ltr'>τρόπαιον</span> <span class='ocrx_word' id='word_1_503' title='bbox 1608 3709 1738 3777; x_wconf 77' lang='lat'><strong>(29).</strong></span> <span class='ocrx_word' id='word_1_504' title='bbox 1800 3703 1959 3762; x_wconf 83' lang='grc' dir='ltr'>Ἀλλ’</span> 
     </span>
    </p>
   </div>
   <div class='ocr_carea' id='block_1_73' title="bbox 307 3789 1958 3871">
    <p class='ocr_par' dir='ltr' id='par_1_73' title="bbox 307 3789 1958 3871">
     <span class='ocr_line' id='line_1_73' title="bbox 307 3789 1958 3871; baseline 0.001 -23"><span class='ocrx_word' id='word_1_505' title='bbox 307 3793 410 3848; x_wconf 82' lang='grc' dir='ltr'>οὐκ</span> <span class='ocrx_word' id='word_1_506' title='bbox 438 3789 492 3852; x_wconf 77' lang='grc' dir='ltr'><strong>ἐς</strong></span> <span class='ocrx_word' id='word_1_507' title='bbox 524 3790 671 3847; x_wconf 79' lang='grc' dir='ltr'>πολὺ</span> <span class='ocrx_word' id='word_1_508' title='bbox 713 3791 777 3846; x_wconf 82' lang='grc' dir='ltr'>τὸ</span> <span class='ocrx_word' id='word_1_509' title='bbox 835 3791 896 3847; x_wconf 87' lang='grc' dir='ltr'><strong>ἐκ</strong></span> <span class='ocrx_word' id='word_1_510' title='bbox 941 3799 1043 3862; x_wconf 79' lang='grc' dir='ltr'>τῆς</span> <span class='ocrx_word' id='word_1_511' title='bbox 1096 3792 1268 3863; x_wconf 60' lang='grc' dir='ltr'><strong>¹ἥττης</strong></span> <span class='ocrx_word' id='word_1_512' title='bbox 1323 3795 1522 3869; x_wconf 78' lang='grc' dir='ltr'>αἶσχος</span> <span class='ocrx_word' id='word_1_513' title='bbox 1575 3793 1958 3871; x_wconf 76' lang='grc' dir='ltr'>ὑπενεγκόντες</span> 
     </span>
    </p>
   </div>
   <div class='ocr_carea' id='block_1_74' title="bbox 304 3878 1961 3956">
    <p class='ocr_par' dir='ltr' id='par_1_74' title="bbox 304 3878 1961 3956">
     <span class='ocr_line' id='line_1_74' title="bbox 304 3878 1961 3956; baseline 0 -19"><span class='ocrx_word' id='word_1_514' title='bbox 304 3881 357 3937; x_wconf 74' lang='grc' dir='ltr'>οἱ</span> <span class='ocrx_word' id='word_1_515' title='bbox 387 3886 487 3936; x_wconf 75' lang='grc' dir='ltr'>τοῦ</span> <span class='ocrx_word' id='word_1_516' title='bbox 520 3878 720 3937; x_wconf 87' lang='grc' dir='ltr'>στόλου</span> <span class='ocrx_word' id='word_1_517' title='bbox 750 3884 845 3935; x_wconf 75' lang='grc' dir='ltr'><strong>τοῦ</strong></span> <span class='ocrx_word' id='word_1_518' title='bbox 881 3879 1149 3956; x_wconf 68' lang='grc' dir='ltr'>βασιλέως</span> <span class='ocrx_word' id='word_1_519' title='bbox 1179 3881 1442 3954; x_wconf 84' lang='grc' dir='ltr'>παλίωξιν</span> <span class='ocrx_word' id='word_1_520' title='bbox 1493 3888 1600 3939; x_wconf 88' lang='grc' dir='ltr'><strong>τῶν</strong></span> <span class='ocrx_word' id='word_1_521' title='bbox 1650 3880 1961 3956; x_wconf 79' lang='grc' dir='ltr'>λεμὸαδίων</span> 
     </span>
    </p>
   </div>
   <div class='ocr_carea' id='block_1_75' title="bbox 305 3968 1963 4050">
    <p class='ocr_par' dir='ltr' id='par_1_75' title="bbox 305 3968 1963 4050">
     <span class='ocr_line' id='line_1_75' title="bbox 305 3968 1963 4050; baseline 0.001 -23"><span class='ocrx_word' id='word_1_522' title='bbox 305 3971 536 4030; x_wconf 82' lang='grc' dir='ltr'>τιθέασι.</span> <span class='ocrx_word' id='word_1_523' title='bbox 571 3972 730 4046; x_wconf 75' lang='grc' dir='ltr'>Τάχα</span> <span class='ocrx_word' id='word_1_524' title='bbox 762 3968 807 4026; x_wconf 79' lang='grc' dir='ltr'>δ’</span> <span class='ocrx_word' id='word_1_525' title='bbox 840 3970 899 4026; x_wconf 79' lang='grc' dir='ltr'><strong>ἄν</strong></span> <span class='ocrx_word' id='word_1_526' title='bbox 933 3973 1021 4027; x_wconf 75' lang='grc' dir='ltr'><strong>καὶ</strong></span> <span class='ocrx_word' id='word_1_527' title='bbox 1059 3977 1140 4044; x_wconf 79' lang='grc' dir='ltr'>τῷ</span> <span class='ocrx_word' id='word_1_528' title='bbox 1188 3974 1335 4049; x_wconf 78' lang='grc' dir='ltr'>ὑγρῷ</span> <span class='ocrx_word' id='word_1_529' title='bbox 1386 3975 1518 4050; x_wconf 82' lang='grc' dir='ltr'>πυρὶ</span> <span class='ocrx_word' id='word_1_530' title='bbox 1568 3976 1633 4029; x_wconf 77' lang='grc' dir='ltr'>τὲι</span> <span class='ocrx_word' id='word_1_531' title='bbox 1686 3975 1963 4048; x_wconf 74' lang='grc' dir='ltr'>πορθμεῖα</span> 
     </span>
    </p>
   </div>
   <div class='ocr_carea' id='block_1_76' title="bbox 301 4059 1958 4137">
    <p class='ocr_par' dir='ltr' id='par_1_76' title="bbox 301 4059 1958 4137">
     <span class='ocr_line' id='line_1_76' title="bbox 301 4059 1958 4137; baseline 0.001 -21"><span class='ocrx_word' id='word_1_532' title='bbox 301 4061 596 4137; x_wconf 77' lang='grc' dir='ltr'>ἠφάνισαν,</span> <span class='ocrx_word' id='word_1_533' title='bbox 626 4060 670 4115; x_wconf 85' lang='grc' dir='ltr'><strong>εἰ</strong></span> <span class='ocrx_word' id='word_1_534' title='bbox 708 4062 783 4134; x_wconf 80' lang='grc' dir='ltr'>μή</span> <span class='ocrx_word' id='word_1_535' title='bbox 817 4059 876 4115; x_wconf 82' lang='grc' dir='ltr'><strong>ἐκ</strong></span> <span class='ocrx_word' id='word_1_536' title='bbox 922 4066 1018 4116; x_wconf 71' lang='grc' dir='ltr'>τοῦ</span> <span class='ocrx_word' id='word_1_537' title='bbox 1062 4060 1258 4137; x_wconf 84' lang='grc' dir='ltr'>σχεδὸν</span> <span class='ocrx_word' id='word_1_538' title='bbox 1308 4064 1535 4126; x_wconf 74' lang='grc' dir='ltr'>ἑστῶτες</span> <span class='ocrx_word' id='word_1_539' title='bbox 1585 4061 1958 4135; x_wconf 58' lang='grc' dir='ltr'>ἐπεϐοήθησαν</span> 
     </span>
    </p>
   </div>
   <div class='ocr_carea' id='block_1_77' title="bbox 2065 3346 3708 3422">
    <p class='ocr_par' dir='ltr' id='par_1_77' title="bbox 2065 3346 3708 3422">
     <span class='ocr_line' id='line_1_77' title="bbox 2065 3346 3708 3422; baseline 0 -17"><span class='ocrx_word' id='word_1_540' title='bbox 2065 3347 2171 3418; x_wconf 68' lang='grc' dir='ltr'>(ιω,</span> <span class='ocrx_word' id='word_1_541' title='bbox 2196 3346 2408 3405; x_wconf 89' lang='lat' dir='ltr'><strong>lembis</strong></span> <span class='ocrx_word' id='word_1_542' title='bbox 2430 3347 2783 3420; x_wconf 84' lang='lat' dir='ltr'><strong>piscatorum</strong></span> <span class='ocrx_word' id='word_1_543' title='bbox 2806 3365 2920 3405; x_wconf 91' lang='lat' dir='ltr'><strong>non</strong></span> <span class='ocrx_word' id='word_1_544' title='bbox 2945 3349 3143 3406; x_wconf 87' lang='lat' dir='ltr'><strong>statim</strong></span> <span class='ocrx_word' id='word_1_545' title='bbox 3167 3365 3373 3406; x_wconf 89' lang='lat' dir='ltr'><strong>nocere</strong></span> <span class='ocrx_word' id='word_1_546' title='bbox 3396 3354 3663 3422; x_wconf 85' lang='lat' dir='ltr'><strong>poterant</strong></span> <span class='ocrx_word' id='word_1_547' title='bbox 3695 3367 3708 3406; x_wconf 89' lang='lat'><strong>:</strong></span> 
     </span>
    </p>
   </div>
   <div class='ocr_carea' id='block_1_78' title="bbox 2062 3436 3709 3509">
    <p class='ocr_par' dir='ltr' id='par_1_78' title="bbox 2062 3436 3709 3509">
     <span class='ocr_line' id='line_1_78' title="bbox 2062 3436 3709 3509; baseline 0.002 -16"><span class='ocrx_word' id='word_1_548' title='bbox 2062 3436 2125 3493; x_wconf 85' lang='lat' dir='ltr'><strong>hi</strong></span> <span class='ocrx_word' id='word_1_549' title='bbox 2153 3452 2287 3494; x_wconf 90' lang='lat' dir='ltr'><strong>vero</strong></span> <span class='ocrx_word' id='word_1_550' title='bbox 2317 3437 2456 3509; x_wconf 85' lang='lat' dir='ltr'><strong>quia</strong></span> <span class='ocrx_word' id='word_1_551' title='bbox 2514 3437 2824 3495; x_wconf 76' lang='lat' dir='ltr'><strong>confertim</strong></span> <span class='ocrx_word' id='word_1_552' title='bbox 2882 3439 3184 3495; x_wconf 87' lang='lat' dir='ltr'><strong>irruebant</strong></span> <span class='ocrx_word' id='word_1_553' title='bbox 3234 3444 3291 3494; x_wconf 92' lang='lat' dir='ltr'><strong>et</strong></span> <span class='ocrx_word' id='word_1_554' title='bbox 3329 3440 3500 3495; x_wconf 87' lang='lat' dir='ltr'><strong>multi</strong></span> <span class='ocrx_word' id='word_1_555' title='bbox 3534 3455 3709 3496; x_wconf 89' lang='lat' dir='ltr'><strong>unam</strong></span> 
     </span>
    </p>
   </div>
   <div class='ocr_carea' id='block_1_79' title="bbox 2065 3526 3714 3600">
    <p class='ocr_par' dir='ltr' id='par_1_79' title="bbox 2065 3526 3714 3600">
     <span class='ocr_line' id='line_1_79' title="bbox 2065 3526 3714 3600; baseline 0.001 -19"><span class='ocrx_word' id='word_1_556' title='bbox 2065 3526 2361 3583; x_wconf 88' lang='lat' dir='ltr'><strong>triremem</strong></span> <span class='ocrx_word' id='word_1_557' title='bbox 2384 3526 2851 3597; x_wconf 88' lang='lat' dir='ltr'><strong>circumdabant,</strong></span> <span class='ocrx_word' id='word_1_558' title='bbox 2881 3545 2914 3582; x_wconf 90' lang='lat' dir='ltr'><strong>a</strong></span> <span class='ocrx_word' id='word_1_559' title='bbox 2953 3528 3133 3600; x_wconf 89' lang='lat' dir='ltr'><strong>puppi</strong></span> <span class='ocrx_word' id='word_1_560' title='bbox 3169 3532 3227 3583; x_wconf 90' lang='lat' dir='ltr'><strong>et</strong></span> <span class='ocrx_word' id='word_1_561' title='bbox 3254 3529 3409 3584; x_wconf 67' lang='lat'><strong>490</strong></span> <span class='ocrx_word' id='word_1_562' title='bbox 3442 3545 3612 3599; x_wconf 89' lang='lat' dir='ltr'><strong>prora</strong></span> <span class='ocrx_word' id='word_1_563' title='bbox 3652 3530 3714 3584; x_wconf 92' lang='lat' dir='ltr'><strong>et</strong></span> 
     </span>
    </p>
   </div>
   <div class='ocr_carea' id='block_1_80' title="bbox 2068 3615 3715 3690">
    <p class='ocr_par' dir='ltr' id='par_1_80' title="bbox 2068 3615 3715 3690">
     <span class='ocr_line' id='line_1_80' title="bbox 2068 3615 3715 3690; baseline 0.002 -18"><span class='ocrx_word' id='word_1_564' title='bbox 2068 3620 2315 3687; x_wconf 89' lang='lat' dir='ltr'><strong>utroque</strong></span> <span class='ocrx_word' id='word_1_565' title='bbox 2336 3615 2514 3671; x_wconf 88' lang='lat' dir='ltr'><strong>latere</strong></span> <span class='ocrx_word' id='word_1_566' title='bbox 2533 3621 2881 3690; x_wconf 88' lang='lat' dir='ltr'><strong>pugnantes,</strong></span> <span class='ocrx_word' id='word_1_567' title='bbox 2914 3616 2974 3671; x_wconf 89' lang='lat' dir='ltr'><strong>in</strong></span> <span class='ocrx_word' id='word_1_568' title='bbox 3019 3623 3268 3689; x_wconf 87' lang='lat' dir='ltr'><strong>angusto</strong></span> <span class='ocrx_word' id='word_1_569' title='bbox 3294 3617 3438 3672; x_wconf 89' lang='lat' dir='ltr'><strong>freto</strong></span> <span class='ocrx_word' id='word_1_570' title='bbox 3470 3618 3715 3675; x_wconf 75' lang='lat' dir='ltr'><strong>victoria</strong></span> 
     </span>
    </p>
   </div>
   <div class='ocr_carea' id='block_1_81' title="bbox 2067 3704 3714 3777">
    <p class='ocr_par' dir='ltr' id='par_1_81' title="bbox 2067 3704 3714 3777">
     <span class='ocr_line' id='line_1_81' title="bbox 2067 3704 3714 3777; baseline 0.002 -17"><span class='ocrx_word' id='word_1_571' title='bbox 2067 3705 2231 3775; x_wconf 90' lang='lat' dir='ltr'><strong>potiti</strong></span> <span class='ocrx_word' id='word_1_572' title='bbox 2265 3704 2492 3760; x_wconf 84' lang='lat' dir='ltr'><strong>illustre</strong></span> <span class='ocrx_word' id='word_1_573' title='bbox 2531 3712 2808 3777; x_wconf 67' lang='lat' dir='ltr'><strong>tropaeum</strong></span> <span class='ocrx_word' id='word_1_574' title='bbox 2858 3710 3183 3761; x_wconf 86' lang='lat' dir='ltr'><strong>erexerunt.</strong></span> <span class='ocrx_word' id='word_1_575' title='bbox 3215 3706 3323 3760; x_wconf 84' lang='lat' dir='ltr'><strong>Sed</strong></span> <span class='ocrx_word' id='word_1_576' title='bbox 3355 3706 3714 3776; x_wconf 81' lang='lat' dir='ltr'><strong>imperatorii</strong></span> 
     </span>
    </p>
   </div>
   <div class='ocr_carea' id='block_1_82' title="bbox 2068 3792 3715 3863">
    <p class='ocr_par' dir='ltr' id='par_1_82' title="bbox 2068 3792 3715 3863">
     <span class='ocr_line' id='line_1_82' title="bbox 2068 3792 3715 3863; baseline 0.001 -15"><span class='ocrx_word' id='word_1_577' title='bbox 2068 3792 2501 3860; x_wconf 88' lang='lat' dir='ltr'><strong>classiarii,non</strong></span> <span class='ocrx_word' id='word_1_578' title='bbox 2534 3794 2635 3849; x_wconf 89' lang='lat' dir='ltr'><strong>diu</strong></span> <span class='ocrx_word' id='word_1_579' title='bbox 2663 3809 2729 3849; x_wconf 87' lang='lat' dir='ltr'><strong>eo</strong></span> <span class='ocrx_word' id='word_1_580' title='bbox 2772 3795 3052 3850; x_wconf 83' lang='lat' dir='ltr'><strong>dedecore</strong></span> <span class='ocrx_word' id='word_1_581' title='bbox 3101 3794 3365 3863; x_wconf 87' lang='lat' dir='ltr'><strong>tolerato,</strong></span> <span class='ocrx_word' id='word_1_582' title='bbox 3411 3794 3715 3851; x_wconf 87' lang='lat' dir='ltr'><strong>naviculas</strong></span> 
     </span>
    </p>
   </div>
   <div class='ocr_carea' id='block_1_83' title="bbox 2071 3882 3717 3956">
    <p class='ocr_par' dir='ltr' id='par_1_83' title="bbox 2071 3882 3717 3956">
     <span class='ocr_line' id='line_1_83' title="bbox 2071 3882 3717 3956; baseline 0.001 -18"><span class='ocrx_word' id='word_1_583' title='bbox 2071 3882 2329 3939; x_wconf 84' lang='lat' dir='ltr'><strong>vicissim</strong></span> <span class='ocrx_word' id='word_1_584' title='bbox 2363 3883 2600 3954; x_wconf 84' lang='lat' dir='ltr'><strong>fugant;</strong></span> <span class='ocrx_word' id='word_1_585' title='bbox 2635 3899 2851 3956; x_wconf 86' lang='lat' dir='ltr'><strong>easque</strong></span> <span class='ocrx_word' id='word_1_586' title='bbox 2911 3883 3152 3939; x_wconf 82' lang='lat' dir='ltr'><strong>forsitan</strong></span> <span class='ocrx_word' id='word_1_587' title='bbox 3214 3883 3333 3955; x_wconf 84' lang='lat' dir='ltr'><strong>igni</strong></span> <span class='ocrx_word' id='word_1_588' title='bbox 3382 3884 3578 3939; x_wconf 63' lang='grc' dir='ltr'><strong>(ἂι-α)οο</strong></span> <span class='ocrx_word' id='word_1_589' title='bbox 3611 3885 3717 3939; x_wconf 89' lang='lat' dir='ltr'><strong>ab-</strong></span> 
     </span>
    </p>
   </div>
   <div class='ocr_carea' id='block_1_84' title="bbox 2071 3973 3718 4046">
    <p class='ocr_par' dir='ltr' id='par_1_84' title="bbox 2071 3973 3718 4046">
     <span class='ocr_line' id='line_1_84' title="bbox 2071 3973 3718 4046; baseline 0.001 -16"><span class='ocrx_word' id='word_1_590' title='bbox 2071 3973 2484 4046; x_wconf 87' lang='lat' dir='ltr'><strong>sumpsissent,</strong></span> <span class='ocrx_word' id='word_1_591' title='bbox 2518 3974 2631 4028; x_wconf 90' lang='lat' dir='ltr'><strong>nisi</strong></span> <span class='ocrx_word' id='word_1_592' title='bbox 2667 3974 2860 4029; x_wconf 80' lang='lat' dir='ltr'><strong>Branas</strong></span> <span class='ocrx_word' id='word_1_593' title='bbox 2896 3974 3108 4030; x_wconf 89' lang='lat' dir='ltr'><strong>milites</strong></span> <span class='ocrx_word' id='word_1_594' title='bbox 3157 3992 3222 4029; x_wconf 83' lang='lat' dir='ltr'><strong>ex</strong></span> <span class='ocrx_word' id='word_1_595' title='bbox 3250 3974 3496 4031; x_wconf 79' lang='lat' dir='ltr'><strong>coliibus</strong></span> <span class='ocrx_word' id='word_1_596' title='bbox 3523 3977 3594 4031; x_wconf 88' lang='lat' dir='ltr'><strong>ad</strong></span> <span class='ocrx_word' id='word_1_597' title='bbox 3627 3974 3718 4032; x_wconf 91' lang='lat' dir='ltr'><strong>lit-</strong></span> 
     </span>
    </p>
   </div>
   <div class='ocr_carea' id='block_1_85' title="bbox 2069 4062 3271 4135">
    <p class='ocr_par' dir='ltr' id='par_1_85' title="bbox 2069 4062 3271 4135">
     <span class='ocr_line' id='line_1_85' title="bbox 2069 4062 3271 4135; baseline -0.001 -15"><span class='ocrx_word' id='word_1_598' title='bbox 2069 4069 2197 4120; x_wconf 87' lang='lat' dir='ltr'><strong>tora</strong></span> <span class='ocrx_word' id='word_1_599' title='bbox 2226 4063 2472 4135; x_wconf 84' lang='lat' dir='ltr'><strong>digressi</strong></span> <span class='ocrx_word' id='word_1_600' title='bbox 2504 4064 2804 4135; x_wconf 82' lang='lat' dir='ltr'><strong>suppetias</strong></span> <span class='ocrx_word' id='word_1_601' title='bbox 2831 4062 2947 4119; x_wconf 88' lang='lat' dir='ltr'><strong>illis</strong></span> <span class='ocrx_word' id='word_1_602' title='bbox 2979 4063 3271 4119; x_wconf 87' lang='lat' dir='ltr'><strong>tulissent.</strong></span> 
     </span>
    </p>
   </div>
   <div class='ocr_carea' id='block_1_86' title="bbox 301 4146 3711 4231">
    <p class='ocr_par' dir='ltr' id='par_1_86' title="bbox 301 4146 3711 4231">
     <span class='ocr_line' id='line_1_86' title="bbox 301 4146 3711 4231; baseline 0.001 -27"><span class='ocrx_word' id='word_1_603' title='bbox 301 4151 361 4204; x_wconf 75' lang='grc' dir='ltr'>οἱ</span> <span class='ocrx_word' id='word_1_604' title='bbox 396 4154 495 4206; x_wconf 78' lang='grc' dir='ltr'><strong>τοῦ</strong></span> <span class='ocrx_word' id='word_1_605' title='bbox 524 4152 699 4224; x_wconf 87' lang='grc' dir='ltr'>Βρανᾶ</span> <span class='ocrx_word' id='word_1_606' title='bbox 732 4148 1084 4226; x_wconf 83' lang='grc' dir='ltr'>ὁπλομάχοι,</span> <span class='ocrx_word' id='word_1_607' title='bbox 1120 4151 1179 4207; x_wconf 90' lang='grc' dir='ltr'><strong>ἐκ</strong></span> <span class='ocrx_word' id='word_1_608' title='bbox 1212 4155 1320 4207; x_wconf 87' lang='grc' dir='ltr'><strong>τῶν</strong></span> <span class='ocrx_word' id='word_1_609' title='bbox 1384 4151 1572 4231; x_wconf 88' lang='grc' dir='ltr'>λόφων</span> <span class='ocrx_word' id='word_1_610' title='bbox 1620 4149 1948 4217; x_wconf 72' lang='grc' dir='ltr'>καταϐάντες</span> <span class='ocrx_word' id='word_1_611' title='bbox 1998 4151 2088 4207; x_wconf 85' lang='grc' dir='ltr'><strong>καὶ</strong></span> <span class='ocrx_word' id='word_1_612' title='bbox 2129 4151 2221 4208; x_wconf 86' lang='grc' dir='ltr'>τὸν</span> <span class='ocrx_word' id='word_1_613' title='bbox 2264 4149 2511 4226; x_wconf 74' lang='grc' dir='ltr'>αἶ’γιαλὸν</span> <span class='ocrx_word' id='word_1_614' title='bbox 2562 4150 3016 4225; x_wconf 85' lang='grc' dir='ltr'>ἐπιπορευόμενοι</span> <span class='ocrx_word' id='word_1_615' title='bbox 3064 4146 3217 4206; x_wconf 68' lang='grc' dir='ltr'>ἕνεκα</span> <span class='ocrx_word' id='word_1_616' title='bbox 3265 4155 3360 4207; x_wconf 80' lang='grc' dir='ltr'><strong>τοῦ</strong></span> <span class='ocrx_word' id='word_1_617' title='bbox 3415 4150 3711 4230; x_wconf 82' lang='grc' dir='ltr'>ἐπαρήγειν</span> 
     </span>
    </p>
   </div>
   <div class='ocr_carea' id='block_1_87' title="bbox 303 4243 669 4311">
    <p class='ocr_par' dir='ltr' id='par_1_87' title="bbox 303 4243 669 4311">
     <span class='ocr_line' id='line_1_87' title="bbox 303 4243 669 4311; baseline 0.005 -18"><span class='ocrx_word' id='word_1_618' title='bbox 303 4243 386 4311; x_wconf 86' lang='grc' dir='ltr'>τῷ</span> <span class='ocrx_word' id='word_1_619' title='bbox 413 4244 669 4311; x_wconf 78' lang='grc' dir='ltr'>ναυτικῷ.</span> 
     </span>
    </p>
   </div>
   <div class='ocr_carea' id='block_1_88' title="bbox 374 4324 2040 4408">
    <p class='ocr_par' dir='ltr' id='par_1_88' title="bbox 374 4324 2040 4408">
     <span class='ocr_line' id='line_1_88' title="bbox 374 4324 2040 4408; baseline 0.002 -26"><span class='ocrx_word' id='word_1_620' title='bbox 374 4330 433 4397; x_wconf 81' lang='grc' dir='ltr'><strong>ζ’.</strong></span> <span class='ocrx_word' id='word_1_621' title='bbox 502 4324 653 4385; x_wconf 83' lang='grc' dir='ltr'>Ἰδὼν</span> <span class='ocrx_word' id='word_1_622' title='bbox 704 4326 761 4384; x_wconf 74' lang='grc' dir='ltr'><strong>δὲ</strong></span> <span class='ocrx_word' id='word_1_623' title='bbox 803 4330 831 4384; x_wconf 87' lang='grc' dir='ltr'>ὁ</span> <span class='ocrx_word' id='word_1_624' title='bbox 864 4329 1173 4401; x_wconf 81' lang='grc' dir='ltr'>ἀποστάτης</span> <span class='ocrx_word' id='word_1_625' title='bbox 1222 4329 1296 4394; x_wconf 80' lang='grc' dir='ltr'>ὡς</span> <span class='ocrx_word' id='word_1_626' title='bbox 1354 4327 1478 4386; x_wconf 69' lang='grc' dir='ltr'>οὔτε</span> <span class='ocrx_word' id='word_1_627' title='bbox 1535 4330 1789 4387; x_wconf 82' lang='grc' dir='ltr'>κλέπτειν</span> <span class='ocrx_word' id='word_1_628' title='bbox 1839 4332 1960 4408; x_wconf 75' lang='grc' dir='ltr'>ἓχει</span> <span class='ocrx_word' id='word_1_629' title='bbox 1994 4340 2040 4405; x_wconf 75' lang='lat'><strong>1)</strong></span> 
     </span>
    </p>
   </div>
   <div class='ocr_carea' id='block_1_89' title="bbox 300 4416 1963 4494">
    <p class='ocr_par' dir='ltr' id='par_1_89' title="bbox 300 4416 1963 4494">
     <span class='ocr_line' id='line_1_89' title="bbox 300 4416 1963 4494; baseline 0.001 -22"><span class='ocrx_word' id='word_1_630' title='bbox 300 4419 403 4486; x_wconf 72' lang='grc' dir='ltr'>τὴν</span> <span class='ocrx_word' id='word_1_631' title='bbox 463 4416 702 4493; x_wconf 83' lang='grc' dir='ltr'>πάροδον</span> <span class='ocrx_word' id='word_1_632' title='bbox 757 4416 881 4474; x_wconf 64' lang='grc' dir='ltr'>οὔτε</span> <span class='ocrx_word' id='word_1_633' title='bbox 927 4420 1035 4494; x_wconf 75' lang='grc' dir='ltr'>μὴν</span> <span class='ocrx_word' id='word_1_634' title='bbox 1091 4416 1325 4493; x_wconf 76' lang='grc' dir='ltr'>πολὲμῳ</span> <span class='ocrx_word' id='word_1_635' title='bbox 1384 4418 1421 4489; x_wconf 78' lang='grc' dir='ltr'>ἥ</span> <span class='ocrx_word' id='word_1_636' title='bbox 1478 4425 1662 4484; x_wconf 90' lang='grc' dir='ltr'>πειθοῖ</span> <span class='ocrx_word' id='word_1_637' title='bbox 1725 4419 1963 4491; x_wconf 76' lang='grc' dir='ltr'>ἀνόσιμά</span> 
     </span>
    </p>
   </div>
   <div class='ocr_carea' id='block_1_90' title="bbox 310 4502 1958 4584">
    <p class='ocr_par' dir='ltr' id='par_1_90' title="bbox 310 4502 1958 4584">
     <span class='ocr_line' id='line_1_90' title="bbox 310 4502 1958 4584; baseline 0.001 -25"><span class='ocrx_word' id='word_1_638' title='bbox 310 4502 447 4559; x_wconf 83' lang='grc' dir='ltr'>είσίν</span> <span class='ocrx_word' id='word_1_639' title='bbox 477 4506 528 4559; x_wconf 77' lang='grc' dir='ltr'>οἱ</span> <span class='ocrx_word' id='word_1_640' title='bbox 573 4507 637 4561; x_wconf 74' lang='grc' dir='ltr'>τὰ</span> <span class='ocrx_word' id='word_1_641' title='bbox 689 4505 1063 4581; x_wconf 81' lang='grc' dir='ltr'>μελετώμενα,</span> <span class='ocrx_word' id='word_1_642' title='bbox 1103 4504 1283 4579; x_wconf 77' lang='grc' dir='ltr'>ἃλλην</span> <span class='ocrx_word' id='word_1_643' title='bbox 1336 4508 1629 4584; x_wconf 82' lang='grc' dir='ltr'>τραπέσθαι</span> <span class='ocrx_word' id='word_1_644' title='bbox 1666 4506 1958 4563; x_wconf 69' lang='grc' dir='ltr'>διενοεῖτο·</span> 
     </span>
    </p>
   </div>
   <div class='ocr_carea' id='block_1_91' title="bbox 312 4592 1962 4673">
    <p class='ocr_par' dir='ltr' id='par_1_91' title="bbox 312 4592 1962 4673">
     <span class='ocr_line' id='line_1_91' title="bbox 312 4592 1962 4673; baseline 0.004 -26"><span class='ocrx_word' id='word_1_645' title='bbox 312 4592 348 4663; x_wconf 73' lang='grc' dir='ltr'>ἤ</span> <span class='ocrx_word' id='word_1_646' title='bbox 380 4594 483 4669; x_wconf 73' lang='grc' dir='ltr'><strong>γὰρ</strong></span> <span class='ocrx_word' id='word_1_647' title='bbox 515 4593 666 4669; x_wconf 85' lang='grc' dir='ltr'>λιμῷ</span> <span class='ocrx_word' id='word_1_648' title='bbox 695 4598 795 4665; x_wconf 73' lang='grc' dir='ltr'><strong>τήν</strong></span> <span class='ocrx_word' id='word_1_649' title='bbox 832 4594 1090 4673; x_wconf 81' lang='grc' dir='ltr'>βασιλίδα</span> <span class='ocrx_word' id='word_1_650' title='bbox 1125 4600 1576 4673; x_wconf 83' lang='grc' dir='ltr'>παραστήσασθαι</span> <span class='ocrx_word' id='word_1_651' title='bbox 1622 4597 1807 4663; x_wconf 77' lang='grc' dir='ltr'>πόλιν,</span> <span class='ocrx_word' id='word_1_652' title='bbox 1863 4618 1962 4671; x_wconf 86' lang='grc' dir='ltr'>με-</span> 
     </span>
    </p>
   </div>
   <div class='ocr_carea' id='block_1_92' title="bbox 308 4683 1963 4762">
    <p class='ocr_par' dir='ltr' id='par_1_92' title="bbox 308 4683 1963 4762">
     <span class='ocr_line' id='line_1_92' title="bbox 308 4683 1963 4762; baseline 0.002 -24"><span class='ocrx_word' id='word_1_653' title='bbox 308 4683 500 4760; x_wconf 84' lang='grc' dir='ltr'>γίστην</span> <span class='ocrx_word' id='word_1_654' title='bbox 550 4684 843 4758; x_wconf 82' lang='grc' dir='ltr'>ἐπιστήσας</span> <span class='ocrx_word' id='word_1_655' title='bbox 890 4687 1033 4760; x_wconf 82' lang='grc' dir='ltr'><strong>αὐτῇ</strong></span> <span class='ocrx_word' id='word_1_656' title='bbox 1082 4687 1172 4741; x_wconf 80' lang='grc' dir='ltr'>καὶ</span> <span class='ocrx_word' id='word_1_657' title='bbox 1221 4686 1514 4762; x_wconf 72' lang='grc' dir='ltr'>κρατίστην</span> <span class='ocrx_word' id='word_1_658' title='bbox 1559 4685 1815 4742; x_wconf 80' lang='grc' dir='ltr'>ἐλέπολιν</span> <span class='ocrx_word' id='word_1_659' title='bbox 1864 4689 1963 4754; x_wconf 77' lang='grc' dir='ltr'><strong>τήν</strong></span> 
     </span>
    </p>
   </div>
   <div class='ocr_carea' id='block_1_93' title="bbox 300 4770 1962 4852">
    <p class='ocr_par' dir='ltr' id='par_1_93' title="bbox 300 4770 1962 4852">
     <span class='ocr_line' id='line_1_93' title="bbox 300 4770 1962 4852; baseline 0.001 -23"><span class='ocrx_word' id='word_1_660' title='bbox 300 4779 410 4829; x_wconf 88' lang='grc' dir='ltr'><strong>τῶν</strong></span> <span class='ocrx_word' id='word_1_661' title='bbox 441 4770 728 4848; x_wconf 76' lang='grc' dir='ltr'>ἐδωδίμων</span> <span class='ocrx_word' id='word_1_662' title='bbox 788 4776 1140 4831; x_wconf 63' lang='grc' dir='ltr'>ὑποσπάνισιν</span> <span class='ocrx_word' id='word_1_663' title='bbox 1186 4774 1318 4847; x_wconf 74' lang='grc' dir='ltr'><strong>(ἤδη</strong></span> <span class='ocrx_word' id='word_1_664' title='bbox 1369 4776 1471 4852; x_wconf 83' lang='grc' dir='ltr'><strong>γὰρ</strong></span> <span class='ocrx_word' id='word_1_665' title='bbox 1519 4779 1553 4846; x_wconf 83' lang='grc' dir='ltr'>ἡ</span> <span class='ocrx_word' id='word_1_666' title='bbox 1607 4776 1716 4848; x_wconf 74' lang='grc' dir='ltr'><strong>ἑῴα</strong></span> <span class='ocrx_word' id='word_1_667' title='bbox 1765 4796 1824 4830; x_wconf 87' lang='grc' dir='ltr'><strong>τε</strong></span> <span class='ocrx_word' id='word_1_668' title='bbox 1873 4777 1962 4831; x_wconf 84' lang='grc' dir='ltr'><strong>καὶ</strong></span> 
     </span>
    </p>
   </div>
   <div class='ocr_carea' id='block_1_94' title="bbox 303 4862 1960 4939">
    <p class='ocr_par' dir='ltr' id='par_1_94' title="bbox 303 4862 1960 4939">
     <span class='ocr_line' id='line_1_94' title="bbox 303 4862 1960 4939; baseline 0.001 -21"><span class='ocrx_word' id='word_1_669' title='bbox 303 4864 558 4937; x_wconf 74' lang='grc' dir='ltr'>ἑσπέριος</span> <span class='ocrx_word' id='word_1_670' title='bbox 603 4864 706 4919; x_wconf 80' lang='grc' dir='ltr'>ὑπὸ</span> <span class='ocrx_word' id='word_1_671' title='bbox 761 4864 1068 4937; x_wconf 81' lang='grc' dir='ltr'>Ῥωμαίους</span> <span class='ocrx_word' id='word_1_672' title='bbox 1118 4862 1273 4938; x_wconf 71' lang='grc' dir='ltr'>λῆξις</span> <span class='ocrx_word' id='word_1_673' title='bbox 1330 4865 1479 4937; x_wconf 71' lang='grc' dir='ltr'>πούτῴ</span> <span class='ocrx_word' id='word_1_674' title='bbox 1522 4865 1960 4939; x_wconf 80' lang='grc' dir='ltr'>προσεχώρησε),</span> 
     </span>
    </p>
   </div>
   <div class='ocr_carea' id='block_1_95' title="bbox 308 4949 1963 5032">
    <p class='ocr_par' dir='ltr' id='par_1_95' title="bbox 308 4949 1963 5032">
     <span class='ocr_line' id='line_1_95' title="bbox 308 4949 1963 5032; baseline 0.001 -26"><span class='ocrx_word' id='word_1_675' title='bbox 308 4949 585 5025; x_wconf 81' lang='grc' dir='ltr'>μηδεμίαν</span> <span class='ocrx_word' id='word_1_676' title='bbox 651 4951 955 5028; x_wconf 73' lang='grc' dir='ltr'>ἐπισκήψας</span> <span class='ocrx_word' id='word_1_677' title='bbox 1014 4956 1120 5018; x_wconf 79' lang='grc' dir='ltr'>νῆα</span> <span class='ocrx_word' id='word_1_678' title='bbox 1173 4954 1478 5032; x_wconf 81' lang='grc' dir='ltr'>σιταγωγὸν</span> <span class='ocrx_word' id='word_1_679' title='bbox 1548 4953 1822 5029; x_wconf 84' lang='grc' dir='ltr'>καταίρειν</span> <span class='ocrx_word' id='word_1_680' title='bbox 1883 4953 1963 5017; x_wconf 70' lang='grc' dir='ltr'>εἲς</span> 
     </span>
    </p>
   </div>
   <div class='ocr_carea' id='block_1_96' title="bbox 300 5037 1963 5117">
    <p class='ocr_par' dir='ltr' id='par_1_96' title="bbox 300 5037 1963 5117">
     <span class='ocr_line' id='line_1_96' title="bbox 300 5037 1963 5117; baseline 0.001 -21"><span class='ocrx_word' id='word_1_681' title='bbox 300 5040 370 5096; x_wconf 79' lang='grc' dir='ltr'>τὸ</span> <span class='ocrx_word' id='word_1_682' title='bbox 400 5039 707 5109; x_wconf 81' lang='grc' dir='ltr'>Βυζάντιον,</span> <span class='ocrx_word' id='word_1_683' title='bbox 747 5041 783 5110; x_wconf 72' lang='grc' dir='ltr'>ἢ</span> <span class='ocrx_word' id='word_1_684' title='bbox 812 5037 1144 5117; x_wconf 72' lang='grc' dir='ltr'>προσϐαλεῖν</span> <span class='ocrx_word' id='word_1_685' title='bbox 1183 5044 1296 5117; x_wconf 89' lang='grc' dir='ltr'>μετ’</span> <span class='ocrx_word' id='word_1_686' title='bbox 1340 5044 1710 5116; x_wconf 81' lang='grc' dir='ltr'>ἀκμαιοτέρου</span> <span class='ocrx_word' id='word_1_687' title='bbox 1763 5039 1963 5097; x_wconf 87' lang='grc' dir='ltr'>στόλου</span> 
     </span>
    </p>
   </div>
   <div class='ocr_carea' id='block_1_97' title="bbox 298 5129 1966 5202">
    <p class='ocr_par' dir='ltr' id='par_1_97' title="bbox 298 5129 1966 5202">
     <span class='ocr_line' id='line_1_97' title="bbox 298 5129 1966 5202; baseline 0.001 -15"><span class='ocrx_word' id='word_1_688' title='bbox 298 5130 395 5187; x_wconf 79' lang='grc' dir='ltr'>καὶ</span> <span class='ocrx_word' id='word_1_689' title='bbox 427 5129 708 5193; x_wconf 87' lang='grc' dir='ltr'>πλείονος.</span> <span class='ocrx_word' id='word_1_690' title='bbox 753 5133 958 5189; x_wconf 82' lang='grc' dir='ltr'>Ἐκεῖνα</span> <span class='ocrx_word' id='word_1_691' title='bbox 1013 5130 1061 5188; x_wconf 84' lang='grc' dir='ltr'>δ’</span> <span class='ocrx_word' id='word_1_692' title='bbox 1118 5135 1185 5202; x_wconf 73' lang='grc' dir='ltr'>ἦν</span> <span class='ocrx_word' id='word_1_693' title='bbox 1234 5131 1528 5190; x_wconf 78' lang='grc' dir='ltr'>ἀνελίττων</span> <span class='ocrx_word' id='word_1_694' title='bbox 1577 5134 1719 5191; x_wconf 85' lang='grc' dir='ltr'><strong>κατά</strong></span> <span class='ocrx_word' id='word_1_695' title='bbox 1763 5136 1890 5187; x_wconf 78' lang='grc' dir='ltr'>νοῦν</span> <span class='ocrx_word' id='word_1_696' title='bbox 1931 5134 1966 5188; x_wconf 75' lang='grc' dir='ltr'>ἅ</span> 
     </span>
    </p>
   </div>
   <div class='ocr_carea' id='block_1_98' title="bbox 299 5221 1962 5299">
    <p class='ocr_par' dir='ltr' id='par_1_98' title="bbox 299 5221 1962 5299">
     <span class='ocr_line' id='line_1_98' title="bbox 299 5221 1962 5299; baseline -0.001 -21"><span class='ocrx_word' id='word_1_697' title='bbox 299 5224 380 5297; x_wconf 77' lang='grc' dir='ltr'><strong>μή</strong></span> <span class='ocrx_word' id='word_1_698' title='bbox 436 5221 501 5278; x_wconf 83' lang='grc' dir='ltr'>τὸ</span> <span class='ocrx_word' id='word_1_699' title='bbox 560 5226 712 5277; x_wconf 83' lang='grc' dir='ltr'>Θεῖον</span> <span class='ocrx_word' id='word_1_700' title='bbox 769 5221 992 5293; x_wconf 86' lang='grc' dir='ltr'>ἐπιτελῆ</span> <span class='ocrx_word' id='word_1_701' title='bbox 1051 5223 1304 5298; x_wconf 84' lang='grc' dir='ltr'>γενέσθαι</span> <span class='ocrx_word' id='word_1_702' title='bbox 1365 5224 1690 5282; x_wconf 72' lang='grc' dir='ltr'>κατένευσεν.</span> <span class='ocrx_word' id='word_1_703' title='bbox 1746 5224 1806 5282; x_wconf 85' lang='grc' dir='ltr'>Ὀ</span> <span class='ocrx_word' id='word_1_704' title='bbox 1858 5222 1962 5299; x_wconf 79' lang='grc' dir='ltr'><strong>γὰρ</strong></span> 
     </span>
    </p>
   </div>
   <div class='ocr_carea' id='block_1_99' title="bbox 2141 4330 3722 4390">
    <p class='ocr_par' dir='ltr' id='par_1_99' title="bbox 2141 4330 3722 4390">
     <span class='ocr_line' id='line_1_99' title="bbox 2141 4330 3722 4390; baseline 0.002 -4"><span class='ocrx_word' id='word_1_705' title='bbox 2141 4333 2197 4389; x_wconf 80' lang='grc'><strong>’7.</strong></span> <span class='ocrx_word' id='word_1_706' title='bbox 2232 4332 2513 4390; x_wconf 71' lang='lat' dir='ltr'><strong>Caeterum</strong></span> <span class='ocrx_word' id='word_1_707' title='bbox 2550 4332 2647 4388; x_wconf 90' lang='lat' dir='ltr'><strong>ubi</strong></span> <span class='ocrx_word' id='word_1_708' title='bbox 2710 4330 3017 4388; x_wconf 83' lang='lat' dir='ltr'><strong>seditionis</strong></span> <span class='ocrx_word' id='word_1_709' title='bbox 3066 4336 3271 4388; x_wconf 81' lang='lat' dir='ltr'><strong>auctor</strong></span> <span class='ocrx_word' id='word_1_710' title='bbox 3309 4332 3722 4390; x_wconf 83' lang='lat' dir='ltr'><strong>animadvertit</strong></span> 
     </span>
    </p>
   </div>
   <div class='ocr_carea' id='block_1_100' title="bbox 2073 4422 3717 4494">
    <p class='ocr_par' dir='ltr' id='par_1_100' title="bbox 2073 4422 3717 4494">
     <span class='ocr_line' id='line_1_100' title="bbox 2073 4422 3717 4494; baseline -0.001 -15"><span class='ocrx_word' id='word_1_711' title='bbox 2073 4440 2133 4479; x_wconf 82' lang='lat' dir='ltr'><strong>se</strong></span> <span class='ocrx_word' id='word_1_712' title='bbox 2164 4439 2353 4494; x_wconf 88' lang='lat' dir='ltr'><strong>neque</strong></span> <span class='ocrx_word' id='word_1_713' title='bbox 2376 4423 2525 4479; x_wconf 90' lang='lat' dir='ltr'><strong>clam</strong></span> <span class='ocrx_word' id='word_1_714' title='bbox 2562 4428 2864 4494; x_wconf 86' lang='lat' dir='ltr'><strong>penetrare</strong></span> <span class='ocrx_word' id='word_1_715' title='bbox 2897 4437 3002 4477; x_wconf 89' lang='lat' dir='ltr'><strong>nec</strong></span> <span class='ocrx_word' id='word_1_716' title='bbox 3058 4426 3261 4493; x_wconf 88' lang='lat' dir='ltr'><strong>aperta</strong></span> <span class='ocrx_word' id='word_1_717' title='bbox 3318 4422 3370 4476; x_wconf 91' lang='lat' dir='ltr'><strong>vi</strong></span> <span class='ocrx_word' id='word_1_718' title='bbox 3404 4423 3717 4478; x_wconf 90' lang='lat' dir='ltr'><strong>consilium</strong></span> 
     </span>
    </p>
   </div>
   <div class='ocr_carea' id='block_1_101' title="bbox 2073 4510 3714 4584">
    <p class='ocr_par' dir='ltr' id='par_1_101' title="bbox 2073 4510 3714 4584">
     <span class='ocr_line' id='line_1_101' title="bbox 2073 4510 3714 4584; baseline -0.001 -17"><span class='ocrx_word' id='word_1_719' title='bbox 2073 4529 2246 4568; x_wconf 91' lang='lat' dir='ltr'><strong>suum</strong></span> <span class='ocrx_word' id='word_1_720' title='bbox 2279 4513 2516 4584; x_wconf 83' lang='lat' dir='ltr'><strong>exsequi</strong></span> <span class='ocrx_word' id='word_1_721' title='bbox 2545 4527 2735 4584; x_wconf 85' lang='lat' dir='ltr'><strong>posse,</strong></span> <span class='ocrx_word' id='word_1_722' title='bbox 2795 4510 2909 4566; x_wconf 86' lang='lat' dir='ltr'><strong>alia</strong></span> <span class='ocrx_word' id='word_1_723' title='bbox 2963 4511 3057 4565; x_wconf 89' lang='lat' dir='ltr'><strong>via</strong></span> <span class='ocrx_word' id='word_1_724' title='bbox 3112 4526 3233 4566; x_wconf 89' lang='lat' dir='ltr'><strong>rem</strong></span> <span class='ocrx_word' id='word_1_725' title='bbox 3263 4512 3714 4582; x_wconf 78' lang='lat' dir='ltr'><strong>aggrediendam</strong></span> 
     </span>
    </p>
   </div>
   <div class='ocr_carea' id='block_1_102' title="bbox 2074 4599 3717 4673">
    <p class='ocr_par' dir='ltr' id='par_1_102' title="bbox 2074 4599 3717 4673">
     <span class='ocr_line' id='line_1_102' title="bbox 2074 4599 3717 4673; baseline -0.002 -16"><span class='ocrx_word' id='word_1_726' title='bbox 2074 4601 2321 4672; x_wconf 88' lang='lat' dir='ltr'><strong>censuit,</strong></span> <span class='ocrx_word' id='word_1_727' title='bbox 2356 4618 2422 4657; x_wconf 88' lang='lat' dir='ltr'><strong>ac</strong></span> <span class='ocrx_word' id='word_1_728' title='bbox 2452 4602 2879 4673; x_wconf 85' lang='lat' dir='ltr'><strong>imperatricem</strong></span> <span class='ocrx_word' id='word_1_729' title='bbox 2937 4600 3139 4654; x_wconf 86' lang='lat' dir='ltr'><strong>urbem</strong></span> <span class='ocrx_word' id='word_1_730' title='bbox 3178 4602 3281 4653; x_wconf 91' lang='lat' dir='ltr'><strong>aut</strong></span> <span class='ocrx_word' id='word_1_731' title='bbox 3325 4600 3476 4654; x_wconf 87' lang='lat' dir='ltr'><strong>fame</strong></span> <span class='ocrx_word' id='word_1_732' title='bbox 3516 4601 3584 4654; x_wconf 88' lang='lat' dir='ltr'><strong>ad</strong></span> <span class='ocrx_word' id='word_1_733' title='bbox 3620 4599 3717 4654; x_wconf 83' lang='lat' dir='ltr'><strong>de-</strong></span> 
     </span>
    </p>
   </div>
   <div class='ocr_carea' id='block_1_103' title="bbox 2073 4689 3719 4763">
    <p class='ocr_par' dir='ltr' id='par_1_103' title="bbox 2073 4689 3719 4763">
     <span class='ocr_line' id='line_1_103' title="bbox 2073 4689 3719 4763; baseline 0 -18"><span class='ocrx_word' id='word_1_734' title='bbox 2073 4691 2349 4747; x_wconf 87' lang='lat' dir='ltr'><strong>ditionem</strong></span> <span class='ocrx_word' id='word_1_735' title='bbox 2375 4690 2862 4763; x_wconf 85' lang='lat' dir='ltr'><strong>compellendam,</strong></span> <span class='ocrx_word' id='word_1_736' title='bbox 2896 4707 3139 4746; x_wconf 76' lang='lat' dir='ltr'><strong>annona:</strong></span> <span class='ocrx_word' id='word_1_737' title='bbox 3172 4689 3417 4761; x_wconf 87' lang='lat' dir='ltr'><strong>penuria</strong></span> <span class='ocrx_word' id='word_1_738' title='bbox 3447 4689 3719 4745; x_wconf 87' lang='lat' dir='ltr'><strong>machina</strong></span> 
     </span>
    </p>
   </div>
   <div class='ocr_carea' id='block_1_104' title="bbox 2074 4777 3719 4850">
    <p class='ocr_par' dir='ltr' id='par_1_104' title="bbox 2074 4777 3719 4850">
     <span class='ocr_line' id='line_1_104' title="bbox 2074 4777 3719 4850; baseline -0.001 -15"><span class='ocrx_word' id='word_1_739' title='bbox 2074 4780 2417 4837; x_wconf 85' lang='lat' dir='ltr'><strong>ﬁrmissima</strong></span> <span class='ocrx_word' id='word_1_740' title='bbox 2432 4787 2488 4836; x_wconf 89' lang='lat' dir='ltr'><strong>et</strong></span> <span class='ocrx_word' id='word_1_741' title='bbox 2510 4781 2793 4835; x_wconf 75' lang='lat' dir='ltr'><strong>acerrima</strong></span> <span class='ocrx_word' id='word_1_742' title='bbox 2818 4781 3052 4835; x_wconf 88' lang='lat' dir='ltr'><strong>admota</strong></span> <span class='ocrx_word' id='word_1_743' title='bbox 3073 4780 3218 4850; x_wconf 87' lang='lat' dir='ltr'><strong>(jam</strong></span> <span class='ocrx_word' id='word_1_744' title='bbox 3241 4778 3396 4834; x_wconf 90' lang='lat' dir='ltr'><strong>enim</strong></span> <span class='ocrx_word' id='word_1_745' title='bbox 3421 4785 3478 4834; x_wconf 91' lang='lat' dir='ltr'><strong>et</strong></span> <span class='ocrx_word' id='word_1_746' title='bbox 3516 4777 3719 4834; x_wconf 83' lang='lat' dir='ltr'><strong>Orien-</strong></span> 
     </span>
    </p>
   </div>
   <div class='ocr_carea' id='block_1_105' title="bbox 2074 4867 3719 4940">
    <p class='ocr_par' dir='ltr' id='par_1_105' title="bbox 2074 4867 3719 4940">
     <span class='ocr_line' id='line_1_105' title="bbox 2074 4867 3719 4940; baseline -0.001 -17"><span class='ocrx_word' id='word_1_747' title='bbox 2074 4868 2216 4924; x_wconf 81' lang='lat' dir='ltr'><strong>tales</strong></span> <span class='ocrx_word' id='word_1_748' title='bbox 2240 4877 2296 4923; x_wconf 86' lang='lat' dir='ltr'><strong>et</strong></span> <span class='ocrx_word' id='word_1_749' title='bbox 2317 4867 2720 4925; x_wconf 87' lang='lat' dir='ltr'><strong>Occidentales</strong></span> <span class='ocrx_word' id='word_1_750' title='bbox 2739 4868 3047 4940; x_wconf 67' lang='lat' dir='ltr'><strong>provincia:</strong></span> <span class='ocrx_word' id='word_1_751' title='bbox 3078 4869 3147 4922; x_wconf 79' lang='lat' dir='ltr'><strong>ad</strong></span> <span class='ocrx_word' id='word_1_752' title='bbox 3200 4884 3333 4922; x_wconf 88' lang='lat' dir='ltr'><strong>eum</strong></span> <span class='ocrx_word' id='word_1_753' title='bbox 3368 4868 3719 4937; x_wconf 84' lang='lat' dir='ltr'><strong>defecerant,</strong></span> 
     </span>
    </p>
   </div>
   <div class='ocr_carea' id='block_1_106' title="bbox 2074 4958 3721 5030">
    <p class='ocr_par' dir='ltr' id='par_1_106' title="bbox 2074 4958 3721 5030">
     <span class='ocr_line' id='line_1_106' title="bbox 2074 4958 3721 5030; baseline 0.001 -18"><span class='ocrx_word' id='word_1_754' title='bbox 2074 4958 2291 5030; x_wconf 91' lang='lat' dir='ltr'><strong>quibus</strong></span> <span class='ocrx_word' id='word_1_755' title='bbox 2329 4958 2588 5014; x_wconf 86' lang='lat' dir='ltr'><strong>edixerat</strong></span> <span class='ocrx_word' id='word_1_756' title='bbox 2618 4975 2691 5013; x_wconf 91' lang='lat' dir='ltr'><strong>ne</strong></span> <span class='ocrx_word' id='word_1_757' title='bbox 2722 4975 2840 5030; x_wconf 70' lang='lat' dir='ltr'><strong>qua</strong></span> <span class='ocrx_word' id='word_1_758' title='bbox 2886 4959 3267 5014; x_wconf 86' lang='lat' dir='ltr'><strong>frumentaria</strong></span> <span class='ocrx_word' id='word_1_759' title='bbox 3300 4959 3463 5014; x_wconf 88' lang='lat' dir='ltr'><strong>navis</strong></span> <span class='ocrx_word' id='word_1_760' title='bbox 3497 4962 3721 5030; x_wconf 85' lang='lat' dir='ltr'><strong>Byzan-</strong></span> 
     </span>
    </p>
   </div>
   <div class='ocr_carea' id='block_1_107' title="bbox 2072 5046 3725 5119">
    <p class='ocr_par' dir='ltr' id='par_1_107' title="bbox 2072 5046 3725 5119">
     <span class='ocr_line' id='line_1_107' title="bbox 2072 5046 3725 5119; baseline 0.001 -17"><span class='ocrx_word' id='word_1_761' title='bbox 2072 5048 2220 5102; x_wconf 89' lang='lat' dir='ltr'><strong>tium</strong></span> <span class='ocrx_word' id='word_1_762' title='bbox 2246 5046 2874 5119; x_wconf 86' lang='lat' dir='ltr'><strong>appelleret),auteum</strong></span> <span class='ocrx_word' id='word_1_763' title='bbox 2906 5048 3164 5103; x_wconf 80' lang='lat' dir='ltr'><strong>ﬁrmiore</strong></span> <span class='ocrx_word' id='word_1_764' title='bbox 3190 5051 3247 5102; x_wconf 89' lang='lat' dir='ltr'><strong>et</strong></span> <span class='ocrx_word' id='word_1_765' title='bbox 3290 5048 3506 5119; x_wconf 85' lang='lat' dir='ltr'><strong>majore</strong></span> <span class='ocrx_word' id='word_1_766' title='bbox 3537 5047 3725 5104; x_wconf 86' lang='lat' dir='ltr'><strong>classe</strong></span> 
     </span>
    </p>
   </div>
   <div class='ocr_carea' id='block_1_108' title="bbox 2074 5135 3722 5209">
    <p class='ocr_par' dir='ltr' id='par_1_108' title="bbox 2074 5135 3722 5209">
     <span class='ocr_line' id='line_1_108' title="bbox 2074 5135 3722 5209; baseline 0.002 -20"><span class='ocrx_word' id='word_1_767' title='bbox 2074 5136 2359 5209; x_wconf 88' lang='lat' dir='ltr'><strong>impetum</strong></span> <span class='ocrx_word' id='word_1_768' title='bbox 2382 5135 2951 5192; x_wconf 85' lang='lat' dir='ltr'><strong>faciendum.Verum</strong></span> <span class='ocrx_word' id='word_1_769' title='bbox 2978 5153 3042 5192; x_wconf 90' lang='lat' dir='ltr'><strong>ea</strong></span> <span class='ocrx_word' id='word_1_770' title='bbox 3075 5136 3338 5192; x_wconf 86' lang='lat' dir='ltr'><strong>volvebat</strong></span> <span class='ocrx_word' id='word_1_771' title='bbox 3371 5137 3568 5192; x_wconf 88' lang='lat' dir='ltr'><strong>animo</strong></span> <span class='ocrx_word' id='word_1_772' title='bbox 3595 5154 3722 5208; x_wconf 68' lang='lat' dir='ltr'><strong>quas</strong></span> 
     </span>
    </p>
   </div>
   <div class='ocr_carea' id='block_1_109' title="bbox 2075 5223 3721 5297">
    <p class='ocr_par' dir='ltr' id='par_1_109' title="bbox 2075 5223 3721 5297">
     <span class='ocr_line' id='line_1_109' title="bbox 2075 5223 3721 5297; baseline 0.001 -17"><span class='ocrx_word' id='word_1_773' title='bbox 2075 5225 2230 5280; x_wconf 89' lang='lat' dir='ltr'><strong>Deus</strong></span> <span class='ocrx_word' id='word_1_774' title='bbox 2262 5223 2416 5280; x_wconf 83' lang='lat' dir='ltr'><strong>haud</strong></span> <span class='ocrx_word' id='word_1_775' title='bbox 2446 5240 2837 5281; x_wconf 87' lang='lat' dir='ltr'><strong>concessurus</strong></span> <span class='ocrx_word' id='word_1_776' title='bbox 2869 5229 3009 5281; x_wconf 83' lang='lat' dir='ltr'><strong>erat.</strong></span> <span class='ocrx_word' id='word_1_777' title='bbox 3069 5224 3211 5281; x_wconf 84' lang='lat' dir='ltr'><strong>Nam</strong></span> <span class='ocrx_word' id='word_1_778' title='bbox 3265 5226 3571 5297; x_wconf 86' lang='lat' dir='ltr'><strong>imperator</strong></span> <span class='ocrx_word' id='word_1_779' title='bbox 3590 5240 3721 5281; x_wconf 89' lang='lat' dir='ltr'><strong>cum</strong></span> 
     </span>
    </p>
   </div>
   <div class='ocr_carea' id='block_1_110' title="bbox 1696 5406 2336 5471">
    <p class='ocr_par' dir='ltr' id='par_1_110' title="bbox 1696 5406 2336 5471">
     <span class='ocr_line' id='line_1_110' title="bbox 1696 5406 2336 5471; baseline -0.003 0"><span class='ocrx_word' id='word_1_780' title='bbox 1696 5408 1864 5471; x_wconf 87' lang='lat' dir='ltr'><strong>Hier.</strong></span> <span class='ocrx_word' id='word_1_781' title='bbox 1900 5406 2115 5468; x_wconf 85' lang='lat' dir='ltr'><strong>Wolfii</strong></span> <span class='ocrx_word' id='word_1_782' title='bbox 2148 5414 2336 5469; x_wconf 68' lang='lat' dir='ltr'><strong>notis.</strong></span> 
     </span>
    </p>
   </div>
   <div class='ocr_carea' id='block_1_111' title="bbox 375 5584 3720 5665">
    <p class='ocr_par' dir='ltr' id='par_1_111' title="bbox 375 5584 3720 5665">
     <span class='ocr_line' id='line_1_111' title="bbox 375 5584 3720 5665; baseline -0.001 -21"><span class='ocrx_word' id='word_1_783' title='bbox 375 5587 779 5665; x_wconf 57' lang='lat' dir='ltr'><strong>_(:2_9)_&#39;Ifurpiter</strong></span> <span class='ocrx_word' id='word_1_784' title='bbox 809 5588 1040 5661; x_wconf 85' lang='lat' dir='ltr'><strong>fugiunt</strong></span> <span class='ocrx_word' id='word_1_785' title='bbox 1070 5587 1453 5660; x_wconf 85' lang='lat' dir='ltr'><strong>imperatorii,</strong></span> <span class='ocrx_word' id='word_1_786' title='bbox 1484 5594 1542 5646; x_wconf 90' lang='lat' dir='ltr'><strong>et</strong></span> <span class='ocrx_word' id='word_1_787' title='bbox 1573 5586 1725 5644; x_wconf 91' lang='lat' dir='ltr'><strong>inter</strong></span> <span class='ocrx_word' id='word_1_788' title='bbox 1757 5588 1988 5645; x_wconf 82' lang='lat' dir='ltr'><strong>navalia</strong></span> <span class='ocrx_word' id='word_1_789' title='bbox 2018 5607 2079 5647; x_wconf 89' lang='lat' dir='ltr'><strong>se</strong></span> <span class='ocrx_word' id='word_1_790' title='bbox 2109 5588 2446 5658; x_wconf 88' lang='lat' dir='ltr'><strong>includunt,</strong></span> <span class='ocrx_word' id='word_1_791' title='bbox 2480 5589 2529 5647; x_wconf 90' lang='lat' dir='ltr'><strong>si</strong></span> <span class='ocrx_word' id='word_1_792' title='bbox 2563 5591 2734 5648; x_wconf 89' lang='lat' dir='ltr'><strong>modo</strong></span> <span class='ocrx_word' id='word_1_793' title='bbox 2764 5587 3039 5665; x_wconf 80' lang='grc' dir='ltr'>ἐξάρτυσις</span> <span class='ocrx_word' id='word_1_794' title='bbox 3074 5585 3195 5643; x_wconf 84' lang='grc' dir='ltr'>ἀντὶ</span> <span class='ocrx_word' id='word_1_795' title='bbox 3244 5584 3584 5657; x_wconf 56' lang='lat' dir='ltr'><strong>nov-caeno?»</strong></span> <span class='ocrx_word' id='word_1_796' title='bbox 3631 5584 3720 5642; x_wconf 87' lang='lat' dir='ltr'><strong>in-</strong></span> 
     </span>
    </p>
   </div>
   <div class='ocr_carea' id='block_1_112' title="bbox 310 5657 708 5731">
    <p class='ocr_par' dir='ltr' id='par_1_112' title="bbox 310 5657 708 5731">
     <span class='ocr_line' id='line_1_112' title="bbox 310 5657 708 5731; baseline 0.013 -20"><span class='ocrx_word' id='word_1_797' title='bbox 310 5657 490 5731; x_wconf 85' lang='lat' dir='ltr'><strong>telligi</strong></span> <span class='ocrx_word' id='word_1_798' title='bbox 519 5657 708 5718; x_wconf 80' lang='lat' dir='ltr'><strong>debet.</strong></span> 
     </span>
    </p>
   </div>
  </div>
