4126 6294
437 359 558 424 743

1758 343 2064 410 ΝΙΟΕΤᾸΞ
2107 345 2522 409 ΟΗΟΝΙΑΤιΕ

3723 345 3852 406 7M

437 504 732 560 urbanum
771 497 1048 572 populum
1079 491 1190 550 sibi
1223 488 1524 546 addictum
1557 500 1684 542 esse
1727 499 1793 540 ac
1839 483 2088 538 Branatn

2207 478 2464 572 βασιλεὺς
2523 481 2666 555 ὁρῶν
2713 482 2868 554 αὐτῷ
2923 480 3312 557 προσκείμενον
3360 480 3578 546 τὸ“·τῆς
3633 477 3854 541 πόλεως

439 595 582 648 adeo
675 589 823 646 491
900 583 1146 641 aversari
1229 581 1490 634 cerneret
1569 586 1620 630 ut
1701 574 1872 628 etiam
1932 589 2092 628 exse-

438 685 720 746 craretur,
773 676 874 732 Dei
921 669 1247 730 Genetricis
1307 666 1586 736 imagine,
1634 679 1760 734 quis
1835 661 1906 716 ab
1981 665 2093 716 Ho-

445 770 614 842 degio
693 763 1044 822 monasterio
1131 755 1466 828 Rodegetria
1567 755 1958 822 nuncupatur,
2035 749 2094 802 in

447 839 661 914 mrsnia
703 871 804 926 pro
877 851 1026 908 vallo
1103 842 1538 917 inexpugnabili
1616 839 1916 906 translata,
1961 856 2094 894 cum

447 951 656 1018 suapte
691 941 988 1000 industria
1019 940 1090 996 ad
1125 951 1380 1010 pugnam
1415 933 1694 988 incitatus
1769 933 1878 996 est,
1939 927 2094 998 quod

448 1038 788 1092 diuturnam
827 1030 1194 1086 obsidionem
1243 1041 1273 1080 e
1333 1040 1394 1078 re
1467 1038 1574 1077 sua
1649 1036 1760 1074 non
1840 1033 1968 1073 esse
2042 1019 2098 1071 et

448 1123 668 1196 aliquid
748 1119 974 1176 adversi
1052 1127 1448 1182 novarumque
1543 1125 1738 1164 rerum
1835 1105 2094 1161 studium

450 1194 758 1268 allaturam
807 1207 1070 1279 putabat,
1147 1209 1273 1258 tum
1349 1197 1594 1255 Conradi
1670 1196 1909 1250 Caesaris
1969 1194 2095 1249 hor-

445 1307 570 1358 tatu
605 1299 859 1355 maxime
892 1294 1207 1366 impulsus.
1239 1293 1368 1344 Erat
1419 1289 1469 1342 is
1521 1287 1611 1342 vir
1667 1300 1881 1357 genere
1942 1285 2100 1344 l.om_

443 1395 682 1458 bardus,
715 1386 1132 1446 Montisferrati
1179 1382 1402 1438 domini
1459 1379 1636 1446 ﬁlius,
1682 1377 1994 1449 prudentia
2043 1381 2100 1431 et

445 1482 792 1540 fortitudine
825 1483 1052 1534 tantum
1083 1473 1374 1530 excellens
1407 1475 1470 1524 ut
1515 1485 1627 1524 non
1677 1469 1832 1538 apud
1887 1466 2096 1522 Roma-

447 1589 555 1628 nos
593 1573 876 1626 duntaxat
933 1571 1090 1622 esset
1139 1561 1404 1628 celebris,
1466 1557 1716 1614 Manueli
1775 1556 2096 1627 praesertim

447 1659 682 1722 charus,
713 1663 778 1712 ut
807 1657 878 1711 ab
913 1655 1036 1722 ipsa
1069 1661 1274 1708 natura
1331 1655 1388 1704 et
1449 1646 1664 1718 ingenii
1715 1653 1768 1700 et
1815 1658 2098 1700 manuum

445 1749 790 1803 dexteritate
821 1742 1146 1799 luculenter
1174 1745 1437 1804 ornatus,
1481 1737 1578 1790 sed
1641 1734 1794 1805 apud
1857 1733 2096 1803 popula-

2205 567 2510 644 πλήρωμα,
2543 571 2632 624 καὶ
2675 572 2750 643 μὴ
2807 571 2969 642 μόνον
3027 569 3144 644 06x;
3167 567 3499 644 ἀνεχόμενον
3551 565 3855 643 βασιλεύειν

2207 661 2437 732 Βρανᾶν,
2471 659 2618 728 ama:
2655 661 2745 714 καὶ
2807 659 3021 732 μᾶλλον
3081 659 3372 730 ἑναΟέματι
3428 654 3856 722 καθυποόάλὼν

2205 746 2425 818 ἐκεῖνον,
2459 745 2568 802 ἅνω
2607 753 2714 804 τῶν
2763 746 2992 827 τειχέων
3051 747 3332 824 ἀναγαγὼν
3385 747 3477 800 οἷά
3529 767 3587 802 τε
3635 748 3855 822 ἄμαχον

2205 837 2476 911 ὀχύρωμα
2532 840 2622 894 καὶ
2671 839 2952 894 ἀνάλωτον
3003 839 3312 914 χαράκωμα
3361 839 3458 906 τήν
3521 837 3701 892 εἰκόνα
3751 841 3854 902 τῆς

2205 930 2564 1002 θεομήτορος,
2597 927 2718 996 ἥτις
2767 927 2826 984 έκ
2877 935 2976 997 τῆς
3027 932 3136 982 τῶν
3185 917 3431 1004 Ὀδηγῶν
3495 934 3692 1000 μονῆς,
3739 929 3855 982 καθ’

2202 1013 2268 1083 ἤν
2331 1017 2842 1092 προσκεκλήρωται,
2901 1015 3234 1094 Ὁδηγήτρια
3317 1016 3692 1087 ἐπικέκληται,
3753 1015 3862 1092 ἠῤ-

2204 1107 2408 1180 ῥενώθη
2463 1109 2557 1180 μὲν
2612 1110 2700 1162 καὶ
2759 1108 2968 1164 οἴκοθεν
3029 1109 3162 1181 πρὸς
3222 1108 3612 1185 ἀντιμάχησιν,
3665 1107 3858 1180 κρίνας

2207 1195 2502 1266 ἀλυσιτελῆ
2535 1198 2632 1266 τήν
2677 1199 2900 1272 χρόνιον
2951 1197 3096 1258 ἐντὸς
3155 1202 3251 1251 σοῦ
3311 1195 3512 1258 ἄστεως
3562 1197 3852 1270 κάθειρξιν,

2203 1285 2295 1339 καί
2347 1285 2667 1341 ἀπευκταῖον
2733 1285 2789 1341 δέ
2851 1309 2903 1342 τι
2970 1289 3464 1356 καινοποιήσουσαν
3531 1285 3612 1340 ἐπ’
3675 1287 3848 1359 αὐτῷ,

2204 1372 2478 1438 πλειόνως
2517 1372 2564 1429 δ’
2625 1377 2804 1446 ὑπεῖξε
2861 1381 2980 1440 ταῖς
3035 1374 3354 1446 ἐπιπλήξεσι
3425 1373 3694 1450 Καίσαρδς
3749 1380 3849 1431 τοῦ

2207 1461 2506 1536 Κορῥάδου.
2567 1462 2816 1520 Ἦνδὲὸ
2849 1467 2984 1539 ἂνὴρ
3035 1465 3192 1527 οὗτος
3241 1465 3302 1519 τὸ
3355 1466 3449 1538 μὲν
3495 1465 3654 1541 γένος
3713 1466 3852 1520 Ἰτα-

2207 1551 2440 1621 λιώτης.
2473 1554 2676 1630 πατρὸς
2709 1552 2756 1608 δ’
2788 1553 2940 1632 ἐξέφυ
2969 1560 3066 1610 τοῦ
3106 1556 3205 1623 τὴν
3259 1555 3446 1629 χώραν
3489 1560 3589 1622 τῆς
3635 1553 3852 1622 Μόντης

2205 1641 2469 1715 φεράντης
2523 1643 2870 1717 κατέχοντος.
2939 1647 3210 1699 Τοσοῦτον
3270 1640 3314 1696 δ’
3371 1643 3450 1696 ἐπ’
3511 1639 3702 1716 ἀνδρίᾳ
3767 1642 3856 1697 καὶ

2206 1729 2405 1784 συνέσει
2434 1729 2673 1807 διέφερεν
2723 1729 2862 1786 ὥστε
2911 1731 2974 1786 οὑ
3023 1733 3168 1806 παρὰ
3225 1731 3522 1804 Ῥωμαίοις
3573 1731 3736 1804 μόνον
3785 1733 3852 1801 ἦν

443 1853 535 1892 res
567 1851 798 1907 quoque
830 1849 968 1888 suos
1019 1830 1292 1899 inclytus.
1359 1827 1457 1880 Hic
1514 1830 1623 1892 est,
1684 1821 1780 1893 qui
1829 1821 2088 1877 maximis

2198 1822 2565 1892 περιώνυμος,
2600 1823 2688 1876 καὶ
2725 1819 2960 1894 μάλιστα
3009 1826 3088 1894 τῷ
3147 1820 3364 1896 βασιλεῖ
3411 1819 3676 1888 Μανουὴλ
3728 1819 3850 1876 ἐπι-

441 1925 856 1998 largitionibus
914 1940 946 1976 a
1002 1921 1270 1977 Manuale
1319 1916 1603 1987 impulsus
1635 1913 2090 1968 Alamannorum

443 1997 561 2086 regi
587 2014 830 2080 restitit,
858 2017 916 2067 et
949 2009 1356 2081 Moguntinum
1409 2005 1750 2076 episcopum
1801 1997 2092 2056 cancella-

443 2107 594 2161 rium
622 2103 776 2174 regis
807 2099 1128 2172 superavit,
1163 2097 1262 2168 qui
1295 2111 1428 2150 cum
1463 2090 1731 2148 maximis
1763 2089 1946 2160 copiis
1977 2087 2092 2142 im-

443 2193 808 2266 pressionem
837 2191 896 2245 in
931 2188 1164 2243 Italiam
1199 2188 1412 2240 fecerat
1447 2199 1460 2248 ;
1493 2196 1740 2250 eumque
1773 2181 1828 2233 in
1861 2177 2094 2232 vincula

443 2285 773 2352 conjectum
833 2277 1002 2334 aliter
1057 2293 1120 2332 se
1175 2275 1562 2330 dimissurum
1625 2269 1876 2338 negavit,
1917 2267 2093 2322 nisia

448 2373 846 2428 Romanorum
905 2368 1255 2437 imperatore
1304 2363 1632 2433 juberetur.
1694 2363 1836 2412 Tum
1893 2361 2090 2412 autem

440 2479 574 2516 cum
609 2459 927 2531 imperator
961 2456 1214 2510 lsaacius
1274 2452 1348 2507 ad
1405 2453 1646 2505 fratrem
1702 2451 1832 2518 ejus
1865 2445 2094 2501 Bonifa-

440 2551 594 2607 cium
627 2549 850 2620 legatos
883 2545 1143 2602 misisset
1166 2544 1239 2598 de
1269 2556 1465 2598 sorore
1497 2538 1804 2594 Theodora
1850 2535 1932 2591 illi
1967 2537 2092 2590 des-

441 2638 778 2710 pondenda,
809 2637 858 2691 is
887 2651 1019 2690 vero
1043 2637 1166 2704 jam
1200 2647 1332 2686 cum
1363 2628 1472 2684 alia
1515 2627 1752 2697 nuptias
1801 2623 2092 2680 celebras-

440 2735 550 2800 set,
583 2727 758 2800 legati
792 2742 1016 2798 magna:
1049 2723 1342 2779 felicitati
1371 2721 1496 2774 loco
1537 2718 1690 2773 498
1735 2715 2089 2780 habuerunt,

437 2818 592 2890 quod
625 2817 719 2872 hic
778 2816 1086 2885 conjugem
1148 2810 1464 2875 amisisset,
1519 2823 1586 2862 ac
1641 2807 1860 2862 bonum
1919 2803 2092 2874 longe

437 2907 1002 2976 majusjudicarunt
1057 2917 1232 2972 quam
1293 2899 1342 2954 si
1399 2898 1456 2953 id
1505 2895 1892 2952 confecissent
1921 2893 2092 2960 cujus

435 2997 624 3066 gratia
653 2997 952 3060 venerant,
993 2997 1050 3046 et
1104 2988 1441 3044 Conradum
1489 2984 1758 3040 maximis
1807 2981 2091 3054 pollicita-

433 3089 694 3145 tionibus
725 3084 1045 3156 impulsum
1079 3097 1271 3138 secum
1329 3077 1718 3134 adduxerunt.
1761 3073 1903 3130 Cum
1956 3088 2090 3128 vero

2199 1908 2438 1979 πάθητον
2473 1908 2724 1983 ἄκουσμα
2747 1911 2821 1971 ὡς
2854 1913 3063 1987 φύσεως
3097 1909 3286 1986 λαχὼν
3331 1912 3416 1983 [Ρ.
3467 1913 3596 1984 244]
3645 1908 3847 1980 εὐκλη-

2201 1996 2316 2071 ρίαν
2375 1998 2464 2052 καὶ
2519 1995 2756 2060 διανςίας
2817 1999 3044 2071 ὀξύτητα
3102 2000 3190 2054 καὶ
3247 2003 3448 2074 χειρῶν
3516 1995 3839 2076 δραστηριόι

2197 2115 2356 2164 τητα,
2405 2095 2552 2150 ἀλλᾶ
2597 2096 2686 2150 καὶ
2737 2097 2880 2170 παρὰ
2935 2102 3056 2159 τοῖς
3112 2099 3428 2174 ὑμογενέσιν
3487 2096 3634 2169 αὑτῷ
3693 2117 3852 2172 περι-

2197 2183 2470 2244 κλεῖστός.
2529 2187 2699 2247 Οὗτός
2759 2187 2898 2240 ἐστιν
2971 2187 2998 2240 6
3059 2187 3336 2264 μεγίστοις
3411 2185 3844 2264 φιλοδωρῆμασι

2197 2274 2342 2348 παρὰ
2395 2277 2492 2329 τοῦ
2543 2273 2812 2350 βασιλέως
2859 2277 3120 2346 Μανουήλ
3169 2275 3420 2351 ἐπαρθείς
3475 2275 3566 2330 καὶ
3611 2277 3845 2351 ἀντάρας

2201 2369 2391 2438 χεῖρας
2423 2367 2502 2436 τῷ
2529 2371 2629 2433 τῆς
2659 2364 3004 2438 Ἀλαμανίας
3047 2365 3202 2442 ῥηγὶ,
3253 2365 3344 2420 καὶ
3399 2365 3541 2440 μάζῃ
3591 2365 3682 2420 τὸν
3732 2364 3856 2421 ἐπί-

2200 2475 2401 2508 σκοπον
2435 2455 2750 2528 Μαγέντζης
2779 2455 3080 2525 νενικηκὼς
3120 2453 3528 2530 καγκελλάριον
3577 2451 3702 2510 ὄντα
3743 2460 3844 2510 τοῦ

2201 2541 2366 2618 ῥηγὸς
2443 2542 2532 2598 καὶ
2605 2545 2744 2600 κατὰ
2816 2546 2917 2613 τήν
2997 2543 3232 2600 Ἰταλίαν
3303 2539 3622 2617 ἔμϐαλόντα
3717 2547 3855 2617 μετὰ

2197 2631 2472 2688 πλείστων
2533 2630 2830 2705 δυνάμεῶν,
2891 2632 3234 2707 συνειληφώς
3278 2654 3336 2688 τε
3391 2634 3553 2688 αὐτὸν
3611 2633 3704 2688 καὶ
3765 2631 3850 2688 δε-

2197 2727 2360 2790 σμοῖς
2385 2716 2722 2795 περιϐαλὼν,
2769 2723 2858 2776 καὶ
2907 2721 3006 2776 οὑκ
3055 2719 3242 2784 ἄλλως
3293 2720 3586 2776 ἀπολύσειν
3639 2723 3854 2797 ἰσχυρι-

2197 2810 2426 2882 ζῦμενος
2460 2810 2616 2884 εἰμή
2663 2809 2746 2879 εἷή
2797 2814 2960 2865 τοῦτο
3005 2811 3096 2865 καὶ
3152 2815 3233 2882 τῷ
3285 2811 3572 2883 Ῥωμαίων
3635 2807 3854 2885 βασιλεῖ

2194 2902 2564 2978 προσταχθέν.
2622 2900 2760 2958 Τότε
2816 2899 2873 2955 δὲ
2953 2905 3048 2956 τοῦ
3113 2899 3381 2974 βασιλέως
3433 2901 3706 2956 Ἰσαακίου
3761 2901 3851 2955 τὸν

2197 2988 2362 3044 αὑτοῦ
2393 2989 2668 3063 ὁμαίμονα
2717 2990 3040 3066 Βοτιφάτιον
3092 2986 3183 3043 διὰ
3227 2985 3506 3063 πρέσϐεων
3557 3009 3846 3062 μεταστει-

2196 3075 2456 3152 λαμένου,
2513 3079 2589 3141 ὡς
2647 3079 2783 3134 κατὰ
2841 3081 3021 3154 γάμον
3077 3079 3369 3152 συναφθείη
3445 3076 3702 3152 Θεοδώρᾳ
3775 3082 3843 3154 τῇ

439 3193 552 3232 non
589 3175 774 3231 multo
825 3178 959 3245 post
1014 3187 1111 3226 eas
1181 3167 1416 3238 nuptias
1469 3171 1688 3220 Branas
1739 3162 1970 3227 defecit,
2028 3161 2086 3216 in

2198 3169 2360 3223 αὐτοῦ
2417 3169 2752 3244 κασιγνήτῳ,
2811 3167 2927 3224 ἐπεὶ
2994 3167 3211 3245 νύμφην
3273 3167 3477 3230 ἐκεῖνος
3557 3167 3843 3242 ἡρμόσατο

439 3263 810 3336 imperatoris
840 3261 1106 3318 animum
1157 3258 1378 3329 erigere
1436 3259 1495 3310 et
1533 3255 1685 3308 bona
1717 3269 1820 3323 spe
1849 3255 2079 3307 susten-

433 3361 562 3411 tare
586 3357 704 3424 jam
745 3353 1137 3408 labascentem
1200 3352 1256 3404 et
1305 3345 1808 3402 remollescentem
1867 3341 2081 3397 conﬁr-

353 3501 362 3512 _
435 3460 594 3500 mare
625 3459 740 3498 non
773 3439 1038 3505 destitit;
1093 3439 1312 3509 quippe
1369 3436 1470 3506 qui
1526 3435 1598 3490 iis
1651 3431 1954 3488 monachis
1982 3431 2082 3502 qui

431 3535 606 3592 nudis
633 3535 863 3607 peditus
896 3531 1236 3587 incedentes
1281 3533 1339 3583 et
1383 3526 1548 3582 humi
1593 3526 1874 3581 cubantes
1903 3521 2085 3578 veluti

431 3625 726 3683 columnis
759 3622 911 3678 ultra
973 3622 1218 3675 humum
1271 3617 1615 3681 efferuntur,
1677 3615 1736 3669 in
1799 3611 2080 3684 palatium

431 3715 819 3786 congregatis,
857 3717 966 3766 Deo
999 3709 1358 3781 supplicaret
1391 3711 1454 3760 ut
1483 3704 1648 3760 civile
1689 3703 1904 3759 bellum
1951 3718 2081 3772 pro-

431 3805 696 3877 pulsaret
727 3818 830 3858 nec
871 3800 1036 3857 alteri
1095 3799 1350 3854 traderet
1409 3795 1741 3864 imperium,
1789 3809 1906 3847 rem
1948 3808 2080 3847 vero

431 3895 696 3950 bellicam
731 3892 963 3964 penitus
1023 3888 1361 3960 negligeret,
1415 3883 1572 3940 omni
1629 3899 1732 3954 spe
1763 3899 1867 3937 sua
1895 3882 1956 3936 in
1988 3898 2082 3936 ar-

431 3985 543 4040 mis
575 3983 818 4054 spiritus
849 3979 1150 4036 collocata.
1181 3979 1462 4032 Ceterum
1497 3971 1796 4028 Cnnradus
1827 3987 1984 4036 eum,
2019 3973 2082 4024 ut

429 4089 637 4129 cancer
693 4072 956 4142 pinnam,
1007 4066 1258 4123 subinde
1313 4063 1616 4119 vellicabat
1675 4065 1734 4116 et
1772 4060 2080 4126 excitabat,

431 4177 678 4218 monens
709 4175 780 4214 ne
806 4161 864 4212 in
893 4157 1181 4212 mendicis
1213 4154 1344 4209 istis
1376 4168 1609 4207 omnem
1647 4149 1920 4204 fiduciam
1965 4147 2082 4203 col-

429 4251 672 4316 locaret,
702 4249 802 4303 sed
837 4247 918 4302 rei
961 4244 1238 4300 militaris
1285 4243 1460 4296 etiam
1511 4239 1793 4294 rationem
1847 4238 2082 4296 haberet

431 4345 490 4395 et
518 4338 758 4394 armatis
793 4335 1184 4408 phalangibus
1233 4333 1512 4388 seditioso
1563 4332 1916 4391 occurreret,
1979 4343 2084 4382 nec

431 4429 652 4486 dextris
684 4427 966 4482 duntaxat
1023 4423 1222 4490 armis,
1255 4423 1362 4477 hoc
1425 4425 1514 4476 est
1557 4425 1894 4474 sanctorum
1926 4418 2080 4472 viro‘

433 4535 563 4576 rum
623 4514 1167 4580 intercessionibus,
1227 4509 1330 4566 sed
1383 4509 1644 4564 sinistris
1687 4507 1840 4563 499
1881 4509 2082 4570 etiam.

431 4623 560 4679 quea
586 4621 726 4662 ense
755 4609 812 4658 et
841 4605 1080 4658 thorace
1123 4601 1486 4664 constarent,
1537 4597 1730 4652 hostes
1783 4595 2086 4650 ulciscere.

429 4705 542 4752 tur.
575 4695 776 4767 Neque
807 4693 1164 4764 parcendum
1199 4703 1328 4744 esse
1368 4685 1654 4758 pecunia),
1706 4685 1806 4740 sed
1853 4685 1922 4740 ad
1959 4701 2086 4740 con-

432 4785 808 4842 scribendum
865 4781 1113 4837 militem
1160 4777 1639 4850 impendendam.
1701 4774 1846 4830 Nam
1883 4778 2090 4845 praeter

431 4878 711 4944 cognatos
739 4870 1136 4942 imperatoris,
1189 4873 1246 4923 et
1293 4881 1392 4922 eos
1441 4865 1630 4936 quiin
1663 4865 1808 4920 urbe
1857 4863 2085 4918 habita-

429 4963 590 5029 bant,
623 4959 810 5015 caeteri
843 4974 1048 5014 omnes
1071 4958 1272 5013 Brants
1327 4971 1390 5010 se
1441 4952 1864 5017 submiserani,
1897 4967 2087 5024 neque

433 5048 574 5104 foris
603 5047 781 5117 οορὶεε
811 5047 996 5116 parari
1031 5049 1317 5117 poterant.
1349 5043 1571 5108 Quibus
1601 5041 1846 5096 Caesaris
1893 5041 2086 5096 verbis

431 5139 592 5192 velut
637 5137 892 5192 assiduis
949 5135 1210 5191 stimulis
1263 5139 1497 5205 torpore
1557 5133 1658 5187 illo
1717 5137 1773 5188 et
1824 5132 2087 5188 socordia

437 5242 708 5290 excussa,
755 5223 972 5280 auxilia
1029 5224 1368 5280 contrahere
1465 5223 1736 5278 instituit.
1815 5222 1882 5276 Et
1951 5221 2088 5292 quia

435 5316 545 5371 sibi
573 5312 880 5387 pecuniam
917 5315 1122 5369 deesse
1152 5313 1524 5382 querebatur,
1546 5328 1684 5367 vasa
1732 5327 1798 5366 ex
1831 5312 2080 5381 impera-

2195 3257 2283 3313 καὶ
2315 3255 2444 3326 ᾃσας
2479 3257 2598 3331 εἶχε
2623 3258 2915 3333 προσεχῶς
2944 3259 3034 3312 τὸν
3067 3257 3340 3330 ὑμέναιον,
3391 3257 3550 3318 οὗτος
3597 3259 3697 3327 τὴν
3745 3259 3844 3311 τοῦ

2199 3345 2320 3422 βίου
2393 3347 2656 3401 κοινωνὸν
2733 3345 2942 3419 Θανάτῳ
3015 3340 3434 3418 ἀποϐαλόμενος
3481 3345 3556 3406 ὡς
3613 3345 3839 3420 ἓρμαιον

2193 3443 2311 3500 τοῖς
2363 3433 2620 3512 πρέσϐεσι
2670 3437 2908 3512 κρίνεται
2957 3436 3047 3492 καὶ
3099 3437 3162 3492 τὸ
3213 3435 3480 3512 πάρεργον
3529 3441 3627 3492 τοῦ
3685 3433 3842 3510 ἔργου

2198 3533 2382 3600 μεῖζον
2420 3527 2554 3582 κατᾶ
2583 3524 2749 3586 πολύ.
2785 3527 2881 3582 Ναὶ
2920 3529 3026 3598 μὴν
3089 3527 3442 3604 ὑποσχέσεσιν
3492 3528 3542 3582 οἱ
3587 3522 3838 3600 πρέσϐεις

2199 3617 2476 3688 μεγίσταις
2549 3616 2640 3670 τὸν
2719 3611 2992 3691 Κοῤῥάδον
3069 3615 3418 3692 κουφίσαντες
3511 3615 3603 3668 σὺν
3691 3613 3840 3686 αὐτῷ

2193 3703 2564 3774 έπανέζευξαν,
2594 3704 2684 3759 καὶ
2742 3705 2815 3766 ὡς
2863 3703 3118 3760 είστιάκει
3165 3703 3292 3766 τοὺς
3339 3704 3550 3778 γάμους
3601 3705 3628 3757 6
3679 3705 3838 3778 βασι-

2194 3802 2341 3870 λεὺς,
2379 3804 2512 3877 μετὰ
2559 3804 2750 3878 μικρὸν
2807 3800 2862 3857 δέ
2917 3805 2952 3872 ἡ
3011 3807 3107 3858 τοῦ
3165 3805 3341 3876 Βρανᾶ
3393 3799 3836 3870 ἐπηκολούθησεν

2193 3891 2574 3962 ἐπανάστασις,
2605 3891 2669 3947 οὗ
2705 3890 2916 3947 διέλιπε
2961 3891 3023 3946 τὸ
3071 3896 3168 3946 τοῦ
3231 3891 3496 3967 βασιλέως
3553 3887 3839 3946 διανιστῶν

2195 3983 2454 4060 φρόνημα
2495 3981 2586 4036 καὶ
2629 3987 2748 4044 ταῖς
2809 3982 3212 4056 χρηστοτέραις
3263 3979 3577 4044 ἀναθάλπων
3627 3977 3837 4034 ἐλπίσιν

2195 4067 2511 4141 ἂπεσϐηκὸς
2544 4069 2652 4140 ἤδη
2685 4074 2778 4126 καὶ
2819 4070 2894 4132 εἰς
2943 4071 3134 4146 ἀγεννῆ
3191 4065 3533 4139 καταϐληθὲν
3587 4067 3843 4143 χαλαρό-

2193 4181 2352 4230 τητα,
2395 4161 2482 4214 καὶ
2526 4157 2708 4234 ὥσπερ
2745 4159 2912 4228 ἀκόνη
2972 4163 3052 4230 τῷ
3121 4157 3340 4233 βασιλεῖ
3399 4159 3534 4234 πρὸς
3589 4159 3684 4214 τὸν
3749 4161 3844 4212 τοῦ

2195 4248 2444 4321 πολέμου
2519 4251 2676 4322 ξυρὸν
2753 4249 3056 4325 γινόμενος.
3138 4246 3358 4319 Ἀμέλει
3433 4247 3523 4302 καὶ
3591 4247 3842 4322 βασιλεὺς

2203 4338 2298 4410 μὶν
2329 4339 2456 4400 τοὺς
2486 4337 2843 4412 γυμνόποδας
2899 4337 2988 4392 καὶ
3037 4339 3379 4410 χαμαιεύνας
3423 4341 3528 4392 τῶν
3587 4341 3842 4412 μοναχῶν

2197 4427 2492 4502 ἠθροικὼς,
2523 4427 2613 4481 καὶ
2645 4427 2764 4481 ὅσοι
2793 4425 2937 4480 κίοσι
2997 4429 3108 4496 (30)
3153 4433 3253 4495 τῆς
3302 4430 3408 4500 γῆς
3459 4426 3836 4501 ὑπερήρθησαν

2196 4515 2272 4579 εἰς
2313 4516 2380 4569 τὰ
2429 4515 2626 4590 ἀρχεῖα
2679 4515 3073 4588 συνηθροικὼς,
3134 4511 3305 4569 ἐδεῖτο
3373 4511 3442 4568 δι’
3507 4515 3685 4570 αὐτῶν
3745 4517 3838 4568 τοῦ

2199 4609 2332 4659 Θεοῦ
2369 4601 2819 4672 διασκεδασθῆναι
2847 4605 2937 4659 τὸν
2969 4603 3241 4682 ἐφεστῶτα
3273 4601 3541 4679 ἐμφύλιον
3593 4603 3836 4676 πόλεμον

2196 4693 2283 4747 καὶ
2345 4695 2420 4765 μή
2485 4687 2782 4766 μεταϐῆναι
2841 4692 2875 4762 ἦ
2937 4691 3246 4760 ἀποπτῆναι
3323 4693 3386 4746 τὸ
3449 4693 3648 4768 κράτος
3709 4691 3842 4766 πρὸς

2193 4781 2399 4858 ἓτερον,
2427 4779 2626 4836 τῶνδὲ
2673 4783 2807 4836 κατὰ
2863 4781 3130 4853 πόλεμον,
3189 4779 3460 4855 ἡτημέλει
3507 4781 3839 4851 παντάπασι,

2193 4873 2290 4933 τὰς
2351 4867 2578 4932 ἐλπίδας
2631 4872 2803 4933 πάσας
2855 4869 3172 4925 έπανάπτων
3252 4873 3320 4944 τῇ
3379 4873 3676 4946 παντευχίᾳ
3741 4873 3837 4924 τοῦ

2195 4957 2520 5030 πνεύματος·
2553 4958 2581 5010 6
2613 4954 2670 5011 δὲ
2699 4957 2774 5020 ὡς
2807 4958 2835 5012 6
2882 4959 3135 5030 καρκίνος
3181 4959 3278 5026 τήν
3335 4959 3524 5012 πίνναν
3573 4956 3838 5018 πολλάκις

2193 5050 2385 5101 τοῦτον
2419 5043 2665 5114 διὺπνιζε
2711 5045 2799 5100 καὶ
2856 5047 3166 5102 ὑπονὺττων
3225 5045 3489 5118 διανίστα,
3541 5047 3712 5110 πείθω
3763 5046 3836 5118 μὴ

2195 5136 2370 5190 πάντα
2399 5140 2514 5196 τοῖς
2543 5131 2722 5196 ἀϐίοις
2753 5136 2968 5198 τούτοις
3011 5133 3244 5210 θσῤῥεῖν,
3285 5135 3414 5190 ἀλλ’
3459 5136 3510 5190 έν
3561 5140 3640 5204 τῷ
3695 5135 3840 5207 μέρει

2195 5223 2288 5278 καῖ
2339 5228 2582 5294 στρατῶν
2631 5223 2987 5298 ἐπιμέλεσθαι
3043 5225 3132 5278 καὶ
3181 5222 3440 5301 φάλαγξιν
3489 5223 3840 5296 ὁπλομάχοις

2197 5313 2333 5369 κατὰ
2361 5313 2458 5368 τοὺ
2487 5313 2804 5368 ἀντιστατου
2845 5321 3170 5389 κεχρῆσθαι,
3211 5313 3360 5376 ὅπως
3411 5312 3496 5384 εἴη
3551 5315 3626 5388 μὴ
3683 5311 3839 5386 μόνον

1823 5475 1992 5536 Hier.
2029 5477 2240 5540 Wolﬁi
2271 5487 2457 5542 notae.

505 5639 614 5717 (30)
643 5639 800 5695 ’Όσοι
831 5633 995 5692 κίοσι.
1035 5633 1322 5692 Fortassis
1359 5631 1484 5686 ὠσεῖ
1518 5630 1682 5704 κίοσι,
1713 5636 1798 5690 vel
1829 5633 2028 5699 κίονες.
