4126 6294
286 332 409 393 745

1446 327 1548 389 ΒΕ
1591 327 1904 391 ISAACIO
1948 325 2254 388 ANGELO
2301 328 2444 391 LIB.
2492 330 2539 389 Ι.

3596 333 3713 391 ’146

279 464 370 521 διὰ
397 468 509 520 τῶν
542 460 730 535 δεξιῶν
775 460 987 530 ὅπλων,
1042 465 1153 515 τῶν
1210 460 1510 535 συνάρσεων
1557 458 1776 532 δηλαδὴ
1828 464 1923 516 τῶν

2054 462 2216 517 toriis
2244 463 2475 519 scriniis
2507 464 2847 535 deprompta
2877 464 3130 536 templis,
3164 481 3294 535 quas
3341 481 3551 522 aurum
3593 467 3698 524 ha-

279 556 457 634 ἁγίων
515 552 745 629 ἀνδρῶν,
810 550 956 609 ἀλλὰ
1019 552 1110 608 καὶ
1177 549 1268 607 διὰ
1326 555 1435 610 τῶν
1489 551 1786 629 ἀριστερῶν
1835 555 1942 605 τῶν

279 646 709 723 κρατυνομένων
761 643 896 721 ξίφει
954 641 1045 697 καὶ
1100 642 1305 717 θώρακι
1362 642 1454 698 τὸν
1514 642 1944 715 ἀντικαθήμενον

280 734 560 807 πολέμιον
640 734 861 806 μετιὼν,
943 728 1087 805 μηδὲ
1143 731 1451 810 χρημάτων
1511 729 1791 804 ὑποτιθεῗς
1828 729 1944 807 φεί-

284 820 496 893 δεσθαι,
528 820 672 878 ἄλλα
714 822 805 876 καὶ
852 818 1024 876 ταῦτα
1079 817 1409 899 διαφθείρειν
1472 820 1549 883 εἷς
1604 818 1940 893 στρατευμά-

287 933 397 968 των
438 911 786 988 συναγωγήν,
843 910 956 966 ἐπεὶ
1006 909 1098 966 καὶ
1154 908 1280 965 ἄνευ
1340 915 1448 966 τῶν
1487 912 1605 974 καθ’
1667 910 1807 982 αἷμα
1861 912 1941 980 τῷ

285 999 507 1077 βασιλεῖ
563 1001 983 1074 συναπτομένων
1037 999 1127 1053 καὶ
1185 1002 1293 1055 τῶν
1368 1000 1486 1054 ὅσοι
1541 999 1638 1061 τὰς
1698 997 1938 1068 οἰκήσεις

291 1091 367 1161 μή
418 1087 573 1150 ἰκτὸς
620 1088 777 1163 εἶχον
828 1095 930 1155 τῆς
984 1086 1226 1157 πόλεως,
1280 1087 1475 1149 πάντες
1534 1086 1809 1159 ὑπέκυψαν
1861 1089 1940 1157 τῷ

277 1178 518 1251 Βαρανᾷ,
580 1175 686 1232 κάκ
740 1182 849 1232 τῶν
905 1170 1100 1247 ἔξωθεν
1185 1177 1289 1232 οὐκ
1343 1178 1409 1244 ἦν
1468 1174 1937 1249 ἑπεισενέγκασθαι

276 1269 611 1343 στράτευμα.
672 1270 776 1329 Οἷς
835 1265 902 1338 δὴ
961 1272 1059 1323 τοῦ
1117 1267 1389 1342 Καίσαρος
1449 1266 1643 1342 λόγοις
1695 1267 1935 1339 καθάπερ

276 1354 557 1433 ἐνδελεχει
636 1356 924 1433 βουπλῆγι
997 1357 1332 1431 τιτρώμενος
1408 1354 1636 1429 ἀνένηψέ
1709 1375 1767 1409 τε
1839 1358 1937 1409 τοῦ

271 1446 445 1521 κάρου
508 1447 599 1502 καὶ
663 1453 764 1515 τῆς
821 1444 1052 1516 ἆκηδίας
1123 1446 1502 1520 μεθήρμοττο,
1573 1445 1661 1499 καὶ
1729 1444 1934 1518 ἤρξατο

274 1534 561 1604 συλλέγειν
610 1532 991 1609 συμμαχικόν.
1045 1536 1134 1604 Μὴ
1185 1533 1432 1609 εὐπορεῖν
1468 1530 1527 1587 δὲ
1570 1532 1747 1607 λέγων
1797 1551 1939 1606 χρυ-

273 1628 438 1697 σίων,
497 1625 557 1681 ἐκ
609 1629 719 1681 τῶν
782 1624 1086 1700 βασιλικῶν
1142 1624 1405 1697 ταμιείων
1464 1623 1694 1698 ἀργύρεα
1770 1621 1932 1691 σκεύη

273 1713 615 1789 ἀνελόμενος
668 1715 1069 1790 παρακατέθετο
1120 1717 1287 1769 ταῦτα
1330 1718 1448 1775 τοῖς
1493 1712 1724 1789 χρυσίου
1765 1713 1936 1767 εὐπο-

2054 551 2288 616 bebant,
2322 554 2750 625 Oppigneravit,
2784 558 2842 609 et
2870 554 3177 624 pecuniam
3213 554 3352 611 inde
3403 561 3702 629 acceptam

2052 641 2122 696 ad
2158 641 2550 713 colligendum
2576 643 2891 698 exercitum
2927 643 3540 715 distribuit,quamvis
3574 655 3705 717 post

2050 730 2352 785 victoriam
2385 745 2488 786 nec
2545 732 2851 802 pecuniam
2912 731 3126 786 restitit
3182 736 3239 787 et
3283 748 3420 787 vasa
3450 732 3548 788 illa
3578 733 3706 790 abs-

2052 816 2206 873 tulit.
2241 818 2544 874 Conradus
2575 836 2709 875 vero
2740 820 2948 890 exiguo
2980 824 3243 891 tempore
3289 820 3512 892 equites
3556 821 3707 877 Lati-

2051 922 2158 961 nos
2183 905 2241 960 in
2277 907 2417 962 urbe
2448 906 2676 962 circiter
2706 908 2835 962 CCL
2857 907 3047 979 coegit
3076 923 3280 963 omnes
3334 908 3489 964 viros
3522 910 3697 965 belli-

2050 994 2405 1064 cosissimos,
2429 1002 2487 1051 et
2518 996 2741 1067 pedites
2779 998 2842 1063 D,
2876 1013 2982 1052 nec
3016 996 3180 1068 pauci
3203 1014 3270 1053 ex
3294 992 3701 1066 Iamaelitia,et

2049 1082 2431 1141 Orientalium
2464 1085 2695 1141 Iberum
2731 1087 2923 1155 multi,
2951 1087 3043 1156 qui
3073 1086 3407 1159 negotiandi
3431 1104 3608 1143 causa
3637 1088 3697 1143 in

2051 1173 2253 1228 urbem
2311 1178 2610 1238 venerant,
2673 1174 2910 1231 nomina
2971 1174 3191 1230 militias
3250 1176 3557 1231 dederunt.
3618 1176 3699 1232 Ex

2047 1277 2257 1333 genere
2290 1262 2619 1318 illustribus
2650 1267 2707 1318 et
2737 1264 2956 1335 alioqui
2999 1263 3281 1335 palatium
3330 1265 3698 1336 lrequentare

2047 1349 2237 1407 solitis
2268 1351 2335 1407 ad
2360 1351 2520 1408 mille
2551 1353 2959 1408 connumerati
3007 1357 3167 1409 sunt.
3204 1352 3505 1409 Conradus
3562 1370 3696 1409 vero

2045 1444 2205 1495 tanta
2234 1442 3161 1515 contentionelﬂioimperatoris
3214 1450 3404 1515 partes
3444 1442 3692 1500 tuendas

2046 1530 2324 1599 suscepit,
2370 1535 2432 1584 ut
2478 1531 2549 1585 ab
2609 1531 2885 1587 omnibus
2943 1532 3227 1587 divinitus
3287 1536 3506 1589 missus
3560 1549 3691 1589 esse

2044 1622 2302 1688 tempore
2322 1619 2573 1674 maxime
2623 1620 2948 1676 necessario
2988 1621 3340 1677 crederetur.
3375 1624 3562 1695 Atque
3594 1622 3694 1678 ali-

2045 1708 2278 1777 quando
2302 1708 2370 1762 ad
2396 1708 3217 1780 imperatorerucomedentem
3239 1712 3692 1783 ingressuscum

278 1809 435 1882 ροῢσι
492 1806 764 1878 τεμένεσι,
802 1805 892 1860 καὶ
940 1805 1008 1860 τὰ
1053 1802 1251 1859 ἐκεῖθεν
1299 1802 1622 1878 πορισθέντα
1669 1804 1923 1878 χρήματα

2045 1794 2298 1865 suspirio
2320 1796 2501 1849 dixit:
2535 1817 2560 1848 ε
2588 1797 2819 1853 Utinam
2872 1797 2953 1853 ita
2993 1814 3111 1853 rem
3143 1797 3408 1854 bellicam
3433 1816 3689 1867 curares,

272 1891 691 1970 είς-συλλογὴν
753 1890 980 1948 διέδωκε
1030 1897 1304 1967 στρατιᾶς,
1361 1889 1458 1946 κᾶν
1514 1890 1735 1966 ὕστερον
1795 1890 1923 1964 μετᾶ

2042 1889 2105 1939 ut
2121 1883 2391 1940 alacriter
2411 1886 2482 1940 ad
2505 1901 2679 1940 omnes
2711 1885 2978 1941 Iauticias
3028 1887 3287 1942 accurris
3336 1893 3393 1943 et
3420 1890 3685 1943 animum

271 1984 371 2052 τὴν
406 1981 561 2053 νίκην
605 1983 698 2037 καὶ
744 1983 807 2038 τὸ
846 1980 1077 2057 χρυσίον
1130 1981 1229 2036 οὐκ
1275 1977 1523 2036 ἀπέδωκε
1581 1980 1667 2034 καὶ
1708 1980 1778 2033 τὰ
1822 1998 1923 2035 πα-

2038 1973 2099 2027 in
2134 1973 2350 2043 patinis
2381 1973 2583 2030 habes.
2619 1996 2646 2023 »
2672 1975 2748 2031 Eo
2779 1975 2931 2031 dicto
2985 1977 3303 2047 imperator
3340 1976 3599 2041 erubuit,
3629 1985 3689 2032 et

274 2073 699 2148 ρακατατεθέντα
775 2071 1037 2128 ἀνείλετο.
1110 2068 1335 2144 Ἀμέλει
1420 2070 1511 2124 καὶ
1605 2068 1656 2123 ἐν
1727 2070 1929 2143 βραχεῖ

272 2165 450 2236 καιρῷ
508 2162 536 2216 6
597 2161 692 2235 μὲν
754 2158 1028 2236 Κοῤῥάδος
1086 2159 1195 2215 ἀπὸ
1248 2164 1357 2215 τῶν
1413 2159 1551 2214 κατᾶ
1604 2160 1703 2228 τὴν
1763 2155 1926 2212 πόλιν

276 2253 589 2329 συναγήοχε
622 2250 867 2305 Λατίνων
901 2250 1133 2313 ἱππότας
1175 2251 1262 2323 [Ρ.
1310 2251 1440 2322 245]
1493 2246 1618 2323 περὶ
1665 2247 1792 2308 τοὺς
1843 2243 1925 2309 δὶς

272 2340 460 2395 ἑκατὸν
529 2340 620 2395 καὶ
672 2340 1030 2411 πεντήκοντα,
1089 2338 1296 2400 πάντας
1384 2336 1756 2412 ἄρειμανίους,
1833 2343 1924 2398 καὶ

271 2431 470 2500 πεζοὺς
498 2429 915 2491 πεντακοσίους.
958 2428 1073 2487 Οὐκ
1115 2427 1299 2505 ὀλίγοι
1348 2425 1395 2482 δ’
1441 2426 1924 2501 ἐστρατολογήθη-

268 2541 364 2575 σαν
400 2520 491 2576 καὶ
551 2521 660 2575 ἀπὸ
720 2519 1085 2593 Ἰσμαηλιτῶν
1140 2520 1229 2573 καὶ
1282 2522 1389 2574 τῶν
1457 2517 1607 2590 ἑῴων
1678 2512 1923 2591 Ἰϐήρων,

269 2612 387 2666 κατ’
464 2609 733 2684 ἐμπορίαν
810 2607 1181 2681 στειλαμένων
1255 2609 1356 2675 τήν
1432 2606 1485 2668 ἐς
1524 2609 1625 2676 τὴν
1669 2604 1925 2681 βασιλίδα

269 2704 377 2754 τῖον
403 2698 644 2756 πόλεων.
688 2699 767 2756 Τὸ
823 2696 880 2752 δὲ
930 2697 1056 2771 περὶ
1102 2698 1194 2752 τὸν
1249 2694 1476 2770 βασιλέα
1524 2696 1793 2769 ἐπίσημον
1844 2700 1923 2769 τῷ

272 2789 413 2865 γένει
453 2787 543 2843 καὶ
600 2787 788 2850 ἄλλως
839 2788 961 2862 περὶ
1014 2788 1115 2856 τὴν
1178 2783 1454 2861 βασιλειον
1510 2782 1686 2854 αὐλήν
1748 2783 1923 2840 εἰλού-

284 2897 444 2950 μενον
491 2878 617 2951 περὶ
657 2877 778 2939 τοὺς
829 2875 1051 2951 χιλίους
1110 2874 1412 2950 ἠρίθμητο.
1466 2872 1750 2944 Τοσαύτην
1799 2870 1846 2929 δ’
1894 2874 1922 2929 6

274 2962 563 3042 Κορῥάδος
625 2965 753 3039 ὑπὲρ
798 2969 895 3020 τοῦ
969 2968 1294 3039 κρατοῦντος
1357 2963 1704 3040 εἰσηνέγκατο
1752 2984 1925 3018 σπου-

277 3052 381 3124 δήν
415 3052 556 3108 ὥστε
586 3052 928 3127 θεόπεμπτον
962 3055 1163 3129 ἀγαθὸν
1193 3052 1332 3108 κατᾶ
1360 3054 1547 3128 καιρὸν
1582 3057 1663 3124 τῷ
1706 3051 1922 3128 βασιλεῖ

268 3141 492 3199 ἐπιστάν
565 3148 683 3206 τοῖς
758 3143 954 3199 ἅπασὶν
1029 3141 1334 3218 ἐλογίζετο.
1411 3144 1565 3200 Ἐστι
1617 3140 1665 3197 δ’
1711 3142 1800 3197 ὅτε
1843 3147 1924 3216 τῷ

272 3231 489 3309 βασιλεῖ
520 3231 751 3288 ἐσθίοντι
784 3232 1062 3312 ἐποφθεὶς,
1094 3257 1121 3285 ‹‹
1153 3231 1282 3290 Ε’ἰθε
1312 3231 1507 3303 οὕτως,
1541 3255 1570 3284 ››
1625 3230 1920 3287 ὑποστενά-

268 3326 357 3395 εας
391 3322 603 3398 εἴρηκε,
646 3347 673 3375 ‹‹
724 3326 833 3377 τῶν
892 3323 1031 3378 κατὰ
1073 3322 1167 3377 τὸν
1217 3321 1492 3400 ἔφεστῶτα
1541 3322 1785 3395 πόλεμον
1836 3321 1925 3376 ἒπ-

273 3411 494 3486 εμέλου,
534 3409 718 3486 ὣσπερ
750 3410 878 3487 γίνῃ
908 3408 1318 3487 τρεχέδειπνος,
1351 3409 1440 3466 ἐπὶ
1468 3411 1535 3466 τὰ
1589 3409 1922 3486 προκείμενα

276 3502 543 3577 βρώματα
574 3499 967 3577 λιχνευόμενος
1008 3501 1095 3555 καὶ
1149 3498 1286 3571 ὅλην
1336 3500 1435 3568 τὴν
1494 3498 1754 3578 φροντίδα
1802 3505 1921 3563 τοῖς

266 3590 772 3666 παρακενουμένοις
848 3587 1133 3664 διαχαλῶν
1209 3587 1620 3664 δαιτρεόμασιν.
1657 3614 1685 3642 ι»
1728 3591 1789 3648 Ὁ
1864 3587 1922 3644 δὲ

263 3677 577 3755 ἐρυθριάσας
609 3678 697 3735 ἐπὶ
728 3684 807 3750 τῷ
862 3680 1070 3754 ῥήματι
1130 3679 1307 3752 τούτῳ
1354 3678 1444 3734 καί
1496 3677 1921 3754 πυῤῥωπότερος

265 3768 450 3845 φανεὶς
482 3770 677 3824 ἑαυτοῦ
734 3768 825 3823 καὶ
883 3765 1164 3841 μειδιάσας
1219 3763 1572 3843 βεϐιασμένον
1624 3763 1918 3823 ἐπελάϐετο

263 3865 362 3928 τῆς
395 3857 662 3937 χλανίδος
692 3864 791 3913 τοῦ
823 3857 1114 3933 Καίσαρος,
1172 3857 1261 3912 καὶ
1316 3852 1721 3926 διασεσοὸηκὼς
1771 3858 1916 3912 εἶπεν

265 3948 340 4011 ὡς
397 3970 419 3999 ι
466 3949 611 4006 Κατὰ
660 3968 872 4021 καιρον,
923 3949 968 4001 ὦ
1017 3947 1197 4017 οὗτος,
1248 3941 1681 4019 ἐστιαθησόμεθαὶ
1723 3966 1782 4000 τε
1829 3947 1916 4001 καὶ

269 4038 645 4113 μαχεσόμεθα.
708 4060 736 4087 )2
796 4034 1077 4111 Ἐγένοντο
1126 4033 1184 4090 δὲ
1232 4037 1322 4090 καὶ
1398 4032 1714 4107 διοσημεῖαι
1771 4056 1920 4106 τηνι-

266 4132 458 4182 καῦτον
520 4123 732 4200 ἡμέρας
785 4126 889 4199 γάρ
946 4125 1162 4199 ἀστέρες
1220 4123 1508 4198 ἒφτίινησιπιν,
1572 4124 1661 4179 καὶ
1722 4124 1751 4179 ὁ
1808 4123 1914 4200 ἀὴρ

264 4214 599 4289 ταραχώδης
673 4213 858 4291 ὤφθη,
932 4215 1022 4269 καὶ
1098 4213 1221 4289 περὶ
1273 4213 1366 4268 τὸν
1405 4211 1568 4284 ἣλιον
1608 4213 1754 4282 πάθη
1795 4215 1916 4268 τινὰ

264 4299 677 4376 συμϐεϐήκασιν
732 4307 765 4358 ἅ
821 4324 979 4380 φασιν
1061 4302 1300 4369 ἅλωνας,
1390 4303 1463 4365 ὡς
1526 4300 1666 4374 μηδὲ
1720 4306 1910 4358 τοῦτον

261 4395 496 4467 καθαρὸν
530 4393 620 4448 καὶ
650 4394 959 4460 ἀθόλωτον,
992 4391 1120 4448 ἀλλ’
1173 4389 1485 4468 ὠχρότερον
1537 4388 1908 4446 ἀποδισκεύειν

257 4483 319 4536 τὸ
369 4487 508 4559 φῶς.
570 4483 857 4548 Τοσαύτην
918 4479 986 4548 δ’,
1047 4481 1122 4545 ὡς
1182 4478 1418 4536 ἐνεδίδου
1475 4481 1540 4535 τὰ
1594 4481 1906 4555 πράγματα,

1954 3187 1997 3254 C

2041 2061 2328 2134 prehenso
2350 2061 2509 2118 illius
2541 2062 2716 2135 pallio
2738 2081 2871 2119 cum
2891 2065 3012 2120 risu
3049 2069 3245 2121 coacto
3265 2065 3482 2121 dixitm
3527 2065 3685 2121 Heus

2041 2155 2125 2218 tu,
2159 2167 2266 2207 suo
2297 2156 2558 2224 tempore
2613 2158 2670 2208 et
2725 2153 3086 2210 cmnabimus
3143 2159 3201 2209 et
3248 2153 3618 2210 bellabimus.
3654 2175 3681 2203 »

2039 2239 2186 2295 Tum
2222 2258 2453 2314 quoque
2479 2246 2702 2299 ostenta
2733 2249 3151 2315 apparuerunt.
3186 2243 3332 2299 Nam
3381 2243 3562 2300 stellis
3596 2245 3683 2298 in-

2038 2332 2226 2388 terdiu
2259 2338 2400 2388 sunt
2430 2338 2775 2405 conspectae,
2829 2351 2929 2390 aer
2979 2334 3356 2392 turbulentus
3413 2335 3544 2404 fuit,
3578 2336 3682 2391 circ

2039 2420 2154 2476 culi
2194 2438 2341 2493 quas
2370 2440 2536 2479 areas
2567 2429 2776 2479 vocant
2830 2424 3011 2480 solem
3076 2425 3446 2481 ambiverunt
3483 2441 3498 2491 ;
3532 2425 3685 2480 unde

2039 2508 2238 2566 lumen
2292 2513 2419 2581 ejus
2470 2529 2584 2568 non
2638 2529 2850 2585 purum
2926 2514 3023 2569 sed
3088 2513 3363 2584 pallidius
3418 2513 3683 2570 emicuit.

2038 2599 2357 2671 Imperator
2412 2617 2545 2657 vero
2602 2605 2763 2656 tanto
2821 2602 3074 2657 exercitu
3143 2611 3340 2659 coacto
3398 2607 3685 2673 quantum

2037 2704 2126 2743 res
2149 2688 2441 2758 sinebant,
2469 2705 2584 2744 non
2620 2690 2840 2745 diutius
2874 2690 3270 2745 cunctandum
3306 2694 3362 2744 et
3392 2690 3502 2745 sub
3534 2693 3685 2746 tecto

2035 2776 2420 2833 desidendum
2453 2794 2581 2834 esse
2612 2783 2773 2834 ratus
2797 2782 2905 2844 est,
2939 2779 3038 2834 sed
3072 2778 3331 2834 vicissim
3379 2795 3542 2833 arma
3590 2795 3682 2834 se-

2036 2866 2267 2922 ditiosis
2322 2867 2641 2924 inferenda.
2714 2868 2914 2939 Itaque
2993 2869 3331 2925 thoracatus
3415 2871 3569 2925 intra
3615 2885 3680 2926 ea

2037 2955 2251 3011 mmnia
2280 2956 2495 3027 quibus
2524 2955 2754 3012 Manuel
2781 2956 3098 3028 imperator
3141 2957 3546 3014 Blachernium
3581 2975 3676 3030 pa-

2034 3042 2240 3099 latium
2267 3045 2497 3113 muniit,
2523 3051 2687 3101 stans
2725 3045 3063 3117 hujusmodi
3109 3046 3370 3102 oratione
3399 3052 3678 3118 cognatos

2036 3137 2092 3189 et
2114 3136 2375 3206 proxime
2404 3139 2663 3191 astantes
2695 3134 2913 3191 milites
2937 3136 3305 3193 conﬁrmavit
3329 3153 3341 3190 :
3365 3159 3395 3187 «
3425 3136 3680 3194 Omnino

2037 3228 2295 3293 praestat,
2327 3225 2563 3297 Deoque
2592 3225 2816 3296 gratius
2874 3230 2983 3292 est,
3019 3230 3084 3282 ut
3121 3226 3344 3282 subditi
3404 3243 3507 3299 pro
3538 3226 3678 3298 legi-

2033 3311 2177 3368 timo
2209 3313 2556 3385 imperatore
2577 3314 2726 3372 ὅθι
2792 3322 3053 3387 pugnent
3109 3331 3288 3387 quam
3356 3332 3485 3372 cum
3527 3317 3678 3372 sedi-

2031 3403 2177 3460 tioso
2208 3421 2275 3460 ac
2305 3404 2490 3461 civilis
2521 3405 2656 3462 belli
2686 3410 2920 3462 auctore
2950 3423 3014 3463 se
3070 3409 3449 3481 conjungant.
3483 3407 3542 3464 Si
3576 3408 3680 3480 qui

2032 3508 2165 3548 vero
2196 3498 2332 3549 sunt
2366 3510 2618 3565 quorum
2652 3495 2832 3550 animi
2865 3494 3137 3551 vacillent
3157 3513 3224 3552 ac
3246 3495 3548 3562 fluctuant,
3582 3502 3683 3553 aut

2031 3584 2272 3639 omnino
2303 3583 2372 3639 ad
2408 3583 2755 3640 seditiosum
2789 3600 3000 3656 magno
3057 3584 3282 3655 impetu
3342 3585 3560 3640 amoris
3600 3586 3685 3640 fe-

2033 3677 2321 3742 rantur,et
2351 3689 2523 3743 quem
2554 3668 2678 3729 heri
2712 3678 2775 3728 ut
2806 3673 3103 3745 mancipia
3147 3673 3452 3729 dominum
3494 3673 3685 3728 colue-

2030 3767 2191 3832 runt,
2223 3779 2355 3818 eum
2390 3762 2560 3819 hodie
2583 3763 2875 3835 rejiciant,
2908 3766 2979 3820 ab
3001 3764 3071 3819 iis
3092 3764 3466 3836 impetratam
3499 3762 3673 3820 velim

2030 3868 2151 3906 rem
2170 3850 2408 3906 omnino
2439 3852 2863 3922 aequissimam,
2889 3858 2948 3907 ut
2992 3852 3150 3907 domi
3185 3853 3454 3908 sedentes
3486 3851 3675 3907 neutri

1994 3966 1999 3970 ι
2028 3939 2407 4011 cpitulentur,
2441 3940 2624 3995 donec
2654 3939 2850 4010 prelio
2909 3941 3199 4011 dirempta
3236 3941 3408 3995 fuerit
3436 3946 3669 3996 contro-

2025 4030 2230 4097 versia,
2267 4045 2333 4084 ac
2363 4035 2485 4083 tum
2549 4036 2612 4083 ut
2667 4029 2854 4084 caeteri
2903 4044 3036 4085 cum
3087 4031 3300 4085 victore
3333 4046 3393 4085 se
3421 4030 3666 4100 conjun-

2024 4124 2164 4189 gant
2190 4145 2203 4186 ;
2228 4124 2329 4175 aut
2350 4121 2545 4175 statim
2572 4124 2705 4175 ante
2727 4136 2980 4192 pugnam
3007 4122 3077 4176 ad
3103 4121 3326 4176 hostem
3359 4122 3572 4177 abeant
3602 4136 3666 4176 ac

2026 4225 2129 4281 pro
2150 4209 2280 4280 ejus
2304 4208 2489 4264 salute
2513 4207 2813 4276 dimicent,
2845 4225 2960 4278 quo
2991 4209 3239 4280 gratiam
3289 4212 3362 4266 ab
3394 4226 3460 4267 eo
3489 4212 3668 4267 victo-

2025 4302 2170 4357 riam
2206 4303 2413 4372 adepto
2447 4301 2719 4371 majorem
2752 4301 2973 4356 ineant.
3002 4301 3149 4357 Nam
3179 4320 3270 4360 me
3309 4304 3550 4375 quidem
3584 4305 3667 4359 la-

2024 4389 2132 4446 biis
2163 4389 2471 4456 honorare,
2504 4390 2677 4445 corde
2708 4404 2839 4444 vero
2893 4388 3059 4445 alteri
3118 4391 3382 4446 addictos
3431 4408 3560 4447 esse
3601 4408 3667 4446 ac

2022 4495 2194 4535 omne
2223 4479 2486 4534 studium
2522 4479 2763 4542 deferre,
2796 4479 2952 4533 haud
2985 4479 3105 4534 scio
3133 4496 3205 4534 an
3264 4478 3337 4534 ab
3386 4480 3504 4536 ullo
3534 4497 3664 4551 pro-

261 4558 633 4646 συνηθροικὼς
684 4575 713 4627 6
767 4571 1028 4647 βασιλεὺς
1076 4573 1329 4645 στρατιὰν
1390 4568 1526 4648 ἔγνω
1578 4573 1654 4645 μή
1712 4569 1909 4626 ἀναδό-

2034 4569 2149 4625 oari
2179 4574 2278 4624 aut
2304 4568 2419 4623 Deo
2445 4567 2672 4640 placere
2731 4569 2936 4639 possit,
2961 4567 3062 4639 qui
3109 4569 3398 4638 aequitatis
3457 4584 3668 4624 amans

259 4661 410 4715 εσθαι
440 4665 529 4715 καί
563 4661 788 4735 μέλλειν
822 4661 985 4716 εἰσέτι
1029 4663 1334 4735 καθήμενος
1397 4660 1735 4740 ὑπωρόφιος,
1785 4659 1913 4716 ἀλλ’

257 4749 313 4805 ἐν
340 4754 419 4823 τῷ
472 4748 623 4823 μέρει
684 4750 773 4805 καὶ
834 4749 998 4812 αὐτὸς
1058 4749 1293 4828 ξιφήρης
1351 4749 1581 4823 ὀφθῆναι
1640 4752 1720 4820 τῷ
1778 4748 1917 4803 ἀπο-

257 4838 445 4912 στάτῃ.
481 4840 619 4902 Στὰς
647 4838 830 4895 τοίνυν
863 4839 1250 4917 θωρακοφόρος
1297 4836 1428 4894 εἴσω
1472 4836 1569 4894 τοῦ
1615 4832 1915 4912 περιϐόλου

258 4933 362 4996 τῆς
389 4927 629 4997 πόλεως,
662 4927 719 4982 ὅν
748 4929 778 4983 6
826 4926 1078 5004 βασιλεὺς
1120 4929 1377 5004 ἀνήγειρε
1427 4928 1694 4997 Μανουήλ
1742 4920 1917 5001 ἔρυμα

263 5019 377 5071 τῶν
412 5014 461 5069 ἐν
498 5015 833 5094 Βλαχὲρναις
885 5017 1149 5093 ἀρχείων,
1199 5016 1568 5093 παρεθάρρυνε
1615 5015 1806 5092 λόγοις
1852 5017 1916 5072 τὸ

263 5103 516 5180 συγγενὲς
592 5105 682 5159 καὶ
756 5106 818 5161 τὸ
899 5108 1184 5183 παρεστὼς
1283 5105 1501 5181 ἐγγύθεν
1605 5103 1912 5174 ὁπλιτικὸν,

253 5191 445 5250 τοιάδε
500 5192 1030 5269 παρακελευόμενος·
1092 5219 1119 5248 ‹‹
1183 5196 1445 5270 Κρεῖσσόν
1523 5194 1638 5250 ἐστι
1703 5190 1913 5265 δήπου-

253 5285 362 5353 θεν,
406 5285 498 5340 καὶ
548 5284 695 5360 παρά
738 5305 804 5359 γε
850 5288 968 5357 Θεῷ
1014 5283 1444 5359 ἀνεπέγκλητον,
1505 5287 1604 5339 τοῦ
1672 5281 1916 5357 ἐννόμως

254 5378 580 5442 κρατοῦντος
631 5371 1071 5449 προκινδυνεύειν
1122 5373 1250 5437 τοὺς
1303 5373 1391 5428 ὑπ’
1443 5374 1647 5449 ἀρχὴν,
1706 5372 1741 5441 ἢ
1782 5375 1911 5446 γοῦν

250 5464 577 5538 προσρέπειν
623 5460 782 5537 ἀνδρὶ
826 5466 1153 5538 νεωτεριστῇ
1201 5463 1292 5518 καὶ
1342 5463 1459 5517 κατ’
1511 5459 1779 5532 ἀλλήλων
1827 5459 1911 5515 ix.-

251 5550 646 5626 πολεμώσαντι
687 5554 750 5608 τὸ
782 5554 1158 5629 ὁμόγλωττον.
1192 5553 1261 5610 Bi
1293 5549 1351 5608 δὲ
1393 5573 1537 5615 τινες
1587 5552 1692 5607 εἶεν
1750 5571 1929 5625 μετα-η

253 5636 630 5717 κυϐευομένην
686 5636 908 5717 ἔχοντες
937 5643 1037 5712 τὴν
1083 5642 1311 5719 γνώμην
1362 5641 1454 5698 καὶ
1500 5638 1915 5717 ἀμφιτάλαντον

493 5763 767 5828 Parant.
815 5763 924 5824 Gs.
971 5761 1293 5827 CXXXIX.

2028 4658 2087 4713 in
2119 4658 2447 4714 animorum
2481 4673 2746 4712 recessus
2774 4656 3040 4727 inquirit.
3072 4656 3218 4712 Nam
3276 4656 3349 4711 ab
3406 4672 3472 4712 eo
3512 4656 3667 4727 quod

2025 4747 2098 4802 iis
2130 4748 2297 4818 pejus
2328 4750 2416 4802 est
2446 4762 2512 4800 ac
2533 4746 2798 4801 omnium
2823 4744 3669 4816 impudentissimum,animus

2024 4851 2258 4907 quoque
2292 4835 2587 4901 abhorret,
2621 4833 2883 4890 videlicet
2912 4850 2981 4889 ne
3014 4835 3115 4906 qui
3166 4849 3375 4906 pugnas
3407 4838 3670 4907 tempore

2025 4926 2098 4981 ad
2128 4930 2441 4997 tyrannum
2502 4922 2780 4979 deﬁciant
2843 4927 2900 4978 et
2958 4924 3233 4995 probatos
3282 4923 3457 4979 etiam
3515 4926 3669 4981 viros

2024 5013 2285 5084 exemplo
2318 5029 2423 5068 suo
2455 5017 2853 5083 corrumpant.
2888 5012 2947 5067 1d
3008 5013 3162 5083 quod
3197 5013 3253 5069 in
3288 5012 3492 5069 avibus
3537 5030 3664 5084 qua:

2025 5102 2308 5174 gregatim
2339 5099 2535 5156 volant
2555 5101 2837 5157 cernitur.
2869 5100 3013 5155 Nam
3049 5102 3143 5155 ubi
3174 5118 3291 5157 una
3327 5100 3671 5170 subvolarit,

2027 5191 2262 5261 reliqua
2294 5206 2498 5244 omnes
2554 5206 2670 5244 una
2729 5188 2955 5244 avolant
2984 5207 2997 5244 :
3045 5190 3145 5245 ubi
3178 5206 3295 5247 una
3324 5191 3673 5259 consederit,

2025 5281 2260 5352 reliquae
2291 5281 2465 5336 etiam
2490 5279 2858 5335 consident.»
2887 5283 3017 5335 Haec
3067 5285 3375 5352 propterea
3421 5280 3668 5352 dicebat,

2025 5375 2177 5442 quod
2232 5368 2514 5423 Joannem
2572 5368 2726 5425 502
2804 5367 3320 5425 sebastocratorem
3396 5374 3672 5441 patruum

2024 5476 2197 5517 suum
2222 5464 2558 5528 suspectum
2586 5457 2832 5513 habebat
2856 5462 2915 5513 ut
2939 5464 2997 5513 et
3026 5460 3204 5514 veteri
3239 5458 3674 5515 necessitudine

2023 5556 2080 5606 et
2109 5548 2321 5605 recenti
2345 5546 2629 5601 afﬁnitate
2657 5563 2790 5601 cum
2835 5547 3021 5603 Brana
3069 5549 3471 5619 conjunctum,
3505 5547 3674 5615 cujus

2023 5639 2203 5696 ﬁliam
2236 5651 2350 5694 non
2385 5634 2466 5689 ita
2485 5634 2713 5707 pridem
2738 5635 2856 5693 tilio
2878 5653 2985 5694 suo
3003 5636 3408 5709 desponderat.
3442 5634 3670 5703 Quibus

3360 5755 3440 5815 Μ
