4126 6294
427 332 540 395 7η
1736 324 2042 389 ΝῙΟΕΤΔΕ

2172 325 2509 389 [ΟΝΙΑΤΔΕ
3722 329 3850 391 748

432 472 616 531 verbis
650 488 784 528 cum
815 485 1020 526 omnes
1040 467 1137 523 alii
1182 465 1512 532 doluerunt,
1544 467 1671 520 tum
1717 466 2061 520 eebaslocra-

2180 462 2214 532 ἢ
2264 468 2704 539 προσκεχηνυῖαν
2754 462 2893 534 ὅλην
2953 466 3037 536 τῷ
3094 459 3396 533 ἀποστάτη,
3458 462 3550 517 καὶ
3599 449 3847 535 δύσερώ-

429 568 538 631 tor,
574 567 637 619 ut
666 576 897 617 omnem
926 558 1319 631 suspicionem
1352 573 1385 611 a
1411 572 1472 610 se
1502 560 1809 621 amoveret,
1841 570 2061 609 omnem

2187 574 2294 607 τως
2336 555 2505 609 αὐτοῦ
2542 554 2847 630 ἐξὲχονται,
2898 555 2988 610 καὶ
3028 556 3088 610 δν
3138 555 3268 629 χθὲς
3316 554 3389 615 ὡς
3443 551 3711 624 δεσπότην
3761 551 3849 608 δε-

429 654 709 708 fainiliam
742 667 911 706 suam
958 654 1014 703 et
1059 646 1440 715 semetipsum
1500 645 1882 699 atrocissimis
1934 642 2061 698 diri:

2188 645 2484 721 σμόχειρες
2544 644 2884 720 ἐθεράπευον,
2950 649 3143 699 τοῦτον
3226 644 3474 707 ἀθετοῦσι
3567 646 3841 718 σήμερον,

426 740 816 809 devovebat,si
861 753 1119 809 unquam
1170 735 1242 791 ad
1294 740 1538 790 Branam
1588 734 1832 788 deﬁcere
1867 732 1926 787 in
1958 733 2061 787 ani

2192 730 2406 802 αἴτησιν
2460 735 2661 804 ταύτην
2718 733 2914 795 αὐτοὺς
2971 733 3227 805 αἰτοῦμαι
3304 729 3678 801 δικαιοτάτην,
3749 731 3842 787 ἐπὶ

426 847 524 901 mp
558 828 875 884 habuisset.
910 826 1109 897 Neque
1142 825 1292 879 enim
1321 840 1383 877 se
1406 822 1490 878 ita
1516 838 1644 877 esse
1662 822 1834 877 ofﬁcii
1873 821 2061 876 rudetI

2188 821 2342 877 οἷ’κου
2406 822 2599 891 ἲζάνειν
2659 820 2852 896 μηδενὶ
2897 822 3295 897 ἐπαρήγοντας,
3341 817 3445 885 ἕως
3490 820 3549 876 ἄν
3601 821 3839 894 πολέμῳ

425 927 521 976 aut
550 920 711 974 senio
744 915 1013 982 delirare,
1048 920 1109 969 ut
1141 915 1335 969 fratris
1369 912 1555 968 lilium
1586 912 2061 983 imperatorem,t

2189 908 2492 986 διακριθείη
2526 911 2593 966 τά
2642 913 2941 987 πράγματα
2991 912 3082 965 καὶ
3127 910 3208 981 τῷ
3253 914 3475 964 νικῶντι
3522 910 3660 985 πρὸς
3717 915 3842 973 τοῖς

425 1025 541 1079 quo
574 1007 645 1062 ab
674 1006 788 1062 alia
820 1004 1108 1075 dignitate
1134 1004 1202 1058 ad
1236 1001 1413 1059 aliam
1445 1005 1745 1073 promotus
1777 1004 1941 1067 esset,
1975 1001 2044 1056 ad

2188 996 2384 1061 ἄλλοις
2420 1001 2837 1068 ὑποπεσοῦνται,
2886 999 2921 1067 ἤ
2976 1004 3315 1073 μεταχωρεῖν
3362 996 3418 1061 ἒς
3455 1000 3546 1053 τὸν
3595 999 3841 1054 ἀποστά-

419 1114 576 1153 venas
606 1097 714 1151 sub
746 1095 839 1150 dio
869 1093 1147 1159 versanti,
1172 1092 1340 1161 cujus
1372 1092 1631 1146 animum
1664 1105 1801 1161 erga
1818 1106 1881 1145 se
1913 1090 2061 1144 inex-

2185 1109 2284 1159 την
2320 1087 2371 1158 ἐξ
2420 1089 2590 1158 αὐτῆς
2633 1089 2724 1143 καὶ
2766 1088 2874 1161 πρὸ
2924 1085 3090 1157 τῆσδε
3134 1095 3235 1156 τῆς
3287 1086 3612 1161 συμπλοκῆς
3658 1087 3842 1144 κάκεί-

420 1187 700 1257 ploratum
754 1182 1010 1250 haberet,
1089 1181 1163 1237 ob
1249 1179 1355 1234 filii
1448 1180 1684 1251 nuptias
1766 1178 2061 1250 posthabe.

2188 1198 2283 1231 νου
2340 1177 2717 1251 προπολεμεῖν
2774 1198 2831 1232 τε
2884 1176 2977 1231 καὶ
3033 1175 3487 1251 προκινδυνεύειν,
3547 1176 3700 1239 ὅπως
3745 1179 3840 1232 καὶ

422 1282 527 1331 ret.
2188 1269 2348 1342 χάριν
2422 1265 2618 1321 εἷ’σεται
2692 1268 2923 1322 πλείονα
2995 1269 3281 1343 τροπαίοις
3358 1264 3671 1338 ἀναδηθείς.
3748 1269 3839 1330 Ὧς

423 1363 555 1437 τόγε
610 1360 733 1434 ἐμοὶ
809 1362 904 1434 μὲν
962 1355 1411 1433 προσκολλᾶσθαι
1472 1357 1561 1411 καὶ
1620 1355 1832 1431 χείλεσι
1890 1361 2077 1429 τιμᾷν,
2135 1354 2300 1430 ἐτὲρῳ
2359 1352 2416 1410 δὲ
2472 1357 2914 1431 προσνενευκέναι
2971 1362 3039 1432 τῇ
3089 1355 3285 1430 καρδίᾳ
3344 1356 3572 1430 κακείνῳ
3643 1356 3843 1412 ἀπονέ-

428 1473 548 1527 μειν
606 1450 745 1505 ἀπαν
804 1450 866 1505 τὸ
925 1450 1234 1524 πρόθυμον,
1294 1447 1395 1502 οὐκ
1451 1443 1572 1501 οῖδα
1630 1444 1683 1501 εἷ’
1733 1466 1817 1508 τις
1875 1446 1966 1501 καὶ
2025 1444 2384 1515 ἐπαινέσεται,
2436 1443 2473 1515 ἤ
2525 1446 2676 1511 ὅπως
2723 1447 3151 1525 ζυγοστατηθείη
3205 1448 3350 1520 παρά
3424 1450 3563 1519 Θεῷ,
3632 1446 3692 1508 ὅς
3738 1448 3840 1510 τὰς

420 1543 510 1599 ἐπι
568 1543 800 1613 στήθους
852 1540 1063 1601 ἑννοίας
1113 1537 1342 1607 ἐξετάζει
1396 1534 1778 1613 φιλοδικαίως.
1857 1536 1932 1591 Τὸ
1996 1535 2100 1610 γὰρ
2160 1533 2238 1591 ἔτι
2298 1536 2504 1592 τούτων
2567 1542 2755 1612 χεῖρον
2810 1538 2900 1593 καὶ
2957 1535 3330 1592 ἀναιδέστατον
3389 1534 3515 1591 οὐδὲ
3574 1537 3835 1611 βαλεσθαι

421 1633 732 1707 προάγομαι
792 1629 925 1684 κατά
979 1632 1125 1698 νοῦν,
1192 1624 1435 1683 τουτέστι
1486 1626 1576 1681 τὸν
1636 1630 1734 1680 τοῦ
1792 1624 2044 1699 πολέμου
2098 1627 2285 1700 καιρὸν
2367 1625 2708 1699 αὐτομολίας
2786 1625 3105 1701 ἐργάζεσθαι
3182 1627 3318 1699 πρὸς
3402 1626 3495 1681 τὸν
3549 1626 3828 1699 τύραννον,

420 1720 512 1776 καὶ
544 1719 710 1776 κακὸν
741 1724 859 1783 τοῖς
889 1716 1166 1779 ἐκλεκτοῖς
1217 1714 1441 1790 ἀνδράσι
1490 1717 1806 1790 προκεῖσθαι
1858 1718 1946 1787 [Ρ.
1996 1718 2123 1786 246]
2169 1713 2518 1791 παράδειγμα
2567 1714 2646 1779 εἷς
2687 1717 2750 1771 τὸ
2798 1716 3263 1789 συμμεθίστασθαί
3316 1735 3464 1794 σφισι
3514 1714 3605 1770 καὶ
3656 1712 3829 1789 προσ-

420 1808 669 1881 απαίρειν
746 1807 821 1870 εἰς
895 1804 1099 1882 ἓτερον,
1179 1804 1209 1860 6'
1282 1805 1417 1860 κάπὶ
1491 1810 1610 1866 τοῖς
1685 1802 1958 1879 ἀγεληδὸν
2035 1803 2359 1877 πεταμένοις
2437 1810 2663 1875 πτηνοῖς
2738 1807 2952 1879 ὁρῶμεν
3024 1807 3332 1879 γινόμενονθ
3388 1806 3505 1866 ἑνὸς
3548 1806 3653 1879 γὰρ
3701 1805 3832 1860 ἀνα-

421 1898 655 1961 πτάντος
714 1897 806 1953 καὶ
862 1898 931 1952 τὰ
985 1894 1158 1951 λοιπά
1216 1891 1469 1969 ῥοιζηδὸν
1530 1892 1954 1965 συνανίπτανται,
2011 1893 2102 1947 καὶ
2190 1897 2259 1966 τῇ
2332 1899 2430 1949 τοῦ
2507 1894 2689 1968 ἐτέρου
2762 1893 3092 1950 καταπαύσει
3168 1892 3548 1949 συστέλλουσιν
3621 1896 3833 1950 ἅπαντα

420 1989 483 2043 τὸ
514 1988 733 2063 πτερόν.
768 2010 797 2039 ››
861 1988 1042 2043 Ταῦτα
1096 1982 1144 2039 δ’
1203 1982 1497 2061 ἐφθέγγετο
1550 1979 1619 2035 δι’
1691 1983 1926 2055 ὑποψίας
1985 1977 2129 2056 ἔχων
2187 1983 2277 2037 τὸν
2338 1983 2472 2056 πρὸς
2525 1984 2731 2058 πατρὸς
2785 1986 2928 2039 θεῖον
2981 1984 3074 2039 τὸν
3134 1978 3597 2059 σεϐαστοκράτορα
3652 1985 3833 2041 Ἰωάν-

420 2100 519 2150 νην
580 2080 655 2143 ὡς
710 2076 882 2132 πάλαι
936 2097 995 2131 τε
1039 2080 1121 2147 τῷ
1178 2077 1356 2149 Βρανᾷ
1427 2076 1631 2143 συνήθη
1692 2073 1781 2127 καὶ
1836 2070 2010 2146 ὀλίγῳ
2065 2073 2327 2148 πρότερον
2385 2080 2487 2143 τῆς
2544 2074 2869 2137 ἀποστασίας
2930 2076 3111 2150 γάμον
3193 2076 3315 2129 υἱοῦ
3386 2074 3618 2138 θύσαντα
3695 2075 3831 2147 μετὰ

425 2168 692 2243 θυγατρὸς
744 2170 841 2221 τοῦ
899 2167 1098 2239 Βρανᾶ.
1150 2165 1268 2239 Ἐφ’
1312 2165 1394 2225 οἷς
1453 2162 1541 2217 καὶ
1614 2160 1731 2216 ὅσοι
1781 2163 1875 2234 μὲν
1928 2161 2207 2238 ἐπλήρουν
2260 2164 2353 2217 τὸν
2397 2163 2520 2217 τότε
2572 2164 2842 2240 σύλλογον
2893 2163 2955 2219 οὐ
3011 2168 3220 2238 μικρῶς
3288 2161 3643 2233 ἐπαθήναντο,
3700 2164 3729 2219 6
3775 2159 3832 2218 δὲ

422 2252 876 2329 σεϐαστοκράτωρ
943 2252 1083 2308 ’ἁπαν
1143 2253 1338 2307 ἑαυτοῦ
1391 2254 1656 2324 μεθιστῶν
1715 2250 1955 2305 ὕποπτον
2012 2250 2518 2325 παλαμναιοτάταις
2578 2252 2732 2328 ἀραῖς
2788 2252 2915 2315 τοὺς
2985 2254 3103 2309 κατ’
3180 2253 3331 2308 οἶκον
3408 2253 3647 2315 ἅπαντας
3704 2253 3831 2309 ἑαυ-

416 2346 515 2401 τοῦ
561 2342 652 2397 καὶ
701 2340 885 2396 ἑαυτὸν
946 2337 1013 2409 δὴ
1062 2333 1496 2404 καθυπέὄαλλεν,
1547 2337 1597 2391 εἲ
1649 2336 1795 2399 ὅλως
1848 2336 2069 2413 ἐγνώκει
2118 2338 2251 2393 ποτε
2299 2342 2378 2409 τῷ
2427 2341 2600 2411 Βρανᾷ
2646 2342 3069 2412 προσθήσεσθαι·
3121 2337 3262 2413 μηδὲ
3310 2338 3413 2415 γὰρ
3462 2339 3639 2403 οὕτως
3687 2338 3826 2394 εἶναι

417 2437 516 2489 τοῦ
556 2434 897 2503 καθήκοντος
956 2428 1340 2500 ἀδαῆς,ἢτὸν
1398 2432 1521 2482 νοῦν
1579 2429 1681 2483 ὑπὸ
1741 2432 1842 2483 τοῦ
1896 2430 2084 2503 γήρως
2142 2427 2557 2484 ἀπολωλεκέναι
2613 2431 2704 2485 καὶ
2757 2429 3063 2499 ἠλιθιάζειν
3118 2431 3477 2497 παντάπασιν,
3532 2430 3607 2493 ὡς
3659 2427 3825 2485 ἀδελ-

421 2518 689 2599 φόπαιδος
752 2517 1018 2594 βασιλέως
1075 2519 1166 2573 καὶ
1215 2516 1322 2573 ἀπὸ
1381 2514 1541 2588 δόξης
1601 2517 1677 2578 εἰς
1756 2513 1908 2585 δόξαν
1984 2516 2386 2592 μετωρίσαντος
2457 2519 2548 2573 τὸν
2623 2518 2885 2595 ὕπαιθρον
2961 2520 3052 2574 καὶ
3122 2516 3329 2590 ἔπηλυν
3389 2518 3824 2589 ἀνταλλάξασθαι

416 2608 490 2666 δι’
537 2608 856 2689 ἀγχιστείαν
913 2605 1132 2679 παιδὸς,
1192 2606 1281 2661 καὶ
1332 2602 1390 2661 ὅν
1447 2606 1546 2660 οὐκ
1604 2604 1780 2676 ἴσησιν
1840 2601 2082 2680 ἀκριϐῶς
2141 2605 2185 2660 εἰ
2245 2604 2597 2677 διανοήσαιτο
2655 2605 2927 2679 δήπουθεν
2988 2608 3067 2663 ἐπ’
3124 2609 3272 2681 αὐτῷ
3328 2609 3418 2664 καὶ
3487 2607 3699 2684 δράσειε
3756 2608 3827 2665 τὰ

415 2701 781 2780 χρηστότερα.

484 2791 538 2846 8.
562 2792 704 2847 Cum
738 2790 958 2845 Branas
989 2804 1127 2845 suos
1182 2784 1396 2842 milites
1447 2785 1505 2841 in
1556 2784 1741 2841 aciem
1795 2786 2061 2842 eduxisse

2244 2786 2307 2849 θ’.
2369 2786 2520 2842 Ἐπεὶ
2585 2783 2631 2841 δ’
2710 2786 2892 2843 ἐκάλει
2978 2788 3167 2863 καιρὸς
3258 2787 3550 2861 παράταξιν
3635 2788 3726 2843 καὶ
3793 2789 3820 2842 6

417 2879 789 2936 nuntiaretur
818 2884 875 2935 et
896 2894 1103 2950 pugnae
1131 2883 1363 2948 tempus
1399 2890 1529 2930 esse
1567 2874 1880 2939 videretur,
1913 2890 2061 2945 aperi

2181 2874 2492 2946 ἀποστάτης
2524 2874 2795 2931 ἐκτάσσειν
2823 2876 2919 2941 τοὶς
2952 2876 3151 2939 οἰκείας
3182 2874 3440 2951 δυνάμεις
3495 2876 3823 2953 ἠγγέλλετο,

417 2969 495 3025 tis
525 2968 709 3040 portis
727 2967 942 3023 milites
965 2970 1306 3037 erumpunt,
1339 2969 1757 3037 protostratore
1803 2963 2061 3019 Manuale

2179 2962 2554 3020 ἀνακλίνονται
2614 2965 2708 3038 μὶν
2762 2966 2818 3019 αἱ
2865 2965 3033 3022 πύλαι
3088 2974 3190 3037 τῆς
3247 2967 3487 3034 πόλεως,
3539 2965 3827 3045 ἐκχέονται

416 3063 676 3131 Camyze,
710 3057 809 3129 qui
844 3056 1179 3127 imperatori
1215 3055 1285 3109 ad
1319 3053 1769 3109 conducendum
1821 3052 2069 3108 militem

420 3164 535 3204 non
553 3162 788 3218 parvam
808 3144 1117 3216 pecuniam
1135 3160 1199 3198 su
1211 3143 1744 3214 ppeditarat,cornu
1763 3140 2068 3196 sinistrum

420 3236 742 3292 obtinente.
775 3240 916 3288 Nam
973 3249 1105 3288 cum
1158 3233 1358 3287 Branas
1415 3230 1865 3286 inimicissimus
1916 3233 2071 3286 esset

420 3340 610 3395 neque
641 3339 803 3396 spem
833 3324 1046 3379 bonam
1105 3322 1342 3387 foveret,
1400 3320 1446 3376 si
1513 3321 1562 3375 is
1603 3320 1754 3376 508
1794 3320 2067 3387 vinceret,

419 3429 627 3470 omnes
656 3429 795 3469 suas
832 3428 972 3483 opes
1002 3409 1334 3482 imperatori
1362 3413 1669 3480 aperuerat
1689 3413 1744 3464 et
1779 3414 2062 3480 quantum

418 3501 590 3558 vellet
624 3501 758 3557 inde
789 3515 1022 3557 sumere
1054 3500 1417 3571 permiserat,
1479 3496 1688 3553 melius
1741 3512 1869 3553 esse
1900 3501 2063 3552 ratus

418 3593 656 3660 propter
684 3588 1090 3659 imperatorem
1124 3586 1371 3641 amicum
1405 3589 1461 3641 et
1502 3590 1816 3656 cognatum
1866 3590 2064 3640 omnia

418 3696 528 3736 sua
556 3679 709 3735 bona
735 3679 1049 3744 eﬂ‘undcre,
1080 3692 1284 3747 eaque,
1316 3675 1364 3731 si
1388 3675 1641 3741 vicisset,
1673 3692 1806 3731 cum
1846 3675 2062 3747 gratia-

418 3785 547 3825 rum
581 3770 808 3824 actione
839 3771 897 3823 et
927 3768 1123 3822 fenore
1154 3764 1430 3836 recipere,
1466 3781 1640 3836 quam
1670 3765 1824 3819 domi
1866 3780 2056 3819 asser-

415 3874 548 3914 vare
568 3855 1020 3923 hominialieno,
1054 3855 1267 3910 infesto
1317 3863 1370 3910 et
1413 3855 1661 3925 ingrato,
1694 3855 1753 3910 in
1794 3853 2052 3908 derisum

2182 3049 2240 3107 δὶ
2296 3054 2361 3109 τὰ
2410 3054 2801 3130 στρατεύματα.
2856 3056 2960 3112 Κάὶ
3009 3056 3072 3111 τὸ
3129 3056 3225 3127 μὶν
3281 3056 3564 3129 εὐώνυμον
3608 3057 3770 3133 κέρας
3800 3059 3829 3114 6

2178 3145 2619 3217 πρωτοστράτωρ
2691 3142 2878 3220 ἐπεῖχε
2963 3145 3226 3215 Μανουήλ
3284 3146 3312 3200 6
3373 3145 3693 3219 Καμύτζης,
3769 3147 3830 3210 ὅς

2179 3229 2279 3286 οὐκ
2353 3231 2507 3309 ἐλίγα
2578 3238 2659 3305 τῷ
2738 3234 2956 3308 βασιλεῖ
3028 3234 3341 3311 ἐχορήγησε
3403 3238 3670 3313 χρήματα
3733 3257 3832 3291 κα-

2175 3319 2243 3373 τά
2284 3321 2385 3388 την
2441 3321 2566 3375 τότε
2614 3322 2912 3395 γενομένην
2964 3327 3073 3378 τῶν
3140 3323 3382 3378 ὁπλιτῶν
3451 3321 3827 3400 ξενολόγησιν·

2176 3402 2426 3483 ἔχθιστος
2455 3410 2557 3485 γὰρ
2598 3408 2671 3464 ὢν
2725 3415 2804 3481 τῷ
2861 3414 3060 3485 Βρανᾷ,
3121 3409 3253 3486 μηδ’
3307 3411 3535 3488 ἀγαθαῖς
3594 3412 3823 3474 ἐννοίαις

2177 3494 2529 3571 βαλλόμενος
2602 3497 2755 3574 ε’ίπερ
2834 3499 2915 3571 εἶή
2998 3499 3441 3576 ἐπικρατέστερος
3495 3503 3523 3555 ὁ
3589 3503 3820 3576 Βρανᾶς,

2172 3593 2342 3642 πᾶσαν
2402 3588 2499 3656 τὴν
2560 3587 2748 3645 οὐσίαν
2810 3589 3032 3666 βασιλοῖ
3085 3590 3410 3665 ἀνεκάλυψε,
3473 3592 3564 3645 καὶ
3615 3592 3817 3663 ταύτης

2171 3679 2360 3734 ὁπόσιν
2422 3678 2682 3755 βούλοιτο
2753 3680 2916 3758 μέρος
2972 3681 3331 3738 ἐποδάσασθαι
3401 3685 3815 3760 συγκεχώρηκε,

2168 3773 2413 3843 κρεῖσσον
2491 3769 2698 3840 οἲηθεῖς
2777 3772 2910 3846 ὑπὲρ
2988 3770 3260 3847 βασιλέως
3336 3771 3645 3850 φιλοῦντος,
3724 3774 3818 3828 καὶ

2166 3863 2501 3933 προσγενοῦς
2569 3858 2969 3934 καταπροέσθαι
3034 3863 3100 3917 τὰ
3164 3861 3295 3917 ὄντα
3360 3862 3655 3935 ξύμπαντα,
3719 3860 3815 3915 καὶ

418 3964 589 4004 suum
624 3952 678 4004 et
709 3962 1005 4001 summam
1040 3943 1199 3999 illius
1229 3944 1724 3999 commoditatem.
1770 3943 1829 3997 ln
1863 3944 2061 3999 dextro

2178 3946 2351 4004 πλείω
2433 3948 2695 4011 νικῶντος
2801 3952 2917 4023 μετ’
3004 3950 3352 4026 εὐχαριστίας
3437 3948 3819 4024 ἀπολήψεσθαι

417 4052 597 4092 oornu
631 4036 758 4107 ipse
806 4034 1123 4105 imperator
1196 4032 1438 4100 curavit,
1497 4032 1554 4085 in
1592 4047 1705 4102 qun
1758 4030 2065 4087 lectissimi

418 4126 637 4197 quique
667 4130 724 4179 et
754 4124 934 4178 armis
965 4122 1226 4193 insignes
1250 4128 1433 4176 erant.
1468 4120 1720 4175 Medium
1763 4120 2065 4176 Conradus

416 4219 606 4269 Caesar
625 4228 761 4268 cum
787 4211 1183 4284 stipendiariis
1204 4210 1556 4265 Latinistam
1577 4209 1873 4280 equitibus
1889 4224 2065 4280 quam

419 4302 715 4376 peditibus
746 4301 1091 4373 occupabat.
1154 4297 1391 4355 Hostilia
1443 4297 1746 4368 phalangis
1803 4298 2062 4353 medium

417 4394 639 4450 Branas
670 4407 805 4448 cum
838 4390 1105 4461 cognatis
1139 4388 1260 4445 suis
1292 4393 1349 4445 et
1371 4389 1580 4444 amicis
1600 4396 1655 4444 et
1678 4388 2064 4445 nobilissimis

416 4480 853 4540 actortissimis
881 4480 1213 4553 quibusque
1274 4478 1632 4534 obtinebat:
1695 4478 1753 4532 in
1822 4487 2064 4548 utroque

412 4591 595 4633 cornu
631 4588 765 4630 cum
799 4570 899 4626 alii
931 4572 1130 4635 duces,
1158 4573 1279 4622 tum
1322 4567 1591 4638 Elpames
1638 4568 1853 4639 Scytha
1892 4585 2062 4623 cura-

416 4665 576 4721 bant.
608 4666 756 4720 Ante
787 4661 1088 4717 meridiem
1150 4657 1297 4714 Ievia
1347 4658 1672 4712 certamina
1720 4662 1777 4712 et
1806 4657 2062 4714 insultus

417 4757 487 4810 ab
520 4759 769 4825 utroque
797 4750 1049 4807 exercitu
1113 4748 1246 4804 facti
1303 4751 1458 4814 emit,
1488 4746 1855 4817 pedestribus
1881 4748 2063 4819 copiis

416 4859 673 4915 pugnam
707 4840 1047 4911 auspicatis.
1111 4838 1249 4893 Cum
1305 4852 1439 4893 vero
1499 4834 1619 4892 sole
1647 4837 1767 4905 iam
1804 4838 2060 4892 medium

415 4930 545 4986 casti
574 4930 769 4984 lumen
795 4933 1113 4999 occupante
1143 4928 1380 4997 signum
1414 4926 1572 4982 50-!
1605 4941 1812 4995 pugnae
1859 4926 2059 4980 datum

416 5024 589 5080 esset,
622 5017 921 5071 Conradus
952 5016 1178 5088 primus
1210 5033 1342 5071 cum
1402 5014 1547 5081 suis,
1589 5031 1839 5085 quorum
1897 5030 2062 5071 arma

2176 4039 2415 4113 ὕστερον,
2449 4034 2486 4106 ἤ
2519 4037 2586 4093 τὰ
2630 4038 2779 4093 οἲκοι
2835 4038 3140 4116 ἀλλοτρίῳ,
3195 4042 3288 4096 καὶ
3342 4041 3522 4113 τούτῳ
3568 4039 3822 4113 ἀσπόνδῳ

2171 4148 2230 4184 τε
2284 4127 2373 4183 καὶ
2431 4130 2737 4204 ἀγνώμονι,
2795 4132 3072 4205 ταμιεύειν
3120 4132 3196 4194 είς
3252 4131 3565 4208 κατάγελων
3622 4132 3825 4189 οῗκεῖον

2172 4216 2421 4272 κάκείνου
2483 4218 2758 4293 ῥᾳστώνην
2823 4219 3076 4299 ἄφθονον.
3172 4223 3244 4279 Τὸ
3310 4218 3367 4275 δὲ
3433 4217 3602 4291 δεξιὸν
3661 4222 3822 4285 αὐτὸς

2175 4304 2377 4362 διεῖπεν
2454 4306 2482 4360 6
2560 4306 2819 4382 βασιλεὺς
2892 4308 3186 4381 Ἰσαάκιος,
3263 4309 3315 4365 ἐν
3391 4312 3437 4382 ᾧ
3513 4310 3821 4368 συνείλεκτο

2176 4394 2312 4451 ἅπαν
2372 4395 2425 4451 εἶ’
2480 4417 2534 4450 τι
2589 4398 2876 4471 κράτιστον
2933 4399 3024 4453 καὶ
3081 4397 3278 4460 ὃπλοις
3336 4400 3817 4473 ἀριπρεπέστατον,

2173 4488 2236 4542 τὸ
2267 4484 2323 4541 δὲ
2358 4486 2517 4559 μέσον
2556 4488 2584 4542 6
2615 4486 2897 4564 Κορῥάδος
2928 4492 3135 4563 Καῖσαρ
3171 4490 3305 4562 μετά
3343 4494 3450 4544 τῶν
3502 4490 3590 4545 ἐπὶ
3643 4493 3819 4563 μισθῷ

2173 4575 2563 4653 ἀγηγερμένων
2642 4579 2887 4633 Λατίνων
2946 4578 3156 4633 ἱππέων
3205 4600 3263 4634 τε
3309 4580 3399 4634 καὶ
3455 4584 3654 4649 πεζῶν.
3709 4581 3819 4637 Τοῦ

2173 4662 2217 4719 δ’
2268 4665 2686 4739 ἀντιταξαμένου
2741 4665 3106 4742 στρατοπέδου
3180 4670 3243 4723 τὸ
3322 4669 3416 4741 μὲν
3498 4669 3662 4742 μέσον
3719 4674 3820 4736 τῆς

2172 4752 2475 4831 φάλαγγος,
2509 4752 2633 4810 ἔνθα
2688 4755 2777 4811 καὶ
2826 4757 2888 4812 τὸ
2940 4758 3190 4832 συγγενὶς
3236 4757 3326 4813 καὶ
3385 4756 3570 4835 φίλιον
3621 4758 3817 4827 ἢλιστο

2169 4848 2247 4915 τῷ
2282 4848 2453 4917 Βρανᾷ
2482 4845 2572 4898 καὶ
2634 4845 2683 4899 εἲ
2728 4865 2782 4899 τι
2838 4851 2945 4901 τῶν
3004 4845 3592 4917 συνακολουθησάντων
3634 4846 3819 4919 ἐκείνῳ

2172 4932 2442 5005 ἐπίσημον
2516 4936 2594 5006 τῷ
2669 4935 2813 5009 γένει
2888 4936 2980 4990 καὶ
3056 4935 3329 5008 εὐθαρσὲς,
3406 4937 3567 4998 αὐτὸς
3630 4935 3819 5011 ἐπεῖχε

2172 5025 2399 5097 Βιτανᾶς,
2429 5025 2495 5078 τᾶ
2543 5022 2591 5079 δ’
2649 5025 2977 5100 ἑκατέρωθεν
3037 5028 3299 5099 ἱστάμενα
3354 5035 3602 5103 τάγματα
3652 5026 3814 5082 ἄλλοι

415 5122 773 5181 purpureum
802 5107 1033 5176 insigne
1064 5106 1378 5173 habebant,
1411 5105 1692 5175 impetum
1728 5105 1785 5159 in
1830 5103 2054 5160 hostem

2172 5134 2222 5167 τε
2264 5114 2593 5189 στρατηγίας
2648 5112 2938 5189 εἰδήμονες
2990 5117 3079 5170 καὶ
3143 5119 3171 5171 ὁ
3226 5116 3434 5187 Σκύθης
3471 5116 3811 5187 Ἑλπούμης.

414 5197 571 5259 facit,
600 5213 664 5250 ac
696 5195 824 5249 sine
855 5194 1053 5265 clypeo
1106 5199 1230 5248 tum
1295 5196 1613 5264 pugnabat,
1675 5195 1773 5249 sed
1834 5197 2055 5250 textum

409 5286 630 5340 lineam
672 5287 901 5337 austero
934 5288 987 5336 et
1021 5281 1190 5335 sulito
1223 5282 1354 5335 vino
1394 5283 1568 5351 prust
1614 5288 1967 5338 maceratum
2001 5289 2059 5338 et

412 5371 667 5443 amplius
725 5370 916 5424 decies
972 5369 1148 5424 octies
1202 5371 1611 5439 complicatum
1672 5387 1771 5441 pro
1821 5371 2056 5429 thorace

408 5464 653 5519 indutus
683 5463 826 5525 erat,
858 5460 937 5513 ita
995 5458 1228 5513 ﬁrmum
1263 5464 1326 5514 ut
1375 5458 1601 5514 nullum
1653 5460 1832 5515 telum
1885 5479 2051 5531 pene-

2172 5206 2349 5273 Μήπω
2429 5206 2525 5277 μὲν
2604 5206 2697 5260 οὗν
2776 5205 3046 5279 μεσούσης
3121 5206 3329 5281 ἡμέρας
3406 5202 3809 5281 ἀκροϐολισμοὶ

2168 5293 2494 5368 ἑκατέρωθεν
2546 5295 2636 5349 καὶ
2694 5293 3035 5368 ἐμπηδήσεις
3083 5298 3201 5351 κατ’
3269 5294 3538 5366 ἀλλήλων
3581 5296 3812 5369 ἐγίνοντο

2164 5384 2290 5454 παρ’
2349 5382 2668 5461 ἀμφοτέρων
2726 5388 2833 5438 τῶν
2919 5384 3355 5459 στρατευμάτων,
3437 5384 3527 5439 καὶ
3603 5379 3814 5452 πεζικαί

2164 5467 2614 5547 προϐεϐλημέναι
2693 5470 2948 5547 δυνάμεις
3026 5473 3213 5548 μάχης
3314 5473 3365 5544 ἐξ
3462 5474 3812 5533 ἀντιστάσεως

407 5548 928 5617 traret.Utriusque
957 5546 1242 5602 exercitus
1272 5546 1574 5603 intervallo
1633 5549 1692 5602 in
1736 5558 2051 5621 angustum

2172 5560 2421 5629 ἥπτοντο,
2486 5563 2636 5619 Ἐπεὶ
2701 5560 2747 5617 δ’
2892 5546 3053 5632 ἣλιος
3109 5546 3245 5619 κατὰ
3302 5564 3545 5640 κορυφήν
3595 5556 3809 5640 ἔφλεγε,

409 5644 703 5702 contracto
744 5652 949 5694 rursus
1006 5639 1294 5693 consistit.
1351 5640 1666 5707 Postquam
1718 5639 1940 5709 pedites
1993 5654 2054 5701 ut

2172 5651 2283 5704 τότε
2322 5648 2388 5722 δὴ
2419 5651 2486 5705 τὰ
2517 5656 2723 5726 σημεῖα
2766 5658 2867 5722 τῆς
2927 5652 3115 5728 μάχης
3171 5650 3408 5730 α’ίρεται,
3455 5639 3543 5707 καὶ
3593 5639 3811 5731 πρῶτος
