4126 6294
259 387 383 448 ’149

1418 388 1524 447 DE
1565 384 1877 449 ISAACIO
1922 381 2244 445 ANGELO
2291 383 2437 446 LIB.
2483 383 2535 445 Ι.

3569 382 3693 441 750

268 523 299 576 ὁ
363 518 654 598 Κορῥάδος
722 518 1060 594 διακινεῖται,
1146 515 1532 600 φοινικοϐαυὶς
1615 521 1748 592 μετά
1830 522 1936 573 τῶν

2056 536 2307 592 pugnam
2355 520 2558 576 inituri
2624 518 2854 576 lanceas
2913 519 3098 576 instar
3154 518 3332 576 turris
3391 525 3701 576 erexerunt

274 610 428 683 αὐτῷ
491 612 754 667 συνόντων
813 608 1058 667 Λατίνων
1103 610 1166 666 τὸ
1195 614 1304 665 τῶν
1346 608 1533 665 ὅπλων
1563 607 1713 683 ἔχων
1742 605 1931 676 ἐπίσης

280 715 407 767 μον.
442 694 616 757 Αὐτὸς
650 695 834 767 μέντοι
889 691 1012 749 ἄνευ
1069 697 1270 770 φυρεοῦ
1321 695 1619 762 τηνικαῦτα
1674 688 1933 764 διηγωνίο

277 789 422 853 ζετο,
454 782 516 839 ἐκ
553 781 609 839 δὲ
638 784 792 839 λίνου
817 781 1191 856 πεποιημένον
1224 782 1446 860 ὕφασμα
1486 780 1620 853 οἷ’νῳ
1677 778 1935 851 αὐστηρῴ

278 874 477 935 ἱκανῶς
535 872 823 946 ἡλισμένῳ
890 867 1192 947 διάϐροχον
1218 869 1498 930 πολλάκις
1565 870 1932 947 περιπτυχθὶν

279 960 432 1033 δίκην
491 963 739 1037 θώρακος
795 959 1057 1017 ἐνεδύετο.
1112 959 1486 1041 ἐς,τοσοῦτον
1528 957 1578 1035 δ’
1639 958 1707 1027 ἦν
1784 957 1934 1012 ἄντι-

274 1052 436 1112 τυπὲς
492 1049 623 1105 ἁλσὶ
706 1050 796 1105 καὶ
857 1047 987 1122 ο’ίνῳ
1039 1049 1383 1122 συμπιληθὲν
1439 1048 1514 1110 ὡς
1581 1047 1672 1103 καὶ
1739 1046 1934 1122 βέλους

276 1140 412 1195 εἶναι
509 1140 710 1203 παντὸς
792 1140 1211 1214 στεγανώτερον’
1302 1139 1643 1213 ἠριθμοῦντο
1716 1134 1762 1190 δ’
1862 1135 1939 1199 εἷς

283 1224 658 1283 ὀκτωκαίδεκα
689 1226 778 1281 καὶ
821 1228 971 1300 [247]
1010 1224 1188 1281 πλείω
1227 1226 1294 1281 τὰ
1322 1230 1420 1281 τοῦ
1453 1225 1769 1303 ὑφάσματος
1799 1244 1937 1295 συμ-

279 1317 592 1393 πτύγματα.
655 1318 897 1387 Ποιήσας
953 1314 1011 1371 δὶ
1064 1316 1128 1371 τὸ
1189 1316 1520 1394 μεταίχμιον
1602 1314 1940 1390 βραχύτερον

275 1408 431 1471 αὖθις
464 1405 705 1462 ἵσταται.
764 1407 861 1460 Καὶ
919 1405 1037 1462 ἐπεὶ
1093 1407 1145 1461 o't
1212 1407 1307 1479 μὲν
1365 1405 1523 1474 πεζοὶ
1579 1407 1677 1469 τὰς
1723 1403 1939 1479 λόγχας

272 1496 351 1558 ὡς
407 1496 547 1570 πρὸς
600 1493 930 1569 συμπλοκὴν
982 1493 1282 1566 ἀνέστησαν
1334 1492 1615 1571 πυργηδὸν
1693 1513 1940 1567 παραταο

272 1584 494 1658 ξείμενοι
523 1584 707 1658 (ἀσπὶς
738 1585 842 1659 γὰρ
874 1580 1080 1638 ἀσπίδα
1108 1584 1198 1639 καὶ
1259 1584 1421 1658 κόρυς
1472 1583 1676 1656 κόρυθα
1731 1580 1940 1657 ἤρειδε,

279 1674 374 1729 καὶ
419 1675 473 1728 o't
505 1675 686 1750 θυρεοὶ
720 1672 999 1744 ἀλλήλοις
1041 1673 1351 1747 συνέμυον),
1407 1673 1459 1727 οἱ
1527 1670 1584 1727 δέ
1637 1672 1824 1734 ἱππεῖς
1877 1673 1943 1727 τὰ

281 1760 487 1837 δόρατα
543 1763 921 1838 ἧγκωνίσαντο
979 1763 1070 1818 καὶ
1125 1763 1192 1818 τὰ
1217 1766 1326 1818 τῶν
1390 1758 1576 1817 ποδῶν
1606 1762 1799 1833 κέντρα
1826 1765 1944 1824 τοῖς

279 1849 479 1915 ἵπποις
517 1848 815 1927 ἐνέπειραν,
847 1849 957 1922 ἤδη
992 1848 1049 1906 δὲ
1077 1851 1167 1906 καὶ
1205 1851 1269 1905 τὸ
1305 1853 1403 1906 τοῦ
1438 1847 1709 1926 βασιλέως
1763 1851 1943 1924 τάγμα

279 1940 678 2007 ἐππκολούθει,
709 1937 836 1995 οὐδὲ
863 1942 961 2009 τὴν
990 1939 1217 2017 πρώτην
1248 1936 1528 2013 ἔμπτωσιν
1554 1943 1652 1995 τοῦ
1682 1940 1817 2014 ζπερὶ
1845 1940 1940 1995 τὸν

278 2027 564 2108 Κοῤῥεὶδυν
642 2027 1032 2092 ἀπλιτεύοντος
1106 2033 1329 2099 πεζικοῦ
1392 2027 1523 2083 οὐδὲ
1591 2030 1696 2099 τὴν
1754 2029 1935 2104 ῥόθιον

280 2122 581 2197 ἐπαγωγὴν
613 2123 722 2175 τῶν
753 2120 961 2175 ἱππέων
1004 2119 1056 2174 οἱ
1116 2121 1243 2194 περὶ
1295 2120 1390 2176 τὸν
1449 2123 1654 2193 Βρανᾶν
1711 2119 1941 2195 ὑπενεγ-

277 2213 492 2277 κόντες,
546 2209 615 2265 τὰ
679 2214 826 2264 νῶτα
913 2204 1313 2282 μεταϐαλόντες
1364 2205 1779 2264 διασκίδνανται.
1847 2206 1938 2263 ἐπὶ

280 2298 340 2356 δὲ
367 2300 589 2363 τούτοις
617 2298 709 2353 καὶ
738 2298 806 2353 τὰ
846 2297 1020 2353 λοιπὰ
1058 2295 1452 2373 διαθροηθέντα
1508 2298 1761 2372 τάγματα
1817 2297 1938 2373 τρὲ-

280 2410 476 2445 πονται
526 2388 662 2464 πρὸς
723 2389 920 2464 φυγήν.
983 2388 1159 2451 Αὐτὸς
1207 2384 1254 2442 δ’
1319 2390 1347 2443 ὁ
1430 2393 1633 2462 Βρανᾶς
1706 2386 1940 2462 γεγωνὸν

279 2478 561 2554 κεκραγὼς
593 2475 686 2530 καὶ
718 2473 992 2549 διάτορον,
1025 2500 1053 2526 ‹‹
1108 2482 1308 2546 Στῆσε,
1358 2477 1656 2548 Ῥωμαῖοι*
1716 2473 1942 2535 πλείους

281 2568 388 2643 γὰρ
418 2568 552 2641 πρὸς
587 2564 883 2627 ἐλάττονας
921 2560 1300 2644 μαχεσόμεθα,
1329 2566 1419 2620 καὶ
1486 2568 1702 2638 πρῶτος
1765 2559 1943 2638 ἔγωγε

282 2657 419 2712 κατᾶ
469 2661 577 2711 τῶν
637 2655 883 2733 ἐνωπίων
946 2649 1176 2729 ἐμϐαλῶ
1232 2654 1535 2730 πολεμίων,
1590 2676 1617 2708 ιο
1681 2655 1769 2709 καὶ
1829 2650 1943 2726 ἅμα

285 2743 429 2817 δρῶν
464 2744 493 2797 ὅ
526 2743 792 2812 πετίθετο,
825 2742 1228 2821 παλίνστροφον
1301 2745 1395 2818 μὶν
1447 2740 1637 2799 ούδὲνα
1683 2743 1940 2813 ποιήσειν

291 2831 504 2907 ἴσχυσε,
530 2834 670 2888 κατὰ
697 2832 755 2887 δὲ
792 2838 892 2887 τοῦ
947 2831 1234 2910 Κοῤῥάδου
1300 2830 1424 2909 ἄτερ
1471 2833 1702 2908 κόρυθος
1760 2850 1945 2906 μαχο-

304 2922 469 2995 μένου
498 2922 561 2975 τὸ
592 2918 722 2995 δόρυ
752 2920 948 2992 ἴθυνεν,
992 2922 1058 2977 ού
1115 2922 1345 2997 καιρίως
1413 2921 1459 2977 δ’
1517 2916 1732 2992 ἔϐαλεν,
1798 2918 1946 2975 ἀλλὰ

296 3011 361 3064 τὸ
440 3010 535 3083 μὶν
609 3010 698 3065 τὸν
736 3016 831 3065 τοῦ
907 3012 1176 3087 Καίσαρος
1217 3012 1370 3085 ὦμον
1442 3009 1736 3087 παραξέσαν
1787 3009 1945 3065 ἅλιον

291 3102 404 3154 τῶν
449 3097 648 3153 ἐκείνου
705 3104 910 3176 χειρῶν
968 3099 1210 3177 ἐξερρύη,
1265 3102 1293 3155 ὁ
1360 3098 1407 3155 δ’
1463 3100 1798 3177 ἀμφοτέραις
1849 3102 1947 3155 τοῦ

2045 609 2200 679 (nam
2235 608 2459 680 clipeus
2502 607 2776 680 clipeum,
2834 608 2996 681 galea
3050 608 3280 682 galeam
3341 610 3605 681 urgebat,
3640 614 3699 666 et

2044 702 2214 753 scuta
2251 697 2704 770 collidebantur)
2727 703 2785 754 et
2815 699 3041 770 equites
3070 698 3320 754 subditis
3363 699 3697 755 calcaribus

2043 802 2224 858 equos
2249 787 2484 841 directis
2512 786 2698 842 hastis
2722 788 3503 860 concitarunt,imperatoria
3519 788 3695 844 etiam

2044 875 2272 946 legione
2293 876 2645 945 subsecuta;
2667 876 2865 931 Branm
2887 876 3199 945 nilites,ne
3236 877 3424 948 primo
3459 878 3698 948 quidem

2044 967 2270 1036 impetu
2297 966 2598 1020 Corradini
2630 966 2919 1021 exercitus
2946 966 3212 1035 tolerato,
3236 966 3495 1023 obversis
3519 967 3702 1039 tergis

2045 1053 2435 1124 dissipantur,
2463 1053 2673 1109 deinde
2693 1062 2911 1111 caeteras
2926 1056 3102 1111 etiam
3128 1056 3387 1126 legiones
3409 1057 3467 1111 in
3501 1060 3699 1128 iugem

2043 1147 2371 1211 vertuntur,
2416 1145 2633 1199 Branas
2692 1161 2825 1201 vero
2885 1151 3105 1217 quanta
3154 1161 3290 1201 voce
3331 1150 3553 1217 poterat
3579 1145 3700 1202 cla-

2046 1231 2265 1287 mitans
2293 1249 2305 1286 :
2332 1254 2360 1282 ‹‹
2380 1232 2560 1300 State,
2596 1234 2839 1289 Romani
2869 1249 2882 1288 :
2909 1233 3106 1305 plures
3128 1233 3286 1289 enim
3312 1250 3443 1289 cum
3465 1234 3701 1305 paucio-

2049 1321 2213 1376 ribus
2235 1320 2649 1393 pugnabimus,
2682 1329 2740 1378 et
2763 1324 2988 1394 primus
3011 1339 3115 1394 ego
3140 1324 3365 1379 hastam
3390 1322 3448 1378 in
3472 1324 3699 1379 hostem

2046 1410 2311 1477 vibrabo,
2346 1433 2373 1461 »
2408 1411 2586 1483 idque
2642 1413 2798 1483 quod
2859 1412 3003 1468 alios
3049 1414 3326 1468 monebat
3356 1428 3702 1484 exsequens,

2048 1498 2331 1555 neminem
2359 1516 2501 1556 sane
2531 1517 2563 1556 a
2595 1502 2727 1570 fuga
2787 1501 3097 1569 revocavit,
3155 1502 3253 1557 sed
3313 1501 3424 1558 telo
3460 1502 3517 1557 in
3554 1502 3703 1558 Con-

2050 1590 2257 1643 radum
2293 1590 2418 1644 sine
2449 1588 2614 1660 galea
2645 1599 3003 1661 pugnantem
3037 1589 3256 1645 directo
3279 1607 3392 1644 non
3430 1590 3704 1645 letbalem

2047 1677 2227 1734 ictum
2263 1677 2343 1732 illi
2380 1677 2602 1746 intulit,
2640 1679 2739 1733 sed
2800 1678 3038 1733 Caesaris
3077 1679 3224 1734 505
3286 1679 3529 1734 humero
3574 1695 3705 1751 per-

2049 1766 2250 1822 stricto
2281 1767 2459 1822 telum
2483 1782 2514 1822 e
2548 1766 2819 1822 manibus
2843 1767 3143 1821 amisit.At
3174 1766 3269 1822 ille
3293 1768 3707 1822 bastamsuam

2050 1858 2297 1925 utraque
2326 1872 2501 1911 manu
2562 1855 2911 1927 prehensam
2971 1856 3049 1910 ita
3101 1855 3157 1911 in
3220 1857 3422 1912 Brants
3463 1854 3705 1912 maxilla

2050 1943 2273 2015 deligit,
2304 1953 2365 1999 ut
2397 1944 2599 1999 oborta
2633 1944 2916 2015 vertigine
2946 1960 3095 2015 equo
3156 1944 3620 2016 praecipitaretur
3645 1951 3704 2002 et

2049 2031 2466 2088 asatellilibus
2521 2032 2765 2088 Caesaris
2823 2033 3252 2089 confoderetur.
3313 2034 3510 2102 Aiunt,
3563 2050 3698 2090 cum

2051 2120 2240 2192 primo
2270 2120 2510 2177 vulnere
2538 2126 2774 2192 accepto
2817 2125 3060 2177 mortem
3089 2123 3517 2193 deprecaretur,
3549 2123 3700 2178 Con-

2053 2210 2260 2264 radum
2293 2225 2426 2265 eum
2458 2209 2609 2265 bono
2643 2210 2840 2265 animo
2871 2225 2996 2266 esse
3018 2210 3291 2282 jussisse,
3320 2227 3506 2282 neque
3540 2212 3697 2267 enim

2052 2297 2374 2369 quidquam
2407 2300 2645 2370 gravius
2693 2315 2872 2370 quam
2925 2301 3133 2372 capitis
3185 2302 3613 2356 truncationem
3648 2301 3702 2358 ei

2054 2388 2432 2443 metuendum
2464 2404 2594 2444 esse
2620 2403 2635 2443 :
2658 2387 2837 2460 idque
2853 2389 3051 2444 statim
3077 2389 3496 2445 accidit.Inilla
3518 2391 3703 2446 effusa

2051 2476 2190 2547 fuga
2223 2477 2552 2548 proximum
2588 2494 2947 2549 quemquam
2981 2478 3491 2549 quilibetoccidit;
3526 2478 3704 2550 idque

2054 2566 2339 2637 principio
2367 2566 2513 2637 fugae
2545 2568 2826 2621 duntaxat
2858 2568 3078 2621 factum
3129 2583 3241 2623 non
3286 2566 3525 2621 ulterius
3560 2584 3696 2639 pro-

2053 2654 2401 2711 cessit.Nam
2428 2662 2485 2712 et
2506 2655 2753 2712 Romani
2774 2660 3019 2728 cognato
3042 2657 3312 2728 sanguini
3338 2657 3650 2726 parcebant
3684 2674 3699 2726 ;

2055 2750 2112 2801 et
2143 2744 2184 2801 ii
2216 2762 2364 2817 quos
2397 2747 2921 2817 persequebantur,
2955 2746 3172 2818 quippe
3215 2763 3307 2801 res
3338 2744 3545 2817 capitis
3570 2760 3704 2818 age-

2057 2836 2195 2891 batu
2208 2852 2326 2905 r,su
2340 2850 2496 2889 mma
2521 2835 2890 2890 festinatione
2907 2834 3516 2906 aufugiebant.Castra
3537 2852 3570 2890 a
3588 2834 3708 2890 vic-

2058 2923 2285 2979 toribus
2337 2923 2565 2995 direpta
2623 2927 2783 2992 sunt,
2833 2939 2943 2980 nec
2982 2923 3267 2979 militibus
3294 2925 3577 2980 duntaxat
3605 2923 3708 2979 sed

2057 3013 2294 3068 urbana
2327 3011 2500 3068 etiam
2532 3012 2887 3085 multitudini
2950 3014 3151 3085 praeda:
3208 3013 3461 3069 fuerunt.
3504 3014 3566 3068 In
3603 3013 3707 3070 hac

2057 3118 2255 3174 pugna
2286 3102 2703 3157 Constantinus
2762 3101 3062 3158 Slethatus
3113 3103 3406 3171 occubuit,
3441 3102 3608 3159 hasta
3647 3102 3707 3158 in

293 3187 503 3243 οἰκείου
543 3188 739 3258 ξυστοῦ
807 3185 1113 3263 λαϐόμενος
1179 3190 1488 3266 ἐμπήγνυσι
1534 3195 1698 3246 τοῦτο
1728 3193 1796 3264 τῇ
1836 3210 1942 3245 πα-

2060 3191 2301 3263 inguine
2337 3190 2700 3258 vulneratus,
2733 3190 2820 3245 vir
2848 3191 3038 3247 bonus
3069 3196 3127 3247 et
3158 3190 3387 3260 suavis;
3439 3191 3541 3263 qui
3574 3208 3707 3247 cum

293 3282 408 3352 ρειᾷ
453 3281 551 3333 τοῦ
610 3284 813 3353 Βρανᾶ,
865 3280 954 3333 καὶ
1025 3276 1342 3347 σκοτοδίνης
1372 3278 1575 3335 ἐκεῖνον
1611 3276 1943 3353 ἐμπίπλησι,

289 3367 381 3421 καὶ
438 3366 866 3441 κατακρημνίζει
926 3368 1023 3422 τοῦ
1085 3364 1263 3425 ’ίππου
1322 3370 1551 3444 Βρανᾶν.
1622 3369 1691 3423 Τὸ
1757 3365 1806 3422 δ’
1844 3368 1949 3423 ἀπὸ

295 3452 455 3511 τοῦδε
484 3456 836 3530 περιστάντες
871 3456 1035 3512 αὐτὸν
1069 3458 1121 3511 οἱ
1170 3453 1464 3537 δορυφόροι
1523 3462 1622 3513 τοῦ
1678 3457 1948 3530 Καίσαρος

298 3541 807 3619 καταδορατίζουσι.
867 3544 1007 3599 Φασὶ
1067 3543 1123 3600 δὲ
1180 3547 1256 3609 ὡς
1313 3545 1366 3600 ἐν
1422 3550 1502 3618 τῷ
1554 3545 1788 3621 πρώτως
1847 3544 1950 3599 ὑπὸ

299 3631 586 3710 Κοῤῥάδου
627 3641 908 3708 τρωθῆναι
960 3638 1059 3705 τήν
1119 3635 1382 3704 τελευτὴν
1446 3636 1708 3704 πτοῆθεὶς
1764 3635 1954 3704 ἱκετη-

301 3723 453 3797 ρίασε
508 3723 717 3797 Βρανὰς
773 3727 872 3778 τοῦ
932 3727 1008 3797 μή
1065 3726 1334 3796 τεθνάναι,
1392 3726 1483 3779 τὸν
1539 3722 1597 3780 δὶ
1672 3720 1952 3800 Κοῤῥάδον

297 3809 486 3885 ἐκείνῳ
545 3813 623 3887 μὴ
683 3818 886 3888 χρῆναι
947 3809 1175 3868 δεδιέναι
1235 3813 1648 3889 ἀποκρίνασθαι·
1685 3809 1810 3867 οὐδέ
1848 3810 1951 3886 γὰρ

297 3897 458 3971 ἆῆδές
488 3922 541 3956 τι
571 3900 815 3957 πείσεται
839 3898 1024 3977 ἕτερον
1054 3903 1089 3972 ἢ
1133 3903 1233 3970 τήν
1287 3900 1531 3977 κεφαλὴν
1595 3902 1757 3976 μόνον
1811 3900 1952 3955 duo-

297 3990 622 4061 κοπήσεται.
675 3991 736 4048 ⁸0
787 3991 876 4045 καὶ
928 3997 1273 4067 παραχρῆμα
1329 3991 1614 4055 πέπονθεν.
1676 3990 1954 4062 Ἀκόσμου

298 4075 357 4131 δὲ
412 4086 514 4148 τῆς
563 4086 745 4158 φυγῆς
803 4078 1097 4154 γενομένης
1151 4078 1380 4144 ἕκαστος
1443 4081 1536 4136 τὸν
1596 4080 1711 4134 καθ’
1793 4079 1951 4133 αὐτὸν

301 4162 519 4223 διώκων
576 4168 785 4244 ἀνῄρει.
842 4167 1020 4226 Τοῦτο
1071 4167 1129 4224 δὲ
1185 4168 1502 4244 ἀρχομένης
1578 4163 1786 4240 συμϐὰν
1855 4169 1954 4235 τῆς

303 4262 512 4331 τροπῆς
578 4256 640 4312 οὐ
726 4258 1030 4333 περαιτέρω
1111 4253 1444 4332 προϐεϐηκεο
1531 4258 1620 4312 καὶ
1687 4257 1953 4328 Ῥωμαῖοι

298 4346 400 4420 γὰρ
450 4348 747 4422 ὁμογενοῦς
809 4345 1088 4423 ἐφείδοντο
1162 4346 1416 4421 αἳματος,
1494 4347 1584 4401 καὶ
1652 4346 1809 4401 αὐτοὶ
1901 4341 1957 4399 δὲ

303 4436 353 4488 οἱ
412 4432 741 4509 διωκόμενοι
810 4436 903 4491 τὸν
994 4438 1118 4510 περὶ
1220 4441 1408 4512 ψυχῆς
1482 4435 1772 4511 τρέχοντες
1839 4433 1957 4507 μεθ’

305 4523 516 4593 ἀπάσης
586 4526 768 4598 ὁρμῆς
850 4522 1264 4600 ἀπεδίδρασκον.
1318 4522 1672 4582 Ἐσκύλευται
1751 4524 1843 4578 οὗν
1928 4523 1958 4577 ὀ

302 4614 474 4687 χάραξ
508 4611 609 4668 ὑπὸ
646 4618 754 4669 τῶν
785 4614 1088 4681 νικώντων,
1135 4617 1223 4670 καὶ
1289 4614 1366 4678 εἰς
1426 4611 1736 4689 διαρπαγήν
1777 4610 1954 4667 ἐκκεί.

306 4724 465 4775 μενος
495 4704 562 4773 ἧν
591 4703 654 4759 ού
690 4704 854 4776 μόνον
894 4710 1013 4768 τοῖς
1045 4708 1141 4759 τοῦ
1211 4703 1481 4780 βασιλέως
1536 4702 1953 4778 στρατεύμασιν,

301 4790 448 4847 ἀλλᾶ
475 4794 712 4853 καὶτοῖς
772 4791 1121 4869 ἐκχεομένοις
1176 4791 1626 4857 ἆσστυπολίταις.
1691 4794 1954 4864 Ἀναιρεῖ-

299 4901 387 4935 ται
448 4878 506 4936 δὲ
561 4882 700 4936 κατὰ
734 4886 929 4938 τοῦτον
986 4883 1076 4939 ιὸν
1110 4883 1357 4959 πόλεμον
1417 4881 1508 4939 καί
1540 4885 1956 4944 Κωνσταντῖνος

306 4969 335 5023 ὁ
370 4968 676 5038 Στηθάτος,
708 4971 828 5043 περὶ
861 4972 954 5027 τὸν
987 4967 1239 5049 βουϐῶνα
1280 4971 1463 5049 λόγχῃ
1511 4973 1762 5048 τρωθεὶς,
1820 4969 1957 5046 ἀνῂρ

307 5058 516 5132 ἀγαθὸς
545 5058 635 5113 καὶ
670 5056 948 5136 μείλιχος,
1005 5063 1064 5123 ὃς
1116 5060 1316 5117 διέπων
1372 5064 1474 5131 τήν
1533 5061 1801 5137 ἐπαρχιαν
1856 5063 1954 5129 τῆς

2062 3280 2332 3337 Anchiali
2360 3282 2668 3353 provincias
2700 3286 2996 3353 prmesset,
3047 3282 3297 3338 Branam
3347 3299 3460 3337 non
3503 3286 3714 3354 sponte

2063 3375 2327 3438 secutus,
2359 3387 2464 3426 nec
2493 3371 2628 3443 ipsi,
2665 3375 2728 3426 ut
2768 3373 3237 3443 exspectabatur,
3296 3371 3712 3437 commodavit,

2064 3477 2169 3516 nec
2198 3460 2584 3534 semetipsum
2617 3463 3001 3532 conservavit,
3053 3462 3372 3533 quominus
3427 3461 3578 3517 ferro
3622 3461 3713 3515 in-

2066 3550 2282 3617 teriret,
2314 3550 2584 3621 quamvis
2642 3551 3065 3620 astrologorum
3125 3551 3253 3620 ejus
3311 3548 3502 3605 aetatis
3557 3549 3713 3606 506

2064 3639 2336 3711 princeps
2369 3657 2385 3709 ;
2419 3639 2698 3694 nimirum
2731 3638 3008 3711 scrupulo
3062 3637 3257 3709 aliquo
3307 3637 3712 3693 minutissima

2065 3729 2344 3799 deceptus
2376 3728 2433 3782 in
2469 3728 2716 3783 tentorio
2742 3732 3058 3792 manserat,
3087 3726 3315 3782 hostem
3335 3727 3713 3797 ingruentem

2067 3814 2212 3872 nihil
2235 3815 2466 3870 timens.
2495 3815 2812 3871 Ferebatur
2844 3819 3039 3870 autem
3087 3815 3288 3869 Brants
3336 3831 3404 3870 ex
3436 3815 3577 3869 artis
3605 3816 3712 3870 ob-

2066 3905 2393 3960 servatione
2425 3904 2756 3975 praedixisse
2790 3906 2907 3959 l'ore
2941 3908 3004 3959 ut
3034 3920 3099 3960 eo
3133 3905 3225 3959 die
3273 3905 3471 3960 urbem
3532 3904 3714 3976 ingre-

2066 3994 2300 4050 deretur
2322 3998 2378 4048 ct
2407 4010 2616 4064 magno
2641 4009 2771 4048 cum
2791 3993 3100 4064 splendore
3122 3994 3531 4064 triumpharet.
3549 3995 3712 4060 Quod

2070 4089 2263 4138 utrum
2295 4083 2506 4137 dixerit
2539 4098 2739 4150 necne,
2773 4083 3066 4137 attirmare
3098 4099 3212 4137 non
3260 4100 3499 4155 possum
3537 4100 3549 4137 :
3584 4082 3714 4138 novi

2069 4172 2221 4227 enim
2262 4174 2425 4227 fama
2456 4188 2565 4226 non
2599 4188 2830 4241 semper
2870 4171 2927 4224 in
2990 4172 3329 4240 lxujusmodi
3380 4173 3716 4229 rumoribus

2070 4261 2240 4315 ﬁdem
2279 4260 2602 4315 habendam
2639 4276 2788 4315 esse.
2823 4260 2930 4314 Sed
2965 4259 3008 4314 si
3044 4260 3143 4315 illa
3174 4261 3323 4317 dixit
3367 4278 3493 4331 quae
3526 4262 3718 4317 ferun-

2073 4353 2184 4414 tur,
2217 4354 2373 4404 vates
2401 4349 2601 4419 utique
2633 4349 2914 4419 deceptus
2969 4352 3078 4414 cst,
3113 4353 3176 4404 ut
3231 4365 3322 4405 res
3370 4349 3497 4421 ipsa
3528 4349 3718 4404 decla-

2071 4437 2237 4503 ravit,
2268 4437 2376 4491 nisi
2411 4439 2540 4506 quis
2600 4440 2745 4492 forte
2803 4438 3130 4510 astrologiae
3171 4437 3403 4492 deditus
3434 4454 3566 4492 eum
3603 4453 3718 4493 non

2072 4543 2309 4598 prorsus
2340 4527 2642 4581 aberrasse
2676 4542 2780 4581 nec
2813 4530 2993 4581 artem
3046 4525 3283 4580 omnino
3330 4541 3542 4580 vanam
3591 4541 3720 4580 esse

2068 4621 2372 4687 propterea
2396 4615 2729 4682 contendat,
2764 4615 2917 4685 quod
2942 4621 3116 4685 caput
3137 4614 3265 4685 ejus
3296 4619 3352 4669 et
3388 4614 3586 4671 dexter
3617 4629 3719 4684 pes

2063 4721 2131 4760 eo
2163 4705 2257 4759 die
2286 4704 2474 4759 hastis
2507 4703 2679 4758 affixa
2709 4720 2810 4774 per
2841 4704 3031 4759 forum
3064 4704 3338 4758 traducta
3382 4708 3537 4770 sunt,
3571 4718 3718 4758 una-

2066 4809 2179 4866 que
2211 4796 2387 4863 caput
2418 4790 2862 4847 circumforanei
2895 4792 3335 4863 cujusdam,qui
3368 4791 3541 4847 Poeta
3570 4792 3720 4846 dice-

2066 4882 2259 4951 batur,
2293 4897 2406 4935 non
2439 4880 2494 4933 in
2530 4878 2683 4935 bello
2716 4879 2872 4947 caesi,
2913 4880 3015 4935 sed
3052 4884 3179 4950 post
3217 4879 3504 4937 illustrem
3555 4878 3717 4936 illam

2064 4970 2367 5028 victoriam
2395 4969 2573 5040 jussu
2606 4967 2996 5039 imperatoris,
3033 4969 3188 5025 haud
3250 4969 3371 5026 scio
3430 4987 3548 5042 quo
3581 4970 3715 5034 fine,

2064 5059 2373 5115 interfecti.

307 5145 618 5225 ’Λγχιάλου
711 5147 818 5223 οὐχ
847 5148 1077 5211 δκόντως
1113 5150 1533 5222 ἐπηκολούθησε
1560 5156 1639 5223 τῷ
1671 5154 1904 5224 Βαρανᾷ,
1946 5148 2070 5205 ἀλλ’
2102 5144 2224 5201 οὔτε
2267 5145 2359 5200 τὸν
2414 5139 2868 5219 προσλαϐόμενον
2944 5140 3124 5214 ὤνησὲ
3196 5167 3274 5213 τι,
3356 5146 3539 5211 καθὼς
3629 5143 3723 5202 καὶ

307 5236 707 5307 προσεδοκᾶτο,
740 5244 967 5314 Βρανᾶν,
1041 5240 1133 5296 καὶ
1161 5242 1370 5310 ὲὰυτὸν,
1448 5241 1548 5296 οὐκ
1604 5239 1829 5313 ἐξέσωσε
1881 5242 1979 5295 τοῦ
2013 5235 2257 5313 μαχαίρᾳ
2295 5240 2499 5303 πεσεῖν,
2542 5239 2651 5289 τῶν
2690 5235 2813 5291 τότε
2841 5235 3199 5311 ἀστρολόγων
3256 5237 3284 5289 ὁ
3330 5232 3714 5309 δοκιμώτατος

310 5323 405 5401 ὢν,
433 5324 581 5383 ἀλλά
610 5349 662 5383 τι
694 5330 793 5398 τήν
870 5327 1077 5384 ἐκείνου
1151 5331 1353 5406 γνῶσιν
1432 5327 1751 5407 διαδραμὸν,
1793 5330 1866 5391 ὡς
1912 5326 2076 5397 ἔοικε,
2121 5323 2549 5380 λεπτεπίλεπτον
2626 5327 2815 5400 ἡσυχῇ
2896 5329 3072 5399 μὲνειν
3140 5326 3389 5381 πέπεικεν
3470 5323 3561 5379 ἐπὶ
3620 5331 3723 5395 τῆς

310 5424 538 5489 σκηνῆς,
614 5418 703 5474 καὶ
738 5417 890 5474 ἐπιὸν
921 5419 1024 5474 οὐκ
1080 5415 1250 5475 ἔδεισε
1305 5420 1367 5475 τὸ
1424 5419 1721 5495 πολέμιον.
1767 5419 2020 5493 Ἐλέγετο
2070 5414 2127 5471 δὲ
2180 5419 2260 5487 τῷ
2324 5418 2499 5489 Βρανᾷ
2556 5410 2817 5489 φοιϐἀσαι
2874 5414 3284 5491 προρῥητικῶς,
3342 5414 3405 5469 ἐκ
3456 5418 3565 5469 τῶν
3622 5421 3729 5485 τῆς

310 5504 510 5579 τέχνης
570 5503 843 5564 ἐκϐάσεων
924 5509 1380 5585 τεκμαιρόμενος,
1461 5509 1537 5572 ὡς
1616 5509 1753 5564 κατὰ
1843 5509 1943 5577 τήν
2013 5504 2225 5581 ἡμέραν
2302 5503 2509 5573 ἐκείνην
2592 5510 2693 5573 τῆς
2763 5502 2986 5567 πόλεως
3056 5502 3581 5564 ἐντὸςεῖσελεύσεται
3638 5500 3730 5556 καὶ

311 5591 659 5669 θριαμϐεύσει
702 5601 1039 5673 περιφανῶς.
1103 5602 1276 5655 Τοῦτο
1326 5597 1384 5654 δὶ
1441 5599 1490 5654 εἴ
1551 5600 1646 5673 μὲν
1700 5598 1865 5660 αὐτὸς
1931 5596 2153 5667 ἀληθῶς
2207 5594 2421 5670 εἲρηκεν
2482 5593 2511 5647 ὃ
2569 5595 2874 5665 Στηθάτος,
2932 5589 3191 5668 ἀσφαλῶς
3248 5593 3349 5648 υύκ
3411 5590 3595 5664 ἴσημι,
3644 5590 3729 5645 ὅτι

311 5681 439 5759 μηδ’
494 5685 744 5763 ἀψευδῶς
795 5687 863 5741 τὰ
928 5687 1101 5743 πάντα
1158 5689 1194 5758 ἡ
1229 5689 1420 5768 φήμη,
1464 5689 1769 5763 μυθεύεται,
1797 5687 1972 5743 ὁπόσα
2026 5681 2375 5760 περιλάλητα
2403 5680 2603 5737 τιθέναι
2661 5683 2831 5761 φιλεῖ.
2883 5683 3007 5740 Ὅτι
3072 5677 3149 5753 δὶ,
3208 5679 3255 5735 εἰ
3316 5677 3496 5751 δῶμεν
3554 5676 3730 5733 ὁπόσα
