4098 6292
401 396 516 459 751

1713 393 2019 458 NICETIS
2059 387 2488 455 GHONIATE

3703 393 3816 454 ’152

404 533 440 600 ἡ
511 531 674 608 φήμη
733 526 994 600 ἐδίδαξεν,
1048 530 1152 584 ὑπὸ
1205 533 1304 586 τοῦ
1362 528 1737 608 προφάντορος
1804 525 2083 597 Στηθάτου
2124 523 2244 579 δίκα
2309 523 2382 584 ὡς
2443 519 2878 594 ἐξετοξεύθησαν,
2925 518 3080 608 αὐτὰ,
3160 519 3310 598 φασὶ,
3395 519 3463 578 τὰ
3529 541 3821 598 πραγματα

415 607 632 697 ἔφηναν.
667 618 712 673 εἰ
742 621 818 692 μή
849 639 931 680 τις
953 623 1022 694 τῇ
1047 617 1436 694 ούρανοσκόπῳ
1469 607 1751 694 ἐπιστήμῃ
1813 616 2207 692 προσκείμενος
2272 618 2347 684 μῆ
2408 613 2558 685 [248]
2616 610 2920 666 παντάπασι
2981 607 3290 684 διεψεῦσθαι
3347 611 3564 668 τουτονί
3625 609 3822 671 διατεί·

406 738 559 772 νοιτο
625 717 712 772 καὶ
774 718 844 772 τὰ
907 724 1008 788 τῆς
1046 718 1252 793 τέχνης
1313 717 1389 792 μὴ
1456 718 1696 774 καθόλου
1730 716 2028 787 διαπεσεῖν,
2079 714 2156 775 εἰς
2207 718 2307 780 τῆν
2361 714 2458 766 τοῦ
2515 711 2694 784 Βρανὰ
2750 709 2997 788 κεφαλήν
3059 711 3304 785 μετάγων
3357 713 3422 766 τὰ
3452 710 3827 786 προρῥηθέντα

400 803 492 860 καί
520 805 612 861 τὸν
641 805 827 881 ἓτερον
870 805 1034 861 αὐτοῦ
1067 813 1176 862 τῶν
1204 805 1421 878 ποδῶη,
1455 808 1586 882 ἅπερ
1618 813 1719 875 τῆς
1747 805 1956 880 ἡμέρας
1989 803 2196 872 ἐκείνης
2229 799 2319 856 διὰ
2347 805 2446 869 τῆς
2475 799 2678 875 ἀγορᾶς
2717 797 3205 873 ἐμπεπερονημὶνα
3226 805 3446 862 κοντοῖς
3477 797 3818 872 διεπόμπευ-

398 914 514 964 σαν,
555 894 648 948 σὺν
683 894 820 969 αὐτῇ
849 892 907 950 δὲ
939 897 1026 950 καὶ
1057 895 1270 973 κεφαλή
1290 918 1438 959 τινος
1474 894 1753 972 ἀγοραίου,
1790 897 2030 964 Ποιητοῦ
2061 888 2386 967 λεγομένου.
2437 885 2504 957 ἤν
2559 884 2790 959 οὐδεμία
2845 886 3086 962 πολεμία
3137 889 3260 964 χείρ
3319 889 3595 966 ἀφείλετο,
3653 891 3820 954 αὐτὸς

398 981 454 1038 δὲ
513 981 768 1058 βασιλεὺς
823 987 957 1056 μετὰ
1022 987 1122 1054 τὴν
1170 984 1428 1058 λαμπρὰν
1465 985 1674 1056 ἐκείνην
1705 983 1858 1055 νίκην
1887 983 1978 1038 καὶ
2001 983 2102 1053 τὴν
2134 985 2244 1036 τῶν
2275 977 2531 1034 ἐναντίων
2561 976 3006 1050 καταπελέμησιν
3041 977 3423 1054 ἀποτμηθῆναι
3452 977 3800 1054 προσέταξεν,

397 1073 498 1128 ούκ
519 1071 624 1128 οἵδ’
651 1075 738 1150 ἐφ’
767 1075 878 1146 ὅτῳ
907 1071 1270 1144 συνοίσοντιῆ
1305 1070 1714 1148 κατορθώματι.

470 1165 524 1218 9.
560 1163 636 1219 Eo
667 1163 818 1220 bello
852 1165 1003 1220 hunc
1035 1166 1252 1221 exitum
1288 1165 1512 1234 sortito,
1562 1166 1879 1236 imperator
1907 1179 2048 1218 con-

399 1253 551 1308 vivio
609 1255 898 1310 instructo
957 1271 1160 1310 omnes
1223 1257 1368 1310 aulae
1429 1263 1624 1327 portas
1683 1255 1927 1326 aperuit,
1990 1258 2054 1308 ut

401 1343 587 1400 victor
617 1359 648 1398 a
679 1343 990 1416 quibusvis
1021 1344 1494 1416 conspiceretur;
1555 1348 1613 1400 et
1668 1360 1802 1399 cum
1846 1359 2055 1399 manus

404 1432 594 1502 epulis
623 1431 966 1487 admoturus
1026 1439 1199 1499 esset,
1261 1433 1544 1488 ferculum
1606 1433 1758 1488 haud
1791 1449 1932 1488 sane
1963 1435 2056 1488 de-

407 1536 610 1576 corum
649 1525 707 1575 et
737 1521 884 1577 507
949 1519 1240 1576 ludicrum
1301 1538 1508 1592 parum
1567 1521 1822 1592 elegans,
1856 1520 2054 1576 Brants

403 1608 1036 1679 caputinferrijussit,
1099 1610 1250 1680 quod
1305 1609 1490 1665 hianti
1552 1610 1698 1666 rictu
1751 1615 1806 1666 et
1833 1608 2054 1666 clausis

404 1699 590 1754 oculis
620 1699 782 1754 humi
807 1700 1097 1769 abiectum
1134 1701 1248 1756 huc
1278 1707 1451 1771 atque
1495 1700 1636 1756 illuc
1683 1699 1839 1773 globi
1871 1701 2057 1755 instar

402 1787 731 1861 agitabatur
759 1796 812 1844 et
844 1787 1060 1858 jaculis
1091 1789 1520 1859 trajiciebatur.
1546 1791 1767 1846 Deinde
1815 1789 2055 1861 conjugi

404 1893 636 1950 quoque
665 1878 793 1949 ejus
827 1879 884 1933 in
919 1879 1135 1952 palatio
1165 1878 1406 1934 inclusae
1451 1877 1712 1934 oblatum
1781 1887 1886 1935 est.
1921 1881 2055 1944 Quae

411 1973 610 2039 rogata
641 1983 782 2022 num
809 1969 984 2024 sciret
1005 1969 1174 2038 cujus
1201 1973 1373 2034 esset,
1398 1968 1583 2024 oculis
1633 1968 1691 2023 in
1726 1967 2058 2024 miserabile

411 2054 559 2110 illud
617 2059 675 2112 et
723 2056 1188 2128 inexspectatum
1267 2056 1661 2128 spectaculum
1730 2056 2054 2128 conjectis:

415 2166 444 2194 ‹‹
477 2143 934 2216 Novi,inquit,et
955 2145 1578 2216 memiseramjudico.
1617 2167 1644 2194 »
1708 2146 1843 2201 Erat
1899 2145 2054 2201 enim

417 2232 682 2288 modesta
704 2232 936 2301 mulier,
961 2239 1018 2288 et
1047 2235 1315 2290 decoram
1351 2234 1638 2290 matronis
1684 2234 2055 2291 taciturnita-

417 2325 534 2378 tem
575 2322 813 2378 maximi
873 2322 1138 2380 faciebat.
1199 2326 1385 2390 Quare
1441 2342 1475 2380 a
1532 2329 1738 2396 patruo
1799 2325 2062 2382 Manuele

420 2411 747 2468 matronale
776 2413 954 2469 decus
983 2418 1034 2468 et
1072 2414 1304 2469 familiae
1353 2431 1474 2468 suae
1517 2423 1924 2471 ornamenlum
1957 2431 2062 2486 ap-

415 2498 762 2571 pellabatur.
795 2501 1092 2556 Exercitus
1125 2517 1255 2557 vero
1285 2502 1388 2573 qui
1444 2519 1574 2558 cum
1617 2506 1806 2558 Brana
1835 2503 2058 2558 defece-

415 2593 567 2657 rant,
600 2590 746 2646 laxia
779 2590 1021 2645 habenis
1045 2571 1398 2663 quocunque
1438 2591 1778 2664 fugiebant:
1839 2607 1906 2647 ac
1961 2589 2064 2662 qui
2094 2571 2141 2636 Β

413 2695 622 2752 pugnae
655 2685 914 2752 tempore
947 2686 1074 2752 post
1109 2688 1566 2753 propugnatores
1595 2686 1894 2750 steterant,
1927 2697 2060 2736 cum

411 2767 750 2824 inclinatam
785 2785 915 2826 esse
936 2770 1118 2826 aciem
1143 2771 1632 2840 sensissent,fuga
1653 2775 2062 2842 occupata,eos

411 2854 513 2927 qui
545 2873 577 2911 a
605 2859 765 2927 tergo
817 2855 1214 2927 sequebantur
1263 2873 1367 2928 pro
1418 2856 1687 2914 hostibus
1734 2861 2060 2912 metuentes

410 2959 648 3000 cursum
684 2945 1083 3008 intendebant,
1115 2961 1185 3001 ne
1237 2952 1603 3017 caperentur.
1639 2946 1746 3014 Qui
1796 2962 1930 3002 vero
1965 2961 2058 3002 se-

411 3035 763 3104 quebantur,
796 3034 1265 3089 antecedentium
1299 3033 1601 3090 incitatam
1625 3036 1823 3107 fugam
1856 3039 2058 3090 utrem

413 3119 729 3177 salutarem
762 3121 915 3178 508
949 3121 1182 3188 imitati,
1215 3128 1274 3178 et
1293 3121 1548 3178 hostium
1598 3123 2058 3194 persecutionem

411 3210 752 3279 veriti,illud
783 3211 984 3281 utique
1012 3213 1314 3282 optabant,
1370 3221 1428 3267 ut
1477 3212 1607 3283 equi
1669 3229 1782 3268 non
1821 3213 2060 3286 ungulis

417 3299 661 3354 humum
685 3298 1110 3370 pulsarent,sed
1137 3307 1416 3372 tanquam
1437 3307 1692 3374 Pegasus
1733 3303 2058 3370 volitarent,

415 3387 647 3459 ipsique
674 3387 832 3444 velut
863 3389 979 3444 orci
1007 3387 1170 3460 galea
1200 3390 1333 3444 tecti
1375 3409 1408 3446 a
1468 3391 1700 3446 nemine
1751 3392 2059 3464 conSpice-

415 3481 638 3532 rentur.
672 3477 896 3532 Tantus
925 3493 1024 3532 eos
1055 3486 1238 3534 terror
1284 3478 1595 3546 invaserat,
1655 3481 1758 3551 qui
1815 3479 2061 3537 faciebat

417 3572 479 3622 ut
509 3565 738 3638 quidvis
795 3571 852 3622 et
908 3567 1169 3622 dicerent
1227 3572 1285 3622 et
1335 3572 1620 3640 optarent.
1656 3573 1737 3623 Ae
1789 3569 1848 3624 in
1890 3575 2062 3641 ponte

414 3655 822 3726 Daphnutiano
855 3655 1092 3728 plurimi
1127 3657 1458 3728 periissent,
1491 3659 1602 3714 nisi
1653 3657 1890 3729 quidam
1937 3676 2064 3715 ma-

412 3743 586 3801 nibus
621 3745 680 3800 in
711 3743 920 3801 ccelum
954 3745 1230 3813 extensis,
1265 3751 1441 3802 Deum
1476 3752 1724 3803 testatus
1765 3747 2060 3804 neminem

410 3850 444 3890 a
473 3838 636 3908 tergo
665 3833 907 3906 instare,
940 3837 1041 3891 sed
1100 3835 1348 3891 victores
1393 3835 1742 3906 jamdudum
1801 3855 1834 3892 a
1866 3853 2058 3908 perse-

2235 1159 2299 1213 θ’.
2333 1157 2438 1213 Καὶ
2477 1159 2696 1212 τοιοῦτο
2757 1157 2851 1230 μὲν
2915 1157 2944 1211 ὁ
2996 1157 3121 1212 τότε
3165 1156 3314 1234 ἀγὼν
3373 1155 3570 1237 εἴληφε
3627 1157 3821 1229 πέρας,

2163 1247 2326 1308 αὐτὸς
2388 1242 2436 1300 δ’
2481 1245 2510 1298 ὁ
2571 1243 2828 1320 βασιλεὺς
2885 1243 3229 1318 τραπόμενος
3277 1245 3355 1308 είς
3389 1245 3620 1300 ἑστίασιν
3655 1251 3824 1304 πᾶσαν

2159 1341 2266 1393 τῶν
2327 1335 2563 1411 ἀρχείων
2618 1335 2781 1404 ἀνῆκε
2847 1334 3030 1407 πύλην
3086 1334 3304 1392 αὔλειον
3361 1335 3451 1391 καὶ
3509 1337 3826 1412 παράθυρον

2161 1427 2514 1500 προσκήνιον,
2585 1422 2721 1486 ὥςτε
2785 1425 2914 1490 τοὺς
2991 1423 3363 1500 βουλομένους
3437 1425 3654 1482 ἐσιέναι
3731 1429 3824 1482 καὶ

2161 1516 2375 1569 θεᾶσθαι
2417 1514 2576 1568 αὐτὸν
2603 1519 2999 1589 τροπαιοῦχον.
3043 1516 3129 1572 Ἐν
3158 1514 3216 1570 δὲ
3256 1520 3336 1588 τῷ
3393 1513 3654 1571 ἅπτεσθαι
3709 1522 3822 1572 τῶν

2164 1603 2350 1658 σιτίων
2401 1599 2602 1678 χανδὸν
2657 1602 2746 1658 καὶ
2805 1603 2900 1665 τὰς
2948 1609 3140 1679 χεῖρας
3194 1609 3358 1660 κινεῖν
3417 1604 3494 1666 είς
3550 1605 3642 1660 τὸν
3713 1609 3826 1660 τῶν

2163 1691 2535 1768 προκειμένοιν
2605 1689 2834 1747 ἐδεστῶν
2889 1692 3160 1764 πόλεμον,
3225 1691 3528 1749 ἐπεισόδιόν
3595 1693 3647 1748 τί
3723 1693 3826 1749 οὐκ

2165 1781 2424 1856 εὐπρεπὲς
2476 1781 2562 1836 καὶ
2613 1779 2832 1854 ἄθυρμα
2882 1777 3216 1835 ἐπιδείπνιον
3282 1783 3382 1851 τήν
3458 1785 3557 1836 τοῦ
3642 1784 3824 1855 Βρανᾶ

2163 1873 2594 1946 παρεισαχθῆναι
2660 1867 2946 1925 κεκέλευκε
3010 1873 3256 1944 κεφαλήν
3302 1871 3364 1926 Ἦ
3443 1867 3501 1926 δὲ
3567 1871 3642 1933 ὡς
3712 1871 3826 1926 εἷσ-

2165 1965 2322 2032 ῆκτο,
2371 1961 2454 2017 ἐπ’
2532 1957 2763 2038 ἐδάφους
2814 1956 3040 2038 ἔρῥιπτο
3098 1968 3361 2038 σεσηρυῖα
3415 1961 3507 2016 καὶ
3579 1966 3825 2035 μεμκυῖα

2163 2053 2242 2107 τὼ
2308 2050 2600 2128 ὀφθαλμὼ,
2667 2047 2774 2105 ὡδέ
2823 2071 2882 2106 τε
2943 2050 3157 2106 κάκεῖσε
3217 2048 3372 2118 δίκην
3431 2051 3658 2130 σφαίρας
3708 2047 3825 2106 δια-

2166 2139 2374 2216 γομένη
2432 2159 2490 2195 τε
2543 2139 2633 2194 καὶ
2695 2140 3036 2216 μεταγομένη
3099 2137 3494 2210 διηκοντίζετο.
3557 2141 3811 2215 Ὕστερον

2167 2227 2225 2284 δὲ
2267 2229 2357 2284 καὶ
2406 2232 2474 2302 τῇ
2497 2229 2666 2284 αὐτοῦ
2715 2233 2924 2304 γαμετῇ
2981 2223 3134 2284 ἔνδον
3187 2233 3292 2284 τῶν
3325 2228 3638 2303 ἀνακτόρων
3689 2241 3820 2294 καθ-

2167 2318 2420 2394 ειργμένῃ
2515 2319 2946 2396 παρεισφέὸεται,
3047 2318 3138 2373 καὶ
3185 2317 3424 2392 ἀνέρεται
3527 2317 3663 2389 αὕτη
3769 2317 3820 2374 εἰ

2167 2405 2400 2463 σύνειδεν
2431 2409 2558 2464 ’ὀτου
2585 2408 2726 2463 ἐστὶν
2755 2410 2788 2477 ἡ
2819 2405 3056 2484 κεφαλή.
3115 2408 3179 2464 Ἣ
3225 2406 3280 2463 δὲ
3322 2407 3450 2470 τοὺς
3502 2405 3828 2486 ὀφθαλμοὺς

2168 2495 2353 2569 ἐκείνῳ
2384 2501 2464 2568 τῷ
2511 2500 2695 2572 πικρῷ
2737 2497 2826 2551 καὶ
2869 2496 3072 2572 οἰκτρῷ
3135 2496 3227 2552 καὶ
3291 2496 3515 2571 ἀέλπτῳ
3597 2497 3832 2570 θεάματι

2171 2579 2527 2656 ἐπιϐαλοῦσα,
2579 2609 2608 2638 ‹‹
2649 2585 2806 2656 Οἶδα,
2867 2585 3022 2658 φησὶ,
3071 2586 3158 2641 καὶ
3188 2585 3464 2656 ταλανίζω
3492 2587 3765 2660 ἓμαυτήν.
3803 2607 3830 2636 η

2167 2676 2268 2731 ἸΙν
2299 2674 2402 2750 γὰρ
2451 2675 2680 2751 σώφρων
2727 2677 2762 2746 ἡ
2837 2677 3000 2750 γυνη,
3076 2673 3166 2730 καί
3242 2676 3338 2744 τήν
3412 2673 3822 2750 ἐπιπρέπουσαν

2164 2767 2245 2836 τῷ
2282 2765 2444 2835 θήλεϊ
2491 2766 2703 2834 σιωπὴν
2753 2767 3010 2838 τιθεμένη
3061 2765 3184 2840 περὶ
3232 2763 3474 2836 πολλοῦ,
3545 2765 3609 2820 οὗ
3659 2765 3823 2841 χὰριν

2165 2853 2258 2908 καὶ
2310 2852 2488 2924 καλὴν
2537 2854 2590 2908 ἐν
2647 2854 2854 2928 γυναιξὶ
2903 2853 3284 2926 κατωνόμαζεν
3357 2855 3384 2909 ὁ
3431 2854 3570 2928 πρὸς
3621 2855 3830 2930 μητρὸς

2166 2943 2334 3013 αὐτῆς
2365 2946 2510 3008 θεῖος
2539 2945 2567 2998 ὁ
2599 2943 2957 3018 αὐτοκράτωρ
2993 2941 3275 3012 Μανουὴλ.
3325 2944 3419 2998 καὶ
3473 2942 3590 2998 οἶόν
3631 2964 3684 2998 τι
3733 2947 3839 2998 τῶν

2167 3033 2227 3090 ἐκ
2277 3037 2374 3090 τοῦ
2431 3037 2622 3110 γένους
2679 3031 2992 3110 ὀσφράδιον.
3044 3034 3124 3090 Τὰ
3183 3029 3240 3088 δὲ
3295 3055 3354 3109 γε
3400 3032 3540 3108 πρὸς
3571 3033 3832 3089 ἀποσπα-

2167 3123 2280 3180 σίαν
2349 3128 2430 3196 τῷ
2501 3126 2678 3199 Βρανᾷ
2755 3123 3094 3197 συναράμενοι
3158 3123 3559 3198 στρατεύματα,
3661 3121 3830 3188 ὅλους

2166 3211 2351 3268 ἀνέντα
2407 3210 2696 3288 χαλινοὺς,
2759 3212 2854 3274 τὰς
2921 3209 3269 3282 ὁπουδήποτε
3345 3214 3614 3286 φερούσας
3682 3212 3831 3289 ἐτρά.

2165 3323 2316 3360 πετο.
2357 3301 2454 3359 Καὶ
2507 3303 2558 3356 οἱ
2611 3303 2705 3376 μὲν
2765 3299 2986 3357 ὄπισθεν
3050 3301 3280 3364 ἑστῶτες
3340 3306 3450 3356 τῶν
3505 3301 3822 3378 προμάχων

2166 3391 2304 3446 κατὰ
2349 3392 2437 3446 τὸν
2485 3393 2672 3466 καιρὸν
2730 3398 2830 3458 τῆς
2883 3390 3236 3464 συμπλοκῆς,
3299 3392 3372 3454 ὡς
3429 3387 3663 3464 ᾔσθεντο
3721 3399 3820 3462 τῆς

2166 3488 2396 3556 τροπῆς,
2440 3480 2710 3555 ἁψάμενοι
2755 3480 2853 3550 ὸῆς
2901 3487 3080 3557 φυγῆς
3129 3481 3386 3554 πρότεροι
3423 3479 3555 3542 τοὺς
3597 3479 3822 3536 κατόπιν

2168 3569 2489 3634 ἐλαύνοντας
2535 3569 2610 3632 ὡς
2673 3568 2978 3643 πολεμίους
3051 3569 3420 3646 ὑφορώμενοι,
3467 3570 3561 3624 τὸν
3615 3567 3821 3646 δρόμον

2167 3661 2240 3722 ὡς
2303 3661 2381 3733 μὴ
2431 3657 2794 3736 συλληφθεῖεν
2852 3657 3143 3714 ἐπέτεινον·
3196 3659 3248 3713 οἱ
3299 3655 3346 3714 δ’
3388 3653 3713 3732 ἐφεπόμενοι
3761 3659 3822 3714 τὸ

2168 3751 2420 3806 σύντονον
2472 3749 2550 3814 είς
2591 3751 2766 3826 φυγήν
2809 3753 2922 3806 τῶν
2967 3749 3318 3825 προαγόντων
3365 3747 3440 3812 ὡς
3492 3748 3681 3822 πρᾶξιν
3716 3753 3816 3818 ζη-

2167 3839 2388 3901 λόῦντες
2447 3838 2750 3907 σώζουσαν,
2807 3839 2897 3893 καὶ
2947 3839 3048 3906 τὴν
3094 3841 3202 3893 τῶν
3263 3835 3542 3909 πολεμίων
3587 3832 3820 3890 ἐπιδίω-

408 3925 641 3996 quando
672 3925 1092 3995 destitisse,eos
1113 3927 1440 3982 monuisset
1484 3933 1548 3981 ut
1577 3926 1860 3998 impetum
1911 3929 2056 3999 fugis

2169 3929 2248 4000 ξιν
2279 3925 2674 4002 δεδιττόμενοι,
2715 3925 2889 3982 ἐκεῖνα
2933 3923 3176 4003 ηὔχοντο
3213 3927 3488 4000 ἄντικρυς,
3543 3921 3670 3988 τοῦς
3721 3924 3816 3998 μὲν

406 4015 780 4070 moderantes
827 4014 1029 4070 ordine
1075 4021 1130 4070 et
1179 4021 1349 4071 caute
1399 4016 1672 4072 fornicem
1729 4015 1891 4071 illum
1928 4033 2056 4088 per-

405 4101 745 4158 traneirent.
777 4104 856 4158 Ac
888 4108 1090 4158 tenues
1123 4109 1179 4160 et
1209 4105 1466 4160 obscurm
1511 4106 1756 4160 fortunae
1790 4105 2060 4162 homines

409 4189 906 4270 citra_molestiam
941 4199 998 4248 et
1027 4194 1239 4248 crimen
1263 4194 1504 4248 domum
1543 4194 1864 4262 redierunt,
1899 4195 2058 4250 salu-

413 4279 592 4334 briter
617 4279 974 4336 obscuritate
1006 4297 1109 4336 sua
1149 4283 1500 4352 lecti,neque
1531 4287 1858 4338 metuentes
1892 4300 1960 4338 ne
1990 4285 2061 4339 ab

415 4367 533 4424 ullo
563 4367 1020 4438 inquirerentur.
1075 4371 1182 4436 Qui
1241 4386 1375 4426 vero
1427 4377 1762 4443 autgenere
1803 4371 2063 4428 illustres

413 4462 513 4514 aut
545 4459 989 4532 magistratibus
1013 4460 1472 4532 gestisinsignes
1505 4467 1693 4527 erant,
1730 4465 2062 4534 frequentes

409 4564 728 4605 convenere
753 4553 808 4606 et
848 4565 951 4622 per
1005 4549 1227 4619 legatos
1285 4551 1511 4605 veniam
1582 4551 1653 4606 ab
1715 4551 2060 4622 imperatore

411 4641 758 4711 petiverunt,
791 4641 942 4710 quod
967 4639 1262 4694 hominem
1312 4638 1654 4696 seditiosum
1687 4641 1870 4696 secuti
1900 4641 2055 4696 defe-

409 4730 649 4786 cissent.
677 4731 894 4797 Quodsi
943 4730 1013 4785 ab
1066 4729 1418 4802 imperatore
1457 4747 1620 4785 noxae
1646 4731 2058 4800 eximerentur,

412 4835 475 4874 se
511 4820 569 4874 in
616 4825 916 4889 posterum
962 4819 1145 4874 bonos
1199 4823 1256 4874 et
1317 4818 1518 4876 fideles
1577 4819 1881 4876 ministros
1939 4821 2060 4877 fore

411 4905 562 4962 509
594 4906 1040 4976 pollicebantur,
1074 4913 1131 4963 et
1155 4908 1555 4979 paenitentiam
1619 4926 1782 4964 suam
1842 4926 1902 4965 re
1932 4910 2063 4979 ipsa

410 4992 991 5066 declaraturos,quod
1007 5003 1208 5052 contra
1231 4997 1531 5052 dominum
1565 5003 1620 5054 et
1644 4999 2054 5068 imperatorem

407 5097 569 5136 arma
599 5082 1024 5152 cepissent.b‘in
1051 5084 1100 5137 is
1123 5084 1460 5155 inexpiabili
1489 5085 1688 5140 iracun
1716 5087 2055 5154 tiaarderet,

405 5175 580 5239 atque
600 5169 948 5240 iniuriarum
971 5173 1310 5227 memoriam
1331 5181 1606 5244 perpetuo
1648 5183 2050 5231 conservatam

2165 4017 2372 4082 ’ίππους
2407 4021 2481 4092 μὴ
2515 4018 2644 4074 ποσὶ
2673 4019 2892 4074 κόπτειν
2940 4018 3003 4073 τὸ
3055 4013 3308 4084 δάπεδον,
3375 4015 3504 4090 ἀλλ,
3555 4013 3821 4072 ’ίπτασθαι

2167 4109 2303 4164 κατὰ
2328 4111 2606 4183 Πήγασον,
2640 4105 2838 4169 αὐτοὺς
2887 4103 2946 4162 δὲ
3001 4105 3231 4181 ἀορασίᾳ
3291 4103 3682 4172 καλύπτεσθαι,
3743 4104 3822 4166 ὡς

2169 4198 2214 4253 εί
2262 4199 2363 4266 τήν
2401 4200 2598 4267 κυνέην
2640 4193 2814 4268 ᾋδου
2873 4193 3155 4251 ὑπέδυσαν.
3214 4198 3282 4251 Ἦ
3337 4193 3526 4265 πολλῆ
3585 4193 3711 4250 τότε
3751 4193 3818 4262 ἦν

2166 4287 2349 4350 αὐτοῖς
2382 4289 2417 4356 ἡ
2445 4283 2739 4356 δειλανσις,
2788 4285 2880 4340 καὶ
2927 4289 3030 4341 πᾶν
3063 4283 3235 4340 ἐποίει
3285 4283 3378 4338 καὶ
3421 4283 3678 4354 πράττειν
3730 4281 3819 4338 καὶ

2167 4375 2438 4450 εὔχεσθαι.
2473 4373 2647 4433 Ἀλλά
2675 4375 2920 4450 καὶπερὶ
2974 4375 3074 4444 τήν
3138 4373 3376 4452 γέφυραν
3444 4371 3696 4428 πλεῖστοι
3758 4373 3819 4427 ἄν

2165 4463 2555 4526 ἀπολισθόντες
2606 4461 2913 4519 ὁλώλεισαν
2953 4464 3079 4527 ἥτις
3124 4462 3257 4524 καςὰ
3332 4465 3397 4517 τὸ
3483 4459 3816 4541 Δαφνούτιον

2167 4556 2500 4630 περιάγεται,
2579 4551 2626 4608 εἰ
2704 4553 2780 4626 μὴ
2855 4572 2939 4614 τις
3014 4551 3210 4613 αὐτοὺς
3293 4547 3568 4606 ἐπεπείκει
3654 4551 3822 4605 καθυ-

2168 4643 2340 4723 φείναι
2413 4649 2514 4712 τῆς
2588 4640 2764 4710 ἀξείας
2841 4645 3020 4719 φυγῆς
3093 4638 3230 4694 κατὰ
3299 4639 3512 4710 κόσμον
3587 4657 3648 4694 τε
3731 4637 3817 4692 καὶ

2169 4733 2246 4806 μή
2288 4731 2602 4810 ἐπισφαλῶς
2653 4728 2744 4786 διὰ
2788 4737 2889 4800 τῆς
2942 4729 3138 4804 ἁψῖδος
3182 4727 3341 4799 ἱέναι,
3429 4728 3508 4791 είς
3590 4725 3820 4801 οὐρανὸν

2166 4823 2442 4884 ἀνατείνας
2524 4821 2618 4884 τὰς
2683 4821 2874 4896 χέῖρας
2921 4820 3012 4874 καὶ
3074 4820 3138 4874 τὸ
3184 4822 3339 4874 Θεῖον
3401 4816 3821 4891 ἐπομοσάμενος

2168 4907 2375 4984 μηδένα
2405 4916 2524 4964 κατ’
2562 4909 2737 4964 αὐτῶν
2780 4907 2986 4964 ἐπιέναι
3045 4905 3319 4979 πολέμιον
3371 4903 3613 4972 ὄπισθεν,
3673 4901 3820 4960 ἀλλὰ

2165 5001 2249 5072 [Ρ.
2326 5001 2452 5072 249]
2528 4997 2700 5054 πάλαι
2778 4997 3228 5074 μεταστραφέντες
3309 4995 3618 5058 παύσασθαι
3717 4999 3818 5061 τῆς

2164 5085 2564 5158 καταϐιώξεως.
2587 5089 2744 5145 Ὀσοι
2777 5085 2869 5142 λὶν
2899 5087 2991 5142 οὗν
3022 5087 3122 5154 τήν
3163 5085 3340 5164 τύχην
3389 5087 3524 5153 ἦσαν
3577 5081 3818 5160 φλαῦροι

2163 5179 2254 5234 καὶ
2288 5179 2616 5253 περιπέζιοι,
2665 5178 2817 5234 οὗτοι
2867 5176 3188 5251 ἀνεπαχθῶς
3245 5175 3335 5230 καὶ
3393 5171 3817 5246 ἀνεπεγκλήτως

401 5274 468 5314 ac
493 5261 587 5314 ire
607 5257 893 5314 scintillas
917 5262 1297 5317 resuscitatas
1317 5263 1504 5331 vellet,
1539 5281 1601 5319 se
1649 5281 1883 5336 quoque
1905 5282 2047 5320 con-

2166 5267 2412 5342 ἆφίκοντο
2443 5263 2646 5334 οἶκαδε,
2703 5268 2802 5336 τήν
2865 5264 3068 5320 οἰκείαν
3119 5258 3464 5340 παράϐυστον
3526 5261 3808 5332 σώζουσαν

398 5351 664 5414 spectum
688 5348 1122 5420 ejusfugituros
1141 5355 1195 5404 et
1217 5357 1536 5406 extremum
1565 5361 1856 5424 receptum
1893 5357 2046 5427 apud

401 5441 605 5508 gentes
632 5438 1170 5495 Romanisiniestas
1192 5443 1563 5513 quaesituros,
1597 5447 1652 5498 et
1683 5443 1740 5498 in
1760 5445 2050 5502 Romanos

399 5541 464 5582 ea
494 5527 916 5584 commissuros
939 5527 1206 5600 quasillis
1224 5530 1500 5586 deberent
1547 5533 1620 5586 ad
1667 5550 1813 5604 quos
1846 5541 2050 5591 confu-

401 5618 646 5692 gissent.
677 5618 874 5689 Neque
905 5619 1058 5674 enim
1093 5633 1218 5676 esse
1251 5636 1488 5687 novum,
1520 5621 1576 5674 si
1611 5638 1742 5691 qu
1783 5641 1923 5680 suos
1957 5628 2048 5680 in-

395 5707 585 5766 festos
609 5710 963 5782 experiatur,
1021 5712 1086 5764 ut
1135 5706 1391 5764 hostium
1449 5708 1766 5766 amicitiam
1817 5719 2048 5785 expetat

2161 5351 2402 5432 ἔχοντες,
2445 5357 2536 5410 καὶ
2593 5352 2804 5428 μηδένα
2853 5351 3092 5416 δεδιότες
3149 5355 3242 5410 τὸν
3302 5351 3390 5407 ἐπὶ
3446 5355 3526 5421 τῷ
3579 5348 3818 5406 κολάσαι

2163 5445 2580 5520 ἂναδιφήσοντα.
2615 5447 2683 5502 Οἱ
2715 5442 2772 5501 δὲ
2797 5445 2866 5500 τὸ
2905 5445 3061 5520 γένος
3118 5441 3369 5518 λαμπροὶ
3401 5441 3492 5496 καὶ
3554 5439 3818 5510 ἐπίσημοι

2161 5534 2230 5590 δι’
2261 5537 2560 5610 ἡγεμονίαν
2591 5533 2954 5611 ἤάρχηγίαν,
3005 5535 3158 5589 οὗτοι
3209 5533 3264 5596 ἐς
3317 5530 3514 5606 ἄθρουν
3571 5527 3818 5583 ἁλισθέν-

2157 5646 2244 5686 τες
2305 5626 2584 5700 σύνταγμα
2641 5618 3122 5699 διαπρεσϐεύωνται
3193 5619 3430 5697 βασιλεῖ,
3487 5615 3820 5693 συγγνώμην

2159 5713 2434 5778 αἰτοῦντες
2465 5715 2554 5778 οἷς
2583 5712 2890 5785 ἀπέστησαν
2943 5714 3034 5768 ἀπ’
3092 5711 3258 5768 αὐτοῦ
3305 5706 3398 5764 καὶ
3462 5711 3544 5783 τῷ
3587 5705 3802 5762 ἀποστά
