4098 6292
346 359 466 427 783

1504 355 1605 415 DE
1650 354 1965 417 lSAACIO
2009 355 2319 418 ANGELO
2366 360 2511 421 LIB.
2560 364 2610 421 Ι.

3655 372 3774 432 7M

345 523 420 577 τῃ
452 495 933 569 ἰπηκολούθησαν,
973 494 1064 549 καὶ
1124 492 1270 569 παρὰ
1329 490 1602 569 βασιλὲως
1641 488 2010 565 λαμϐάνοντες

2135 510 2339 567 eosque
2370 513 2471 567 pro
2502 497 2709 554 amicis
2741 498 2913 554 colat.
2950 500 3083 565 Qus:
3123 517 3254 556 cum
3288 501 3458 571 legati
3492 504 3772 560 submur-

352 591 418 646 τὸ
474 584 801 660 ἂνὲγιιλητον
856 581 1046 659 ἀγαθοὶ
1103 582 1195 637 καὶ
1250 582 1440 638 πιστοὶ
1480 580 1800 657 θεράποντες
1841 580 1893 642 ἐς
1948 581 2012 635 τὸ

359 676 569 754 μὲλλον
603 670 813 739 ἔσεσθαι
863 674 1220 738 συνετίθεντο,
1277 670 1382 727 κάκ
1436 675 1545 727 τῶν
1602 667 1778 746 ἔργων
1833 669 2009 725 αὐτῶν

363 763 642 836 ὑποδεῖξαι
670 764 769 833 τὴν
830 761 1115 835 μετάνοιαν
1172 758 1252 837 ἐφ’
1312 761 1399 822 οἷς
1451 758 1511 816 ἐκ
1566 758 1861 834 παρανοίας
1914 779 2014 815 πε-

358 856 714 931 παρῳνήκασι
781 853 917 908 κατὰ
972 855 1070 908 τοῦ
1135 851 1331 925 κυρίου
1389 848 1660 925 βασιλέως
1713 847 2011 927 ἐφοπλισά-

364 965 535 1019 μενοι.
573 943 637 1000 Εἰ
670 940 726 997 δὲ
775 940 1051 1015 βασιλεὺς,
1111 940 1261 1018 φασὶ,
1314 939 1377 995 τὸ
1432 945 1530 1008 τῆς
1588 942 1775 1014 ψυχῆς
1808 938 2016 1011 θυμού-

361 1053 521 1107 μενον
576 1030 834 1087 πλουτῶν
885 1029 1205 1102 ἆμετίθετον
1263 1028 1362 1083 ούκ
1418 1028 1670 1103 αὐτῆμαρ
1718 1028 2012 1103 καταπέψει

354 1123 455 1190 τὴν
495 1119 855 1196 ὀργιλότητα,
895 1115 1023 1174 ἀλλ’
1084 1118 1326 1173 ἐσέπειτα
1385 1119 1571 1188 στήσει
1627 1118 1692 1171 τὰ
1748 1118 2011 1190 ἡμαρτη-

362 1211 497 1283 μὲνα
542 1209 721 1285 σφίσιν
759 1207 966 1278 αὐτοῖς,
1023 1206 1081 1261 ὅν
1142 1206 1375 1280 ὑπὲτυφε
1430 1206 1589 1261 κότον
1650 1205 1726 1268 εἷς
1783 1213 2012 1275 σπινθῆ-

360 1320 457 1375 ρας
497 1297 867 1374 ἀναρριπίζων
924 1298 1121 1370 θυμοῦ,
1182 1296 1273 1351 καὶ
1330 1294 1488 1353 αὐτοὶ
1537 1298 1850 1369 φευξοῦνται
1909 1295 2014 1351 ἀπὸ

356 1388 658 1463 προσώπου
711 1391 809 1442 τοῦ
872 1384 1144 1461 βασιλέως
1202 1385 1292 1440 καὶ
1350 1386 1443 1439 τὸν
1498 1385 1645 1460 παρᾶ
1702 1389 1819 1446 τοῖς
1887 1383 2016 1461 φιλ-

358 1480 653 1553 εχθροῦσιν
729 1469 899 1539 ἔθνεσι
974 1474 1273 1547 Ῥωμαίοις
1350 1475 1677 1545 ζητήσουσιν
1782 1467 2011 1548 ἔσχατον

359 1567 627 1638 σταθμὸν.
693 1564 912 1619 κάκεῖνα
986 1564 1297 1635 Ῥωμαίους
1356 1560 1676 1639 ἐργάσονται
1754 1563 1853 1617 ὅσα
1928 1563 2013 1624 οῖς

2122 593 2478 648 murassent,
2507 586 2825 655 imperator
2853 589 3204 659 impunitate
3236 593 3510 647 omnibus
3544 609 3775 649 conces-

2120 689 2313 737 sa,eos
2344 675 2445 746 qui
2475 678 2819 732 accedebant
2851 678 3104 751 benigne
3145 687 3449 752 susceptos
3500 684 3774 739 monebat

2124 772 2184 817 ut
2244 765 2595 833 pcenitentite
2646 767 2718 820 ob
2774 767 3055 823 violatum
3111 770 3534 841 jusjurandum
3579 772 3773 828 decla-

2124 851 2320 908 randae
2349 870 2528 909 causa
2562 855 2951 925 patriarcham
3005 858 3256 925 adirent,
3316 876 3493 932 seque
3537 862 3773 917 anathe-

2126 948 2278 995 mate
2310 942 2454 996 solvi
2488 950 2772 1014 peterent,
2822 962 2934 1017 quo
2987 964 3020 999 ιι
3068 948 3319 1019 civibus,
3361 965 3495 1005 cum
3534 949 3769 1007 illorum

2124 1030 2384 1085 facinora
2404 1048 2473 1086 ex
2502 1034 2762 1089 turribus
2788 1041 3139 1105 spectarent,
3161 1037 3423 1093 obstricti
3447 1044 3660 1095 essent.
3695 1042 3773 1096 Ac

2125 1119 2535 1192 multi,quibus
2554 1122 2755 1193 religio
2778 1124 2938 1179 cordi
2979 1133 3125 1193 erat,
3151 1127 3232 1181 ita
3269 1127 3559 1183 fecerunt:
3583 1128 3774 1184 cmteri

2126 1225 2255 1263 vero
2278 1215 2422 1263 nutu
2447 1210 2653 1279 capitis
2694 1211 2974 1267 duntaxat
3015 1214 3397 1270 admonitioni
3445 1216 3527 1272 illi
3553 1218 3775 1273 assensi

2127 1298 2324 1368 magni
2347 1298 2547 1368 templi
2583 1299 2907 1370 ingressum
2935 1306 2991 1357 et
3021 1304 3442 1359 confessionem
3471 1322 3572 1376 pro
3598 1306 3773 1377 nugis

2125 1386 2486 1455 habuerunt;
2514 1405 2581 1443 ne
2596 1388 2784 1443 dicam
2803 1389 2981 1444 fuisse
2997 1393 3284 1461 quosdam
3303 1393 3656 1463 petulantes,
3674 1396 3772 1465 qui

2125 1477 2568 1543 cumexiissent,
2597 1477 3007 1547 imperatorem
3043 1481 3346 1536 deriserint
3377 1482 3778 1538 etsubsanna—

2125 1565 2407 1619 rintnihil
2441 1581 2569 1621 esse
2601 1567 2729 1620 novi
2763 1566 3047 1636 dicentes,
3080 1570 3236 1626 510
3267 1570 3318 1624 si
3375 1570 3424 1625 is
3466 1572 3565 1643 qui
3595 1572 3774 1628 sacri-

358 1653 775 1731 προσερῥύησαν
841 1651 969 1728 δρᾷν
1036 1648 1295 1732 ὤφειλον,
1363 1651 1477 1707 ἐπεὶ
1549 1648 1690 1723 μηδέ
1745 1652 1926 1706 καινὸν
1968 1651 2014 1705 εί

2135 1653 2333 1708 ﬁculus
2359 1653 2497 1708 olim
2516 1655 2895 1726 fuisset(nam
2914 1656 2971 1711 id
2985 1657 3158 1712 etiam
3174 1659 3223 1713 ei
3250 1657 3478 1715 crimini
3504 1659 3772 1732 dabatur)

360 1740 542 1822 διφῴη
573 1764 657 1804 τις
687 1741 778 1798 τὸν
813 1740 1111 1797 ἀντίπαλον
1168 1761 1258 1795 και
1305 1739 1629 1796 κολακεύσει
1685 1740 1899 1795 τουτονὶ
1940 1740 2013 1801 ὡς

361 1833 571 1911 φίλιον,
603 1835 695 1887 τὸν
729 1832 931 1886 οίκεῖον
988 1829 1251 1904 εὑρίσκων
1300 1834 1587 1903 πολέμιον.
1618 1832 1799 1886 Ταῦτα
1830 1829 1885 1883 οἱ
1921 1830 2014 1903 μὲν

359 1916 616 1998 πρεσϐεις
677 1919 1121 1995 ὑπετονθόρυσαν’
1184 1920 1438 1995 βασιλεὺς
1506 1916 1565 1973 δὶ
1620 1924 1779 1973 πᾶσιν
1836 1918 2016 1990 ἀμνη-

2127 1742 2272 1813 ipsis
2294 1742 2469 1797 etiam
2494 1758 2561 1797 ea
2594 1744 2986 1813 praescriberet
3020 1762 3145 1817 qus:
3174 1764 3208 1801 a
3238 1764 3415 1818 puero
3451 1749 3771 1805 didicisset.

2128 1830 2291 1886 Multi
2324 1831 2422 1903 qui
2480 1833 2550 1887 ad
2608 1833 2859 1887 Asanem
2920 1841 2975 1889 et
3012 1834 3247 1891 Petrum
3292 1854 3353 1892 se
3384 1839 3773 1905 contulerant,

2127 1918 2301 1991 paulo
2331 1928 2461 1991 post
2490 1920 2853 1993 imperatoris
2884 1922 3094 1978 litteris
3128 1925 3373 1981 revocati
3407 1931 3565 1982 sunt.

360 2013 520 2067 στίαν
576 2006 890 2083 ἑϐράϐευσε,
947 2010 1036 2063 καὶ
1096 2007 1221 2071 τοὺς
1298 2010 1623 2085 προσιόντας
1689 2008 1930 2081 εὐμενῶς
1995 2004 2440 2082 προσδεχόμενος
2502 2007 2726 2082 παρῄνει
2809 2010 3113 2082 μετάμελον
3183 2011 3271 2067 ἐπὶ
3335 2015 3403 2086 τῇ
3472 2008 3776 2088 παραϐάσει

356 2108 466 2157 τῶν
533 2100 673 2172 πρὸς
740 2098 901 2154 αὐτὸν
970 2099 1388 2173 ὀμωμοσμένων
1464 2094 1846 2168 ἐνδείκνυσθαι,
1903 2097 1993 2151 καὶ
2053 2098 2300 2172 ἀρχιερεῖ
2367 2097 2684 2152 όπτάνεσθαι
2747 2104 2826 2171 τῷ
2898 2099 3146 2173 μεγάλῳ,
3213 2100 3303 2155 καὶ
3382 2107 3564 2171 ζητεῖν
3632 2102 3776 2158 ἐκεῖ·

358 2202 447 2255 θεν
509 2188 667 2245 λύσιν
726 2192 824 2243 τοῦ
879 2187 1211 2261 ἂναθὲματος
1270 2189 1418 2262 ᾧπερ
1470 2186 1667 2249 αὐτοὺς
1726 2186 1777 2241 οἳ
1834 2193 1933 2255 τῆς
1991 2186 2208 2249 πόλεως
2287 2185 2574 2261 οἰκήτορες
2656 2183 3058 2259 καθυπέϐαλον,
3120 2189 3317 2254 ἄνωθεν
3378 2190 3605 2253 ἑστῶτες
3665 2196 3778 2247 τῶν

359 2276 756 2357 πυργοϐἀρεων
788 2278 877 2334 καὶ
908 2280 975 2334 τὰ
1026 2280 1154 2352 παρ’
1185 2275 1358 2333 αὒτῶν
1413 2278 1676 2351 θεώμενοι
1735 2273 2008 2351 δρώμενα.
2066 2276 2171 2333 Καὶ
2230 2275 2435 2332 πολλοὶ
2491 2282 2570 2349 τῷ
2629 2278 2943 2354 πατριάρχῃ
2975 2279 3387 2354 προσηλθοσαν,
3428 2280 3580 2343 ὅσοις
3638 2282 3775 2345 τέως

356 2368 649 2435 εὐλαϐείας
720 2373 910 2444 μεθῆν’
982 2371 1033 2425 οἱ
1098 2367 1158 2423 ’δ’
1225 2368 1393 2425 ἄλλοι
1447 2372 1516 2443 τῇ
1583 2370 1892 2424 κατανεύσει
1958 2374 2058 2436 τῆς
2121 2367 2364 2447 κεφαλῆς
2438 2370 2501 2423 τὸ
2573 2371 2739 2443 πέρας
2778 2377 2880 2440 τῆς
2916 2372 3302 2446 παραιφάσεως
3351 2375 3771 2449 συμμετρήσαν-

354 2485 443 2526 τες
512 2464 586 2525 ὡς
651 2460 823 2536 λῆρον
890 2462 1172 2538 ἡγήσαντο
1227 2462 1326 2530 τὴν
1387 2459 1467 2521 εἷς
1523 2460 1615 2514 τὸν
1688 2458 1850 2534 μέγαν
1914 2458 2045 2512 νεὼν
2104 2457 2279 2535 ἄφιξίν
2336 2480 2394 2514 τε
2442 2459 2531 2514 καὶ
2599 2459 2953 2535 ἐξαγόρευσιν.
2989 2465 3096 2519 Ἐῶ
3145 2463 3248 2538 γὰρ
3281 2463 3459 2536 λέγειν
3494 2466 3566 2526 ὡς
3630 2466 3768 2535 ἦσαν

361 2550 415 2608 ο’ί
469 2557 580 2608 τῶν
640 2549 956 2606 ἀτασθάλων
1007 2551 1142 2623 μετὰ
1196 2552 1296 2618 τὴν
1358 2547 1417 2603 ἐκ
1471 2549 1770 2622 προσώπου
1825 2552 1923 2602 τοῦ
1993 2544 2267 2621 βασιλέως
2327 2546 2590 2617 ἐξέλευσιν
2652 2547 3003 2624 διεχλεύαζον
3065 2551 3225 2606 αὐτὸν
3304 2552 3394 2606 καὶ
3462 2551 3769 2626 ἐξεμυκτή-

362 2647 535 2718 ριζον,
563 2640 653 2695 καὶ
686 2639 749 2694 ού
781 2638 961 2694 καινὸν
1010 2635 1194 2712 ἔλεγον
1246 2638 1291 2692 εἰ
1337 2642 1452 2709 Θεῷ
1501 2632 1763 2709 πρότερον
1818 2636 2149 2707 κληρωθεῖς,
2209 2634 2324 2690 ἐπεὶ
2371 2637 2459 2692 καὶ
2511 2642 2672 2692 τοῦτο
2723 2633 3211 2711 προσοιεϐἐϐλητο,
3246 2638 3424 2694 ἐκεῖνα
3451 2643 3540 2695 καὶ
3587 2643 3773 2704 αὑτοῖς

371 2732 658 2808 ὑφηγεῖται
689 2733 781 2782 νῦν
817 2728 991 2782 ὁπόσα
1022 2724 1088 2797 δὴ
1116 2728 1205 2781 καὶ
1239 2725 1289 2796 ἐξ
1316 2723 1523 2795 ἐφήὸου
1556 2722 1885 2780 δεδίδακται.
1920 2723 2135 2779 Πολλοὶ
2160 2721 2216 2779 δὲ
2263 2726 2349 2779 καὶ
2390 2730 2469 2798 τῷ
2512 2726 2673 2783 Ἀσὰν
2711 2728 2801 2781 καὶ
2830 2726 2909 2799 τῷ
2941 2727 3127 2803 Πὲτρῳ
3151 2726 3585 2803 προσερῥύησαν·
3620 2727 3769 2784 ἁλλᾶ

358 2820 449 2875 καὶ
484 2819 632 2873 οὗτοι
656 2816 945 2892 γράμμασι
981 2815 1287 2891 βασιλικοῖς
1332 2815 1466 2888 μετὰ
1499 2814 1693 2888 μικρὸν
1734 2812 2125 2883 ἐπανήλθοσαν.

440 2907 491 2962 ι’.
543 2905 724 2962 ’Άλλο
788 2903 832 2960 δ’
892 2904 982 2960 ἐπὶ
1037 2904 1253 2965 τούτοις
1311 2902 1798 2975 παρηκολούθησεν
1854 2897 2012 2975 ἔργον

368 2993 843 3070 παραλογώτατον·
915 2995 943 3050 ὁ
1010 2995 1113 3070 γὰρ
1196 2991 1450 3067 βασιλεὺς
1525 2996 1685 3046 πᾶσιν
1763 2988 2016 3046 ὶνέδωκεν

365 3082 609 3158 ἀτεχνῶς
686 3084 939 3146 ἆστυκοῖς
995 3102 1053 3136 τε
1132 3082 1224 3136 καὶ
1301 3079 1657 3156 ἀλλοχώροις
1716 3079 2014 3155 διεχεῖσθαι

360 3173 450 3228 καὶ
509 3179 686 3235 κακῶς
741 3171 866 3248 δρᾷν
928 3171 1120 3228 ὀπόσοι
1178 3172 1314 3246 πρὸς
1390 3174 1595 3245 Βρανᾶν
1667 3171 2016 3245 μετετάξαντο

353 3267 465 3317 τῶν
517 3282 577 3317 τε
632 3264 809 3340 ἀγχοῦ
865 3268 967 3331 τῆς
1023 3260 1240 3321 πόλεως
1296 3261 1537 3335 ἀγροτῶν
1596 3260 1685 3314 γαὶ
1744 3265 1850 3315 τῶν
1917 3261 2018 3327 τήν

357 3348 704 3427 Προποντίδα
752 3349 1041 3426 λαχόντων
1102 3350 1179 3414 εἰς
1235 3347 1473 3420 οἷ’κησιν.
1525 3350 1629 3406 Καὶ
1659 3350 1762 3418 τὴν
1798 3351 1891 3421 μὲν
1919 3356 2019 3417 τῆς

359 3440 572 3516 ἡμέρας
625 3438 834 3510 ἐκείνης
914 3436 1176 3514 διάδοχον
1249 3437 1414 3494 νύκτα
1485 3440 1604 3493 καθ’
1662 3439 1729 3510 ἣν
1809 3440 2019 3511 Βρανᾶς

360 3529 757 3603 κατηγώνιστο,
827 3527 1023 3584 ἰνίεται
1087 3532 1207 3591 ταῖς
1283 3526 1482 3588 οΐκίαις
1555 3532 1663 3582 τῶν
1741 3524 2022 3598 δυστήνων

361 3618 719 3695 Προποντίων
768 3619 829 3673 τὸ
894 3620 981 3689 [Ρ.
1015 3620 1141 3689 2501
1209 3618 1369 3693 ὑγρὸν
1429 3621 1559 3693 πῦρ,
1623 3616 1653 3672 ὅ
1708 3622 1825 3679 τοῖς
1891 3619 2020 3672 στὲ-

365 3728 553 3785 γουσιν
613 3705 880 3783 ίφυπνοῦν
941 3706 1149 3761 σκεύεσι
1207 3706 1345 3761 κατὰ
1400 3705 1495 3768 τὰς
1550 3705 1830 3780 ἀστραπὰς
1877 3703 2022 3775 ἐξαί-

368 3816 504 3874 φνης
563 3794 793 3869 προῒησι
848 3794 915 3848 τὰ
967 3789 1246 3865 ἐξάλματα
1329 3791 1418 3847 καὶ
1477 3796 1700 3866 πιμπρᾷ
1764 3795 1886 3856 καθ’
1951 3793 2024 3845 ὧν

366 3882 685 3941 διεκπῖπτον
762 3882 998 3960 ἀφίεται.
1058 3883 1134 3939 Τὸ
1195 3879 1252 3937 δὲ
1312 3877 1518 3958 λάϐρον
1595 3881 1830 3954 ἐμπεσὸν
1904 3887 2023 3943 τοῖς

366 3972 696 4053 δρυφάκτοις
772 3969 1150 4046 ἐπυρπόλησεν
1226 3973 1362 4025 ἅπαν
1464 3968 1841 4043 οἴκοδόμημα,
1921 3970 2027 4025 εἴτε

360 4063 591 4137 τέμενος
657 4066 819 4117 τοῦτο
888 4060 1039 4136 ἅγιον
1116 4061 1182 4129 ἦν
1256 4060 1365 4116 ε’ἰτε
1432 4066 1679 4133 σεμνεῖον
1745 4060 1888 4134 ἱερὸν
1920 4058 2027 4114 ε’ἰτε

364 4151 579 4225 οἴκημα
657 4148 957 4205 ίδιωτικόνο
1038 4150 1125 4204 καὶ
1220 4153 1317 4204 τοῦ
1390 4153 1561 4204 κακοῦ
1636 4151 1780 4223 παρὰ
1854 4154 2026 4204 πᾶσαν

366 4242 592 4313 δόκησιν
642 4239 968 4303 ἐπελθόντος
1016 4238 1077 4293 ού
1140 4238 1305 4312 μόνον
1374 4238 1442 4293 τὰ
1504 4234 1746 4311 μέλαθρα
1802 4238 1862 4292 τὸ
1923 4241 2028 4312 πῦρ

367 4331 659 4405 ἐπενέμετο
690 4330 780 4385 καὶ
813 4332 848 4399 ἡ
884 4327 1020 4406 φλὸξ
1058 4332 1258 4402 μικροῦ
1305 4327 1542 4403 διεῖρπεν
1590 4326 1849 4401 αἰθέριος,
1883 4327 2027 4383 ἀλλὰ

368 4423 461 4477 καὶ
490 4423 584 4483 τὰς
643 4419 832 4483 οὐσίας
886 4413 1209 4474 ἐπεϐόσκετο
1260 4422 1371 4473 τῶν
1429 4418 1756 4491 ἀνθρώπων,
1806 4414 2029 4478 οὐδενὸς

2200 2905 2285 2959 10.
2319 2909 2456 2960 Post
2486 2905 2605 2962 hanc
2637 2907 2971 2976 imperator,
3004 2907 3152 2977 quod
3189 2906 3349 2962 haud
3398 2907 3540 2964 satis
3572 2907 3775 2964 mirari

2127 2994 2626 3065 queas,concessit
2655 2996 2929 3051 omnibus
2958 3001 3078 3051 tam
3112 2995 3335 3052 civibus
3394 3013 3570 3067 quam
3615 3014 3779 3069 pere-

2078 3125 2089 3147 ,
2128 3082 2334 3155 grinis,
2369 3087 2432 3138 ut
2464 3083 2606 3138 urbe
2637 3084 2804 3140 elfusi
2851 3101 3053 3140 omnes
3107 3101 3205 3140 eos
3265 3085 3412 3141 male
3460 3090 3778 3142 tractarent

2128 3172 2226 3243 qui
2260 3173 2328 3228 ad
2365 3172 2611 3227 Branam
2647 3173 2994 3239 defecerant,
3028 3174 3422 3243 suburbanos,
3457 3173 3678 3232 villicos
3715 3180 3775 3232 et

2125 3259 2495 3332 Propontidis
2528 3259 2770 3317 incolas.
2804 3261 2997 3331 anue
3038 3266 3207 3316 nocte
3253 3278 3382 3332 quas
3437 3264 3633 3318 Branaa
3681 3262 3774 3318 in-

2124 3349 2362 3404 teritum
2395 3355 2710 3406 consecuta
2738 3356 2875 3417 est,.
2904 3349 3138 3406 Graecus
3192 3350 3346 3421 ignis
3403 3353 3671 3409 aediﬁciis
3702 3356 3769 3409 ad

2125 3438 2339 3494 fretum
2369 3438 2499 3495 sitis
2528 3438 2814 3511 injicitur,
2849 3440 2947 3513 qui
2981 3441 3042 3496 in
3073 3440 3227 3496 vasis
3255 3441 3542 3509 occultus,
3576 3444 3770 3501 subito

2130 3528 2379 3601 tulguris
2402 3529 2585 3585 instar
2614 3530 2892 3596 emicans,
2920 3530 3118 3585 omnia
3158 3547 3284 3601 qua
3343 3532 3649 3602 contigerit
3679 3534 3767 3586 in-

2128 3617 2338 3673 cendit.
2374 3619 2482 3684 Qui
2513 3634 2647 3673 cum
2680 3620 2737 3674 in
2773 3618 3038 3674 tabulata
3070 3617 3389 3686 incidisset,
3414 3621 3610 3675 omnia
3641 3621 3783 3675 tedi-

2129 3706 2262 3761 licia
2292 3712 2407 3761 tam
2443 3722 2610 3761 sacra
2639 3722 2811 3775 quam
2847 3708 3110 3777 profana,
3161 3710 3281 3760 tam
3343 3706 3566 3777 privata
3595 3723 3775 3777 quam

2133 3794 2364 3864 publica
2397 3794 2674 3849 incendit.
2719 3795 2778 3849 Id
2817 3793 3036 3849 malum
3068 3811 3201 3849 cum
3239 3801 3443 3866 praeter
3485 3802 3780 3867 exspecta-

2133 3884 2348 3938 tionem
2375 3884 2825 3951 accidisset,non
2856 3884 3007 3938 {edes
3041 3885 3209 3938 modo
3235 3883 3472 3938 ﬂamma
3502 3883 3559 3938 in
3594 3883 3780 3939 altum

2133 3970 2284 4027 elata
2301 3971 2399 4026 sed
2415 3973 2591 4026 etiam
2606 3971 2755 4027 bona
2772 3971 3119 4027 miserorum
3135 3972 3278 4028 absu
3291 3973 3505 4037 mebat,
3525 3989 3655 4028 cum
3689 3975 3749 4028 ni
3763 4003 3788 4017 -

2137 4059 2215 4114 hil
2242 4059 2463 4131 eripere
2484 4066 2587 4115 aut
2602 4062 2912 4116 transferre
2927 4066 3168 4131 possent
3181 4062 3293 4116 nisi
3311 4077 3482 4132 parva
3497 4066 3761 4133 quaedam
3774 4106 3787 4119 .

2139 4148 2424 4205 Postridie
2450 4164 2619 4204 mane
2655 4148 2857 4204 Latina
2911 4149 3119 4204 cohors
3166 4150 3413 4205 Conradi
3460 4151 3700 4207 Caesaris
3732 4159 3791 4207 et

2141 4239 2477 4311 promiscua
2505 4243 2561 4294 et
2591 4238 2945 4310 paupercula
2971 4240 3142 4294 turba
3177 4240 3317 4295 urbe
3366 4242 3684 4313 egreditur.
3716 4241 3783 4297 Hi

2141 4326 2618 4397 circumjecentia
2640 4327 2786 4382 5“
2817 4325 3016 4382 omnia
3040 4326 3352 4398 pervagati,
3370 4327 3581 4398 partim
3597 4322 3787 4384 adhuc

2143 4417 2372 4484 armati,
2400 4416 2609 4485 partim
2643 4414 2776 4470 telis
2804 4415 2991 4470 obiter
3038 4415 3305 4485 arreptis,
3360 4418 3500 4486 quid
3561 4433 3674 4472 non
3707 4434 3795 4474 ra-

376 4512 610 4584 ἁρπάσαι
666 4531 718 4564 τι
778 4510 865 4564 καὶ
932 4514 1267 4584 μετενεγκεῖν
1320 4505 1552 4587 ἔχοντος
1601 4506 1646 4561 εί
1683 4508 1758 4578 μὴ
1791 4504 1891 4561 ὅσα
1920 4511 2022 4561 τῶν

2144 4475 2446 4578 ρυριιυιίίῩ
2475 4520 2590 4576 quo
2604 4503 2818 4560 scelere
2842 4475 3789 4574 abstinuerunt?'dit:ueruntredes,

380 4601 681 4675 χρημάτων
744 4596 1040 4674 εὒάγκαλα.
1092 4598 1241 4654 Κατᾶ
1297 4594 1355 4651 δί
1411 4598 1511 4666 τήν
1576 4597 1689 4668 μετ’
1751 4597 1917 4664 αὐτὴν
1957 4592 2031 4649 ἕω

373 4686 562 4761 ἔξεισιν
619 4689 695 4751 ὡς
756 4687 815 4742 ἐκ
871 4685 1263 4760 προσκλήσεως
1318 4686 1382 4740 τὸ
1440 4685 1727 4740 Λατινικὸν
1786 4685 2033 4757 στῖφοςὸ

370 4784 454 4852 τῷ
493 4775 769 4854 Κορῥάδῳ
826 4776 1057 4850 Καίσαρι
1117 4775 1465 4830 συνετέτακτο
1522 4774 1612 4828 καὶ
1662 4773 1724 4828 τὸ
1776 4771 2031 4846 ἀγελαῖον

369 4868 465 4924 καὶ
493 4869 789 4942 πτωχεῦον
819 4864 1035 4933 πλῆθος
1066 4870 1167 4933 τῆς
1208 4861 1450 4935 πόλεως,
1483 4863 1572 4918 καὶ
1614 4865 1681 4917 τὰ
1723 4863 1876 4935 πέριξ
1918 4859 2033 4916 δια-

374 4955 694 5032 δραμόντες,
719 4956 771 5011 οἱ
805 4956 901 5029 μὲν
943 4952 1023 5011 ἔτι
1080 4954 1147 5009 τὰ
1203 4952 1352 5009 ὅπλα
1391 4955 1665 5029 φέροντες,
1700 4954 1752 5008 οἱ
1785 4950 1834 5007 δ’
1861 4954 2035 5022 ἂμυν-

370 5045 552 5119 τηρίῳ
599 5048 679 5115 τῷ
729 5041 1110 5118 παρευρεθὲντι
1171 5044 1477 5120 χρώμενοι,
1510 5041 1564 5096 τί
1594 5042 1689 5114 μὶν
1720 5039 1828 5113 οὐχ
1852 5040 2036 5114 ἣρπα-

372 5154 492 5204 σαν,
551 5130 604 5188 τί
661 5129 719 5187 δὶ
779 5131 1055 5206 χείριστον
1143 5130 1242 5185 οὐκ
1328 5128 1699 5206 εἷργάσαντο;
1759 5128 2036 5199 οἰκήματα

368 5225 730 5298 κατήρειψαν,
792 5222 882 5277 τὸν
942 5215 1090 5275 ἔνδον
1149 5217 1390 5275 πλοῦτον
1450 5213 1867 5294 περιεϐάλοντο,
1917 5214 2037 5289 ἱερᾶ

371 5311 744 5389 ἁνηρεύνησαν
804 5311 1216 5384 φροντιστήρια,
1276 5304 1483 5363 ἔπιπλα
1549 5308 1840 5385 ἀφείλοντο
1898 5326 2034 5360 παν-

374 5409 507 5478 αγῆ,
555 5400 720 5469 σκεύη
779 5396 938 5470 τίμια
996 5393 1370 5468 ὲϐεϐήλωσαν,
1432 5400 1644 5469 σεμνῶν
1690 5393 2032 5467 μοναζόντων

377 5492 478 5547 ούκ
529 5485 839 5565 ᾐδέσθησαν
889 5485 1108 5556 πολιὰν,
1193 5485 1409 5560 ἀρετῆς,
1486 5486 1552 5556 ἢν
1618 5485 1707 5540 καὶ
1764 5481 2033 5555 πολέμιος

384 5577 496 5635 οἶδε
546 5582 736 5653 τιμᾷν,
798 5573 1105 5652 ἠλόγησαν,
1161 5577 1251 5629 καὶ
1299 5572 1391 5629 ’ίνα
1441 5574 1509 5630 τὰ
1545 5573 1731 5630 πολλὰ
1762 5572 2031 5644 συντέμω,

387 5674 555 5727 πᾶσαν
610 5666 853 5725 κάκωσιν
912 5666 1030 5732 καθ’
1086 5665 1161 5721 ὧν
1220 5662 1449 5741 ιπῄεσαν
1499 5661 1856 5738 ἐπεδείξαντο,
1888 5659 2035 5737 Πολτ

2142 4611 2281 4666 opes
2318 4594 2709 4666 diripuerunt,
2771 4595 3123 4649 monasteria
3174 4594 3416 4648 scrutati
3461 4594 3795 4665 suppellec-

2146 4684 2271 4739 tilia
2292 4689 2664 4739 sacrosancta
2696 4681 3083 4751 abstulerunt,
3116 4698 3255 4736 vasa
3300 4682 3555 4753 pretiosa
3596 4684 3792 4753 prol'a-

2150 4772 2771 4837 narunt,venerabilem
2800 4772 3217 4828 monachorum
3269 4775 3628 4826 senectutem
3675 4789 3792 4828 non

2146 4862 2374 4918 reveriti
2398 4868 2569 4917 sunt:
2592 4861 2861 4916 virtutem
2892 4877 3066 4931 quam
3100 4860 3290 4916 hostis
3320 4860 3496 4915 etiam
3529 4862 3791 4918 venerari

2146 4949 2740 5021 solet,neglexerunt;
2773 4952 3025 5020 denique
3057 4966 3127 5004 ne
3161 4950 3271 5003 sim
3312 4948 3604 5020 prolixior,
3628 4967 3793 5007 omne

2147 5040 2429 5095 malorum
2463 5055 2650 5109 genus
2680 5039 2940 5109 quolibet
2989 5054 3187 5094 secum
3246 5038 3592 5094 attulerunt.
3627 5040 3791 5097 Multi

2146 5127 2296 5199 quod
2320 5128 2393 5182 ob
2417 5126 2797 5197 direptionem
2816 5127 3023 5181 aedium
3040 5143 3282 5182 suarum
3299 5135 3793 5196 murmurassent,

2146 5216 2322 5274 occisi
2356 5227 2510 5273 sunt.
2550 5219 2631 5272 Ac
2660 5234 2728 5272 ea
2758 5217 3065 5273 calamitas
3092 5215 3270 5273 latius
3300 5222 3510 5288 vagata
3568 5234 3632 5272 ac
3664 5219 3793 5273 diu-

2146 5308 2266 5363 tius
2298 5313 2353 5363 et
2384 5307 2649 5363 acerbius
2673 5311 2937 5376 grassata
2966 5312 3168 5386 esset,.
3189 5306 3301 5362 nisi
3351 5308 3587 5377 quidam
3634 5308 3793 5377 gravi

2146 5398 2340 5452 dolore
2369 5395 2643 5451 commoti
2679 5412 2805 5451 eam
2841 5396 3146 5450 audaciam
3180 5395 3514 5467 imperatori
3538 5395 3793 5448 indicas-

2147 5491 2296 5554 sent,
2340 5502 2593 5557 eumque
2634 5483 3027 5555 perpulissent
3079 5488 3142 5539 ut
3194 5482 3326 5538 viris
3376 5482 3668 5538 nobilibus
3734 5486 3793 5535 et

2145 5576 2423 5648 dignitate
2455 5575 2869 5646 praestantibus
2889 5574 3088 5630 missis
3112 5574 3576 5644 importunorum
3598 5570 3788 5625 homi-

2146 5681 2288 5722 num
2317 5663 2602 5738 impetum
2631 5662 3027 5737 repressisset.
