  <div class='ocr_page' id='page_1' title='image "/cluster/home/n/w/nwhite01/storage/ocr_20150623/139/mdp.39015078384214/387.png"; bbox 0 0 4098 6292; ppageno 0'>
   <div class='ocr_carea' id='block_1_1' title="bbox 356 226 3783 309">
    <p class='ocr_par' dir='ltr' id='par_1_1' title="bbox 356 226 3783 309">
     <span class='ocr_line' id='line_1_1' title="bbox 356 226 3783 309; baseline -0.007 0"><span class='ocrx_word' id='word_1_1' title='bbox 356 249 472 309; x_wconf 71' lang='lat'>755</span> <span class='ocrx_word' id='word_1_2' title='bbox 1676 238 1986 300; x_wconf 64' lang='lat' dir='ltr'>NICETJE</span> <span class='ocrx_word' id='word_1_3' title='bbox 2031 235 2454 299; x_wconf 67' lang='lat' dir='ltr'>CHONIATJE</span> <span class='ocrx_word' id='word_1_4' title='bbox 3667 226 3783 286; x_wconf 75' lang='lat'>756</span> 
     </span>
    </p>
   </div>
   <div class='ocr_carea' id='block_1_2' title="bbox 355 355 3780 444">
    <p class='ocr_par' dir='ltr' id='par_1_2' title="bbox 355 355 3780 444">
     <span class='ocr_line' id='line_1_2' title="bbox 355 355 3780 444; baseline -0.006 -8"><span class='ocrx_word' id='word_1_5' title='bbox 355 379 446 436; x_wconf 85' lang='grc' dir='ltr'>λοὶ</span> <span class='ocrx_word' id='word_1_6' title='bbox 477 377 535 434; x_wconf 72' lang='grc' dir='ltr'>δὲ</span> <span class='ocrx_word' id='word_1_7' title='bbox 567 377 658 433; x_wconf 88' lang='grc' dir='ltr'>καὶ</span> <span class='ocrx_word' id='word_1_8' title='bbox 690 375 771 432; x_wconf 75' lang='grc' dir='ltr'>ὅτι</span> <span class='ocrx_word' id='word_1_9' title='bbox 801 379 908 431; x_wconf 90' lang='grc' dir='ltr'>τῶν</span> <span class='ocrx_word' id='word_1_10' title='bbox 941 375 1061 429; x_wconf 86' lang='grc' dir='ltr'>κατ’</span> <span class='ocrx_word' id='word_1_11' title='bbox 1087 372 1234 428; x_wconf 65' lang='grc' dir='ltr'>οἶκον</span> <span class='ocrx_word' id='word_1_12' title='bbox 1265 370 1680 442; x_wconf 69' lang='grc' dir='ltr'>σκυλευομένων</span> <span class='ocrx_word' id='word_1_13' title='bbox 1712 369 1917 441; x_wconf 77' lang='grc' dir='ltr'>ὑπέμυξ</span> <span class='ocrx_word' id='word_1_14' title='bbox 1931 389 2022 440; x_wconf 91' lang='grc' dir='ltr'>αν,</span> <span class='ocrx_word' id='word_1_15' title='bbox 2073 367 2298 431; x_wconf 79' lang='grc' dir='ltr'>θάνατον</span> <span class='ocrx_word' id='word_1_16' title='bbox 2348 367 2570 444; x_wconf 74' lang='grc' dir='ltr'>εὕραντο</span> <span class='ocrx_word' id='word_1_17' title='bbox 2609 368 2672 424; x_wconf 80' lang='grc' dir='ltr'>τὸ</span> <span class='ocrx_word' id='word_1_18' title='bbox 2715 366 2998 440; x_wconf 84' lang='grc' dir='ltr'>ζημίωμα.</span> <span class='ocrx_word' id='word_1_19' title='bbox 3032 361 3320 439; x_wconf 80' lang='grc' dir='ltr'>[Ϊρόύκοψε</span> <span class='ocrx_word' id='word_1_20' title='bbox 3351 357 3395 414; x_wconf 85' lang='grc' dir='ltr'>δ’</span> <span class='ocrx_word' id='word_1_21' title='bbox 3427 357 3487 414; x_wconf 71' lang='grc' dir='ltr'>ἂν</span> <span class='ocrx_word' id='word_1_22' title='bbox 3523 358 3586 414; x_wconf 85' lang='grc' dir='ltr'>τὸ</span> <span class='ocrx_word' id='word_1_23' title='bbox 3617 355 3780 414; x_wconf 82' lang='grc' dir='ltr'>δεινὸν</span> 
     </span>
    </p>
   </div>
   <div class='ocr_carea' id='block_1_3' title="bbox 353 447 3778 544">
    <p class='ocr_par' dir='ltr' id='par_1_3' title="bbox 353 447 3778 544">
     <span class='ocr_line' id='line_1_3' title="bbox 353 447 3778 544; baseline -0.006 -20"><span class='ocrx_word' id='word_1_24' title='bbox 353 471 448 526; x_wconf 85' lang='grc' dir='ltr'>καὶ</span> <span class='ocrx_word' id='word_1_25' title='bbox 504 467 868 544; x_wconf 73' lang='grc' dir='ltr'>χρονιώτερον</span> <span class='ocrx_word' id='word_1_26' title='bbox 921 464 1144 541; x_wconf 78' lang='grc' dir='ltr'>γεγονὸς</span> <span class='ocrx_word' id='word_1_27' title='bbox 1203 460 1360 533; x_wconf 64' lang='grc' dir='ltr'>ὣφθη</span> <span class='ocrx_word' id='word_1_28' title='bbox 1415 460 1506 514; x_wconf 83' lang='grc' dir='ltr'>καὶ</span> <span class='ocrx_word' id='word_1_29' title='bbox 1557 457 2039 534; x_wconf 66' lang='grc' dir='ltr'>περιαλγέστερον,</span> <span class='ocrx_word' id='word_1_30' title='bbox 2090 457 2135 512; x_wconf 81' lang='grc' dir='ltr'>εἶ</span> <span class='ocrx_word' id='word_1_31' title='bbox 2199 459 2273 530; x_wconf 69' lang='grc' dir='ltr'>μή</span> <span class='ocrx_word' id='word_1_32' title='bbox 2316 478 2456 518; x_wconf 79' lang='grc' dir='ltr'>τινες</span> <span class='ocrx_word' id='word_1_33' title='bbox 2509 456 2878 530; x_wconf 80' lang='grc' dir='ltr'>ἀνενεγκόντες</span> <span class='ocrx_word' id='word_1_34' title='bbox 2937 455 3156 530; x_wconf 78' lang='grc' dir='ltr'>βασιλεῖ</span> <span class='ocrx_word' id='word_1_35' title='bbox 3209 451 3276 506; x_wconf 78' lang='grc' dir='ltr'>τὰ</span> <span class='ocrx_word' id='word_1_36' title='bbox 3333 447 3639 520; x_wconf 78' lang='grc' dir='ltr'>τελούμενα</span> <span class='ocrx_word' id='word_1_37' title='bbox 3693 449 3778 502; x_wconf 77' lang='grc' dir='ltr'>καὶ</span> 
     </span>
    </p>
   </div>
   <div class='ocr_carea' id='block_1_4' title="bbox 373 539 3784 634">
    <p class='ocr_par' dir='ltr' id='par_1_4' title="bbox 373 539 3784 634">
     <span class='ocr_line' id='line_1_4' title="bbox 373 539 3784 634; baseline -0.007 -20"><span class='ocrx_word' id='word_1_38' title='bbox 373 557 868 634; x_wconf 74' lang='grc' dir='ltr'>βαρυαλγήσαντες,</span> <span class='ocrx_word' id='word_1_39' title='bbox 899 553 971 614; x_wconf 88' lang='grc' dir='ltr'>ὡς</span> <span class='ocrx_word' id='word_1_40' title='bbox 1004 551 1168 614; x_wconf 78' lang='grc' dir='ltr'>εἰκὸς,</span> <span class='ocrx_word' id='word_1_41' title='bbox 1203 549 1456 619; x_wconf 78' lang='grc' dir='ltr'>ὑπένυξαν</span> <span class='ocrx_word' id='word_1_42' title='bbox 1491 547 1626 623; x_wconf 78' lang='grc' dir='ltr'>πρὸς</span> <span class='ocrx_word' id='word_1_43' title='bbox 1659 544 1970 621; x_wconf 81' lang='grc' dir='ltr'>διόρθωσιν.</span> <span class='ocrx_word' id='word_1_44' title='bbox 2007 546 2108 603; x_wconf 78' lang='grc' dir='ltr'>Καὶ</span> <span class='ocrx_word' id='word_1_45' title='bbox 2143 546 2359 606; x_wconf 70' lang='grc' dir='ltr'>στείλκς</span> <span class='ocrx_word' id='word_1_46' title='bbox 2394 545 2549 608; x_wconf 81' lang='grc' dir='ltr'>εὐθύς</span> <span class='ocrx_word' id='word_1_47' title='bbox 2579 567 2728 608; x_wconf 84' lang='grc' dir='ltr'>τινας</span> <span class='ocrx_word' id='word_1_48' title='bbox 2771 549 2876 600; x_wconf 86' lang='grc' dir='ltr'>τῶν</span> <span class='ocrx_word' id='word_1_49' title='bbox 2922 545 3038 598; x_wconf 74' lang='grc' dir='ltr'>κατ’</span> <span class='ocrx_word' id='word_1_50' title='bbox 3079 539 3292 612; x_wconf 81' lang='grc' dir='ltr'>ἀξίωσιν</span> <span class='ocrx_word' id='word_1_51' title='bbox 3325 539 3416 593; x_wconf 80' lang='grc' dir='ltr'>γαὶ</span> <span class='ocrx_word' id='word_1_52' title='bbox 3445 539 3598 612; x_wconf 84' lang='grc' dir='ltr'>γένος</span> <span class='ocrx_word' id='word_1_53' title='bbox 3631 556 3784 612; x_wconf 89' lang='grc' dir='ltr'>περι-</span> 
     </span>
    </p>
   </div>
   <div class='ocr_carea' id='block_1_5' title="bbox 362 628 3780 726">
    <p class='ocr_par' dir='ltr' id='par_1_5' title="bbox 362 628 3780 726">
     <span class='ocr_line' id='line_1_5' title="bbox 362 628 3780 726; baseline -0.007 -23"><span class='ocrx_word' id='word_1_54' title='bbox 362 628 546 726; x_wconf 54' lang='grc' dir='ltr'>ιρανῶν</span> <span class='ocrx_word' id='word_1_55' title='bbox 573 628 844 701; x_wconf 31' lang='grc' dir='ltr'>ἃννέστειλέ</span> <span class='ocrx_word' id='word_1_56' title='bbox 875 663 936 696; x_wconf 90' lang='grc' dir='ltr'>τε</span> <span class='ocrx_word' id='word_1_57' title='bbox 958 645 1052 702; x_wconf 77' lang='grc' dir='ltr'>τὰς</span> <span class='ocrx_word' id='word_1_58' title='bbox 1077 644 1185 696; x_wconf 80' lang='grc' dir='ltr'>τῶν</span> <span class='ocrx_word' id='word_1_59' title='bbox 1218 639 1461 694; x_wconf 71' lang='grc' dir='ltr'>ἂτπὶκτων</span> <span class='ocrx_word' id='word_1_60' title='bbox 1495 637 1692 711; x_wconf 71' lang='grc' dir='ltr'>ὁρμὰς,</span> <span class='ocrx_word' id='word_1_61' title='bbox 1725 636 1814 690; x_wconf 85' lang='grc' dir='ltr'>καὶ</span> <span class='ocrx_word' id='word_1_62' title='bbox 1863 637 2158 706; x_wconf 78' lang='grc' dir='ltr'>κατέληξεν</span> <span class='ocrx_word' id='word_1_63' title='bbox 2203 635 2381 698; x_wconf 76' lang='grc' dir='ltr'>αὕτως</span> <span class='ocrx_word' id='word_1_64' title='bbox 2429 633 2530 709; x_wconf 80' lang='grc' dir='ltr'>ὀψέ</span> <span class='ocrx_word' id='word_1_65' title='bbox 2580 655 2712 690; x_wconf 88' lang='grc' dir='ltr'>ποτε</span> <span class='ocrx_word' id='word_1_66' title='bbox 2742 633 2810 689; x_wconf 71' lang='grc' dir='ltr'>τὰ</span> <span class='ocrx_word' id='word_1_67' title='bbox 2845 633 2922 695; x_wconf 86' lang='grc' dir='ltr'>εἰς</span> <span class='ocrx_word' id='word_1_68' title='bbox 2976 631 3107 707; x_wconf 85' lang='grc' dir='ltr'>μέγα</span> <span class='ocrx_word' id='word_1_69' title='bbox 3141 629 3304 706; x_wconf 84' lang='grc' dir='ltr'>μέρος</span> <span class='ocrx_word' id='word_1_70' title='bbox 3335 628 3645 706; x_wconf 77' lang='grc' dir='ltr'>ἀφανισμοῦ</span> <span class='ocrx_word' id='word_1_71' title='bbox 3673 630 3780 680; x_wconf 86' lang='grc' dir='ltr'>τῶν</span> 
     </span>
    </p>
   </div>
   <div class='ocr_carea' id='block_1_6' title="bbox 364 733 944 807">
    <p class='ocr_par' dir='ltr' id='par_1_6' title="bbox 364 733 944 807">
     <span class='ocr_line' id='line_1_6' title="bbox 364 733 944 807; baseline -0.007 -15"><span class='ocrx_word' id='word_1_72' title='bbox 364 735 544 792; x_wconf 76' lang='grc' dir='ltr'>ἐκεῖσε</span> <span class='ocrx_word' id='word_1_73' title='bbox 581 733 944 807; x_wconf 80' lang='grc' dir='ltr'>τολμώμενα.</span> 
     </span>
    </p>
   </div>
   <div class='ocr_carea' id='block_1_7' title="bbox 431 827 2096 900">
    <p class='ocr_par' dir='ltr' id='par_1_7' title="bbox 431 827 2096 900">
     <span class='ocr_line' id='line_1_7' title="bbox 431 827 2096 900; baseline -0.007 -10"><span class='ocrx_word' id='word_1_74' title='bbox 431 835 548 890; x_wconf 89' lang='lat' dir='ltr'><strong>IIoo</strong></span> <span class='ocrx_word' id='word_1_75' title='bbox 573 833 744 888; x_wconf 90' lang='lat' dir='ltr'><strong>modo</strong></span> <span class='ocrx_word' id='word_1_76' title='bbox 759 830 1088 888; x_wconf 78' lang='lat' dir='ltr'>vastatione</span> <span class='ocrx_word' id='word_1_77' title='bbox 1102 846 1324 898; x_wconf 59' lang='lat' dir='ltr'><strong>magna;</strong></span> <span class='ocrx_word' id='word_1_78' title='bbox 1340 827 1522 900; x_wconf 89' lang='lat' dir='ltr'><strong>partis</strong></span> <span class='ocrx_word' id='word_1_79' title='bbox 1535 827 2010 883; x_wconf 84' lang='lat' dir='ltr'><strong>suburbanorum</strong></span> <span class='ocrx_word' id='word_1_80' title='bbox 2045 828 2096 892; x_wconf 74' lang='grc' dir='ltr'><strong>Α</strong></span> 
     </span>
    </p>
   </div>
   <div class='ocr_carea' id='block_1_8' title="bbox 361 915 2014 985">
    <p class='ocr_par' dir='ltr' id='par_1_8' title="bbox 361 915 2014 985">
     <span class='ocr_line' id='line_1_8' title="bbox 361 915 2014 985; baseline -0.008 -5"><span class='ocrx_word' id='word_1_81' title='bbox 361 922 738 980; x_wconf 69' lang='lat' dir='ltr'><strong>aedificiorum</strong></span> <span class='ocrx_word' id='word_1_82' title='bbox 774 921 863 976; x_wconf 78' lang='lat' dir='ltr'><strong>vix</strong></span> <span class='ocrx_word' id='word_1_83' title='bbox 897 918 1132 974; x_wconf 81' lang='lat' dir='ltr'>tandem</span> <span class='ocrx_word' id='word_1_84' title='bbox 1159 919 1345 982; x_wconf 82' lang='lat' dir='ltr'><strong>ﬁnita,</strong></span> <span class='ocrx_word' id='word_1_85' title='bbox 1379 918 1523 972; x_wconf 91' lang='lat' dir='ltr'><strong>etab</strong></span> <span class='ocrx_word' id='word_1_86' title='bbox 1548 916 1887 971; x_wconf 83' lang='lat' dir='ltr'><strong>hominibus</strong></span> <span class='ocrx_word' id='word_1_87' title='bbox 1915 915 2014 985; x_wconf 86' lang='lat' dir='ltr'>qui</span> 
     </span>
    </p>
   </div>
   <div class='ocr_carea' id='block_1_9' title="bbox 363 997 2019 1076">
    <p class='ocr_par' dir='ltr' id='par_1_9' title="bbox 363 997 2019 1076">
     <span class='ocr_line' id='line_1_9' title="bbox 363 997 2019 1076; baseline -0.007 -9"><span class='ocrx_word' id='word_1_88' title='bbox 363 1011 611 1068; x_wconf 90' lang='lat' dir='ltr'><strong>aliorum</strong></span> <span class='ocrx_word' id='word_1_89' title='bbox 648 1009 819 1066; x_wconf 89' lang='lat' dir='ltr'><strong>malis</strong></span> <span class='ocrx_word' id='word_1_90' title='bbox 841 1009 1183 1064; x_wconf 81' lang='lat' dir='ltr'><strong>afﬁciuntur</strong></span> <span class='ocrx_word' id='word_1_91' title='bbox 1203 1007 1296 1061; x_wconf 79' lang='lat' dir='ltr'><strong>vix</strong></span> <span class='ocrx_word' id='word_1_92' title='bbox 1318 997 1461 1061; x_wconf 73' lang='lat' dir='ltr'><strong>satis</strong></span> <span class='ocrx_word' id='word_1_93' title='bbox 1486 1005 1677 1060; x_wconf 88' lang='lat' dir='ltr'><strong>adhuc</strong></span> <span class='ocrx_word' id='word_1_94' title='bbox 1718 1003 2019 1076; x_wconf 84' lang='lat' dir='ltr'><strong>deplorata</strong></span> 
     </span>
    </p>
   </div>
   <div class='ocr_carea' id='block_1_10' title="bbox 363 1091 2016 1171">
    <p class='ocr_par' dir='ltr' id='par_1_10' title="bbox 363 1091 2016 1171">
     <span class='ocr_line' id='line_1_10' title="bbox 363 1091 2016 1171; baseline -0.007 -14"><span class='ocrx_word' id='word_1_95' title='bbox 363 1101 596 1171; x_wconf 80' lang='lat' dir='ltr'><strong>opiﬁces</strong></span> <span class='ocrx_word' id='word_1_96' title='bbox 621 1097 852 1162; x_wconf 80' lang='lat' dir='ltr'>urbani,</span> <span class='ocrx_word' id='word_1_97' title='bbox 883 1097 980 1168; x_wconf 86' lang='lat' dir='ltr'>qni</span> <span class='ocrx_word' id='word_1_98' title='bbox 1015 1112 1082 1151; x_wconf 88' lang='lat' dir='ltr'>ea</span> <span class='ocrx_word' id='word_1_99' title='bbox 1103 1113 1230 1167; x_wconf 67' lang='lat' dir='ltr'><strong>qua:</strong></span> <span class='ocrx_word' id='word_1_100' title='bbox 1257 1095 1377 1165; x_wconf 84' lang='lat' dir='ltr'><strong>jam</strong></span> <span class='ocrx_word' id='word_1_101' title='bbox 1411 1093 1650 1165; x_wconf 82' lang='lat' dir='ltr'>exposui</span> <span class='ocrx_word' id='word_1_102' title='bbox 1701 1110 1814 1148; x_wconf 86' lang='lat' dir='ltr'>non</span> <span class='ocrx_word' id='word_1_103' title='bbox 1862 1091 2016 1148; x_wconf 72' lang='lat'>512</span> 
     </span>
    </p>
   </div>
   <div class='ocr_carea' id='block_1_11' title="bbox 365 1182 2018 1264">
    <p class='ocr_par' dir='ltr' id='par_1_11' title="bbox 365 1182 2018 1264">
     <span class='ocr_line' id='line_1_11' title="bbox 365 1182 2018 1264; baseline -0.007 -19"><span class='ocrx_word' id='word_1_104' title='bbox 365 1192 706 1264; x_wconf 82' lang='lat' dir='ltr'><strong>proharant,</strong></span> <span class='ocrx_word' id='word_1_105' title='bbox 733 1205 846 1242; x_wconf 90' lang='lat' dir='ltr'>non</span> <span class='ocrx_word' id='word_1_106' title='bbox 881 1187 1185 1240; x_wconf 83' lang='lat' dir='ltr'><strong>ferendum</strong></span> <span class='ocrx_word' id='word_1_107' title='bbox 1220 1201 1348 1239; x_wconf 79' lang='lat' dir='ltr'><strong>esse</strong></span> <span class='ocrx_word' id='word_1_108' title='bbox 1380 1185 1486 1237; x_wconf 86' lang='lat' dir='ltr'><strong>reti</strong></span> <span class='ocrx_word' id='word_1_109' title='bbox 1518 1183 1665 1248; x_wconf 84' lang='lat' dir='ltr'><strong>quod</strong></span> <span class='ocrx_word' id='word_1_110' title='bbox 1695 1182 1878 1236; x_wconf 87' lang='lat' dir='ltr'><strong>Latini</strong></span> <span class='ocrx_word' id='word_1_111' title='bbox 1903 1198 2018 1235; x_wconf 89' lang='lat' dir='ltr'>non</span> 
     </span>
    </p>
   </div>
   <div class='ocr_carea' id='block_1_12' title="bbox 363 1273 2019 1340">
    <p class='ocr_par' dir='ltr' id='par_1_12' title="bbox 363 1273 2019 1340">
     <span class='ocr_line' id='line_1_12' title="bbox 363 1273 2019 1340; baseline -0.008 -6"><span class='ocrx_word' id='word_1_112' title='bbox 363 1279 540 1334; x_wconf 85' lang='lat' dir='ltr'><strong>modo</strong></span> <span class='ocrx_word' id='word_1_113' title='bbox 571 1278 747 1331; x_wconf 86' lang='lat' dir='ltr'><strong>libere</strong></span> <span class='ocrx_word' id='word_1_114' title='bbox 795 1282 852 1330; x_wconf 91' lang='lat' dir='ltr'>et</span> <span class='ocrx_word' id='word_1_115' title='bbox 895 1273 1215 1328; x_wconf 76' lang='lat' dir='ltr'>insolenter</span> <span class='ocrx_word' id='word_1_116' title='bbox 1251 1274 1538 1340; x_wconf 86' lang='lat' dir='ltr'><strong>juctarent</strong></span> <span class='ocrx_word' id='word_1_117' title='bbox 1579 1274 1824 1324; x_wconf 73' lang='lat' dir='ltr'><strong>Branam</strong></span> <span class='ocrx_word' id='word_1_118' title='bbox 1881 1286 1911 1320; x_wconf 83' lang='lat' dir='ltr'>a</span> <span class='ocrx_word' id='word_1_119' title='bbox 1959 1284 2019 1321; x_wconf 85' lang='lat' dir='ltr'>se</span> 
     </span>
    </p>
   </div>
   <div class='ocr_carea' id='block_1_13' title="bbox 367 1358 2021 1432">
    <p class='ocr_par' dir='ltr' id='par_1_13' title="bbox 367 1358 2021 1432">
     <span class='ocr_line' id='line_1_13' title="bbox 367 1358 2021 1432; baseline -0.008 -9"><span class='ocrx_word' id='word_1_120' title='bbox 367 1366 718 1424; x_wconf 72' lang='lat' dir='ltr'>debellatum</span> <span class='ocrx_word' id='word_1_121' title='bbox 743 1363 998 1432; x_wconf 84' lang='lat' dir='ltr'><strong>esse,scd</strong></span> <span class='ocrx_word' id='word_1_122' title='bbox 1034 1363 1209 1416; x_wconf 68' lang='lat' dir='ltr'><strong>etiam</strong></span> <span class='ocrx_word' id='word_1_123' title='bbox 1241 1364 1296 1415; x_wconf 90' lang='lat' dir='ltr'>in</span> <span class='ocrx_word' id='word_1_124' title='bbox 1314 1361 1687 1414; x_wconf 76' lang='lat' dir='ltr'><strong>suburbanos</strong></span> <span class='ocrx_word' id='word_1_125' title='bbox 1729 1358 2021 1415; x_wconf 70' lang='lat' dir='ltr'><strong>Romanos</strong></span> 
     </span>
    </p>
   </div>
   <div class='ocr_carea' id='block_1_14' title="bbox 364 1445 2022 1525">
    <p class='ocr_par' dir='ltr' id='par_1_14' title="bbox 364 1445 2022 1525">
     <span class='ocr_line' id='line_1_14' title="bbox 364 1445 2022 1525; baseline -0.007 -13"><span class='ocrx_word' id='word_1_126' title='bbox 364 1453 814 1512; x_wconf 75' lang='lat' dir='ltr'>intolerabiliter</span> <span class='ocrx_word' id='word_1_127' title='bbox 843 1450 1091 1525; x_wconf 79' lang='lat' dir='ltr'>grassati</span> <span class='ocrx_word' id='word_1_128' title='bbox 1125 1455 1342 1514; x_wconf 82' lang='lat' dir='ltr'><strong>essent,</strong></span> <span class='ocrx_word' id='word_1_129' title='bbox 1392 1449 1450 1504; x_wconf 89' lang='lat' dir='ltr'>in</span> <span class='ocrx_word' id='word_1_130' title='bbox 1497 1447 1763 1503; x_wconf 82' lang='lat' dir='ltr'>cohortes</span> <span class='ocrx_word' id='word_1_131' title='bbox 1785 1453 1843 1501; x_wconf 90' lang='lat' dir='ltr'>et</span> <span class='ocrx_word' id='word_1_132' title='bbox 1874 1445 2022 1516; x_wconf 75' lang='lat' dir='ltr'><strong>pha&#39;</strong></span> 
     </span>
    </p>
   </div>
   <div class='ocr_carea' id='block_1_15' title="bbox 367 1535 2018 1618">
    <p class='ocr_par' dir='ltr' id='par_1_15' title="bbox 367 1535 2018 1618">
     <span class='ocr_line' id='line_1_15' title="bbox 367 1535 2018 1618; baseline -0.006 -18"><span class='ocrx_word' id='word_1_133' title='bbox 367 1544 572 1618; x_wconf 83' lang='lat' dir='ltr'><strong>langes</strong></span> <span class='ocrx_word' id='word_1_134' title='bbox 603 1541 910 1598; x_wconf 80' lang='lat' dir='ltr'>centuriati</span> <span class='ocrx_word' id='word_1_135' title='bbox 946 1541 1134 1596; x_wconf 88' lang='lat' dir='ltr'><strong>instar</strong></span> <span class='ocrx_word' id='word_1_136' title='bbox 1175 1539 1396 1595; x_wconf 84' lang='lat' dir='ltr'><strong>hiberni</strong></span> <span class='ocrx_word' id='word_1_137' title='bbox 1445 1539 1722 1592; x_wconf 88' lang='lat' dir='ltr'><strong>torrentis</strong></span> <span class='ocrx_word' id='word_1_138' title='bbox 1755 1539 1815 1591; x_wconf 84' lang='lat' dir='ltr'>in</span> <span class='ocrx_word' id='word_1_139' title='bbox 1867 1535 2018 1591; x_wconf 83' lang='lat' dir='ltr'><strong>Lati&#39;</strong></span> 
     </span>
    </p>
   </div>
   <div class='ocr_carea' id='block_1_16' title="bbox 372 1623 2026 1700">
    <p class='ocr_par' dir='ltr' id='par_1_16' title="bbox 372 1623 2026 1700">
     <span class='ocr_line' id='line_1_16' title="bbox 372 1623 2026 1700; baseline -0.007 -10"><span class='ocrx_word' id='word_1_140' title='bbox 372 1649 582 1690; x_wconf 88' lang='lat' dir='ltr'><strong>norum</strong></span> <span class='ocrx_word' id='word_1_141' title='bbox 607 1633 760 1688; x_wconf 67' lang='lat' dir='ltr'><strong>aedes</strong></span> <span class='ocrx_word' id='word_1_142' title='bbox 781 1628 1232 1700; x_wconf 86' lang='lat' dir='ltr'><strong>irruunt.lgitur</strong></span> <span class='ocrx_word' id='word_1_143' title='bbox 1257 1625 1511 1682; x_wconf 67' lang='lat' dir='ltr'><strong>confusa</strong></span> <span class='ocrx_word' id='word_1_144' title='bbox 1534 1641 1704 1680; x_wconf 88' lang='lat' dir='ltr'><strong>voces</strong></span> <span class='ocrx_word' id='word_1_145' title='bbox 1727 1641 1839 1681; x_wconf 89' lang='lat' dir='ltr'>non</span> <span class='ocrx_word' id='word_1_146' title='bbox 1857 1623 2026 1679; x_wconf 59' lang='lat' dir='ltr'><strong>aliter</strong></span> 
     </span>
    </p>
   </div>
   <div class='ocr_carea' id='block_1_17' title="bbox 375 1713 2022 1795">
    <p class='ocr_par' dir='ltr' id='par_1_17' title="bbox 375 1713 2022 1795">
     <span class='ocr_line' id='line_1_17' title="bbox 375 1713 2022 1795; baseline -0.008 -16"><span class='ocrx_word' id='word_1_147' title='bbox 375 1739 553 1795; x_wconf 91' lang='lat' dir='ltr'><strong>quam</strong></span> <span class='ocrx_word' id='word_1_148' title='bbox 586 1720 862 1793; x_wconf 85' lang='lat' dir='ltr'>gregibus</span> <span class='ocrx_word' id='word_1_149' title='bbox 891 1733 1100 1790; x_wconf 85' lang='lat' dir='ltr'><strong>gruum</strong></span> <span class='ocrx_word' id='word_1_150' title='bbox 1132 1725 1227 1771; x_wconf 87' lang='lat' dir='ltr'>aut</span> <span class='ocrx_word' id='word_1_151' title='bbox 1259 1713 1633 1787; x_wconf 79' lang='lat' dir='ltr'><strong>graculorum</strong></span> <span class='ocrx_word' id='word_1_152' title='bbox 1680 1713 2022 1784; x_wconf 86' lang='lat' dir='ltr'><strong>obstrepen-</strong></span> 
     </span>
    </p>
   </div>
   <div class='ocr_carea' id='block_1_18' title="bbox 369 1802 2022 1875">
    <p class='ocr_par' dir='ltr' id='par_1_18' title="bbox 369 1802 2022 1875">
     <span class='ocr_line' id='line_1_18' title="bbox 369 1802 2022 1875; baseline -0.007 -7"><span class='ocrx_word' id='word_1_153' title='bbox 369 1811 662 1875; x_wconf 85' lang='lat' dir='ltr'><strong>tibue,aut</strong></span> <span class='ocrx_word' id='word_1_154' title='bbox 680 1809 1052 1864; x_wconf 81' lang='lat' dir='ltr'><strong>venatoribus</strong></span> <span class='ocrx_word' id='word_1_155' title='bbox 1077 1807 1356 1860; x_wconf 81' lang='lat' dir='ltr'><strong>latratum</strong></span> <span class='ocrx_word' id='word_1_156' title='bbox 1377 1819 1590 1860; x_wconf 88' lang='lat' dir='ltr'><strong>canum</strong></span> <span class='ocrx_word' id='word_1_157' title='bbox 1616 1802 2022 1870; x_wconf 84' lang='lat' dir='ltr'><strong>incitantibus,</strong></span> 
     </span>
    </p>
   </div>
   <div class='ocr_carea' id='block_1_19' title="bbox 371 1889 2022 1970">
    <p class='ocr_par' dir='ltr' id='par_1_19' title="bbox 371 1889 2022 1970">
     <span class='ocr_line' id='line_1_19' title="bbox 371 1889 2022 1970; baseline -0.006 -14"><span class='ocrx_word' id='word_1_158' title='bbox 371 1914 565 1956; x_wconf 89' lang='lat' dir='ltr'><strong>aerem</strong></span> <span class='ocrx_word' id='word_1_159' title='bbox 585 1897 934 1970; x_wconf 84' lang='lat' dir='ltr'><strong>implebant,</strong></span> <span class='ocrx_word' id='word_1_160' title='bbox 969 1900 1148 1966; x_wconf 90' lang='lat' dir='ltr'><strong>atque</strong></span> <span class='ocrx_word' id='word_1_161' title='bbox 1182 1892 1280 1948; x_wconf 86' lang='lat' dir='ltr'><strong>alii</strong></span> <span class='ocrx_word' id='word_1_162' title='bbox 1307 1893 1452 1948; x_wconf 86' lang='lat' dir='ltr'><strong>alios</strong></span> <span class='ocrx_word' id='word_1_163' title='bbox 1475 1891 1688 1947; x_wconf 84' lang='lat' dir='ltr'><strong>tunicis</strong></span> <span class='ocrx_word' id='word_1_164' title='bbox 1717 1889 2022 1962; x_wconf 80' lang='lat' dir='ltr'><strong>prehensis</strong></span> 
     </span>
    </p>
   </div>
   <div class='ocr_carea' id='block_1_20' title="bbox 371 1981 2022 2060">
    <p class='ocr_par' dir='ltr' id='par_1_20' title="bbox 371 1981 2022 2060">
     <span class='ocr_line' id='line_1_20' title="bbox 371 1981 2022 2060; baseline -0.008 -14"><span class='ocrx_word' id='word_1_165' title='bbox 371 1988 753 2060; x_wconf 79' lang='lat' dir='ltr'><strong>instigabant.</strong></span> <span class='ocrx_word' id='word_1_166' title='bbox 786 1985 966 2040; x_wconf 91' lang='lat' dir='ltr'><strong>Nemo</strong></span> <span class='ocrx_word' id='word_1_167' title='bbox 997 1984 1075 2039; x_wconf 92' lang='lat' dir='ltr'>ibi</span> <span class='ocrx_word' id='word_1_168' title='bbox 1101 1983 1444 2038; x_wconf 85' lang='lat' dir='ltr'><strong>audiebatur</strong></span> <span class='ocrx_word' id='word_1_169' title='bbox 1500 1981 1600 2051; x_wconf 88' lang='lat' dir='ltr'><strong>qui</strong></span> <span class='ocrx_word' id='word_1_170' title='bbox 1653 1995 1853 2052; x_wconf 86' lang='lat' dir='ltr'><strong>pacem</strong></span> <span class='ocrx_word' id='word_1_171' title='bbox 1885 1996 2022 2034; x_wconf 65' lang='lat' dir='ltr'><strong>sua-</strong></span> 
     </span>
    </p>
   </div>
   <div class='ocr_carea' id='block_1_21' title="bbox 371 2069 2020 2143">
    <p class='ocr_par' dir='ltr' id='par_1_21' title="bbox 371 2069 2020 2143">
     <span class='ocr_line' id='line_1_21' title="bbox 371 2069 2020 2143; baseline -0.007 -9"><span class='ocrx_word' id='word_1_172' title='bbox 371 2077 547 2134; x_wconf 87' lang='lat' dir='ltr'><strong>debat</strong></span> <span class='ocrx_word' id='word_1_173' title='bbox 575 2093 589 2132; x_wconf 92' lang='lat'><strong>:</strong></span> <span class='ocrx_word' id='word_1_174' title='bbox 621 2089 826 2130; x_wconf 88' lang='lat' dir='ltr'><strong>omnes</strong></span> <span class='ocrx_word' id='word_1_175' title='bbox 859 2077 921 2128; x_wconf 89' lang='lat' dir='ltr'>ut</span> <span class='ocrx_word' id='word_1_176' title='bbox 951 2073 1182 2143; x_wconf 69' lang='lat' dir='ltr'><strong>aspidas</strong></span> <span class='ocrx_word' id='word_1_177' title='bbox 1211 2087 1381 2127; x_wconf 87' lang='lat' dir='ltr'><strong>aures</strong></span> <span class='ocrx_word' id='word_1_178' title='bbox 1420 2069 1791 2136; x_wconf 83' lang='lat' dir='ltr'><strong>obturabant,</strong></span> <span class='ocrx_word' id='word_1_179' title='bbox 1825 2085 1897 2123; x_wconf 91' lang='lat' dir='ltr'>ne</span> <span class='ocrx_word' id='word_1_180' title='bbox 1928 2084 2020 2123; x_wconf 88' lang='lat' dir='ltr'><strong>sa-</strong></span> 
     </span>
    </p>
   </div>
   <div class='ocr_carea' id='block_1_22' title="bbox 2203 811 3778 894">
    <p class='ocr_par' dir='ltr' id='par_1_22' title="bbox 2203 811 3778 894">
     <span class='ocr_line' id='line_1_22' title="bbox 2203 811 3778 894; baseline -0.006 -17"><span class='ocrx_word' id='word_1_181' title='bbox 2203 819 2363 877; x_wconf 86' lang='grc' dir='ltr'>’Δλλ’</span> <span class='ocrx_word' id='word_1_182' title='bbox 2401 819 2555 876; x_wconf 69' lang='grc' dir='ltr'>οὔπω</span> <span class='ocrx_word' id='word_1_183' title='bbox 2597 826 2765 876; x_wconf 73' lang='grc' dir='ltr'>ταῦτα</span> <span class='ocrx_word' id='word_1_184' title='bbox 2817 819 3203 894; x_wconf 76' lang='grc' dir='ltr'>διετεθρήνητο</span> <span class='ocrx_word' id='word_1_185' title='bbox 3259 811 3500 891; x_wconf 79' lang='grc' dir='ltr'>ἀκριϐῶς</span> <span class='ocrx_word' id='word_1_186' title='bbox 3552 814 3778 877; x_wconf 79' lang='grc' dir='ltr'>ὁπόσοις</span> 
     </span>
    </p>
   </div>
   <div class='ocr_carea' id='block_1_23' title="bbox 2125 904 3783 987">
    <p class='ocr_par' dir='ltr' id='par_1_23' title="bbox 2125 904 3783 987">
     <span class='ocr_line' id='line_1_23' title="bbox 2125 904 3783 987; baseline -0.004 -22"><span class='ocrx_word' id='word_1_187' title='bbox 2125 915 2232 965; x_wconf 86' lang='grc' dir='ltr'>τῶν</span> <span class='ocrx_word' id='word_1_188' title='bbox 2291 912 2590 986; x_wconf 81' lang='grc' dir='ltr'>ἀνθρώπων</span> <span class='ocrx_word' id='word_1_189' title='bbox 2645 912 2798 986; x_wconf 80' lang='grc' dir='ltr'>ψυχὴ</span> <span class='ocrx_word' id='word_1_190' title='bbox 2862 908 3152 987; x_wconf 77' lang='grc' dir='ltr'>φίλοικτος</span> <span class='ocrx_word' id='word_1_191' title='bbox 3202 907 3292 962; x_wconf 84' lang='grc' dir='ltr'>καὶ</span> <span class='ocrx_word' id='word_1_192' title='bbox 3349 907 3410 960; x_wconf 88' lang='grc' dir='ltr'>τὸ</span> <span class='ocrx_word' id='word_1_193' title='bbox 3469 904 3636 979; x_wconf 68' lang='grc' dir='ltr'>δάκρυ</span> <span class='ocrx_word' id='word_1_194' title='bbox 3665 910 3783 967; x_wconf 85' lang='grc' dir='ltr'>ταῖς</span> 
     </span>
    </p>
   </div>
   <div class='ocr_carea' id='block_1_24' title="bbox 2125 994 3784 1076">
    <p class='ocr_par' dir='ltr' id='par_1_24' title="bbox 2125 994 3784 1076">
     <span class='ocr_line' id='line_1_24' title="bbox 2125 994 3784 1076; baseline -0.004 -22"><span class='ocrx_word' id='word_1_195' title='bbox 2125 1003 2232 1054; x_wconf 87' lang='grc' dir='ltr'>τῶν</span> <span class='ocrx_word' id='word_1_196' title='bbox 2287 999 2618 1076; x_wconf 81' lang='grc' dir='ltr'>πασχόντων</span> <span class='ocrx_word' id='word_1_197' title='bbox 2698 995 2982 1054; x_wconf 70' lang='grc' dir='ltr'>ἀναπιδύει</span> <span class='ocrx_word' id='word_1_198' title='bbox 3063 994 3392 1072; x_wconf 82' lang='grc' dir='ltr'>θερμότερον</span> <span class='ocrx_word' id='word_1_199' title='bbox 3453 999 3784 1072; x_wconf 67' lang='grc' dir='ltr'>συμφοραῖς,</span> 
     </span>
    </p>
   </div>
   <div class='ocr_carea' id='block_1_25' title="bbox 2126 1083 3788 1164">
    <p class='ocr_par' dir='ltr' id='par_1_25' title="bbox 2126 1083 3788 1164">
     <span class='ocr_line' id='line_1_25' title="bbox 2126 1083 3788 1164; baseline -0.004 -20"><span class='ocrx_word' id='word_1_200' title='bbox 2126 1089 2224 1144; x_wconf 85' lang='grc' dir='ltr'>καὶ</span> <span class='ocrx_word' id='word_1_201' title='bbox 2263 1089 2325 1144; x_wconf 88' lang='grc' dir='ltr'>τὸ</span> <span class='ocrx_word' id='word_1_202' title='bbox 2356 1096 2456 1159; x_wconf 81' lang='grc' dir='ltr'>τῆς</span> <span class='ocrx_word' id='word_1_203' title='bbox 2496 1088 2714 1152; x_wconf 88' lang='grc' dir='ltr'>πόλεως</span> <span class='ocrx_word' id='word_1_204' title='bbox 2773 1086 3196 1164; x_wconf 77' lang='grc' dir='ltr'>χειρωνακτικὸν</span> <span class='ocrx_word' id='word_1_205' title='bbox 3253 1085 3343 1139; x_wconf 86' lang='grc' dir='ltr'>καὶ</span> <span class='ocrx_word' id='word_1_206' title='bbox 3407 1084 3530 1138; x_wconf 80' lang='grc' dir='ltr'>ὅσον</span> <span class='ocrx_word' id='word_1_207' title='bbox 3565 1083 3626 1138; x_wconf 79' lang='grc' dir='ltr'>οὐ</span> <span class='ocrx_word' id='word_1_208' title='bbox 3659 1103 3788 1138; x_wconf 85' lang='grc' dir='ltr'>συν-</span> 
     </span>
    </p>
   </div>
   <div class='ocr_carea' id='block_1_26' title="bbox 2131 1171 3786 1249">
    <p class='ocr_par' dir='ltr' id='par_1_26' title="bbox 2131 1171 3786 1249">
     <span class='ocr_line' id='line_1_26' title="bbox 2131 1171 3786 1249; baseline -0.002 -17"><span class='ocrx_word' id='word_1_209' title='bbox 2131 1176 2464 1247; x_wconf 80' lang='grc' dir='ltr'>επευδόκησε</span> <span class='ocrx_word' id='word_1_210' title='bbox 2519 1184 2635 1239; x_wconf 87' lang='grc' dir='ltr'>τοῖς</span> <span class='ocrx_word' id='word_1_211' title='bbox 2700 1177 2924 1240; x_wconf 79' lang='grc' dir='ltr'>λοιποῖς</span> <span class='ocrx_word' id='word_1_212' title='bbox 2975 1177 3061 1232; x_wconf 82' lang='grc' dir='ltr'>ἐπὶ</span> <span class='ocrx_word' id='word_1_213' title='bbox 3109 1177 3176 1230; x_wconf 78' lang='grc' dir='ltr'>τὰ</span> <span class='ocrx_word' id='word_1_214' title='bbox 3205 1173 3535 1249; x_wconf 74' lang='grc' dir='ltr'>ἱστορημένα</span> <span class='ocrx_word' id='word_1_215' title='bbox 3565 1171 3674 1243; x_wconf 70' lang='grc' dir='ltr'>ἤδη</span> <span class='ocrx_word' id='word_1_216' title='bbox 3704 1177 3786 1246; x_wconf 81' lang='grc' dir='ltr'>τῷ</span> 
     </span>
    </p>
   </div>
   <div class='ocr_carea' id='block_1_27' title="bbox 2131 1260 3788 1346">
    <p class='ocr_par' dir='ltr' id='par_1_27' title="bbox 2131 1260 3788 1346">
     <span class='ocr_line' id='line_1_27' title="bbox 2131 1260 3788 1346; baseline -0.004 -24"><span class='ocrx_word' id='word_1_217' title='bbox 2131 1265 2308 1341; x_wconf 81' lang='grc' dir='ltr'>λέγειν</span> <span class='ocrx_word' id='word_1_218' title='bbox 2345 1289 2462 1340; x_wconf 78' lang='grc' dir='ltr'>μοι,</span> <span class='ocrx_word' id='word_1_219' title='bbox 2495 1265 2670 1323; x_wconf 80' lang='grc' dir='ltr'>δεινὸν</span> <span class='ocrx_word' id='word_1_220' title='bbox 2717 1268 3063 1346; x_wconf 69' lang='grc' dir='ltr'>ἡγησάμενοι</span> <span class='ocrx_word' id='word_1_221' title='bbox 3115 1265 3162 1319; x_wconf 80' lang='grc' dir='ltr'>εἰ</span> <span class='ocrx_word' id='word_1_222' title='bbox 3209 1265 3320 1338; x_wconf 82' lang='grc' dir='ltr'>οὐχ</span> <span class='ocrx_word' id='word_1_223' title='bbox 3365 1264 3516 1324; x_wconf 81' lang='grc' dir='ltr'>’ὁπως</span> <span class='ocrx_word' id='word_1_224' title='bbox 3568 1260 3788 1317; x_wconf 83' lang='grc' dir='ltr'>ἐλευθε-</span> 
     </span>
    </p>
   </div>
   <div class='ocr_carea' id='block_1_28' title="bbox 2133 1351 3786 1431">
    <p class='ocr_par' dir='ltr' id='par_1_28' title="bbox 2133 1351 3786 1431">
     <span class='ocr_line' id='line_1_28' title="bbox 2133 1351 3786 1431; baseline -0.002 -21"><span class='ocrx_word' id='word_1_225' title='bbox 2133 1361 2466 1431; x_wconf 81' lang='grc' dir='ltr'>ροστομοῦσι</span> <span class='ocrx_word' id='word_1_226' title='bbox 2525 1363 2752 1412; x_wconf 79' lang='grc' dir='ltr'>Λατῖνοι</span> <span class='ocrx_word' id='word_1_227' title='bbox 2806 1355 2896 1410; x_wconf 85' lang='grc' dir='ltr'>καὶ</span> <span class='ocrx_word' id='word_1_228' title='bbox 2959 1353 3305 1430; x_wconf 80' lang='grc' dir='ltr'>βρενθύονται</span> <span class='ocrx_word' id='word_1_229' title='bbox 3361 1357 3438 1425; x_wconf 79' lang='grc' dir='ltr'>τῷ</span> <span class='ocrx_word' id='word_1_230' title='bbox 3489 1352 3580 1405; x_wconf 86' lang='grc' dir='ltr'>ὑπ’</span> <span class='ocrx_word' id='word_1_231' title='bbox 3607 1351 3786 1407; x_wconf 73' lang='grc' dir='ltr'>αὐτῶν</span> 
     </span>
    </p>
   </div>
   <div class='ocr_carea' id='block_1_29' title="bbox 2129 1441 3784 1522">
    <p class='ocr_par' dir='ltr' id='par_1_29' title="bbox 2129 1441 3784 1522">
     <span class='ocr_line' id='line_1_29' title="bbox 2129 1441 3784 1522; baseline -0.004 -22"><span class='ocrx_word' id='word_1_232' title='bbox 2129 1447 2594 1521; x_wconf 82' lang='grc' dir='ltr'>καταγωνισθῆναι</span> <span class='ocrx_word' id='word_1_233' title='bbox 2653 1451 2886 1522; x_wconf 78' lang='grc' dir='ltr'>Βρανᾶν,</span> <span class='ocrx_word' id='word_1_234' title='bbox 2917 1443 3064 1500; x_wconf 86' lang='grc' dir='ltr'>ἀλλὰ</span> <span class='ocrx_word' id='word_1_235' title='bbox 3115 1444 3204 1498; x_wconf 79' lang='grc' dir='ltr'>καὶ</span> <span class='ocrx_word' id='word_1_236' title='bbox 3271 1441 3406 1497; x_wconf 85' lang='grc' dir='ltr'>κατά</span> <span class='ocrx_word' id='word_1_237' title='bbox 3451 1445 3558 1496; x_wconf 87' lang='grc' dir='ltr'>τῶν</span> <span class='ocrx_word' id='word_1_238' title='bbox 3619 1441 3784 1495; x_wconf 87' lang='grc' dir='ltr'>ἀστυ-</span> 
     </span>
    </p>
   </div>
   <div class='ocr_carea' id='block_1_30' title="bbox 2129 1533 3786 1616">
    <p class='ocr_par' dir='ltr' id='par_1_30' title="bbox 2129 1533 3786 1616">
     <span class='ocr_line' id='line_1_30' title="bbox 2129 1533 3786 1616; baseline -0.004 -22"><span class='ocrx_word' id='word_1_239' title='bbox 2129 1539 2385 1616; x_wconf 85' lang='grc' dir='ltr'>γειτόνων</span> <span class='ocrx_word' id='word_1_240' title='bbox 2428 1539 2574 1614; x_wconf 84' lang='grc' dir='ltr'>σφίσι</span> <span class='ocrx_word' id='word_1_241' title='bbox 2632 1536 2924 1612; x_wconf 87' lang='grc' dir='ltr'>Ῥωμαίων</span> <span class='ocrx_word' id='word_1_242' title='bbox 2972 1536 3379 1616; x_wconf 78' lang='grc' dir='ltr'>διαπεπράχασι</span> <span class='ocrx_word' id='word_1_243' title='bbox 3435 1535 3504 1590; x_wconf 83' lang='grc' dir='ltr'>τά</span> <span class='ocrx_word' id='word_1_244' title='bbox 3558 1533 3786 1590; x_wconf 67' lang='grc' dir='ltr'>ἀνύποια</span> 
     </span>
    </p>
   </div>
   <div class='ocr_carea' id='block_1_31' title="bbox 2132 1619 3788 1704">
    <p class='ocr_par' dir='ltr' id='par_1_31' title="bbox 2132 1619 3788 1704">
     <span class='ocr_line' id='line_1_31' title="bbox 2132 1619 3788 1704; baseline -0.005 -20"><span class='ocrx_word' id='word_1_245' title='bbox 2132 1649 2250 1699; x_wconf 89' lang='grc' dir='ltr'>στα,</span> <span class='ocrx_word' id='word_1_246' title='bbox 2283 1628 2420 1684; x_wconf 82' lang='grc' dir='ltr'>κατὰ</span> <span class='ocrx_word' id='word_1_247' title='bbox 2469 1627 2744 1702; x_wconf 79' lang='grc' dir='ltr'>σάλαγγας</span> <span class='ocrx_word' id='word_1_248' title='bbox 2783 1621 3150 1704; x_wconf 80' lang='grc' dir='ltr'>ἀγηγερμένοι</span> <span class='ocrx_word' id='word_1_249' title='bbox 3203 1623 3294 1679; x_wconf 80' lang='grc' dir='ltr'>καὶ</span> <span class='ocrx_word' id='word_1_250' title='bbox 3349 1623 3571 1700; x_wconf 77' lang='grc' dir='ltr'>σπείρας</span> <span class='ocrx_word' id='word_1_251' title='bbox 3629 1619 3788 1692; x_wconf 76' lang='grc' dir='ltr'>δίκῆν</span> 
     </span>
    </p>
   </div>
   <div class='ocr_carea' id='block_1_32' title="bbox 2132 1711 3792 1798">
    <p class='ocr_par' dir='ltr' id='par_1_32' title="bbox 2132 1711 3792 1798">
     <span class='ocr_line' id='line_1_32' title="bbox 2132 1711 3792 1798; baseline -0.004 -25"><span class='ocrx_word' id='word_1_252' title='bbox 2132 1716 2438 1798; x_wconf 70' lang='grc' dir='ltr'>χειμάρρου</span> <span class='ocrx_word' id='word_1_253' title='bbox 2487 1723 2606 1779; x_wconf 84' lang='grc' dir='ltr'>ταῖς</span> <span class='ocrx_word' id='word_1_254' title='bbox 2661 1721 2770 1772; x_wconf 88' lang='grc' dir='ltr'>τῶν</span> <span class='ocrx_word' id='word_1_255' title='bbox 2829 1719 3130 1770; x_wconf 83' lang='grc' dir='ltr'>Λατινικῶν</span> <span class='ocrx_word' id='word_1_256' title='bbox 3189 1717 3358 1789; x_wconf 80' lang='grc' dir='ltr'>γενῶν</span> <span class='ocrx_word' id='word_1_257' title='bbox 3388 1711 3585 1774; x_wconf 75' lang='grc' dir='ltr'>οἰκίαις</span> <span class='ocrx_word' id='word_1_258' title='bbox 3614 1731 3792 1789; x_wconf 89' lang='grc' dir='ltr'>προσ-</span> 
     </span>
    </p>
   </div>
   <div class='ocr_carea' id='block_1_33' title="bbox 2135 1797 3790 1886">
    <p class='ocr_par' dir='ltr' id='par_1_33' title="bbox 2135 1797 3790 1886">
     <span class='ocr_line' id='line_1_33' title="bbox 2135 1797 3790 1886; baseline -0.003 -25"><span class='ocrx_word' id='word_1_259' title='bbox 2135 1797 2446 1886; x_wconf 18' lang='grc' dir='ltr'>ρίήγνυνται.</span> <span class='ocrx_word' id='word_1_260' title='bbox 2484 1805 2554 1864; x_wconf 69' lang='grc' dir='ltr'>Αἵ</span> <span class='ocrx_word' id='word_1_261' title='bbox 2585 1827 2644 1862; x_wconf 82' lang='grc' dir='ltr'>τε</span> <span class='ocrx_word' id='word_1_262' title='bbox 2694 1805 2787 1860; x_wconf 79' lang='grc' dir='ltr'>οὗν</span> <span class='ocrx_word' id='word_1_263' title='bbox 2841 1804 3054 1876; x_wconf 80' lang='grc' dir='ltr'>ἄσημοι</span> <span class='ocrx_word' id='word_1_264' title='bbox 3110 1803 3282 1881; x_wconf 78' lang='grc' dir='ltr'>φωναῖ</span> <span class='ocrx_word' id='word_1_265' title='bbox 3325 1803 3416 1858; x_wconf 86' lang='grc' dir='ltr'>τὸν</span> <span class='ocrx_word' id='word_1_266' title='bbox 3446 1797 3576 1878; x_wconf 74' lang='grc' dir='ltr'>ἀέρα</span> <span class='ocrx_word' id='word_1_267' title='bbox 3605 1799 3790 1872; x_wconf 73' lang='grc' dir='ltr'>έπλή-</span> 
     </span>
    </p>
   </div>
   <div class='ocr_carea' id='block_1_34' title="bbox 2132 1887 3793 1973">
    <p class='ocr_par' dir='ltr' id='par_1_34' title="bbox 2132 1887 3793 1973">
     <span class='ocr_line' id='line_1_34' title="bbox 2132 1887 3793 1973; baseline -0.004 -22"><span class='ocrx_word' id='word_1_268' title='bbox 2132 1917 2282 1973; x_wconf 85' lang='grc' dir='ltr'>ρουν,</span> <span class='ocrx_word' id='word_1_269' title='bbox 2323 1896 2398 1958; x_wconf 85' lang='grc' dir='ltr'>ὡς</span> <span class='ocrx_word' id='word_1_270' title='bbox 2457 1892 2573 1950; x_wconf 75' lang='grc' dir='ltr'>οὐδ’</span> <span class='ocrx_word' id='word_1_271' title='bbox 2632 1895 2678 1950; x_wconf 86' lang='grc' dir='ltr'>εἰ</span> <span class='ocrx_word' id='word_1_272' title='bbox 2735 1892 2974 1950; x_wconf 81' lang='grc' dir='ltr'>κολοιῶν</span> <span class='ocrx_word' id='word_1_273' title='bbox 3007 1894 3044 1962; x_wconf 71' lang='grc' dir='ltr'><strong>ἢ</strong></span> <span class='ocrx_word' id='word_1_274' title='bbox 3079 1892 3318 1970; x_wconf 74' lang='grc' dir='ltr'>γεράνων</span> <span class='ocrx_word' id='word_1_275' title='bbox 3351 1890 3386 1962; x_wconf 73' lang='grc' dir='ltr'>ἢ</span> <span class='ocrx_word' id='word_1_276' title='bbox 3421 1892 3608 1966; x_wconf 71' lang='grc' dir='ltr'>ψάρων</span> <span class='ocrx_word' id='word_1_277' title='bbox 3637 1887 3793 1956; x_wconf 83' lang='grc' dir='ltr'>ἔθνεα</span> 
     </span>
    </p>
   </div>
   <div class='ocr_carea' id='block_1_35' title="bbox 2130 1978 3791 2061">
    <p class='ocr_par' dir='ltr' id='par_1_35' title="bbox 2130 1978 3791 2061">
     <span class='ocr_line' id='line_1_35' title="bbox 2130 1978 3791 2061; baseline -0.005 -19"><span class='ocrx_word' id='word_1_278' title='bbox 2130 1983 2454 2061; x_wconf 82' lang='grc' dir='ltr'>κλαγγηδὸν</span> <span class='ocrx_word' id='word_1_279' title='bbox 2489 1983 2883 2060; x_wconf 77' lang='grc' dir='ltr'>ἐπτερύσσοντο</span> <span class='ocrx_word' id='word_1_280' title='bbox 2939 1981 2975 2052; x_wconf 75' lang='grc' dir='ltr'><strong>ἢ</strong></span> <span class='ocrx_word' id='word_1_281' title='bbox 3031 1980 3340 2051; x_wconf 74' lang='grc' dir='ltr'>έπέκλωζον</span> <span class='ocrx_word' id='word_1_282' title='bbox 3409 1979 3667 2054; x_wconf 80' lang='grc' dir='ltr'>θηρευταὶ</span> <span class='ocrx_word' id='word_1_283' title='bbox 3695 1978 3791 2036; x_wconf 80' lang='grc' dir='ltr'>καὶ</span> 
     </span>
    </p>
   </div>
   <div class='ocr_carea' id='block_1_36' title="bbox 2133 2065 3792 2151">
    <p class='ocr_par' dir='ltr' id='par_1_36' title="bbox 2133 2065 3792 2151">
     <span class='ocr_line' id='line_1_36' title="bbox 2133 2065 3792 2151; baseline -0.004 -21"><span class='ocrx_word' id='word_1_284' title='bbox 2133 2073 2442 2144; x_wconf 77' lang='grc' dir='ltr'>ἐπεθώϋζον</span> <span class='ocrx_word' id='word_1_285' title='bbox 2487 2074 2804 2151; x_wconf 76' lang='grc' dir='ltr'>κυνηγέται,</span> <span class='ocrx_word' id='word_1_286' title='bbox 2853 2069 3143 2142; x_wconf 81' lang='grc' dir='ltr'>ἀλλήλους</span> <span class='ocrx_word' id='word_1_287' title='bbox 3190 2090 3251 2125; x_wconf 86' lang='grc' dir='ltr'>τε</span> <span class='ocrx_word' id='word_1_288' title='bbox 3296 2067 3638 2144; x_wconf 76' lang='grc' dir='ltr'>παρεκάλουν</span> <span class='ocrx_word' id='word_1_289' title='bbox 3666 2065 3792 2123; x_wconf 77' lang='grc' dir='ltr'>ἐπι-</span> 
     </span>
    </p>
   </div>
   <div class='ocr_carea' id='block_1_37' title="bbox 374 2157 2030 2265">
    <p class='ocr_par' dir='ltr' id='par_1_37' title="bbox 374 2157 2019 2238">
     <span class='ocr_line' id='line_1_37' title="bbox 374 2157 2019 2238; baseline -0.005 -18"><span class='ocrx_word' id='word_1_290' title='bbox 374 2165 630 2238; x_wconf 89' lang='lat' dir='ltr'><strong>pientem</strong></span> <span class='ocrx_word' id='word_1_291' title='bbox 671 2177 940 2233; x_wconf 85' lang='lat' dir='ltr'><strong>magnum</strong></span> <span class='ocrx_word' id='word_1_292' title='bbox 1001 2161 1292 2216; x_wconf 88' lang='lat' dir='ltr'><strong>audirent.</strong></span> <span class='ocrx_word' id='word_1_293' title='bbox 1345 2159 1490 2214; x_wconf 85' lang='lat' dir='ltr'><strong>Eum</strong></span> <span class='ocrx_word' id='word_1_294' title='bbox 1544 2157 2019 2214; x_wconf 68' lang='lat' dir='ltr'><strong>circumforaneae</strong></span> 
     </span>
    </p>
   </div>
   <div class='ocr_carea' id='block_1_38' title="bbox 2139 2157 3788 2265">
    <p class='ocr_par' dir='ltr' id='par_1_38' title="bbox 2139 2157 3788 2265">
     <span class='ocr_line' id='line_1_38' title="bbox 2139 2157 3788 2236; baseline -0.004 -16"><span class='ocrx_word' id='word_1_295' title='bbox 2139 2164 2418 2236; x_wconf 84' lang='grc' dir='ltr'>σπώμενοι</span> <span class='ocrx_word' id='word_1_296' title='bbox 2459 2165 2570 2218; x_wconf 88' lang='grc' dir='ltr'>τῶν</span> <span class='ocrx_word' id='word_1_297' title='bbox 2625 2162 2922 2236; x_wconf 82' lang='grc' dir='ltr'>χιτωνίων.</span> <span class='ocrx_word' id='word_1_298' title='bbox 2985 2161 3092 2217; x_wconf 88' lang='grc' dir='ltr'>Καὶ</span> <span class='ocrx_word' id='word_1_299' title='bbox 3151 2157 3248 2214; x_wconf 75' lang='grc' dir='ltr'>οὒκ</span> <span class='ocrx_word' id='word_1_300' title='bbox 3296 2159 3362 2230; x_wconf 76' lang='grc' dir='ltr'>ἦν</span> <span class='ocrx_word' id='word_1_301' title='bbox 3405 2157 3514 2214; x_wconf 78' lang='grc' dir='ltr'>ἐκεῖ</span> <span class='ocrx_word' id='word_1_302' title='bbox 3558 2179 3642 2222; x_wconf 89' lang='grc' dir='ltr'>τις</span> <span class='ocrx_word' id='word_1_303' title='bbox 3673 2163 3788 2214; x_wconf 85' lang='grc' dir='ltr'>τῶν</span> 
     </span>
     <span class='ocr_line' id='line_1_39' title="bbox 2159 2245 3743 2265; baseline 0 0"><span class='ocrx_word' id='word_1_304' title='bbox 2159 2252 2175 2265; x_wconf 66' lang='grc' dir='ltr'><strong>ι</strong></span> <span class='ocrx_word' id='word_1_305' title='bbox 2415 2252 2426 2265; x_wconf 81' lang='grc' dir='ltr'><strong>Ι</strong></span> <span class='ocrx_word' id='word_1_306' title='bbox 2637 2249 2653 2265; x_wconf 82' lang='lat'><strong><em>\</em></strong></span> <span class='ocrx_word' id='word_1_307' title='bbox 2799 2249 2814 2265; x_wconf 59' lang='grc' dir='ltr'>ἱ</span> <span class='ocrx_word' id='word_1_308' title='bbox 2940 2247 2954 2265; x_wconf 74' lang='grc' dir='ltr'><strong>Ι</strong></span> <span class='ocrx_word' id='word_1_309' title='bbox 3016 2250 3030 2265; x_wconf 72' lang='grc' dir='ltr'><strong><em>Ι</em></strong></span> <span class='ocrx_word' id='word_1_310' title='bbox 3313 2248 3327 2265; x_wconf 79' lang='grc' dir='ltr'><strong><em>Ι</em></strong></span> <span class='ocrx_word' id='word_1_311' title='bbox 3556 2245 3670 2265; x_wconf 51' lang='grc' dir='ltr'>ΩἏΊΩ</span> <span class='ocrx_word' id='word_1_312' title='bbox 3728 2246 3743 2265; x_wconf 69' lang='grc' dir='ltr'><strong>ε</strong></span> 
     </span>
    </p>
   </div>
   <div class='ocr_carea' id='block_1_39' title="bbox 373 2245 2024 2310">
    <p class='ocr_par' dir='ltr' id='par_1_39' title="bbox 373 2245 2024 2310">
     <span class='ocr_line' id='line_1_40' title="bbox 373 2245 2024 2310; baseline -0.006 0"><span class='ocrx_word' id='word_1_313' title='bbox 373 2253 561 2310; x_wconf 77' lang='lat' dir='ltr'><strong>turbas</strong></span> <span class='ocrx_word' id='word_1_314' title='bbox 591 2265 939 2308; x_wconf 86' lang='lat' dir='ltr'><strong>concursum</strong></span> <span class='ocrx_word' id='word_1_315' title='bbox 975 2265 1089 2305; x_wconf 91' lang='lat' dir='ltr'>non</span> <span class='ocrx_word' id='word_1_316' title='bbox 1152 2250 1320 2304; x_wconf 79' lang='lat' dir='ltr'><strong>modo</strong></span> <span class='ocrx_word' id='word_1_317' title='bbox 1379 2247 1657 2304; x_wconf 78' lang='lat' dir='ltr'><strong>etfrenata</strong></span> <span class='ocrx_word' id='word_1_318' title='bbox 1704 2245 2024 2310; x_wconf 87' lang='lat' dir='ltr'><strong>iracundia,</strong></span> 
     </span>
    </p>
   </div>
   <div class='ocr_carea' id='block_1_40' title="bbox 378 2335 2026 2409">
    <p class='ocr_par' dir='ltr' id='par_1_40' title="bbox 378 2335 2026 2409">
     <span class='ocr_line' id='line_1_41' title="bbox 378 2335 2026 2409; baseline -0.006 -9"><span class='ocrx_word' id='word_1_319' title='bbox 378 2343 478 2400; x_wconf 87' lang='lat' dir='ltr'>sed</span> <span class='ocrx_word' id='word_1_320' title='bbox 511 2341 685 2397; x_wconf 88' lang='lat' dir='ltr'><strong>etiam</strong></span> <span class='ocrx_word' id='word_1_321' title='bbox 719 2338 921 2395; x_wconf 63' lang='lat' dir='ltr'><strong>alienas</strong></span> <span class='ocrx_word' id='word_1_322' title='bbox 954 2336 1212 2409; x_wconf 77' lang='lat' dir='ltr'><strong>pecunias</strong></span> <span class='ocrx_word' id='word_1_323' title='bbox 1244 2336 1530 2406; x_wconf 79' lang='lat' dir='ltr'><strong>cupiditas</strong></span> <span class='ocrx_word' id='word_1_324' title='bbox 1570 2335 1827 2407; x_wconf 83' lang='lat' dir='ltr'><strong>regebat.</strong></span> <span class='ocrx_word' id='word_1_325' title='bbox 1860 2335 2026 2390; x_wconf 80' lang='lat' dir='ltr'><strong>Puta-</strong></span> 
     </span>
    </p>
   </div>
   <div class='ocr_carea' id='block_1_41' title="bbox 377 2423 2024 2498">
    <p class='ocr_par' dir='ltr' id='par_1_41' title="bbox 377 2423 2024 2498">
     <span class='ocr_line' id='line_1_42' title="bbox 377 2423 2024 2498; baseline -0.005 -9"><span class='ocrx_word' id='word_1_326' title='bbox 377 2433 519 2489; x_wconf 85' lang='lat' dir='ltr'><strong>bant</strong></span> <span class='ocrx_word' id='word_1_327' title='bbox 548 2430 708 2488; x_wconf 89' lang='lat' dir='ltr'><strong>enim</strong></span> <span class='ocrx_word' id='word_1_328' title='bbox 741 2445 802 2484; x_wconf 88' lang='lat' dir='ltr'>se</span> <span class='ocrx_word' id='word_1_329' title='bbox 833 2429 1054 2484; x_wconf 77' lang='lat' dir='ltr'><strong>Latinis</strong></span> <span class='ocrx_word' id='word_1_330' title='bbox 1087 2431 1290 2498; x_wconf 77' lang='lat' dir='ltr'><strong>exiguo</strong></span> <span class='ocrx_word' id='word_1_331' title='bbox 1321 2425 1518 2482; x_wconf 88' lang='lat' dir='ltr'><strong>labore</strong></span> <span class='ocrx_word' id='word_1_332' title='bbox 1557 2425 1778 2481; x_wconf 66' lang='lat' dir='ltr'><strong>(edibus</strong></span> <span class='ocrx_word' id='word_1_333' title='bbox 1825 2423 2024 2497; x_wconf 76' lang='lat' dir='ltr'><strong>expul-</strong></span> 
     </span>
    </p>
   </div>
   <div class='ocr_carea' id='block_1_42' title="bbox 379 2515 2024 2592">
    <p class='ocr_par' dir='ltr' id='par_1_42' title="bbox 379 2515 2024 2592">
     <span class='ocr_line' id='line_1_43' title="bbox 379 2515 2024 2592; baseline -0.004 -16"><span class='ocrx_word' id='word_1_334' title='bbox 379 2519 486 2587; x_wconf 89' lang='lat' dir='ltr'><strong>sis,</strong></span> <span class='ocrx_word' id='word_1_335' title='bbox 517 2518 803 2592; x_wconf 88' lang='lat' dir='ltr'><strong>quidquid</strong></span> <span class='ocrx_word' id='word_1_336' title='bbox 840 2518 896 2572; x_wconf 89' lang='lat' dir='ltr'>in</span> <span class='ocrx_word' id='word_1_337' title='bbox 931 2517 1004 2572; x_wconf 91' lang='lat' dir='ltr'>iis</span> <span class='ocrx_word' id='word_1_338' title='bbox 1033 2524 1180 2572; x_wconf 82' lang='lat' dir='ltr'><strong>esset</strong></span> <span class='ocrx_word' id='word_1_339' title='bbox 1211 2515 1595 2584; x_wconf 80' lang='lat' dir='ltr'><strong>reconditum,</strong></span> <span class='ocrx_word' id='word_1_340' title='bbox 1650 2519 1714 2571; x_wconf 90' lang='lat' dir='ltr'>ut</span> <span class='ocrx_word' id='word_1_341' title='bbox 1763 2515 1870 2570; x_wconf 88' lang='lat' dir='ltr'>sub</span> <span class='ocrx_word' id='word_1_342' title='bbox 1916 2517 2024 2570; x_wconf 82' lang='lat' dir='ltr'>An-</span> 
     </span>
    </p>
   </div>
   <div class='ocr_carea' id='block_1_43' title="bbox 379 2603 2026 2676">
    <p class='ocr_par' dir='ltr' id='par_1_43' title="bbox 379 2603 2026 2676">
     <span class='ocr_line' id='line_1_44' title="bbox 379 2603 2026 2676; baseline -0.004 -10"><span class='ocrx_word' id='word_1_343' title='bbox 379 2608 621 2666; x_wconf 88' lang='lat' dir='ltr'><strong>dronico</strong></span> <span class='ocrx_word' id='word_1_344' title='bbox 653 2606 946 2673; x_wconf 83' lang='lat' dir='ltr'><strong>fecissent,</strong></span> <span class='ocrx_word' id='word_1_345' title='bbox 1000 2605 1358 2676; x_wconf 86' lang='lat' dir='ltr'><strong>direpturos.</strong></span> <span class='ocrx_word' id='word_1_346' title='bbox 1430 2603 1636 2660; x_wconf 90' lang='lat' dir='ltr'><strong>Verum</strong></span> <span class='ocrx_word' id='word_1_347' title='bbox 1698 2619 1814 2658; x_wconf 90' lang='lat' dir='ltr'>non</span> <span class='ocrx_word' id='word_1_348' title='bbox 1857 2603 2026 2660; x_wconf 88' lang='lat' dir='ltr'><strong>modo</strong></span> 
     </span>
    </p>
   </div>
   <div class='ocr_carea' id='block_1_44' title="bbox 381 2691 2025 2770">
    <p class='ocr_par' dir='ltr' id='par_1_44' title="bbox 381 2691 2025 2770">
     <span class='ocr_line' id='line_1_45' title="bbox 381 2691 2025 2770; baseline -0.005 -15"><span class='ocrx_word' id='word_1_349' title='bbox 381 2714 485 2770; x_wconf 87' lang='lat' dir='ltr'>spe</span> <span class='ocrx_word' id='word_1_350' title='bbox 505 2713 615 2753; x_wconf 87' lang='lat' dir='ltr'>sua</span> <span class='ocrx_word' id='word_1_351' title='bbox 633 2695 916 2762; x_wconf 85' lang='lat' dir='ltr'><strong>frustrati,</strong></span> <span class='ocrx_word' id='word_1_352' title='bbox 935 2694 1035 2751; x_wconf 89' lang='lat' dir='ltr'>sed</span> <span class='ocrx_word' id='word_1_353' title='bbox 1061 2695 1230 2750; x_wconf 89' lang='lat' dir='ltr'><strong>etiam</strong></span> <span class='ocrx_word' id='word_1_354' title='bbox 1249 2693 1609 2750; x_wconf 86' lang='lat' dir='ltr'><strong>contrarium</strong></span> <span class='ocrx_word' id='word_1_355' title='bbox 1628 2697 1769 2748; x_wconf 77' lang='lat' dir='ltr'><strong>sunt</strong></span> <span class='ocrx_word' id='word_1_356' title='bbox 1783 2691 2025 2764; x_wconf 87' lang='lat' dir='ltr'><strong>experti.</strong></span> 
     </span>
    </p>
   </div>
   <div class='ocr_carea' id='block_1_45' title="bbox 375 2781 2023 2852">
    <p class='ocr_par' dir='ltr' id='par_1_45' title="bbox 375 2781 2023 2852">
     <span class='ocr_line' id='line_1_46' title="bbox 375 2781 2023 2852; baseline -0.004 -8"><span class='ocrx_word' id='word_1_357' title='bbox 375 2788 521 2844; x_wconf 89' lang='lat' dir='ltr'><strong>Nam</strong></span> <span class='ocrx_word' id='word_1_358' title='bbox 551 2784 867 2842; x_wconf 84' lang='lat' dir='ltr'><strong>adversarii</strong></span> <span class='ocrx_word' id='word_1_359' title='bbox 899 2783 1305 2840; x_wconf 79' lang='lat' dir='ltr'><strong>animadverso</strong></span> <span class='ocrx_word' id='word_1_360' title='bbox 1338 2781 1522 2852; x_wconf 81' lang='lat' dir='ltr'><strong>plebis</strong></span> <span class='ocrx_word' id='word_1_361' title='bbox 1543 2787 1748 2837; x_wconf 89' lang='lat' dir='ltr'><strong>contra</strong></span> <span class='ocrx_word' id='word_1_362' title='bbox 1781 2798 1844 2838; x_wconf 89' lang='lat' dir='ltr'>se</span> <span class='ocrx_word' id='word_1_363' title='bbox 1887 2798 2023 2838; x_wconf 86' lang='lat' dir='ltr'><strong>con-</strong></span> 
     </span>
    </p>
   </div>
   <div class='ocr_carea' id='block_1_46' title="bbox 377 2870 2026 2946">
    <p class='ocr_par' dir='ltr' id='par_1_46' title="bbox 377 2870 2026 2946">
     <span class='ocr_line' id='line_1_47' title="bbox 377 2870 2026 2946; baseline -0.004 -14"><span class='ocrx_word' id='word_1_364' title='bbox 377 2877 566 2933; x_wconf 72' lang='lat' dir='ltr'><strong>citatas</strong></span> <span class='ocrx_word' id='word_1_365' title='bbox 591 2875 842 2946; x_wconf 89' lang='lat' dir='ltr'><strong>impetu,</strong></span> <span class='ocrx_word' id='word_1_366' title='bbox 867 2873 990 2930; x_wconf 78' lang='lat' dir='ltr'><strong>viss</strong></span> <span class='ocrx_word' id='word_1_367' title='bbox 1015 2871 1296 2944; x_wconf 87' lang='lat' dir='ltr'><strong>publicas,</strong></span> <span class='ocrx_word' id='word_1_368' title='bbox 1335 2887 1462 2942; x_wconf 70' lang='lat' dir='ltr'>qum</span> <span class='ocrx_word' id='word_1_369' title='bbox 1487 2871 1556 2926; x_wconf 88' lang='lat' dir='ltr'>ad</span> <span class='ocrx_word' id='word_1_370' title='bbox 1581 2871 1844 2942; x_wconf 89' lang='lat' dir='ltr'><strong>ipsorum</strong></span> <span class='ocrx_word' id='word_1_371' title='bbox 1877 2870 2026 2926; x_wconf 62' lang='lat' dir='ltr'><strong>aedes</strong></span> 
     </span>
    </p>
   </div>
   <div class='ocr_carea' id='block_1_47' title="bbox 383 2958 2029 3031">
    <p class='ocr_par' dir='ltr' id='par_1_47' title="bbox 383 2958 2029 3031">
     <span class='ocr_line' id='line_1_48' title="bbox 383 2958 2029 3031; baseline -0.004 -10"><span class='ocrx_word' id='word_1_372' title='bbox 383 2964 696 3031; x_wconf 83' lang='lat' dir='ltr'><strong>ducebant,</strong></span> <span class='ocrx_word' id='word_1_373' title='bbox 731 2961 1000 3017; x_wconf 82' lang='lat' dir='ltr'><strong>maximis</strong></span> <span class='ocrx_word' id='word_1_374' title='bbox 1054 2961 1321 3016; x_wconf 83' lang='lat' dir='ltr'><strong>trabibus</strong></span> <span class='ocrx_word' id='word_1_375' title='bbox 1351 2960 1785 3024; x_wconf 80' lang='lat' dir='ltr'><strong>obstruxerunt,</strong></span> <span class='ocrx_word' id='word_1_376' title='bbox 1809 2962 1865 3013; x_wconf 88' lang='lat' dir='ltr'>et</span> <span class='ocrx_word' id='word_1_377' title='bbox 1892 2958 2029 3014; x_wconf 84' lang='lat' dir='ltr'><strong>tho-</strong></span> 
     </span>
    </p>
   </div>
   <div class='ocr_carea' id='block_1_48' title="bbox 379 3048 2026 3116">
    <p class='ocr_par' dir='ltr' id='par_1_48' title="bbox 379 3048 2026 3116">
     <span class='ocr_line' id='line_1_49' title="bbox 379 3048 2026 3116; baseline -0.004 -6"><span class='ocrx_word' id='word_1_378' title='bbox 379 3053 556 3109; x_wconf 82' lang='lat' dir='ltr'><strong>racati</strong></span> <span class='ocrx_word' id='word_1_379' title='bbox 587 3053 646 3107; x_wconf 90' lang='lat' dir='ltr'>in</span> <span class='ocrx_word' id='word_1_380' title='bbox 681 3049 1109 3108; x_wconf 89' lang='lat' dir='ltr'><strong>munitionibus</strong></span> <span class='ocrx_word' id='word_1_381' title='bbox 1156 3049 1298 3116; x_wconf 86' lang='lat' dir='ltr'><strong>illis,</strong></span> <span class='ocrx_word' id='word_1_382' title='bbox 1330 3049 1494 3104; x_wconf 87' lang='lat' dir='ltr'><strong>densi</strong></span> <span class='ocrx_word' id='word_1_383' title='bbox 1517 3049 1670 3106; x_wconf 75' lang='lat'>518</span> <span class='ocrx_word' id='word_1_384' title='bbox 1695 3048 1846 3102; x_wconf 90' lang='lat' dir='ltr'><strong>inter</strong></span> <span class='ocrx_word' id='word_1_385' title='bbox 1879 3063 2026 3115; x_wconf 88' lang='lat' dir='ltr'><strong>sese,</strong></span> 
     </span>
    </p>
   </div>
   <div class='ocr_carea' id='block_1_49' title="bbox 379 3136 2026 3208">
    <p class='ocr_par' dir='ltr' id='par_1_49' title="bbox 379 3136 2026 3208">
     <span class='ocr_line' id='line_1_50' title="bbox 379 3136 2026 3208; baseline -0.004 -10"><span class='ocrx_word' id='word_1_386' title='bbox 379 3141 791 3199; x_wconf 79' lang='lat' dir='ltr'><strong>constiterunt.</strong></span> <span class='ocrx_word' id='word_1_387' title='bbox 825 3141 897 3193; x_wconf 89' lang='lat' dir='ltr'><strong>At</strong></span> <span class='ocrx_word' id='word_1_388' title='bbox 919 3137 1230 3194; x_wconf 90' lang='lat' dir='ltr'><strong>collectitia</strong></span> <span class='ocrx_word' id='word_1_389' title='bbox 1263 3137 1432 3193; x_wconf 88' lang='lat' dir='ltr'><strong>turba</strong></span> <span class='ocrx_word' id='word_1_390' title='bbox 1462 3153 1612 3208; x_wconf 62' lang='lat' dir='ltr'><strong>sapae</strong></span> <span class='ocrx_word' id='word_1_391' title='bbox 1642 3136 1856 3192; x_wconf 83' lang='lat' dir='ltr'><strong>vallum</strong></span> <span class='ocrx_word' id='word_1_392' title='bbox 1882 3137 2026 3192; x_wconf 90' lang='lat' dir='ltr'><strong>illud</strong></span> 
     </span>
    </p>
   </div>
   <div class='ocr_carea' id='block_1_50' title="bbox 383 3225 2028 3297">
    <p class='ocr_par' dir='ltr' id='par_1_50' title="bbox 383 3225 2028 3297">
     <span class='ocr_line' id='line_1_51' title="bbox 383 3225 2028 3297; baseline -0.002 -12"><span class='ocrx_word' id='word_1_393' title='bbox 383 3229 798 3286; x_wconf 83' lang='lat' dir='ltr'><strong>transcendere</strong></span> <span class='ocrx_word' id='word_1_394' title='bbox 828 3232 1038 3284; x_wconf 89' lang='lat' dir='ltr'><strong>conata</strong></span> <span class='ocrx_word' id='word_1_395' title='bbox 1077 3243 1190 3282; x_wconf 88' lang='lat' dir='ltr'>non</span> <span class='ocrx_word' id='word_1_396' title='bbox 1223 3228 1398 3282; x_wconf 88' lang='lat' dir='ltr'><strong>modo</strong></span> <span class='ocrx_word' id='word_1_397' title='bbox 1437 3225 1584 3281; x_wconf 87' lang='lat' dir='ltr'><strong>nihil</strong></span> <span class='ocrx_word' id='word_1_398' title='bbox 1633 3225 1894 3297; x_wconf 82' lang='lat' dir='ltr'><strong>profecit,</strong></span> <span class='ocrx_word' id='word_1_399' title='bbox 1925 3225 2028 3282; x_wconf 89' lang='lat' dir='ltr'>sed</span> 
     </span>
    </p>
   </div>
   <div class='ocr_carea' id='block_1_51' title="bbox 2133 2245 3790 2326">
    <p class='ocr_par' dir='ltr' id='par_1_51' title="bbox 2133 2245 3790 2326">
     <span class='ocr_line' id='line_1_52' title="bbox 2133 2245 3790 2326; baseline -0.004 -18"><span class='ocrx_word' id='word_1_400' title='bbox 2133 2252 2542 2326; x_wconf 69' lang='grc' dir='ltr'>εἰσηγουμένων</span> <span class='ocrx_word' id='word_1_401' title='bbox 2595 2249 2663 2306; x_wconf 76' lang='grc' dir='ltr'>τὰ</span> <span class='ocrx_word' id='word_1_402' title='bbox 2715 2249 2854 2324; x_wconf 85' lang='grc' dir='ltr'>πρὸς</span> <span class='ocrx_word' id='word_1_403' title='bbox 2909 2247 3132 2324; x_wconf 64' lang='grc' dir='ltr'>ετρήνην</span> <span class='ocrx_word' id='word_1_404' title='bbox 3191 2248 3485 2318; x_wconf 73' lang='grc' dir='ltr'>κατήκοος,</span> <span class='ocrx_word' id='word_1_405' title='bbox 3545 2245 3670 2302; x_wconf 87' lang='grc' dir='ltr'>ἀλλ’</span> <span class='ocrx_word' id='word_1_406' title='bbox 3711 2246 3790 2310; x_wconf 86' lang='grc' dir='ltr'>ὡς</span> 
     </span>
    </p>
   </div>
   <div class='ocr_carea' id='block_1_52' title="bbox 2129 2333 3785 2411">
    <p class='ocr_par' dir='ltr' id='par_1_52' title="bbox 2129 2333 3785 2411">
     <span class='ocr_line' id='line_1_53' title="bbox 2129 2333 3785 2411; baseline -0.004 -17"><span class='ocrx_word' id='word_1_407' title='bbox 2129 2336 2352 2400; x_wconf 79' lang='grc' dir='ltr'>ἀσπίδες</span> <span class='ocrx_word' id='word_1_408' title='bbox 2411 2337 2479 2392; x_wconf 74' lang='grc' dir='ltr'>τὰ</span> <span class='ocrx_word' id='word_1_409' title='bbox 2533 2337 2648 2391; x_wconf 81' lang='grc' dir='ltr'>ὦτα</span> <span class='ocrx_word' id='word_1_410' title='bbox 2719 2336 2939 2411; x_wconf 86' lang='grc' dir='ltr'>βύοντες</span> <span class='ocrx_word' id='word_1_411' title='bbox 2995 2335 3169 2390; x_wconf 82' lang='grc' dir='ltr'>πάντα</span> <span class='ocrx_word' id='word_1_412' title='bbox 3222 2334 3562 2411; x_wconf 68' lang='grc' dir='ltr'>παρέτρεχον</span> <span class='ocrx_word' id='word_1_413' title='bbox 3615 2333 3785 2411; x_wconf 74' lang='grc' dir='ltr'>σοφὸν</span> 
     </span>
    </p>
   </div>
   <div class='ocr_carea' id='block_1_53' title="bbox 2131 2422 3787 2509">
    <p class='ocr_par' dir='ltr' id='par_1_53' title="bbox 2131 2422 3787 2509">
     <span class='ocr_line' id='line_1_54' title="bbox 2131 2422 3787 2509; baseline -0.004 -25"><span class='ocrx_word' id='word_1_414' title='bbox 2131 2426 2442 2509; x_wconf 74' lang='grc' dir='ltr'>φαρμακόν.</span> <span class='ocrx_word' id='word_1_415' title='bbox 2501 2425 2834 2500; x_wconf 88' lang='grc' dir='ltr'>Ἡγεμόνευε</span> <span class='ocrx_word' id='word_1_416' title='bbox 2890 2422 2948 2480; x_wconf 65' lang='grc' dir='ltr'>δὲ</span> <span class='ocrx_word' id='word_1_417' title='bbox 3001 2431 3104 2494; x_wconf 84' lang='grc' dir='ltr'>τῆς</span> <span class='ocrx_word' id='word_1_418' title='bbox 3167 2424 3293 2480; x_wconf 84' lang='grc' dir='ltr'>τότε</span> <span class='ocrx_word' id='word_1_419' title='bbox 3345 2427 3452 2478; x_wconf 87' lang='grc' dir='ltr'>τῶν</span> <span class='ocrx_word' id='word_1_420' title='bbox 3511 2422 3787 2500; x_wconf 83' lang='grc' dir='ltr'>ἀγοραίων</span> 
     </span>
    </p>
   </div>
   <div class='ocr_carea' id='block_1_54' title="bbox 2128 2511 3790 2592">
    <p class='ocr_par' dir='ltr' id='par_1_54' title="bbox 2128 2511 3790 2592">
     <span class='ocr_line' id='line_1_55' title="bbox 2128 2511 3790 2592; baseline -0.004 -19"><span class='ocrx_word' id='word_1_421' title='bbox 2128 2514 2442 2592; x_wconf 85' lang='grc' dir='ltr'>συνδρομῆς</span> <span class='ocrx_word' id='word_1_422' title='bbox 2491 2515 2555 2570; x_wconf 82' lang='grc' dir='ltr'>οὐ</span> <span class='ocrx_word' id='word_1_423' title='bbox 2593 2513 2752 2590; x_wconf 88' lang='grc' dir='ltr'>μόνον</span> <span class='ocrx_word' id='word_1_424' title='bbox 2787 2511 3194 2590; x_wconf 72' lang='grc' dir='ltr'>θυμὸςᾶλογος,</span> <span class='ocrx_word' id='word_1_425' title='bbox 3252 2511 3396 2569; x_wconf 86' lang='grc' dir='ltr'>ἀλλά</span> <span class='ocrx_word' id='word_1_426' title='bbox 3443 2512 3535 2568; x_wconf 82' lang='grc' dir='ltr'>καὶ</span> <span class='ocrx_word' id='word_1_427' title='bbox 3595 2513 3623 2566; x_wconf 85' lang='grc' dir='ltr'>ὁ</span> <span class='ocrx_word' id='word_1_428' title='bbox 3673 2517 3790 2567; x_wconf 88' lang='grc' dir='ltr'>τῶν</span> 
     </span>
    </p>
   </div>
   <div class='ocr_carea' id='block_1_55' title="bbox 2130 2597 3793 2682">
    <p class='ocr_par' dir='ltr' id='par_1_55' title="bbox 2130 2597 3793 2682">
     <span class='ocr_line' id='line_1_56' title="bbox 2130 2597 3793 2682; baseline -0.004 -20"><span class='ocrx_word' id='word_1_429' title='bbox 2130 2604 2444 2682; x_wconf 85' lang='grc' dir='ltr'>ἀλλοτρίων</span> <span class='ocrx_word' id='word_1_430' title='bbox 2501 2601 2734 2680; x_wconf 81' lang='grc' dir='ltr'>ἠῤῥένου</span> <span class='ocrx_word' id='word_1_431' title='bbox 2799 2597 2936 2678; x_wconf 79' lang='grc' dir='ltr'>ἔρως</span> <span class='ocrx_word' id='word_1_432' title='bbox 2992 2601 3320 2678; x_wconf 77' lang='grc' dir='ltr'>χρημάτων.</span> <span class='ocrx_word' id='word_1_433' title='bbox 3383 2600 3558 2674; x_wconf 73' lang='grc' dir='ltr'>ᾤοντο</span> <span class='ocrx_word' id='word_1_434' title='bbox 3596 2601 3702 2676; x_wconf 73' lang='grc' dir='ltr'>γὰρ</span> <span class='ocrx_word' id='word_1_435' title='bbox 3739 2599 3793 2656; x_wconf 78' lang='grc' dir='ltr'>έν</span> 
     </span>
    </p>
   </div>
   <div class='ocr_carea' id='block_1_56' title="bbox 2135 2690 3792 2771">
    <p class='ocr_par' dir='ltr' id='par_1_56' title="bbox 2135 2690 3792 2771">
     <span class='ocr_line' id='line_1_57' title="bbox 2135 2690 3792 2771; baseline -0.004 -22"><span class='ocrx_word' id='word_1_436' title='bbox 2135 2695 2332 2771; x_wconf 66' lang='grc' dir='ltr'>βραχεῖ</span> <span class='ocrx_word' id='word_1_437' title='bbox 2358 2692 2512 2767; x_wconf 84' lang='grc' dir='ltr'>πόνῳ</span> <span class='ocrx_word' id='word_1_438' title='bbox 2548 2691 2677 2754; x_wconf 79' lang='grc' dir='ltr'>τοὺς</span> <span class='ocrx_word' id='word_1_439' title='bbox 2731 2693 2992 2747; x_wconf 83' lang='grc' dir='ltr'>Λατίνους</span> <span class='ocrx_word' id='word_1_440' title='bbox 3043 2693 3300 2760; x_wconf 68' lang='grc' dir='ltr'>ἐκστῆσαι</span> <span class='ocrx_word' id='word_1_441' title='bbox 3345 2690 3666 2763; x_wconf 75' lang='grc' dir='ltr'>οἰκημάτων</span> <span class='ocrx_word' id='word_1_442' title='bbox 3695 2691 3792 2745; x_wconf 86' lang='grc' dir='ltr'>καὶ</span> 
     </span>
    </p>
   </div>
   <div class='ocr_carea' id='block_1_57' title="bbox 2137 2777 3796 2860">
    <p class='ocr_par' dir='ltr' id='par_1_57' title="bbox 2137 2777 3796 2860">
     <span class='ocr_line' id='line_1_58' title="bbox 2137 2777 3796 2860; baseline -0.001 -20"><span class='ocrx_word' id='word_1_443' title='bbox 2137 2782 2428 2860; x_wconf 78' lang='grc' dir='ltr'>διαρπάσαι</span> <span class='ocrx_word' id='word_1_444' title='bbox 2487 2786 2571 2858; x_wconf 83' lang='grc' dir='ltr'>[Ρ.</span> <span class='ocrx_word' id='word_1_445' title='bbox 2631 2787 2758 2855; x_wconf 76' lang='grc'>251]</span> <span class='ocrx_word' id='word_1_446' title='bbox 2817 2781 2958 2837; x_wconf 80' lang='grc' dir='ltr'>ἆπαν</span> <span class='ocrx_word' id='word_1_447' title='bbox 3019 2781 3485 2858; x_wconf 73' lang='grc' dir='ltr'>ἀπραγματεύτως</span> <span class='ocrx_word' id='word_1_448' title='bbox 3525 2782 3588 2836; x_wconf 83' lang='grc' dir='ltr'>τὸ</span> <span class='ocrx_word' id='word_1_449' title='bbox 3641 2777 3796 2838; x_wconf 80' lang='grc' dir='ltr'>ἔνδον</span> 
     </span>
    </p>
   </div>
   <div class='ocr_carea' id='block_1_58' title="bbox 2129 2869 3798 2949">
    <p class='ocr_par' dir='ltr' id='par_1_58' title="bbox 2129 2869 3798 2949">
     <span class='ocr_line' id='line_1_59' title="bbox 2129 2869 3798 2949; baseline -0.001 -19"><span class='ocrx_word' id='word_1_450' title='bbox 2129 2873 2630 2948; x_wconf 81' lang='grc' dir='ltr'>κειμηλιούμενον,</span> <span class='ocrx_word' id='word_1_451' title='bbox 2671 2869 2861 2946; x_wconf 79' lang='grc' dir='ltr'>διόπερ</span> <span class='ocrx_word' id='word_1_452' title='bbox 2901 2871 3037 2927; x_wconf 86' lang='grc' dir='ltr'>κατά</span> <span class='ocrx_word' id='word_1_453' title='bbox 3082 2872 3211 2935; x_wconf 82' lang='grc' dir='ltr'>τοὺς</span> <span class='ocrx_word' id='word_1_454' title='bbox 3259 2871 3497 2947; x_wconf 85' lang='grc' dir='ltr'>χρόνους</span> <span class='ocrx_word' id='word_1_455' title='bbox 3544 2877 3644 2928; x_wconf 72' lang='grc' dir='ltr'>τοῦ</span> <span class='ocrx_word' id='word_1_456' title='bbox 3693 2873 3798 2949; x_wconf 79' lang='grc' dir='ltr'>βαο</span> 
     </span>
    </p>
   </div>
   <div class='ocr_carea' id='block_1_59' title="bbox 2138 2957 3800 3037">
    <p class='ocr_par' dir='ltr' id='par_1_59' title="bbox 2138 2957 3800 3037">
     <span class='ocr_line' id='line_1_60' title="bbox 2138 2957 3800 3037; baseline -0.001 -19"><span class='ocrx_word' id='word_1_457' title='bbox 2138 2959 2343 3027; x_wconf 79' lang='grc' dir='ltr'>σιλέως</span> <span class='ocrx_word' id='word_1_458' title='bbox 2410 2959 2761 3036; x_wconf 83' lang='grc' dir='ltr'>Ἀνδρονίκου</span> <span class='ocrx_word' id='word_1_459' title='bbox 2821 2957 3251 3037; x_wconf 86' lang='grc' dir='ltr'>διαπεπράχασι.</span> <span class='ocrx_word' id='word_1_460' title='bbox 3307 2961 3440 3023; x_wconf 90' lang='grc' dir='ltr'>Τοῖς</span> <span class='ocrx_word' id='word_1_461' title='bbox 3472 2957 3530 3015; x_wconf 76' lang='grc' dir='ltr'>δὶ</span> <span class='ocrx_word' id='word_1_462' title='bbox 3559 2961 3640 3026; x_wconf 67' lang='grc' dir='ltr'>εἷς</span> <span class='ocrx_word' id='word_1_463' title='bbox 3668 2961 3800 3018; x_wconf 84' lang='grc' dir='ltr'>τού-</span> 
     </span>
    </p>
   </div>
   <div class='ocr_carea' id='block_1_60' title="bbox 2136 3047 3800 3128">
    <p class='ocr_par' dir='ltr' id='par_1_60' title="bbox 2136 3047 3800 3128">
     <span class='ocr_line' id='line_1_61' title="bbox 2136 3047 3800 3128; baseline 0 -21"><span class='ocrx_word' id='word_1_464' title='bbox 2136 3051 2350 3107; x_wconf 92' lang='grc' dir='ltr'>ναντίον</span> <span class='ocrx_word' id='word_1_465' title='bbox 2423 3051 2491 3106; x_wconf 74' lang='grc' dir='ltr'>τὶ</span> <span class='ocrx_word' id='word_1_466' title='bbox 2561 3055 2670 3106; x_wconf 89' lang='grc' dir='ltr'>τῶν</span> <span class='ocrx_word' id='word_1_467' title='bbox 2749 3047 2990 3106; x_wconf 71' lang='grc' dir='ltr'>ἰλπίδων</span> <span class='ocrx_word' id='word_1_468' title='bbox 3071 3050 3490 3125; x_wconf 89' lang='grc' dir='ltr'>μετέστραπται.</span> <span class='ocrx_word' id='word_1_469' title='bbox 3559 3051 3628 3108; x_wconf 73' lang='grc' dir='ltr'><strong>Οἱ</strong></span> <span class='ocrx_word' id='word_1_470' title='bbox 3693 3051 3800 3128; x_wconf 85' lang='grc' dir='ltr'>γάρ</span> 
     </span>
    </p>
   </div>
   <div class='ocr_carea' id='block_1_61' title="bbox 2134 3137 3792 3217">
    <p class='ocr_par' dir='ltr' id='par_1_61' title="bbox 2134 3137 3792 3217">
     <span class='ocr_line' id='line_1_62' title="bbox 2134 3137 3792 3217; baseline -0.001 -20"><span class='ocrx_word' id='word_1_471' title='bbox 2134 3140 2390 3216; x_wconf 79' lang='grc' dir='ltr'>διάφοροι</span> <span class='ocrx_word' id='word_1_472' title='bbox 2451 3140 2526 3202; x_wconf 86' lang='grc' dir='ltr'>ὠς</span> <span class='ocrx_word' id='word_1_473' title='bbox 2583 3137 2731 3196; x_wconf 84' lang='grc' dir='ltr'>εἶδον</span> <span class='ocrx_word' id='word_1_474' title='bbox 2786 3141 2887 3210; x_wconf 80' lang='grc' dir='ltr'>τήν</span> <span class='ocrx_word' id='word_1_475' title='bbox 2943 3138 3028 3195; x_wconf 76' lang='grc' dir='ltr'>ἐπ’</span> <span class='ocrx_word' id='word_1_476' title='bbox 3081 3138 3280 3203; x_wconf 78' lang='grc' dir='ltr'>αὐτοὺς</span> <span class='ocrx_word' id='word_1_477' title='bbox 3333 3143 3444 3196; x_wconf 88' lang='grc' dir='ltr'>τῶν</span> <span class='ocrx_word' id='word_1_478' title='bbox 3476 3137 3792 3217; x_wconf 74' lang='grc' dir='ltr'>ξυγκλύδων</span> 
     </span>
    </p>
   </div>
   <div class='ocr_carea' id='block_1_62' title="bbox 2133 3226 3797 3310">
    <p class='ocr_par' dir='ltr' id='par_1_62' title="bbox 2133 3226 3797 3310">
     <span class='ocr_line' id='line_1_63' title="bbox 2133 3226 3797 3310; baseline 0 -24"><span class='ocrx_word' id='word_1_479' title='bbox 2133 3229 2412 3310; x_wconf 73' lang='grc' dir='ltr'>σύρροιαν,</span> <span class='ocrx_word' id='word_1_480' title='bbox 2470 3230 2567 3292; x_wconf 84' lang='grc' dir='ltr'>τὰς</span> <span class='ocrx_word' id='word_1_481' title='bbox 2640 3250 2699 3284; x_wconf 87' lang='grc' dir='ltr'>τε</span> <span class='ocrx_word' id='word_1_482' title='bbox 2757 3226 3074 3304; x_wconf 77' lang='grc' dir='ltr'>λεωφόρους</span> <span class='ocrx_word' id='word_1_483' title='bbox 3140 3229 3630 3306; x_wconf 80' lang='grc' dir='ltr'>περιεφράγμωσαν</span> <span class='ocrx_word' id='word_1_484' title='bbox 3693 3252 3797 3304; x_wconf 89' lang='grc' dir='ltr'>με-</span> 
     </span>
    </p>
   </div>
   <div class='ocr_carea' id='block_1_63' title="bbox 383 3314 2030 3395">
    <p class='ocr_par' dir='ltr' id='par_1_63' title="bbox 383 3314 2030 3376">
     <span class='ocr_line' id='line_1_64' title="bbox 383 3314 2030 3376; baseline -0.004 0"><span class='ocrx_word' id='word_1_485' title='bbox 383 3318 560 3376; x_wconf 88' lang='lat' dir='ltr'><strong>etiam</strong></span> <span class='ocrx_word' id='word_1_486' title='bbox 593 3333 627 3372; x_wconf 89' lang='lat' dir='ltr'>a</span> <span class='ocrx_word' id='word_1_487' title='bbox 659 3317 878 3372; x_wconf 86' lang='lat' dir='ltr'><strong>Latinis</strong></span> <span class='ocrx_word' id='word_1_488' title='bbox 911 3314 1061 3372; x_wconf 86' lang='lat' dir='ltr'><strong>male</strong></span> <span class='ocrx_word' id='word_1_489' title='bbox 1091 3319 1338 3370; x_wconf 85' lang='lat' dir='ltr'><strong>tractata</strong></span> <span class='ocrx_word' id='word_1_490' title='bbox 1392 3319 1502 3370; x_wconf 91' lang='lat' dir='ltr'><strong>est.</strong></span> <span class='ocrx_word' id='word_1_491' title='bbox 1535 3314 1680 3370; x_wconf 88' lang='lat' dir='ltr'><strong>Nam</strong></span> <span class='ocrx_word' id='word_1_492' title='bbox 1739 3331 1873 3370; x_wconf 89' lang='lat' dir='ltr'>cum</span> <span class='ocrx_word' id='word_1_493' title='bbox 1904 3315 2030 3370; x_wconf 90' lang='lat' dir='ltr'><strong>sine</strong></span> 
     </span>
    </p>
   </div>
   <div class='ocr_carea' id='block_1_64' title="bbox 2139 3314 3792 3395">
    <p class='ocr_par' dir='ltr' id='par_1_64' title="bbox 2139 3315 3792 3395">
     <span class='ocr_line' id='line_1_65' title="bbox 2139 3315 3792 3395; baseline 0 -21"><span class='ocrx_word' id='word_1_494' title='bbox 2139 3319 2341 3394; x_wconf 81' lang='grc' dir='ltr'>γίστοις</span> <span class='ocrx_word' id='word_1_495' title='bbox 2401 3317 2686 3395; x_wconf 52' lang='grc' dir='ltr'>σκόλοψιν,</span> <span class='ocrx_word' id='word_1_496' title='bbox 2747 3315 2867 3372; x_wconf 76' lang='grc' dir='ltr'>ὅσαι</span> <span class='ocrx_word' id='word_1_497' title='bbox 2927 3322 3044 3373; x_wconf 89' lang='grc' dir='ltr'>κατ’</span> <span class='ocrx_word' id='word_1_498' title='bbox 3092 3317 3292 3379; x_wconf 74' lang='grc' dir='ltr'>αὐτοὺς</span> <span class='ocrx_word' id='word_1_499' title='bbox 3334 3317 3473 3395; x_wconf 77' lang='grc' dir='ltr'>ἦγον</span> <span class='ocrx_word' id='word_1_500' title='bbox 3521 3319 3586 3374; x_wconf 88' lang='grc' dir='ltr'>τὸ</span> <span class='ocrx_word' id='word_1_501' title='bbox 3616 3339 3792 3395; x_wconf 84' lang='grc' dir='ltr'>παρο-</span> 
     </span>
    </p>
   </div>
   <div class='ocr_carea' id='block_1_65' title="bbox 387 3387 2030 3484">
    <p class='ocr_par' dir='ltr' id='par_1_65' title="bbox 387 3403 2028 3477">
     <span class='ocr_line' id='line_1_66' title="bbox 387 3403 2028 3477; baseline -0.002 -15"><span class='ocrx_word' id='word_1_502' title='bbox 387 3406 538 3464; x_wconf 86' lang='lat' dir='ltr'><strong>ferro</strong></span> <span class='ocrx_word' id='word_1_503' title='bbox 563 3410 622 3462; x_wconf 91' lang='lat' dir='ltr'>et</span> <span class='ocrx_word' id='word_1_504' title='bbox 675 3405 842 3471; x_wconf 90' lang='lat' dir='ltr'><strong>nudi,</strong></span> <span class='ocrx_word' id='word_1_505' title='bbox 901 3403 1165 3477; x_wconf 88' lang='lat' dir='ltr'><strong>plerique</strong></span> <span class='ocrx_word' id='word_1_506' title='bbox 1219 3403 1394 3460; x_wconf 88' lang='lat' dir='ltr'><strong>etiam</strong></span> <span class='ocrx_word' id='word_1_507' title='bbox 1453 3403 1586 3458; x_wconf 89' lang='lat' dir='ltr'><strong>vino</strong></span> <span class='ocrx_word' id='word_1_508' title='bbox 1639 3403 1853 3468; x_wconf 79' lang='lat' dir='ltr'><strong>obruti,</strong></span> <span class='ocrx_word' id='word_1_509' title='bbox 1894 3419 2028 3458; x_wconf 88' lang='lat' dir='ltr'>cum</span> 
     </span>
    </p>
   </div>
   <div class='ocr_carea' id='block_1_66' title="bbox 2139 3387 3788 3484">
    <p class='ocr_par' dir='ltr' id='par_1_66' title="bbox 2139 3387 3788 3484">
     <span class='ocr_line' id='line_1_67' title="bbox 2139 3387 3788 3484; baseline 0 -20"><span class='ocrx_word' id='word_1_510' title='bbox 2139 3387 2313 3478; x_wconf 75' lang='grc' dir='ltr'>δεῦον,</span> <span class='ocrx_word' id='word_1_511' title='bbox 2343 3407 2431 3462; x_wconf 87' lang='grc' dir='ltr'>καὶ</span> <span class='ocrx_word' id='word_1_512' title='bbox 2465 3387 2889 3482; x_wconf 38' lang='grc' dir='ltr'>θωρακι-σθέντες</span> <span class='ocrx_word' id='word_1_513' title='bbox 2921 3405 3091 3482; x_wconf 86' lang='grc' dir='ltr'>βύζην</span> <span class='ocrx_word' id='word_1_514' title='bbox 3153 3405 3204 3460; x_wconf 82' lang='grc' dir='ltr'>ἐν</span> <span class='ocrx_word' id='word_1_515' title='bbox 3263 3387 3401 3471; x_wconf 46' lang='grc' dir='ltr'>τοῖς·</span> <span class='ocrx_word' id='word_1_516' title='bbox 3427 3387 3788 3484; x_wconf 71' lang='grc' dir='ltr'>ὀχυρώμασιν</span> 
     </span>
    </p>
   </div>
   <div class='ocr_carea' id='block_1_67' title="bbox 387 3491 2030 3574">
    <p class='ocr_par' dir='ltr' id='par_1_67' title="bbox 387 3493 2030 3566">
     <span class='ocr_line' id='line_1_68' title="bbox 387 3493 2030 3566; baseline -0.003 -14"><span class='ocrx_word' id='word_1_517' title='bbox 387 3495 630 3552; x_wconf 87' lang='lat' dir='ltr'><strong>armatis</strong></span> <span class='ocrx_word' id='word_1_518' title='bbox 657 3495 1167 3566; x_wconf 81' lang='lat' dir='ltr'><strong>congrederentur,</strong></span> <span class='ocrx_word' id='word_1_519' title='bbox 1191 3499 1314 3548; x_wconf 90' lang='lat' dir='ltr'>tum</span> <span class='ocrx_word' id='word_1_520' title='bbox 1339 3494 1576 3548; x_wconf 87' lang='lat' dir='ltr'><strong>demum</strong></span> <span class='ocrx_word' id='word_1_521' title='bbox 1600 3493 1732 3564; x_wconf 90' lang='lat' dir='ltr'><strong>quid</strong></span> <span class='ocrx_word' id='word_1_522' title='bbox 1753 3493 2030 3550; x_wconf 82' lang='lat' dir='ltr'><strong>fecissent</strong></span> 
     </span>
    </p>
   </div>
   <div class='ocr_carea' id='block_1_68' title="bbox 2139 3491 3797 3574">
    <p class='ocr_par' dir='ltr' id='par_1_68' title="bbox 2139 3491 3797 3574">
     <span class='ocr_line' id='line_1_69' title="bbox 2139 3491 3797 3574; baseline 0 -22"><span class='ocrx_word' id='word_1_523' title='bbox 2139 3491 2386 3568; x_wconf 74' lang='grc' dir='ltr'>ἔστησαν.</span> <span class='ocrx_word' id='word_1_524' title='bbox 2435 3497 2498 3554; x_wconf 71' lang='grc' dir='ltr'>Ὀ</span> <span class='ocrx_word' id='word_1_525' title='bbox 2557 3494 2602 3550; x_wconf 88' lang='grc' dir='ltr'>δ’</span> <span class='ocrx_word' id='word_1_526' title='bbox 2635 3493 2890 3572; x_wconf 81' lang='grc' dir='ltr'>ἀγελαῖος</span> <span class='ocrx_word' id='word_1_527' title='bbox 2949 3495 3124 3570; x_wconf 80' lang='grc' dir='ltr'>ὗχλος</span> <span class='ocrx_word' id='word_1_528' title='bbox 3185 3493 3458 3558; x_wconf 80' lang='grc' dir='ltr'>πολλάκις</span> <span class='ocrx_word' id='word_1_529' title='bbox 3505 3497 3598 3570; x_wconf 78' lang='grc' dir='ltr'>μὶν</span> <span class='ocrx_word' id='word_1_530' title='bbox 3635 3499 3797 3574; x_wconf 76' lang='grc' dir='ltr'>ὑπερ-</span> 
     </span>
    </p>
   </div>
   <div class='ocr_carea' id='block_1_69' title="bbox 385 3546 2030 3660">
    <p class='ocr_par' dir='ltr' id='par_1_69' title="bbox 385 3546 2030 3656">
     <span class='ocr_line' id='line_1_70' title="bbox 385 3546 2030 3656; baseline -0.002 -12"><span class='ocrx_word' id='word_1_531' title='bbox 385 3546 1123 3656; x_wconf 63' lang='grc' dir='ltr'>οθηιοδιιοι,Εῗ)ἰωθὶὴουω</span> <span class='ocrx_word' id='word_1_532' title='bbox 1149 3585 1490 3640; x_wconf 85' lang='lat' dir='ltr'><strong>Prometheo</strong></span> <span class='ocrx_word' id='word_1_533' title='bbox 1531 3546 1858 3640; x_wconf 61' lang='lat' dir='ltr'><strong>stultiorem</strong></span> <span class='ocrx_word' id='word_1_534' title='bbox 1903 3599 2030 3640; x_wconf 87' lang='lat' dir='ltr'><strong>esse</strong></span> 
     </span>
    </p>
   </div>
   <div class='ocr_carea' id='block_1_70' title="bbox 2139 3546 3799 3660">
    <p class='ocr_par' dir='ltr' id='par_1_70' title="bbox 2139 3546 3799 3660">
     <span class='ocr_line' id='line_1_71' title="bbox 2139 3546 3735 3572; baseline -0.001 -4"><span class='ocrx_word' id='word_1_535' title='bbox 2139 3546 2386 3568; x_wconf 67' lang='grc' dir='ltr'>’⁷’“Ι⁷“⁷’</span> <span class='ocrx_word' id='word_1_536' title='bbox 2461 3546 2490 3554; x_wconf 50' lang='grc' dir='ltr'><strong>ν</strong></span> <span class='ocrx_word' id='word_1_537' title='bbox 2564 3546 2581 3550; x_wconf 68' lang='grc'>⁷</span> <span class='ocrx_word' id='word_1_538' title='bbox 2637 3546 2890 3572; x_wconf 66' lang='grc' dir='ltr'>““ι“·““““τ</span> <span class='ocrx_word' id='word_1_539' title='bbox 2955 3546 3122 3570; x_wconf 56' lang='grc' dir='ltr'>“Λ’”⁷¹</span> <span class='ocrx_word' id='word_1_540' title='bbox 3191 3546 3457 3558; x_wconf 60' lang='grc'>““⁷““”“⁷““⁷</span> <span class='ocrx_word' id='word_1_541' title='bbox 3505 3546 3592 3570; x_wconf 74' lang='grc' dir='ltr'>Γ’”</span> <span class='ocrx_word' id='word_1_542' title='bbox 3638 3546 3735 3554; x_wconf 67' lang='grc'><strong><em>*⁷““</em></strong></span> 
     </span>
     <span class='ocr_line' id='line_1_72' title="bbox 2139 3546 3799 3660; baseline 0.001 -18"><span class='ocrx_word' id='word_1_543' title='bbox 2139 3581 2302 3656; x_wconf 74' lang='grc' dir='ltr'>ϐῆναι</span> <span class='ocrx_word' id='word_1_544' title='bbox 2361 3586 2428 3640; x_wconf 82' lang='grc' dir='ltr'>τὰ</span> <span class='ocrx_word' id='word_1_545' title='bbox 2483 3585 2977 3660; x_wconf 83' lang='grc' dir='ltr'>περισταυρώματα</span> <span class='ocrx_word' id='word_1_546' title='bbox 3025 3582 3318 3660; x_wconf 83' lang='grc' dir='ltr'>ὥρμησαν,</span> <span class='ocrx_word' id='word_1_547' title='bbox 3377 3584 3438 3641; x_wconf 80' lang='grc' dir='ltr'>οὐ</span> <span class='ocrx_word' id='word_1_548' title='bbox 3513 3586 3673 3660; x_wconf 88' lang='grc' dir='ltr'>μόνον</span> <span class='ocrx_word' id='word_1_549' title='bbox 3739 3546 3799 3642; x_wconf 73' lang='grc' dir='ltr'>δὲ</span> 
     </span>
    </p>
   </div>
   <div class='ocr_carea' id='block_1_71' title="bbox 386 3673 2030 3757">
    <p class='ocr_par' dir='ltr' id='par_1_71' title="bbox 386 3673 2030 3748">
     <span class='ocr_line' id='line_1_73' title="bbox 386 3673 2030 3748; baseline -0.003 -15"><span class='ocrx_word' id='word_1_550' title='bbox 386 3675 816 3748; x_wconf 86' lang='lat' dir='ltr'><strong>intelligebant,</strong></span> <span class='ocrx_word' id='word_1_551' title='bbox 847 3691 982 3731; x_wconf 91' lang='lat' dir='ltr'>cum</span> <span class='ocrx_word' id='word_1_552' title='bbox 1033 3678 1136 3729; x_wconf 89' lang='lat' dir='ltr'>aut</span> <span class='ocrx_word' id='word_1_553' title='bbox 1188 3673 1418 3744; x_wconf 74' lang='lat' dir='ltr'><strong>sagittis</strong></span> <span class='ocrx_word' id='word_1_554' title='bbox 1468 3673 1566 3729; x_wconf 87' lang='lat' dir='ltr'><strong>icti</strong></span> <span class='ocrx_word' id='word_1_555' title='bbox 1614 3677 1714 3728; x_wconf 91' lang='lat' dir='ltr'>aut</span> <span class='ocrx_word' id='word_1_556' title='bbox 1767 3673 2030 3728; x_wconf 89' lang='lat' dir='ltr'><strong>cominus</strong></span> 
     </span>
    </p>
   </div>
   <div class='ocr_carea' id='block_1_72' title="bbox 2139 3673 3799 3757">
    <p class='ocr_par' dir='ltr' id='par_1_72' title="bbox 2139 3677 3799 3757">
     <span class='ocr_line' id='line_1_74' title="bbox 2139 3677 3799 3757; baseline -0.001 -16"><span class='ocrx_word' id='word_1_557' title='bbox 2139 3691 2256 3747; x_wconf 87' lang='grc' dir='ltr'>τοῖς</span> <span class='ocrx_word' id='word_1_558' title='bbox 2285 3683 2422 3740; x_wconf 83' lang='grc' dir='ltr'>κατά</span> <span class='ocrx_word' id='word_1_559' title='bbox 2452 3685 2653 3740; x_wconf 82' lang='grc' dir='ltr'>σκοπὸν</span> <span class='ocrx_word' id='word_1_560' title='bbox 2684 3682 2783 3738; x_wconf 75' lang='grc' dir='ltr'>οὐκ</span> <span class='ocrx_word' id='word_1_561' title='bbox 2835 3677 3020 3740; x_wconf 81' lang='grc' dir='ltr'>ἔδοσαν</span> <span class='ocrx_word' id='word_1_562' title='bbox 3076 3679 3265 3757; x_wconf 72' lang='grc' dir='ltr'>πέρας,</span> <span class='ocrx_word' id='word_1_563' title='bbox 3316 3682 3460 3742; x_wconf 81' lang='grc' dir='ltr'>ἀλλά</span> <span class='ocrx_word' id='word_1_564' title='bbox 3497 3685 3584 3740; x_wconf 80' lang='grc' dir='ltr'>καὶ</span> <span class='ocrx_word' id='word_1_565' title='bbox 3614 3691 3799 3748; x_wconf 85' lang='grc' dir='ltr'>κακῶς</span> 
     </span>
    </p>
   </div>
   <div class='ocr_carea' id='block_1_73' title="bbox 384 3763 2030 3850">
    <p class='ocr_par' dir='ltr' id='par_1_73' title="bbox 384 3763 2030 3836">
     <span class='ocr_line' id='line_1_75' title="bbox 384 3763 2030 3836; baseline -0.004 -12"><span class='ocrx_word' id='word_1_566' title='bbox 384 3767 672 3824; x_wconf 86' lang='lat' dir='ltr'><strong>vulnerati</strong></span> <span class='ocrx_word' id='word_1_567' title='bbox 736 3765 898 3821; x_wconf 89' lang='lat' dir='ltr'><strong>humi</strong></span> <span class='ocrx_word' id='word_1_568' title='bbox 957 3763 1436 3836; x_wconf 83' lang='lat' dir='ltr'><strong>procumbebant.</strong></span> <span class='ocrx_word' id='word_1_569' title='bbox 1495 3770 1568 3820; x_wconf 77' lang='lat' dir='ltr'>Ac</span> <span class='ocrx_word' id='word_1_570' title='bbox 1642 3768 1761 3820; x_wconf 85' lang='lat' dir='ltr'><strong>toto</strong></span> <span class='ocrx_word' id='word_1_571' title='bbox 1810 3763 2030 3836; x_wconf 77' lang='lat' dir='ltr'><strong>vesperi</strong></span> 
     </span>
    </p>
   </div>
   <div class='ocr_carea' id='block_1_74' title="bbox 2139 3763 3796 3850">
    <p class='ocr_par' dir='ltr' id='par_1_74' title="bbox 2144 3770 3796 3850">
     <span class='ocr_line' id='line_1_76' title="bbox 2144 3770 3796 3850; baseline -0.002 -20"><span class='ocrx_word' id='word_1_572' title='bbox 2144 3772 2250 3830; x_wconf 77' lang='grc' dir='ltr'>ὑπὸ</span> <span class='ocrx_word' id='word_1_573' title='bbox 2325 3776 2434 3829; x_wconf 86' lang='grc' dir='ltr'>τῶν</span> <span class='ocrx_word' id='word_1_574' title='bbox 2518 3774 2763 3828; x_wconf 54' lang='grc' dir='ltr'>⁴Χατίνων</span> <span class='ocrx_word' id='word_1_575' title='bbox 2847 3770 3066 3828; x_wconf 77' lang='grc' dir='ltr'>ἔπαθον·</span> <span class='ocrx_word' id='word_1_576' title='bbox 3156 3770 3486 3849; x_wconf 75' lang='grc' dir='ltr'>ἀσιδήρωτοι</span> <span class='ocrx_word' id='word_1_577' title='bbox 3543 3773 3645 3850; x_wconf 79' lang='grc' dir='ltr'>γὰρ</span> <span class='ocrx_word' id='word_1_578' title='bbox 3701 3775 3796 3828; x_wconf 81' lang='grc' dir='ltr'>καὶ</span> 
     </span>
    </p>
   </div>
   <div class='ocr_carea' id='block_1_75' title="bbox 384 3851 2030 3940">
    <p class='ocr_par' dir='ltr' id='par_1_75' title="bbox 384 3851 2030 3927">
     <span class='ocr_line' id='line_1_77' title="bbox 384 3851 2030 3927; baseline -0.002 -15"><span class='ocrx_word' id='word_1_579' title='bbox 384 3871 574 3927; x_wconf 89' lang='lat' dir='ltr'><strong>usque</strong></span> <span class='ocrx_word' id='word_1_580' title='bbox 604 3855 664 3910; x_wconf 89' lang='lat' dir='ltr'>in</span> <span class='ocrx_word' id='word_1_581' title='bbox 698 3853 1110 3924; x_wconf 87' lang='lat' dir='ltr'><strong>crepusculum</strong></span> <span class='ocrx_word' id='word_1_582' title='bbox 1146 3852 1366 3907; x_wconf 89' lang='lat' dir='ltr'><strong>malum</strong></span> <span class='ocrx_word' id='word_1_583' title='bbox 1400 3851 1545 3907; x_wconf 90' lang='lat' dir='ltr'><strong>illud</strong></span> <span class='ocrx_word' id='word_1_584' title='bbox 1589 3853 1836 3908; x_wconf 80' lang='lat' dir='ltr'><strong>duravit.</strong></span> <span class='ocrx_word' id='word_1_585' title='bbox 1872 3859 2030 3908; x_wconf 83' lang='lat' dir='ltr'><strong>Mane</strong></span> 
     </span>
    </p>
   </div>
   <div class='ocr_carea' id='block_1_76' title="bbox 2139 3851 3802 3940">
    <p class='ocr_par' dir='ltr' id='par_1_76' title="bbox 2141 3859 3802 3940">
     <span class='ocr_line' id='line_1_78' title="bbox 2141 3859 3802 3940; baseline 0.001 -23"><span class='ocrx_word' id='word_1_586' title='bbox 2141 3863 2343 3940; x_wconf 85' lang='grc' dir='ltr'>γυμνοὶ</span> <span class='ocrx_word' id='word_1_587' title='bbox 2371 3862 2510 3936; x_wconf 85' lang='grc' dir='ltr'>πρὸς</span> <span class='ocrx_word' id='word_1_588' title='bbox 2541 3861 2924 3934; x_wconf 65' lang='grc' dir='ltr'>ὡπλισμένους</span> <span class='ocrx_word' id='word_1_589' title='bbox 2983 3860 3318 3936; x_wconf 67' lang='grc' dir='ltr'>μαχόμενοι,</span> <span class='ocrx_word' id='word_1_590' title='bbox 3366 3865 3419 3918; x_wconf 73' lang='grc' dir='ltr'>οἱ</span> <span class='ocrx_word' id='word_1_591' title='bbox 3461 3862 3710 3918; x_wconf 89' lang='grc' dir='ltr'>πλεῖστοι</span> <span class='ocrx_word' id='word_1_592' title='bbox 3742 3859 3802 3918; x_wconf 68' lang='grc' dir='ltr'>δὲ</span> 
     </span>
    </p>
   </div>
   <div class='ocr_carea' id='block_1_77' title="bbox 385 3941 2034 4010">
    <p class='ocr_par' dir='ltr' id='par_1_77' title="bbox 385 3941 2034 4010">
     <span class='ocr_line' id='line_1_79' title="bbox 385 3941 2034 4010; baseline -0.002 -10"><span class='ocrx_word' id='word_1_593' title='bbox 385 3952 576 4001; x_wconf 88' lang='lat' dir='ltr'><strong>autem</strong></span> <span class='ocrx_word' id='word_1_594' title='bbox 609 3957 742 3998; x_wconf 91' lang='lat' dir='ltr'>cum</span> <span class='ocrx_word' id='word_1_595' title='bbox 776 3941 1266 4010; x_wconf 81' lang='lat' dir='ltr'><strong>Romanimajore</strong></span> <span class='ocrx_word' id='word_1_596' title='bbox 1309 3941 1532 4010; x_wconf 87' lang='lat' dir='ltr'><strong>impetu</strong></span> <span class='ocrx_word' id='word_1_597' title='bbox 1594 3943 1665 3996; x_wconf 86' lang='lat' dir='ltr'>ad</span> <span class='ocrx_word' id='word_1_598' title='bbox 1709 3943 2034 3998; x_wconf 87' lang='lat' dir='ltr'><strong>secundum</strong></span> 
     </span>
    </p>
   </div>
   <div class='ocr_carea' id='block_1_78' title="bbox 386 4031 2038 4108">
    <p class='ocr_par' dir='ltr' id='par_1_78' title="bbox 386 4031 2038 4108">
     <span class='ocr_line' id='line_1_80' title="bbox 386 4031 2038 4108; baseline -0.001 -18"><span class='ocrx_word' id='word_1_599' title='bbox 386 4033 650 4108; x_wconf 66' lang='lat' dir='ltr'><strong>praelium</strong></span> <span class='ocrx_word' id='word_1_600' title='bbox 677 4049 741 4090; x_wconf 88' lang='lat' dir='ltr'>se</span> <span class='ocrx_word' id='word_1_601' title='bbox 763 4035 1058 4104; x_wconf 85' lang='lat' dir='ltr'><strong>pararent,</strong></span> <span class='ocrx_word' id='word_1_602' title='bbox 1095 4031 1356 4098; x_wconf 86' lang='lat' dir='ltr'><strong>plurimis</strong></span> <span class='ocrx_word' id='word_1_603' title='bbox 1380 4033 1622 4088; x_wconf 88' lang='lat' dir='ltr'><strong>armatis</strong></span> <span class='ocrx_word' id='word_1_604' title='bbox 1671 4031 1823 4088; x_wconf 84' lang='lat' dir='ltr'><strong>hosti</strong></span> <span class='ocrx_word' id='word_1_605' title='bbox 1856 4049 2038 4104; x_wconf 85' lang='lat' dir='ltr'><strong>Oppo-</strong></span> 
     </span>
    </p>
   </div>
   <div class='ocr_carea' id='block_1_79' title="bbox 389 4121 2036 4193">
    <p class='ocr_par' dir='ltr' id='par_1_79' title="bbox 389 4121 2036 4193">
     <span class='ocr_line' id='line_1_81' title="bbox 389 4121 2036 4193; baseline -0.001 -13"><span class='ocrx_word' id='word_1_606' title='bbox 389 4125 542 4188; x_wconf 85' lang='lat' dir='ltr'><strong>sitis,</strong></span> <span class='ocrx_word' id='word_1_607' title='bbox 575 4139 709 4178; x_wconf 86' lang='lat' dir='ltr'>cum</span> <span class='ocrx_word' id='word_1_608' title='bbox 741 4121 884 4180; x_wconf 85' lang='lat' dir='ltr'><strong>clari</strong></span> <span class='ocrx_word' id='word_1_609' title='bbox 919 4122 1022 4176; x_wconf 89' lang='lat' dir='ltr'><strong>viri</strong></span> <span class='ocrx_word' id='word_1_610' title='bbox 1085 4123 1154 4177; x_wconf 87' lang='lat' dir='ltr'>ab</span> <span class='ocrx_word' id='word_1_611' title='bbox 1214 4123 1562 4193; x_wconf 84' lang='lat' dir='ltr'><strong>imperatore</strong></span> <span class='ocrx_word' id='word_1_612' title='bbox 1593 4122 1756 4178; x_wconf 89' lang='lat' dir='ltr'><strong>missi</strong></span> <span class='ocrx_word' id='word_1_613' title='bbox 1801 4139 1899 4178; x_wconf 87' lang='lat' dir='ltr'>eos</span> <span class='ocrx_word' id='word_1_614' title='bbox 1948 4139 2036 4180; x_wconf 93' lang='lat' dir='ltr'><strong>re-</strong></span> 
     </span>
    </p>
   </div>
   <div class='ocr_carea' id='block_1_80' title="bbox 391 4210 2039 4284">
    <p class='ocr_par' dir='ltr' id='par_1_80' title="bbox 391 4210 2039 4284">
     <span class='ocr_line' id='line_1_82' title="bbox 391 4210 2039 4284; baseline 0.001 -18"><span class='ocrx_word' id='word_1_615' title='bbox 391 4215 754 4284; x_wconf 77' lang='lat' dir='ltr'><strong>presserunt,</strong></span> <span class='ocrx_word' id='word_1_616' title='bbox 785 4215 910 4266; x_wconf 89' lang='lat' dir='ltr'>tum</span> <span class='ocrx_word' id='word_1_617' title='bbox 944 4210 1131 4265; x_wconf 87' lang='lat' dir='ltr'><strong>Latini</strong></span> <span class='ocrx_word' id='word_1_618' title='bbox 1167 4210 1361 4266; x_wconf 71' lang='lat' dir='ltr'><strong>stultis</strong></span> <span class='ocrx_word' id='word_1_619' title='bbox 1412 4211 1609 4266; x_wconf 86' lang='lat' dir='ltr'><strong>fucum</strong></span> <span class='ocrx_word' id='word_1_620' title='bbox 1671 4211 1934 4267; x_wconf 86' lang='lat' dir='ltr'><strong>fecerunt</strong></span> <span class='ocrx_word' id='word_1_621' title='bbox 1971 4228 2039 4268; x_wconf 91' lang='lat' dir='ltr'>ac</span> 
     </span>
    </p>
   </div>
   <div class='ocr_carea' id='block_1_81' title="bbox 394 4297 2038 4356">
    <p class='ocr_par' dir='ltr' id='par_1_81' title="bbox 394 4297 2038 4356">
     <span class='ocr_line' id='line_1_83' title="bbox 394 4297 2038 4356; baseline 0.001 -1"><span class='ocrx_word' id='word_1_622' title='bbox 394 4299 652 4356; x_wconf 89' lang='lat' dir='ltr'><strong>multum</strong></span> <span class='ocrx_word' id='word_1_623' title='bbox 711 4299 783 4354; x_wconf 87' lang='lat' dir='ltr'>de</span> <span class='ocrx_word' id='word_1_624' title='bbox 840 4299 1062 4354; x_wconf 84' lang='lat' dir='ltr'><strong>fervore</strong></span> <span class='ocrx_word' id='word_1_625' title='bbox 1119 4297 1222 4353; x_wconf 93' lang='lat' dir='ltr'><strong>illo</strong></span> <span class='ocrx_word' id='word_1_626' title='bbox 1275 4298 1686 4354; x_wconf 84' lang='lat' dir='ltr'><strong>restinxerunt.</strong></span> <span class='ocrx_word' id='word_1_627' title='bbox 1744 4299 2038 4356; x_wconf 84' lang='lat' dir='ltr'><strong>Romanos</strong></span> 
     </span>
    </p>
   </div>
   <div class='ocr_carea' id='block_1_82' title="bbox 389 4385 2040 4460">
    <p class='ocr_par' dir='ltr' id='par_1_82' title="bbox 389 4385 2040 4460">
     <span class='ocr_line' id='line_1_84' title="bbox 389 4385 2040 4460; baseline 0.001 -15"><span class='ocrx_word' id='word_1_628' title='bbox 389 4389 544 4446; x_wconf 91' lang='lat' dir='ltr'><strong>enim</strong></span> <span class='ocrx_word' id='word_1_629' title='bbox 594 4387 693 4460; x_wconf 89' lang='lat' dir='ltr'>qui</span> <span class='ocrx_word' id='word_1_630' title='bbox 748 4387 804 4442; x_wconf 87' lang='lat' dir='ltr'>in</span> <span class='ocrx_word' id='word_1_631' title='bbox 855 4403 1052 4460; x_wconf 81' lang='lat' dir='ltr'><strong>pugna</strong></span> <span class='ocrx_word' id='word_1_632' title='bbox 1104 4385 1452 4455; x_wconf 87' lang='lat' dir='ltr'><strong>ceciderant,</strong></span> <span class='ocrx_word' id='word_1_633' title='bbox 1505 4388 1724 4443; x_wconf 88' lang='lat' dir='ltr'><strong>Latinis</strong></span> <span class='ocrx_word' id='word_1_634' title='bbox 1782 4391 2040 4446; x_wconf 85' lang='lat' dir='ltr'><strong>vestibus</strong></span> 
     </span>
    </p>
   </div>
   <div class='ocr_carea' id='block_1_83' title="bbox 396 4474 2038 4548">
    <p class='ocr_par' dir='ltr' id='par_1_83' title="bbox 396 4474 2038 4548">
     <span class='ocr_line' id='line_1_85' title="bbox 396 4474 2038 4548; baseline 0 -14"><span class='ocrx_word' id='word_1_635' title='bbox 396 4477 636 4534; x_wconf 87' lang='lat' dir='ltr'><strong>indutos</strong></span> <span class='ocrx_word' id='word_1_636' title='bbox 667 4475 934 4548; x_wconf 86' lang='lat' dir='ltr'><strong>rasisque</strong></span> <span class='ocrx_word' id='word_1_637' title='bbox 973 4474 1172 4530; x_wconf 78' lang='lat' dir='ltr'><strong>barbis</strong></span> <span class='ocrx_word' id='word_1_638' title='bbox 1230 4475 1287 4530; x_wconf 91' lang='lat' dir='ltr'>in</span> <span class='ocrx_word' id='word_1_639' title='bbox 1345 4491 1588 4531; x_wconf 88' lang='lat' dir='ltr'><strong>suarum</strong></span> <span class='ocrx_word' id='word_1_640' title='bbox 1619 4477 1828 4533; x_wconf 80' lang='lat' dir='ltr'><strong>aedium</strong></span> <span class='ocrx_word' id='word_1_641' title='bbox 1865 4480 2038 4534; x_wconf 88' lang='lat' dir='ltr'><strong>vesti-</strong></span> 
     </span>
    </p>
   </div>
   <div class='ocr_carea' id='block_1_84' title="bbox 392 4562 2040 4637">
    <p class='ocr_par' dir='ltr' id='par_1_84' title="bbox 392 4562 2040 4637">
     <span class='ocr_line' id='line_1_86' title="bbox 392 4562 2040 4637; baseline 0 -14"><span class='ocrx_word' id='word_1_642' title='bbox 392 4567 544 4624; x_wconf 89' lang='lat' dir='ltr'><strong>bulis</strong></span> <span class='ocrx_word' id='word_1_643' title='bbox 573 4565 914 4630; x_wconf 88' lang='lat' dir='ltr'><strong>collocatos,</strong></span> <span class='ocrx_word' id='word_1_644' title='bbox 966 4581 1068 4637; x_wconf 91' lang='lat' dir='ltr'>pro</span> <span class='ocrx_word' id='word_1_645' title='bbox 1131 4562 1514 4636; x_wconf 85' lang='lat' dir='ltr'><strong>popularibus</strong></span> <span class='ocrx_word' id='word_1_646' title='bbox 1567 4567 1690 4620; x_wconf 89' lang='lat' dir='ltr'><strong>suis</strong></span> <span class='ocrx_word' id='word_1_647' title='bbox 1736 4565 2040 4623; x_wconf 87' lang='lat' dir='ltr'><strong>lamentati</strong></span> 
     </span>
    </p>
   </div>
   <div class='ocr_carea' id='block_1_85' title="bbox 391 4654 2042 4727">
    <p class='ocr_par' dir='ltr' id='par_1_85' title="bbox 391 4654 2042 4727">
     <span class='ocr_line' id='line_1_87' title="bbox 391 4654 2042 4727; baseline 0 -15"><span class='ocrx_word' id='word_1_648' title='bbox 391 4661 531 4712; x_wconf 90' lang='lat' dir='ltr'><strong>sunt</strong></span> <span class='ocrx_word' id='word_1_649' title='bbox 562 4676 576 4726; x_wconf 89' lang='lat'><strong>;</strong></span> <span class='ocrx_word' id='word_1_650' title='bbox 605 4663 659 4712; x_wconf 88' lang='lat' dir='ltr'>et</span> <span class='ocrx_word' id='word_1_651' title='bbox 693 4655 764 4711; x_wconf 87' lang='lat' dir='ltr'>iis</span> <span class='ocrx_word' id='word_1_652' title='bbox 793 4654 890 4727; x_wconf 87' lang='lat' dir='ltr'>qui</span> <span class='ocrx_word' id='word_1_653' title='bbox 923 4658 994 4708; x_wconf 86' lang='lat' dir='ltr'>ab</span> <span class='ocrx_word' id='word_1_654' title='bbox 1029 4655 1379 4725; x_wconf 87' lang='lat' dir='ltr'><strong>imperatore</strong></span> <span class='ocrx_word' id='word_1_655' title='bbox 1409 4655 1673 4720; x_wconf 88' lang='lat' dir='ltr'><strong>aderant,</strong></span> <span class='ocrx_word' id='word_1_656' title='bbox 1706 4655 1838 4712; x_wconf 89' lang='lat' dir='ltr'><strong>illos</strong></span> <span class='ocrx_word' id='word_1_657' title='bbox 1871 4673 2042 4713; x_wconf 88' lang='lat' dir='ltr'><strong>mon-</strong></span> 
     </span>
    </p>
   </div>
   <div class='ocr_carea' id='block_1_86' title="bbox 394 4743 2044 4817">
    <p class='ocr_par' dir='ltr' id='par_1_86' title="bbox 394 4743 2044 4817">
     <span class='ocr_line' id='line_1_88' title="bbox 394 4743 2044 4817; baseline 0.001 -16"><span class='ocrx_word' id='word_1_658' title='bbox 394 4747 950 4817; x_wconf 85' lang='lat' dir='ltr'><strong>strando,rogarunt</strong></span> <span class='ocrx_word' id='word_1_659' title='bbox 982 4760 1054 4798; x_wconf 91' lang='lat' dir='ltr'>ne</span> <span class='ocrx_word' id='word_1_660' title='bbox 1075 4743 1268 4799; x_wconf 89' lang='lat' dir='ltr'><strong>denuo</strong></span> <span class='ocrx_word' id='word_1_661' title='bbox 1289 4744 1580 4798; x_wconf 86' lang='lat' dir='ltr'><strong>committi</strong></span> <span class='ocrx_word' id='word_1_662' title='bbox 1621 4744 1884 4814; x_wconf 75' lang='lat' dir='ltr'><strong>prmlium</strong></span> <span class='ocrx_word' id='word_1_663' title='bbox 1917 4762 2044 4802; x_wconf 88' lang='lat' dir='ltr'><strong>seve</strong></span> 
     </span>
    </p>
   </div>
   <div class='ocr_carea' id='block_1_87' title="bbox 395 4831 2037 4906">
    <p class='ocr_par' dir='ltr' id='par_1_87' title="bbox 395 4831 2037 4906">
     <span class='ocr_line' id='line_1_89' title="bbox 395 4831 2037 4906; baseline 0.001 -16"><span class='ocrx_word' id='word_1_664' title='bbox 395 4833 705 4890; x_wconf 82' lang='lat' dir='ltr'><strong>bisiisdem</strong></span> <span class='ocrx_word' id='word_1_665' title='bbox 732 4833 998 4888; x_wconf 89' lang='lat' dir='ltr'><strong>cladibus</strong></span> <span class='ocrx_word' id='word_1_666' title='bbox 1021 4847 1167 4904; x_wconf 84' lang='lat' dir='ltr'><strong>quas</strong></span> <span class='ocrx_word' id='word_1_667' title='bbox 1187 4840 1485 4888; x_wconf 86' lang='lat' dir='ltr'><strong>cernerent</strong></span> <span class='ocrx_word' id='word_1_668' title='bbox 1507 4831 1656 4888; x_wconf 78' lang='lat' dir='ltr'><strong>afﬁci</strong></span> <span class='ocrx_word' id='word_1_669' title='bbox 1683 4839 2037 4906; x_wconf 86' lang='lat' dir='ltr'><strong>paterentur.</strong></span> 
     </span>
    </p>
   </div>
   <div class='ocr_carea' id='block_1_88' title="bbox 2143 3949 3800 4028">
    <p class='ocr_par' dir='ltr' id='par_1_88' title="bbox 2143 3949 3800 4028">
     <span class='ocr_line' id='line_1_90' title="bbox 2143 3949 3800 4028; baseline 0.001 -21"><span class='ocrx_word' id='word_1_670' title='bbox 2143 3951 2234 4007; x_wconf 85' lang='grc' dir='ltr'>καὶ</span> <span class='ocrx_word' id='word_1_671' title='bbox 2287 3949 2610 4028; x_wconf 74' lang='grc' dir='ltr'>οἷ’νόφλυγες</span> <span class='ocrx_word' id='word_1_672' title='bbox 2643 3949 2816 4023; x_wconf 76' lang='grc' dir='ltr'>ὄντες,</span> <span class='ocrx_word' id='word_1_673' title='bbox 2873 3951 2996 4006; x_wconf 80' lang='grc' dir='ltr'>τότε</span> <span class='ocrx_word' id='word_1_674' title='bbox 3053 3950 3084 4005; x_wconf 80' lang='grc' dir='ltr'>ὅ</span> <span class='ocrx_word' id='word_1_675' title='bbox 3139 3951 3230 4006; x_wconf 89' lang='grc' dir='ltr'>καὶ</span> <span class='ocrx_word' id='word_1_676' title='bbox 3287 3949 3458 4028; x_wconf 69' lang='grc' dir='ltr'>ἓδρων</span> <span class='ocrx_word' id='word_1_677' title='bbox 3502 3950 3800 4028; x_wconf 80' lang='grc' dir='ltr'>ἐγίνωσκον</span> 
     </span>
    </p>
   </div>
   <div class='ocr_carea' id='block_1_89' title="bbox 2139 4037 3800 4118">
    <p class='ocr_par' dir='ltr' id='par_1_89' title="bbox 2139 4037 3800 4118">
     <span class='ocr_line' id='line_1_91' title="bbox 2139 4037 3800 4118; baseline 0.001 -23"><span class='ocrx_word' id='word_1_678' title='bbox 2139 4041 2236 4095; x_wconf 86' lang='grc' dir='ltr'>καὶ</span> <span class='ocrx_word' id='word_1_679' title='bbox 2293 4041 2387 4095; x_wconf 87' lang='grc' dir='ltr'>τὸν</span> <span class='ocrx_word' id='word_1_680' title='bbox 2443 4037 2756 4111; x_wconf 80' lang='grc' dir='ltr'>Ἐπιμηθέα</span> <span class='ocrx_word' id='word_1_681' title='bbox 2810 4044 2908 4094; x_wconf 79' lang='grc' dir='ltr'>τοῦ</span> <span class='ocrx_word' id='word_1_682' title='bbox 2969 4041 3308 4116; x_wconf 72' lang='grc' dir='ltr'>Προμηθέως</span> <span class='ocrx_word' id='word_1_683' title='bbox 3381 4039 3800 4118; x_wconf 86' lang='grc' dir='ltr'>καταδεέστερον</span> 
     </span>
    </p>
   </div>
   <div class='ocr_carea' id='block_1_90' title="bbox 2142 4125 3802 4206">
    <p class='ocr_par' dir='ltr' id='par_1_90' title="bbox 2142 4125 3802 4206">
     <span class='ocr_line' id='line_1_92' title="bbox 2142 4125 3802 4206; baseline 0.001 -22"><span class='ocrx_word' id='word_1_684' title='bbox 2142 4125 2363 4204; x_wconf 70' lang='grc' dir='ltr'>ᾔδεσαν,</span> <span class='ocrx_word' id='word_1_685' title='bbox 2397 4127 2562 4184; x_wconf 83' lang='grc' dir='ltr'>ὁπότε</span> <span class='ocrx_word' id='word_1_686' title='bbox 2590 4127 2928 4204; x_wconf 85' lang='grc' dir='ltr'>βαλλόμενοι</span> <span class='ocrx_word' id='word_1_687' title='bbox 2981 4129 3087 4184; x_wconf 86' lang='grc' dir='ltr'>ἀπὸ</span> <span class='ocrx_word' id='word_1_688' title='bbox 3143 4131 3314 4200; x_wconf 79' lang='grc' dir='ltr'>τόξων</span> <span class='ocrx_word' id='word_1_689' title='bbox 3365 4129 3402 4201; x_wconf 73' lang='grc' dir='ltr'>ἢ</span> <span class='ocrx_word' id='word_1_690' title='bbox 3452 4130 3802 4206; x_wconf 88' lang='grc' dir='ltr'>παρασταδὸν</span> 
     </span>
    </p>
   </div>
   <div class='ocr_carea' id='block_1_91' title="bbox 2145 4210 3800 4290">
    <p class='ocr_par' dir='ltr' id='par_1_91' title="bbox 2145 4210 3800 4290">
     <span class='ocr_line' id='line_1_93' title="bbox 2145 4210 3800 4290; baseline 0.001 -19"><span class='ocrx_word' id='word_1_691' title='bbox 2145 4213 2509 4288; x_wconf 83' lang='grc' dir='ltr'>οὗταζόμενοι</span> <span class='ocrx_word' id='word_1_692' title='bbox 2562 4215 2701 4269; x_wconf 86' lang='grc' dir='ltr'>κατά</span> <span class='ocrx_word' id='word_1_693' title='bbox 2736 4222 2839 4290; x_wconf 81' lang='grc' dir='ltr'>γῆς</span> <span class='ocrx_word' id='word_1_694' title='bbox 2893 4210 3142 4275; x_wconf 80' lang='grc' dir='ltr'>ἔπιπτον.</span> <span class='ocrx_word' id='word_1_695' title='bbox 3200 4215 3304 4272; x_wconf 81' lang='grc' dir='ltr'>Καὶ</span> <span class='ocrx_word' id='word_1_696' title='bbox 3344 4219 3444 4287; x_wconf 82' lang='grc' dir='ltr'>τήν</span> <span class='ocrx_word' id='word_1_697' title='bbox 3482 4218 3578 4290; x_wconf 72' lang='grc' dir='ltr'>μὲν</span> <span class='ocrx_word' id='word_1_698' title='bbox 3611 4214 3800 4288; x_wconf 82' lang='grc' dir='ltr'>δείλην</span> 
     </span>
    </p>
   </div>
   <div class='ocr_carea' id='block_1_92' title="bbox 2147 4299 3804 4384">
    <p class='ocr_par' dir='ltr' id='par_1_92' title="bbox 2147 4299 3804 4384">
     <span class='ocr_line' id='line_1_94' title="bbox 2147 4299 3804 4384; baseline 0.002 -25"><span class='ocrx_word' id='word_1_699' title='bbox 2147 4301 2286 4374; x_wconf 73' lang='grc' dir='ltr'>ὅλην</span> <span class='ocrx_word' id='word_1_700' title='bbox 2337 4311 2440 4374; x_wconf 83' lang='grc' dir='ltr'>τῆς</span> <span class='ocrx_word' id='word_1_701' title='bbox 2499 4299 2708 4378; x_wconf 79' lang='grc' dir='ltr'>ἡμέρας</span> <span class='ocrx_word' id='word_1_702' title='bbox 2783 4303 2996 4376; x_wconf 80' lang='grc' dir='ltr'>ἐκείνης</span> <span class='ocrx_word' id='word_1_703' title='bbox 3087 4305 3255 4380; x_wconf 84' lang='grc' dir='ltr'>μέχρι</span> <span class='ocrx_word' id='word_1_704' title='bbox 3313 4305 3410 4362; x_wconf 82' lang='grc' dir='ltr'>καὶ</span> <span class='ocrx_word' id='word_1_705' title='bbox 3465 4305 3518 4370; x_wconf 82' lang='grc' dir='ltr'>ἐς</span> <span class='ocrx_word' id='word_1_706' title='bbox 3583 4309 3804 4384; x_wconf 81' lang='grc' dir='ltr'>βαθεῖαν</span> 
     </span>
    </p>
   </div>
   <div class='ocr_carea' id='block_1_93' title="bbox 2148 4392 3804 4469">
    <p class='ocr_par' dir='ltr' id='par_1_93' title="bbox 2148 4392 3804 4469">
     <span class='ocr_line' id='line_1_95' title="bbox 2148 4392 3804 4469; baseline 0.001 -20"><span class='ocrx_word' id='word_1_707' title='bbox 2148 4393 2375 4468; x_wconf 68' lang='grc' dir='ltr'>δσπέραν</span> <span class='ocrx_word' id='word_1_708' title='bbox 2437 4392 2580 4448; x_wconf 76' lang='grc' dir='ltr'>οὕτω</span> <span class='ocrx_word' id='word_1_709' title='bbox 2637 4394 2900 4469; x_wconf 85' lang='grc' dir='ltr'>κατίσχυε</span> <span class='ocrx_word' id='word_1_710' title='bbox 2972 4394 3034 4449; x_wconf 89' lang='grc' dir='ltr'>τὸ</span> <span class='ocrx_word' id='word_1_711' title='bbox 3112 4392 3304 4450; x_wconf 86' lang='grc' dir='ltr'>δεινόν·</span> <span class='ocrx_word' id='word_1_712' title='bbox 3365 4395 3534 4466; x_wconf 76' lang='grc' dir='ltr'>ἡλίου</span> <span class='ocrx_word' id='word_1_713' title='bbox 3594 4394 3654 4452; x_wconf 85' lang='grc' dir='ltr'>δέ</span> <span class='ocrx_word' id='word_1_714' title='bbox 3711 4400 3804 4454; x_wconf 83' lang='grc' dir='ltr'>τὸν</span> 
     </span>
    </p>
   </div>
   <div class='ocr_carea' id='block_1_94' title="bbox 2147 4478 3805 4560">
    <p class='ocr_par' dir='ltr' id='par_1_94' title="bbox 2147 4478 3805 4560">
     <span class='ocr_line' id='line_1_96' title="bbox 2147 4478 3805 4560; baseline 0.001 -22"><span class='ocrx_word' id='word_1_715' title='bbox 2147 4481 2400 4558; x_wconf 84' lang='grc' dir='ltr'>ὁρίζοντα</span> <span class='ocrx_word' id='word_1_716' title='bbox 2504 4478 2938 4558; x_wconf 77' lang='grc' dir='ltr'>ὑπεραναϐἀντος</span> <span class='ocrx_word' id='word_1_717' title='bbox 3002 4483 3137 4558; x_wconf 85' lang='grc' dir='ltr'>μετὰ</span> <span class='ocrx_word' id='word_1_718' title='bbox 3211 4482 3460 4556; x_wconf 81' lang='grc' dir='ltr'>μείζονος</span> <span class='ocrx_word' id='word_1_719' title='bbox 3535 4487 3805 4560; x_wconf 85' lang='grc' dir='ltr'>Ῥωμαῖοι</span> 
     </span>
    </p>
   </div>
   <div class='ocr_carea' id='block_1_95' title="bbox 2150 4569 3804 4650">
    <p class='ocr_par' dir='ltr' id='par_1_95' title="bbox 2150 4569 3804 4650">
     <span class='ocr_line' id='line_1_97' title="bbox 2150 4569 3804 4650; baseline 0.004 -24"><span class='ocrx_word' id='word_1_720' title='bbox 2150 4571 2330 4648; x_wconf 76' lang='grc' dir='ltr'>ῥύμης</span> <span class='ocrx_word' id='word_1_721' title='bbox 2408 4571 2482 4632; x_wconf 83' lang='grc' dir='ltr'>ὡς</span> <span class='ocrx_word' id='word_1_722' title='bbox 2530 4571 2606 4634; x_wconf 87' lang='grc' dir='ltr'>εἰς</span> <span class='ocrx_word' id='word_1_723' title='bbox 2666 4572 2955 4647; x_wconf 84' lang='grc' dir='ltr'>ἀγώνισμα</span> <span class='ocrx_word' id='word_1_724' title='bbox 3031 4569 3278 4646; x_wconf 76' lang='grc' dir='ltr'>δεύτερον</span> <span class='ocrx_word' id='word_1_725' title='bbox 3358 4578 3804 4650; x_wconf 80' lang='grc' dir='ltr'>συνηθροίζοντο,</span> 
     </span>
    </p>
   </div>
   <div class='ocr_carea' id='block_1_96' title="bbox 2147 4657 3806 4736">
    <p class='ocr_par' dir='ltr' id='par_1_96' title="bbox 2147 4657 3806 4736">
     <span class='ocr_line' id='line_1_98' title="bbox 2147 4657 3806 4736; baseline 0.004 -21"><span class='ocrx_word' id='word_1_726' title='bbox 2147 4659 2440 4724; x_wconf 87' lang='grc' dir='ltr'>πλείστους</span> <span class='ocrx_word' id='word_1_727' title='bbox 2473 4662 2608 4732; x_wconf 87' lang='grc' dir='ltr'>μετά</span> <span class='ocrx_word' id='word_1_728' title='bbox 2651 4665 2758 4716; x_wconf 86' lang='grc' dir='ltr'>τῶν</span> <span class='ocrx_word' id='word_1_729' title='bbox 2817 4659 3004 4716; x_wconf 80' lang='grc' dir='ltr'>ὅπλων</span> <span class='ocrx_word' id='word_1_730' title='bbox 3062 4657 3530 4736; x_wconf 75' lang='grc' dir='ltr'>προϐεϐλημένοι.</span> <span class='ocrx_word' id='word_1_731' title='bbox 3565 4664 3724 4722; x_wconf 85' lang='grc' dir='ltr'>Ἀλλ’</span> <span class='ocrx_word' id='word_1_732' title='bbox 3756 4663 3806 4722; x_wconf 69' lang='grc' dir='ltr'>οἳ</span> 
     </span>
    </p>
   </div>
   <div class='ocr_carea' id='block_1_97' title="bbox 2146 4747 3807 4828">
    <p class='ocr_par' dir='ltr' id='par_1_97' title="bbox 2146 4747 3807 4828">
     <span class='ocr_line' id='line_1_99' title="bbox 2146 4747 3807 4828; baseline 0.005 -26"><span class='ocrx_word' id='word_1_733' title='bbox 2146 4769 2208 4804; x_wconf 88' lang='grc' dir='ltr'>τε</span> <span class='ocrx_word' id='word_1_734' title='bbox 2237 4748 2587 4812; x_wconf 87' lang='grc' dir='ltr'>συνελθόντες</span> <span class='ocrx_word' id='word_1_735' title='bbox 2651 4747 2712 4805; x_wconf 80' lang='grc' dir='ltr'>ἐκ</span> <span class='ocrx_word' id='word_1_736' title='bbox 2772 4749 3046 4825; x_wconf 81' lang='grc' dir='ltr'>βασιλέως</span> <span class='ocrx_word' id='word_1_737' title='bbox 3104 4749 3336 4826; x_wconf 84' lang='grc' dir='ltr'>λόγιμοι</span> <span class='ocrx_word' id='word_1_738' title='bbox 3393 4751 3580 4828; x_wconf 78' lang='grc' dir='ltr'>ἄνδρες</span> <span class='ocrx_word' id='word_1_739' title='bbox 3611 4754 3807 4817; x_wconf 77' lang='grc' dir='ltr'>αὐτοὺς</span> 
     </span>
    </p>
   </div>
   <div class='ocr_carea' id='block_1_98' title="bbox 2151 4838 3806 4920">
    <p class='ocr_par' dir='ltr' id='par_1_98' title="bbox 2151 4838 3806 4920">
     <span class='ocr_line' id='line_1_100' title="bbox 2151 4838 3806 4920; baseline 0.004 -27"><span class='ocrx_word' id='word_1_740' title='bbox 2151 4838 2488 4907; x_wconf 74' lang='grc' dir='ltr'>ἀνέστειλαν,</span> <span class='ocrx_word' id='word_1_741' title='bbox 2550 4839 2639 4893; x_wconf 81' lang='grc' dir='ltr'>καὶ</span> <span class='ocrx_word' id='word_1_742' title='bbox 2699 4839 2751 4894; x_wconf 76' lang='grc' dir='ltr'>οἱ</span> <span class='ocrx_word' id='word_1_743' title='bbox 2811 4839 2872 4894; x_wconf 75' lang='grc' dir='ltr'>ἐκ</span> <span class='ocrx_word' id='word_1_744' title='bbox 2924 4845 3026 4908; x_wconf 76' lang='grc' dir='ltr'>τῆς</span> <span class='ocrx_word' id='word_1_745' title='bbox 3079 4839 3318 4896; x_wconf 81' lang='grc' dir='ltr'>Λατίνων</span> <span class='ocrx_word' id='word_1_746' title='bbox 3365 4841 3543 4920; x_wconf 67' lang='grc' dir='ltr'>φυλῆς</span> <span class='ocrx_word' id='word_1_747' title='bbox 3575 4864 3806 4900; x_wconf 83' lang='grc' dir='ltr'>κατασο-</span> 
     </span>
    </p>
   </div>
   <div class='ocr_carea' id='block_1_99' title="bbox 396 4904 2030 5007">
    <p class='ocr_par' dir='ltr' id='par_1_99' title="bbox 396 4904 2030 4992">
     <span class='ocr_line' id='line_1_101' title="bbox 396 4904 2030 4992; baseline 0.002 -15"><span class='ocrx_word' id='word_1_748' title='bbox 396 4921 503 4986; x_wconf 86' lang='lat' dir='ltr'><strong>Qui</strong></span> <span class='ocrx_word' id='word_1_749' title='bbox 534 4936 667 4975; x_wconf 89' lang='lat' dir='ltr'>cum</span> <span class='ocrx_word' id='word_1_750' title='bbox 691 4921 844 4976; x_wconf 71' lang='lat'>514</span> <span class='ocrx_word' id='word_1_751' title='bbox 874 4920 976 4975; x_wconf 87' lang='lat' dir='ltr'><strong>illa</strong></span> <span class='ocrx_word' id='word_1_752' title='bbox 1005 4921 1080 4976; x_wconf 87' lang='lat' dir='ltr'>ad</span> <span class='ocrx_word' id='word_1_753' title='bbox 1107 4921 1341 4990; x_wconf 80' lang='lat' dir='ltr'><strong>Opiﬁces</strong></span> <span class='ocrx_word' id='word_1_754' title='bbox 1373 4904 1714 4992; x_wconf 83' lang='lat' dir='ltr'><strong>perferrent,</strong></span> <span class='ocrx_word' id='word_1_755' title='bbox 1749 4928 1806 4979; x_wconf 91' lang='lat' dir='ltr'>et</span> <span class='ocrx_word' id='word_1_756' title='bbox 1839 4940 2030 4982; x_wconf 87' lang='lat' dir='ltr'><strong>mone-</strong></span> 
     </span>
    </p>
   </div>
   <div class='ocr_carea' id='block_1_100' title="bbox 2139 4904 3804 5007">
    <p class='ocr_par' dir='ltr' id='par_1_100' title="bbox 2150 4923 3804 5007">
     <span class='ocr_line' id='line_1_102' title="bbox 2150 4923 3804 5007; baseline 0.005 -26"><span class='ocrx_word' id='word_1_757' title='bbox 2150 4927 2440 5007; x_wconf 72' lang='grc' dir='ltr'>φισάμενοι</span> <span class='ocrx_word' id='word_1_758' title='bbox 2487 4926 2616 4990; x_wconf 80' lang='grc' dir='ltr'>τοὺς</span> <span class='ocrx_word' id='word_1_759' title='bbox 2704 4927 2916 4998; x_wconf 83' lang='grc' dir='ltr'>εὐήθεις</span> <span class='ocrx_word' id='word_1_760' title='bbox 2981 4923 3302 4984; x_wconf 76' lang='grc' dir='ltr'>κατέσϐεσαν</span> <span class='ocrx_word' id='word_1_761' title='bbox 3382 4931 3445 4986; x_wconf 87' lang='grc' dir='ltr'>τὸ</span> <span class='ocrx_word' id='word_1_762' title='bbox 3503 4932 3647 4988; x_wconf 88' lang='grc' dir='ltr'>πολὺ</span> <span class='ocrx_word' id='word_1_763' title='bbox 3705 4941 3804 5004; x_wconf 80' lang='grc' dir='ltr'>τῆς</span> 
     </span>
    </p>
   </div>
   <div class='ocr_carea' id='block_1_101' title="bbox 399 5009 2038 5084">
    <p class='ocr_par' dir='ltr' id='par_1_101' title="bbox 399 5009 2038 5084">
     <span class='ocr_line' id='line_1_103' title="bbox 399 5009 2038 5084; baseline 0.002 -18"><span class='ocrx_word' id='word_1_764' title='bbox 399 5016 526 5066; x_wconf 89' lang='lat' dir='ltr'><strong>rent</strong></span> <span class='ocrx_word' id='word_1_765' title='bbox 559 5010 711 5064; x_wconf 88' lang='lat' dir='ltr'><strong>utin</strong></span> <span class='ocrx_word' id='word_1_766' title='bbox 745 5014 1008 5064; x_wconf 87' lang='lat' dir='ltr'><strong>mortuos</strong></span> <span class='ocrx_word' id='word_1_767' title='bbox 1063 5009 1383 5080; x_wconf 77' lang='lat' dir='ltr'><strong>defigerent</strong></span> <span class='ocrx_word' id='word_1_768' title='bbox 1434 5010 1657 5080; x_wconf 89' lang='lat' dir='ltr'><strong>oculos,</strong></span> <span class='ocrx_word' id='word_1_769' title='bbox 1712 5028 1890 5084; x_wconf 88' lang='lat' dir='ltr'><strong>seque</strong></span> <span class='ocrx_word' id='word_1_770' title='bbox 1939 5013 2038 5069; x_wconf 89' lang='lat' dir='ltr'><strong>illa</strong></span> 
     </span>
    </p>
   </div>
   <div class='ocr_carea' id='block_1_102' title="bbox 400 5099 2038 5172">
    <p class='ocr_par' dir='ltr' id='par_1_102' title="bbox 400 5099 2038 5172">
     <span class='ocr_line' id='line_1_104' title="bbox 400 5099 2038 5172; baseline 0.004 -18"><span class='ocrx_word' id='word_1_771' title='bbox 400 5099 644 5171; x_wconf 85' lang='lat' dir='ltr'><strong>probare</strong></span> <span class='ocrx_word' id='word_1_772' title='bbox 705 5102 1003 5168; x_wconf 83' lang='lat' dir='ltr'><strong>negarent,</strong></span> <span class='ocrx_word' id='word_1_773' title='bbox 1051 5099 1143 5152; x_wconf 83' lang='lat' dir='ltr'><strong>vix</strong></span> <span class='ocrx_word' id='word_1_774' title='bbox 1197 5099 1424 5154; x_wconf 89' lang='lat' dir='ltr'><strong>tandem</strong></span> <span class='ocrx_word' id='word_1_775' title='bbox 1481 5099 1676 5172; x_wconf 90' lang='lat' dir='ltr'><strong>populi</strong></span> <span class='ocrx_word' id='word_1_776' title='bbox 1736 5101 2038 5160; x_wconf 88' lang='lat' dir='ltr'><strong>colluviem</strong></span> 
     </span>
    </p>
   </div>
   <div class='ocr_carea' id='block_1_103' title="bbox 399 5185 2038 5263">
    <p class='ocr_par' dir='ltr' id='par_1_103' title="bbox 399 5185 2038 5263">
     <span class='ocr_line' id='line_1_105' title="bbox 399 5185 2038 5263; baseline 0.004 -21"><span class='ocrx_word' id='word_1_777' title='bbox 399 5185 661 5242; x_wconf 87' lang='lat' dir='ltr'><strong>emollire</strong></span> <span class='ocrx_word' id='word_1_778' title='bbox 689 5191 1020 5256; x_wconf 86' lang='lat' dir='ltr'><strong>potuerunt,</strong></span> <span class='ocrx_word' id='word_1_779' title='bbox 1053 5189 1116 5240; x_wconf 91' lang='lat' dir='ltr'>ut</span> <span class='ocrx_word' id='word_1_780' title='bbox 1146 5186 1205 5241; x_wconf 90' lang='lat' dir='ltr'>in</span> <span class='ocrx_word' id='word_1_781' title='bbox 1237 5188 1529 5245; x_wconf 79' lang='lat' dir='ltr'><strong>ofﬁcinam</strong></span> <span class='ocrx_word' id='word_1_782' title='bbox 1581 5191 1828 5263; x_wconf 90' lang='lat' dir='ltr'><strong>quisque</strong></span> <span class='ocrx_word' id='word_1_783' title='bbox 1872 5209 2038 5249; x_wconf 87' lang='lat' dir='ltr'><strong>suam</strong></span> 
     </span>
    </p>
   </div>
   <div class='ocr_carea' id='block_1_104' title="bbox 402 5273 2042 5350">
    <p class='ocr_par' dir='ltr' id='par_1_104' title="bbox 402 5273 2042 5350">
     <span class='ocr_line' id='line_1_106' title="bbox 402 5273 2042 5350; baseline 0.005 -21"><span class='ocrx_word' id='word_1_784' title='bbox 402 5279 800 5330; x_wconf 84' lang='lat' dir='ltr'><strong>reverterelur.</strong></span> <span class='ocrx_word' id='word_1_785' title='bbox 860 5273 1107 5329; x_wconf 81' lang='lat' dir='ltr'><strong>Facilius</strong></span> <span class='ocrx_word' id='word_1_786' title='bbox 1165 5279 1354 5329; x_wconf 78' lang='lat' dir='ltr'><strong>tamen</strong></span> <span class='ocrx_word' id='word_1_787' title='bbox 1417 5278 1788 5350; x_wconf 80' lang='lat' dir='ltr'><strong>impetratum</strong></span> <span class='ocrx_word' id='word_1_788' title='bbox 1849 5287 1940 5338; x_wconf 90' lang='lat' dir='ltr'>est</span> <span class='ocrx_word' id='word_1_789' title='bbox 1979 5289 2042 5338; x_wconf 91' lang='lat' dir='ltr'>ut</span> 
     </span>
    </p>
   </div>
   <div class='ocr_carea' id='block_1_105' title="bbox 401 5362 2040 5436">
    <p class='ocr_par' dir='ltr' id='par_1_105' title="bbox 401 5362 2040 5436">
     <span class='ocr_line' id='line_1_107' title="bbox 401 5362 2040 5436; baseline 0.006 -18"><span class='ocrx_word' id='word_1_790' title='bbox 401 5363 760 5436; x_wconf 81' lang='lat' dir='ltr'><strong>gravissimis</strong></span> <span class='ocrx_word' id='word_1_791' title='bbox 787 5362 1248 5434; x_wconf 76' lang='lat' dir='ltr'><strong>pziciﬁcatoribus</strong></span> <span class='ocrx_word' id='word_1_792' title='bbox 1265 5365 1524 5420; x_wconf 86' lang='lat' dir='ltr'><strong>obsecuti</strong></span> <span class='ocrx_word' id='word_1_793' title='bbox 1549 5368 1619 5422; x_wconf 90' lang='lat' dir='ltr'>ab</span> <span class='ocrx_word' id='word_1_794' title='bbox 1643 5370 1822 5426; x_wconf 89' lang='lat' dir='ltr'><strong>armis</strong></span> <span class='ocrx_word' id='word_1_795' title='bbox 1853 5371 2040 5426; x_wconf 82' lang='lat' dir='ltr'><strong>disce-</strong></span> 
     </span>
    </p>
   </div>
   <div class='ocr_carea' id='block_1_106' title="bbox 403 5449 2040 5525">
    <p class='ocr_par' dir='ltr' id='par_1_106' title="bbox 403 5449 2040 5525">
     <span class='ocr_line' id='line_1_108' title="bbox 403 5449 2040 5525; baseline 0.007 -18"><span class='ocrx_word' id='word_1_796' title='bbox 403 5455 625 5522; x_wconf 85' lang='lat' dir='ltr'><strong>derent,</strong></span> <span class='ocrx_word' id='word_1_797' title='bbox 660 5453 814 5524; x_wconf 86' lang='lat' dir='ltr'><strong>quod</strong></span> <span class='ocrx_word' id='word_1_798' title='bbox 847 5459 907 5507; x_wconf 91' lang='lat' dir='ltr'>ut</span> <span class='ocrx_word' id='word_1_799' title='bbox 939 5449 1224 5507; x_wconf 84' lang='lat' dir='ltr'><strong>matutino</strong></span> <span class='ocrx_word' id='word_1_800' title='bbox 1257 5462 1510 5525; x_wconf 82' lang='lat' dir='ltr'><strong>tempore</strong></span> <span class='ocrx_word' id='word_1_801' title='bbox 1569 5473 1684 5514; x_wconf 89' lang='lat' dir='ltr'>non</span> <span class='ocrx_word' id='word_1_802' title='bbox 1723 5465 2040 5519; x_wconf 84' lang='lat' dir='ltr'><strong>consuetus</strong></span> 
     </span>
    </p>
   </div>
   <div class='ocr_carea' id='block_1_107' title="bbox 405 5540 2038 5614">
    <p class='ocr_par' dir='ltr' id='par_1_107' title="bbox 405 5540 2038 5614">
     <span class='ocr_line' id='line_1_109' title="bbox 405 5540 2038 5614; baseline 0.007 -16"><span class='ocrx_word' id='word_1_803' title='bbox 405 5541 522 5598; x_wconf 83' lang='lat' dir='ltr'><strong>dux</strong></span> <span class='ocrx_word' id='word_1_804' title='bbox 552 5540 682 5600; x_wconf 88' lang='lat' dir='ltr'><strong>illos</strong></span> <span class='ocrx_word' id='word_1_805' title='bbox 705 5546 978 5612; x_wconf 87' lang='lat' dir='ltr'><strong>armarat,</strong></span> <span class='ocrx_word' id='word_1_806' title='bbox 1013 5554 1118 5598; x_wconf 87' lang='lat' dir='ltr'>nec</span> <span class='ocrx_word' id='word_1_807' title='bbox 1135 5541 1322 5612; x_wconf 86' lang='lat' dir='ltr'><strong>magis</strong></span> <span class='ocrx_word' id='word_1_808' title='bbox 1344 5558 1518 5614; x_wconf 86' lang='lat' dir='ltr'><strong>quam</strong></span> <span class='ocrx_word' id='word_1_809' title='bbox 1545 5545 1762 5606; x_wconf 80' lang='lat' dir='ltr'><strong>ferrum</strong></span> <span class='ocrx_word' id='word_1_810' title='bbox 1787 5555 2038 5610; x_wconf 82' lang='lat' dir='ltr'><strong>acueret.</strong></span> 
     </span>
    </p>
   </div>
   <div class='ocr_carea' id='block_1_108' title="bbox 2151 5017 3804 5093">
    <p class='ocr_par' dir='ltr' id='par_1_108' title="bbox 2151 5017 3804 5093">
     <span class='ocr_line' id='line_1_110' title="bbox 2151 5017 3804 5093; baseline 0.005 -22"><span class='ocrx_word' id='word_1_811' title='bbox 2151 5018 2352 5090; x_wconf 82' lang='grc' dir='ltr'>ὁρμῆς·</span> <span class='ocrx_word' id='word_1_812' title='bbox 2409 5017 2794 5092; x_wconf 87' lang='grc' dir='ltr'>συναγαγόντες</span> <span class='ocrx_word' id='word_1_813' title='bbox 2831 5018 2934 5091; x_wconf 76' lang='grc' dir='ltr'>γαρ</span> <span class='ocrx_word' id='word_1_814' title='bbox 2960 5017 3089 5078; x_wconf 82' lang='grc' dir='ltr'>τοὺς</span> <span class='ocrx_word' id='word_1_815' title='bbox 3139 5017 3190 5072; x_wconf 84' lang='grc' dir='ltr'>έν</span> <span class='ocrx_word' id='word_1_816' title='bbox 3234 5022 3315 5091; x_wconf 76' lang='grc' dir='ltr'>τῷ</span> <span class='ocrx_word' id='word_1_817' title='bbox 3355 5019 3587 5093; x_wconf 69' lang='grc' dir='ltr'>πολέμῳ</span> <span class='ocrx_word' id='word_1_818' title='bbox 3641 5042 3804 5079; x_wconf 82' lang='grc' dir='ltr'>κατα-</span> 
     </span>
    </p>
   </div>
   <div class='ocr_carea' id='block_1_109' title="bbox 2147 5101 3804 5184">
    <p class='ocr_par' dir='ltr' id='par_1_109' title="bbox 2147 5101 3804 5184">
     <span class='ocr_line' id='line_1_111' title="bbox 2147 5101 3804 5184; baseline 0.002 -25"><span class='ocrx_word' id='word_1_819' title='bbox 2147 5101 2412 5166; x_wconf 85' lang='grc' dir='ltr'>λύσαντας</span> <span class='ocrx_word' id='word_1_820' title='bbox 2449 5104 2512 5159; x_wconf 88' lang='grc' dir='ltr'>τὸ</span> <span class='ocrx_word' id='word_1_821' title='bbox 2563 5109 2659 5179; x_wconf 79' lang='grc' dir='ltr'>ζῇν</span> <span class='ocrx_word' id='word_1_822' title='bbox 2705 5105 3038 5180; x_wconf 82' lang='grc' dir='ltr'>Ῥωμαίους,</span> <span class='ocrx_word' id='word_1_823' title='bbox 3073 5105 3163 5162; x_wconf 83' lang='grc' dir='ltr'>καὶ</span> <span class='ocrx_word' id='word_1_824' title='bbox 3215 5107 3353 5180; x_wconf 86' lang='grc' dir='ltr'>μετά</span> <span class='ocrx_word' id='word_1_825' title='bbox 3380 5109 3479 5177; x_wconf 79' lang='grc' dir='ltr'>τήν</span> <span class='ocrx_word' id='word_1_826' title='bbox 3509 5113 3617 5164; x_wconf 89' lang='grc' dir='ltr'>τῶν</span> <span class='ocrx_word' id='word_1_827' title='bbox 3649 5130 3804 5184; x_wconf 85' lang='grc' dir='ltr'>περι-</span> 
     </span>
    </p>
   </div>
   <div class='ocr_carea' id='block_1_110' title="bbox 2149 5187 3804 5274">
    <p class='ocr_par' dir='ltr' id='par_1_110' title="bbox 2149 5187 3804 5274">
     <span class='ocr_line' id='line_1_112' title="bbox 2149 5187 3804 5274; baseline 0.005 -27"><span class='ocrx_word' id='word_1_828' title='bbox 2149 5187 2456 5264; x_wconf 77' lang='grc' dir='ltr'>ϐλημάτων</span> <span class='ocrx_word' id='word_1_829' title='bbox 2533 5192 2814 5270; x_wconf 75' lang='grc' dir='ltr'>ἀφαίρεσιν</span> <span class='ocrx_word' id='word_1_830' title='bbox 2892 5192 3156 5268; x_wconf 79' lang='grc' dir='ltr'>δείξαντες</span> <span class='ocrx_word' id='word_1_831' title='bbox 3230 5195 3283 5250; x_wconf 81' lang='grc' dir='ltr'>ὲν</span> <span class='ocrx_word' id='word_1_832' title='bbox 3367 5201 3490 5272; x_wconf 82' lang='grc' dir='ltr'>χρῷ</span> <span class='ocrx_word' id='word_1_833' title='bbox 3563 5220 3804 5274; x_wconf 82' lang='grc' dir='ltr'>κουριας,</span> 
     </span>
    </p>
   </div>
   <div class='ocr_carea' id='block_1_111' title="bbox 2150 5279 3806 5359">
    <p class='ocr_par' dir='ltr' id='par_1_111' title="bbox 2150 5279 3806 5359">
     <span class='ocr_line' id='line_1_113' title="bbox 2150 5279 3806 5359; baseline 0.006 -24"><span class='ocrx_word' id='word_1_834' title='bbox 2150 5279 2382 5351; x_wconf 80' lang='grc' dir='ltr'>ἐξέθεντο</span> <span class='ocrx_word' id='word_1_835' title='bbox 2437 5283 2573 5336; x_wconf 85' lang='grc' dir='ltr'>κατά</span> <span class='ocrx_word' id='word_1_836' title='bbox 2630 5283 2732 5352; x_wconf 79' lang='grc' dir='ltr'>τὴν</span> <span class='ocrx_word' id='word_1_837' title='bbox 2791 5280 3010 5338; x_wconf 72' lang='grc' dir='ltr'>αὔλειον</span> <span class='ocrx_word' id='word_1_838' title='bbox 3058 5287 3226 5359; x_wconf 75' lang='grc' dir='ltr'>σφῶν,</span> <span class='ocrx_word' id='word_1_839' title='bbox 3285 5286 3374 5340; x_wconf 79' lang='grc' dir='ltr'>καὶ</span> <span class='ocrx_word' id='word_1_840' title='bbox 3423 5287 3680 5352; x_wconf 74' lang='grc' dir='ltr'>πλαστῶς</span> <span class='ocrx_word' id='word_1_841' title='bbox 3723 5289 3806 5344; x_wconf 85' lang='grc' dir='ltr'>ἐπ’</span> 
     </span>
    </p>
   </div>
   <div class='ocr_carea' id='block_1_112' title="bbox 2147 5371 3801 5452">
    <p class='ocr_par' dir='ltr' id='par_1_112' title="bbox 2147 5371 3801 5452">
     <span class='ocr_line' id='line_1_114' title="bbox 2147 5371 3801 5452; baseline 0.004 -26"><span class='ocrx_word' id='word_1_842' title='bbox 2147 5371 2331 5437; x_wconf 78' lang='grc' dir='ltr'>αὐτοῖς</span> <span class='ocrx_word' id='word_1_843' title='bbox 2385 5373 2461 5435; x_wconf 89' lang='grc' dir='ltr'>ὡς</span> <span class='ocrx_word' id='word_1_844' title='bbox 2520 5372 2601 5452; x_wconf 72' lang='grc' dir='ltr'>ἐφ’</span> <span class='ocrx_word' id='word_1_845' title='bbox 2681 5375 2970 5451; x_wconf 83' lang='grc' dir='ltr'>ὁμογενέσι</span> <span class='ocrx_word' id='word_1_846' title='bbox 3025 5373 3396 5446; x_wconf 83' lang='grc' dir='ltr'>παθηνάμενοι</span> <span class='ocrx_word' id='word_1_847' title='bbox 3459 5375 3801 5435; x_wconf 86' lang='grc' dir='ltr'>ὑπεδείκνυον</span> 
     </span>
    </p>
   </div>
   <div class='ocr_carea' id='block_1_113' title="bbox 2145 5463 3798 5542">
    <p class='ocr_par' dir='ltr' id='par_1_113' title="bbox 2145 5463 3798 5542">
     <span class='ocr_line' id='line_1_115' title="bbox 2145 5463 3798 5542; baseline 0.005 -26"><span class='ocrx_word' id='word_1_848' title='bbox 2145 5466 2262 5524; x_wconf 86' lang='grc' dir='ltr'>τοῖς</span> <span class='ocrx_word' id='word_1_849' title='bbox 2321 5467 2639 5537; x_wconf 78' lang='grc' dir='ltr'>προσιοῦσιν</span> <span class='ocrx_word' id='word_1_850' title='bbox 2719 5464 2778 5520; x_wconf 78' lang='grc' dir='ltr'>ἐκ</span> <span class='ocrx_word' id='word_1_851' title='bbox 2867 5463 3160 5540; x_wconf 77' lang='grc' dir='ltr'>βασιλέως,</span> <span class='ocrx_word' id='word_1_852' title='bbox 3235 5464 3327 5520; x_wconf 81' lang='grc' dir='ltr'>καὶ</span> <span class='ocrx_word' id='word_1_853' title='bbox 3394 5465 3664 5539; x_wconf 81' lang='grc' dir='ltr'>ἱκεσίαζον</span> <span class='ocrx_word' id='word_1_854' title='bbox 3725 5469 3798 5542; x_wconf 82' lang='grc' dir='ltr'>μή</span> 
     </span>
    </p>
   </div>
   <div class='ocr_carea' id='block_1_114' title="bbox 2151 5549 3804 5634">
    <p class='ocr_par' dir='ltr' id='par_1_114' title="bbox 2151 5549 3804 5634">
     <span class='ocr_line' id='line_1_116' title="bbox 2151 5549 3804 5634; baseline 0.004 -26"><span class='ocrx_word' id='word_1_855' title='bbox 2151 5549 2480 5628; x_wconf 72' lang='grc' dir='ltr'>ἀνασχέσθαι</span> <span class='ocrx_word' id='word_1_856' title='bbox 2539 5557 2629 5611; x_wconf 79' lang='grc' dir='ltr'>καὶ</span> <span class='ocrx_word' id='word_1_857' title='bbox 2688 5553 2900 5622; x_wconf 74' lang='grc' dir='ltr'>ἐσαῦθις</span> <span class='ocrx_word' id='word_1_858' title='bbox 2955 5553 3288 5634; x_wconf 65' lang='grc' dir='ltr'>συρραγῆναι</span> <span class='ocrx_word' id='word_1_859' title='bbox 3325 5555 3570 5634; x_wconf 84' lang='grc' dir='ltr'>πόλεμον</span> <span class='ocrx_word' id='word_1_860' title='bbox 3601 5559 3691 5616; x_wconf 81' lang='grc' dir='ltr'>καὶ</span> <span class='ocrx_word' id='word_1_861' title='bbox 3723 5557 3804 5622; x_wconf 87' lang='grc' dir='ltr'>δὶς</span> 
     </span>
    </p>
   </div>
  </div>
