4098 6292
317 381 439 445 ’15⁸1

1466 384 1568 444 DE
1613 384 1919 448 ISAACIO
1960 386 2277 448 ANGELO
2321 391 2473 450 LIB.
2522 390 2596 451 ΙΙ.

3625 397 3746 459 ’158

321 515 526 578 αὐτοὺς
583 514 901 581 πεπονθέναι
957 514 1139 570 ἀπόσα
1196 515 1287 573 καὶ
1346 517 1474 593 ὀρᾷν
1531 512 1773 593 ἔχουσιν.
1807 518 1871 574 Οἱ
1921 515 2018 588 δὶλ

2091 525 2236 583 Nam
2268 525 2316 580 si
2362 526 2497 582 vino
2554 527 2819 599 occupati
2880 529 3131 587 fuissent
3186 530 3228 585 ii
3267 532 3363 603 qui
3421 531 3630 602 gallam
3688 538 3747 590 et

325 609 468 683 πρὸς
499 609 591 664 τὸν
622 602 1080 682 ἀποχειροϐίοτον
1139 608 1269 665 λαὸν
1322 614 1492 666 ταῦτα
1549 608 1982 687 διαπορθμεύω-

325 719 440 766 τες,
471 699 604 758 κάπί
634 698 759 760 τοὺς
808 702 1103 763 τεθνεῶτας
1151 700 1344 754 τείνειν
1392 701 1458 756 τὰ
1516 700 1739 774 ὄμματα
1767 700 1984 765 πείθον-

324 812 439 860 τες,
503 788 632 865 μηδ’
690 788 928 845 ἐπαινεῖν
977 789 1044 844 τὰ
1094 791 1356 867 γινόμενα
1407 793 1717 867 φάσκοντες,
1749 792 1983 867 ’ἰσχυσαν

328 880 502 941 οὕτως
533 880 630 954 ὀψέ
678 900 810 934 ποτε
865 876 1100 952 μαλάξαι
1154 879 1281 942 τοὺς
1334 879 1607 956 σύρφακας
1638 882 1713 946 ὡς
1742 880 1978 962 ἀποχω-

324 976 485 1043 ρῆσαι
561 969 696 1043 πρὸς
768 968 832 1023 τὸ
908 967 1108 1023 οἰκεῖον
1165 967 1394 1024 ’ἑκαστον
1456 967 1815 1044 ἐπιτήδευμα.
1872 973 1979 1027 Καὶ

320 1057 507 1120 ἄλλως
556 1055 613 1113 δὲ
671 1058 862 1127 εἰπεῖν,
922 1060 1001 1131 μὴ
1056 1062 1156 1113 τοῦ
1229 1061 1492 1131 συνήθους
1549 1062 1825 1136 ἡγεμόνος
1881 1064 1979 1116 τοῦ

318 1145 465 1202 οἴνου
496 1152 632 1222 σφᾶς
686 1148 1090 1221 θωρακίσαντος
1144 1144 1273 1221 μηδ’
1334 1144 1714 1226 ἀκριϐέστερον
1746 1146 1976 1225 σιδήρου

314 1238 453 1312 πρὸς
505 1236 598 1291 τὸν
654 1236 837 1310 ἀγῶνα
911 1237 1326 1312 παραθήξαντος
1394 1238 1621 1315 (πρώϊος
1696 1238 1800 1315 γὰρ
1874 1241 1949 1310 ἧη
2019 1239 2047 1293 ὁ
2115 1238 2327 1313 καιρὸς)

2089 632 2259 671 acum
2293 617 2592 686 subigunt,
2624 635 2752 689 quae
2786 618 2997 687 oratio,
3053 620 3188 691 quis
3257 620 3600 692 eloquentia:
3633 629 3741 679 tor-

2091 721 2225 760 rens
2257 704 2420 761 illum
2456 707 2759 778 pugnandi
2788 708 3055 763 ardorem
3089 708 3474 771 restinxisset,
3508 718 3609 765 aut
3667 713 3738 767 ad

2089 797 2346 866 quietam
2372 794 2617 851 aliamve
2642 795 2941 851 honestam
2959 795 3245 853 actionem
3261 814 3358 853 eos
3374 800 3741 870 impulisset?

2090 900 2225 939 nam
2258 900 2393 938 cum
2423 883 2524 938 alii
2582 884 2927 955 Byzantinos
2985 890 3049 940 ut
3100 887 3359 942 ebriosos
3390 888 3741 958 perstrinxe-

2088 976 2247 1037 runt,
2283 979 2406 1027 tum
2441 972 2756 1028 Menander
2777 972 2861 1027 sic
2895 990 2993 1028 eos
3020 973 3215 1045 arguit
3247 991 3260 1030 :
3321 996 3348 1023 «
3398 975 3734 1047 Byzantium

2088 1061 2350 1116 ebriosos
2382 1060 2573 1115 reddit
2596 1060 2879 1132 hospites.
2941 1060 3199 1118 Potando
3254 1066 3450 1118 noctes
3496 1066 3738 1134 perdere

2087 1150 2345 1223 integras
2378 1150 2586 1206 solent.
2622 1171 2649 1201 »
2683 1155 2872 1223 Atque
2901 1150 3021 1206 haec
3053 1151 3133 1207 ita
3153 1152 3544 1225 contigerunt.

2421 1234 2746 1308 διελύθησαν
2807 1239 3060 1313 εὐμαρῶς
3153 1238 3548 1313 ἀναμίλλητοι,
3644 1244 3737 1305 οὗς

319 1326 662 1401 ὑποσχόντες
725 1325 955 1396 εὐήκοον
1017 1331 1087 1401 τῇ
1153 1327 1475 1403 παρεκτάσει
1532 1332 1639 1383 τῶν
1700 1325 2121 1403 διαλλακτήρων
2185 1328 2453 1401 μεγίστων
2511 1324 2735 1401 ἀνδρῶν.
2805 1327 2871 1384 Ei.
2921 1327 3024 1403 γὰρ
3082 1325 3215 1401 οἷ’νῳ
3272 1329 3735 1409 προκατελήφθη-

315 1436 412 1469 σαν
455 1415 506 1469 οἱ
567 1414 656 1469 καὶ
688 1414 942 1490 ταπύρων
1006 1410 1437 1492 οἰνοϐαρέστεροι
1495 1420 1630 1491 (31),
1691 1418 1748 1471 οἱ
1802 1423 1920 1479 ταῖς
1971 1416 2198 1490 σμίλαις
2235 1416 2326 1471 καὶ
2380 1421 2499 1477 ταῖς
2542 1415 2725 1494 ῥαφίσι
2784 1418 3239 1494 προσανέχοντες,
3272 1416 3402 1472 ποία
3430 1439 3513 1480 τις
3540 1417 3733 1483 αὐτοὺς

309 1504 434 1580 ’ἰυγξ
456 1504 492 1574 ἢ
512 1504 677 1559 τίνων
700 1504 1063 1580 τερετίσματα
1094 1508 1370 1582 Σειρήνων
1399 1507 1535 1582 πρὸς
1566 1507 1788 1582 εἰρήνην
1821 1504 1881 1562 ἂν
1917 1506 2351 1583 μετερῥύθμισαν
2375 1502 2410 1574 ἤ
2435 1505 2571 1580 πρὸς
2593 1505 2773 1581 ἑτέραν
2808 1507 3135 1584 εὐσχήμονα
3164 1507 3354 1581 πρᾶξιν
3390 1507 3689 1580 μετέθηκαν
3714 1527 3728 1577 ;

311 1594 387 1648 ὧν
414 1614 473 1668 γε
500 1593 591 1648 καὶ
631 1590 797 1649 ἄλλοι
836 1594 929 1667 μὲν
952 1595 1027 1658 ὡς
1054 1595 1159 1649 ὑπὸ
1187 1595 1356 1669 μέθης
1384 1593 1747 1672 διαῤῥεόντων
1808 1595 1909 1652 οὐκ
1965 1595 2133 1672 ὀλίγα
2185 1595 2456 1665 ξυνέθεντο
2501 1595 2809 1668 σκώμματα
2847 1597 2981 1669 (32),
3028 1595 3056 1649 ὁ
3107 1593 3163 1650 δὲ
3192 1593 3499 1672 Μένανδρος
3532 1597 3733 1653 οὑτωσί

310 1702 430 1744 πως
462 1676 917 1756 ἐπιλαμϐάνεται·
953 1705 983 1736 ‹‹
1018 1681 1292 1747 Μεθύσους
1321 1685 1448 1747 τοὺς
1490 1684 1767 1760 ἐμπόρους
1811 1690 1961 1741 ποιεῖ
2005 1684 2067 1740 τό
2116 1681 2433 1753 Βυζάντιον·
2485 1680 2620 1754 ὅλην
2659 1677 2846 1739 ἔπινον
2878 1685 2977 1753 τὴν
3010 1684 3194 1742 νύκτα.
3226 1708 3254 1737 ››
3290 1685 3394 1741 Καὶ
3431 1689 3600 1742 ταῦτα
3632 1686 3726 1759 μὲν

316 1769 424 1827 ὧδέ
452 1774 530 1844 πη
563 1770 804 1853 ἐφέρετο.

1696 1903 1867 1967 Hier.
1900 1904 2114 1966 Wolﬁi
2143 1910 2331 1967 nota.

399 2092 515 2169 (31)
548 2092 973 2169 necclausula
1001 2094 1142 2169 quid
1202 2095 1313 2151 sibi
1370 2095 1527 2152 velut
1585 2099 1802 2167 nescio,
1835 2103 1891 2153 et
1918 2098 1979 2154 in
2013 2103 2061 2169 Β
2090 2108 2299 2168 quoque
2324 2111 2422 2167 per
2451 2097 2775 2169 ebrietatem
2794 2096 2968 2152 multa
2994 2098 3183 2168 inepta
3206 2098 3526 2169 loquuntur,
3548 2107 3732 2155 tamen

323 2165 886 2243 duobuspodic‘ibus
916 2165 1223 2243 omittitur.
1324 2239 1334 2243 Α
2013 2165 2051 2169 ’⁷
2089 2165 2155 2223 id
2179 2165 2240 2224 eo
2267 2165 2611 2240 frequentius
2652 2168 2949 2238 Cpalitanis
2976 2165 3200 2243 accidit,
3250 2165 3356 2243 quo
3400 2165 3731 2228 ebriosiore:

395 2235 513 2312 _(_32)
543 2236 711 2294 Hunc
741 2237 931 2312 locum
964 2238 1049 2293 vel
1080 2255 1147 2294 eo
1180 2239 1415 2312 nomine
1439 2247 1657 2296 vertere
1705 2240 1874 2308 libet,
1905 2258 1977 2298 ne
2083 2245 2234 2306 sunt,
2266 2235 2404 2295 ιοιᾱε
2432 2242 2613 2296 nocte:
2635 2235 2921 2312 perpotare
2938 2239 3117 2298 soliti.

319 2307 464 2365 solis
482 2307 788 2366 Germanis
811 2310 1063 2366 ebrietas
1082 2311 1395 2381 objiciatur
1428 2327 1442 2367 :
1493 2312 1567 2367 Ac
1597 2313 1833 2369 tametsi
1854 2307 1977 2369 alii

1691 2712 2116 2813 ΤΟΜΟΣ
2201 2714 2274 2807 Β

1273 2947 1412 3002 ΤΗΣ
1453 2946 1832 3003 ΒΑΣΙΛΕΙΑΣ
1872 2945 2210 3003 [ΣΛΛΚΙΟΥ
2247 2946 2375 3003 ΤΟΥ
2426 2945 2758 3003 ΑΓΓΕΛΟΥ.
2824 3012 2831 3019 _

1200 3188 1709 3347 IMPERII
1816 3249 2241 3345 ISAAGI
2330 3248 2815 3346 ANGELI

1701 3460 1912 3519 LIBER
1949 3459 2339 3519 SECUNDUS.

382 3809 469 3881 [P.
530 3809 657 3881 252]
718 3806 785 3866 α’.
845 3805 1109 3869 Βασιλεὺς
1169 3805 1227 3862 δὶ
1285 3803 1515 3861 δισσεύει
1571 3804 1707 3861 κατὰ
1765 3807 2018 3875 Μυσῶν(

2145 3806 2294 3863 5Ιῦ
2331 3806 2382 3861 l.
2417 3775 2738 3878 Imperator
2796 3823 2928 3862 vero
2989 3807 3191 3862 dolens
3249 3807 3402 3878 quod
3437 3806 3625 3877 prima
3655 3808 3712 3864 in

310 3891 709 3971 ὗστεροόουλίᾳ
755 3895 1154 3968 πληττόμενος,
1205 3898 1288 3951 ὅτι
1338 3896 1414 3967 μή
1464 3894 1599 3949 κατὰ
1634 3896 1733 3962 τὴν
1765 3896 1960 3969 προτέ-

310 4010 407 4067 ραν
440 3987 605 4044 αὐτοῦ
635 3984 887 4061 ἐμϐολὴν
932 3988 997 4042 τὰ
1037 3994 1138 4057 τῆς
1188 3985 1461 4061 πολεμίας
1502 3984 1558 4041 εὖ
1600 3984 1805 4050 διέθετο
1836 3992 1958 4061 γῆς,

308 4077 438 4134 ἀλλ’
466 4077 696 4140 ἀναστὰς
729 4076 910 4156 ᾤχετο
942 4076 1138 4133 ἐκεῖθεν
1182 4077 1257 4140 ὡς
1298 4076 1343 4130 εἰ
1392 4075 1656 4149 πολέμιοι
1686 4075 1957 4130 ἐπέκειντο

312 4165 636 4244 βάλλοντες,
692 4169 831 4240 μήτε
883 4170 1000 4227 τοῖς
1053 4165 1331 4244 φρουρίοις
1378 4164 1684 4237 Ῥωμαίους
1742 4163 1958 4234 ἐπιστή-

307 4279 401 4319 σας
435 4256 681 4331 φύλακας
746 4258 885 4328 μήτε
943 4252 1129 4330 ὅμηρα
1185 4249 1369 4309 λαϐὼν
1415 4255 1483 4309 τὰ
1528 4257 1634 4307 τῶν
1669 4247 1955 4328 βαρϐάρων

310 4344 568 4425 φίλτατα.
616 4345 720 4402 Καὶ
778 4343 901 4400 τότε
957 4344 1052 4417 μὶν
1109 4344 1271 4405 αὐτὸς
1332 4343 1467 4416 μετά
1523 4346 1631 4396 τῶν
1687 4339 1955 4395 συνόντων

309 4438 361 4491 οἱ
393 4434 595 4511 ὀλίγων
643 4434 787 4509 ἐξῄει
842 4439 941 4504 τῆς
1000 4432 1237 4494 πόλεως’
1307 4432 1537 4502 ἠκηκόει
1596 4431 1698 4506 γὰρ
1761 4430 1957 4503 μηκέτι

309 4526 434 4587 τοὺς
487 4524 707 4587 Μύσους
753 4524 822 4578 τὰ
870 4521 970 4597 ὄρη
1024 4520 1467 4598 περιπαπταίνειν
1516 4521 1607 4575 καὶ
1655 4520 1782 4581 τοὺς
1828 4519 1958 4594 βου-

311 4615 457 4682 νοὺς,
500 4612 628 4670 ἀλλ’
676 4610 959 4667 ὁπλιτικὸν
1012 4609 1470 4685 ξενολογήσαντας
1520 4609 1782 4664 Σκυθικὸν
1811 4607 1862 4668 ἐς
1891 4608 1958 4662 τὰ

306 4704 407 4773 τῆς
456 4701 880 4778 Ἀγαθαπόλεως
932 4701 1069 4774 μέρη
1118 4695 1457 4774 παραϐαλεῖν
1506 4698 1593 4753 καὶ
1627 4703 1793 4753 ταῦτα
1821 4697 1955 4752 κατὰ

304 4794 505 4866 κράτος
566 4790 874 4862 ληίζεσθαι,
958 4788 1093 4844 κατὰ
1173 4786 1573 4866 ἐργαζομένους
1629 4785 1951 4861 Τερμέρειον

303 4883 367 4938 τὸ
401 4879 459 4936 δὶ
490 4880 685 4937 λοιπὸν
745 4878 805 4935 ἐκ
860 4878 1253 4954 προσκλήσεως
1312 4880 1569 4951 συνήγετο
1626 4876 1950 4950 στράτευμα.

302 4968 453 5042 Πρὸς
501 4969 604 5045 γὰρ
646 4969 745 5037 τὴν
796 4965 1029 5023 ἄελπτον
1076 4968 1164 5022 καὶ
1223 4968 1395 5037 ὀξεῖαν
1441 4963 1631 5045 ἔφοδον
1674 4969 1781 5020 τῶν
1818 4966 1950 5039 Βαρ-

304 5053 487 5130 ϐάρων
555 5057 641 5112 καὶ
699 5056 861 5121 αὐτός
910 5078 963 5110 τι
1020 5056 1442 5130 τοιουτότροπον
1493 5051 1829 5127 ἐμεθόδευσε,
1862 5053 1949 5108 καὶ

302 5145 578 5218 συστολὴν
633 5145 869 5202 ἕντεῦθεν
925 5146 1051 5208 τοὺς
1106 5143 1338 5223 ἐχθροὺς
1396 5145 1580 5198 παθεῖν
1627 5141 1949 5218 προμηθού-
1981 5175 2028 5240 D

299 5257 483 5312 μενος,
537 5236 629 5292 καὶ
686 5237 815 5297 τοὺς
876 5234 1109 5296 οἰκείους
1166 5235 1243 5306 μή
1298 5230 1693 5302 ἀπαυθαδήσειν
1743 5231 1797 5293 ἐς
1846 5231 1945 5300 τὴν

292 5328 439 5404 παρὰ
468 5323 640 5387 πόδας
691 5323 781 5379 καὶ
814 5321 1061 5399 δευτέραν
1116 5323 1253 5377 κατὰ
1300 5326 1405 5378 τῶν
1440 5320 1677 5400 Βλάχων
1709 5321 1949 5395 ἐξόρμη-

294 5438 398 5486 σιν,
458 5416 505 5472 si
562 5414 699 5470 κατὰ
754 5412 962 5469 τούτων
1020 5418 1236 5484 πρῶτος
1284 5409 1436 5475 αὖθις
1493 5412 1659 5475 αὐτὸς
1704 5411 1770 5465 τὰ
1801 5408 1947 5465 ὅπλα

295 5507 467 5579 ἤρατο
496 5504 587 5560 καὶ
634 5504 728 5557 τὸν
782 5501 949 5555 ’ἰππον
989 5496 1152 5570 ἀνέϐη
1201 5499 1293 5554 τὸν
1340 5498 1795 5573 πολεμιστήριον.
1844 5499 1948 5554 Καὶ

305 5594 334 5647 ὁ
368 5594 459 5666 μὶν
515 5592 655 5648 κατᾶ
709 5591 801 5645 τὸν
855 5590 1226 5665 Ταυρόκωμον
1282 5587 1577 5663 γενόμενος
1619 5584 1949 5663 (κιησείδιον

306 5677 363 5738 δέ
419 5679 560 5739 ὶστιν
616 5680 774 5743 οὗτος
834 5676 1152 5754 οἰκούμενον
1206 5673 1472 5751 κωμηδὸν
1539 5676 1629 5732 καὶ
1686 5678 1762 5753 μὴ
1809 5675 1949 5732 πάνυ

2073 3895 2313 3967 Mysiam
2350 3896 2733 3967 impressione
2760 3895 2975 3952 bellum
3007 3913 3125 3951 non
3160 3895 3266 3950 rite
3305 3896 3714 3953 administras-

2070 3986 2283 4049 set,sed
2310 3986 2446 4039 inde
2478 4002 2589 4040 non
2624 3985 2787 4040 aliter
2810 3985 3111 4056 digressus
3133 4001 3309 4054 quam
3361 3985 3411 4039 si
3455 3984 3713 4042 hostium

2071 4074 2196 4130 telis
2227 4083 2551 4146 urgeretur,
2585 4090 2773 4145 neque
2825 4074 3063 4128 castella
3101 4074 3377 4128 Romanis
3428 4075 3714 4145 praesidiis

2067 4167 2430 4234 occupasset,
2463 4178 2647 4233 neque
2674 4162 3057 4216 Barbarorum
3092 4162 3245 4217 filios
3292 4162 3526 4219 obsides
3548 4180 3709 4217 sum-

2069 4253 2301 4324 psisset,
2333 4252 2523 4307 denuo
2544 4250 2771 4306 Blachis
2793 4267 2955 4305 arma
2978 4250 3191 4305 inferre
3217 4252 3444 4307 statuit.
3483 4253 3551 4306 Ac
3580 4256 3709 4307 tum

2068 4343 2192 4411 ipse
2224 4342 2457 4413 quidem
2490 4356 2623 4395 cum
2660 4355 2861 4411 paucis
2892 4339 2989 4410 qui
3031 4339 3217 4395 obiter
3270 4341 3712 4412 reperiebantur

2066 4431 2393 4502 egreditur;
2424 4428 2683 4484 audierat
2734 4428 2889 4482 enim
2948 4427 3146 4483 hostes
3188 4445 3300 4483 non
3347 4428 3601 4499 amplius
3649 4430 3707 4485 in

2069 4519 2365 4574 montibus
2393 4521 2450 4572 et
2481 4517 2730 4572 collibus
2754 4515 2991 4584 versari,
3015 4515 3118 4572 sed
3153 4515 3441 4588 Scythicis
3476 4516 3709 4573 auxiliis

2067 4608 2268 4663 ascitis
2301 4609 2356 4662 in
2393 4623 2531 4678 agro
2565 4604 3044 4677 Agathopolitano
3088 4609 3279 4660 castra
3332 4603 3616 4674 posuisse,
3652 4610 3711 4661 et

2066 4697 2191 4752 loca
2230 4695 2330 4752 illa
2358 4697 2539 4751 eﬂ‘use
2569 4700 2798 4751 vastare
2862 4700 2920 4749 et
2979 4694 3210 4766 magnis
3250 4693 3481 4749 afﬁcere
3534 4693 3709 4748 detri-

2066 4784 2564 4854 mentis.Reliquae
2596 4799 2729 4839 vero
2752 4782 3004 4852 legiones
3044 4782 3263 4837 interea
3308 4782 3707 4838 convocaban-

2064 4883 2180 4933 tur.
2213 4876 2357 4932 Nam
2391 4881 2443 4931 et
2474 4876 2601 4947 ipse
2629 4875 2947 4947 imperator
3004 4876 3069 4931 ad
3132 4875 3394 4931 subitum
3453 4879 3509 4932 et
3540 4875 3705 4932 inex-

2062 4971 2384 5037 spectatum
2417 4963 2674 5020 hostium
2707 4962 3028 5019 tumultum
3061 4964 3479 5036 expeditionem
3539 4964 3704 5021 illam

2062 5055 2505 5111 accommodare
2535 5056 2887 5125 cogebatur;
2917 5052 2973 5109 in
3008 5070 3122 5124 quo
3152 5053 3256 5109 illa
3293 5055 3469 5110 etiam
3528 5070 3703 5125 spec-

2064 5146 2244 5214 tabat,
2278 5148 2422 5199 utet
2454 5142 2708 5198 hostium
2742 5143 3024 5213 impetum
3084 5143 3420 5213 reprimeret
3458 5148 3516 5199 et
3565 5161 3706 5201 suos

2059 5235 2208 5290 dicto
2268 5232 2666 5287 alidientiores
2744 5231 2895 5287 διο
2954 5230 3195 5287 haberet
3251 5235 3319 5287 ad
3372 5235 3704 5290 secundum

2059 5323 2200 5378 illud
2233 5320 2567 5376 Blachicum
2606 5318 2845 5390 bellum,
2905 5320 2951 5373 si
3007 5319 3135 5391 ipse
3194 5321 3419 5391 primus
3460 5322 3517 5377 in
3552 5339 3703 5394 equo

2059 5411 2267 5467 bellico
2291 5415 2548 5465 armatus
2571 5417 2926 5465 cerneretur.
2961 5408 3068 5466 Ubi
3109 5411 3534 5467 Taurocomum
3563 5430 3702 5485 per-

2057 5503 2215 5557 venit
2246 5500 2549 5572 (praedium
2582 5500 2637 5554 id
2670 5506 2781 5565 est,
2814 5501 2964 5571 quod
2998 5501 3226 5555 vicatim
3258 5501 3551 5570 incolitur,
3587 5519 3701 5559 non

2060 5589 2258 5663 procul
2285 5588 2355 5643 ab
2388 5587 2763 5659 Adrianopoli
2792 5588 3090 5661 dissitum)
3151 5588 3503 5661 exspectavit
3560 5589 3697 5645 dum

2059 5678 2237 5753 copias
2312 5677 2704 5736 convenirent.
2764 5677 2833 5735 Et
2887 5677 3148 5736 Conrado
3202 5676 3409 5735 Caesari
3465 5692 3701 5749 quoque
