4098 6292
451 440 568 502 759

1755 431 2073 494 NICETJE
2115 429 2534 491 GHONIATJE

3739 426 3865 487 760

449 573 738 634 mandavit
800 575 863 626 ut
921 571 1062 628 citra
1113 570 1542 625 cunctationem
1605 567 1808 624 exiret.
1869 566 1922 620 Is
1964 580 2097 620 vero

2211 559 2400 637 πὸρῥω
2451 564 2532 634 [Ρ.
2591 565 2718 634 253]
2772 567 2875 628 τῆς
2931 556 3222 633 Ἀδριανοῦ
3298 555 3574 630 κείμενον)
3636 554 3858 628 έπέμενε

450 682 582 723 cum
618 663 986 736 imperatoris
1047 678 1182 731 erga
1231 677 1292 714 se
1346 659 1786 728 benignitatem,
1821 672 1952 709 cum
1991 670 2096 708 suo

448 771 662 827 genere
691 769 805 808 non
839 751 1295 805 consentientem
1337 755 1394 804 et
1450 748 1522 802 ab
1566 745 1940 816 imperatoria
1968 746 2094 798 atti-

453 843 632 900 nitate
655 841 1087 907 abhorrentem,
1115 837 1267 892 haud
1287 835 1730 890 dissimulanter
1742 848 1888 905 tegre
1905 833 2094 896 ferret,

451 936 509 987 et
541 927 1089 1000 magniﬁcamillam
1108 943 1270 997 spem
1297 943 1409 981 non
1427 924 1586 979 aliud
1608 925 1812 978 atlerre
1837 927 2098 977 cerneret

452 1019 568 1076 nisi
601 1025 665 1074 ut
695 1017 906 1075 calceis
929 1014 1466 1086 Caesareis,avnlgo
1489 1013 1803 1080 distinctis,
1840 1018 2096 1066 uteretur

451 1108 541 1182 (eo
573 1107 904 1172 accedebat,
961 1105 1116 1177 quod
1180 1120 1351 1159 cruce
1407 1103 1579 1157 domo
1639 1117 1836 1157 secum
1871 1105 2096 1171 gestata

448 1197 815 1254 Palaestinam
837 1195 910 1249 ab
931 1194 1213 1266 [Egyptiis
1235 1192 1567 1248 Sarracenis
1603 1193 1728 1261 jam
1753 1193 2092 1259 occupatam

449 1286 698 1342 invisere
722 1284 1129 1351 constituerat,
1151 1287 1208 1337 et
1239 1281 1425 1336 obiter
1445 1278 1811 1351 imperatoris
1834 1293 2093 1333 sororem

449 1375 735 1446 duxerat).
768 1374 976 1430 annuit
1011 1372 1104 1428 ille
1147 1371 1381 1443 quidem
1419 1387 1479 1424 se
1511 1370 1916 1440 imperatorem
1957 1383 2093 1421 con-

444 1468 758 1522 venturum
784 1467 840 1518 et
869 1461 1090 1517 bellum
1128 1479 1243 1516 una
1275 1460 1846 1514 administraturum.
1881 1456 2092 1510 Verum

447 1571 578 1610 cum
615 1560 760 1608 Deus
792 1550 1071 1606 Romanis
1103 1553 1296 1622 plures
1356 1549 1548 1602 clades
1602 1565 1702 1618 per
1761 1547 1972 1619 Myeios
2005 1548 2093 1600 in-

448 1643 596 1700 ferre
627 1641 1224 1707 decrevisset,mutato
1255 1637 1520 1704 conetlio,
1555 1653 1698 1691 nave
1755 1637 2096 1692 firmissima

447 1741 508 1791 et
530 1749 676 1790 nova
708 1747 1045 1796 conscensa,
1081 1731 1134 1785 in
1174 1727 1540 1784 Palaestinam
1599 1727 1916 1783 contendit.
1948 1729 2090 1781 Cum

447 1823 583 1895 Tyri
613 1821 962 1894 appulisset,
993 1837 1026 1875 a
1053 1817 1433 1891 popularibus
1487 1817 1612 1872 suis
1649 1815 1827 1872 veluti
1874 1831 2090 1870 numen

447 1912 740 1984 quoddam
775 1913 1084 1980 susceptus
1113 1906 1456 2003 Sarracenis-
1483 1905 1712 1971 restitit,
1745 1911 1802 1960 et
1839 1904 2092 1975 Joppen,
2124 1941 2168 2003 Β

447 2016 574 2072 quae
600 1999 748 2058 517
787 2015 943 2054 nunc
975 2002 1088 2053 Ace
1119 1995 1352 2062 dicitur,
1385 1993 1616 2066 aliaque
1662 1993 1877 2064 Oppida
1920 2009 2086 2048 recu«

445 2091 690 2162 paravit.
723 2090 830 2145 Sed
865 2089 1003 2160 quia
1057 2085 1176 2142 illis
1230 2101 1462 2158 quoque
1519 2083 1660 2140 locis
1717 2083 1910 2141 fatalis
1941 2083 2092 2140 cala-

449 2178 668 2235 mitatis
699 2175 1272 2250 impendebat,multi
1304 2172 1563 2247 praeclari
1593 2179 1650 2230 et
1679 2175 1858 2230 fortes
1890 2175 2090 2240 duces,

447 2267 550 2338 qui
579 2266 978 2323 Christianum
1011 2264 1156 2320 illud
1190 2265 1300 2320 iter
1325 2263 1477 2320 ultro
1507 2267 1565 2318 et
1611 2263 1738 2320 suis
1783 2262 2092 2335 stipendiis

453 2359 850 2428 susceperant,
902 2355 1243 2427 perierunt;
1303 2359 1360 2408 et
1437 2355 1560 2424 ipse
1617 2352 1918 2408 Conradus
1977 2368 2092 2408 non

453 2444 638 2504 multo
669 2448 822 2518 post,
853 2445 944 2500 vix
999 2443 1153 2500 edito
1211 2443 1531 2514 specimine
1571 2443 1798 2498 virtutis
1845 2447 1901 2497 et
1954 2458 2094 2513 pru-

454 2535 664 2593 dentia
722 2552 861 2603 suae,
914 2541 978 2589 ut
1043 2532 1329 2606 Agarenis
1393 2533 1770 2588 admirationi
1827 2537 2004 2597 esset,
2063 2550 2094 2587 a

454 2624 664 2682 Cbasio
694 2623 949 2694 quodam
981 2622 1284 2678 occiditur.
1327 2622 1480 2678 Gens
1511 2627 1705 2678 autem
1749 2621 2093 2678 Chasiorum

457 2729 596 2771 suos
621 2712 916 2786 principes
946 2711 1024 2767 ita
1052 2713 1235 2766 vereri
1264 2717 1323 2766 et
1352 2713 1659 2766 observare
1710 2715 1769 2766 et
1812 2711 1870 2765 in
1911 2711 2098 2782 jussis

455 2817 652 2860 eorum
684 2799 1068 2872 exsequendis
1117 2799 1260 2855 adeo
1308 2798 1518 2855 alacris
1543 2815 1669 2855 esse
1687 2799 1924 2866 dicitur,
1959 2807 2020 2855 ut
2049 2799 2098 2854 si

455 2897 682 2948 tantum
717 2889 1028 2962 supercilio
1062 2889 1443 2962 magistratus
1473 2889 1750 2957 insuerit,
1785 2889 1987 2945 statim
2029 2889 2099 2945 de

457 2981 706 3054 rupibus
734 2997 796 3036 se
817 2979 1199 3052 precipitent,
1233 2978 1289 3033 in
1317 2995 1488 3034 enses
1537 2979 1786 3046 irruant,
1821 2979 1878 3033 in
1914 2980 2099 3034 undas

455 3069 758 3136 deeiliant,
787 3069 849 3123 in
896 3069 1089 3140 ignem
1119 3083 1181 3122 se
1203 3067 1517 3137 conjiciant
1541 3082 1554 3133 ;
1577 3072 1633 3122 et
1663 3067 1731 3121 ad
1783 3084 1880 3123 eos
1934 3067 2100 3124 missi

454 3176 604 3232 quos
634 3174 832 3214 eorum
863 3157 1159 3230 principes
1197 3158 1420 3212 occisos
1469 3155 1688 3223 volunt,
1734 3161 1795 3212 ut
1842 3156 2102 3227 hospites

455 3254 514 3305 et
547 3247 717 3304 amici
751 3247 988 3315 adeunt,
1015 3251 1070 3300 et
1095 3251 1199 3300 aut
1228 3262 1290 3301 se
1319 3245 1534 3301 habere
1566 3245 1719 3316 quod
1767 3246 1852 3300 eis
1882 3245 2096 3314 dicant,

459 3340 562 3392 aut
593 3335 815 3407 legatos
846 3335 1038 3390 venire
1093 3333 1464 3401 simulantes,
1523 3351 1676 3406 saepe
1728 3335 2100 3392 dominorum

2205 651 2299 710 τὰς
2333 648 2588 725 δυνάμεις
2622 648 2917 718 συνελθεῖν,
2954 648 3226 722 ἐπέσκηψε
3271 644 3328 702 δέ
3375 647 3464 701 καὶ
3495 647 3588 701 τὸν
3620 646 3855 720 Καίσαρα

2209 740 2488 817 Κορῥάδον
2569 739 2736 815 μηδὲν
2809 763 2863 797 τι
2927 739 3277 815 μελλήσαντα
3332 737 3588 809 ἐξελθεῖν.
3667 739 3728 796 Ὀ
3803 735 3858 793 δὲ

2207 827 2575 904 δυσχεραίνων
2632 828 2930 905 προδήλως
2980 829 3117 904 πρὸς
3157 827 3224 898 ἤν
3273 827 3468 904 εὕρατο
3499 827 3557 881 ἐκ
3592 825 3856 902 βασιλέως

2205 918 2612 997 φιλοφροσύνης
2645 921 2719 982 ὡς
2765 925 2844 992 τῷ
2893 917 3158 995 βασιλείῳ
3205 913 3362 988 κήδει
3410 916 3741 993 ἀσύμφωνον
3771 918 3857 972 καὶ

2202 1013 2281 1081 τῷ
2333 1009 2524 1065 ἑαυτοῦ
2583 1008 2724 1086 γένει
2776 1005 3107 1079 ἀπᾴδουσαν·
3171 1007 3311 1080 ὀρῶν
3343 1001 3400 1061 δὶ
3429 1006 3522 1060 καὶ
3553 1005 3647 1067 τὰς
3696 1005 3856 1079 ὕπερ-

2205 1100 2440 1178 ηφάνους
2492 1097 2718 1161 ἐλπίδας
2767 1097 3144 1172 καταληεάσας
3195 1097 3248 1158 ἐς
3303 1097 3466 1168 μόνον
3522 1096 3584 1151 τὸ
3633 1099 3710 1168 μὴ
3741 1101 3858 1160 τοῖς

2202 1187 2442 1252 πολλοῖς
2495 1190 2841 1268 ὁμόχρωμον
2907 1185 3168 1260 ὑπόδημα
3224 1187 3320 1241 τοῦ
3376 1182 3544 1248 ποδὸς
3611 1184 3695 1257 (τὸ
3749 1189 3857 1240 τῶν

2204 1278 2483 1352 Καισάρων
2545 1277 2690 1354 λέγω
2745 1277 3118 1352 παράσημον),
3176 1277 3265 1330 καί
3326 1273 3514 1336 ἄλλως
3575 1271 3634 1328 δὲ
3693 1295 3858 1330 σταυ-

2202 1370 2512 1446 ροιρορήσας
2563 1366 2772 1429 οἷ’κοοεν
2817 1367 2906 1421 καὶ
2959 1367 3056 1436 τήν
3118 1365 3171 1426 ἐς
3226 1365 3593 1434 Παλαιστίνην
3636 1360 3854 1419 ὁδεῦσαι

2198 1457 2370 1514 πάλαι
2401 1459 2735 1534 προθέμενος
2794 1455 2902 1528 ἤδη
2963 1461 3384 1536 κατασχεθεῖσαν
3430 1455 3533 1510 ὑπὸ
3562 1460 3672 1510 τῶν
3721 1455 3858 1512 κατὰ

2199 1550 2300 1618 τήν
2362 1547 2636 1622 Α’ἱγυπτον
2701 1551 3056 1622 Σαρακηνῶν,
3115 1547 3206 1600 καὶ
3265 1545 3534 1619 πάρεργον
3595 1541 3726 1600 ὀδοῦ
3758 1546 3854 1614 τήν

2205 1640 2340 1714 μετὰ
2380 1641 2480 1707 τῆς
2541 1636 2783 1716 ἀδελφῆς
2839 1642 2938 1692 τοῦ
3000 1637 3272 1712 βασιλέως
3330 1633 3646 1696 ἐπιτελέσας
3697 1635 3856 1690 συνάο

2199 1749 2374 1808 φειαν,
2406 1726 2651 1783 ἐπένευσε
2684 1731 2781 1799 μὶν
2813 1728 3107 1799 συνεξιέναι
3151 1729 3230 1796 τῷ
3273 1723 3492 1801 βασιλεῖ
3527 1724 3615 1780 καὶ
3644 1722 3857 1779 συνδιαο

2199 1815 2379 1872 θέσθαι
2407 1817 2500 1872 τὸν
2532 1815 2892 1893 προκείμενον
2921 1814 3189 1888 πόλεμον,
3223 1815 3301 1878 ὡς
3351 1811 3396 1869 δ’
3441 1813 3767 1890 ἀντέκρουσε
3793 1815 3855 1869 τὸ

2201 1902 2590 1981 βεϐουλεῦσθαι
2639 1906 2766 1961 Θεὸν
2813 1909 3140 1979 καγοτυχεῖν
3189 1901 3352 1959 εἰσέτι
3395 1903 3706 1976 Ῥωμαίους
3751 1903 3853 1958 ὑπὸ

2198 1998 2415 2062 Μυσῶν,
2448 1993 2533 2049 ἐπ’
2563 1992 2758 2056 ἄλλοις
2787 1992 2970 2068 τρέπει
3013 1993 3106 2047 τὸν
3154 1996 3304 2048 νοῦν.
3349 1997 3469 2060 Νῆα
3497 1991 3600 2067 γὰρ
3632 1990 3855 2066 ἐξαρτυ-

2200 2105 2294 2146 σας
2319 2083 2530 2157 εὐπαγῆ
2561 2103 2619 2138 τε
2646 2083 2738 2138 καί
2763 2081 3151 2162 νεογόμφωτον
3175 2083 3265 2137 τὸν
3290 2078 3464 2136 πλοῦν
3487 2079 3540 2141 ἐς
3563 2079 3859 2136 Παλαιστί-

2196 2195 2294 2243 νην
2327 2171 2499 2244 ἔθετο,
2552 2172 2644 2228 καὶ
2699 2177 2766 2246 τῇ
2824 2173 2984 2248 Τύρῳ
3039 2170 3417 2249 προσορμίσας
3450 2171 3540 2225 καὶ
3571 2172 3720 2246 παρᾶ
3749 2175 3855 2226 τῶν

2198 2261 2369 2318 ἐκεῖσε
2399 2263 2676 2335 ὁμογενῶν
2712 2262 2805 2316 οἷά
2849 2281 2932 2323 τις
2965 2261 3221 2336 κρείττων
3253 2259 3466 2336 ὁραθείς
3503 2259 3593 2314 καὶ
3623 2257 3854 2332 προσδε-

2201 2353 2355 2432 χθεὶς
2389 2349 2617 2424 δύναμις
2664 2357 2782 2414 τοῖς
2843 2357 3182 2426 Σαρακηνοῖς
3243 2349 3584 2430 ἀντεφέρετο,
3626 2351 3853 2420 Ἰόππην

2201 2444 2710 2518 ἐπανασωσάμενος,
2740 2443 2776 2514 ἤ
2806 2447 2898 2499 νῦν
2948 2449 3083 2498 "Axs
3141 2440 3383 2520 λέγεται,
3417 2442 3503 2498 καῖ
3538 2441 3718 2516 ἑτέρας
3753 2441 3855 2496 πό-

2202 2532 2319 2595 λεις
2343 2539 2458 2595 τοῖς
2488 2531 2817 2610 ὁμοφύλοις.
2845 2530 3022 2590 Ἀλλὰ
3043 2532 3145 2608 γὰρ
3171 2531 3256 2588 ὅτι
3285 2531 3375 2587 καὶ
3399 2533 3468 2587 τὰ
3495 2529 3606 2587 ἐκεῖ
3623 2532 3855 2604 πάσχειν

2201 2627 2385 2684 κακῶς
2406 2623 2706 2699 ἀφώριστο,
2729 2621 2896 2678 ἄλλοι
2920 2643 2977 2678 τε
3003 2619 3168 2677 καλοὶ
3190 2622 3281 2676 καὶ
3303 2626 3542 2698 γενναῖοι
3567 2618 3855 2676 ἀπώλοντο

2203 2712 2502 2788 στρατηγοὶ
2556 2714 2658 2782 τὴν
2716 2713 2853 2768 κατὰ
2907 2711 3147 2785 Χριστὸν
3211 2711 3426 2774 ἑκόντες
3483 2711 3571 2766 καὶ
3633 2709 3854 2770 οἰκείοις

2204 2802 2460 2876 ὀψωνίοις
2516 2801 2736 2876 πορείαν
2792 2800 3163 2874 στειλάμενοι,
3241 2801 3332 2856 καὶ
3386 2799 3548 2862 αὐτὸς
3601 2797 3660 2854 δὶ
3714 2799 3856 2854 ἀναι-

2205 2895 2376 2967 ρεῖται
2437 2891 2540 2946 ὑπὸ
2601 2891 2882 2962 Χασισίου,
2942 2892 3136 2967 μικρόν
3163 2912 3216 2946 τι
3255 2885 3525 2960 ἐπιϐιοὺς,
3584 2890 3674 2944 καὶ
3741 2888 3855 2946 ὅσον

2203 2987 2394 3057 πεῖραν
2423 2987 2524 3050 τῆς
2561 2980 2726 3036 αὐτοῦ
2757 2978 3006 3056 ἀνδρείας
3048 3001 3109 3036 τε
3164 2981 3252 3034 καὶ
3302 2981 3622 3059 φρονήσεως
3677 2975 3858 3034 δοῦναι

2203 3075 2319 3132 τοῖς
2376 3072 2703 3144 Ἀγαρηνοῖς
2761 3069 2852 3125 καὶ
2909 3071 3297 3142 θαυμεσθῆναι.
3361 3069 3520 3130 Γένος
3565 3065 3622 3122 δέ
3653 3066 3790 3122 εἰσιν
3814 3066 3861 3121 οἱ

2204 3157 2461 3216 Χασίσιοι
2527 3159 2799 3228 τοσαύτην
2869 3156 3166 3233 λεγόμενον
3238 3163 3422 3232 τηρεῖν
3489 3162 3571 3229 τῷ
3637 3155 3862 3236 ἄρχοντι

2209 3251 2355 3328 σφῶν
2389 3247 2661 3319 συστολὴν
2717 3249 2808 3304 καὶ
2854 3253 2962 3303 τῶν
3014 3245 3416 3321 έντελλομένων
3449 3245 3768 3320 πλήρωσιν,
3795 3247 3863 3308 ὡς

2202 3337 2293 3394 καὶ
2355 3339 2490 3394 κατὰ
2547 3343 2810 3413 κρημνῶν
2861 3339 3020 3394 ὠθεῖν
3060 3337 3283 3399 ἑαυτοὺς
3315 3335 3523 3392 ἐκείνου
3556 3336 3638 3392 ἐπ’
3670 3338 3859 3416 ὀφρύσι

461 3439 706 3481 suorum
760 3423 1122 3480 adversarios
1182 3422 1533 3494 pugionibus
1590 3423 1890 3492 occidunt,
1939 3423 2098 3481 nulla

2209 3426 2496 3491 νεύσαντος
2577 3429 2739 3502 μόνον
2813 3429 2903 3484 καὶ
2998 3427 3248 3508 χορεύειν
3323 3429 3458 3482 κατὰ
3532 3429 3705 3504 ξιφῶν
3776 3423 3859 3480 καὶ

464 3513 827 3570 difﬁcultatis
859 3517 918 3568 et
949 3511 1226 3584 eXplorati
1288 3511 1566 3584 supplicii
1624 3511 1846 3569 ratione
1884 3515 2098 3586 habita,

2213 3513 2422 3571 ὑδάτων
2498 3515 2868 3581 καθάλλεσθαι
2957 3517 3050 3573 καὶ
3137 3517 3276 3573 κατᾶ
3348 3517 3520 3588 πυρὸς
3595 3516 3866 3584 ἀκοντίζε-

406 3617 412 3622 ·
463 3603 696 3661 etiamsi
727 3601 974 3658 alterum
1005 3618 1119 3657 non
1150 3601 1489 3658 occiderint.

2215 3617 2357 3670 σθαι.
2391 3605 2616 3680 Ἀμέλει
2645 3627 2732 3662 τοι
2757 3607 2848 3662 καὶ
2905 3607 3042 3682 πρὸς
3101 3603 3194 3668 οὕς
3253 3605 3312 3660 ἂν
3371 3603 3630 3660 ἐθέλωσιν
3672 3607 3726 3659 οἱ
3755 3609 3860 3661 τῶν

461 3689 740 3749 Χασισίων
800 3689 1199 3762 ἐξουσιάζοντες
1255 3687 1658 3744 ἀποστέλλουσι
1711 3690 1840 3754 τοὺς
1922 3696 2058 3766 σφᾶς
2113 3692 2522 3768 ἀναιρήσοντας·
2589 3696 2640 3750 οἱ
2699 3691 2758 3749 δὲ
2812 3696 2886 3758 ὡς
2945 3693 3122 3772 φίλιοι
3179 3695 3492 3769 προσιόντες
3545 3693 3578 3762 ἢ
3636 3693 3730 3747 καὶ
3785 3693 3859 3754 ὡς

457 3778 727 3852 ἐπήλυδες
758 3779 984 3843 ἐκείνοις
1017 3778 1262 3857 ὀφθέντες
1290 3780 1326 3850 ἢ
1356 3801 1406 3836 τι
1438 3784 1544 3835 τῶν
1579 3781 1924 3852 καθηκόντων
1960 3781 2128 3838 εἰπεῖν
2155 3777 2400 3864 ἔχοντες,
2433 3785 2469 3856 ἢ
2501 3785 2592 3842 καὶ
2623 3787 2697 3848 ὡς
2727 3781 2980 3861 πρέσϐεις
3011 3784 3060 3860 ἐξ
3093 3785 3260 3842 ἐθνῶν
3291 3785 3442 3855 ἥκειν
3471 3783 3856 3856 πλαττόμενοι,

452 3869 758 3941 πλήττουσι
789 3868 1062 3931 πολλάκις
1116 3866 1482 3946 παραξιφιδίῳ
1537 3869 1626 3925 καὶ
1685 3875 1973 3953 θανατοῦσι
2019 3871 2148 3934 τοὺς
2199 3879 2314 3936 τοῖς
2371 3874 2580 3950 κυρίοις
2610 3874 2784 3930 αὐτῶν
2822 3875 3170 3953 ἀντίφρονας,
3204 3877 3280 3947 μὴ
3313 3875 3378 3930 τὸ
3409 3877 3502 3930 τοῦ
3531 3871 3852 3947 πράγματος

451 3955 684 4036 ἐργῶδες
714 3957 863 4040 eam;
897 3956 948 4013 ἐν
979 3961 1056 4030 νῷ
1090 3955 1452 4034 βαλλόμενοι,
1487 3954 1622 4030 μηδ’
1649 3957 1734 4012 ὅτι
1763 3951 1823 4012 ἔκ
1850 3979 1946 4013 του
1979 3955 2250 4030 δήπουθεν
2276 3961 2724 4036 ἀναιρεθήσονται
2753 3967 2881 4040 γοῦν
2914 3951 3092 4032 αὗτοὶ,
3121 3961 3213 4018 καὶ
3247 3964 3322 4034 μὴ
3354 3961 3446 4018 τὸν
3476 3960 3658 4034 ἑτέρου
3686 3977 3858 4014 κατα-

452 4037 784 4124 πραξάμενοι
816 4047 1060 4111 θάνατον.

523 4141 850 4209 lmperator
878 4153 1010 4194 vero
1039 4137 1270 4194 circiter
1298 4137 1390 4192 bis
1437 4135 1594 4192 mille
1645 4137 1889 4192 delectis
1941 4137 2102 4208 viris,

455 4229 672 4302 quibus
699 4245 860 4284 arma
891 4233 948 4284 et
1003 4228 1230 4285 veloces
1287 4245 1470 4299 equos
1529 4229 1706 4294 dedit,
1745 4229 2104 4286 Taurocomo

459 4317 534 4375 ad
559 4317 762 4373 hostes
791 4318 1096 4372 contendit
1127 4335 1140 4384 ;
1173 4318 1594 4389 impedimenta
1623 4317 1842 4387 omnia,
1872 4317 2020 4375 lixas
2049 4323 2108 4374 et

457 4406 691 4464 calones
721 4404 1160 4476 Adrianopolim
1195 4406 1276 4461 ire
1299 4407 1501 4475 jussit.
1562 4409 1786 4462 Interea
1839 4407 2103 4478 specula-

455 4501 612 4553 tores
643 4495 798 4554 518
831 4496 1104 4550 nuntiant
1134 4495 1380 4550 Blachos
1410 4496 1536 4550 loca
1567 4495 1797 4551 Lardeaa
1857 4496 2106 4553 ﬁnitima

453 4590 702 4656 vastare,
770 4601 836 4640 ac
913 4583 1114 4639 multis
1217 4585 1428 4640 occisis
1519 4600 1626 4638 nec
1729 4585 2103 4656 paucioribus

455 4677 641 4747 captis
671 4692 805 4730 cum
869 4677 1125 4730 maxima
1184 4674 1376 4745 prada
1442 4673 1740 4730 discedere
1800 4675 2100 4730 statuisse.

458 4765 640 4836 Igitur
671 4772 846 4821 noctu
878 4765 1146 4820 classicis
1175 4761 1521 4820 canentibus
1565 4779 1884 4819 conscenso
1931 4779 2102 4834 equo,

455 4870 587 4909 cum
620 4855 690 4908 ad
751 4853 1054 4910 Basternae
1113 4853 1244 4926 (loci
1304 4869 1517 4908 nomen
1569 4852 1678 4924 est)
1726 4853 2106 4922 pervenisset,

457 4941 622 4998 nullo
641 4943 806 4996 hoste
831 4949 1164 5012 apparente,
1197 4943 1391 5014 quiete
1411 4941 1740 4997 refocillavit
1765 4941 2102 4998 exercitum.

455 5031 674 5088 Triduo
706 5035 839 5101 post
869 5031 1005 5086 inde
1036 5032 1353 5104 digressus,
1390 5047 1561 5086 mane
1603 5031 1850 5087 Berroen
1903 5047 2105 5088 versus

457 5121 570 5176 iter
597 5117 946 5187 ingreditur.
980 5120 1120 5175 Cum
1157 5123 1418 5176 nondum
1452 5129 1703 5192 quatuor
1745 5135 2104 5192 parasangas

461 5209 862 5280 processisset,
895 5208 1032 5262 mali
1101 5211 1340 5265 nuntius
1397 5211 1582 5278 adest,
1643 5207 1818 5264 homo
1863 5209 2103 5279 quidam

457 5296 784 5366 expeditus,
823 5299 922 5368 qui
989 5297 1198 5367 spiritu
1267 5314 1336 5352 ex
1413 5297 1784 5354 festinatione
1859 5297 2104 5352 subinde

457 5386 783 5455 interrupto
852 5390 1050 5438 narrat
1107 5384 1305 5440 hostes
1362 5402 1475 5441 non
1537 5385 1734 5457 procul
1789 5385 1926 5441 inde
1981 5400 2104 5440 cum

459 5475 652 5543 prteda
685 5473 912 5542 reverti,
946 5490 1012 5528 ac
1045 5474 1395 5545 pedetentim
1431 5474 1548 5531 fere
1604 5476 1894 5540 incedere,
1947 5474 2102 5546 quod

460 5567 518 5618 et
550 5563 776 5618 nulium
804 5563 1025 5619 hostem
1060 5563 1146 5618 im
1162 5563 1424 5618 cnissent
1451 5570 1509 5618 et
1569 5565 1864 5621 manubiis
1907 5564 2103 5621 onusti

459 5659 672 5708 essent.
699 5654 886 5716 Quare
919 5653 1116 5706 statim
1142 5652 1392 5707 exercitu
1417 5649 1569 5706 inter
1590 5652 1767 5709 duces
1793 5653 2104 5708 distributo

459 5749 518 5802 et
539 5743 660 5802 acie
691 5745 994 5810 instructa,
1025 5759 1152 5800 eam
1213 5741 1365 5799 viam
1423 5743 1637 5799 institit
1665 5759 1783 5816 qua
1837 5743 2104 5799 incedere

2282 4137 2447 4196 Ἀλλ’
2478 4141 2506 4196 ὁ
2541 4142 2635 4214 μὲν
2697 4140 2952 4216 βασιλεὺς
3007 4142 3129 4214 περὶ
3191 4137 3502 4215 δισχιλίους
3543 4136 3862 4200 ἐπιλέκτους

2213 4225 2530 4304 ἀποκρίνας,
2560 4231 2648 4284 καὶ
2703 4231 2922 4287 τούτοις
2987 4227 3134 4284 ὅπλα
3199 4229 3288 4284 καὶ
3342 4227 3550 4293 ’ίππους
3577 4223 3864 4288 ὠκύποδας

2216 4313 2459 4387 διαδοὺς,
2501 4317 2759 4392 ὥρμησεν
2819 4317 2879 4374 ἐκ
2931 4323 3030 4374 τοῦ
3081 4319 3458 4392 Ταυροκώμου
3504 4317 3642 4392 πρὸς
3671 4316 3735 4370 τὸ
3761 4336 3866 4370 πο-

2219 4405 2436 4480 λέμιον,
2468 4409 2567 4475 τὴν
2626 4405 2674 4462 δ’
2723 4408 3032 4476 ἀποσκευὴν
3080 4412 3255 4462 πᾶσαν
3295 4407 3386 4462 καὶ
3415 4407 3508 4460 τὸν
3535 4406 3861 4481 ὓπηρετικὸν

2215 4491 2390 4570 ὄχλον
2449 4495 2502 4560 ἐς
2561 4493 3018 4572 Ἀδριανούπολιν
3075 4495 3283 4560 ἱκέσθαι
3343 4491 3675 4568 διατετάχει·
3720 4495 3772 4549 οἱ
3811 4491 3864 4547 δὲ

2213 4583 2546 4658 ἠγγέλλοντο
2576 4585 2721 4660 παρὰ
2759 4589 2867 4640 τῶν
2915 4585 3170 4660 ὀπτήρων
3210 4584 3279 4639 τὰ
3322 4584 3447 4658 περὶ
3479 4585 3571 4640 τὸν
3622 4581 3860 4657 Λαρδέαν

2211 4673 2567 4752 κατατρέχειν
2617 4673 2822 4750 χωρία,
2881 4675 2973 4730 καὶ
3031 4673 3320 4736 πλείστους
3366 4673 3458 4746 μὲν
3495 4671 3864 4736 ἀπεκτονέναι,

2213 4763 2312 4818 οὐκ
2367 4763 2624 4828 ἐλάττους
2700 4762 2759 4818 δὲ
2822 4763 3229 4837 συνειληφέναι,
3293 4762 3384 4818 καὶ
3443 4762 3517 4824 ὡς
3576 4761 3868 4831 ἐπαναζευ-

2212 4852 2388 4928 γνύειν
2450 4851 2713 4929 ἐγνώκασι
2771 4851 2998 4908 πολλῶν
3057 4851 3508 4926 ἐμπεπλησμένοι
3562 4850 3864 4929 ὠφελειῶν.

2213 4939 2496 5017 Ἐννύχιος
2559 4941 2740 4996 τοίνυν
2801 4941 2903 4996 ὑπὸ
2955 4939 3223 5018 σάλπιγγι
3281 4942 3372 4997 τὸν
3429 4938 3602 4996 ’ίππον
3662 4934 3864 5000 ἀναϐὰς

2214 5029 2522 5103 ἐπορεύετο,
2573 5033 2664 5086 καὶ
2719 5031 2858 5086 κατὰ
2905 5031 3074 5086 τόπον
3129 5030 3247 5085 τινὰ
3294 5030 3596 5104 Βαστέρνας
3629 5028 3862 5104 λεγόμε-

2213 5141 2302 5175 νον
2353 5119 2652 5198 ἀφιγμένος
2705 5117 3052 5174 διανέπαυσεν
3100 5120 3272 5174 ἐκεῖσε
3320 5121 3420 5188 τήν
3463 5121 3742 5194 στρατιὰν,
3785 5117 3857 5189 μὴ

2211 5207 2646 5288 ἐπιφαινομένων
2704 5213 2810 5263 τῶν
2868 5207 3180 5282 πολεμίων.
3213 5209 3362 5264 Μετὰ
3389 5205 3445 5262 δὲ
3471 5213 3619 5281 τρεῖς
3651 5205 3858 5280 ἡμέρας

2213 5300 2298 5373 [Ρ.
2357 5300 2484 5371 254]
2541 5297 2739 5353 ἐκεῖθεν
2807 5297 3018 5370 ἀπάρας
3094 5303 3195 5366 τῆς
3271 5295 3396 5352 εὐθὺ
3469 5302 3570 5365 τῆς
3626 5294 3859 5370 Βεῤῥόης

2214 5383 2717 5461 ἐπορθρευσάμενος
2766 5384 2991 5454 ἣπτετο.
3053 5381 3210 5441 Ἀλλ’
3286 5381 3440 5438 οὔπω
3515 5383 3864 5458 παρασάγγας

2217 5473 2464 5550 παρῆλθε
2492 5473 2770 5550 τέσσαρας,
2821 5473 2910 5529 καί
2953 5495 3035 5534 τις
3087 5471 3325 5543 εὔζωνος
3373 5471 3652 5550 ἐφίσταται
3701 5471 3858 5543 ἀνὴρ,

2211 5563 2272 5618 τὸ
2301 5569 2401 5634 τῆς
2431 5560 2690 5638 ἀγγελίας
2722 5558 2868 5641 ἔχων
2930 5561 3017 5616 ἐπὶ
3074 5565 3170 5616 τοῦ
3226 5561 3524 5636 προσώπου
3554 5559 3742 5628 κακὸν,
3771 5554 3856 5611 καὶ

2211 5650 2368 5726 ἔλεγε
2439 5651 2502 5706 τὸ
2577 5656 2789 5724 πνεῦμα
2849 5652 3111 5726 συχνάκις
3171 5649 3605 5723 ἀνακαλούμενος
3678 5647 3856 5722 ἀγχοῦ

2211 5761 2318 5796 που
2396 5741 2510 5814 μετ’
2585 5738 2976 5816 αἰχμαλωσίας
3031 5743 3094 5797 τὸ
3132 5739 3424 5798 ἀντίπαλον
3484 5733 3853 5816 ὑποστρέσρειν,
