4098 6292
365 418 485 479 ’161

1508 415 1607 473 DE
1653 411 1960 475 lS.\ACIO
2005 418 2322 479 ANGEID
2370 419 2513 480 LIB.
2561 419 2634 479 ll.

3659 419 3780 479 762

371 549 661 623 ἀνειμένην
688 545 754 601 τὰ
780 544 1009 601 πλεῖστα
1039 546 1137 613 τὴν
1166 543 1383 618 πορείαν
1429 547 1545 600 κατ’
1594 546 1761 619 ἄμφω
1819 568 1978 601 ποιου

2126 550 2322 606 hostes
2354 552 2700 607 ferebantur.
2763 553 2916 615 Quos
2976 551 3075 608 ubi
3132 551 3385 606 vidimus
3430 558 3485 607 et
3517 553 3775 609 vicissim

377 660 562 714 μενον,
622 636 703 691 ὅτι
757 655 813 689 τε
870 631 1063 689 οὐδένα
1122 635 1355 708 ἑώρακεν
1421 633 1744 713 ἀντίμαχον,
1800 637 1887 689 καὶ
1943 637 2017 698 ὼς

371 723 642 803 ἔμφορτον
717 721 1069 797 παμπόλλων
1147 722 1427 794 ληϊσμῶν.
1504 722 1707 779 Αὐτίκα
1756 730 1888 799 γοῦν
1938 724 2017 781 εἷς

371 815 639 889 ἡγεμόνας
693 814 753 867 τὸ
812 813 964 865 συνὸν
1018 811 1206 883 ἐκείνῳ
1265 810 1463 866 διελῶν
1533 811 1856 885 στράτευμα,
1925 813 2014 867 καὶ

369 913 559 979 σχῆμα
625 902 972 976 παρατάξεως
1062 902 1304 974 θέμενος,
1370 897 1567 955 ὥδευεν
1656 900 1860 969 ἐκείνην
1945 900 2011 970 ἤν

365 992 679 1066 ὁδοιπορεῖν
720 990 938 1066 ἐλέγετο
1003 991 1066 1045 τὸ
1127 988 1411 1064 πολέμιον.
1472 992 1620 1046 Έπεί
1684 987 1742 1045 δὲ
1794 990 2009 1065 εἳδομέν

358 1105 417 1139 τε
454 1082 545 1137 καὶ
597 1081 895 1154 έθεάθημεν
945 1080 1301 1153 (συνειπόμην
1354 1080 1457 1155 γὰρ
1503 1079 1593 1134 καὶ
1643 1079 1802 1141 αὐτὸς
1857 1081 2015 1154 βασι-

361 1171 449 1227 λεῖ
506 1170 1068 1248 ὑπογραμματεύων),
1125 1170 1176 1224 οἱ
1237 1169 1331 1242 μὲν
1390 1168 1587 1223 Σκύθαι
1644 1169 1734 1223 καὶ
1794 1170 2011 1249 Βλάχὸι

360 1262 459 1329 τὴν
489 1259 638 1316 λείαν
698 1258 1032 1334 παραδόντες
1086 1258 1226 1313 τισὶν
1288 1258 1340 1329 ἐξ
1398 1257 1573 1313 αὐτῶν
1632 1258 1846 1335 μοίραις
1894 1257 2008 1314 ἐκέ-

362 1350 553 1407 λευσαν
628 1350 724 1410 τὰς
801 1347 1209 1421 έπιτομωτέρας
1285 1347 1637 1422 ἀναλέγεσθαι
1686 1353 1794 1404 τῶν
1866 1347 2007 1404 ὁδῶν

356 1440 446 1495 καὶ
497 1441 595 1508 τήν
649 1438 870 1512 πορείαν
925 1437 1229 1505 ἐπιτείνειν,
1278 1433 1383 1499 ’έως
1430 1432 1491 1491 ἃν
1541 1437 1850 1517 ἐφάψωνται
1900 1442 2007 1492 τῶν

357 1528 629 1603 όρειαίων·
667 1530 718 1582 οἱ
763 1527 808 1581 δ’
866 1526 1032 1581 ἄλλοι
1086 1526 1469 1604 συστραφέντες
1532 1523 1788 1601 ἐδέχοντο
1846 1527 2006 1581 εὐπε-

354 1622 464 1679 τῶς
495 1618 622 1678 τοὺς
664 1618 783 1672 κατ’
834 1618 1008 1670 αὐτῶν
1068 1614 1475 1688 ἱππαζομένους
1531 1615 1862 1689 Ῥωμαίους,
1912 1616 2004 1671 τὸν

353 1709 580 1785 πάτριον
614 1710 799 1771 αὺτοῖς
829 1712 917 1763 καί
959 1703 1134 1776 ἠθάδα
1181 1708 1381 1781 τρόπον
1443 1709 1770 1781 μαχόμενοι·
1825 1705 2004 1761 ἐπιόν-

354 1818 439 1858 τες
475 1798 578 1874 γάρ
610 1798 836 1874 ἠφίεσαν
874 1795 1113 1871 βέλεμνα
1166 1796 1255 1850 καὶ
1306 1794 1490 1870 δόρασι
1541 1794 2003 1871 προσεπλέκοντο,

358 1887 492 1960 μετᾶ
525 1886 706 1961 βραχὺ
765 1883 822 1942 δὲ
868 1880 1267 1959 μεταϐαλόντες
1317 1888 1414 1955 τήν
1468 1886 1646 1958 ὁρμὴν
1695 1884 1772 1943 εἷς
1828 1888 2004 1961 φυγὴν

353 1975 441 2030 καὶ
488 1972 842 2029 καταδιώκειν
893 1972 1070 2027 ὀπίσω
1122 1975 1267 2051 σφῶν
1319 1974 1395 2037 ὡς
1441 1970 1689 2051 φυγάδων
1744 1973 1805 2028 τὸ
1854 1974 1997 2037 ἀνθι-

355 2063 621 2137 στάμενον
698 2061 1050 2138 ἐρεθίζοντες,
1127 2063 1276 2124 αὗθις
1352 2062 1426 2124 ὡς
1501 2060 1630 2118 οὐδὲ
1676 2063 1855 2133 πτηνὰ
1909 2063 2002 2117 τὸν

353 2150 486 2227 ἀέρα
519 2152 779 2225 τέμνοντα
808 2153 875 2206 τά
917 2156 1064 2207 νῶτα
1113 2151 1190 2213 εἷς
1237 2153 1338 2221 τήν
1386 2157 1494 2207 τῶν
1554 2151 1729 2225 ὄψεων
1784 2171 1999 2225 μετατι-

353 2244 574 2316 θέμενοι
606 2243 794 2317 χώραν
850 2240 1073 2296 ἐνώπιοι
1130 2246 1247 2304 τοῖς
1298 2239 1537 2296 ἐπιοῦσιν
1583 2239 1861 2316 ἐμάχοντο
1911 2241 2000 2295 καὶ

352 2331 559 2406 πολλῷ
614 2332 984 2408 γενναιότερον
1030 2329 1442 2387 συνεπλέκοντο.
1493 2331 1595 2387 Καὶ
1642 2335 1809 2386 τοῦτο
1858 2328 2000 2386 πολ-

353 2420 512 2481 λάκις
587 2420 975 2489 πεποιηκότες,
1052 2418 1128 2480 ὡς
1202 2415 1310 2488 ἤδη
1388 2423 1494 2473 τῶν
1533 2417 1823 2491 Ῥωμαίων
1864 2421 1995 2486 ἦσαν

352 2509 815 2585 ἐπικρατέστεροι,
848 2507 1022 2563 οὐκέτ’
1062 2506 1372 2582 ἐμέμνηντο
1406 2512 1510 2563 τῶν
1554 2507 1799 2578 ἐλίξεων,
1853 2505 1999 2563 ἁΛλά

346 2600 412 2655 τά
444 2599 569 2679 ξίφη
603 2598 986 2676 γυμνώσαντες
1031 2596 1118 2652 καί
1172 2618 1291 2652 τινα
1345 2598 1481 2672 βοὴν
1543 2596 1997 2667 ἐκπληκτικωτά-

337 2710 438 2760 την
511 2686 831 2762 έκρήξαντες
908 2691 1105 2763 μικροῦ
1186 2688 1276 2741 καὶ
1377 2684 1706 2758 έννοήματο)
1796 2686 1992 2760 τάχιον

337 2777 637 2849 Ῥωμαίοις
674 2776 946 2848 ἐνέπεσον,
999 2776 1088 2831 καὶ
1139 2776 1231 2830 τὸν
1292 2774 1604 2850 μαχόμενον
1647 2774 1857 2847 ὁμοίως
1901 2774 1991 2828 καὶ

342 2868 435 2919 τὸν
478 2864 885 2938 δειλαινόμενον
946 2859 1459 2938 καταλαμϐάνοντὲς
1523 2862 1839 2939 ἐξεθέριζον.
1890 2864 1990 2917 Καὶ

344 2953 473 3032 τάχ’
515 2952 575 3007 ἄν
612 2955 707 3022 τήν
783 2953 905 3009 τότε
978 2952 1187 3029 ἡμέραν
1266 2953 1318 3007 οἱ
1378 2951 1580 3006 Σκύθαι
1657 2950 1792 3027 μέγα
1830 2949 1989 3013 κλέος

346 3041 609 3117 ἀράμενοι
682 3045 1160 3118 κατεκαυχήσαντο
1235 3044 1394 3115 ἡμῶν
1455 3039 1547 3097 καὶ
1615 3039 1735 3113 λαῷ
1797 3042 1989 3118 ἄφρονι

338 3127 550 3194 ὄνειδος
581 3130 979 3209 παρεδόθημεν,
1013 3131 1058 3187 εί
1113 3132 1190 3206 μή
1232 3132 1396 3195 αὐτὸς
1443 3125 1780 3201 ἐπεϐοήθησε
1833 3131 1991 3206 βασι-

336 3220 465 3283 λεὺς
505 3217 584 3276 ἔτι
625 3224 724 3292 τὴν
783 3223 905 3295 περὶ
962 3221 1124 3276 αὐτὸν
1180 3215 1325 3296 ἔχων
1384 3219 1652 3294 ἀκραιφνῆ
1713 3218 1985 3297 φάλαγγα,

2131 642 2424 709 conspecti
2457 659 2666 697 sumus
2714 644 2874 713 (nam
2931 647 2992 697 et
3046 659 3152 713 ego
3214 642 3621 711 imperatnrem
3678 658 3777 713 pro

2130 731 2323 783 scriba
2353 730 2720 802 comitabar),
2752 735 2974 803 Scythae
3007 738 3056 783 el
3094 729 3311 795 Blachi,
3346 729 3541 801 prieda
3571 730 3779 785 cohor-

2131 819 2288 873 tibus
2322 820 2540 888 aliquot
2572 836 2814 874 suarum
2848 820 3058 875 tradita
3090 837 3188 875 eos
3221 819 3571 891 compendia
3606 820 3777 877 itine-

2128 924 2258 962 rum
2293 910 2501 964 sectari
2535 919 2587 965 et
2627 908 2969 977 accelerare,
3018 910 3159 963 dum
3214 916 3494 963 montana
3535 910 3779 980 attinge-

2128 999 2605 1067 rent,jusserunt,
2638 998 2790 1053 519
2829 997 3057 1068 Reliqui
3081 996 3405 1067 conglobati
3442 996 3771 1051 Romanum

2125 1088 2448 1157 equitatum
2512 1088 2800 1158 intrepide
2854 1090 3221 1157 exceperunt,
3283 1085 3468 1157 patrio
3503 1084 3616 1139 ritu
3661 1102 3775 1157 pu-

2122 1182 2394 1249 gnantes'
2431 1176 2575 1231 Nam
2610 1193 2742 1231 cum
2786 1176 3153 1244 accederent,
3202 1173 3444 1245 sagittas
3503 1172 3774 1244 conjicie-

2123 1268 2259 1321 bant
2290 1272 2347 1321 et
2375 1266 2561 1321 hastis
2620 1265 3168 1337 congrediebantur.
3229 1264 3407 1318 Paulo
3465 1280 3597 1319 vero
3639 1266 3773 1334 post

2123 1356 2340 1427 impetu
2377 1358 2431 1410 in
2468 1358 2664 1427 fugam
2698 1370 2997 1417 converso,
3033 1353 3301 1409 hostibus
3326 1352 3396 1406 ad
3423 1366 3771 1422 persequen-

2122 1447 2260 1499 dum
2291 1445 2556 1507 irritatis,
2592 1460 2797 1498 rursus
2858 1441 3043 1497 instar
3100 1441 3401 1497 volucrum
3459 1440 3651 1496 subito
3692 1458 3777 1497 re-

2122 1534 2262 1589 versi
2324 1536 2564 1590 adversa
2623 1536 2808 1589 fronte
2866 1531 3051 1587 multo
3114 1531 3322 1585 fortius
3387 1531 3769 1586 dimicabant.

2119 1623 2239 1687 Quo
2272 1640 2423 1694 sape
2457 1625 2603 1678 facto
2628 1639 2753 1676 cum
2772 1622 2893 1690 jam
2919 1621 3251 1689 superiores
3284 1626 3500 1685 essent,
3525 1619 3769 1674 omissis

2121 1713 2235 1767 illis
2268 1712 2625 1769 anfractibus
2683 1710 2910 1782 gladios
2959 1711 3356 1767 strinxerunt:
3404 1714 3461 1763 et
3500 1707 3769 1763 horribili

2118 1801 2371 1857 clamore
2393 1800 2622 1856 sublato
2644 1802 2798 1855 dicto
2823 1800 2997 1855 citius
3021 1800 3077 1852 in
3112 1799 3401 1853 Romanos
3446 1796 3766 1862 irruerunt,

2033 1920 2077 1985 Β
2116 1897 2172 1946 et
2204 1896 2534 1985 pugnantes
2564 1896 2620 1945 et
2652 1890 2937 1962 fugientes
2965 1906 3035 1985 ex
3082 1905 3247 1985 aequ
3296 1888 3654 1985 occiderunt.
3684 1888 3766 1941 Ac

2117 1997 2183 2036 co
2215 1981 2307 2035 die
2330 1981 2572 2036 fortasse
2606 1995 2876 2049 magnam
2938 1978 3129 2047 adepti
3180 1975 3425 2046 gloriam
3469 1981 3767 2047 contemp-

2116 2069 2327 2125 tissimi
2363 2067 2557 2140 populi
2591 2067 2757 2123 nobis
2817 2065 3225 2132 insultassent,
3285 2064 3397 2121 nisi
3452 2065 3765 2136 imperator

2114 2175 2242 2213 cum
2279 2158 2563 2230 phalange
2594 2173 2702 2212 sua
2733 2156 2927 2211 adhuc
2951 2155 3178 2227 integra
3226 2152 3680 2225 supervenisset,
3707 2157 3767 2208 et

2113 2249 2388 2303 incitatus
2420 2247 2797 2301 classicorum
2832 2248 3040 2301 cantus
3098 2249 3154 2299 et
3200 2242 3437 2314 clangor
3483 2241 3761 2297 tubarum

2110 2343 2167 2393 et
2199 2338 2379 2392 rictus
2412 2335 2694 2390 hiantium
2725 2337 3068 2399 draconum,
3101 2332 3287 2388 hastis
3318 2332 3611 2405 ,suspensi
3643 2334 3701 2387 et
3732 2347 3765 2386 a

2107 2426 2299 2483 ventis
2328 2425 2551 2497 agitati,
2596 2425 2793 2480 hostes
2843 2423 3084 2493 majoris
3143 2422 3430 2477 exercitus
3482 2419 3757 2492 Opinione

2107 2514 2472 2571 terruissent.
2508 2519 2584 2568 Ac
2615 2520 2750 2568 tunc
2810 2514 3126 2581 imperator
3175 2528 3352 2582 parva
3392 2509 3757 2581 captivorum

2107 2609 2269 2676 parte
2303 2603 2552 2659 velutex
2585 2602 2851 2658 faucibus
2912 2602 3166 2656 ferarum
3214 2603 3432 2672 erepta,
3486 2599 3756 2654 instituto

2108 2694 2312 2748 itinere
2344 2692 2587 2759 omisso,
2625 2690 3062 2760 Adrianopolim
3113 2689 3394 2761 pervenit.
3455 2688 3608 2744 520
3647 2689 3755 2743 Sed

2103 2783 2241 2854 quia
2274 2781 2505 2837 barbari
2540 2797 2652 2835 non
2680 2779 3265 2852 quiescebant,quam
3283 2779 3432 2830 viam
3453 2775 3754 2845 omiserat,

2101 2873 2292 2926 denuo
2349 2886 2584 2925 currere
2642 2868 2953 2936 instituit;
3010 2872 3069 2922 et
3126 2866 3374 2921 Berroen
3434 2865 3756 2936 profectus,

2102 2962 2450 3018 Blacborum
2506 2966 2564 3015 et
2622 2959 2970 3032 Scytharum
3027 2957 3401 3012 excursiones
3454 2972 3589 3011 cum
3648 2971 3753 3026 per

2100 3053 2275 3109 duces
2335 3053 2415 3107 rei
2474 3048 2690 3105 bellicas
2752 3049 2968 3121 peritos
3024 3052 3148 3103 tum
3213 3062 3310 3116 per
3367 3046 3747 3117 semetipsum

2099 3141 2399 3212 repressit.
2434 3139 2543 3203 Qui
2568 3140 2673 3194 etsi
2702 3138 2995 3194 Romanos
3030 3135 3382 3192 verebantur
3411 3138 3471 3190 et
3492 3134 3747 3206 impera-

2098 3231 2246 3285 toris
2264 3229 2630 3300 prsesentiam
2676 3226 3301 3296 formidabant,tamen
3346 3224 3558 3279 iterum
3594 3223 3745 3278 clam

332 3310 392 3366 αἳ
430 3332 489 3366 τε
532 3308 832 3387 σάλπιγγες
890 3310 1141 3384 έπίτορον
1194 3307 1533 3379 ἀλαλάξασαι
1591 3309 1681 3364 καὶ
1729 3310 1783 3364 αἱ
1844 3306 1982 3385 χαλ-

2106 3297 2554 3382 insidiabantur,
2587 3319 2669 3373 ita
2716 3321 3091 3373 excurrentes
3146 3320 3210 3369 ut
3259 3330 3465 3387 pugnas
3504 3312 3658 3368 avidi
3689 3316 3748 3369 et

333 3400 602 3473 κόπομοι
635 3398 885 3462 κώδωνες
926 3398 1263 3475 διηχτςσασαι
1296 3401 1362 3454 τά
1401 3420 1459 3454 τε
1516 3404 1624 3455 τῶν
1677 3396 1985 3475 δρακόντων

337 3490 567 3568 ὀφθέντα
610 3489 932 3563 εἰκάσματα,
989 3489 1022 3543 ἃ
1069 3488 1157 3544 ἐπὶ
1207 3486 1450 3564 δοράτων
1497 3488 1782 3565 ᾑώρηνται
1835 3509 1987 3564 περι-

338 3575 647 3653 σοϐούμενα
720 3578 1008 3652 πνεύμασι,
1083 3578 1211 3641 τοὺς
1275 3577 1580 3651 πολεμίους
1646 3577 1986 3648 κατέπληξαν

339 3671 633 3747 φαντασίαν
674 3668 1029 3744 παρασχόντα
1082 3669 1332 3741 μείζονος
1381 3674 1653 3731 στρατιᾶς.
1709 3668 1844 3726 Τότε
1895 3669 1989 3741 μὶν

343 3759 434 3814 οὖν
467 3757 722 3834 βασιλεὺς
757 3757 936 3834 βραχύ
963 3779 1016 3813 τι
1046 3765 1145 3827 τῆς
1195 3757 1581 3834 αἰχμαλωσίας
1632 3760 1705 3822 ὡς
1759 3759 1818 3813 ἐκ
1866 3756 1991 3812 στό-

342 3868 515 3921 ματος
575 3851 756 3922 θηρῶν
812 3846 1128 3925 ἀφαρπάσας
1184 3842 1451 3902 κατέλαϐε
1508 3849 1607 3917 τὴν
1671 3845 1988 3923 Ἀδριανού-

336 3936 526 4004 πολιν,
604 3935 672 4005 ἢν
751 3936 985 4012 βασίζειν
1061 3937 1326 4009 προύθετο
1401 3940 1693 4011 παρεικῶ>ο
1770 3942 1876 3990 τῶν
1934 3932 1991 3989 δὲ

342 4022 634 4101 βαρϐάρωε
666 4026 767 4081 οὐκ
797 4023 1167 4099 ἠρεμούντων,
1199 4025 1265 4095 ἢν
1318 4030 1530 4098 παρῆκε
1576 4025 1789 4099 τρέχειν
1840 4023 1991 4087 αὗθις

338 4115 541 4173 ε’ίλετο.
604 4115 701 4169 Καὶ
761 4112 827 4183 δὴ
885 4113 1175 4188 γενόμενος
1235 4113 1368 4168 κατὰ
1424 4113 1665 4189 Βεῤῥόην
1735 4115 1829 4176 τὰς
1883 4117 1992 4168 τῶν

342 4209 565 4268 Σκυθῶν
620 4204 712 4259 καὶ
770 4206 968 4261 Μυσῶν
1035 4200 1348 4258 ἀνέστελλεν
1417 4200 1689 4277 ἐκδρομὰς
1772 4203 1860 4256 καὶ
1921 4199 1992 4257 δι’

337 4291 550 4370 ἀνδρῶν
610 4293 706 4366 μὲν
767 4287 1161 4367 ἠκριϐωκότων
1238 4294 1301 4346 τὸ
1368 4296 1713 4366 στρατηγεῖν,
1778 4291 1864 4345 καὶ
1923 4288 1993 4344 δι’

339 4385 534 4440 ἑαυτοῦ
586 4380 643 4437 δὲ
710 4382 819 4458 οὐχ
874 4380 1093 4450 ἥκιστα.
1153 4382 1219 4439 Οἱ
1278 4377 1334 4435 δὶ
1389 4380 1583 4456 καίπερ
1632 4379 1993 4457 ,ὑφορώμενοι

334 4471 645 4547 Ῥωμαίους
701 4471 792 4526 καί
855 4467 1124 4546 βασιλέως
1182 4469 1452 4541 παρόντος
1516 4468 1992 4547 ἐπιστρεφόμενοι,

335 4564 494 4637 ’ὀμως
524 4562 590 4616 αὗ
622 4558 788 4615 πάλιν
822 4557 1162 4623 ἐπετίθενντο
1194 4556 1490 4633 λαθραίως,
1524 4556 1632 4612 ὧδέ
1659 4579 1735 4628 πη
1779 4552 1993 4631 ἐμϐάλ-

2094 3409 2345 3464 subinde
2400 3406 2773 3480 exspectandi
2831 3408 3168 3462 viderentur
3216 3429 3230 3471 ;
3321 3408 3379 3457 et
3434 3401 3579 3458 alias
3631 3401 3744 3457 alio

2096 3498 2554 3566 transibant,nec
2595 3512 2843 3567 usquam
2864 3492 3273 3551 occasionibus
3305 3494 3563 3548 deerant.
3596 3492 3739 3547 Cum

2070 3573 2410 3656 imperator
2441 3587 2510 3641 ad
2535 3603 2632 3641 eos
2657 3583 3056 3656 reprimendas
3084 3581 3495 3655 AgathOpolim
3535 3596 3740 3650 prapo-

2096 3676 2368 3743 rabat,illi
2405 3692 2586 3747 pagos
2618 3672 3005 3744 Pbilippopoli
3037 3672 3334 3742 proximos
3386 3667 3694 3723 vastabant
3726 3683 3739 3721 :

2096 3781 2226 3820 cum
2256 3764 2483 3818 afflictas
2527 3762 2674 3833 parti
2733 3761 3132 3823 succurrebat,
3197 3758 3276 3812 illi
3323 3773 3388 3812 eo
3441 3755 3743 3810 irruebant

2099 3855 2251 3908 unde
2282 3852 2378 3907 ille
2406 3852 2774 3905 discesserat.
2808 3855 2939 3904 Hzec
2973 3850 3117 3903 alter
3151 3848 3325 3902 frater
3357 3851 3512 3900 Asan
3561 3844 3739 3899 facie-

2097 3943 2217 4007 bat,
2245 3940 2415 3995 homo
2463 3938 2916 4009 ingeniossimus
2940 3942 2994 3992 et
3024 3938 3083 3991 in
3132 3936 3305 3992 rebus
3341 3934 3536 3989 dubiis
3568 3932 3746 3988 soler-

2097 4029 2381 4085 tissimus.
2407 4028 2611 4097 Itaque
2669 4026 2982 4096 imperator
3029 4041 3162 4079 cum
3223 4025 3412 4078 denuo
3458 4022 3739 4091 Zagoram

2099 4119 2389 4189 invadere,
2422 4122 2478 4173 et
2533 4122 2821 4188 quantum
2881 4116 3101 4184 liceret,
3171 4112 3496 4186 periculum
3561 4114 3750 4167 facere

2063 4204 2453 4263 'instituisset
2483 4224 2555 4261 an
2617 4206 2810 4274 Mysos
2858 4206 2929 4260 ad
2991 4204 3339 4260 deditionem
3400 4202 3748 4274 compellere

2104 4301 2320 4365 posset,
2355 4293 3094 4367 PhilippOpoliTriadizam
3131 4294 3431 4365 digressus
3466 4297 3571 4347 est.
3609 4291 3749 4346 Inde

2099 4387 2254 4441 enim
2313 4384 2575 4439 Haamum
2630 4383 2796 4439 facile
2856 4383 3001 4437 adiri
3066 4398 3255 4452 posse,
3308 4380 3519 4435 alicubi
3573 4380 3745 4433 etiam

2102 4474 2304 4547 planos
2328 4474 2591 4529 tramites
2616 4478 2835 4544 patere,
2866 4470 3002 4526 item
3026 4487 3187 4542 aquae
3213 4469 3434 4524 affatim
3477 4473 3532 4522 et
3564 4467 3747 4538 pabu-

2099 4562 2526 4634 lumjumentis
2549 4567 2855 4634 suppetere
2914 4561 3197 4627 audierat,
3232 4558 3280 4611 si
3313 4557 3445 4629 quis
3477 4573 3543 4612 eo
3595 4561 3742 4611 tem-

339 4652 530 4714 λοντες
562 4651 637 4711 ὡς
696 4648 1164 4722 πολεμησείοντες
1219 4645 1310 4702 καί
1368 4645 1689 4721 καραδοκεῖν
1750 4649 1823 4709 ὡς
1870 4646 1991 4702 ἐπι-

2106 4651 2322 4723 pestive
2375 4651 2858 4723 proﬁcisceretur.
2906 4651 3051 4715 Quia
3108 4663 3241 4702 vero
3323 4647 3534 4701 bruma
3589 4646 3738 4701 521

339 4742 498 4803 όντας
528 4738 727 4800 αὐτοὺς
771 4736 1166 4811 παρεχόμενοι,
1226 4733 1425 4800 ἄλλοθι
1471 4733 1529 4790 δὲ
1579 4731 1992 4809 μεταϐαίνοντες

337 4829 432 4885 καὶ
462 4826 545 4883 ἀεί
572 4849 627 4883 τι
658 4824 891 4900 δρῶντες
923 4823 1201 4903 ἐπιτυχές.
1254 4826 1351 4882 Ἤν
1385 4821 1431 4879 δ’
1462 4824 1551 4879 ὅτε
1592 4824 1683 4879 ναὶ
1739 4823 1992 4900 βασιλεὺς

346 4919 440 4991 μὶν
475 4917 550 4979 εἷς
584 4911 954 4993 Ἀγαθόπολιν
1000 4912 1251 4983 ἣλαυνεν,
1311 4911 1626 4988 ἐπισχήσων
1676 4915 1802 4976 τοὺς
1854 4916 1993 4990 Βαρσ-

342 5001 546 5080 ϐάρους
575 5008 683 5059 τῶν
725 5000 1031 5079 ἐκδρομῶν,
1084 5003 1239 5057 αὐτοὶ
1292 4999 1350 5056 δὲ
1400 5003 1495 5066 τὰς
1547 5004 1739 5076 κώμας
1789 4998 1994 5076 ἔκειρον

341 5095 398 5149 αἳ
455 5092 689 5169 ἃγχιστα
744 5095 878 5161 ἦσαν
947 5098 1047 5160 τῆς
1104 5090 1631 5152 Φιλιππουπόλεως.
1721 5095 1805 5166 [Ρ.
1866 5094 1992 5164 255]

339 5184 607 5241 Κάκείνου
654 5179 791 5256 πρὸς
848 5181 911 5234 τὸ
970 5183 1183 5256 πάσχον
1267 5179 1513 5243 ἐπιόντος
1572 5179 1772 5235 ἐκεῖνοι
1839 5181 1991 5244 αὖθις

336 5271 646 5342 ἐπήλαυνον
679 5268 728 5339 ἐξ
789 5269 862 5323 ὧν
922 5270 950 5324 6
1004 5269 1259 5343 βασιλεὺς
1307 5268 1654 5326 ἀπανίστατο.
1712 5274 1888 5327 Ταῦτα
1947 5267 1992 5324 δ’

337 5361 510 5416 ἐποίει
558 5360 749 5432 ἅτερος
792 5362 898 5413 τῶν
961 5355 1207 5435 ἀδελφῶν
1269 5359 1297 5412 ὁ
1354 5359 1536 5429 Ἀσάν,
1596 5359 1860 5437 ἀγχίνους
1921 5357 1993 5411 ὢν

344 5449 710 5525 διαφερόντως
740 5446 835 5501 κᾶν
866 5451 983 5508 τοῖς
1014 5447 1241 5521 ἀπόροις
1299 5446 1584 5518 ἐπινοῆσαι
1630 5449 1697 5502 τὰ
1747 5448 1995 5526 ξύμφορα

342 5541 698 5600 ἱκανώτατος.
758 5538 1007 5612 Ἐγνώκει
1060 5536 1151 5591 οὗν
1187 5539 1215 5592 6
1249 5536 1507 5612 βασιλεὺς
1555 5539 1646 5594 καὶ
1694 5537 1861 5594 πάλιν
1916 5538 1992 5599 εἰς

345 5628 445 5695 τὴν
474 5627 713 5703 Ζαγορᾶιν
757 5626 1038 5697 εἰσελθεῖν,
1094 5628 1184 5681 καὶ
1237 5627 1310 5689 ὡς
1366 5629 1478 5682 οἷόν
1532 5648 1589 5682 τε
1640 5630 1994 5704 πειράσασθαι

342 5718 789 5791 παραστήσασθαι
842 5714 969 5777 τοὺς
1028 5717 1267 5778 Μυσούς.
1356 5717 1463 5774 Καὶ
1522 5714 1589 5789 δή
1638 5717 1826 5793 ἐξάρας
1888 5717 1993 5772 ἀπὸ

2105 4740 2381 4807 instabat,
2412 4745 2467 4796 et
2491 4741 2733 4795 flumina
2765 4743 2843 4812 (in
2906 4738 3093 4810 gelido
3150 4736 3249 4793 illo
3292 4742 3350 4790 et
3402 4735 3749 4804 septentrio-

2102 4831 2219 4886 nali
2254 4830 2572 4901 praesertim
2600 4829 2855 4896 climate)
2878 4828 3280 4899 congelabant,
3305 4831 3362 4879 et
3384 4820 3750 4879 densissima

2102 4922 2263 4976 nives
2308 4936 2417 4974 non
2452 4922 2639 4974 solum
2666 4926 2878 4973 terram
2899 4916 3242 4989 operiebant
3266 4920 3323 4970 et
3352 4912 3527 4969 valles
3554 4907 3746 4983 exple-

2103 5010 2263 5076 bant,
2296 5009 2394 5064 sed
2430 5007 2640 5062 azdium
2676 5022 2907 5078 quoque
2964 5008 3113 5060 fores
3171 5003 3577 5068 obstruebant,
3610 5016 3744 5056 eum

2100 5102 2374 5153 conatum
2410 5097 2466 5150 in
2501 5112 2743 5151 vernum
2779 5102 3006 5164 tempus
3038 5093 3282 5158 distulit,
3306 5104 3362 5149 et
3397 5089 3651 5147 exercitu
3683 5089 3743 5143 in

2102 5188 2202 5242 illa
2232 5187 2527 5257 provincia
2585 5185 2889 5240 hibernare
2931 5187 3121 5255 jusso,
3181 5200 3313 5239 cum
3367 5180 3649 5252 expeditis
3684 5180 3741 5233 in

2103 5276 2297 5329 urbem
2334 5289 2596 5329 reversus
2652 5273 2810 5328 ludis
2867 5273 3237 5329 Circensibus
3293 5274 3348 5326 et
3395 5267 3746 5342 spectaculis

2102 5363 2363 5419 animum
2391 5361 2859 5430 recreavit,Veris
2885 5362 3051 5416 initio
3078 5377 3283 5416 rursus
3306 5364 3510 5415 contra
3559 5356 3746 5425 Mysos

2101 5468 2394 5521 egressus,
2427 5457 2485 5505 et
2510 5450 2696 5506 tribus
2746 5450 2987 5523 integris
3018 5448 3319 5505 mensibus
3352 5448 3407 5501 in
3442 5445 3743 5501 obsidione

2102 5541 2289 5595 Lubizi
2310 5541 2534 5594 castelli
2558 5542 2769 5595 frustra
2792 5555 2924 5593 cum
2951 5538 3199 5593 maximo
3226 5537 3419 5591 labore
3466 5549 3738 5588 consum-

2100 5630 2234 5702 ptis,
2268 5630 2480 5684 infecta
2537 5645 2595 5685 re
2651 5630 2887 5684 demum
2942 5627 3130 5683 rediit.
3175 5626 3320 5681 Nam
3372 5620 3737 5691 Propontidis

2099 5717 2429 5788 summitas,
2484 5718 2832 5775 suavissima
2896 5714 3236 5780 diversoria,
3295 5709 3625 5767 venationes
3681 5709 3738 5759 et
