4098 6292
367 332 490 397 763

1671 335 1980 398 NICETIS
2023 331 2451 394 CHONIATE

3661 335 3785 398 764

369 468 776 540 equitationes,
839 485 966 540 quas
1024 466 1176 523 velut
1227 468 1448 525 catenis
1498 469 1894 539 constringere
1923 483 2014 521 so-

2132 457 2640 522 Φιλιππουπόλεως
2679 459 2755 522 είς
2789 457 3134 534 ’Τριάδιτζαν
3183 461 3558 537 παραγίνεται.
3616 463 3788 519 Ἐκεῖ-

372 558 494 612 ient
522 567 728 612 00811⁸83
758 558 947 612 etatis
1002 557 1405 629 imperatores,
1460 575 1572 612 non
1616 559 1714 612 diu
1743 572 1874 613 eum
1909 555 2018 610 sub

367 647 462 700 dio
493 662 622 702 esse
654 645 944 712 sinebant,
978 648 1076 700 sed
1141 645 1317 701 veluti
1375 647 1560 716 clipeo
1591 647 1812 716 abjecto
1847 645 2010 700 aufu-

363 749 498 805 gere
531 734 836 805 cogebant.
873 733 992 788 Etsi
1023 737 1215 788 autem
1250 740 1307 789 et
1333 735 1537 790 Asanis
1583 750 1819 788 uxorem
1851 748 2015 802 cepe-

363 826 455 876 rat
484 826 541 876 et
571 823 806 877 fratrem
867 825 996 893 ejus
1053 821 1335 878 Joannem
1397 825 1656 879 obsidem
1700 825 2014 893 receperat,

364 910 754 966 nihilominus
777 916 969 968 tamen
1003 929 1096 968 res
1128 915 1183 968 in
1211 913 1377 984 pejus
1411 913 1678 968 ruebant.

2129 551 2214 605 θεν
2247 551 2354 624 γὰρ
2383 550 2613 620 ἠκηκόει
2666 551 2742 623 μὴ
2795 546 3194 622 δυσπορεύτους
3259 551 3392 604 εΤναι
3447 551 3582 606 κατὰ
3637 553 3783 609 πολὺ

2127 639 2225 701 τὰς
2274 639 2350 701 εἷς
2407 638 2498 694 τὸν
2541 641 2724 712 Αἷμον
2777 638 3024 714 πορείας,
3083 637 3208 693 ἀλλ’
3257 639 3364 695 ἔσθ’
3412 637 3519 710 ὅπη
3579 642 3670 696 καὶ
3726 641 3782 706 ἒς

2127 727 2336 791 εὐθείας
2395 727 2726 804 ἀνοίγεσθαι,
2791 727 2883 784 καὶ
2941 725 3087 803 ὕδωρ
3145 729 3279 784 εἶναι
3362 729 3438 792 εἷς
3524 727 3778 806 ἄντλημα

2125 819 2461 874 ἱκανώτατον
2519 817 2608 872 καὶ
2668 815 2832 892 χιλὸν
2891 822 3008 878 τοῖς
3070 818 3380 892 ὕποξυγίοις
3438 816 3665 891 ἐνόδιον,
3731 821 3778 878 εί

2123 910 2258 964 κατά
2289 908 2474 983 καιρὸν
2503 906 2614 963 ἐκεῖ
2639 928 2722 970 τις
2772 907 3082 983 πορεύοιτο.
3131 909 3220 970 Ὦς
3270 905 3318 962 δ’
3366 907 3442 971 εἰς
3491 911 3776 985 χειμέριον

371 999 585 1072 τροπὴν
641 999 1009 1074 παρεγκλίνας
1077 999 1310 1069 ἤλαυνεν
1369 999 1553 1071 ἣλιος,
1607 1001 1697 1055 καὶ
1749 998 1990 1072 ποταμοὶ
2053 998 2146 1071 μὶν
2216 998 2320 1053 ὑπὸ
2373 1001 2585 1074 ψύχους
2647 997 2945 1068 ἐπήσσοντο
3002 997 3090 1050 καὶ
3151 995 3337 1058 ἄλλως
3397 997 3614 1072 βορείου
3689 999 3782 1054 καὶ

371 1089 588 1163 ψυχροῦ
642 1091 739 1143 τοῦ
799 1087 970 1144 ἐκεῖσε
1021 1089 1289 1162 κλίματος
1347 1089 1526 1160 ὃντος,
1601 1088 1741 1165 χιὼν
1825 1084 1882 1143 δὲ
1964 1085 2197 1158 πλείστη
2291 1089 2673 1165 κατενεχθεῖσα
2744 1088 2807 1140 τὸ
2891 1089 2988 1156 τῆς
3047 1085 3270 1161 ἠφάνισε
3347 1086 3661 1162 πρόσωπον,
3721 1087 3782 1144 οὗ

375 1175 544 1249 μόνον
602 1173 862 1247 πλήσασα
917 1177 1220 1256 φάραγγας,
1280 1178 1426 1234 ἄλλα
1480 1179 1571 1234 καὶ
1631 1179 1795 1253 θύρας
1847 1175 2163 1248 οἰκημάτων
2224 1175 2620 1252 ἐπιζυγώσασα,
2682 1176 2968 1250 ὑπερέθετο
3025 1177 3086 1230 τὸ
3149 1169 3308 1250 ἔργον
3394 1175 3469 1236 εἰς
3539 1175 3780 1255 ἀνάφαν-

360 1285 444 1319 σιν
497 1261 680 1338 ἔαρος,
741 1267 831 1320 καί
891 1265 957 1336 δή
1012 1271 1110 1334 τὴ»
1179 1269 1272 1340 μὲν
1335 1268 1586 1341 στρατιὰν
1646 1265 1958 1336 αὒλίζεςθαι
2017 1261 2247 1334 διαφῆκε
2303 1264 2436 1318 κατὰ
2491 1265 2592 1334 την
2661 1263 2823 1318 ἐκεῖθι
2883 1261 3168 1338 ἐπαρχίαν,
3237 1263 3397 1326 αὐτὸς
3452 1261 3497 1318 δ’
3551 1262 3788 1334 εὔζωνος

353 1354 455 1422 τὴν
521 1351 782 1427 βασιλίδα
833 1359 1159 1408 muniis;
1227 1353 1467 1429 διεχεῖτο
1520 1355 1706 1410 ’ίππων
1770 1351 2036 1426 ἁμίλλαις
2095 1351 2183 1406 καὶ
2235 1351 2508 1424 θειυρείοις
2567 1349 2840 1424 ἐγάννυτο.
2901 1353 3048 1424 Ἃμα
3078 1349 3122 1406 δ’
3154 1353 3251 1424 ἦρι
3312 1349 3524 1428 φανέντι
3597 1351 3788 1422 ἔξεισιν

360 1441 514 1506 αὖθις
561 1443 651 1496 καὶ
709 1443 913 1514 μέτεισι
969 1442 1096 1506 τοὺς
1169 1445 1404 1506 Μυσούς.
1462 1441 1664 1504 Ὅλους
1723 1443 1814 1497 οὗν
1881 1445 2052 1514 μῆνας
2109 1445 2255 1515 τρεῖς
2316 1438 2612 1512 ἐξηνυκὼς,
2668 1440 2756 1494 καὶ
2811 1439 2934 1515 περῖ
2993 1440 3091 1507 τὴν
3145 1443 3240 1494 τοῦ
3301 1440 3567 1518 φρουρίου
3621 1441 3782 1496 κατά-

363 1547 552 1605 σχεσιν
609 1529 638 1585 6'
697 1528 962 1602 Λοϐιτζὸς
1023 1531 1377 1602 έπιγέκληται
1434 1531 1664 1588 πλεῖστα
1723 1531 2066 1600 πεπονηκὼς,
2125 1527 2310 1590 ἀτελὲς
2367 1529 2430 1583 τὸ
2490 1527 2802 1605 ἐγχείρημα
2857 1527 2948 1582 καὶ
3008 1525 3172 1583 πάλιν
3230 1528 3516 1584 ἀπολιπὼν
3585 1529 3783 1584 ἐκεῖθεν

373 1617 690 1692 μεθίσταται
739 1621 830 1674 καὶ
890 1623 988 1691 τήν
1027 1611 1306 1697 ’βασιλίδα
1361 1626 1466 1676 τῶν
1519 1619 1735 1675 πόλεων
1797 1617 2032 1674 εἷ’σεισιν·
2093 1619 2149 1672 αἱ
2202 1618 2304 1694 γὰρ
2359 1624 2459 1686 τῆς
2519 1615 2885 1692 Προποντίδος
2958 1619 3178 1694 χάριτες
3247 1617 3337 1672 καὶ
3395 1617 3460 1672 τὰ
3517 1617 3778 1694 ἐπιτερπῆ

365 1710 488 1762 κατ’
525 1709 694 1777 αὐτὴν
757 1711 1090 1782 σκηνώματα
1147 1711 1215 1765 τά
1273 1731 1331 1766 τε
1386 1708 1678 1784 κυνηγέσια
1733 1708 1822 1764 καὶ
1881 1707 2135 1775 ἱππάσια,
2197 1704 2562 1762 ἀλυσιδοῦντα
2625 1707 2740 1760 οἷον
2795 1705 2922 1768 τοὺς
3007 1704 3060 1768 ἐς
3135 1707 3284 1779 ἡμᾶς
3355 1706 3782 1783 αὐτοκράτορας,

412 1796 428 1816 9
530 1795 555 1817 ν
689 1796 704 1817 9
757 1797 771 1817 |
987 1799 1001 1815 \
1335 1804 1360 1814 ιο
1583 1799 1594 1820 9
1667 1797 1681 1819 ι
1793 1796 1808 1818 ε
1896 1797 1907 1817 1
2546 1791 2569 1812 ν
2857 1793 2869 1813 9
3095 1799 3118 1811 ν
3228 1795 3242 1812 Ὁ
3338 1795 3379 1816 ι’
3437 1795 3448 1814 Ι
3587 1797 3599 1816 Ι
3751 1799 3765 1814 ε

371 1816 472 1851 ουκ
501 1816 624 1852 ειων
685 1819 773 1852 επι
836 1819 1040 1874 μακρον
1099 1799 1410 1873 θυραυλειν,
1467 1796 1574 1854 ἀλλ
1651 1819 1725 1860 ως
1782 1793 2108 1874 ριψασπιδας
2164 1795 2488 1874 γινομένους
2543 1795 2754 1850 επειθον
2811 1793 3144 1868 αυτομολειν
3199 1815 3275 1858 εις
3322 1816 3474 1852 αυτα.
3526 1799 3662 1854 Τοτε
3721 1795 3778 1853 δε

359 1885 452 1940 καὶ
507 1886 608 1953 τήν
664 1889 760 1941 τοῦ
823 1887 981 1942 ’Δσὰν
1037 1893 1260 1960 γυναῖκα
1317 1887 1578 1962 κατέσχεν
1637 1887 1666 1941 6
1717 1885 1996 1961 βασιλεὺς,
2047 1883 2137 1939 καὶ
2217 1883 2310 1939 τὸν
2390 1882 2623 1963 ἀδελφὸν
2697 1883 2863 1938 αὐτοῦ
2933 1882 3152 1959 θάτερον
3203 1885 3296 1939 τὸν
3368 1885 3628 1956 Ἰωάννην
3707 1883 3782 1948 εἷς

360 1975 574 2051 ὅμηρον
595 1974 844 2054 εἴληφεν.
881 1975 1055 2032 Ἀλλὰ
1083 1976 1172 2032 καὶ
1204 1976 1376 2038 οὓτως
1406 1975 1494 2031 ἐπὶ
1523 1976 1590 2030 τὰ
1620 1975 1792 2050 χείρω
1831 1975 1896 2030 τὰ
1929 1975 2224 2050 πράγματα
2263 1968 2582 2049 προύϐαινε.

427 2069 483 2122 2.
515 2067 634 2124 Sub
667 2068 775 2124 hoc
811 2074 1042 2141 tempus
1100 2071 1432 2125 Theodorus
1468 2068 1846 2139 Mangaphas,
1887 2066 2017 2122 Phi-
2049 2071 2095 2134 Β

355 2155 800 2228 ladelphiensis,
834 2174 1079 2228 regnum
1115 2157 1442 2225 atleotavit;
1477 2175 1542 2214 ac
1573 2159 1831 2230 primum
1886 2155 2016 2225 ejus

362 2245 526 2302 urbis
557 2247 1045 2318 frequentissima:
1104 2248 1330 2318 plebem
1377 2248 1530 2305 522
1565 2245 2014 2304 audacissimum

360 2333 476 2390 sibi
505 2335 838 2391 conciliavit
867 2341 926 2392 et
978 2337 1366 2408 jurejurando
1399 2335 1738 2400 obstrinxit,
1777 2351 1843 2390 ac
1875 2351 2015 2406 pau-

363 2421 530 2478 latim
563 2440 928 2496 progressus,
962 2424 1143 2498 Lydis
1188 2426 1466 2482 omnibus
1524 2426 1596 2481 ad
1627 2425 2014 2481 defectionem

363 2509 900 2582 impulsio,regium
925 2530 1137 2569 nomen
1164 2515 1486 2586 usurpavit.
1508 2514 1728 2570 Deinde
1750 2511 2018 2568 finitimis

363 2611 602 2667 quoque
659 2599 972 2667 provinciis
1030 2601 1266 2656 tentatis
1329 2606 1664 2673 argenteam
1720 2604 2016 2656 monetam

367 2701 502 2740 cum
537 2703 642 2742 sua
672 2687 926 2758 imagine
959 2691 1266 2760 percussit.
1299 2690 1371 2747 Ut
1401 2694 1594 2746 autem
1638 2690 1882 2746 defectio
1913 2706 2016 2744 au-

367 2775 634 2846 gebatur,
682 2780 740 2831 et
798 2783 860 2832 ut
915 2779 1082 2834 initio
1141 2781 1335 2835 derisa
1392 2779 1598 2848 fuerat,
1659 2779 1744 2836 sic
1809 2778 2019 2834 deinde

369 2863 739 2936 imperatoris
803 2866 1068 2922 animum
1128 2868 1382 2940 graviter
1435 2867 1803 2940 percellebat,
1873 2866 2020 2922 nihil

369 2955 765 3009 cunctandum
790 2959 948 3011 ratus
979 2957 1366 3029 Mangapham
1413 2961 1798 3030 cognomento
1831 2956 2014 3012 Moro-

369 3041 713 3098 theodorum
772 3046 845 3098 ob
905 3060 1112 3114 parum
1173 3061 1482 3116 prosperos
1541 3061 1846 3102 successus
1904 3061 2019 3100 non

367 3129 556 3185 multo
585 3135 716 3201 post
737 3131 952 3187 dictum
981 3132 1396 3206 Philadelphia:
1439 3132 1686 3190 obsidet.
1720 3133 1834 3190 Sed
1885 3150 2016 3190 cum

370 3219 574 3274 urbem
607 3219 884 3276 diuturna
913 3221 1214 3278 obsidione
1251 3224 1324 3280 ad
1367 3223 1721 3280 deditionem
1763 3223 2018 3296 compel-

373 3307 495 3363 lere
525 3324 641 3363 non
689 3315 902 3382 posset,
963 3311 1035 3367 iis
1095 3313 1530 3370 conditionibus
1587 3314 1904 3385 paciscitur
1959 3321 2021 3370 ut

370 3396 716 3454 Theodorus
774 3399 1056 3471 depositis
1115 3402 1274 3474 regni
1341 3401 1678 3475 insignibus
1737 3403 2020 3475 privatam

371 3485 552 3542 vitam
585 3491 719 3559 agat
767 3493 832 3543 ut
889 3489 1078 3561 prius,
1139 3491 1290 3546 cives
1341 3507 1475 3546 vero
1527 3491 1579 3548 ei
1634 3497 1874 3565 pareant
1929 3493 2023 3548 cui

375 3575 543 3647 prius
570 3595 584 3644 ;
617 3581 677 3632 et
705 3575 1011 3634 obsidibus
1046 3595 1154 3634 suo
1186 3580 1469 3636 arbitratu
1505 3582 1758 3653 acceptis
1791 3581 1847 3636 in
1902 3598 2020 3637 ma-

379 3679 554 3736 gnam
591 3665 794 3720 urbem
826 3667 1150 3725 revertitur.
1187 3670 1248 3724 In
1295 3686 1362 3726 ea
1419 3687 1648 3742 quoque
1705 3671 2024 3726 defectione

379 3753 550 3808 multi
576 3753 680 3808 viri
723 3755 900 3811 fortes
955 3757 1270 3829 perierunt.
1327 3762 1610 3816 Caeterum
1666 3775 1780 3815 non
1841 3758 2024 3815 multo

378 3847 510 3913 post
531 3844 782 3900 Basilius
806 3845 1091 3908 Batatzes.
1125 3849 1371 3902 obscura
1407 3864 1616 3920 genere
1654 3853 1836 3916 ortus,
1871 3848 2022 3905 528

374 3935 570 3988 tamen
606 3933 934 3991 obductam
967 3938 1334 4005 imperatoris
1385 3945 1613 4008 neptem
1665 3936 2024 3993 domesticus

382 4020 632 4077 Orientis
664 4027 721 4077 et
747 4022 1004 4078 Thracia!
1027 4026 1145 4079 dux
1165 4026 1530 4096 designatus,
1568 4025 1850 4096 plurimos
1891 4042 2022 4081 con-

372 4111 604 4180 juratos
623 4110 964 4182 Mangaphaa
996 4111 1404 4184 largitionibus
1427 4116 1703 4184 corrupit.
1739 4115 1806 4168 Et
1845 4131 2024 4185 quan-

381 4217 556 4273 quam
582 4201 880 4258 hominem
909 4207 1404 4276 comprehendere
1435 4212 1490 4262 et
1520 4207 1576 4260 in
1608 4206 1844 4261 vincula
1881 4223 1986 4262 con
2007 4236 2020 4248 -

367 4293 552 4366 jicere
604 4310 722 4349 non
769 4297 974 4366 potuit,
1035 4297 1179 4352 illud
1241 4303 1434 4353 tamen
1517 4297 1703 4353 eti‘ecit
1760 4303 1823 4352 ut
1879 4299 2024 4353 urbe

375 4381 708 4455 pelleretur.
743 4385 865 4451 Quo
887 4387 1040 4441 facto
1073 4402 1204 4442 cum
1241 4403 1516 4456 magnum
1567 4388 1848 4459 quiddam
1897 4403 2026 4442 con-

378 4476 618 4529 secutus
648 4479 702 4527 et
726 4472 1063 4546 imperatori
1094 4476 1412 4530 admodum
1458 4475 1824 4546 gratiﬁcatus
1867 4476 2022 4531 vide-

377 4569 556 4630 retur,
597 4563 956 4635 Mangaphas
992 4566 1059 4618 ad
1091 4564 1476 4620 Caichosroen
1515 4564 1688 4620 lconii
1723 4564 2020 4620 sultanum

377 4654 662 4726 profugus
694 4653 912 4710 auxilia
931 4659 1132 4710 contra
1173 4654 1466 4710 Romanos
1516 4671 1630 4708 non
1669 4653 2024 4726 impetravit,

378 4741 601 4798 litteras
627 4750 821 4798 tamen
881 4743 1155 4810 obtinuit,
1218 4743 1434 4814 quibus
1488 4743 1914 4798 concedebatur
1961 4745 2026 4797 ut

374 4835 589 4886 Turcas
621 4831 857 4900 liberos,
917 4833 1016 4903 qui
1077 4850 1212 4888 arcu
1258 4839 1313 4888 et
1343 4833 1610 4905 pharetra
1654 4831 1780 4886 freti
1811 4834 2016 4886 Roma-

379 4935 483 4974 nos
509 4919 922 4990 praedarentur,
961 4923 1287 4977 ascisceret.
1319 4925 1440 4986 Qua
1488 4922 1710 4976 ratione
1740 4937 1870 4976 cum
1905 4937 2019 4975 non

377 5023 588 5079 parvas
617 5007 814 5076 copias
844 5011 1246 5076 contraxisset,
1287 5011 1498 5066 civium
1559 5025 1794 5066 suorum
1851 5025 2020 5063 man-

380 5096 530 5166 cipia
563 5099 620 5151 et
641 5095 907 5166 jumenla
939 5097 1196 5168 abduxit,
1229 5104 1286 5154 et
1335 5099 1590 5172 Phryges
1641 5097 2022 5154 Laodicenses

379 5184 709 5239 innumeris
761 5184 1030 5240 cladibus
1087 5187 1298 5256 aﬂ‘ecit,
1327 5192 1390 5242 ut
1419 5193 1476 5244 et
1501 5188 1810 5260 populares
1862 5202 2022 5242 meos

377 5273 866 5333 Choniatasnreis
885 5290 1085 5328 eorum
1110 5276 1307 5330 mstivo
1359 5281 1619 5350 tempore
1656 5276 1932 5344 incensis,
1967 5279 2022 5331 ct

380 5362 566 5418 obviis
625 5362 956 5432 quibusque
1008 5363 1280 5419 hostilem
1333 5364 1392 5418 in
1453 5367 1690 5422 modum
1739 5365 2020 5422 tractatis.

381 5452 526 5508 Nam
557 5457 618 5506 ut
647 5467 761 5506 non
793 5455 978 5506 dicam
1005 5453 1226 5508 Turcas
1249 5452 1321 5506 ob
1352 5453 1718 5510 clementiam
1760 5455 1819 5510 in
1853 5454 2024 5509 [initi-

383 5558 510 5598 mos
541 5541 900 5598 Christianos
930 5542 1001 5597 ab
1032 5558 1098 5597 eo
1150 5541 1486 5614 objurgatcs
1517 5559 1667 5612 esse,
1699 5552 1754 5600 et
1786 5545 1935 5600 facta
1963 5543 2022 5598 in

377 5632 605 5691 Cariam
636 5631 1022 5705 impressione
1053 5629 1269 5690 multos
1317 5631 1455 5690 inde
1506 5635 1770 5706 captivos
1815 5633 2022 5691 Turcis

2201 2064 2267 2140 β’.
2306 2064 2450 2120 Κατᾶ
2488 2061 2546 2118 δὲ
2568 2065 2660 2119 τὸν
2697 2064 2884 2138 καιρὸν
2932 2067 3124 2118 τοῦτον
3176 2061 3452 2139 τυραννίδι
3501 2062 3780 2140 ἐπικεχεί-

2129 2173 2290 2228 ρηκεν
2326 2154 2353 2207 6
2386 2149 2764 2230 Φιλαδελφεὺς
2815 2150 3096 2226 Θεόδωρος
3129 2155 3157 2208 6
3186 2158 3504 2234 Μαγκαφᾶς.
3558 2155 3668 2210 Καὶ
3715 2156 3782 2210 τὰ

2131 2241 2228 2314 μὲν
2261 2245 2450 2316 πρῶτα
2496 2243 2645 2315 [256]
2694 2243 2756 2298 τὸ
2805 2245 2905 2311 τῆς
2963 2241 3180 2306 πόλεως
3237 2242 3440 2314 ταύτης
3503 2243 3780 2318 ἀγελαῖον,

2127 2327 2648 2406 πολυανδρούμένον
2722 2329 2778 2386 ὅν
2853 2331 3020 2406 θρασύ
3095 2353 3155 2389 τε
3227 2332 3317 2388 καὶ
3376 2330 3779 2402 ἀναιδέστατον,

2129 2418 2303 2490 ἑαυτῷ
2333 2439 2742 2494 προσῳκειωσε,
2775 2421 2866 2475 καὶ
2903 2420 3086 2495 ὅρκοις
3128 2422 3227 2491 τὴν
3274 2421 3351 2485 εἷς
3398 2419 3556 2477 αὐτὸν
3599 2421 3779 2477 πίστιν

2127 2505 2574 2564 κατεοεπέδωσεν’
2611 2505 2726 2580 ὁδῷ
2777 2505 2834 2564 δὲ
2877 2510 3084 2586 προϊὼν
3125 2511 3214 2565 καὶ
3273 2511 3552 2587 βασιλείας
3601 2511 3778 2584 ἑαυτῷ

2126 2595 2442 2671 περιέθηκεν
2503 2595 2697 2670 ὄνομα,
2746 2599 2873 2660 τοὺς
2926 2595 3139 2662 Λυδοὺς
3187 2599 3386 2661 πάντας
3429 2599 3505 2662 εἷς
3551 2599 3782 2654 ἀποστα-

2129 2685 2246 2740 σίαν
2303 2685 2761 2760 ἐπισπασάμενος·
2823 2685 3008 2742 ἔπειτα
3065 2685 3122 2742 δὲ
3168 2688 3259 2743 καὶ
3313 2691 3420 2742 τῶν
3486 2685 3781 2764 ἀγχούρων

2129 2775 2489 2850 ἂποπειρᾶται
2538 2781 2766 2856 χωρῶν,
2824 2777 2916 2832 καὶ
2975 2777 3236 2854 ἀργύρεον
3295 2780 3490 2856 κέκοφε
3535 2779 3783 2854 νόμισμα

2128 2865 2228 2934 τήν
2290 2864 2492 2922 οἰκείαν
2553 2865 2858 2944 ἐγχαράξας
2917 2865 2970 2922 ἐν
3026 2867 3176 2940 αὐτῷ
3258 2866 3492 2938 στήλην.
3579 2868 3668 2931 Ὠς
3729 2865 3786 2924 δὲ

2129 2951 2450 3030 προύκοπτε
2476 2956 2543 3011 τὰ
2572 2963 2672 3026 τῆς
2703 2955 3032 3012 ἀποστασίας
3079 2956 3170 3012 καὶ
3202 2959 3230 3012 6
3262 2955 3350 3012 ἐπὶ
3400 2962 3519 3020 τοῖς
3569 2952 3782 3033 δρωμέ-

2129 3051 2245 3108 νὸις
2277 3043 2543 3121 πρότερον
2577 3043 2754 3122 γέλως
2789 3045 2864 3108 εἷς
2907 3045 3130 3122 πληγὴν
3176 3047 3419 3123 γενναίαν
3499 3047 3785 3120 μεθίστατο

2129 3134 2266 3209 πρὸς
2339 3135 2490 3208 ἧπαρ
2566 3137 2853 3210 χωροῦσαν
2927 3139 3026 3189 τοῦ
3081 3133 3373 3210 βασιλέως,
3435 3137 3512 3209 μὴ
3559 3135 3780 3208 μέλλειν

2131 3223 2288 3284 οὗτος
2321 3220 2566 3297 ἐγνώκει,
2602 3221 2748 3278 ἀλλὰ
2774 3222 2890 3277 κατ’
2923 3222 3086 3277 αὐτοῦ
3137 3224 3203 3278 τὰ
3255 3222 3400 3279 ὅπλα
3450 3221 3630 3304 διφᾷν.
3682 3223 3783 3282 Καὶ

2131 3307 2198 3380 δὴ
2223 3310 2358 3366 κατά
2395 3312 2495 3382 τὴν
2547 3309 2950 3386 Φιλαδέλφειαν
2998 3312 3234 3388 γεγονὼς
3287 3308 3598 3390 ἔμφρουρον
3647 3312 3781 3387 αὐτῇ

2132 3399 2225 3456 τὸν
2271 3402 2576 3479 Μαγκαιρᾶν
2634 3399 2943 3474 εἰργάσατο,
3012 3399 3070 3462 ὅς
3125 3399 3214 3456 καὶ
3270 3403 3371 3472 τὴν
3424 3405 3526 3458 τοῦ
3583 3408 3785 3477 Μωρο-

2139 3487 2414 3565 θεοδώρου
2462 3490 2856 3566 προσωνυμίαν
2904 3490 3168 3562 ἐκτήσατο
3223 3496 3332 3547 τῶν
3386 3494 3524 3548 κατὰ
3582 3493 3783 3548 σκοπὸν

2135 3579 2324 3654 ἐκείνῳ
2393 3577 2758 3636 διαπεσόντων
2814 3579 3078 3636 ἐσέπειτα.
3141 3581 3242 3638 Καὶ
3327 3581 3506 3638 ἱκανὸν
3583 3582 3778 3658 χρόνον

2131 3673 2201 3744 τῇ
2249 3670 2547 3744 πολιορκίᾳ
2595 3669 2994 3746 ἐγκαρτερήσας
3046 3669 3144 3725 οὐκ
3193 3670 3384 3746 ἴσχυσε
3429 3671 3554 3732 τοὺς
3611 3668 3787 3728 Φιλα-

2134 3756 2352 3837 δελςρεῖς
2407 3759 2881 3832 παραστήσασθαι·
2957 3759 3075 3814 ’ὁθεν
3135 3759 3272 3834 πρὸς
3329 3757 3625 3834 ὁμολογίαν
3687 3763 3782 3814 καί

2133 3843 2427 3922 συμϐάσεις
2460 3847 2740 3921 ἐτράπετο,
2777 3848 2914 3903 ὥστε
2961 3849 3052 3904 τὸν
3109 3851 3202 3922 μὶν
3254 3848 3528 3923 Θεόδωρον
3569 3847 3635 3904 τὰ
3677 3851 3778 3918 τῆς

2135 3935 2414 4013 βασιλείας
2457 3936 2746 3999 ἀποθέσθαι
2800 3935 3101 4011 παράσημα
3155 3937 3246 3992 καὶ
3301 3940 3420 3993 καθ’
3468 3937 3652 3994 ἐαυτὸν
3704 3938 3780 4001 ὡς

2131 4026 2394 4100 πρότερον
2451 4025 2855 4096 πολιτεύεσθαι,
2913 4025 2976 4080 τὸ
3031 4025 3087 4080 δὲ
3144 4033 3244 4096 τῆς
3295 4025 3512 4090 πόλεως
3571 4025 3780 4099 ἐκείνης

2131 4113 2415 4188 πλήρωμα
2462 4113 2838 4189 βασιλεύεσθαι
2895 4115 3063 4170 πάλιν
3117 4116 3203 4192 ὑφ’
3241 4117 3304 4170 οὗ
3353 4117 3614 4192 πρότερον
3657 4111 3780 4171 ἐϐα-

2133 4201 2399 4260 σιλεύετο.
2452 4204 2556 4260 Καὶ
2607 4202 2793 4278 ὅμηρα
2859 4202 3056 4258 ἐκεῖθεν
3111 4202 3397 4278 δεξάμενος
3453 4204 3527 4259 ὦν
3587 4205 3777 4282 ᾑρεῖτο

2131 4291 2260 4354 τοὺς
2289 4290 2485 4354 παῖδας
2534 4289 2872 4366 ἒπανέζευξεν
2929 4292 3004 4354 εἷς
3061 4295 3159 4362 τὴν
3220 4289 3610 4368 μεγαλόπολιν.
3667 4295 3783 4354 Οὐκ

2133 4380 2312 4455 ὀλίγοι
2371 4379 2430 4436 δὲ
2484 4381 2580 4436 κάν
2643 4387 2712 4456 τῇ
2801 4380 3154 4437 ἐπαναστάσει
3211 4382 3378 4458 ταύτῃ
3436 4384 3628 4458 ἀγαθοὶ
3689 4385 3779 4440 καὶ

2130 4475 2368 4546 γενναῖοι
2437 4467 2624 4544 ἄνδρες
2685 4467 3000 4527 ἀπώλοντο.
3062 4471 3190 4526 Μετ’
3248 4471 3312 4526 οὗ
3368 4471 3513 4528 πολὺ
3574 4470 3630 4527 δὲ
3685 4473 3776 4528 καὶ

2131 4559 2419 4621 Βασίλειος
2453 4560 2481 4614 6
2514 4559 2793 4630 Βατάτζης
2847 4559 3036 4634 γένους
3088 4561 3182 4634 μὲν
3223 4560 3440 4634 ἀσήμου
3501 4561 3778 4636 βλαστὼν,

2135 4645 2224 4702 διὰ
2253 4645 2309 4703 δὶ
2355 4648 2417 4703 τὸ
2464 4647 2541 4710 εἷς
2595 4649 2826 4722 γυναῖκά
2882 4649 2938 4702 οἱ
2993 4651 3235 4725 γαμετὴν
3291 4653 3619 4728 συναφθῆναι
3677 4653 3778 4721 τὴν

2133 4741 2231 4792 τοῦ
2291 4737 2564 4812 βασιλέως
2621 4737 2759 4808 πρὸς
2815 4738 3020 4810 πατρὸς
3103 4738 3375 4812 ἐξανεψιὰν
3461 4738 3783 4813 δομέστικος

2056 4813 2098 4879 D
2129 4833 2230 4895 τῆς
2262 4825 2565 4892 ’Δνατολῆς
2592 4825 2845 4899 τιμηθεὶς
2875 4827 2962 4880 καὶ
2995 4827 3094 4896 τήν
3147 4825 3404 4896 δουκικὴν
3449 4829 3630 4905 ἀρχὴν
3673 4832 3782 4887 τῶν

2132 4915 2450 4992 Θρᾳκησίων
2550 4915 2988 4987 ἆναζωσάμενος,
3087 4919 3366 4990 χρήμασιν
3496 4919 3784 4995 ὑπέφθειρε

2129 5003 2419 5066 πλείσυους
2449 5009 2557 5060 τῶν
2585 5009 2684 5060 τοῦ
2716 5009 2986 5082 Μαγκαφᾶ
3025 5004 3264 5078 ὀμοτῶν,
3323 5008 3414 5061 καὶ
3463 5007 3624 5064 αὐτὸν
3681 5011 3775 5083 μὲν

2131 5092 2230 5148 οὐκ
2259 5090 2403 5180 ἔσχε
2453 5087 2769 5180 συλλαϐεῖν,
2826 5100 2926 5163 τῆς
2994 5091 3050 5149 δὲ
3101 5093 3318 5156 πόλεως
3376 5094 3779 5180 Φιλαδελφείας

2131 5181 2328 5254 ἐξώσας
2377 5178 2525 5254 ἔδοξε
2561 5182 2650 5238 καί
2710 5179 2852 5238 οὕτω
2915 5183 3055 5260 μέγα
3108 5204 3162 5238 τι
3215 5178 3779 5262 κατωρθωκέναι-καὶ

2133 5272 2390 5327 ἀσπάσιον
2417 5269 2573 5350 ἔργον
2599 5275 2678 5344 τῷ
2703 5270 2942 5348 βασιλεῖ.
2975 5269 3132 5330 Ἀλλ’
3155 5273 3313 5337 οὗτος
3335 5279 3414 5348 τῷ
3433 5280 3530 5330 τοῦ
3552 5278 3780 5334 Ἰκονίου

2133 5361 2367 5418 σουλτᾶν
2400 5364 2714 5439 προσρυεὶς,
2771 5363 2816 5435 ᾧ
2873 5365 2907 5432 ἡ
2967 5362 3162 5430 κλῆσις
3218 5367 3587 5442 Καῖχοσρόης,
3645 5389 3786 5443 συμ-

2137 5455 2372 5528 μαχικὸν
2428 5455 2522 5526 μὲν
2583 5452 2806 5522 αἰτήσας
2863 5450 3000 5507 κατᾶ
3054 5453 3349 5526 Ῥωμαίων
3407 5457 3508 5512 οὐκ
3566 5453 3776 5528 ἔλαϐεν,

2133 5539 2350 5613 ἐνεδόθη
2415 5539 2470 5597 δέ
2515 5543 2568 5598 οἱ
2621 5535 3132 5617 προσλαμϐάνεσθαι
3181 5542 3601 5620 ἀνεπεγκλήτως
3649 5548 3780 5602 ὁπό-

2136 5651 2220 5688 σοι
2251 5635 2360 5689 τῶν
2420 5631 2688 5711 Τούρκων
2731 5626 3196 5713 κερδαλεόφρονες
3239 5632 3375 5690 κάπὶ
3427 5637 3507 5710 τῷ
3551 5643 3786 5716 γωρυτῷ
