4098 6292
313 351 434 410 ’165

1445 351 1544 409 DE
1588 349 1894 410 ISAACIO
1937 350 2247 411 ANGEID
2289 350 2437 411 LlB.
2488 353 2565 411 ΙΙ.

3614 350 3739 412 766

316 483 408 536 καὶ
485 485 564 552 τῷ
639 480 779 554 τόξῳ
831 480 931 547 τὴν
998 479 1326 550 πεποίθησιν
1384 475 1606 559 ἔχοντες
1659 481 1970 549 Ῥιυμαῖους

2091 482 2464 537 abducendos
2495 499 2623 537 esse
2681 484 2870 550 datos,
2932 481 3231 538 Michaelis
3289 498 3519 554 quoque
3551 462 3736 537 archi-

323 572 700 646 λῃστεύουσιν.
734 571 848 628 Οὐκ
883 568 1082 644 ὀλίγην
1118 568 1208 624 οῦν
1258 575 1337 641 τῷ
1391 570 1580 643 τρόπῳ
1628 571 1804 641 τούτῳ
1863 592 1979 625 συν-

328 661 568 735 αγηὸχει
601 659 846 733 δύναμιν,
879 660 966 714 καὶ
1004 659 1170 714 ἐπιὼν
1216 659 1343 721 τούς
1391 680 1449 713 τε
1497 661 1805 735 πατριώτας
1851 653 1995 713 ὲαυ)

325 754 424 806 τοῦ
451 749 505 811 ἐς
532 750 623 804 τὸν
653 749 952 825 γεωργικὸν
988 746 1162 823 ὄχλον
1194 747 1283 801 καὶ
1313 751 1420 801 τῶν
1453 748 1605 816 ζώων
1656 746 1973 820 ἐλυμαίνετο

326 840 393 894 τὰ
425 839 526 893 ὐπὸ
557 838 737 912 ζυγὸν,
771 837 857 892 καὶ
889 837 1017 899 τοὺς
1076 833 1362 898 Λαοδικεῖς
1409 832 1465 891 δὲ
1513 837 1729 912 Φρύγας
1779 857 1976 912 μυρία-

333 933 449 1002 χῶς
494 927 783 995 ἐκάκωσεν,
835 924 1014 1001 ὥσπερ
1080 926 1170 980 καὶ
1236 925 1361 987 τοὺς
1427 930 1533 980 τῶν
1599 928 1797 982 Χωνῶν
1864 930 1970 981 τῶν

327 1017 470 1087 ἐμῶν
503 1015 826 1089 οἰκήτορας,
858 1015 950 1077 τὰς
1002 1012 1215 1077 ἅλωνας
1273 1014 1410 1069 κατά
1458 1014 1548 1068 τὸν
1603 1017 1804 1089 θέρειον
1855 1036 1972 1069 και-

322 1103 414 1178 ρὸν
447 1104 746 1178 πυρπολῶν
778 1104 867 1161 καὶ
897 1105 959 1159 τὸ
991 1104 1304 1178 προστυχὸν
1351 1103 1425 1165 ὡς
1477 1102 1748 1176 πολέμιος
1797 1103 1972 1179 χειρίς

319 1213 461 1253 στως
494 1189 862 1263 διατιθέμενος
926 1191 998 1246 ἐῶ
1035 1192 1134 1267 γὰρ
1189 1192 1364 1266 λέγειν
1406 1192 1481 1254 ὡς
1520 1192 1651 1253 τοὺς
1695 1192 1975 1263 Τούρκους

317 1280 937 1361 φιλανθρωπευομένους
994 1279 1221 1359 ἐνιαχοῦ
1278 1280 1416 1354 πρὸς
1474 1280 1535 1335 τὸ
1599 1280 1660 1334 ἐκ
1714 1280 1972 1355 γειτόνων

318 1370 468 1446 σφίσι
515 1369 919 1441 Χριστώνυμον
981 1373 1163 1432 κακῶς
1221 1362 1417 1446 ἔφασκε
1462 1369 1553 1422 καὶ
1614 1367 1970 1440 ἐπέπληττεν.

318 1452 613 1532 Ἐμϐαλὼν
667 1455 723 1512 δὲ
774 1460 866 1512 καὶ
917 1460 990 1531 τῇ
1039 1459 1215 1529 Καρίᾳ
1266 1459 1358 1513 καὶ
1414 1455 1661 1522 πολλοὺς
1709 1463 1816 1513 τῶν
1862 1457 1974 1514 ἐκεῖ

315 1547 699 1624 προνομεύσας
757 1551 873 1606 τοῖς
938 1541 1243 1621 Βαρϐἀροις
1292 1542 1584 1601 ἐκδέδωκεν
1637 1546 1712 1608 εἰς
1758 1546 1972 1619 ἀπαγω-

315 1638 438 1712 γήν.
474 1634 653 1691 Ἀλλὰ
681 1635 769 1690 καὶ
800 1634 889 1689 τὸν
923 1635 1056 1689 νεὼν
1100 1638 1198 1689 τοῦ
1246 1634 1690 1711 ἀρχιστρατήγου
1738 1635 1969 1712 Μιχαὴλ

318 1727 347 1780 ὁ
397 1725 602 1798 ἄνομος
656 1725 811 1786 οὗτος
853 1721 1111 1801 διαφῆκεν
1158 1722 1458 1799 ἐμπρῆσαι,
1502 1720 1663 1800 ἔργον
1713 1724 1967 1798 μέγιστον

315 1813 405 1869 καὶ
475 1813 805 1889 περίπυστον
858 1808 1007 1883 ὅντα,
1064 1813 1152 1867 καὶ
1217 1807 1606 1888 ὑπερϐαίνοντα
1660 1811 1712 1876 ἐς
1761 1812 1968 1868 κάλλοθ

319 1904 409 1959 καὶ
437 1906 538 1975 τὴν
570 1902 649 1964 εἷς
690 1910 868 1976 μῆκος
909 1896 1120 1957 ἔκτασιν
1162 1902 1224 1958 τὸ
1291 1900 1343 1957 ἔν
1405 1906 1474 1976 τῇ
1534 1901 1775 1977 βασιλίδι
1807 1904 1966 1959 πόλει

315 1997 412 2049 τοῦ
463 1990 913 2067 καλλιμάρτυρος
976 1991 1205 2047 Μωκίου
1259 1990 1503 2062 τέμενος.
1563 1992 1651 2053 Ὠς
1720 1988 1777 2047 δέ
1833 2013 1967 2047 ποτε

311 2082 449 2159 πρὸς
497 2082 592 2136 τὸν
642 2078 874 2135 σουλταν
926 2078 1234 2150 ἐπανέξευξε
1287 2079 1550 2135 τοιούτων
1609 2086 1963 2157 παρανομιῶν

311 2172 559 2243 πλήρης,
587 2170 678 2226 καὶ
738 2169 963 2225 πύθοιτο
1027 2167 1281 2245 βασιλεὺς
1340 2169 1439 2223 οὐκ
1497 2169 1572 2230 εἰς
1626 2170 1830 2244 ἀγαθὰς
1877 2169 1966 2225 έν-

311 2261 464 2324 νοίας
531 2261 623 2315 καὶ
692 2259 910 2334 πράξεις
998 2260 1089 2314 τὸν
1166 2258 1513 2333 Ἰκονιάρχην
1573 2258 1775 2333 ἐνάγειν
1833 2263 1970 2316 Καῖ-

311 2349 562 2426 χοσρόην
592 2348 714 2423 ἂρτι
746 2349 884 2424 πρὸς
915 2348 1120 2422 πατρὸς
1174 2345 1566 2410 ἐκλελοιπότος
1622 2349 1684 2402 τὸ
1743 2353 1838 2424 ζῇν
1870 2351 1969 2419 τὴν

309 2440 494 2519 ἀρχὴν
525 2442 624 2494 τοῦ
671 2437 902 2495 Ἰκονίου
960 2433 1270 2509 δεξάμενον,
1329 2432 1579 2511 πρέσϐεις
1638 2433 1844 2493 ἔστειλε
1882 2439 1971 2494 καὶ

315 2530 582 2605 χρήματα
664 2525 963 2602 παρασχὼν
1040 2530 1119 2596 τῷ
1196 2523 1429 2581 σουλτᾶν
1503 2525 1974 2599 καταπροδοθέντα

2087 574 2249 627 ducis
2286 572 2593 643 templum,
2626 590 2770 643 ιιρυς
2806 574 3115 627 :zmximuw
3164 579 3220 627 et
3270 573 3735 636 celelwirimum,

2087 663 2239 732 quod
2274 662 2560 732 elegantia
2625 663 2781 718 524
2840 668 2895 717 et
2960 660 3323 732 longitudine
3384 662 3495 717 divi
3563 660 3735 716 Mucii

2087 749 2358 822 martyris
2414 751 2594 805 aedem
2656 750 2715 805 in
2778 751 2922 806 urbe
2980 750 3350 821 imperatrice
3400 750 3735 822 superabat,

2084 839 2317 895 incendi
2350 856 2558 910 passus
2587 845 2693 894 est.
2731 840 2795 897 Ut
2829 847 3018 895 autem
3072 839 3411 910 huiusmodi
3458 840 3736 894 facinori-

2085 928 2195 983 bus
2220 929 2427 1000 plenus
2448 929 2682 984 tandem
2705 930 2772 984 ad
2801 929 3103 984 sultanum
3130 928 3387 994 rediit,et
3411 927 3732 999 imperator

2085 1018 2156 1073 ad
2190 1017 2366 1071 lconii
2410 1016 2726 1088 principum
2762 1018 3166 1084 Caichosroen,
3199 1017 3370 1085 cujus
3422 1023 3584 1088 pater
3615 1034 3730 1072 nuo

2087 1123 2187 1177 per
2219 1107 2532 1161 defunctus
2573 1106 2945 1178 erat,legatos
2981 1107 3317 1179 misit,quod
3351 1123 3478 1160 eum
3514 1107 3727 1163 aMan-

2085 1196 2278 1267 gapha
2312 1195 2369 1249 in
2405 1195 2782 1267 cogitationes
2815 1201 2870 1251 et
2899 1196 3303 1252 actioncs'non
3330 1196 3513 1251 bonas
3537 1196 3734 1252 induci

2084 1285 2335 1352 videbat,
2370 1290 2424 1338 et
2454 1285 2866 1355 largitionibus
2899 1285 3232 1355 impetravit
3283 1290 3346 1339 ut
3399 1285 3495 1339 ille
3530 1285 3735 1340 deser-

2084 1376 2181 1429 tus
2215 1390 2278 1427 ac
2308 1374 2574 1444 proditus
2615 1375 2683 1426 ad
2720 1390 2781 1429 se
2814 1374 3161 1443 mitteretur,
3181 1390 3247 1427 ea
3296 1376 3491 1427 tamen
3524 1373 3727 1429 condi-

2084 1466 2241 1517 tione
2266 1467 2329 1517 ut
2372 1462 2753 1518 defectionem
2805 1480 2911 1518 nec
2968 1463 3157 1534 capite
3209 1478 3311 1517 nec
3363 1461 3730 1519 mutilatione

2080 1550 2385 1606 laesioncve
2417 1550 2595 1605 ullius
2618 1551 2861 1605 membri
2882 1551 3088 1606 lueret.
3124 1552 3242 1615 Qua
3303 1552 3372 1606 de
3404 1567 3581 1606 causa
3612 1568 3732 1607 om-

2082 1641 2174 1695 nis
2200 1640 2443 1695 alterius
2476 1640 2609 1695 mali
2649 1656 2854 1712 expers
2912 1643 2983 1696 ad
3048 1640 3390 1695 diuturnum
3438 1657 3725 1697 carcerem

2080 1736 2170 1784 est
2228 1729 2565 1785 damnatus.
2627 1730 2682 1785 ld
2720 1720 2960 1785 ~factum
3020 1731 3165 1785 adeo
3223 1729 3446 1785 caeteris
3502 1728 3727 1785 Sullani

2083 1818 2384 1889 fratribus,
2415 1818 2515 1890 qui
2573 1835 2820 1891 regnum
2880 1835 3015 1874 cum
3059 1834 3126 1874 eo
3156 1817 3490 1887 diviserant,
3522 1819 3724 1891 displi-

2075 1910 2213 1976 cuit,
2251 1915 2315 1965 ut
2344 1914 2402 1965 et
2432 1927 2595 1964 arma
2616 1910 2667 1964 ei
2700 1908 2916 1963 illaturi
2968 1908 3202 1974 fuerint,
3237 1910 3391 1979 quod
3427 1908 3722 1964 hominem

2079 2000 2388 2070 profugum
2413 2002 2466 2054 et
2490 1998 2812 2069 supplicem
2842 1997 3100 2068 pecunias
3122 2013 3299 2052 causa
3326 1998 3723 2053 Romanorum

2077 2085 2411 2158 imperatori
2448 2087 2822 2159 prodidisset,
2856 2087 2967 2141 nisi
3001 2087 3262 2158 specioso
3295 2103 3574 2157 responso
3608 2086 3727 2142 ira—

2079 2177 2353 2232 cundiam
2391 2175 2620 2231 illorum
2659 2177 2967 2248 placasset.
3000 2176 3203 2230 Aiebat
3227 2162 3379 2230 enim
3414 2192 3476 2230 se
3525 2176 3726 2246 pacili-

2081 2266 2332 2322 cationis
2373 2282 2509 2338 ergo
2568 2265 2731 2320 illum
2786 2265 3104 2332 remisisse,
3162 2280 3533 2334 nequaquam
3596 2281 3730 2321 vero

2083 2354 2408 2425 prodidisse
2440 2374 2454 2422 ;
2491 2360 2546 2408 et
2575 2354 2872 2409 hominem
2904 2370 3118 2425 vagum
3154 2353 3212 2407 in
3269 2353 3520 2425 patriam
3563 2354 3727 2409 resti-

2086 2443 2355 2512 tuisse,ut
2378 2460 2481 2498 nec
2506 2444 2626 2513 ipse
2651 2442 2796 2498 alios
2823 2460 2926 2497 nec
2950 2443 3142 2514 ipsum
3187 2441 3287 2497 alii
3331 2457 3503 2514 porro
3534 2457 3730 2513 perse-

2084 2536 2420 2602 querentur.
2455 2533 2641 2602 Atque
2672 2531 2790 2586 hazc
2824 2531 3123 2586 hactenus.

314 2617 433 2693 εἶχε
460 2617 552 2674 καὶ
593 2614 943 2689 ἀνάπεμπτον
986 2613 1134 2687 αὐτῷ
1172 2616 1461 2690 γενόμενον
1501 2616 1592 2669 τὸν
1626 2618 1949 2694 Μαγκαφᾶν,
1990 2616 2137 2688 πλήν
2178 2639 2237 2694 γε
2279 2619 2398 2691 μεθ’
2464 2617 2766 2692 ὁμολογίας
2791 2617 2880 2672 καὶ
2921 2618 3155 2679 πίστεως
3186 2625 3262 2690 μὴ
3308 2617 3448 2673 ὣστε
3477 2614 3728 2672 τοῦπιτί-

310 2728 437 2781 μιον
469 2703 619 2778 αἱ)τῷ
643 2712 744 2775 τῆς
772 2704 1104 2765 ἀποστασίας
1136 2703 1408 2767 κείσεσθαι
1442 2702 1668 2758 θάνατον
1710 2704 1745 2774 ἢ
1782 2703 1944 2780 μέρος
1984 2713 2349 2780 περικοπῆναι
2407 2708 2497 2761 καὶ
2558 2703 2976 2776 διαλωϐῃθῆναι
3018 2706 3114 2761 τοῦ
3157 2706 3432 2778 σώματος·
3468 2707 3529 2761 οῦ
3571 2705 3732 2780 χάριν

312 2796 530 2865 ἀπαθὴς
566 2796 752 2868 ἐτέρου
784 2795 986 2856 παντὸς
1022 2793 1206 2870 ὀφθεὶς
1247 2798 1419 2848 κακοῦ
1450 2791 1623 2868 δεσμὰ
1659 2793 2013 2870 κατακέκριτο
2071 2795 2285 2871 χρόνια.
2337 2800 2604 2851 Τοσοῦτον
2664 2793 2721 2851 δὲ
2750 2797 2811 2851 τὸ
2865 2789 3019 2872 ἔργον
3050 2793 3175 2850 τόδε
3212 2801 3310 2852 τοῦ
3347 2796 3576 2852 σουλτὰν
3615 2801 3734 2860 τοῖς

321 2884 540 2947 λοιποῖς
574 2883 738 2940 αὐτοῦ
768 2884 1137 2959 κασιγνήτοις,
1172 2885 1323 2957 [257]
1356 2881 1551 2938 ὁπόσοι
1579 2883 1678 2953 τήν
1711 2884 1967 2959 πατρῴαν
1997 2884 2174 2960 ἀρχήν
2217 2882 2590 2940 συνδιείλοντο
2630 2883 2838 2958 ἐκείνῳ,
2871 2884 3177 2960 ἀποθύμιον
3212 2882 3405 2958 ἔδοξεν,
3447 2884 3586 2940 ὣστε
3638 2875 3731 2939 καὶ

326 2972 474 3029 ὅπλα
503 2976 702 3050 ἤραντο
756 2972 815 3028 ἂν
877 2975 992 3029 κατ’
1050 2973 1217 3028 αὐτοῦ
1280 2972 1354 3034 ὠς
1423 2971 1708 3047 ἄνθρωπον
1767 2973 1818 3035 ἐς
1873 2974 2039 3029 αὐτὸν
2097 2974 2362 3038 ἑκουσίως
2404 2975 2699 3054 ἀφιγμένον
2744 2975 3135 3055 συνειληφότος
3165 2975 3256 3030 καὶ
3296 2972 3729 3051 καταπροδόντος

323 3064 609 3137 Ῥωμαίων
641 3065 859 3141 βασιλεῖ
879 3063 967 3119 ἐπὶ
1001 3062 1309 3137 λήμμασιν,
1343 3064 1388 3118 εί
1423 3065 1498 3137 μή
1540 3063 1699 3126 οὗτος
1731 3063 2086 3139 εὐπρόσωπον
2119 3067 2288 3129 τιθεῖς
2329 3069 2427 3135 τὴν
2457 3066 2742 3142 ἀπόκρισιν
2784 3065 2873 3123 ἐπὶ
2915 3062 3240 3140 συμϐἄσεσιν
3283 3066 3627 3138 ἀποστεῖλαι,
3662 3066 3724 3123 οὗ

322 3156 433 3226 μὴν
465 3152 898 3227 καταπροδοῦναι
941 3150 1335 3231 διισχυρίζετο,
1367 3152 1458 3208 καὶ
1483 3151 1734 3223 πλάνητα
1764 3152 1890 3209 ὄντα
1923 3153 1974 3217 ἐς
1995 3156 2097 3225 τήν
2135 3154 2371 3233 πατρίδα
2398 3162 2741 3232 καταγαγεῖν,
2795 3157 2871 3222 ὠς
2928 3156 3122 3230 μηκέτι
3168 3154 3440 3213 διώκοντα
3468 3157 3597 3213 εἶναι
3638 3158 3729 3214 καὶ

318 3241 679 3316 διωκόμενον.
714 3245 812 3298 Καὶ
842 3246 1010 3296 ταῦτα
1038 3242 1131 3315 μὲν
1167 3241 1315 3316 εἶχεν
1350 3241 1546 3304 οὕτως.

377 3338 443 3407 γ’.
478 3332 590 3387 Οὐκ
617 3332 685 3401 ἦν
740 3327 799 3386 δὶ
828 3324 1136 3387 λυκάϐαντα
1192 3328 1483 3406 παρελθεῖν
1542 3333 1618 3405 μή
1667 3353 1719 3387 τι
1751 3330 1962 3407 ἐπενεγ-
1999 3344 2039 3409 C

306 3424 471 3479 κόντα
555 3423 735 3478 κοινὸν
820 3420 1216 3497 ἀποτρόπαιον,
1282 3421 1357 3482 ὡς
1441 3419 1590 3498 εἴπερ
1673 3422 1736 3478 τὸ
1818 3429 1971 3479 Θεῖον

309 3511 617 3569 ἐπέκλωσεν
700 3509 1109 3585 ἆνειρηνεύτους
1198 3510 1292 3572 τὰς
1382 3511 1594 3586 ἡμέρας
1677 3515 1782 3565 τῶν
1857 3511 1976 3568 καθ’

315 3604 465 3675 ἡμᾶς
520 3600 776 3675 μερόπων
836 3596 1229 3675 παραδραμεῖν·
1265 3600 1341 3662 ὡς
1405 3599 1507 3675 γάρ
1581 3620 1633 3654 τι
1692 3597 1976 3657 ἐνδεόντων

312 3691 450 3764 πρὸς
520 3691 583 3744 τὸ
667 3690 901 3758 καθῆκον
959 3694 1060 3757 τῆς
1149 3688 1536 3765 μαστιγώσεως
1584 3693 1691 3744 τῶν
1769 3688 1826 3744 ἐκ
1878 3694 1975 3745 τοῦ

318 3781 508 3856 κύκλῳ
542 3776 889 3857 Βαρϐαρικοῦ
942 3786 1265 3857 μαχισμῶν,
1330 3780 1422 3835 καὶ
1479 3780 1766 3857 ὑπερόριον
1808 3782 1971 3837 κακὸν

315 3873 657 3945 εἰσεκώμασε
688 3869 1027 3947 Φρεδέριχος
1061 3872 1088 3924 6
1144 3876 1252 3925 τῶν
1318 3869 1643 3944 Ἀλαμανῶς
1832 3873 1972 3946 Πρὸς

312 3964 416 4038 γὰρ
475 3963 568 4017 τὸν
633 3960 863 4036 βασιλέα
938 3955 1501 4034 διαπρεσϐευσάμενος
1550 3959 1838 4032 Ἰσαάκιον,
1897 3960 1974 4021 ὡς

315 4051 406 4110 διὰ
434 4052 626 4130 φιλίας
658 4053 844 4128 ᾐτεῖτο
883 4058 985 4121 τῆς
1044 4049 1336 4123 Ῥωμαίων
1395 4057 1500 4126 γῆς
1530 4051 1780 4126 παριέναι
1811 4049 1971 4112 αὐτός

307 4143 486 4199 τεκαὶ
529 4141 654 4199 ὅσον
710 4142 761 4196 οἱ
820 4141 1075 4216 ἐφέποιτο
1130 4138 1437 4215 στράτευμα
1495 4138 1549 4194 ἐν
1589 4143 1667 4211 τῷ
1725 4140 1970 4214 ἀπαίρειν

309 4231 386 4295 εἰς
449 4228 844 4300 Παλαιστίνην,
909 4228 1001 4284 καὶ
1057 4227 1127 4282 τὰ
1178 4228 1314 4301 πρὸς
1371 4227 1432 4281 τὸ
1484 4232 1580 4302 ζῇν
1643 4226 1972 4300 ὠνουμένοις

303 4322 493 4384 αὐτοῖς
537 4321 922 4395 χορηγεῖσθαι,
957 4317 1047 4371 καὶ
1086 4317 1150 4372 τὸ
1210 4313 1401 4371 δοκοῦν
1453 4316 1540 4371 ἐπὶ
1577 4315 1794 4378 τούτοις
1828 4316 1974 4389 αὐτῷ

306 4414 576 4484 σημανεῖν
675 4405 745 4463 δι’
848 4406 1063 4462 οἷκείων
1162 4405 1574 4474 ἀνταποστολῆς
1669 4400 1972 4480 πρέσϐεων.

306 4496 608 4554 Στέλλεται
629 4496 807 4552 τοίνυν
843 4494 981 4571 πρὸς
1010 4493 1171 4549 αὐτὸν
1214 4495 1241 4549 6
1297 4498 1395 4548 τοῦ
1429 4490 1637 4568 δρόμου
1669 4491 1973 4570 λογοθέτης

306 4588 566 4656 Ἰωάννης
620 4586 647 4640 6
707 4585 933 4655 Δούκας,
993 4583 1084 4637 καὶ
1116 4583 1320 4644 πίστεις
1373 4580 1498 4645 δοὺς
1529 4582 1617 4637 καὶ
1654 4577 1840 4637 λαϐὼν
1899 4583 1974 4646 ὼς

2148 3337 2201 3391 3.
2236 3335 2435 3409 Neque
2466 3354 2599 3393 vero
2642 3336 2792 3394 ullus
2844 3354 3036 3394 annus
3090 3336 3242 3395 elabi
3300 3341 3525 3411 poterat
3582 3340 3724 3410 quin

2082 3421 2314 3493 publice
2373 3423 2750 3479 abominandi
2809 3423 3024 3495 aliquid
3081 3424 3332 3494 afferret,
3393 3441 3510 3481 non
3560 3424 3731 3481 aliter

2080 3527 2255 3581 quam
2314 3512 2363 3567 si
2420 3512 2693 3567 Numinis
2750 3512 3077 3585 indignatio
3108 3512 3193 3567 illi
3231 3513 3381 3571 525
3423 3515 3574 3568 elati
3606 3532 3733 3585 per-

2080 3604 2256 3672 petua
2286 3600 2433 3657 bella
2476 3602 2841 3659 decrevisset.
2903 3601 3079 3664 Quasi
3136 3602 3293 3655 enim
3354 3601 3592 3657 Barbari
3623 3602 3727 3658 cir-

2078 3690 2371 3745 cumcirca
2424 3689 2640 3746 nostris
2693 3689 3014 3746 cervicibus
3064 3688 3443 3745 imminentes
3495 3689 3565 3743 ad
3617 3706 3723 3746 nos

2077 3778 2448 3849 castigandae
2509 3795 2621 3831 non
2683 3778 2825 3832 satis
2892 3784 3104 3844 essent,
3168 3777 3342 3831 etiam
3401 3775 3721 3848 longinquo

2078 3866 2232 3921 malo
2275 3882 2480 3921 sumus
2526 3866 2812 3938 oppressi.
2867 3865 3011 3921 Nam
3072 3866 3400 3921 Fridericus
3457 3866 3725 3921 Aleman-

2078 3971 2284 4010 norum
2315 3972 2412 4010 rex
2443 3955 2649 4026 legatis
2680 3954 2753 4009 ad
2802 3956 3087 4011 Isaacium
3142 3955 3553 4026 imperatorem
3590 3956 3725 4011 mis-

2077 4047 2156 4103 sis
2186 4046 2351 4118 petiit
2382 4056 2439 4101 ut
2469 4046 2582 4102 sibi
2606 4064 2741 4101 cum
2798 4046 3075 4102 omnibus
3131 4046 3317 4117 copiis
3359 4045 3719 4104 Palaestinam

2078 4136 2408 4208 petentibus
2470 4152 2571 4207 per
2622 4136 2912 4191 Romanas
2978 4135 3307 4207 provincias
3371 4141 3571 4209 pacate
3620 4137 3728 4192 iter

2076 4225 2261 4279 facere
2293 4232 2350 4280 et
2370 4229 2992 4281 commeatum'emere
3038 4224 3256 4290 liceret,
3299 4231 3354 4281 et
3403 4242 3564 4282 suam
3593 4244 3724 4282 sen-

2074 4317 2316 4373 tentiam
2378 4334 2479 4390 per
2541 4318 2807 4389 proprios
2883 4316 3103 4388 legatos
3166 4318 3277 4373 sibi
3346 4319 3719 4390 significaret.

2073 4407 2318 4463 Mittitur
2347 4407 2525 4478 igitur
2577 4408 2646 4463 ad
2704 4424 2837 4462 eum
2893 4407 3083 4462 dromi
3128 4406 3422 4477 logotheta
3468 4411 3722 4464 Joannes

2073 4496 2302 4565 Ducas;
2338 4497 2566 4569 ﬁdeque
2597 4496 2732 4552 data
2755 4501 2811 4552 et
2841 4502 3079 4568 accepta
3130 4512 3322 4567 regem
3364 4496 3491 4552 sine
3544 4495 3721 4551 male~

2078 4584 2206 4639 {icio
2241 4585 2647 4654 transiturum,
2708 4583 2932 4639 nullam
2996 4584 3224 4650 urbem,
3283 4583 3510 4638 nullum
3555 4583 3721 4655 oppi-

306 4673 471 4737 αὐτὸς
505 4675 602 4748 μὲν
633 4674 662 4729 6
824 4673 924 4742 τήν
959 4672 1063 4726 ὑπὸ
1122 4671 1429 4744 Ῥωμαίους
1490 4671 1696 4746 ἀμαχεὶ
1756 4668 1968 4726 διελεύ-

2080 4674 2240 4743 dum,
2270 4673 2499 4729 nullum
2561 4673 2865 4729 castellum
2926 4677 3023 4727 aut
3076 4689 3283 4742 pagum
3345 4672 3719 4741 violaturum,

305 4784 453 4819 σεται
484 4765 574 4819 καὶ
638 4759 807 4836 μηδέν
832 4782 884 4815 τι
940 4758 1138 4831 δράσας
1196 4760 1395 4815 ἐσεῖται
1433 4761 1623 4821 κακὸν,
1684 4759 1746 4814 οὐ
1776 4758 1963 4829 πόλιν,

308 4857 369 4913 οὗ
409 4856 629 4926 κώμην,
654 4853 718 4907 ού
772 4850 1051 4929 φρούριον,
1113 4849 1174 4904 ού
1233 4849 1550 4925 πολίχνιον,
1582 4850 1852 4924 Ῥωμαῖοι
1909 4846 1967 4903 δὲ

308 4939 691 5020 προϐαλοῦσιν
726 4942 875 5012 αὐτῷ
905 4939 971 4993 τὰ
1001 4935 1285 5010 ἐπιτήδεια
1316 4937 1541 5018 ἄφθονα,
1575 4939 1649 5001 ὡς
1686 4940 1761 5012 μή
1820 4959 1965 5000 τινος

310 5032 589 5102 σπανίζειν
619 5032 716 5099 τήν
756 5031 844 5084 ὑπ’
888 5029 1049 5084 αὐτὸν
1111 5029 1383 5104 στρατιὰν,
1439 5027 1566 5084 ἀλλ’
1596 5028 1964 5104 ἀπραγμόνως

310 5124 404 5180 καὶ
462 5121 600 5178 κατὰ
657 5118 856 5191 λαιμὸν
916 5113 1062 5193 ἔχειν
1128 5116 1309 5191 ὣσπερ
1379 5112 1759 5191 ἐπεμϐυόμενα
1816 5118 1965 5179 ὅσοις

310 5211 589 5290 ἅνθρωποι
617 5207 904 5285 τρέφονται
936 5206 1027 5261 καὶ
1069 5209 1158 5260 οἷα
1187 5210 1304 5269 τοῖς
1332 5204 1531 5269 ’ίπποις
1563 5202 1962 5278 συμϐάλλεται,

312 5304 447 5378 μετὰ
475 5299 665 5374 καιρὸν
706 5296 904 5360 ἐκεῖθεν
962 5295 1201 5350 ἐπάνεισι
1267 5295 1357 5349 καὶ
1415 5293 1666 5370 ἀγγέλλει
1724 5295 1791 5350 τὰ.
1830 5295 1966 5368 ξυμ-

305 5390 623 5471 φωνηθέντα
650 5390 729 5457 τῷ
762 5383 1135 5471 βασιλεῖΚαὶ
1192 5384 1219 5439 6
1254 5381 1509 5471 βασιλεὺς
1555 5391 1655 5471 τῆς
1687 5382 1963 5457 ξυλλογῆς

299 5470 408 5537 τῶν
438 5476 618 5534 ὠνίων
653 5470 912 5551 φροντίδα
970 5470 1175 5540 τίθησι,
1208 5472 1297 5525 καὶ
1356 5470 1423 5540 ἦν
1481 5471 1528 5542 ἐξ
1588 5470 1963 5545 ἐπιτάγματος

305 5570 409 5627 ὕπὸ
440 5571 550 5624 τῶν
584 5562 949 5636 ἐπαρχιωτῶν
984 5556 1174 5614 αὒτίκα
1236 5560 1643 5638 μεταφερόμενα
1696 5562 1814 5616 καθ’
1871 5561 1964 5621 οὓς

299 5653 512 5736 ἓμελλι
538 5649 802 5713 τόπον)ςὸ
1006 5645 1339 5724 διέρχεσθαι.
1402 5649 1493 5714 Ὠς
1552 5647 1609 5705 δί
1673 5653 1765 5707 καὶ
1806 5649 1965 5713 αὐτὸς

2077 4764 2367 4819 Romanos
2397 4769 2788 4819 commeatum
2846 4762 2897 4817 ei
2952 4761 3183 4816 abunde
3225 4761 3723 4834 suppeditaturos,

2080 4857 2146 4906 ut
2175 4854 2303 4922 ejus
2334 4854 2620 4908 exercitus
2653 4850 2814 4907 nulla
2868 4867 2928 4906 re
2979 4850 3303 4906 necessaria
3360 4855 3571 4914 careat,
3620 4854 3722 4907 sed

2078 4939 2275 4994 omnia
2308 4939 2364 4994 in
2401 4943 2672 5011 promptu
2704 4937 3108 5010 copiosissime
3166 4938 3377 4994 habeat
3429 4956 3560 5011 quae
3600 4944 3719 4995 tam

2072 5026 2357 5098 jumentis
2395 5045 2565 5097 quam
2619 5027 2960 5081 hominibus
3012 5026 3145 5081 usui
3197 5031 3353 5091 sunt,
3405 5027 3718 5098 aliquando

2077 5123 2208 5189 post
2266 5118 2585 5172 revertitur.
2660 5119 2737 5172 Iis
2827 5116 3263 5171 conditionibus
3348 5117 3718 5185 renuntiatis,

2073 5206 2387 5277 imperator
2447 5222 2546 5278 per
2603 5204 2922 5276 provincias
3003 5205 3177 5259 edicit
3262 5210 3346 5270 ut,
3434 5223 3551 5277 qua
3624 5223 3723 5262 rex

2072 5294 2430 5351 transiturus
2462 5300 2636 5359 esset,
2669 5297 3031 5349 commeatus
3071 5299 3501 5365 comportetur:
3535 5294 3724 5365 ipsius

2073 5402 2204 5438 vero
2237 5385 2292 5438 in
2324 5384 2469 5437 ﬁnes
2502 5386 2793 5439 Romanos
2826 5383 3129 5453 ingressus
3177 5383 3461 5438 victorum
3513 5401 3721 5455 genere

2072 5483 2119 5528 et
2165 5474 2446 5543 dignitate
2470 5472 2622 5529 526
2646 5470 2933 5527 clarorum
2986 5470 3198 5526 litteris
3257 5473 3523 5527 nuntiato
3554 5488 3719 5526 eum-

2072 5564 2200 5618 dem
2248 5561 2624 5633 Logothetam
2685 5560 2874 5616 denuo
2935 5560 3133 5625 mittit,
3175 5576 3406 5631 unaque
3462 5576 3591 5613 cum
3653 5576 3720 5615 eo

2070 5649 2464 5708 Andronicum
2499 5653 2984 5721 Cantacuzenum,
3031 5648 3130 5721 qui
3190 5649 3346 5720 regis
3400 5646 3717 5704 transitum
