4098 6292
449 374 570 438 767

1758 370 2069 434 NICETE
2110 366 2534 433 ΟΗΟΝῙΑΤΕ

3745 375 3866 438 768

447 507 902 566 commodiorem
974 507 1303 563 redderent.
1364 505 1575 564 Verum
1633 506 1674 563 ii
1728 503 2080 579 ignoratione

2203 499 2353 564 ἐντὸς
2409 500 2542 558 εἶναι
2605 505 2714 558 τῶν
2769 503 2932 577 ὁρίων
2979 500 3286 578 ἠγγέλλετο
3353 505 3463 558 τῶν
3531 504 3859 577 Ῥωμαϊκῶν

447 599 622 655 olﬁcii
653 603 710 656 et
740 609 941 669 suapte
997 599 1232 668 ignavia
1287 598 1415 670 (etsi
1464 597 1618 654 enim
1681 597 1849 652 amici
1911 595 2092 650 nostri

446 693 606 756 sunt,
637 695 831 744 tamen
897 688 1107 742 veritas
1165 685 1251 743 eis
1323 695 1406 743 est
1477 687 1854 760 prml‘erenda)
1899 701 2091 752 regem

446 783 646 834 contra
702 781 992 832 Romanos
1049 777 1440 844 concitarunt,
1491 782 1548 833 et
1631 782 1695 832 ut
1776 776 2094 847 imperator

445 883 580 923 eum
647 882 749 937 pro
805 866 966 922 hoste
1035 871 1370 936 suspectum
1456 866 1695 922 haberet
1755 867 2088 920 effecerunt.

442 958 528 1014 Ita
557 959 613 1012 et
649 955 1066 1026 jusjurandum
1125 961 1214 1011 est
1259 956 1558 1012 turbatum
1609 961 1666 1011 et
1709 955 2091 1028 comportatio

441 1050 802 1100 commeatus
833 1044 1085 1100 cessavit
1117 1064 1131 1114 ;
1166 1049 1223 1099 et
1253 1061 1379 1112 nos,
1415 1045 1514 1113 qui
1576 1045 1694 1100 haec
1748 1045 2089 1110 scribimus,

437 1139 563 1190 tum
598 1132 1149 1205 Philippopolitanm
1210 1133 1516 1204 provinciae
1569 1133 1978 1205 gubernationi
2035 1139 2092 1187 et

439 1223 816 1293 descriptioni
878 1223 1152 1293 praefecti,
1223 1223 1492 1294 plurimis
1553 1221 1838 1278 molestiis
1883 1221 2088 1277 conﬂi-

436 1312 572 1366 ctati
607 1327 838 1376 sumus,
884 1326 1017 1366 cum
1081 1326 1237 1365 nunc
1294 1310 1663 1380 imperatoris
1719 1312 1892 1380 jussu
1953 1309 2090 1363 Phi-

437 1399 750 1472 lippopolis
779 1399 995 1454 muenia
1041 1404 1099 1454 et
1161 1402 1347 1454 fossas
1413 1398 1532 1454 illis
1590 1400 1855 1471 angustis
1899 1404 1955 1452 et
1986 1412 2082 1470 ps-

441 1488 712 1544 riculosns
767 1489 1131 1557 temporibus
1181 1489 1666 1558 instauraremus,
1729 1504 1884 1543 nunc
1955 1487 2088 1542 aliis

439 1577 654 1634 litteris
706 1579 905 1634 eadem
967 1577 1232 1632 demoliri
1283 1579 1647 1648 juberemur,
1709 1594 1779 1634 ne
1829 1584 2084 1650 recepta-

441 1667 640 1724 culum
673 1667 827 1738 rrgis
857 1673 1070 1723 essent.
1102 1666 1206 1732 Qui
1265 1685 1395 1722 cum
1451 1667 1895 1722 excursionibus
1936 1683 2088 1722 com-

437 1763 694 1812 meatum
738 1761 986 1827 pararet,
1018 1756 1334 1829 imperator
1361 1756 1584 1828 legatos
1613 1757 1742 1828 ejus
1791 1757 2088 1812 detinebat

437 1854 489 1901 et
519 1851 800 1918 angustos
841 1845 1108 1901 tramites
1155 1861 1263 1900 sua
1315 1844 1589 1916 opinione
1639 1843 2080 1914 intercludebatl

2196 1837 2568 1911 ὑπεζωσμένοι
2633 1845 2932 1910 τηνικαῦτα
2988 1843 3075 1896 καὶ
3137 1843 3318 1917 ἀρχὴν
3377 1845 3469 1898 καὶ
3503 1844 3850 1922 ἀπογραφὴ),
3951 1885 3966 1896 .

437 1932 742 1989 altissimis
793 1933 1098 1989 arboribus
1155 1932 1406 1988 succisis
1455 1941 1511 1986 et
1560 1933 1640 1987 ita
1696 1933 1965 2006 implexis
2023 1939 2086 1990 ut

434 2023 492 2078 id
525 2027 744 2093 septum
796 2039 829 2077 ιι
884 2038 1018 2093 rege
1075 2021 1311 2076 transiri
1361 2039 1474 2076 non
1509 2026 1724 2091 posset.
1758 2022 1867 2078 Sed
1901 2027 1958 2078 et
1992 2040 2087 2095 pa-

437 2112 678 2171 truelem
733 2127 907 2166 suum
961 2110 1284 2167 Manuelem
1359 2111 1504 2167 527
1595 2112 1898 2184 Camyzem
1960 2131 2085 2184 pro-

435 2192 832 2264 tostratorem,
889 2204 946 2255 et
995 2199 1324 2256 Occidentis
1373 2201 1751 2258 domesticum
1819 2202 2082 2259 Alexium

439 2288 854 2355 Guidum,cum
879 2290 1134 2345 exercitu
1149 2305 1344 2362 regem
1365 2291 1644 2362 subsequi
1661 2297 1715 2347 et
1731 2291 2048 2348 Alemanno
2063 2311 2089 2348 s

432 2379 783 2452 pabulantes
823 2396 892 2435 ex
937 2380 1170 2435 insidiis
1219 2381 1457 2454 aggredi
1492 2382 1690 2452 jussit.
1737 2382 1951 2439 Verum
1984 2400 2082 2440 rex

431 2468 531 2524 illo
564 2469 840 2524 arborum
871 2467 1020 2522 vallo
1047 2469 1130 2524 ita
1179 2470 1498 2540 impeditus
1538 2475 1626 2526 est
1675 2476 1740 2528 ut
1777 2489 1844 2528 ex
1893 2489 2082 2546 angu-

433 2557 566 2614 stiis
593 2558 720 2614 sine
769 2556 888 2614 ullo
935 2559 1164 2631 negotio
1216 2561 1496 2616 evaderet.
1555 2561 1672 2617 lmo
1721 2563 1877 2632 quod
1929 2562 2079 2618 face-

435 2647 550 2704 tius
583 2651 692 2712 est,
727 2647 840 2704 alia
869 2649 960 2702 via
991 2647 1440 2721 PhilippOpolim
1475 2651 1796 2722 penetravit
1825 2667 1840 2719 ;
1885 2651 2081 2724 ibique

432 2737 581 2793 vallo
607 2737 837 2793 munito
863 2737 1142 2793 Romanis
1175 2738 1640 2810 imprudentibus
1692 2737 1818 2795 loca
1867 2757 2080 2810 praeoc-

433 2827 686 2898 cupavit,
719 2844 752 2881 a
783 2827 998 2898 quibus
1026 2826 1446 2896 prohibebatur
1493 2843 1865 2901 quorumque
1902 2845 2082 2885 causa

429 2915 713 2990 angustiis
741 2917 1216 2972 obstruebantur.
1253 2915 1700 2988 Philippopolim
1752 2917 2078 2990 ingressus,

428 3003 632 3059 urbem
688 3002 982 3078 plerisque
1031 3005 1222 3077 iisque
1282 3004 1668 3062 nobilissimis
1716 3005 1941 3062 civibus
1988 3024 2082 3064 va-

429 3109 598 3150 cuam
635 3093 862 3164 reperit.
897 3094 1044 3149 Nam
1077 3094 1126 3150 ei
1161 3096 1292 3165 quis
1321 3093 1401 3149 ibi
1433 3102 1749 3164 manserat,
1783 3096 1831 3150 is
1874 3102 1976 3152 aut
1999 3097 2079 3152 ita

2201 593 2290 646 καί
2323 589 2624 667 γράμματα
2671 591 3046 670 πεφοιτηκότα
3075 597 3152 664 τῷ
3198 591 3418 666 βασιλεῖ
3467 595 3586 665 μετ’
3649 593 3858 671 ἀνδρῶν

2201 681 2338 735 κατᾶ
2367 679 2524 756 γένος
2562 679 2834 757 λαμπρῶν
2891 682 2980 736 καὶ
3039 680 3259 752 ἀξίωσιν
3309 682 3408 750 τήν
3439 681 3605 737 αὐτοῦ
3646 705 3857 760 παρου-

2203 767 2318 823 σίαν
2349 771 2675 842 ἐσήμαινον,
2710 773 2738 827 ὁ
2795 770 2955 834 αὐτὸς
3013 772 3105 826 καὶ
3143 769 3310 826 πάλιν
3342 769 3626 829 στέλλεται
3683 772 3854 850 λογο-

2203 858 2363 927 θέτης
2418 859 2474 913 εὖ
2529 855 2804 930 διαθήσων
2851 861 2950 930 τήν
3009 857 3188 915 δίοδον
3215 864 3311 915 τοῦ
3342 860 3536 938 ῥηγὸς,
3571 861 3668 917 σὺν
3707 863 3855 938 αὖτῷ

2203 943 2260 1002 δὲ
2315 946 2404 1001 καὶ
2466 947 2494 1002 ὁ
2551 949 3003 1020 Καντακουζηνὸς
3058 947 3422 1024 Ἀνδρόνικος.
3483 949 3644 1009 Ἀλλ’
3707 953 3861 1009 οὗτοι

2200 1034 2698 1112 ἀνεπιστημοσύνην
2811 1043 2922 1094 τῶν
3007 1038 3342 1117 ὀφειλόντων
3453 1039 3696 1114 γενέσθαι
3771 1043 3863 1096 καὶ

2203 1123 2548 1198 μαλακότητι
2591 1125 2765 1200 οἶκείᾳ
2821 1127 3024 1203 (χρεὼν
3080 1127 3182 1203 γὰρ
3236 1127 3326 1184 καὶ
3375 1128 3549 1207 φίλων
3591 1133 3728 1204 ἡμῖν
3756 1137 3862 1188 τῶν

2201 1209 2406 1286 ἀνδρῶν
2453 1209 2625 1268 ὄντων
2685 1215 2760 1276 ὡς
2819 1210 3188 1290 πρεσϐυτέραν
3237 1215 3326 1270 καὶ
3379 1213 3637 1290 φιλτὲραν
3693 1225 3856 1291 τιμᾷν

2197 1301 2296 1369 τὴν
2353 1301 2640 1376 ἀλήθειαν)
2700 1303 2860 1360 αὐτόν
2911 1325 2970 1359 τε
3027 1305 3116 1360 τὸν
3179 1305 3324 1383 ῥῆγα
3375 1306 3511 1360 κατὰ
3566 1307 3857 1380 Ῥωμαίων

2197 1389 2456 1462 ἐξέμηνα-ι
2514 1392 2606 1446 καί
2661 1395 2754 1449 τὸν
2843 1393 3070 1468 βασιλέα
3152 1395 3228 1457 ὡς
3321 1390 3595 1468 πολέμιον
3663 1396 3865 1452 ἐκεῖνον

2200 1478 2498 1558 ὑφορᾶσθαι
2555 1481 2906 1558 παρέπεισαν.
2974 1485 3134 1548 Ὃοεν
3198 1482 3253 1538 ο⁹ί
3302 1505 3362 1540 τε
3421 1483 3577 1558 δρκοι
3635 1486 3860 1561 συνεχέ-

2198 1569 2391 1640 θησαν,
2423 1571 2514 1625 καὶ
2546 1573 2579 1640 ἡ
2612 1575 2720 1626 τῶν
2785 1577 3046 1646 ζωαρκῶν
3105 1571 3454 1629 ἐπιλελοίπει
3514 1573 3852 1652 συγκομιδὴ,

2194 1657 2284 1712 καὶ
2333 1661 2498 1730 ἡμεῖς
2555 1662 2605 1716 οἱ
2669 1663 2836 1718 ταῦτα
2891 1664 3184 1737 γράφοντες
3265 1663 3547 1726 πλείστοις
3602 1665 3849 1740 ἀνιαροῖς

2194 1747 2680 1823 προσεπλάκημεν,
2749 1753 2850 1820 τὴν
2906 1757 3003 1807 τοῦ
3057 1751 3289 1824 θέματος
3341 1751 3852 1818 Φιλιππουπόλεως

2193 1930 2284 1982 νῦν
2367 1927 2461 2000 μὶν
2516 1929 2650 2002 πρὸς
2715 1928 2985 2004 βασιλέως
3046 1929 3457 2003 ἐπιταττόμενοι
3547 1931 3853 2002 ἀνακτίζειν

2192 2015 2282 2070 τὸν
2313 2023 2416 2085 τῆς
2477 2015 2761 2073 Φιλίππου
2821 2013 3122 2093 περίϐολον
3172 2019 3262 2074 καὶ
3324 2018 3723 2097 διαταφρεύειν,
3767 2021 3857 2076 καὶ

2193 2105 2339 2160 οὕτω
2395 2107 2530 2161 κατᾶ
2575 2105 2705 2168 τοὺς
2761 2107 2977 2168 στενοὺς
3034 2107 3274 2170 ἐκείνους
3355 2109 3443 2164 καὶ
3509 2107 3854 2175 κινδυνώδεις

2195 2195 2430 2272 χρόνους
2462 2193 2946 2270 διαπραττόμενοι,
2999 2199 3136 2271 μετὰ
3168 2197 3350 2274 βραχὺ
3411 2196 3468 2255 δὲ
3528 2197 3618 2254 διὰ
3673 2221 3853 2276 γραμο

2197 2284 2379 2360 μάτων
2431 2287 2530 2355 τήν
2604 2288 2914 2362 καθαίρεσιν
3002 2287 3423 2362 ἐπιτιμώμενοι,
3485 2288 3578 2345 ’ίνα
3635 2293 3711 2364 μή
3765 2291 3850 2362 εἳη

2191 2375 2560 2454 κρησφύγετον
2606 2379 2686 2448 τῷ
2743 2376 2893 2452 ῥηγί.
2955 2375 3180 2451 ’Δμέλει
3208 2377 3300 2432 καὶ
3358 2379 3386 2434 ὁ
3449 2380 3544 2451 μὲν
3576 2377 3849 2453 ἐκδρομὰς

2191 2464 2522 2538 ποιούμενος
2551 2465 2618 2520 τὰ
2670 2465 2805 2540 πρὸς
2851 2466 2914 2522 τὸ
2975 2469 3069 2540 ζῇν
3127 2466 3428 2542 ἐπορίζετο,
3463 2465 3717 2544 βασιλεὺς
3787 2467 3847 2526 δὲ

2190 2553 2316 2615 τοὺς
2380 2557 2478 2608 τοῦ
2535 2552 2700 2630 ρηγὸς
2757 2549 3010 2630 πρέσϐεις
3069 2556 3170 2611 οὐκ
3235 2556 3318 2612 εῗα
3404 2555 3842 2614 ἐπανελεύσεσθαι

2189 2644 2325 2718 πρὸς
2361 2644 2453 2698 τὸν
2487 2644 2908 2711 ἀποστείλαντα,
2938 2645 3028 2700 καὶ
3059 2647 3156 2709 τὰς
3191 2647 3374 2709 στενὰς
3420 2653 3528 2702 τῶν
3559 2645 3836 2724 παρόδων,

2189 2731 2265 2794 ὡς
2297 2731 2482 2806 ἐκείνῳ
2512 2730 2709 2801 ἐδόκει,
2743 2731 3020 2806 ἀπέκλειε,
3051 2730 3416 2791 καταϐάλλων
3444 2733 3532 2791 διὰ
3564 2736 3836 2792 πελέκεων

2187 2821 2256 2878 τὰ
2291 2825 2400 2877 τῶν
2460 2819 2696 2898 δένδρων
2759 2823 2978 2898 ὑψιτενῆ
3035 2824 3126 2879 καὶ
3162 2825 3482 2902 βαθύῤῥιζα,
3523 2825 3616 2881 καὶ
3671 2831 3842 2882 ταῦτα

2191 2912 2278 2986 [Ρ.
2309 2911 2781 2987 258γ1ἐκκορυφῶν
2837 2913 2912 2975 ὡς
2973 2914 3048 2977 εἰς
3111 2910 3446 2986 ἀδιεξίτητον
3497 2915 3838 2995 ἂντίφραγμα

2187 3006 2304 3062 τοῖς
2389 2997 2691 3059 ὁδεύουσιν.
2751 2999 2930 3060 Ἅλλᾶ
2978 3002 3069 3058 καὶ
3143 3003 3238 3058 τὸν
3296 3001 3590 3084 ἐξάδελφον
3637 3004 3838 3062 ἐκείνου

2188 3091 2450 3162 Μανουήλ
2514 3093 2608 3148 τὸν
2665 3093 2981 3166 Καμῦτζην,
3034 3095 3499 3171 πρωτοστράτορα
3548 3095 3700 3168 ὄντα,
3756 3097 3836 3152 καὶ

432 3199 659 3256 pauper
687 3187 811 3237 erat
842 3189 902 3237 ut
929 3185 1058 3254 ejus
1105 3200 1245 3254 opes
1287 3183 1346 3238 in
1378 3184 1637 3240 vestibus
1682 3186 1895 3256 quibus
1926 3195 2078 3258 tege-

2188 3182 2278 3237 τὸν
2305 3187 2406 3252 τῆς
2439 3182 2649 3245 Δῦσεως
2681 3179 3001 3256 δομέστικον
3041 3184 3134 3240 τὸν
3193 3183 3354 3240 Γίδον
3411 3183 3657 3260 Ἀλέξιον
3698 3207 3841 3282 παρη

432 3271 606 3326 batur
635 3271 1040 3341 consisterent,
1094 3277 1196 3328 aut
1246 3277 1371 3329 erat
1417 3289 1487 3329 ex
1535 3277 1936 3331 Armeniorum
1979 3293 2082 3332 nu-

432 3376 612 3418 mero.
651 3361 718 3415 Hi
747 3360 903 3416 enim
939 3361 1040 3416 uni
1071 3361 1336 3417 omnium
1370 3363 1679 3419 transitum
1731 3363 2079 3421 Alemanno-

429 3465 561 3504 rum
597 3465 710 3504 non
742 3449 1000 3505 hostium
1031 3449 1450 3522 incursionem,
1486 3452 1587 3508 sed
1627 3452 1950 3510 amicorum
1983 3453 2078 3510 ad-

424 3543 658 3594 ventum
684 3539 1050 3609 judicabant.
1083 3539 1230 3596 Nam
1283 3543 1340 3596 et
1391 3542 1738 3597 commercia
1771 3543 1923 3598 inter
1947 3560 2077 3600 sese

425 3626 649 3698 agitant
679 3633 736 3684 et
765 3628 823 3684 in
858 3628 1148 3701 plerisque
1181 3629 1482 3702 religionis
1513 3630 1890 3702 dogmatibus
1937 3649 2079 3688 con-

431 3717 710 3773 sentiunt.
743 3717 968 3790 Quippe
1001 3721 1153 3790 apud
1184 3718 1538 3774 Alamannos
1569 3723 1624 3774 et
1655 3721 1961 3776 Armenios
1983 3737 2074 3778 ea-

428 3822 658 3862 orarum
694 3805 1020 3878 imaginum
1053 3807 1317 3864 adoratio
1350 3823 1514 3880 aeque
1543 3808 1851 3866 interdicta
1880 3815 1989 3878 est,
2023 3815 2080 3867 et

427 3898 646 3968 azymis
675 3896 729 3950 in
764 3896 945 3952 sacris
969 3896 1204 3968 utrique
1237 3903 1504 3968 utuntur,
1549 3901 1605 3954 et
1652 3897 1766 3954 alia
1809 3901 2074 3970 quasdam

429 3985 766 4043 orlhodoxis
795 3984 1143 4042 Christianis
1189 3987 1516 4058 improbata
1565 3987 1858 4059 opinionis
1883 4004 2077 4044 errore

429 4092 534 4147 pro
565 4074 847 4147 legitimis
877 4077 1208 4130 observant.
1239 4075 1544 4132 Enimvero
1593 4093 1689 4132 rex
1733 4079 1904 4132 etiam
1948 4085 2078 4149 post

432 4162 877 4234 Philippopolim
911 4169 1246 4235 occupatam
1299 4165 1367 4220 ad
1415 4171 1889 4238 protostratorem
1926 4166 2076 4222 scri-

430 4251 566 4306 bere
598 4251 746 4308 528
779 4253 942 4323 eique
994 4253 1326 4325 significare
1379 4271 1493 4310 non
1535 4253 1757 4308 destitit
1785 4254 2074 4310 Romanos

427 4341 645 4398 frustra
675 4342 785 4398 sibi
819 4343 930 4398 iter
959 4345 1260 4400 includere
1307 4349 1366 4400 et
1415 4349 1818 4416 properantem
1870 4351 2074 4402 contra

423 4431 684 4488 ofﬁcium
719 4433 1017 4506 impedire.
1070 4433 1267 4505 Neque
1321 4433 1476 4488 enim
1543 4450 1603 4489 se
1645 4435 1729 4492 vel
1782 4435 1944 4506 prius
1984 4435 2070 4492 vel

424 4539 579 4580 nunc
602 4521 923 4595 quidquam
957 4523 1014 4577 in
1049 4523 1244 4577 animo
1267 4522 1566 4588 habuisse,
1601 4523 1757 4595 quod
1788 4523 2066 4580 Romanis
2097 4561 2148 4624 Β

425 4613 861 4668 incommodum
899 4617 1000 4667 aut
1027 4611 1353 4667 molestiam
1389 4611 1638 4678 afferret,
1680 4617 1739 4668 et
1788 4619 1952 4685 pacta
2003 4631 2067 4668 ac

417 4709 706 4760 conventa
733 4701 926 4758 adhuc
958 4701 1236 4757 inviolata
1255 4716 1619 4758 conservare.
1661 4702 1770 4768 Qui
1804 4719 1934 4758 cum
1967 4721 2066 4760 eas

415 4791 640 4848 litteras
679 4791 1017 4862 imperatori
1050 4790 1443 4862 signiﬁcasset
1487 4796 1544 4847 et
1579 4791 1751 4861 jussa
1787 4793 1916 4862 ejus
1945 4809 2069 4849 exs-

415 4886 691 4954 pectaret,
725 4899 1026 4953 nunquam
1063 4886 1324 4952 pacatum
1357 4882 1427 4936 ab
1475 4897 1542 4936 eo
1602 4897 1945 4954 responsum
1981 4899 2067 4938 ac-

417 4969 590 5040 cepit,
619 4969 870 5024 subinde
919 4973 986 5026 ad
1038 4969 1301 5041 praelium
1355 4969 1842 5026 committendum
1895 4971 2068 5026 exsti-

417 5057 680 5113 mulante
709 5063 767 5114 et
801 5059 1093 5130 ignaviam
1121 5060 1172 5115 ei
1202 5062 1578 5132 exprobante,
1601 5059 1759 5131 quod
1797 5059 2064 5116 Aleman-

417 5162 627 5204 norum
657 5151 872 5202 temere
910 5152 967 5202 et
1011 5147 1265 5217 sparsim
1338 5147 1677 5221 pabulatum
1727 5149 2064 5205 exeuntium

415 5234 642 5293 casdem'
667 5240 723 5290 et
753 5234 1206 5291 internecionem
1239 5238 1498 5292 nondum
1527 5237 1936 5311 signiﬁcasset.

2171 5231 2421 5295 τελεσίας

2185 3270 2402 3336 έπεσθαί
2491 3272 2542 3327 οἱ
2649 3271 2784 3346 μετὰ
2883 3275 3300 3348 στρατευμάτων
3407 3273 3678 3348 ἐκέλευσε,
3751 3270 3843 3332 καί

2185 3357 2500 3431 λεληθότως
2559 3359 2892 3416 ἐπιτίθεσθαι
2952 3367 3070 3424 τοῖς
3141 3363 3552 3439 χορτολογοῦσι
3610 3365 3700 3420 καὶ
3755 3363 3846 3429 τὰς

2181 3449 2388 3524 τροφὰς
2439 3450 2792 3523 μαστεύουσιν
2844 3449 3206 3522 Ἀλαμανοῖς.
3260 3455 3354 3525 Τῷ
3410 3450 3468 3508 δὲ
3523 3451 3652 3530 ρηγὶ
3701 3453 3838 3510 οὕτω

2183 3537 2554 3614 προσέστησαν
2631 3538 2700 3594 τὰ
2755 3543 2875 3602 ταῖς
2939 3537 3278 3617 δυσχωρίαις
3361 3542 3698 3618 γεγενημένα
3753 3540 3842 3598 διὰ

2183 3622 2499 3698 καταϐολῆς
2565 3633 2672 3683 τῶν
2739 3625 2970 3700 δένδρων
3064 3630 3489 3706 ἐπιτειχίσματα
3553 3630 3693 3687 ὥστε
3747 3631 3843 3686 σὺν

2181 3716 2334 3791 πόνῳ
2357 3713 2529 3772 οὐδενί
2560 3716 2836 3787 παρῆλθεν
2896 3719 3055 3774 αὐτά.
3115 3720 3190 3776 Τὸ
3250 3717 3307 3774 δὲ
3353 3716 3420 3790 δὴ
3455 3719 3838 3798 χαριέστερον,

2185 3807 2344 3868 αὐτὸς
2377 3807 2471 3880 μὶν
2504 3803 2572 3860 δι’
2604 3804 2784 3876 ἄλλης
2845 3804 2975 3862 ὁδοῦ
3023 3805 3294 3880 ἐπορεύθη
3336 3808 3424 3864 καὶ
3481 3807 3705 3877 είσῆλθε
3734 3811 3841 3878 τήν

2183 3895 2661 3966 Φιλιππούπολιν,
2719 3895 2810 3950 καὶ
2870 3898 2988 3952 κατ’
3073 3897 3243 3966 αὺτήν
3303 3893 3526 3954 ἐϐάλετο
3590 3897 3837 3974 χάρακα,

2181 3985 2491 4057 Ῥωμαίους
2523 3983 2580 4040 δὲ
2627 3983 3036 4060 ἀντιπαρελθὼν
3069 3984 3248 4058 ἔλαθε,
3309 3988 3604 4062 γενόμενος
3635 3985 3687 4042 ἐν
3716 3993 3839 4050 τοῖς

2181 4069 2486 4146 ἔμπροσθεν
2539 4072 2628 4128 καὶ
2681 4074 2928 4150 κατέχων
2987 4073 3062 4129 ὧν
3136 4073 3348 4149 εἷ’ργετο
3399 4077 3489 4130 καὶ
3546 4076 3620 4131 ὧν
3673 4075 3834 4152 χάριν

2182 4163 2236 4217 αἱ
2277 4160 2509 4235 πάροδοι
2559 4161 2984 4240 ἅπεφράσσοντο.
3061 4164 3168 4232 Τὴν
3247 4161 3304 4218 δὲ
3379 4161 3835 4220 Φιλιππούπολιν

2180 4250 2362 4306 εἰσιὼν
2395 4250 2770 4326 κεκενωμένην
2831 4251 2953 4327 εὗρε
3007 4257 3116 4307 τῶν
3176 4251 3449 4308 πλειόνων
3510 4255 3598 4308 καὶ
3643 4253 3835 4331 ἐπιφα-

2177 4341 2438 4413 νεστέρων
2466 4341 2634 4410 αὐτῆς
2695 4340 3024 4414 οἱκητόρων·
3087 4341 3133 4396 εί
3191 4343 3294 4419 γάρ
3343 4363 3426 4404 τις
3485 4343 3576 4397 καὶ
3636 4342 3840 4398 ὑπολέ-

2180 4426 2395 4500 λειπτο,
2427 4430 2730 4508 πτωχεῦων
2791 4429 2856 4499 ἧν
2902 4431 3060 4492 οὗτος
3114 4431 3205 4486 καὶ
3268 4433 3368 4500 τὴν
3429 4430 3613 4486 οὐσίαν
3669 4435 3838 4488 πᾶσαν

2180 4517 2233 4574 ἐν
2257 4518 2334 4580 οἷς
2361 4515 2638 4575 ἐνεδέδυτο
2696 4520 2940 4595 ἀριθμῶν
2995 4520 3081 4576 καὶ
3131 4525 3249 4582 τοῖς
3311 4519 3625 4596 Ἀρμενίοις
3657 4541 3838 4576 κατει-

2177 4607 2456 4682 λεγμένος.
2497 4607 2666 4664 Οὗτοι
2716 4607 2820 4684 γὰρ
2884 4607 3041 4682 μόνοι
3103 4613 3210 4664 τῶν
3254 4611 3502 4666 ἁπάντων
3565 4609 3664 4666 οὐκ
3715 4609 3836 4666 ἐπι-

2177 4692 2390 4772 δρομὴν
2419 4693 2608 4765 ἐθνῶν,
2636 4695 2782 4751 ἀλλὰ
2815 4693 2992 4774 φίλων
3046 4696 3344 4772 παρουσίαν
3370 4699 3472 4768 τὴν
3511 4703 3620 4753 τῶν
3673 4697 3834 4755 ’Λλα-

2179 4789 2362 4860 μανῶν
2418 4782 2690 4841 διέλευσιν
2756 4782 2983 4860 ἥγηντο,
3034 4783 3225 4854 ἐπειδὴ
3308 4787 3399 4842 καὶ
3483 4791 3834 4863 συγχρῶνται

2176 4874 2490 4950 Ἀρμενίοις
2546 4872 2845 4948 Ἀλαμανοὶ
2905 4875 2994 4930 καὶ
3053 4875 3191 4930 κατὰ
3238 4879 3346 4931 τῶν
3414 4877 3670 4952 αἱρέσεων
3737 4878 3835 4940 τὰς

2176 4961 2434 5025 πλείστας
2465 4961 2742 5034 ἀλλήλοις
2776 4966 3166 5043 συμφέρονται·
3220 4965 3530 5039 Ἀρμενίοις
3581 4966 3687 5041 γὰρ
3743 4965 3832 5020 καὶ

2175 5051 2512 5127 Ἀλαμανοῖς
2569 5053 2654 5110 ἐπ’
2708 5052 2836 5125 ί¹σης
2894 5057 2928 5124 ἡ
2978 5059 3086 5110 τῶν
3126 5053 3296 5128 ἀγίων
3329 5055 3551 5111 εἰκόνων
3591 5054 3833 5130 προσκό-

2173 5165 2328 5214 νησις
2357 5143 2752 5218 ἀπηγόρευται,
2781 5143 2872 5198 καὶ
2903 5148 3019 5206 τοῖς
3076 5143 3309 5216 ἀζύμοις
3341 5144 3482 5201 κατὰ
3536 5146 3630 5206 τὰς
3687 5146 3830 5218 ἱερο-

2524 5231 2828 5308 ἀμφότεροι
2921 5231 3246 5312 κέχρηνται,
3323 5232 3413 5288 καὶ
3498 5233 3645 5290 ἄλλα
3701 5233 3834 5290 ἅττα

415 5317 730 5399 ὁρθοδὸξοις
771 5321 1188 5394 Χριστωνύμοις
1232 5318 1524 5395 ἀπόϐλητα
1581 5325 1734 5380 οὗτοι
1774 5322 2153 5401 σφαλλόμενοι
2218 5325 2316 5379 τοῦ
2358 5323 2520 5398 ὀρθοῦ
2595 5326 2856 5395 τηροῦσιν
2933 5323 3011 5384 ὠς
3078 5315 3292 5395 ἔννομα.
3353 5323 3512 5392 Πλὴν
3567 5324 3658 5378 καὶ
3730 5330 3832 5394 τῆς

417 5411 703 5468 Φιλίππου
778 5412 1067 5486 γενόμενος
1135 5411 1163 5465 ὁ
1381 5413 1646 5490 ἐγκρατὴς
1701 5416 1802 5471 οὐκ
1873 5413 2068 5484 ἀνῆκεν
2147 5411 2486 5469 ἐπιστέλλων
2558 5415 2636 5482 τῷ
2675 5412 3148 5486 πρωτοστράτορι,
3226 5411 3316 5466 καὶ
3397 5409 3838 5486 διιιιμηνυόμενος

416 5501 492 5566 ὠς
533 5503 708 5576 μάτην
759 5501 920 5554 αὐτὸν
998 5505 1098 5568 τῆς
1139 5500 1327 5576 πρόσω
1392 5504 1616 5578 πορείας
1690 5505 1960 5576 Ῥωμαῖοι
2026 5501 2304 5560 κωλύουσι
2379 5500 2471 5557 καὶ
2549 5501 2626 5574 μὴ
2705 5497 2826 5556 δέον
2891 5499 3182 5576 ἐπέχουσιν
3252 5499 3637 5576 ἐπειγόμενον
3697 5494 3838 5576 μηδδ

409 5592 512 5672 γὰρ
553 5591 690 5648 κατὰ
727 5587 1020 5664 Ῥωμαίων
1061 5589 1370 5669 ξύμφορόν
1436 5613 1487 5647 τι
1527 5595 1618 5648 καὶ
1659 5593 1826 5670 ἄχαρι
1901 5593 1993 5648 καὶ
2032 5597 2123 5648 νῦν
2188 5591 2280 5648 καὶ
2355 5591 2622 5666 πρότερον
2701 5584 3116 5665 βεϐουλεῦσθαι,
3173 5589 3264 5645 καὶ
3343 5591 3410 5646 τά
3454 5590 3840 5666 συντεθειμένα

412 5681 471 5742 δὶ
509 5679 800 5763 φυλάττειν
859 5678 1337 5761 ἀπαρεγχείρητα.
1381 5685 1444 5740 '0
1483 5677 1539 5738 δὲ
1581 5679 1726 5754 δῆλα
1761 5683 1932 5748 τιθεὶς
1967 5685 2048 5756 τῷ
2115 5679 2474 5758 αότοκράτορι
2511 5679 2580 5736 τὰ
2615 5680 2956 5760 γραφόμενα,
3031 5679 3120 5736 καὶ
3186 5677 3252 5736 τὸ
3289 5679 3553 5753 ποιητέον
3627 5677 3834 5745 ἐκεῖθεν
