4098 6292
328 321 450 382 ’169
1463 317 1565 379 DE
1607 318 1918 381 ISAACIO
1960 357 1972 378 Α

2083 317 2273 381 ΒΕιο
2317 319 2464 381 LIB.
2508 318 2587 381 Il.
3625 318 3748 380 ’ΠΟ

331 470 776 544 έπιταττόμενος,
829 466 1094 524 αὗδέποτε
1150 468 1272 542 εἶχε
1325 469 1417 523 τὸν
1480 467 1707 544 βασιλέα
1762 467 1828 523 τὰ
1884 467 2021 542 πρὸς
2081 468 2305 543 εἰρήνην
2366 470 2881 539 ἀντεπιστέλλοντα,
2937 467 3063 524 ἀλλ’
3143 468 3469 546 ἆῤῥενοῦντα
3530 469 3746 543 μᾶλλον

347 560 512 615 αὐτὸν
549 560 624 622 είς
664 561 760 627 τήν
793 558 927 632 μετὰ
975 563 1071 612 τοῦ
1130 556 1296 634 ῥηγὸς
1356 558 1706 632 συμπλοκὴν,
1758 558 1846 611 καὶ
1898 557 1974 618 είς
2034 558 2211 632 ἆγενὲς
2268 557 2703 631 κατονειδίζοντα
2757 561 3013 640 φρόνημα
3060 558 3142 614 ὅτι
3201 561 3276 633 μή
3328 559 3381 622 ές
3428 557 3583 634 δεῦρο
3631 554 3749 635 ἔχει

344 648 654 722 πυθόμενος
685 648 951 722 ἀναίρεσιν
983 646 1073 700 καὶ
1103 649 1269 715 ἧτταν
1323 644 1649 718 ’Δλαμανῶν
1700 645 1835 700 κατᾶ
1879 643 2007 706 ἴλας
2050 646 2298 716 ἐξιόντων
2347 650 2423 712 εἰς
2473 653 2656 706 σιτίων
2707 649 2975 724 ἀνεύρεσιν
3022 648 3109 703 καὶ
3158 651 3296 703 κατὰ
3336 649 3488 704 πώεα
3536 648 3747 706 πλατέα

332 741 493 795 κάκεῖ
520 740 608 794 καὶ
637 736 769 812 τῇδε
799 738 1141 812 ἐκχεομένων
1178 737 1313 810 μετὰ
1343 735 1609 806 πλείστης
1641 736 1775 806 ’ὀσης
1802 738 1901 804 τῆς
1929 739 2329 808 πεποιθήσεως,

411 826 480 884 δ’.
555 831 731 884 Ταῦτα
807 823 863 881 δὲ
933 826 1153 903 γράφων
1227 827 1295 895 ἦν
1370 825 1428 880 έυ
1467 830 1547 897 τῷ
1587 822 1826 895 δοξάζειν
1864 844 1972 898 παρ

2173 830 2225 884 4.
2262 831 2389 888 Htec
2433 830 2691 903 impulsu
2751 832 3061 901 cujusdam
3122 830 3437 895 scribebat,
3517 828 3616 900 qui
3679 845 3747 884 cx

332 918 505 987 ἑαυτῷ
533 937 694 970 τινων
728 915 1058 993 ὑφηγήσεσι,
1092 914 1420 989 φωνούντων
1458 912 1670 987 μᾶλλον
1722 913 1828 968 ἀπὸ
1878 934 1987 991 γα-

327 1006 483 1079 στρὸς
534 1007 649 1078 (33)
699 1004 840 1079 ἢπερ
916 999 1252 1080 προειδότων
1329 1005 1396 1059 τὰ
1473 1001 1767 1077 μέλλοντα,
1849 1000 1989 1077 μηδέ

327 1114 466 1150 ποτε
496 1092 787 1168 προθέσθαι
837 1094 930 1148 τὸν
990 1094 1134 1168 ῥῆγα
1179 1094 1277 1163 τὴν
1325 1090 1692 1163 Παλαιστίνην
1746 1090 1988 1147 καταλα-

331 1178 466 1252 ϐεῖν,
524 1183 672 1239 ἀλλὰ
725 1185 826 1251 τὴν
885 1183 1090 1238 ἅπασαν
1149 1182 1359 1258 τρέφειν
1441 1176 1617 1259 ἔφεσιν
1696 1181 1833 1237 κατὰ
1883 1188 1985 1251 τῆς

334 1269 623 1345 βασιλίδος
667 1277 775 1328 τῶν
819 1270 1060 1343 πόλεων,
1117 1270 1207 1326 καὶ
1278 1270 1500 1345 μέλλειν
1558 1269 1617 1326 ἐκ
1670 1274 1767 1325 τοῦ
1827 1267 1985 1339 δῆθεν

330 1359 741 1439 ἀναμφιλέκτου
783 1356 871 1414 διὰ
907 1366 1007 1429 τῆς
1038 1358 1340 1435 λεγομένης
1373 1358 1725 1433 Ξυλοιιέκρου
1747 1354 1983 1419 πυλίδος

328 1457 429 1520 τῆς
456 1450 676 1511 πόλεως
716 1448 976 1513 εἰσελθεῖν
1028 1445 1229 1521 ἔνδοθι,
1277 1448 1368 1503 καὶ
1415 1447 1606 1524 δρᾶσαι
1654 1452 1872 1521 πρῶτον
1915 1447 1982 1502 τὰ

326 1541 652 1607 ἀπευκταῖα,
730 1543 917 1602 παθεῖν
996 1535 1045 1592 δ’
1116 1532 1301 1593 ἔπειτα
1372 1539 1438 1592 τὰ
1511 1536 1811 1615 ἀντίρῥοπα
1862 1540 1980 1598 τοῖς

330 1626 697 1689 δικαίοιςτοῦ
747 1631 882 1682 Θεοῦ
933 1625 1236 1701 σταθμίοις.
1289 1626 1389 1683 Καὶ
1440 1623 1715 1687 τοιαύταις
1762 1622 1982 1700 προλη-

328 1718 478 1793 φθεὶς
507 1719 759 1792 γνώμαις
789 1716 957 1787 αὐτήν
981 1737 1039 1771 τε
1082 1718 1180 1785 τήν
1217 1716 1566 1791 Ξυλόκερκρν
1619 1712 1714 1770 διὰ
1761 1714 1981 1770 τιτάνου

322 1806 412 1862 καὶ
443 1807 680 1870 πλίνθου
732 1805 905 1874 ὀπτῆς
959 1804 1278 1879 ἀπέφραξεν,
1323 1805 1473 1878 [259]
1523 1804 1612 1858 καὶ
1665 1803 1801 1880 βέλη
1865 1807 1980 1875 (34)

322 1892 696 1970 νεοχάλκευτα
726 1896 901 1972 φέρων
933 1892 1208 1956 πολλάκις
1241 1892 1291 1948 ἐν
1319 1898 1439 1948 ταῖν
1468 1897 1657 1968 χεροῖν
1678 1893 1827 1947 ταῦτ’
1847 1885 1981 1969 ἔφα-

327 2006 447 2040 σκεν
488 1984 684 2054 ἄκονᾷν
738 1985 874 2038 κατά
920 1981 1142 2058 καρδίας
1184 1981 1545 2057 παγησόμενα
1585 1986 1693 2038 τῶν
1728 1980 1979 2054 Ἀλαμα-

325 2078 451 2129 νῶν*
488 2071 747 2128 δεικνύων
778 2069 834 2126 δὲ
881 2073 981 2140 τὴν
1031 2073 1343 2147 παράθυρον
1403 2071 1455 2126 ἐν
1499 2076 1614 2132 τοῖς
1674 2069 1977 2147 βασιλείοις

2095 918 2536 992 engastrimythi
2574 921 2764 991 potius
2795 920 2995 976 afﬂatu
3046 936 3218 990 quam
3262 917 3597 991 prophetico
3629 918 3746 988 spi-

2095 1009 2205 1064 ritu
2238 1010 2570 1066 affirmabat
2599 1011 2717 1083 regi
2750 1027 3052 1083 nun-quam
3088 1010 3145 1065 in
3204 1015 3458 1065 mentem
3511 1014 3742 1064 venisse

2094 1097 2413 1154 Palaestina
2444 1100 2911 1171 occupationem,
2944 1100 3047 1154 sed
3077 1115 3211 1153 eum
3255 1097 3403 1152 nihil
3462 1097 3618 1153 aliud
3653 1114 3744 1153 co-

2092 1186 2276 1257 gitare
2308 1187 2419 1243 nisi
2469 1188 2630 1243 urbis
2678 1187 3067 1259 imperatricis
3117 1187 3506 1255 dominatum,
3540 1191 3597 1242 et
3641 1201 3742 1257 per

2090 1275 2384 1345 Xylocerci
2417 1284 2642 1349 portam
2667 1277 2818 1332 haud
2856 1277 3027 1331 dubie
3060 1277 3390 1348 ingressum
3430 1293 3494 1331 ea
3551 1276 3740 1331 factu-

2093 1381 2222 1419 rum
2248 1365 2533 1438 principio
2558 1382 2686 1437 quae
2718 1367 3113 1422 abominanda
3162 1366 3305 1433 sint,
3337 1364 3548 1421 deinde
3572 1366 3738 1435 justo

2094 1452 2188 1508 Dei
2214 1453 2441 1524 judicio
2472 1471 2586 1509 non
2620 1455 2895 1525 pauciora
2923 1471 3363 1527 perpessurum.
3399 1453 3735 1525 Hujusmodi

2089 1542 2459 1612 Opinionibus
2486 1544 2640 1600 529
2673 1554 2992 1615 occupatus
3021 1544 3344 1614 imperator
3386 1542 3571 1614 ipsam
3601 1560 3737 1613 por-

2091 1636 2209 1686 tam
2267 1618 2550 1688 lateribus
2605 1642 2659 1688 et
2708 1639 2973 1688 cemento
3033 1632 3372 1701 obstruxit;
3432 1640 3487 1688 et
3537 1635 3738 1687 acutas

2087 1720 2355 1792 sagittas,
2388 1737 2535 1793 quas
2568 1738 2721 1793 saepe
2752 1722 3024 1777 manibus
3051 1723 3342 1791 gestabat,
3370 1737 3431 1776 se
3459 1721 3521 1775 in
3555 1720 3740 1777 cordi-

2087 1806 2197 1864 bus
2224 1808 2678 1866 Alemannorum
2711 1811 3038 1865 deﬁxurum
3087 1826 3217 1865 esse
3265 1810 3535 1878 dicebat;
3570 1826 3734 1865 mun-

2087 1902 2388 1969 strataque
2420 1901 2672 1955 fenestra
2728 1899 3060 1955 Blacbernii
3128 1898 3326 1970 palatii
3383 1899 3441 1954 in
3502 1914 3569 1955 eo
3609 1898 3736 1955 loco

2086 1987 2183 2056 qui
2217 1987 2289 2042 ab
2320 1988 2625 2043 altitudine
2677 1995 3129 2061 cognomentum
3187 1987 3383 2058 habet,
3431 1988 3583 2042 unde
3641 2004 3738 2058 pa-

2087 2079 2272 2131 tentes
2329 2078 2515 2148 campi
2560 2082 2720 2133 extra
2779 2076 3217 2148 progugnacula
3272 2076 3332 2130 in
3392 2075 3735 2147 Pbilopatiis

324 2168 434 2220 τῶν
465 2164 793 2242 Βλαχερνῶν
837 2160 903 2217 δι’
948 2165 1013 2232 ἧς
1066 2163 1179 2236 (35)
1237 2162 1403 2231 ὁρατὰ
1450 2164 1515 2231 ἦν
1569 2163 1636 2216 τὰ
1695 2160 1972 2232 ἱππήλατα

2085 2169 2425 2230 cernuntur,
2461 2182 2563 2237 per
2588 2182 2713 2221 eam
2748 2180 2809 2221 se
2858 2166 2992 2221 illas
3048 2165 3106 2219 in
3140 2166 3496 2219 Alamannos
3528 2180 3732 2219 excus-

323 2250 481 2307 πεδία
511 2251 576 2306 τὰ
624 2250 811 2323 ἔξωθεν
854 2256 963 2305 τῶν
1016 2250 1289 2321 ἐπάλξεων
1350 2249 1402 2305 ἐν
1448 2255 1565 2312 τοῖς
1619 2247 1979 2312 Φιλοπατίοις

327 2342 781 2410 καθυπτιάζοντα,
857 2339 917 2395 ἐκ
986 2340 1190 2410 ταύτης
1266 2338 1417 2414 ἔλεγε
1494 2337 1715 2411 μέλλειν
1767 2339 1978 2415 ἀφιέναι

318 2432 385 2486 τὰ
422 2431 688 2506 βέλεμνα,
733 2427 959 2505 βάλλειν
990 2450 1049 2483 τε
1076 2430 1164 2483 καὶ
1213 2424 1579 2504 κρταϐἀλλειν
1620 2428 1747 2490 τοὺς
1807 2427 1977 2483 Ἀλα-

326 2524 549 2597 μανοὺς,
585 2520 724 2578 ὥστε
753 2523 841 2577 καί
877 2522 928 2577 ἐν
975 2520 1177 2595 γέλωτι
1224 2521 1388 2596 ¹ἤγετο
1428 2525 1544 2583 τοῖς
1605 2520 1859 2575 ἂκούουσι
1908 2520 1976 2575 τὰ

323 2615 612 2690 Λεγόμενα.
662 2617 757 2667 Ἢν
811 2611 866 2667 δέ
907 2632 989 2674 τις
1038 2613 1290 2676 Δοσίθεος
1338 2608 1389 2666 έν
1435 2615 1504 2685 τῇ
1553 2613 1650 2664 τοῖ’)
1709 2607 1975 2665 Στουδίου

330 2708 471 2778 μονῇ
497 2705 596 2772 τὴν
654 2699 881 2772 ἄσκησιν
938 2701 1161 2774 μετιὼν,
1218 2702 1277 2763 ’ὸς
1335 2701 1395 2755 ἐκ
1447 2699 1739 2757 Βενετίκων
1792 2697 1972 2754 ἕλκειν

318 2793 381 2846 τὸ
417 2792 566 2868 γένος
612 2792 700 2846 καὶ
759 2795 964 2866 πατρὸς
1021 2788 1266 2864 τοῦνομα
1320 2788 1641 2846 Βιτικλίνου
1699 2789 1976 2864 γεγονέναι

324 2875 568 2954 έλέγετο’
627 2882 866 2950 συνήθης
923 2875 980 2932 3’s
1034 2877 1301 2939 καταστὰς
1364 2876 1617 2949 Ἰσαακίῳ
1704 2877 1811 2951 πρὸ
1874 2883 1976 2946 τῆς

327 2968 510 3041 ἀρχῆς
537 2969 855 3041 προείρηκεν
914 2966 1060 3039 αύτῷ
1116 2967 1216 3034 τήν
1278 2964 1581 3041 βασιλείαν,
1630 2962 1969 3039 κάπειδήπερ

323 3054 539 3131 εἷ’λήφει
596 3056 760 3128 πέρας
814 3056 881 3111 τὰ
936 3063 1037 3124 τῆς
1094 3056 1474 3131 προρρήσεως,
1532 3053 1699 3128 ἤγετο
1760 3050 1831 3107 δι’
1889 3053 1971 3109 ὅτι

316 3142 579 3214 πλείστης
610 3151 777 3217 τιμῆς
808 3145 954 3217 παρὰ
1005 3147 1082 3215 τῷ
1136 3142 1352 3217 βασιλεῖ
1393 3142 1573 3215 τούτῳ
1622 3141 1713 3197 καὶ
1760 3141 1826 3195 τὰ
1879 3162 1973 3214 με·

304 3232 456 3306 γάλα
497 3229 755 3303 δεδύνητο
802 3231 891 3285 καὶ
948 3230 1292 3304 πανριάρχης
1346 3226 1743 3303 Ἰεροσολύμων
1797 3248 1972 3303 πρου-

310 3316 556 3390 ϐέϐλητο
630 3319 1040 3383 καταλύσαντος
1114 3320 1215 3388 τήν
1292 3319 1438 3388 ζωὴν
1492 3321 1589 3372 τοῦ
1640 3317 1731 3371 τὸν
1778 3317 1968 3391 θρόνον

309 3414 418 3465 τῶν
473 3407 877 3486 Ἱεροσολύμων
934 3408 1060 3464 τότε
1110 3404 1386 3463 διέποντος
1446 3406 1721 3476 Λεοντίου,
1775 3402 1968 3480 ἀνδρὸς

306 3501 597 3575 χαρίεντος
628 3500 691 3554 τὸ
737 3501 870 3567 ἦθος
901 3498 992 3553 καὶ
1025 3493 1324 3568 διαϐοήτου
1352 3499 1453 3566 τὴν
1502 3497 1722 3570 ἀρετήν.
1772 3495 1965 3552 Ὀποία

309 3588 367 3645 δὶ
400 3592 575 3659 ἡτῶν
632 3586 903 3664 βασιλέων
961 3588 1108 3664 ὁρμὴ
1167 3587 1256 3641 καὶ
1318 3585 1477 3664 ἰσχὺς
1524 3582 1716 3640 οἷίκουν
1775 3585 1969 3663 ἀνεχο-

318 3680 451 3752 μένη
519 3679 596 3753 μή
660 3677 768 3752 οὐχ
834 3678 907 3741 ὡς
963 3676 1148 3738 αὐτοῖς
1232 3677 1444 3747 αἱρετὸν
1503 3675 1820 3751 μεταφέρειν
1878 3675 1967 3730 καὶ

311 3766 578 3823 ἀλλοιοῦν
610 3766 676 3820 τὰ
727 3764 843 3821 θεῖά
880 3785 936 3820 τε
984 3764 1074 3820 καὶ
1126 3763 1442 3840 ἀνθρώπινα
1497 3767 1815 3840 πράγματα,
1870 3764 1967 3839 βα-

306 3856 562 3919 σιλεύσας
612 3854 882 3917 Ἰσαάκιος
941 3860 1040 3909 τοῦ
1098 3857 1507 3929 πατριαρχικοῦ
1547 3852 1744 3926 θρόνου
1791 3873 1968 3926 παρα-

307 3942 427 3999 λύει
485 3945 578 3999 τὸν
639 3943 973 4017 Καματηρὸν
1033 3941 1344 4014 Βασίλειον,
1429 3943 1607 3997 καίτοι
1666 3942 1803 4016 πρὸς
1866 3942 1967 4010 τὴν

303 4033 489 4110 ἀρχὴν
543 4033 734 4106 ἐκείνῳ
789 4033 857 4088 τὰ
921 4033 1150 4110 μέγιστα
1204 4032 1595 4106 συναράμενον·
1691 4031 1840 4087 αἰτία
1920 4028 1966 4086 δ’

306 4124 458 4197 αὐτῷ
497 4126 781 4199 περιήχθη
818 4130 922 4193 τῆς
952 4122 1335 4198 καθαιρέσεως,
1369 4120 1453 4177 ὅτι
1510 4120 1571 4184 ἅς
1619 4119 1966 4198 Ἀνδρόνικος

306 4216 418 4269 τῶν
473 4213 531 4268 εὗ
590 4216 886 4289 γεγονυιῶν
940 4216 1207 4286 γυναικῶν
1265 4210 1376 4285 οὐχ
1438 4207 1663 4272 ἑκούσας
1720 4210 1968 4284 ἀπέκειρε

325 4302 682 4375 μοναζούσας,
739 4303 939 4363 ταύτας
991 4300 1151 4363 αὐτὸς
1210 4296 1438 4354 ἐνέδωκε
1492 4299 1554 4354 τὸ
1609 4297 1777 4371 μέλαν
1826 4298 1966 4354 ἀπο-

319 4388 577 4453 δύσασθαι
608 4392 835 4471 ἂμιφιον
876 4391 964 4445 καὶ
1023 4389 1159 4465 πρὸς
1204 4389 1304 4457 τὴν
1354 4386 1577 4463 πρώτην
1632 4383 1966 4463 μεταϐλὲψαι

318 4476 411 4530 καὶ
454 4478 598 4547 ζωήν
640 4480 730 4533 καὶ
790 4477 1017 4549 στολήν.
1074 4471 1500 4549 Προϐαλόμενος
1550 4472 1597 4529 δ’
1645 4475 1750 4531 ἄντ’
1800 4475 1965 4530 αὐτοῦ

317 4568 656 4644 πατριάρχην
701 4568 791 4622 τὸν
847 4565 1489 4636 Μουντάνην’Νικήταν,
1545 4570 1647 4634 τῆς
1691 4564 1963 4641 Μεγίστης

311 4654 605 4728 ἐκκλησίας
664 4653 795 4712 ὄντα
851 4656 1234 4730 σακελλάριον,
1296 4650 1422 4708 ούδὶ
1503 4655 1597 4708 τὸν
1654 4654 1969 4730 τριγέροντα

300 4747 519 4801 τουτονὶ
574 4750 656 4818 τῷ
715 4745 893 4821 θρόνω
947 4751 1188 4820 παρῆκεν
1250 4742 1600 4815 ἐναποψῦξαι,
1672 4741 1801 4798 ἀλλ’
1838 4742 1968 4821 ἀφέ-

303 4835 452 4891 λειαν
486 4834 793 4909 καταγνοὺς
849 4838 948 4889 τοῦ
997 4831 1192 4904 ἀνδρὸς
1242 4831 1332 4887 καὶ
1385 4838 1558 4907 γῆρας
1599 4830 1963 4907 ἐπεγκαλέσας

301 4921 641 4996 ἀνέγκλητον
703 4921 792 4978 καὶ
848 4921 1046 4978 ἄκοντα
1103 4926 1199 4978 τοῦ
1257 4920 1451 4995 θρόνου
1506 4917 1962 4998 ἂπεσφενδόνησε,

308 5012 848 5087 Φρονκιστικώτερον
917 5009 973 5066 δὲ
1023 5009 1285 5076 διατεθείς
1326 5010 1449 5083 περί
1498 5015 1595 5065 τοῦ
1633 5012 1725 5066 τὸν
1770 5005 1962 5085 κυϐερ-

2086 2270 2290 2309 surum
2324 2270 2541 2325 eosque
2600 2246 3028 2327 prostraturum
3089 2253 3445 2323 minabatur,
3478 2254 3621 2309 adeo
3670 2258 3737 2308 ut

2087 2359 2155 2400 ea
2181 2345 2357 2399 verba
2390 2345 2636 2401 ridicula
2657 2345 3031 2400 audientibus
3070 2344 3426 2400 viderentur.
3477 2344 3530 2398 Is
3575 2347 3734 2400 vates

2085 2441 2205 2488 erat
2228 2432 2541 2488 Dositbeus
2563 2432 3165 2504 quidam,Studiensis
3187 2433 3533 2500 monachus,
3551 2432 3730 2487 Vene-

2084 2519 2183 2575 tiis
2213 2521 2497 2575 oriundus
2527 2527 2585 2576 et
2616 2525 2777 2592 patre
2816 2520 3113 2590 Viticlino,
3148 2527 3212 2576 ut
3264 2521 3580 2589 ferebatur,
3624 2536 3732 2575 na-

2082 2612 2197 2675 tus,
2233 2610 2330 2680 qui
2362 2610 2602 2674 Isaacio,
2635 2609 2726 2664 cui
2761 2609 3069 2665 familiaris
3101 2615 3248 2678 erat,
3280 2610 3503 2680 privato
3539 2610 3732 2666 adhuc

2081 2699 2395 2772 imperium
2454 2701 2815 2773 praedixerat.
2877 2703 3001 2767 Qua
3077 2700 3449 2771 praedictione
3522 2704 3735 2755 eventu

2083 2790 2477 2861 comprobata,
2519 2806 2755 2845 summo
2816 2789 3034 2844 honore
3087 2794 3142 2844 et
3199 2790 3544 2844 auctoritate
3575 2789 3732 2860 apud

2080 2877 2237 2935 hunc
2269 2878 2681 2949 imperatorem
2716 2878 2930 2933 ﬂorens
2964 2877 3499 2951 Hierosolymorum
3551 2878 3731 2949 patri-

2081 2966 2256 3022 archa
2290 2971 2422 3038 post
2451 2966 2674 3022 Leontii
2709 2967 2813 3021 viri
2873 2967 3085 3023 eruditi
3139 2976 3193 3022 et
3249 2967 3459 3022 virtute
3492 2966 3736 3022 celebris

2081 3056 2303 3110 obitum
2337 3055 2681 3127 designatus
2707 3056 2863 3113 530
2894 3061 3002 3111 est.
3035 3056 3142 3112 Sed
3195 3060 3259 3110 ut
3309 3056 3731 3127 imperatorum

2082 3144 2336 3215 impetus
2368 3150 2425 3199 et
2445 3145 2698 3215 polentia
2746 3162 2860 3200 non
2902 3148 3204 3217 quiescere
3225 3143 3376 3201 solet
3398 3144 3511 3200 nisi
3538 3143 3734 3199 divina

2083 3231 2459 3305 humanaque
2492 3250 2594 3304 pro
2627 3250 2734 3289 suo
2782 3233 2971 3290 lubito
3004 3234 3307 3300 mutarint,
3340 3233 3734 3306 principatum

2080 3324 2327 3394 adeptus
2350 3322 2606 3379 Isaacius
2639 3323 2854 3379 Basilio
2878 3324 3207 3392 Camatero,
3232 3339 3575 3395 quanquam
3606 3323 3735 3394 ejus

2079 3427 2186 3482 ope
2219 3412 2472 3467 maxime
2505 3413 2766 3482 adjutus,
2819 3412 3219 3483 patriarchatu
3277 3414 3500 3483 dejecto
3531 3412 3734 3483 (causa

2082 3501 2502 3570 praatexebatur
2558 3502 2735 3572 quod,
2795 3517 2941 3572 quas
2997 3500 3222 3556 nobiles
3282 3507 3583 3556 matronas
3613 3504 3732 3556 An-

2084 3588 2360 3645 dronicus
2410 3591 2467 3646 in
2529 3590 2887 3645 monasteria
2943 3590 3154 3645 invitas
3206 3589 3617 3656 abstrusisset,
3658 3588 3733 3644 iis

2079 3679 2204 3751 ipse
2235 3678 2402 3751 nigro
2433 3680 2643 3734 vestitu
2676 3679 2939 3750 deposito
2997 3679 3249 3735 reditum
3308 3679 3377 3731 ad
3412 3676 3726 3748 pristinum

2081 3769 2341 3825 habitum
2376 3774 2433 3826 et
2488 3771 2615 3825 vita:
2675 3769 2961 3825 rationem
3023 3768 3433 3836 concessisset)
3466 3768 3730 3824 Nicetam

2080 3859 2427 3914 Muntanum
2463 3875 2564 3930 pro
2603 3874 2670 3915 eo
2688 3858 3079 3930 patriarcham
3109 3856 3735 3929 designavit,ecclesias

2080 3948 2347 4002 maximre
2378 3947 2769 4003 sacellarium.
2801 3947 2911 4002 Sed
2949 3963 3020 4003 ne
3053 3947 3207 4002 hunc
3248 3946 3506 4018 quidem,
3541 3945 3734 4001 homi-

2079 4051 2209 4091 nem
2236 4040 2371 4091 natu
2405 4036 2751 4103 maximum,
2782 4035 2842 4091 in
2875 4052 3041 4092 sacra
3072 4036 3208 4092 sede
3240 4035 3535 4107 exspirare
3595 4051 3728 4107 pas-

2077 4144 2179 4182 sus
2209 4126 2454 4182 invitum
2484 4126 2726 4198 expulit,
2761 4125 2983 4181 senium
3027 4130 3083 4180 et
3140 4124 3410 4181 delirium
3479 4130 3536 4181 et
3579 4125 3723 4181 levi-

2076 4221 2248 4272 tatem
2279 4222 2579 4273 causatus.
2606 4219 2747 4272 Cum
2781 4219 2976 4271 autem
3010 4215 3351 4287 diligentius
3382 4217 3453 4271 de
3509 4216 3722 4288 guber-

2076 4310 2275 4361 natore
2332 4304 2604 4361 Ecclesiae
2663 4304 2958 4377 cogitaret,
3022 4305 3320 4361 Leontium
3371 4306 3725 4361 monachum

2076 4395 2392 4465 quemdam
2428 4411 2707 4465 magnum
2741 4399 3034 4466 pastorem
3082 4394 3373 4466 designat,
3407 4395 3465 4449 in
3524 4394 3727 4466 populi

2076 4482 2402 4555 frequentia
2435 4500 2537 4556 pro
2570 4483 2849 4538 tribunali
2874 4483 3263 4553 jurejurando
3295 4487 3544 4538 testatus
3590 4499 3726 4538 eum

2074 4568 2262 4624 virum
2299 4569 2457 4641 prius
2490 4571 2755 4642 ignotum
2817 4570 2929 4625 sibi
2979 4586 3012 4624 a
3069 4570 3171 4625 Dei
3228 4570 3516 4626 Genitrice
3549 4575 3725 4626 noctu

2074 4673 2203 4713 esse
2253 4658 2741 4727 demonstratum,
2803 4675 2914 4715 non
2973 4660 3160 4714 forma
3217 4664 3275 4714 et
3332 4661 3542 4714 virtute
3594 4658 3724 4729 ejus

2075 4747 2357 4801 duntaxat
2410 4747 2724 4818 descripta,
2784 4749 2885 4803 sed
2944 4746 3068 4804 loco
3134 4747 3310 4803 etiam
3369 4752 3604 4803 ostenso
3661 4748 3722 4802 iu

2077 4851 2191 4905 quo
2222 4834 2527 4889 habitaret.
2589 4835 2802 4891 Verum
2861 4852 2928 4892 eo
2987 4853 3219 4908 quoque
3271 4836 3366 4892 Dei
3396 4837 3719 4908 geniti-icio,

2076 4924 2224 4980 581
2278 4922 2622 4994 priusquam
2699 4940 2892 4980 annus
2967 4925 3319 4991 elaberetur,
3397 4926 3723 4996 repudiato,

2072 5011 2219 5068 nihil
2250 5013 2699 5081 verecundatus,
2732 5014 2891 5083 quod
2922 5031 3117 5070 coram
3163 5020 3278 5070 tam
3331 5016 3535 5073 multis
3590 5033 3726 5073 eum

1718 5166 1882 5227 Hier.
1917 5165 2129 5228 Wolﬁi
2162 5172 2349 5226 notae.

382 5327 493 5402 (33)
524 5326 600 5405 re.
633 5331 831 5405 φωνεῖν
894 5325 997 5405 ᾁπὸ
1045 5322 1305 5405 γαστρός,
1365 5325 1958 5405 interpretatussum

305 5396 486 5469 quasi
527 5403 599 5456 de
645 5396 1118 5470 engastrimytho
1158 5396 1534 5468 ldquereturﬁ
1569 5396 1733 5470 Quod
1774 5397 1821 5451 si
1865 5398 1959 5452 cui

304 5468 598 5543 displicet,
632 5468 877 5541 expunet
911 5468 1011 5541 qui
1037 5479 1239 5543 ventris
1291 5485 1458 5524 causa
1497 5468 1667 5543 verba
1723 5471 1957 5537 faciunt,

298 5540 520 5624 σημήιιί
537 5540 757 5599 lente-re
782 5549 1067 5613 uagantur
1078 5540 1261 5613 potius
1284 5556 1451 5612 quam
1474 5556 1562 5595 res
1577 5542 1799 5610 futuras
1813 5556 1956 5611 prae-

296 5617 671 5762 πίὲἵίᾎηθι-
702 5685 884 5743 codex
929 5685 1011 5745 ita
1033 5684 1237 5743 miscet
1257 5681 1402 5757 huic,
1428 5685 1495 5739 ut
1516 5698 1630 5741 non
1655 5682 1799 5742 satis
1820 5698 1972 5742 con-

2071 5328 2184 5380 stet
2204 5328 2365 5399 uter,
2408 5324 2721 5399 imperator
2750 5343 2821 5382 an
2857 5327 3209 5399 patriarcha,
3246 5331 3359 5386 tela
3390 5330 3463 5385 sit
3494 5329 3719 5385 defixu-

2070 5413 2168 5452 rus
2200 5396 2258 5450 in
2288 5396 2566 5452 cordibus
2608 5396 2886 5453 hostium:

2138 5467 2351 5543 (βω-αι’
2384 5472 2474 5543 ᾖς.
2510 5468 2832 5524 Relativum
2869 5470 3067 5525 retulit
3100 5489 3212 5526 non
3273 5473 3339 5543 ad
3382 5470 3716 5543 παράθυρον,

2069 5534 2166 5613 sed
2195 5538 2263 5592 ad
2289 5534 2499 5610 θυρίδα,
2546 5550 2701 5613 quod
2754 5559 2864 5597 non
2912 5547 3126 5613 posuit,
3172 5534 3491 5613 πταίσματὶ,
3526 5534 3714 5597 υῐάτλ

2068 5612 2275 5678 hitror,
2312 5609 2641 5685 μνημονικῷ
2672 5611 2707 5681 ἢ
2741 5616 2869 5688 γοῦν
2903 5609 3266 5686 σολοικισμῷ.
