4098 6292
389 411 500 471 ’Πί

1692 401 2006 468 ΝῘΟΕΤΛΕ
2049 403 2476 466 ΟΗΟΝΙΑΤΛΕ

3680 409 3802 472 ’1Ἷὲ

390 549 457 601 ut
485 545 746 602 divinum
781 543 1088 601 hominum
1145 540 1422 598 laudibus
1474 541 1806 606 extulisset,
1849 544 2027 596 muta-

2145 541 2382 609 νιςσοντα
2409 539 2508 608 τὴν
2578 536 2868 611 ἆκκλησίαν
2916 536 3110 616 εὖρεῖν,
3167 539 3575 616 προχειρίζεται
3639 538 3803 620 μὲγαν

389 639 609 694 tionem
645 635 916 698 instituit,
950 632 1540 706 Hierosolymilanum
1587 631 1933 688 Dositheum
1967 631 2036 685 ad

389 727 814 783 cacumenicum
851 724 1311 795 patriarchatum
1346 729 1603 779 evectum
1631 741 1676 776 ε.
1711 722 1870 786 Quod
1905 735 2038 774 cum

391 833 642 872 canones
677 833 789 870 non
824 815 1155 886 permittere
1187 814 1380 880 sciret,
1423 812 1791 868 Theodorum
1852 809 2042 866 Balsa-

391 923 811 978 mum,magnaa
843 903 1163 960 Antiochiae
1183 905 1546 974 episcopum,
1567 903 1751 957 virum
1776 918 1844 956 ca
1874 904 2042 955 astate

383 992 1070 1064 jurisconsultiesimum,
1106 997 1232 1046 astu
1267 991 1690 1058 circumvenit;
1735 993 1792 1045 et
1834 989 1892 1042 in
1927 987 2040 1058 pri-

387 1089 519 1140 vato
549 1082 836 1154 colloquio
867 1081 1328 1154 indignatiobem
1349 1079 1766 1150 simulat,qttod
1784 1076 2041 1133 Ecclesia

390 1172 502 1244 piis
530 1178 588 1228 et
616 1173 804 1228 doctis
873 1169 1010 1226 viris
1067 1170 1150 1224 ita
1207 1169 1565 1225 destituatur
1619 1173 1677 1223 et
1717 1167 2040 1222 monastiea

387 1261 576 1317 virtus
609 1261 690 1316 ita
721 1258 1071 1317 obsoleverit
1102 1265 1274 1330 atque
1299 1257 1618 1326 evanuerit,
1653 1262 1715 1311 ut
1745 1271 1915 1312 nemo
1965 1256 2041 1310 sit

388 1351 490 1422 qui
523 1349 904 1406 universwlem
948 1349 1171 1418 sedem,
1232 1365 1347 1403 non
1407 1363 1576 1402 secus
1622 1362 1686 1400 ac
1731 1345 1874 1401 solis
1902 1346 2038 1400 irre-

387 1439 622 1510 quietus
654 1439 934 1494 circuitus
953 1438 1151 1493 orbem
1178 1435 1762 1502 terrarum,iilustret,
1794 1439 2036 1488 cretum-

385 1545 500 1600 que
531 1526 794 1583 ﬁdelium
821 1543 994 1598 quam
1057 1528 1278 1598 Optime
1327 1525 1636 1598 gubernet.
1696 1523 1824 1578 Haec
1885 1529 1942 1578 et
1981 1521 2038 1576 id

387 1634 570 1688 genus
611 1615 726 1672 alia
781 1633 894 1672 non
962 1616 1089 1670 sine
1143 1615 1338 1670 dolore
1399 1614 1676 1686 praefatus
1735 1611 2039 1682 subjunxit

387 1705 526 1761 olim
559 1705 742 1761 fuisse
799 1703 910 1759 sibi
969 1704 1026 1759 in
1087 1704 1282 1758 animo
1341 1701 1502 1757 illum
1553 1717 1622 1757 ex
1680 1701 2038 1756 Antiochena

387 1795 526 1850 sede
557 1793 614 1848 in
647 1793 1087 1860 meumenieam,
1121 1795 1186 1846 ut
1214 1791 1500 1846 illustrem
1536 1789 1738 1860 legalis
1771 1789 2041 1859 puritatis

391 1882 708 1949 lucernam,
743 1883 1080 1936 transferre.
1145 1879 1255 1934 Sed
1307 1879 1378 1934 ab
1433 1895 1500 1934 ea
1533 1880 1854 1934 mutatione
1883 1877 2038 1934 582
2071 1899 2118 1966 Β

386 1981 644 2029 veterum
679 1988 971 2028 OBHOllUtll
1005 1975 1062 2024 et
1091 1968 1620 2024 θοοὶειείάδιὶοεῐιυιι]
1665 1969 2034 2023 sanctionum

387 2063 698 2118 interdicto
729 2061 1026 2117 deterreri.
1077 2061 1132 2113 Si
1200 2076 1334 2114 vero
1394 2057 1538 2130 ipse,
1600 2063 1664 2112 ut
1732 2056 1919 2128 legum
1982 2061 2037 2111 et

387 2171 411 2207 ς
439 2169 677 2208 ειιοηυη]
715 2149 1133 2224 peritissimus,
1161 2147 1630 2215 translationem,
1663 2151 1726 2202 ut
1763 2145 1924 2215 olim,
1959 2147 2039 2203 ita

387 2259 417 2297 r.
480 2257 545 2296 ne
569 2257 802 2312 quoque
834 2240 1046 2294 habere
1078 2239 1290 2306 locum,
1313 2239 1719 2294 demonstrare
1767 2253 1833 2292 ac
1869 2236 2038 2307 vulgo

385 2331 741 2401 persuadere
777 2329 980 2400 possit,
1039 2343 1102 2382 se
1160 2327 1396 2383 omnino
1459 2329 1512 2381 id
1569 2328 1626 2382 in
1659 2327 1820 2382 lucro
1851 2331 2040 2398 depu-

385 2424 672 2485 taturum,
702 2433 978 2488 eumque,
1013 2417 1186 2472 modo
1217 2415 1410 2484 liceat,
1431 2416 1842 2471 incunctanter
1873 2415 2036 2471 desi-

387 2512 724 2578 gnatorum.
759 2503 876 2560 Hoc
911 2503 1082 2558 modo
1112 2507 1396 2558 tractatus
1449 2503 1786 2559 Theodorus
1839 2503 2036 2559 omnia

390 2600 516 2652 rata
551 2595 670 2650 fore
699 2593 1035 2648 affirmavit.
1067 2591 1352 2646 Postridie
1393 2591 1634 2646 concilio
1692 2591 2033 2662 pontiﬁcum

385 2687 448 2741 in
479 2685 599 2739 mde
649 2700 814 2738 sacra
867 2681 1112 2748 indicto,
1173 2687 1230 2736 et
1285 2679 1610 2751 quaestione
1661 2681 1762 2736 illa
1793 2681 2032 2752 agitata,

390 2773 694 2830 translatio
726 2773 919 2827 statim
955 2786 1230 2826 concessa
1287 2775 1343 2824 et
1400 2769 1610 2824 litteris
1642 2769 2034 2840 imperatoriis

391 2863 738 2919 confirmata
767 2865 876 2916 est.
935 2863 1013 2915 Ac
1071 2857 1492 2924 Antiochenus,
1537 2866 1593 2914 ut
1656 2863 1788 2913 ante
1827 2859 2032 2927 fuerat,

387 2955 474 3008 ita
503 2952 719 3007 mansit
776 2948 1201 3004 Antiochenus.
1261 2947 1571 3004 Dositbeus
1621 2965 1752 3004 vero
1809 2965 1843 3003 a
1899 2949 2035 3004 sede

389 3040 919 3112 Hierosolymitana
949 3038 1168 3110 Cpolim
1228 3043 1320 3094 est
1374 3038 1712 3102 translatus,
1750 3053 1882 3092 cum
1915 3044 2034 3094 tam

386 3130 674 3201 frequenti
735 3133 792 3183 et
845 3127 1154 3198 splendido
1221 3125 1496 3182 comitatu
1557 3133 1622 3182 ut
1670 3125 1826 3182 haud
1857 3126 2034 3181 dubie

2148 629 2382 701 ποιμένα
2458 627 2712 684 Αεόντιόν
2787 649 2910 685 τινα
2987 631 3254 706 μοναχὸν,
3323 625 3800 704 διαϐεϐαιούμενος

2149 717 2236 772 ἐπὶ
2271 717 2562 792 βασιλικοῦ
2591 719 2682 773 καὶ
2714 715 3076 792 διομνύμενος
3122 721 3372 794 βήματος
3402 720 3476 782 ὡς
3525 719 3626 775 οὐκ
3680 717 3802 794 ᾔδει

2147 805 2240 860 τὸν
2277 804 2446 881 ἄνδρα
2504 807 2786 883 πρότερον,
2829 809 3020 870 νυκτὸς
3069 805 3125 863 δὲ
3172 809 3207 878 ἡ
3257 811 3558 885 Θεομήτωρ
3607 815 3801 866 τοῦτον

2148 893 2294 966 αὖτῷ
2323 894 2688 966 Μθυπὲδειξε,
2721 896 2783 952 οὐ
2811 897 2876 952 τὸ
2904 894 3048 960 εἶδος
3103 898 3265 971 μόνον
3315 898 3406 952 καὶ
3454 899 3556 968 τήν
3605 898 3802 972 ἀρετήν

2152 985 2528 1059 ὑπογράψασα,
2605 983 2751 1040 ἀλλὰ
2825 985 2915 1040 καὶ
2989 985 3081 1041 τὸν
3163 985 3330 1042 τόπον
3431 983 3805 1066 διασαφήσασα

2146 1073 2264 1137 καθ’
2306 1073 2364 1128 ’ὸν
2420 1076 2522 1144 τήν
2583 1073 2796 1145 οἷ’κησιν
2852 1070 3075 1155 ἔλαχεν.
3134 1073 3296 1132 ’Λλλ’
3353 1076 3505 1133 οὕπω
3562 1076 3802 1143 ἐνιαυτὸς

2146 1159 2374 1230 ἐξίκετο,
2425 1163 2514 1217 καὶ
2563 1165 2986 1239 καταστρέφεται
3033 1165 3122 1220 καὶ
3175 1166 3338 1228 οὗτος
3383 1171 3481 1221 τοῦ
3531 1187 3802 1242 πατριαρ-

2147 1255 2316 1326 χικοῦ
2375 1251 2692 1326 ὕψωματος.
2752 1253 3334 1330 Ἀποσκορακισθὲντος
3412 1250 3459 1309 δ’
3515 1254 3659 1310 οὕτω
3707 1255 3798 1310 καὶ

2146 1340 2420 1411 Λεοντίου,
2482 1339 2619 1416 ἔγνω
2682 1339 3165 1421 δραματουργῆσαι
3227 1343 3508 1416 μετάθεσιν
3569 1345 3655 1399 καὶ
3721 1345 3798 1406 εἷς

2145 1431 2246 1500 τήν
2303 1429 2690 1504 οίκουμενικήν
2751 1431 2944 1507 ἐπᾶραι
2993 1429 3346 1508 προέδρευσιν
3391 1432 3484 1488 τὸν
3531 1437 3642 1487 τῶν
3691 1437 3796 1490 Ἵε-

2147 1517 2474 1594 ροσολόμων
2525 1519 2801 1578 Δοσίθεον.
2845 1517 3025 1582 Εἰδὼς
3079 1518 3137 1575 δὲ
3182 1519 3311 1584 τοὺς
3360 1519 3590 1583 κακόνας
3637 1525 3799 1577 τοῦτο

2147 1609 2224 1682 μή
2293 1612 2739 1686 συγχωροῦντας,
2793 1607 3027 1683 μέτεισιν
3083 1608 3338 1672 ὑπούλως
3396 1609 3486 1664 τὸν
3543 1608 3801 1666 διέποντα

2143 1698 2236 1752 τὸν
2287 1697 2476 1772 θρόνον
2529 1703 2630 1766 τῆς
2687 1701 2820 1754 Θεοῦ
2876 1696 3093 1760 πόλεως
3152 1697 3399 1775 μεγάλης
3455 1699 3800 1776 Ἀντιοχείας

2145 1787 2423 1864 Θεόδωρον
2483 1790 2574 1845 τὸν
2636 1790 2966 1864 Βαλσαμὼν,
3052 1788 3220 1864 ἄνδρα
3299 1791 3432 1866 ὀπὶρ
3490 1791 3619 1854 τοὺς
3673 1791 3798 1847 τότε

2145 1880 2348 1934 πάντας
2379 1875 2509 1934 ὄντα
2554 1874 2887 1954 νομοτριόῆ.
2945 1880 3046 1937 Καὶ
3107 1877 3174 1948 δὴ
3232 1880 3370 1936 κατᾶ
3427 1879 3594 1954 μόνας
3647 1879 3796 1953 αὖτῷ

2149 1969 2234 2040 [Ρ.
2269 1969 2396 2042 260]
2472 1967 2862 2044 συγγενόμενος
2937 1969 3335 2044 σχηματίζεται
3406 1969 3499 2024 τὸν
3570 1968 3796 2045 ἀσχάλ-

2151 2054 2320 2111 λοντα
2350 2055 2398 2111 εἲ
2426 2057 2600 2117 οὕτως
2651 2053 2862 2132 ἀνδρῶν
2911 2055 3180 2135 φιλοθὲων
3231 2057 3322 2114 καὶ
3376 2055 3579 2134 λογίων
3609 2060 3643 2127 ἡ
3677 2059 3797 2112 Ἐκ·-

2149 2145 2356 2216 κλησία
2398 2145 2709 2215 σπανίζεται
2757 2144 2847 2201 λαὶ
2908 2149 2942 2217 ἡ
3003 2148 3280 2225 μοναχικὴ
3342 2144 3650 2222 διὲῤῥιπται
3707 2147 3796 2202 καὶ

2147 2237 2464 2310 ἡφάντωται
2515 2235 2703 2310 ἆρετή,
2765 2235 2840 2296 ὡς
2900 2237 2976 2308 μὴ
3035 2236 3300 2312 πρότερον
3361 2239 3472 2310 (36)
3525 2235 3659 2290 εἶναι
3705 2235 3801 2290 τὸν

2149 2325 2380 2398 ἡμέριον
2439 2323 2656 2378 τουτονὶ
2717 2322 3038 2398 λαμπτῆρα,
3095 2323 3186 2378 τὸν
3247 2323 3558 2395 ἀεικίνητον
3611 2323 3800 2394 ἣλιον,

2147 2413 2184 2482 ἡ
2217 2411 2308 2466 τὸν
2340 2410 2427 2466 ἐπὶ
2485 2417 2592 2467 τῶν
2653 2412 2953 2487 κεροιάκων
3004 2415 3102 2468 τοῦ
3159 2413 3310 2489 ἱεροῦ
3365 2413 3799 2486 καθιζησύμενον

2150 2501 2341 2575 θρόνου
2416 2500 2504 2556 καὶ
2579 2500 2818 2572 ἀρίστως
2890 2503 2954 2558 τὸ
3029 2505 3138 2559 τῶν
3195 2507 3402 2559 πιστῶν
3454 2501 3798 2559 διιθυνοῦντα

2147 2589 2452 2665 πλήρωμα.
2497 2590 2602 2648 Καὶ
2651 2593 2864 2656 τοιαῦθ’
2921 2589 3076 2667 ἕτερα
3133 2592 3574 2668 σχετλιαπικῶς
3620 2613 3796 2669 προα-

2147 2677 2519 2755 ναῦαλόμενος
2573 2679 2814 2758 ἐπήγαγε
2871 2678 3040 2736 πάλαι
3129 2683 3222 2754 μὲν
3311 2680 3606 2758 βούλεσθαι
3665 2703 3794 2755 μετ-

2148 2774 2377 2843 ενεγκεῖν
2407 2769 2564 2824 αὐτὸν
2617 2768 2677 2824 ὲκ
2721 2776 2822 2839 τῆς
2873 2771 3205 2846 Ἀντιοχέων
3258 2769 3520 2846 καθέδρας
3570 2771 3649 2834 εἷς
3697 2773 3792 2842 τὴν

2148 2857 2536 2932 οἷκουμενικὴν
2573 2859 2856 2935 περιωπήν
2910 2859 2984 2920 ὡς
3034 2859 3242 2935 λύχνον
3289 2865 3409 2922 ταῖς
3455 2864 3565 2916 τῶν
3609 2859 3790 2933 νόμων

2145 2947 2499 3024 τηλαυγείαις
2555 2951 2876 3026 πάμφωτον,
2955 2947 3380 3005 ὑποστέλλεσθαι
3436 2947 3494 3004 δὲ
3541 2952 3646 3020 τήν
3697 2969 3789 3024 μισ

2144 3037 2358 3092 τάθεσιν
2417 3037 2491 3100 ὡς
2549 3037 2720 3092 πάλαι
2771 3043 2889 3100 τοῖς
2945 3039 3157 3094 κανόσιν
3241 3038 3614 3112 ἀπειρημένην
3698 3039 3792 3094 καὶ

2143 3131 2262 3186 τοῖς
2319 3123 2790 3196 ἐκκλησιασνικοῖς
2843 3123 3152 3197 ἀπᾴδουσαν
3202 3137 3446 3200 θεσμοις·
3499 3125 3544 3182 εἰ
3594 3123 3642 3182 δ’
3693 3127 3792 3182 αὖ·

379 3220 607 3291 regium
646 3217 1014 3286 triumphum
1055 3219 1332 3286 aequaret.
1386 3219 1454 3268 At
1515 3215 1773 3286 primarii
1837 3232 2026 3272 sacer-

2143 3214 2236 3278 τὸς
2267 3214 2430 3289 σχοίη
2464 3215 2524 3269 ἅν
2552 3215 2628 3277 ὡς
2681 3214 2884 3288 νόμους
2935 3215 3023 3270 καὶ
3069 3216 3298 3280 κανόνας
3343 3210 3793 3288 ἀκριϐωσάμενος

377 3309 547 3363 dotes
606 3306 909 3376 scelerique
959 3303 1228 3358 facundia
1285 3303 1564 3375 insignes,
1626 3303 1724 3375 qui
1774 3319 1832 3358 se
1863 3320 2032 3359 cano-

380 3397 554 3451 nibus
586 3399 803 3450 temere
833 3393 1064 3448 violatis
1109 3393 1382 3464 deceptos
1419 3393 1712 3457 videbant,
1745 3392 2024 3464 obstupe-

379 3483 535 3556 facti,
569 3501 704 3540 cum
764 3483 946 3538 risum
1007 3481 1228 3536 diutius
1285 3483 1537 3551 perferre
1601 3498 1713 3536 non
1761 3487 2022 3553 possent,

376 3573 835 3630 extraordinaria
867 3569 1254 3628 conciliabula
1299 3577 1351 3624 et
1399 3569 1583 3641 plebis
1622 3569 2023 3626 conventicula

375 3663 732 3719 instituunt:
766 3660 964 3716 alienae
995 3659 1250 3714 ecclesiae
1290 3663 1602 3730 occupator
1658 3660 1822 3714 audit
1862 3659 2022 3716 Dosi-

371 3753 584 3820 tbeus;
621 3753 878 3808 secundo
911 3750 1128 3805 honore
1159 3750 1436 3820 abrogato
1469 3765 1498 3804 e
1549 3749 1686 3805 sede
1728 3749 2017 3820 educitur,

373 3843 528 3900 588
559 3843 873 3914 imperator
901 3856 1034 3895 vero
1068 3839 1448 3910 ignominiam
1483 3837 1639 3892 illam
1686 3855 1798 3893 non
1830 3839 2018 3895 ferens

370 3930 644 3986 omnibus
676 3927 861 3984 modis
893 3928 1258 3992 adversatur,
1293 3941 1356 3981 ac
1405 3925 1551 3981 nihil
1613 3942 1726 3981 non
1791 3927 1925 3982 facit
1957 3931 2020 3982 ut

365 4021 688 4094 approbata
721 4019 820 4074 illa
878 4017 1186 4073 translatio
1254 4015 1460 4071 valeat.
1491 4015 1606 4071 Nec
1658 4016 1847 4072 multo
1889 4021 2017 4086 post

366 4110 744 4182 abrogatione
776 4107 1028 4174 sublata,
1076 4105 1412 4162 Dositheum
1459 4106 1650 4160 denuo
1710 4107 2020 4162 confirma-

365 4201 492 4253 tum
529 4215 630 4267 per
675 4196 1068 4267 bipenniferos
1127 4193 1408 4250 satellites
1463 4198 1521 4248 et
1567 4193 1850 4264 palatinos
1884 4212 2018 4266 pro-

370 4301 532 4341 ceres
569 4286 630 4341 iu
663 4301 886 4340 sacram
958 4285 1140 4340 tndem
1203 4281 1462 4348 deducit,
1532 4281 1728 4354 populi
1791 4291 2016 4339 motum

367 4375 610 4431 veritus.
640 4375 774 4431 Erat
820 4375 975 4430 enim
1021 4372 1327 4428 Dosithcus
1387 4373 1458 4428 ob
1517 4374 1898 4429 ambitionem
1960 4380 2018 4430 et

364 4464 736 4537 imperatoris
767 4462 1238 4534 intempestivam
1291 4461 1670 4530 pertinaciam
1715 4465 1770 4516 et
1811 4480 2015 4534 parum

361 4553 665 4611 laudatum
701 4553 795 4610 sui
829 4553 1091 4609 studium
1125 4549 1398 4607 omnibus
1438 4549 1693 4608 invisus.
1731 4555 2010 4608 Czeterum

2141 3303 2331 3378 χώραν
2389 3301 2619 3380 ἔχουσαν
2661 3301 3092 3378 ἀποδεδειχὲναι,
3148 3301 3284 3360 καθᾶ
3342 3325 3496 3370 ποτε,
3555 3305 3645 3360 καὶ
3701 3310 3792 3360 νῦν

2133 3393 2237 3461 τήν
2273 3415 2339 3466 με
2372 3393 2614 3462 τάθεσιν,
2647 3393 2736 3448 καὶ
2767 3393 2864 3456 τὰς
2889 3397 2998 3448 τῶν
3038 3391 3266 3450 πολλῶν
3323 3393 3400 3456 εἰς
3447 3397 3612 3450 τοῦτο
3663 3405 3787 3467 μεθ-

2133 3482 2393 3556 αρμόσειε
2467 3482 2714 3557 γνώμας,
2793 3479 3018 3558 ἕρμαιον
3101 3482 3268 3545 ὄντως
3365 3485 3632 3556 ἡγήσεται
3722 3483 3785 3538 τὸ

2132 3574 2373 3649 πραχθὲν
2431 3575 2516 3628 καὶ
2579 3575 2680 3628 οὐκ
2739 3568 3092 3630 ἀναϐαλεῖται
3150 3574 3213 3629 τὸ
3269 3579 3438 3649 πέρας
3501 3573 3781 3630 ἀνεύθυνον

2130 3669 2321 3718 ποιοῦ)
2355 3666 2455 3734 τὴν
2498 3663 2862 3743 προχείεισιν.
2905 3665 3002 3718 Καὶ
3048 3664 3076 3719 ό
3138 3665 3231 3737 μὲν
3291 3662 3549 3739 βασιλεὺς
3603 3665 3776 3726 οὕτως

2133 3751 2373 3824 μετῆλθε
2445 3753 2535 3807 τὸν
2615 3753 2956 3828 Ἀντιοχείας
3032 3751 3334 3828 θεόδωρον,
3415 3753 3442 3808 ὁ
3489 3751 3544 3806 δὲ
3602 3754 3778 3808 πάντα

2128 3839 2324 3909 ἐκτελῆ
2352 3843 2592 3916 γενέσθαι
2642 3842 2914 3896 κατέθετο.
2977 3841 3254 3918 Σύλλογοι
3318 3839 3406 3896 οὖν
3467 3841 3575 3913 μετ’
3632 3839 3770 3894 ἐκεί-

2127 3953 2223 4002 νην
2253 3932 2352 4000 τήν
2409 3933 2620 4006 ῆμὲραν
2675 3931 2980 4008 ἀρχιερέων
3035 3933 3132 3987 ἆνὰ
3177 3933 3244 3987 τὰ
3293 3930 3486 4008 ἀρχεῖα
3539 3929 3604 3986 τὰ
3654 3929 3776 4004 legit

2126 4020 2227 4074 καὶ,
2293 4019 2508 4075 σῦνοδοι
2584 4021 2677 4076 καὶ
2752 4023 3050 4092 συζήτησις
3125 4021 3246 4096 περὶ
3291 4019 3652 4094 μεταθέσεως,
3691 4019 3780 4074 καὶ

2127 4110 2272 4184 παρᾶ
2346 4107 2516 4172 πόδας
2592 4109 2911 4188 ἐκχώρησις
2985 4110 3074 4166 καὶ
3149 4111 3322 4184 τόμος
3362 4109 3448 4165 ἐπὶ
3495 4107 3780 4185 βασιλικοῦ

2128 4197 2624 4272 συμπληρο·5μενος
2703 4201 2976 4273 βήματος,
3051 4199 3222 4254 καὶὸ
3274 4199 3368 4272 μὲν
3443 4196 3782 4274 Ἀντιοχείας

2125 4288 2292 4344 πάλιν
2325 4287 2664 4364 Ἀντιοχείας
2711 4287 2974 4361 ἐώμενος,
3025 4289 3052 4344 ὁ
3107 4285 3163 4343 δὲ
3213 4288 3470 4352 Δοσίθεος
3521 4287 3628 4343 ἀπὸ
3685 4289 3778 4342 τοῦ

2125 4382 2232 4433 τῶν
2288 4375 2687 4452 Ἱεροσολύμων
2739 4378 2918 4432 θώκου
2978 4377 3054 4440 εἰς
3125 4377 3217 4434 τὸν
3275 4385 3376 4447 τῆς
3435 4383 3774 4433 Κωνσταντι-

2123 4464 2441 4530 νουπόλεως
2503 4465 2854 4544 ἀναγόμενος,
2911 4466 3000 4521 καὶ
3039 4467 3074 4536 ἡ
3117 4468 3432 4540 προπομπή
3495 4463 3570 4527 ὡς
3630 4464 3777 4537 λαμο

2123 4555 2364 4630 προτάτη
2425 4557 2517 4610 καὶ
2583 4556 3131 4632 πολυανθρωποτάτῃ
3204 4559 3315 4610 τῶν
3401 4555 3648 4622 πώποτε,
3706 4553 3780 4614 ὡς

363 4660 570 4700 rursus
601 4645 738 4700 sede
768 4643 1018 4716 ejicitur,
1079 4641 1401 4712 eodemque
1461 4641 1632 4695 modo
1685 4657 1800 4713 quo
1849 4643 2010 4699 canis

2137 4617 2252 4699 ιέναι
2285 4617 2373 4699 καί
2413 4639 2705 4719 θριάμϐοις
2756 4617 3028 4720 βασιλέων
3079 4617 3454 4722 ἀμφήριστος,
3505 4644 3595 4698 καὶ
3636 4617 3777 4720 διχα-

357 4733 684 4806 ίΕεορίοιιε,
717 4739 775 4788 et
805 4732 1209 4804 pontificatum
1249 4744 1423 4801 quem
1484 4735 1749 4786 tenuerat
1799 4733 2013 4789 amittit

363 4825 521 4892 (nam
581 4823 730 4878 alius
775 4820 1186 4890 Hierosolymis
1241 4819 1458 4875 electus
1515 4819 1658 4889 erat)
1689 4825 1746 4875 et
1804 4821 2012 4892 majori

366 4911 504 4966 sede
529 4910 761 4976 excidit,
810 4926 1022 4980 magno
1083 4923 1354 4964 vasorum
1422 4909 1661 4963 custode
1716 4907 2012 4980 Xiphilino

367 4998 610 5070 Georgio
643 4998 968 5070 patriarcha
1003 4998 1326 5068 designato.

2121 4740 2230 4797 νεῖς
2261 4733 2348 4790 ἐπὶ
2379 4734 2556 4808 τούτῳ
2612 4735 2663 4790 οἱ
2713 4735 3114 4814 φενακισθέντες
3171 4735 3456 4811 ἀρχιεερεῖς
3512 4734 3601 4788 καὶ
3650 4731 3780 4794 τοὺς

2119 4823 2342 4885 κανόνας
2387 4823 2505 4894 εἰκῆ
2555 4825 3073 4899 κατανωτισάμενοι.
3132 4824 3354 4898 Ἀμέλει
3409 4844 3496 4879 τοι
3557 4822 3648 4878 καὶ
3695 4822 3775 4895 μὴ

2122 4911 2210 4967 ἐπὶ
2241 4912 2413 4967 πολὺν
2447 4913 2644 4988 χρόνον
2678 4913 2908 4990 ἐνεγκεῖν
2939 4913 3032 4969 τὸν
3065 4911 3282 4989 γέλωτα
3311 4908 3535 4988 ἔχοντες
3591 4931 3776 4986 παρα-

2124 5004 2434 5080 συναγωγὰς
2496 5008 2712 5060 ποιοῦσι
2767 5005 2858 5060 καὶ
2909 5002 3235 5080 ὀχλαγώγια
3285 5004 3335 5058 o't
3394 4999 3624 5078 λογάδες
3681 5005 3778 5056 τοῦ

1766 5127 1909 5188 llier
1938 5130 2151 5192 Wolfii
2181 5139 2371 5194 notae.

433 5251 549 5320 (36)
603 5249 693 5309 Ὦς
755 5247 830 5319 μή
889 5245 1173 5319 πρότερον
1219 5247 1578 5320 Depravatus
1635 5247 1864 5304 videtur
1922 5252 2015 5310 hic

364 5319 546 5376 locus.
583 5325 692 5393 Ego
726 5321 781 5374 in
821 5321 1102 5393 vertendo
1137 5319 1619 5393 qualemcunque
1657 5323 2012 5393 sententiam

365 5409 497 5447 sum
529 5388 781 5448 secutus.
817 5391 1093 5447 Vetustas
1125 5388 1300 5445 cedex
1331 5399 1386 5444 et
1417 5389 1546 5458 ipse
1607 5388 1782 5458 habet
1837 5397 2012 5452 verba

365 5463 509 5519 satis
532 5463 852 5536 perplexa;
904 5460 994 5536 ’,Ως
1052 5457 1136 5536 ὅτι
1191 5460 1225 5528 ἡ
1283 5455 1702 5536 ξΕκκλὴσίαμέ-
1733 5457 2008 5527 διϊθύνεις·

364 5529 663 5592 Ecclesium
690 5552 802 5590 non
835 5535 1032 5588 habere
1061 5533 1206 5606 viros
1235 5533 1353 5606 pios
1383 5539 1432 5606 et
1459 5529 1722 5600 eruditos,
1743 5551 1916 5606 eaque
1943 5542 2013 5596 de

363 5622 534 5664 causa
561 5612 612 5664 et
663 5607 1030 5661 monasticam
1087 5601 1256 5656 vitam
1313 5601 1579 5670 dejectam
1629 5611 1680 5657 et
1738 5601 2006 5664 desertam

361 5694 496 5737 esse.
532 5682 596 5737 Et
633 5683 714 5747 tu,
763 5675 970 5749 inquit,
1029 5674 1244 5730 illustre
1297 5674 1470 5741 sidus,
1525 5687 1636 5728 non
1685 5681 2006 5747 apparuisti

2123 5259 2301 5328 prius,
2348 5263 2406 5312 ut
2458 5260 2518 5314 in
2573 5257 2716 5314 solio
2767 5260 2868 5315 hoc
2922 5259 3298 5328 putriarchico
3351 5256 3666 5315 consideres
3720 5257 3775 5328 et

2127 5325 2504 5402 Christianum
2535 5346 2754 5399 gregem
2781 5325 2981 5402 Optime
3032 5333 3388 5400 gubernares.
3437 5329 3498 5402 In
3556 5325 3774 5402 caeteris

2123 5400 2352 5474 duobus
2377 5404 2476 5456 cod
2493 5397 2676 5474 icibu’s
2700 5397 2822 5474 pro
2839 5397 3422 5474 xegotéiwv___rorla§se
3451 5397 3762 5474 legendum

2123 5469 2344 5547 οἰάκων,
2372 5473 2498 5547 sine
2529 5468 2751 5547 syllaba
2777 5468 2979 5547 διεξῄει
3005 5492 3107 5544 pro
3129 5469 3290 5547 ἥλιον
3319 5468 3356 5540 ἤ
3411 5468 3538 5525 τὸν’
3557 5471 3762 5547 fortas-

2123 5559 2186 5598 se
2216 5543 2530 5614 legendum
2561 5541 2598 5614 ἤ
2629 5543 2814 5614 αὐτὸν,
2842 5541 2911 5602 ut
2940 5541 3062 5601 haec
3085 5547 3154 5600 de
3186 5546 3309 5601 sole
3339 5541 3626 5599 sententia
3651 5551 3766 5592 non

2120 5615 2188 5669 ad
2226 5614 2403 5670 alium
2436 5632 2609 5688 quam
2647 5619 2715 5672 ad
2749 5619 2941 5690 ipsum
2981 5617 3308 5672 Balsamum
3344 5616 3640 5672 referatur.
