4098 6292
256 352 375 414 773

1385 338 1486 406 DE
1528 342 1846 406 ISAACIO
1889 342 2214 407 ANGELO
2262 344 2409 405 LIB.
2456 344 2535 407 ΙΙ.

3552 351 3674 413 ’174

267 483 547 557 βήματος,
576 477 668 533 καὶ
699 480 802 533 τῶν
836 473 1139 553 ἀρχιερέων
1198 474 1396 531 ὁπόσον
1442 476 1562 549 εἶχε
1614 477 1713 544 τῆν
1773 474 2023 551 γλῶτταν
2100 474 2238 551 πρὸς
2313 474 2495 551 λόγων
2575 475 2733 551 ἰσχὺν
2785 474 3080 550 ἐπίσημον.
3158 477 3367 535 Οὗκοῦν
3418 475 3686 551 ἐπιϐάτης

267 569 573 640 ἐκκλησίας
650 564 945 641 ἄλλοτρίας
1019 564 1203 621 ἀκούει
1280 565 1554 635 Δοσίθεος,
1630 566 1721 619 καὶ
1796 562 2169 638 ἀναλυομένην
2242 559 2371 640 ἔσχε
2443 566 2540 634 τῆν
2621 563 2866 641 δευτέραν
2940 569 3130 641 τιμῆν,
3204 571 3436 624 καὶτοῦ
3487 571 3683 643 θρόνου

266 660 580 734 κατάγεται.
610 658 716 726 Τὴν
750 653 794 710 δ’
838 656 1002 725 ἦτταν
1041 657 1116 729 μῆ
1195 656 1372 735 φέρειν
1450 653 1595 729 ἔχων
1674 655 1702 708 ὁ
1781 653 2039 728 βασιλεὺς
2115 654 2533 729 ἀναμαχόμενος
2564 656 2630 724 ἦν
2682 658 2770 711 καὶ
2846 659 3116 720 παντοίως
3149 655 3390 714 σπεύδων
3469 659 3680 735 ἰσχύειν

264 750 370 820 τὴν
400 752 730 823 κυρωθεῖσαν
811 745 1109 819 μετάθεσιν,
1184 745 1275 798 καὶ
1355 744 1488 815 μετὰ
1565 742 1776 821 βραχύν
1852 764 1974 798 τινα
2049 745 2251 817 χρόνον
2328 744 2596 806 ἀναλύσας
2635 747 2702 800 τά
2775 746 3132 822 ἐπιγενόμενα
3207 747 3361 811 αὗθις
3437 748 3681 823 ἐστήριξε

271 840 367 893 τὸν
403 838 674 904 Δοσίθεον,
708 834 799 890 ὅτε
848 834 939 889 καὶ
1016 831 1105 888 διὰ
1175 838 1284 889 τῖον
1361 832 1750 909 πελεκυφόρων
1827 832 1916 886 καὶ
1991 837 2096 886 τῶν
2132 836 2229 886 τοῖ’)
2259 831 2528 887 παλατίου
2605 834 2865 907 ἐκκρίτων
2941 834 3295 910 προύπεμψεν
3369 835 3528 891 αὐτὸν
3604 838 3684 901 εἰς

271 927 336 981 τὸ
371 926 624 1000 μέγιστον
656 923 900 997 τέμενος,
937 920 1132 985 δεδιὼς
1167 924 1242 995 μή
1274 923 1335 977 τὸ
1361 921 1574 991 πλῆθος
1650 922 2040 995 νεωτερίσειεν·
2118 921 2183 990 ἦν
2262 924 2364 996 γὰρ
2442 919 2533 977 διὰ
2609 925 2802 996 μίσους
2876 925 3071 980 ’ἅπασιν
3150 925 3224 986 ὠς
3299 924 3684 1001 φιλόθρονοςὸ

273 1014 525 1078 Δοσίθεος
554 1016 693 1086 {37),
723 1012 815 1068 καὶ
873 1013 936 1067 τὸ
1008 1016 1108 1067 τοῦ
1142 1015 1469 1083 κρατοῦντος
1545 1009 1631 1065 ἐπὶ

1712 1011 1788 1084 μὴ
1866 1009 2103 1086 καιρίοις
2178 1011 2492 1085 πράγμασιν
2570 1011 2875 1068 ἐνστατικόν
2950 1036 3008 1069 τε
3081 1015 3172 1069 καὶ
3248 1013 3507 1089 φίλαυτον
3586 1017 3685 1074 οὐκ

264 1104 562 1161 ἐπαινετόν.
597 1101 779 1160 Ἀλλὰ
807 1101 901 1157 καὶ
933 1100 1099 1157 πάλιν
1128 1106 1224 1156 τοῖ’)
1258 1102 1452 1176 θρόνου
1485 1097 1987 1172 ἀποδιοπομπεῖται
2039 1100 2310 1173 Δοσίθεος,
2369 1102 2459 1156 καὶ
2511 1103 2772 1168 πέπονθεν
2831 1104 3074 1179 ἀτεχνῶς
3127 1105 3189 1159 τὸ
3245 1112 3345 1175 τῆς
3375 1106 3686 1172 Αἷσωπείας

259 1194 449 1262 κυνὸς,
526 1193 595 1261 ἧς
670 1213 728 1247 τε
804 1189 1006 1246 διεῖπεν
1082 1191 1370 1246 ἀποπεσὼν
1447 1192 1596 1264 ίερᾶς
1672 1189 1855 1264 ἀρχῆς
1931 1185 2133 1263 (ἕτερος
2203 1190 2305 1266 γάρ

259 1283 508 1356 μείζονος
586 1281 782 1354 θρόνου
857 1280 1218 1355 καθαιρεθείς.
1296 1280 1397 1335 Καὶ
1476 1283 1639 1334 τοῦτο
1717 1279 1812 1351 μὶν
1889 1276 2156 1346 ἐσέπειτα,
2232 1279 2321 1333 καὶ
2396 1282 2804 1355 προγειρίζεται
2880 1283 3225 1358 πατριάρχης

253 1369 593 1449 σκευοφύλαξ
625 1371 651 1424 ὁ
674 1368 972 1442 Ξιφιλῖνος
1002 1367 1299 1444 Γεώργιος.
1331 1421 1340 1429 ,

2408 1190 2813 1267 Ἱεροσολύμων
2892 1193 3339 1270 κεχειροτόνητο)
3422 1197 3511 1251 καὶ
3587 1200 3684 1252 τοῦ

3334 1284 3499 1362 μέγας
3603 1283 3679 1340 ὤν

330 1461 386 1514 ε’.
422 1463 506 1533 [Ρ.
541 1460 667 1531 261]
716 1457 850 1513 Τότε
916 1453 985 1527 δ’,
1046 1457 1120 1518 ὡς
1172 1457 1455 1530 ἁπανταχῆ
1501 1451 1817 1530 περιῄδετο,
1850 1454 1909 1509 ἐκ

2091 1458 2148 1512 5.
2180 1458 2326 1513 Tum
2360 1477 2513 1526 vero,
2550 1463 2703 1532 quod
2740 1463 2957 1534 ubique
3006 1469 3130 1519 erat
3191 1465 3440 1534 celebre,
3473 1483 3539 1521 ex
3567 1470 3679 1522 Sa-

262 1546 701 1621 Σολομωντείων
758 1541 964 1620 βίϐλων
1028 1541 1336 1617 ἰνδάλματα
1375 1548 1484 1599 τῶν
1515 1541 1795 1616 ἐσομένων
1826 1556 1917 1609 καί

254 1659 410 1700 τινας
456 1637 716 1714 ἐμφάσεις
776 1637 914 1690 κατά
968 1632 1095 1696 τοὺς
1158 1633 1594 1708 ὀνειροπομποὺς
1655 1630 1918 1706 δαίμονας

252 1727 587 1802 ἀποτρυγῶν
620 1725 648 1780 ὁ
678 1725 928 1786 Δοσίθεος
968 1720 1076 1800 οὺχ
1120 1720 1302 1798 ὥσπερ
1343 1723 1447 1777 ὰπὸ
1480 1723 1647 1797 ῥινὸς,
1698 1720 1826 1777 ἀλλ’
1859 1722 1918 1776 ἐκ

254 1822 363 1873 τῶν
415 1814 577 1871 ὤτων
647 1814 798 1870 εἷλκε
849 1816 942 1870 τὸν
1002 1814 1392 1889 αὐτοκράτορα.
1451 1816 1513 1871 Ὁ
1566 1809 1624 1868 δέ
1671 1834 1732 1889 γε
1764 1833 1918 1888 πρω-

251 1896 580 1980 τοστράτωρ
637 1903 773 1959 κατᾶ
831 1905 924 1965 τάς
980 1901 1265 1976 βασιλικὰς
1323 1902 1740 1975 ὑποθημοσύνας
1799 1898 1914 1955 δια-

258 1995 639 2067 πραττόμενος
698 1986 1072 2066 παρεϐλέπετο
1137 1991 1204 2046 τά
1263 1992 1399 2066 πρὸς
1485 1991 1645 2046 αὐτὸν
1712 1990 1916 2067 γραφό-

259 2105 392 2158 μενα
415 2082 563 2157 παρὰ
593 2086 690 2137 τοῦ
721 2082 915 2157 ῥῆγός,
972 2081 1062 2135 καὶ
1121 2081 1258 2142 ἅπας
1309 2080 1510 2156 ἐγίνετο
1574 2083 1671 2134 τοῦ
1723 2078 1913 2153 δρᾶσαί

253 2195 304 2228 τι
337 2174 503 2228 κακὸν
560 2172 689 2233 τοὺς
751 2170 1099 2243 Ἀλαμανοὺς
1154 2168 1277 2244 περὶ
1334 2169 1700 2244 φρυγανισμὸν
1747 2166 1913 2238 ἐξιόν-

250 2282 368 2323 τας.
430 2260 533 2317 Καὶ
594 2255 659 2328 δή
715 2279 845 2312 ποτε
923 2258 1046 2333 περὶ
1130 2258 1257 2320 τοὺς
1317 2255 1631 2333 δισχιλίους
1700 2278 1759 2311 τε
1824 2255 1915 2311 καὶ

257 2350 521 2412 εύίππους
605 2347 981 2422 ἀποκεκρικὼς
1060 2347 1326 2418 ἠθέλησεν
1410 2345 1587 2425 ἂγχοῦ
1653 2368 1757 2401 που
1817 2348 1914 2414 τῆς

252 2438 542 2494 Φιλίππου
584 2440 910 2512 πορευθῆναι
940 2437 1134 2500 νυκτὸς
1170 2436 1259 2491 καὶ
1319 2440 1425 2493 τῶν
1477 2436 1642 2491 ἐκεῖθι
1708 2436 1917 2510 βουνῶν

254 2527 535 2603 ἐχομένως
596 2525 915 2590 ὑποκαθίσαι
972 2520 1146 2600 λόχον
1218 2524 1308 2581 καί
1391 2531 1506 2588 τοῖς
1602 2524 1913 2603 σιτοφόροις

259 2616 536 2671 ἐπιθέσθαι
598 2610 838 2691 ὄρθριος.
900 2615 1002 2671 Καὶ
1063 2614 1225 2676 αὐτὸς
1287 2615 1379 2688 μὲν
1434 2618 1693 2684 τοιαύτης
1730 2612 1915 2687 εἷ’χετο

261 2706 529 2781 πράξεως,
586 2705 654 2759 τὰ
706 2702 763 2759 δὲ
822 2703 1123 2783 σκευοφόρα
1177 2703 1265 2759 καὶ
1309 2704 1371 2758 τὸ
1405 2704 1736 2779 ὓπουργικὸν
1796 2708 1917 2763 τοῖς

262 2796 620 2870 στρατιώταις
676 2794 769 2849 καὶ
824 2794 887 2849 τὸ
945 2791 1140 2847 λοιπὸν
1197 2793 1506 2867 στράτευμα
1562 2792 1759 2847 ἐκεῖθεν
1821 2812 1992 2889 με-Β

267 2882 499 2953 ταῦῆναι
561 2885 678 2958 μεθ’
739 2886 899 2957 ἡμῶν
974 2884 1243 2956 ἐπέταξεν,
1312 2882 1387 2945 ὡς
1457 2881 1502 2936 εἰ
1591 2880 1768 2946 θεόθεν
1847 2880 1915 2949 ἦν

271 2972 643 3045 ἐμπνευσθείς.
694 2972 861 3030 Οὕπω
928 2972 1031 3046 γάρ
1090 2973 1157 3042 ἦν
1202 2970 1384 3045 ἡμέρα
1441 2968 1769 3048 διαγελῶσαι,
1828 2969 1918 3025 καὶ

273 3061 327 3115 οἱ
384 3058 680 3134 Ἀλαμανοὶ
740 3060 998 3134 μαθόντες
1056 3061 1200 3135 παρὰ
1254 3065 1361 3114 τῶν
1435 3058 1487 3122 ἐς
1551 3060 1611 3114 τὸ
1658 3058 1917 3136 φρούριον

267 3149 365 3205 τὸν
423 3152 730 3225 Προυσηνὸν
788 3148 1089 3225 Ἀρμενίων
1146 3150 1336 3224 (ἐκεῖσε
1400 3150 1503 3224 γὰρ
1560 3152 1594 3218 ἠ
1659 3147 1915 3225 βασιλική

262 3237 851 3315 κατεστρατοπεδεύετο
948 3241 1193 3314 στρατιὰ)
1273 3238 1371 3293 ὅσα
1428 3239 1494 3307 ἦν
1577 3243 1654 3310 τῷ
1710 3258 1920 3313 πρωτο-

260 3327 691 3404 στράτοριπρὸς
748 3326 979 3402 βουλῆς,
1020 3329 1186 3382 νύκτα
1249 3329 1346 3397 τῆν
1404 3328 1574 3396 αὐτὴν
1637 3325 1916 3402 ἐξάραντες

256 3425 360 3488 τῆς
450 3415 738 3473 Φιλίππου
799 3417 929 3491 ὑπὲρ
1000 3417 1096 3481 τάς
1168 3415 1324 3472 πέντε
1383 3413 1641 3492 χιλιάδας
1710 3414 1920 3491 σιδήρῳ

254 3507 454 3568 πάντες
531 3506 899 3585 κατάφρακτοι
995 3505 1269 3571 ἐπιθέσθαι
1364 3509 1500 3579 ἡμῖι
1596 3508 1916 3581 ἠπείγοντο,

263 3596 529 3660 λαθόντες
581 3594 678 3656 οὕς
737 3594 963 3671 εἴχομεν
1024 3596 1270 3671 ὀπτῆρας
1319 3595 1409 3650 καὶ
1470 3594 1735 3674 φύλακας,
1780 3592 1921 3670 μηδὲ

267 3692 387 3747 τοῖς
444 3685 561 3760 ἅμα
627 3690 705 3757 τῷ
761 3684 1210 3761 πρωτοστράτορι
1278 3683 1585 3747 ἐπιλέκτοις
1661 3706 1923 3757 συνηντη-

259 3777 439 3847 κότες,
480 3774 598 3831 ἐπεὶ
628 3774 720 3829 καὶ
787 3776 815 3828 ὁ
877 3775 971 3848 μὲν
1002 3775 1445 3849 πρωτοστράτωρ
1501 3775 1569 3829 τὰ
1606 3779 1722 3839 τοῖς
1771 3771 1920 3848 ὄρεσι

260 3866 693 3943 προσεγγίζοντα
759 3861 894 3941 μέρη
984 3864 1361 3937 ἐπεπορεύετο,
1411 3863 1534 3920 ἔνθα
1589 3866 1675 3920 καὶ
1739 3865 1920 3941 χωρία

257 3958 327 4026 ἦν
388 3956 552 4011 εἷσέτι
610 3959 717 4009 τῶν
767 3952 1088 4024 ἐπιτηδείων
1142 3948 1380 4027 ἔμπλεα,
1437 3954 1691 4017 καὶτοὺς
1742 3953 1917 4031 γηλό-

258 4066 394 4125 φους
428 4042 687 4100 ὑπεδύετο
731 4040 980 4098 κλέπτων
1040 4044 1102 4098 τὸ
1161 4044 1414 4113 θεαθῆναι
1475 4044 1611 4118 πρὸς
1641 4047 1737 4098 τοῦ
1814 4053 1919 4113 θη-

257 4134 525 4211 ράματος·
562 4135 615 4187 οἱ
668 4130 713 4186 δ’
770 4131 1074 4206 Ἀλαμανοὶ
1132 4132 1473 4193 πεποιθότως
1530 4128 1776 4202 ἐϐάδιζον
1816 4132 1914 4199 τὴν

255 4221 346 4277 διά
401 4223 553 4278 λείου
606 4219 793 4276 πεδίου
854 4220 930 4283 εἰς
1014 4222 1076 4277 τὸ
1160 4222 1470 4295 Ῥωμαϊκὸν
1555 4218 1915 4296 στρατόπεδον

257 4314 551 4391 φέρουσαν.
583 4312 674 4374 Ὠς
704 4308 751 4365 δ’
808 4309 999 4366 οὐδένα
1057 4309 1279 4385 εὕροσαν
1338 4309 1644 4388 ἀντίμαχον
1704 4312 1754 4365 οἱ
1806 4328 1918 4366 ’πο-

261 4398 478 4474 λέμιοι,
519 4397 666 4454 ἀλλὰ
694 4401 793 4469 τὴν
859 4400 951 4473 μὲν
1012 4399 1317 4467 ἀποσκευὴν
1371 4403 1468 4454 τοῦ
1518 4398 1917 4475 στρατεύματος

260 4490 401 4542 κατᾶ
450 4490 549 4556 τῆν
608 4496 770 4558 τῆτες
828 4485 1014 4558 δείλην
1076 4488 1438 4557 ἀπονοστῆσαι
1516 4488 1712 4552 ἐκεῖθεν
1787 4487 1917 4544 ἐπύ-

266 4579 452 4643 θοντο,
510 4575 632 4631 ὅσον
687 4576 731 4633 δ’
781 4578 946 4633 αὐτοῦ
1003 4577 1314 4654 κράτιστον,
1365 4578 1502 4632 κατά
1556 4583 1663 4632 τῶν
1731 4577 1791 4633 ἐκ
1822 4583 1919 4633 τοῦ

271 4664 461 4741 γένους
517 4670 661 4743 σφῶν
711 4668 779 4721 τά
858 4672 978 4721 σῖτα
1036 4667 1114 4728 sic
1170 4668 1269 4737 τήν
1334 4661 1693 4741 παρεμϐολὴν
1754 4689 1917 4740 μετα·

269 4756 541 4835 φερόντων
598 4755 1005 4835 ἐφωρμηκέναι,
1060 4757 1136 4829 μὴ
1198 4755 1571 4830 ἀναμείναντες
1603 4757 1700 4824 τῆν
1761 4757 1919 4833 ἀγγε-

267 4843 390 4900 λίαν
448 4847 577 4900 τοὺς
627 4843 836 4908 ’ίππους
898 4847 1251 4922 μετήνεγκαν,
1305 4846 1591 4920 εὑρεθῆναι
1657 4851 1773 4906 τοῖς
1828 4851 1920 4918 ζη-

261 4937 451 4987 τοῦσιν
479 4932 832 5006 γλιχόμενοι.
886 4932 1096 4989 Ούκοῦν
1156 4933 1209 4985 οἱ
1264 4932 1358 5005 μὲν
1407 4932 1497 4986 τὸν
1556 4930 1720 4987 ἐκεῖθι
1750 4932 1919 5012 λόφον

263 5017 813 5087 ὑποκαταϐαίνοντες,
849 5021 904 5083 ὃς
960 5020 1088 5096 περὶ
1144 5022 1204 5075 τὸ
1262 5023 1518 5098 φρούριον
1552 5019 1768 5097 ἐξῆρται
1826 5024 1917 5078 τὸν

260 5109 607 5186 Προυσῆνὸν,
692 5111 742 5163 οἱ
822 5108 870 5162 δ’
944 5110 1203 5184 ἡμέτεροι
1287 5111 1525 5173 ἀνιόντες
1594 5111 1918 5186 προσέμιξαν

254 5197 539 5270 ἀλλήλοις
616 5196 900 5268 ἀδόκητοι,
1006 5199 1152 5255 Ἐπεῖ
1217 5196 1272 5252 δὲ
1347 5201 1433 5254 καὶ
1514 5200 1918 5273 συμπλακέντες

255 5290 566 5368 ἐμάχοντο,
629 5288 679 5340 οἱ
718 5288 810 5359 μὲν
855 5287 1073 5344 Ἀλανοὶ
1106 5286 1461 5361 ἐξηγούμενον
1496 5289 1668 5347 αὐτῶν
1704 5289 1920 5366 ἔχοντες

254 5378 346 5433 τὸν
384 5381 481 5433 τοῦ
528 5373 772 5446 Ἀλεξίου
833 5381 1006 5448 ligavit
1046 5376 1159 5429 υἱὸν
1222 5376 1311 5430 τὸν
1382 5374 1661 5453 Θεόδωρον
1722 5388 1920 5457 μικροῦ

2019 1544 2274 1603 lornonis
2306 1547 2470 1605 libris
2505 1551 2828 1607 futurarum
2858 1569 3052 1608 rerum
3078 1553 3362 1624 imagines
3385 1556 3677 1611 etformas

2022 1637 2330 1707 quaedam,
2366 1637 2554 1694 instar
2584 1640 2910 1696 daemonum
2938 1643 3035 1712 qui
3065 1643 3295 1698 somnia
3320 1644 3674 1711 immittunt,

2021 1724 2411 1795 depingendo,
2445 1742 2559 1781 non
2595 1743 2737 1782 naso
2770 1729 2871 1783 sed
2905 1728 3146 1784 auribus
3178 1729 3449 1786 trahebat
3491 1731 3678 1802 impe-

2024 1812 2404 1883 ratorem.Cuj
2418 1814 2685 1884 usjussis
2705 1821 3086 1885 protostrator
3107 1818 3677 1889 obsequens,litleris

2022 1901 2174 1972 regis
2201 1900 2666 1972 neglectis,totus
2692 1905 2750 1958 in
2784 1920 2848 1959 eo
2880 1911 3002 1960 erat
3035 1912 3096 1959 ut
3127 1906 3467 1962 Alemannis
3510 1923 3677 1962 noce-

2023 1994 2108 2044 ret
2141 1990 2564 2047 frumentatum
2624 1994 2992 2050 exeuntibus.
3068 1995 3132 2048 Et
3189 1997 3442 2066 quadam
3506 2002 3677 2053 nocte

2022 2078 2254 2135 circiter
2284 2079 2373 2135 bis
2405 2081 2566 2136 mille
2596 2083 2932 2154 insignibus
2976 2085 3279 2156 equitibus
3330 2085 3574 2140 delectis
3605 2087 3678 2141 ad

2022 2165 2179 2223 534
2215 2167 2665 2240 Philippopolim
2703 2171 3015 2241 proﬁcisci,
3050 2178 3107 2227 et
3138 2173 3372 2227 insidiis
3419 2173 3480 2227 in
3513 2172 3682 2229 colli-

2023 2255 2133 2311 bus
2164 2256 2282 2312 illis
2313 2257 2613 2313 collocatis
2666 2261 3118 2316 frumentatores
3181 2277 3348 2316 mane
3403 2262 3677 2318 invadere

2021 2344 2297 2400 instituit.
2329 2350 2408 2401 Ac
2440 2348 2490 2401 ei
2526 2347 2603 2402 rei
2638 2347 2900 2403 intentus
2949 2348 3392 2420 impedimenta,
3436 2351 3677 2407 servitia

2025 2433 2275 2488 militum
2327 2443 2380 2489 et
2437 2435 2728 2507 reliquum
2790 2437 3130 2507 exercitum,
3201 2440 3368 2509 quasi
3430 2440 3672 2496 numine

2023 2521 2276 2588 afflatus,
2338 2523 2643 2578 nobiseum
2710 2526 3007 2581 discedere
3061 2527 3264 2596 jussit.
3327 2528 3671 2599 Priusquam

2022 2610 2174 2664 enim
2209 2610 2517 2677 diluxeral,
2579 2611 2887 2667 Alemanni
2956 2615 3027 2669 ab
3083 2609 3378 2669 Armeniis
3427 2616 3673 2670 Pruseni

2023 2698 2241 2752 castelli
2270 2697 2370 2771 (ibi
2395 2701 2549 2754 enim
2576 2702 2917 2756 constiterat
2953 2703 3320 2772 imperatoris
3365 2703 3675 2774 exercitus)

2024 2787 2094 2843 de
2128 2788 2562 2857 protostratoris
2593 2789 2835 2844 consilio
2867 2792 3150 2845 certiones
3210 2790 3443 2859 redditi,
3468 2792 3672 2846 eadem

2025 2884 2190 2934 nocte
2222 2879 2374 2933 ultra
2408 2880 2669 2952 quinque
2701 2880 2885 2935 millia
2908 2882 3413 2953 cataphractorum
3441 2883 3498 2937 in
3538 2899 3674 2939 nos-

2023 2970 2179 3021 trum
2230 2968 2543 3021 exercitum
2599 2966 2913 3023 immittere
2988 2969 3393 3039 properabant,
3456 2969 3674 3026 nostris

2024 3054 2489 3126 speculatoribus
2520 3061 2577 3110 et
2608 3057 2951 3112 custodibus
2991 3056 3269 3128 deceptis,
3322 3074 3427 3112 nec
3476 3062 3674 3130 proto-

2026 3143 2258 3199 stratori
2287 3145 2421 3200 facti
2441 3145 2847 3202 obviam.Nam
2887 3146 2937 3201 is
2960 3146 3198 3217 quidem
3221 3152 3418 3218 partes
3447 3147 3673 3203 monti-

2024 3235 2400 3303 busvicinns,
2433 3234 2490 3289 in
2524 3235 2739 3306 quibus
2774 3237 2987 3305 praedia
3010 3236 3385 3292 erantadbuc
3416 3253 3674 3293 comme-

2024 3340 2122 3389 atu
2159 3333 2389 3400 referta,
2423 3335 2839 3405 pertransibat,
2890 3339 2945 3390 et
2998 3335 3261 3391 tumulos
3319 3336 3572 3405 subibat,
3605 3350 3678 3392 ne

2026 3424 2095 3478 ab
2140 3423 2213 3478 iis
2264 3424 2698 3495 conspiceretur
2757 3441 2904 3495 quos
2964 3425 3303 3480 venabatur.
3364 3425 3676 3482 Alemanni

2024 3528 2158 3568 vero
2190 3512 2551 3568 conﬁdenter
2583 3529 2684 3584 per
2716 3513 3015 3584 planitiem
3051 3515 3119 3568 ad
3180 3514 3441 3569 Romana
3487 3520 3676 3570 castra

2027 3601 2366 3673 pergebant.
2403 3603 2511 3656 Sed
2548 3618 2677 3656 cum
2710 3602 2944 3657 nemine
2975 3608 3201 3674 reperto
3233 3608 3467 3657 nostros
3490 3601 3676 3672 pridie

2026 3692 2134 3747 sub
2166 3706 2339 3745 ccenze
2371 3696 2606 3762 tempus
2631 3692 2990 3758 discessisse,
3024 3690 3377 3761 deiectisque
3429 3691 3676 3746 fortissi-

2027 3779 2138 3833 mis
2162 3780 2228 3833 ad
2253 3778 2707 3834 frumentatores
2731 3797 2868 3835 suos
2894 3779 3433 3835 circumveniendos
3461 3779 3677 3835 abiisse

2026 3866 2415 3931 audivissent,
2447 3885 2517 3922 ne
2548 3872 2880 3938 exspectato
2909 3868 3142 3939 quidem
3180 3868 3388 3923 nuntio
3440 3884 3677 3923 conver-

2026 3959 2158 4011 tunt
2188 3971 2391 4025 equos,
2423 3962 2485 4010 ut
2518 3956 2588 4010 ab
2624 3957 2694 4011 iis
2724 3956 3124 4012 invenirentur
3178 3974 3210 4010 a
3266 3957 3480 4028 quibus
3521 3956 3671 4013 535

2025 4044 2452 4114 quaerebantur.
2490 4046 2675 4117 Igitur
2704 4061 2836 4100 eum
2871 4061 2939 4101 ex
2971 4062 3036 4100 eo
3069 4045 3218 4099 colle
3255 4046 3679 4100 descenderent

2028 4133 2124 4203 qui
2152 4135 2320 4203 juxta
2357 4134 2675 4189 Prusenum
2709 4134 3013 4190 castellum
3050 4134 3290 4202 eminet,
3326 4136 3509 4191 nostri
3540 4150 3674 4190 vero

2027 4223 2425 4290 escenderent,
2480 4239 2547 4278 ex
2606 4222 2925 4295 improviso
2982 4230 3421 4280 concurrerunt.
3482 4224 3553 4280 Ut
3600 4226 3674 4282 ad

2028 4330 2191 4368 arma
2213 4319 2443 4367 ventum
2503 4317 2610 4383 est,
2673 4312 2842 4368 Alani
2908 4313 3210 4369 Theodore
3260 4314 3674 4371 AlexiiBrana:

2030 4402 2148 4457 lilio
2177 4401 2325 4457 duce
2362 4403 2477 4458 fere
2509 4418 2711 4457 omnes
2738 4402 3094 4470 ceciderunt,
3120 4402 3335 4474 quippe
3367 4403 3466 4473 qui
3499 4404 3672 4474 primi

2029 4496 2085 4546 et
2115 4492 2221 4546 soli
2256 4508 2387 4547 cum
2430 4491 2772 4547 Alemannis
2832 4501 3177 4563 pugnarent.
3232 4491 3476 4547 Romani
3542 4510 3677 4549 vero

2031 4589 2312 4661 praecipiti
2361 4597 2415 4645 et
2466 4590 2623 4661 turpi
2683 4590 2831 4661 fugin
2894 4606 2957 4644 se
3018 4589 3397 4657 mandabant,
3430 4589 3522 4644 vix
3582 4606 3679 4645 as-

2031 4683 2199 4748 pectu
2232 4677 2493 4733 hostium
2527 4677 2806 4745 tolerato;
2840 4682 2896 4732 et
2937 4678 3059 4749 ipse
3114 4682 3504 4749 protostrator
3564 4677 3680 4734 alia

2030 4765 2121 4819 via
2150 4766 2381 4835 elapsus
2414 4784 2445 4820 a
2476 4767 2734 4822 nobisin
2766 4766 3005 4821 tertium
3067 4782 3250 4837 usque
3307 4766 3459 4821 diem
3520 4766 3680 4823 visus

2032 4872 2143 4909 non
2179 4861 2288 4920 est,
2320 4860 2375 4910 et
2406 4856 2680 4912 manibus
2713 4856 2967 4912 hostium
3000 4855 3379 4927 cupidissime
3423 4856 3678 4925 evitatis,

2032 4944 2124 4997 vix
2154 4952 2429 5016 tanquam
2463 4961 2530 4999 ex
2562 4943 2733 5017 longe
2769 4944 2914 4999 mari
2963 4944 3177 5001 salsam
3238 4944 3412 5000 veluti
3463 4962 3676 5017 aquam

2031 5032 2223 5087 adhuc
2255 5051 2566 5105 exspuens,
2599 5035 2656 5088 in
2693 5040 2924 5107 portum
2967 5041 3287 5106 pervectus,
3326 5036 3514 5103 rediit,
3548 5053 3683 5092 con-

2031 5122 2175 5175 fusis
2202 5122 2657 5178 Alamannorum
2693 5125 2932 5179 vocibus
2966 5125 3034 5177 de
3077 5140 3142 5177 eo
3175 5124 3452 5195 capiendo
3490 5125 3681 5182 adhuc

2031 5226 2200 5265 aures
2223 5213 2351 5281 ejus
2384 5214 2856 5283 personantihus.
2883 5212 3049 5267 Multi
3069 5230 3294 5283 quoque
3317 5213 3444 5267 sine
3477 5214 3680 5285 armis,

2033 5298 2159 5354 sine
2190 5317 2254 5369 eq
2270 5300 2357 5353 uis
2386 5303 2439 5353 in
2476 5308 2668 5357 castra
2699 5304 3017 5367 redierunt,
3056 5302 3249 5357 tractis
3301 5301 3361 5356 in
3418 5303 3519 5357 illa
3548 5320 3680 5357 cur-

2031 5405 2133 5441 sus
2169 5390 2538 5444 contentione
2559 5392 2863 5447 vehiculis.
2932 5392 3007 5447 Ex
3063 5408 3128 5446 eo
3179 5396 3412 5447 tantum
3445 5393 3514 5447 ab
3548 5391 3679 5448 Ale-

1646 5510 1814 5574 Hier.
1846 5514 2067 5576 Wolfii
2099 5524 2285 5577 notae.

323 5642 447 5716 (37)
479 5640 639 5695 Alter
674 5638 942 5695 Dositheo
972 5637 1378 5708 ambitionem,
1414 5640 1749 5711 imperatori
1783 5646 2127 5717 philautiam
2164 5648 2385 5719 tribuit,
2421 5650 2511 5706 hic
2543 5655 2858 5725 utrumque
2892 5654 3185 5711 Dositheo.
