4098 6292
407 316 526 375 775

1720 303 2034 368 NICETIE
2074 303 2308 368 GHONI
2320 302 2498 366 ΑΤᾹΞ

3712 297 3829 360 776

409 443 641 502 mannis
673 443 925 516 sejuncti
957 443 1258 511 sumus,ut
1289 439 1445 496 ultra
1463 456 1530 496 ιι
1551 439 1742 496 stadia
1766 439 2053 496 recedere—

2165 443 2353 499 ἔπεσον
2405 435 2598 495 πάντες
2654 431 2728 494 ὡς
2791 431 2950 506 μόνοι
3005 431 3096 487 καὶ
3172 434 3383 506 πρῶτοι
3441 429 3806 506 μαχεσάμενοι

408 535 719 593 mus.Nam
754 534 836 589 illi
875 533 946 589 ad
980 530 1436 604 Philippopolim
1482 529 1928 602 permanebant,
1965 545 2071 582 nos

411 627 555 680 citra
584 625 981 679 extremitates
1027 620 1262 676 Achridi
1322 620 1714 691 quiescebami
1746 637 1793 686 s,
1837 620 1908 672 de
1957 617 2073 672 vita

424 715 706 768 duntaxat
739 711 1142 767 conservanda
1210 708 1492 764 solliciti:
1551 708 1670 762 imo
1731 714 1788 762 et
1817 713 2074 762 nostrain

420 803 778 873 provinciam
832 799 1278 871 populabamur,
1338 798 1492 856 530
1552 804 1618 852 ut
1711 803 2072 852 commeatus

411 895 774 962 suppeteret.
835 892 968 956 Quae
1029 905 1162 943 cum
1223 888 1290 941 ad
1361 889 1769 957 imperatorem
1851 885 2073 957 perlata

414 985 633 1049 essent,
664 980 762 1034 vix
793 994 926 1034 eum
963 983 1274 1034 moverunt
1305 982 1367 1032 ut
1399 975 1666 1032 nonnihil
1721 977 1791 1030 de
1823 975 2073 1046 pertina-

416 1069 506 1125 cia
544 1069 889 1123 remitteret.
925 1068 994 1122 Et
1055 1083 1160 1122 nos
1216 1065 1391 1120 etiam
1453 1065 1626 1136 paulo
1672 1068 1803 1136 post
1833 1064 1901 1118 ad
1936 1079 2068 1120 eum

415 1157 662 1230 profecti
721 1155 958 1228 singula
1028 1154 1370 1227 diligentius
1454 1153 1910 1224 exponebamus,
1970 1152 2069 1206 illo

417 1247 662 1316 adjecto,
695 1244 1048 1300 Alamannos
1079 1245 1270 1298 dicere
1325 1242 1470 1298 nihil
1527 1257 1656 1297 esse
1707 1240 1862 1296 aliud
1910 1239 2070 1312 quod

413 1335 821 1405 imperatorem
855 1334 924 1387 ad
977 1332 1322 1405 negligenda
1383 1329 2066 1388 OccidentaliumChris-

411 1423 704 1480 tianorum
733 1427 896 1494 pacta
928 1420 1256 1493 impulerit,
1292 1420 1405 1476 nisi
1438 1423 1589 1492 quod
1625 1436 1756 1476 cum
1808 1419 2067 1490 principe

413 1514 835 1568 Saracenorum
874 1526 1072 1578 pacem
1106 1509 1355 1577 fecisset,
1390 1517 1446 1566 et
1496 1519 1555 1564 ut
1615 1509 1792 1566 moris
1830 1508 2064 1564 illorum

415 1601 657 1658 essetin
685 1601 947 1656 amicitia
1005 1599 1432 1666 constituenda,
1505 1603 1746 1670 uterque
1806 1613 1950 1652 vena
2003 1596 2065 1652 in

414 1697 644 1761 pectore
674 1689 858 1745 incisa
889 1706 1062 1745 suum
1097 1689 1260 1744 alteri
1294 1689 1641 1759 sanguinem
1677 1685 2063 1758 propinasset.

2173 529 2290 586 τοῖς
2339 523 2704 597 Ἀλαμανοῖς,
2759 521 2810 576 οἱ
2870 519 2927 577 δὶ
2958 521 3224 595 Ῥωμαῖοι
3278 518 3630 596 ἒδραπέτευον
3691 540 3824 594 προ-

2175 611 2455 686 τροπάδην
2488 614 2577 667 καὶ
2603 610 2838 681 ἀκλεῶς,
2903 609 3044 684 μηδὲ
3100 617 3352 686 καθαρῶς
3383 605 3657 684 ἐμϐλέψαι
3705 615 3822 670 τοῖς

2178 703 2438 766 ἐναντίοις
2472 703 2869 777 ὑπινεγκόντες.
2904 703 3004 758 Καὶ
3062 701 3223 765 αὐτὸς
3279 697 3336 755 δὲ
3384 700 3412 754 ὁ
3469 698 3833 774 πρωτοστρά-

2175 812 2289 866 τωρ
2321 791 2393 846 δι’
2441 790 2621 862 ἄλλης
2675 789 2804 846 ὁδοῦ
2855 790 3298 866 ἆνακεχωρηκὼς
3355 787 3589 866 ἄφαντος
3645 789 3712 857 ἧν
3772 786 3832 843 ἐκ

2173 879 2331 936 τοῦδε
2360 884 2495 955 ἡμῖν
2553 881 2628 942 εἰς
2683 882 2874 954 τρίτην
2923 881 3154 956 ἡμέραν,
3211 877 3568 953 τρισάσμενος
3628 873 3683 932 δὲ
3732 877 3827 940 τὰς

2175 975 2368 1048 χεῖρας
2393 976 2500 1025 τῶν
2553 968 2836 1044 πολεμίων
2900 966 3206 1046 διεκφυγὼν
3269 966 3431 1041 μόλις
3485 967 3823 1037 ἑπανέζευξεν

2175 1062 2250 1124 ὡς
2311 1061 2370 1117 ἑκ
2438 1064 2651 1136 μακροῦ
2713 1057 2990 1136 πελάγους
3049 1058 3126 1121 εἰς
3183 1056 3382 1131 λιμένα
3426 1057 3697 1130 κατάρας,
3745 1050 3829 1112 ἔτι

2173 1152 2274 1220 τήν
2322 1149 2508 1224 ἅλμην
2567 1147 2861 1204 ἀποπτύων
2920 1151 3019 1204 τοῦ
3061 1151 3350 1226 μαχισμοῦ
3401 1145 3492 1202 καὶ
3549 1151 3666 1208 τοῖς
3726 1144 3834 1199 ὠσὶ

2175 1237 2350 1318 φέρων
2383 1236 2640 1299 ἐναύλους
2669 1239 2766 1300 τὰς
2823 1235 2911 1292 ἐπὶ
2965 1241 3044 1309 τῷ
3099 1235 3258 1291 αὐτὸν
3304 1233 3516 1291 ἁλῶναι
3568 1235 3833 1308 προϊεμέ-

2173 1347 2269 1390 νας
2327 1323 2615 1402 διατόρους
2673 1326 2858 1404 φωνὰς
2926 1330 3034 1382 τῶν
3079 1323 3427 1398 Ἀλαμανῶν.
3508 1322 3720 1379 Πολλοὶ
3774 1320 3834 1378 δὲ

2173 1415 2266 1470 καὶ
2299 1412 2529 1470 ἃνοπλοι
2586 1415 2676 1470 καὶ
2734 1413 2960 1470 ἄνιπποι
3035 1412 3089 1478 ἐς
3160 1414 3223 1469 τὸ
3299 1409 3661 1483 στρατόπεδον
3735 1411 3836 1468 έπ-

2173 1503 2503 1576 ανήλθοσαν,
2561 1508 2631 1578 τῇ
2681 1505 2929 1576 συντονίᾳ
3012 1507 3108 1560 τοῦ
3195 1499 3404 1578 δρόμου
3470 1499 3832 1571 λακησάντων

2174 1593 2320 1673 σφίσι
2372 1599 2480 1649 τῶν
2539 1593 2872 1672 ὀχημάτων.
2938 1593 3016 1651 Τὸ
3073 1589 3120 1646 δ’
3189 1591 3296 1648 ἀπὸ
3354 1587 3515 1647 τοῦδε
3566 1595 3835 1673 τοσοῦτον

2173 1671 2642 1760 ἀπεσχοινισμεθα
2673 1681 2937 1753 ἀλλήλων
2997 1681 3396 1756 Ἀλαμανοίξτε
3425 1680 3514 1736 καὶ
3557 1681 3640 1754 [Ρ.
3702 1671 3838 1743 262]

410 1778 506 1834 Sic
537 1780 774 1834 tandem
833 1779 959 1849 ejus
1011 1777 1444 1832 contumaciam
1512 1778 1587 1831 ita
1647 1777 1948 1847 fregimus,
2004 1779 2058 1829 ut

2174 1775 2442 1848 Ῥωμαῖοι
2501 1772 2578 1834 ὡς
2636 1767 2888 1834 σταδίους
2946 1769 3217 1826 διεστάναι
3267 1769 3492 1831 πλείους
3542 1773 3648 1824 τῶν
3703 1770 3830 1840 ὲξήο

410 1868 655 1924 consilio
685 1869 742 1923 in
774 1866 1128 1924 contrarium
1156 1872 1380 1921 mutato
1397 1864 1850 1921 Alemannorum
1875 1869 2061 1919 trans-

408 1958 556 2013 itum
589 1958 646 2012 in
684 1956 973 2013 Orientem
1035 1960 1328 2028 expeteret
1379 1957 1556 2019 Quem
1592 1971 1723 2009 cum
1768 1969 1956 2024 regem
1987 1952 2058 2007 ob

413 2046 729 2101 insinuem
791 2045 1045 2100 hiemem
1109 2045 1267 2115 (nam
1326 2043 1637 2098 Novembri
1699 2058 1894 2098 mense
1940 2042 2060 2097 hinc

412 2139 535 2189 acta
585 2133 732 2204 aunt)
784 2134 844 2188 in
901 2149 1142 2188 vernum
1204 2137 1437 2202 tempus
1497 2131 1728 2186 differre
1776 2135 2057 2199 cerneret,

406 2239 614 2278 rursus
646 2223 718 2277 ad
750 2222 1053 2293 ingenium
1089 2220 1259 2276 rediit
1291 2239 1306 2289 ;
1337 2227 1394 2276 et
1427 2236 1525 2289 per
1573 2219 1825 2286 litteras,
1858 2226 2061 2274 contra

406 2313 684 2368 decorum
721 2309 1188 2382 imperatorium,
1225 2309 1342 2381 regi
1380 2309 1728 2364 vaticinatus
1787 2314 1876 2362 est
1923 2324 2054 2362 eum

408 2405 544 2456 ante
559 2399 783 2455 Pascha
809 2401 1179 2454 moriturum.
1214 2399 1283 2453 Et
1333 2398 1522 2452 utalia
1549 2415 1676 2469 quae
1701 2402 2059 2452 anteressere

411 2491 742 2560 prateream
775 2487 970 2560 (plura
1002 2488 1157 2542 enim
1221 2487 1435 2542 habent
1483 2503 1610 2558 qua:
1682 2487 1738 2541 in
1793 2486 1960 2541 dictis
2003 2492 2060 2542 et

410 2577 577 2632 factis
602 2579 854 2632 auctoris
874 2579 1185 2648 culpentur
1206 2593 1378 2647 quam
1404 2593 1528 2646 quas
1584 2575 1936 2645 laudentur),
1965 2573 2060 2629 vix

409 2666 728 2722 adducitur
753 2670 814 2720 ut
832 2666 1054 2738 legatos
1077 2667 1146 2720 ad
1174 2665 1338 2720 illum
1364 2664 1565 2720 reverti
1585 2665 1903 2735 patiatur.E
1927 2665 2058 2736 qui-

406 2756 520 2811 bus
543 2755 638 2811 ubi
667 2755 716 2810 is
730 2755 998 2828 cognovit
1018 2755 1422 2824 imperatorem
1448 2770 1546 2809 eos
1571 2769 1757 2825 neque
1779 2770 2056 2810 consessu

407 2859 598 2916 neque
623 2843 737 2899 ullo
759 2845 872 2899 alio
891 2843 1177 2916 singulari
1209 2843 1429 2899 honore
1467 2845 1774 2914 dignatum
1799 2843 2056 2910 esse,sed

403 2949 562 3005 isquo
593 2937 658 2988 ut
707 2933 998 2989 Romanos
1059 2932 1346 2988 serviliter
1401 2937 1591 2987 astare
1645 2932 2051 2997 sivisse,581

405 3023 673 3096 quamvis
691 3023 984 3095 episcopo
1017 3029 1074 3077 et
1103 3029 1382 3094 cognatos
1415 3022 2054 3094 suos,indignationem

403 3115 461 3166 et
489 3110 854 3167 iracundiam
888 3108 1259 3166 dissimulare
1292 3125 1404 3165 non
1465 3110 1667 3181 potuit.
1721 3109 1790 3166 Ut
1856 3116 2049 3166 autem

2172 1879 2361 1918 κοντα·
2419 1863 2472 1917 οἱ
2533 1862 2629 1936 μὲν
2685 1861 2791 1936 γὰρ
2849 1857 2926 1916 ἔτι
2990 1865 3061 1936 τῇ
3120 1859 3404 1916 Φιλίππου
3466 1859 3829 1932 προσέμενον,

2167 1955 2333 2025 ἡμεῖς
2379 1948 2436 2006 δὲ
2489 1949 2606 2026 περὶ
2663 1951 2733 2006 τὰ
2789 1948 2994 2030 ἔσχατα
3045 1957 3146 2021 τῆς
3213 1947 3478 2026 Ἀχριδοῦ
3536 1949 3829 2024 γενόμενοι

2167 2041 2538 2118 ἡσυχάζομεν,
2637 2041 2681 2096 εἰ
2769 2041 3079 2114 σωζοίμεθα
3158 2040 3320 2114 μόνον
3352 2036 3830 2112 ξ-ἐπιμελόμενοι.

2169 2131 2324 2186 Εἴπω
2355 2126 2414 2186 δέ
2441 2152 2495 2185 τι
2532 2131 2622 2187 καὶ
2651 2127 2857 2206 ἕτερον,
2917 2131 3184 2205 κείροντες
3239 2131 3338 2198 τήν
3395 2127 3538 2184 ἰδίαν
3594 2129 3660 2184 τὰ
3705 2134 3834 2185 σῖτα

2169 2220 2578 2299 είσεφερόμεθα.
2641 2220 2738 2276 Καὶ
2803 2220 2870 2276 τὰ
2951 2225 3175 2276 τοιαῦτα
3235 2215 3654 2290 ,εἰσεληλυθότα
3733 2222 3836 2274 τοῦ

2173 2307 2442 2385 βασιλέως
2473 2309 2708 2364 ἐνώπιον
2741 2306 2982 2365 ἐνδοῦναι
3027 2307 3190 2384 μόγις
3243 2305 3340 2363 τοῦ
3397 2305 3531 2382 ἄγαν
3587 2301 3831 2364 ἔπεισαν.

2171 2399 2274 2455 Καὶ
2329 2401 2496 2472 ἡμεῖς
2553 2395 2598 2454 δ’
2647 2399 2802 2454 αὐτοὶ
2863 2400 2996 2473 μετᾶ
3067 2399 3252 2478 βραχὺ
3311 2398 3631 2476 ἀφικόμενοι
3691 2397 3834 2452 κατᾶ

2172 2488 2335 2561 μέρος
2397 2487 2567 2543 πάντα
2625 2485 3028 2562 διηγησάμεθα,
3085 2486 3447 2562 προσθέμενοι
3505 2483 3580 2550 ὥς
3665 2507 3827 2562 φασιν

2169 2577 2552 2652 οἱἈλαμανοὶ
2633 2577 2802 2652 μηδὲν
2877 2575 3058 2653 ἓτερον
3137 2579 3270 2633 εἶναι
3345 2578 3407 2633 τὸ
3481 2583 3670 2632 πεῖσαν
3733 2577 3828 2631 τὸν

2171 2665 2399 2743 βασιλέα
2467 2667 2752 2741 Ῥωμαίων
2812 2668 2878 2723 τὰ
2959 2673 3068 2722 τῶν
3152 2666 3414 2742 ἑσπερίων
3474 2668 3822 2740 Χριστιανῶν

2168 2755 2326 2829 ὅρκια
2367 2751 2818 2832 παραϐλέψασθαι
2870 2757 2905 2826 ἢ
2963 2758 3026 2812 τὸ
3089 2756 3224 2829 μετὰ
3275 2759 3372 2812 τοῦ
3421 2761 3531 2812 τῶν
3567 2761 3812 2830 Σαρακη-

2165 2849 2270 2900 νῶν
2338 2843 2606 2921 ἄρχοντος
2660 2845 2998 2913 σπείσασθαι,
3055 2848 3146 2900 καὶ
3194 2845 3331 2900 κατά
3383 2845 3446 2899 τὸ
3478 2845 3608 2920 παρ’
3634 2845 3807 2902 αὐτοῖς

2166 2935 2291 3007 περὶ
2351 2933 2539 3012 φιλίας
2612 2938 2844 3010 κρατοῦν
2924 2931 3111 3007 ἔθιμον
3195 2933 3538 3012 ἀμφοτέρους
3621 2932 3816 3008 σχάσαι

2167 3018 2346 3102 φλέϐα
2397 3026 2496 3094 την
2546 3023 2860 3094 ἐπιστηθιον
2919 3023 3010 3078 καὶ
3065 3024 3128 3078 τὸ
3186 3023 3384 3088 ἐκεῖθεν
3443 3021 3626 3098 ἐκρυὶν
3686 3024 3824 3096 αἷμα

2169 3111 2416 3187 ἑκάτερον
2501 3111 2580 3175 είς
2638 3111 2794 3168 πόσιν
2873 3110 3396 3188 ἀντιπροτείνασθαι.
3469 3111 3566 3168 Καὶ
3661 3132 3828 3184 μετα-

403 3197 578 3270 legati
612 3199 794 3253 nostri
827 3199 894 3252 ad
931 3215 1064 3253 eum
1096 3203 1402 3264 venerunt,
1461 3204 1518 3254 et
1575 3200 1730 3269 ipsos
1762 3200 1870 3254 sibi
1905 3200 2048 3255 assi-

2165 3197 2352 3257 ϐαλεῖν
2410 3199 2586 3265 οὕτως
2676 3201 2974 3278 ἰσχύσαμεν
3041 3175 3158 3272 ’τῆς
3226 3201 3542 3265 ἒνστάσεως.
3599 3202 3824 3276 Ἀμέλει

401 3285 760 3356 derejussit,
795 3303 901 3341 nec
961 3285 1287 3356 ministros,
1347 3303 1568 3358 coquos
1625 3294 1680 3342 et
1740 3288 2052 3358 equisones

398 3390 602 3431 eorum
627 3380 821 3430 astare
842 3392 1056 3447 passus
1083 3379 1190 3431 est.
1225 3376 1488 3438 Quicum
1537 3377 1736 3432 decere
1773 3383 2056 3448 negarent

401 3467 466 3519 ut
488 3462 741 3518 ministri
761 3463 879 3535 regi
909 3464 1157 3520 maximo
1176 3464 1521 3531 assiderent,
1554 3465 1698 3521 satis
1729 3483 1858 3522 esse
1898 3467 2049 3537 quod

399 3548 524 3605 suis
555 3549 811 3606 dominis
835 3553 1020 3607 honos
1046 3551 1096 3606 is
1121 3552 1452 3620 haberetur,
1487 3570 1600 3608 non
1650 3553 1898 3620 destitit,
1949 3555 2052 3610 sed

399 3640 612 3696 invitos
642 3642 818 3696 etiam
851 3640 969 3696 illis
999 3640 1258 3697 assidere
1289 3643 1494 3713 coegit.
1520 3641 1642 3706 Quo
1665 3644 1814 3698 facto
1847 3643 2055 3699 Roma-

400 3745 507 3785 nos
537 3729 939 3785 subsannabat
973 3747 987 3798 ;
1019 3735 1077 3786 et
1130 3731 1411 3786 iunuebat
1463 3748 1561 3786 eos
1600 3748 1786 3805 neque
1819 3733 2048 3789 virtutis

399 3834 587 3890 neque
616 3818 850 3891 generis
908 3819 1120 3876 habere
1193 3821 1500 3889 rationem,
1541 3821 1644 3876 sed
1704 3827 1768 3878 ut
1817 3821 2047 3877 subulci

398 3921 606 3976 porcos
637 3922 864 3974 omnes,
897 3905 1019 3961 sive
1051 3907 1299 3978 pingues
1331 3912 1387 3962 et
1443 3908 1607 3979 pretii
1659 3910 1898 3980 majoris
1930 3910 2050 3964 sive

400 3993 854 4058 macilentos,in
915 3996 1182 4050 eamdem
1236 3995 1438 4051 haram
1498 3997 1930 4068 eompellerent,
1967 3999 2050 4054 ita

397 4084 676 4138 Romanis
699 4085 871 4138 etiam
897 4083 1024 4139 sine
1048 4084 1386 4140 discrimine
1411 4086 1648 4156 quosvis
1671 4092 1856 4141 astare
1877 4105 2044 4158 opor-

397 4169 674 4226 ter(-.Non
700 4169 885 4224 multo
911 4177 1061 4242 post,
1094 4179 1456 4228 commeatus
1506 4174 1747 4245 penuria
1787 4183 2044 4247 coactus,

398 4259 656 4314 exercitu
713 4259 900 4313 diviso
958 4261 1315 4316 Orestiadem
1381 4262 1543 4330 abiit,
1617 4263 1733 4317 lilio
1765 4281 1871 4318 suo
1917 4281 2042 4320 cum

395 4347 690 4418 episcopis
720 4356 773 4403 et
798 4349 978 4419 justis
1012 4350 1195 4420 capiis
1227 4349 1614 4422 Philippopoli
1647 4353 1888 4414 relictis,
1923 4355 2044 4425 qui.

394 4436 506 4492 bus
537 4437 714 4494 dixit:
752 4459 780 4488 (ί
816 4438 994 4494 Vobis
1053 4438 1204 4494 538
1264 4438 1359 4496 hic
1417 4442 1903 4512 requiescendum
1937 4451 2044 4515 est,

2157 3292 2258 3359 τήν
2317 3290 2556 3347 ἐναντίαν
2616 3293 2960 3366 τραπόμενος
3007 3299 3107 3362 τῆς
3174 3293 3443 3367 προτέρας
3498 3293 3526 3347 ὁ
3563 3291 3823 3369 βασιλεὺς

2157 3381 2489 3455 προθέσεως,
2547 3379 2806 3458 ἐγλίχετο
2863 3387 2963 3451 τῆς
3021 3381 3074 3444 ές
3141 3383 3260 3439 "Em
3315 3386 3422 3437 τῶν
3495 3379 3822 3456 ’Δλαμανῶν

2157 3469 2530 3544 περαιώσέως.
2561 3470 2734 3545 Ὁρῶν
2769 3467 2826 3526 δὲ
2861 3474 2952 3526 τὸν
3003 3470 3147 3548 ῥῆγα
3178 3469 3266 3526 διὰ
3313 3473 3414 3540 τὴν
3461 3469 3514 3533 ἐς
3571 3476 3828 3547 χειμῶνα

2153 3564 2254 3626 τῆς
2287 3556 2432 3633 ὥρας
2493 3561 2839 3634 μετα-τροπὴν
2896 3560 2984 3630 (ἦν
3045 3560 3148 3636 γὰρ
3190 3553 3503 3636 Νοέμϐριος
3537 3561 3646 3632 μὴν
3729 3559 3824 3619 ὅτι

2152 3650 2322 3701 ταῦτα
2352 3644 2574 3720 ἐγίνετο)
2603 3647 2679 3709 εἷς
2737 3643 2830 3723 ἔαρ
2885 3649 2986 3717 τὴν
3045 3643 3344 3721 μετάϐασιν
3402 3648 3818 3720 ἀνατιθέμενον,

2152 3733 2321 3790 πάλιν
2397 3741 2512 3798 τοῖς
2590 3736 2878 3811 προτέροις
2982 3735 3215 3810 ἐνέμενε,
3289 3737 3380 3792 καὶ
3465 3734 3815 3792 ἐπιστέλλων

2153 3825 2498 3899 προηγόρευε
2527 3825 2605 3896 τῷ
2637 3824 2788 3899 ῥηγῖ,
2842 3823 3154 3900 βασιλεῦσιν
3198 3825 3306 3904 οὐχ
3363 3821 3658 3900 ἁρμοδίως,
3736 3823 3818 3884 ὦς

2152 3919 2388 3976 θανεῖται
2451 3915 2556 3988 πρὸ
2613 3919 2720 3970 τῶν
2777 3913 3104 3991 πασχαλίων
3147 3917 3391 3992 ἡμερῶν.
3434 3913 3536 3970 Καὶ
3587 3910 3679 3966 ’ἱνα
3734 3913 3804 3968 τὰ

2151 3997 2202 4054 ἐν
2269 3999 2418 4074 μέσῳ
2469 4007 2627 4077 παρῶ
2676 4001 2854 4058 πλείω
2921 4003 3254 4078 κατηγορίαν
3299 4007 3397 4059 τοῦ
3431 4000 3668 4077 δρῶντος
3715 4001 3808 4056 καὶ

2151 4085 2410 4163 λέγοντος
2448 4089 2587 4164 ἢπερ
2649 4089 2865 4146 ἔπαινον
2921 4085 3144 4166 ἔχοντα,
3185 4094 3436 4148 πείθεται
3499 4088 3665 4166 μόλις
3738 4087 3824 4144 δι-

2149 4183 2356 4254 αφεῖναι
2397 4180 2523 4244 τοὺς
2553 4175 2806 4252 πρέσϐεις
2836 4180 2888 4242 ἐς
2918 4181 3010 4236 τὸν
3059 4179 3206 4258 ῥῆγα
3262 4179 3600 4246 ἐπανελθεῖν.
3635 4181 3810 4238 Αύτὸς

2151 4263 2208 4322 δὲ
2268 4269 2490 4329 τοετους
2550 4266 2704 4338 ἰδὼν,
2757 4269 2848 4324 καὶ
2918 4270 3102 4343 μαθὼν
3165 4271 3241 4334 ὡς
3297 4271 3422 4326 οὒτε
3463 4269 3728 4346 καθέδρας
3781 4273 3808 4327 ὁ

2155 4355 2408 4432 βασιλεὺς
2469 4356 2651 4419 αὐτοῖς
2721 4355 3022 4432 μετέδωκεν
3073 4358 3218 4416 ἀλλᾶ
3275 4357 3671 4436 δουλοπρεπῶς
3729 4361 3808 4417 ἐπ’

2148 4445 2274 4516 ’ἰσης
2332 4447 2632 4520 Ῥωμαίοις
2687 4450 2838 4521 αὐτῷ
2918 4453 3365 4524 παρειστήκεισαν
3427 4450 3807 4525 ὀπτανόμενοι,

395 4526 538 4580 dum
573 4527 760 4582 fessas
791 4527 966 4582 tibias
987 4534 1042 4582 et
1065 4527 1424 4583 labascentia
1444 4545 1636 4599 genua
1665 4547 1733 4585 ex
1761 4531 1859 4586 illa
1895 4534 2042 4604 apud

2165 4534 2280 4590 siin
2361 4536 2509 4600 τινὸς
2567 4537 2751 4612 ἑτέρου
2838 4538 3154 4609 ἠξιώθησαν
3242 4540 3452 4616 ἀγαθοῦ
3538 4539 3810 4616 ὲξαιρέτου

393 4615 654 4671 Grecam
688 4631 884 4688 regem
909 4617 1158 4672 statione
1191 4615 1673 4674 refocillaveritis.
1709 4641 1737 4667 »

2153 4622 2440 4679 ἐπίσκοποί
2487 4647 2546 4681 τε
2598 4625 2747 4690 ὄντες
2803 4627 2893 4682 καὶ
2935 4628 3081 4700 αὐτῷ
3137 4635 3473 4704 προσγενεῖς,
3513 4630 3808 4705 ἠγανάκτει

398 4703 486 4798 καὶ
532 4699 704 4798 δῆλος
730 4703 796 4773 ἦν
956 4708 1036 4776 τῷ
1063 4703 1308 4798 γεγονότι
1338 4700 1479 4798 τῷδε
1521 4701 1928 4798 διαπριόμενος.
1961 4709 2050 4774 Ὡς
2125 4709 2181 4766 δὲ
2253 4714 2342 4768 καὶ
2417 4710 2670 4788 πρέσϐεις
2745 4717 3004 4791 ἡμέτεροι
3053 4699 3188 4794 παρ’·
3253 4699 3456 4772 ἐκεῖνον
3536 4699 3800 4798 ἀξρίκοντο,

395 4791 570 4862 ἑαυτῷ
609 4790 1027 4866 συμπαρέδρους
1059 4792 1355 4864 πεποίηκεν
1387 4791 1583 4858 αὐτούς
1653 4815 1712 4849 τε
1785 4797 1876 4851 καὶ
1950 4798 2078 4862 τοὺς
2158 4803 2631 4878 ὑπηρετουμένους
2705 4790 2928 4876 αὐτοῖς,
2956 4803 3098 4879 μηδὲ
3135 4790 3289 4868 *τοὺς
3337 4805 3550 4880 ὀψοποτ
3581 4790 3677 4871 οὺς
3724 4806 3799 4863 καὶ

398 4881 750 4951 ’ἱπποκόμους
787 4881 878 4934 καὶ
915 4883 1208 4952 μάττοντας
1282 4881 1639 4957 παρίστασθαι
1717 4884 1976 4964 ἀφεικώς.
2055 4890 2149 4958 Μή
2227 4891 2365 4946 εἶναι
2441 4890 2498 4947 δὲ
2573 4890 2847 4970 λεγόντων
2879 4893 3096 4950 ἐκείνων
3145 4894 3288 4959 εἶ’κὸς
3323 4894 3540 4968 βασιλεῖ
3569 4898 3805 4972 μεγίστῳ

401 4969 754 5022 συνθωκεύειν
831 4969 1101 5064 ὑπηρέτας
1176 4971 1420 5046 (ἀρκετὸν
1497 4973 1602 5047 γὰρ
1677 4975 1760 5028 ὅτι
1837 4976 1922 5030 καὶ
2003 4979 2055 5032 οἱ
2127 4979 2308 5054 κύριοι
2368 4981 2546 5036 αὐτῶν
2621 4969 3050 5058 συνεδρεύουσιν)
3126 4984 3188 5040 οὐ
3227 4982 3507 5064 καθυφῆκέ
3535 5007 3587 5040 τι
3621 4969 3808 5062 μικρὸν

393 5057 494 5108 τοῦ
571 5059 798 5149 σκοποῦ,
873 5053 1022 5111 ἀλλὰ
1093 5059 1185 5112 καὶ
1263 5061 1339 5131 μή
1374 5059 1592 5124 ἑκόντας
1633 5067 1751 5123 τοῖς
1827 5060 2113 5128 δεσπόταις
2186 5069 2382 5132 αὐτοὺς
2441 5071 2876 5148 συγκατέκλινεν,
2953 5053 3040 5127 ἐν,
3083 5073 3170 5135 οἷς
3245 5053 3474 5148 ἔπραττε
3504 5053 3809 5149 Ῥωμαίους

397 5145 904 5240 καταμωκώμενος,
981 5145 1070 5199 καὶ
1147 5145 1356 5210 δεικνὺς
1437 5150 1512 5222 μὴ
1591 5151 1785 5222 ἀρετῆς
1858 5156 1947 5208 καὶ
1981 5155 2164 5230 γένους
2197 5159 2328 5212 εἶναι
2357 5161 2483 5234 παρ’
2505 5160 2690 5221 αὐτοῖς
2736 5158 3056 5232 διαστολὴν,
3087 5159 3214 5218 ἀλλ’
3291 5145 3366 5224 ὦς
3399 5162 3474 5224 εἷς
3533 5145 3727 5240 συιρεὸν
3757 5164 3809 5217 οἱ

399 5227 790 5320 συφορϐοἰτάς
868 5235 960 5294 σῧς
1034 5234 1385 5304 ἁπαξαπάσας
1461 5236 1742 5293 εἷσελῶσιν
1819 5241 1894 5304 εἷς
1968 5227 2064 5299 ἕνα
2141 5248 2379 5320 σταθμὸν
2435 5227 2536 5320 ’μὴ
2616 5246 2926 5312 διιστῶντες
2990 5227 3098 5313 ⁷τᾶς
3171 5250 3358 5314 πίονας
3415 5251 3506 5306 καὶ
3537 5227 3808 5312 πλειόνως

393 5316 635 5414 διθξχτέείν
689 5317 946 5414 ,ἐχ-θέης
1017 5320 1080 5376 τὸ
1154 5321 1534 5396 ἀποδίδοσθαι»
1611 5326 1760 5382 οὕτω
1837 5327 1902 5401 δὴ
1980 5333 2071 5388 καὶ
2172 5336 2442 5410 Ῥωμαῖοι
2546 5344 3016 5412 παραστατοῦντας
3091 5333 3309 5414 ἔχουσιν
3389 5339 3646 5402 ἃπαντας.
3723 5337 3798 5396 Οὐ

391 5407 610 5505 πολλοῦ
685 5406 742 5463 δὲ
804 5407 1204 5505 διαγενομένου
1278 5419 1470 5488 καιροῦ
1544 5416 1838 5492 ἠνάγκασεν
1917 5421 2076 5479 αὐτὸν
2265 5431 2372 5482 τῶν
2451 5426 2775 5498 ἐπιτηδείων
2853 5431 3210 5495 ὑποσπάνισις
3241 5431 3460 5505 μερίσαι
3505 5431 3565 5486 τὸ
3597 5430 3796 5485 οἰκεῖον

393 5497 718 5572 στράτευμα·
796 5498 1008 5588 Οὐκθυν
1087 5497 1245 5588 animi"
1325 5502 1418 5574 μὶν
1495 5500 1708 5560 ἄπεισιν
1785 5508 1862 5572 εἷς
1940 5512 2279 5588 Ὀρεστιάδα,
2355 5518 2492 5572 κατᾶ
2567 5514 2624 5572 δὲ
2696 5521 2796 5588 τήν
2873 5519 3326 5576 Φιλιππούπολιν
3361 5519 3503 5576 ε’ίασε
3531 5521 3617 5576 τὸν
3667 5517 3796 5572 tau-

391 5590 489 5644 τοῦ
565 5587 681 5646 υἱὸν
753 5588 843 5642 καὶ
919 5587 1046 5648 τοὺς
1121 5585 1445 5652 ἐπισκόπους
1525 5595 1642 5666 μεθ’
1716 5596 1900 5652 ἱκανοῦ
1977 5603 2406 5678 στρατεύματος,
2483 5605 2654 5662 εῗπὼν
2730 5607 2804 5672 ὠς
2837 5633 2865 5662 ‹‹
2910 5609 3350 5675 ’Δναπαύσασθαι
3409 5608 3586 5685 χρεὼν
3663 5606 3807 5684 ὑμᾶς
