4098 6292
313 338 430 400 777

1465 335 1568 395 DE
1609 333 1910 396 ISAACIO
1957 333 2264 396 ANGELO
2312 335 2456 396 LIB.
2503 336 2579 396 ll.

3614 339 3733 402 778

314 473 591 537 ἐνταυθοῖ,
624 470 756 549 ἄχρι
789 466 855 538 δὴ
888 468 980 530 τὰς
1015 469 1344 544 παρειμένας
1378 471 1592 544 κνήμας
1625 468 1713 524 καὶ
1745 470 1810 524 τὰ
1841 468 2262 543 παραλελυμένοι
2290 469 2488 543 γόνατα
2529 468 2588 524 ἐκ
2610 473 2707 524 106
2739 468 3098 545 παρίστασθαι
3128 474 3208 543 τῷ
3238 469 3456 546 βασιλεῖ
3485 477 3730 547 Γραικῶν

321 567 406 637 [Ρ.
443 565 569 636 263]
602 560 1058 636 ἀναρῥωσθείητε.
1095 584 1123 610 ››

396 695 458 755 ς’.
495 692 640 749 Ἐπεὶ
674 690 720 746 δ’
750 693 776 746 ὁ
817 693 1032 765 χειμὼν
1088 693 1338 764 παρῆλθε
1392 690 1482 743 καὶ
1541 688 1605 743 τὰ
1649 685 1776 757 ἄνθη
1828 684 1961 740 ἔδω-

2146 690 2200 743 6.
2226 688 2430 760 Elapsa
2462 688 2674 759 hieme,
2716 705 2849 745 cum
2890 693 3051 762 prata
3091 691 3215 760 jam
3276 691 3728 765 reﬂorescerent,

324 802 414 836 κεν
470 782 665 853 ὀσμὴν,
723 780 1036 834 ἀνακιεοῦται
1095 780 1223 841 τοὺς
1282 778 1477 852 ὅρκους
1537 774 1661 832 ὅτε
1711 775 1966 849 βασιλεὺς

327 867 411 920 καὶ
474 868 501 920 ὁ
553 867 671 939 ῥήξ,
726 867 818 920 καὶ
872 871 970 920 106
1033 867 1125 938 μὲν
1189 865 1550 936 ὀμωμόκεσαν
1601 864 1651 916 οἱ
1693 863 1970 936 τοπάρχαι

324 953 412 1010 καί
470 958 784 1029 μεγιστᾶνες
871 953 1296 1026 παρελεύσεσθαι
1372 954 1464 1006 τὸν
1525 953 1670 1025 ῥῆγα
1728 948 1816 1003 διὰ
1870 957 1970 1019 τῆς

320 1046 636 1115 Ῥωμαϊκῆς
695 1033 816 1118 γῆς
864 1043 955 1098 καὶ
1018 1044 1094 1117 μὴ
1156 1041 1226 1097 δι’
1298 1041 1480 1118 ἀγρῶν
1539 1043 1573 1109 ἢ
1627 1038 1970 1113 ἀμπελώνων

317 1131 709 1203 διελεύσεσθαι,
778 1131 889 1204 ὁδῷ
949 1131 1210 1207 βασιλικῇ
1277 1129 1654 1207 πορεύσεσθαι,
1715 1125 1829 1182 οὐδ’
1881 1126 1968 1182 ἐκ·

314 1225 520 1281 κὶιινεῖν
580 1223 724 1296 δεξιά
803 1227 836 1296 ἢ
893 1226 1168 1301 ἀριστερὰ,
1228 1223 1334 1286 ἓως
1386 1224 1454 1278 τὰ
1507 1227 1614 1277 τῶν
1680 1219 1964 1293 Ῥωμαίων

313 1315 704 1390 παρελεύσεται
765 1313 912 1389 ὅρια.
983 1312 1248 1374 Βασιλεὺς
1321 1310 1377 1366 δὲ
1436 1309 1662 1366 δέδωκεν
1721 1311 1966 1383 ὁμήρους

313 1407 459 1466 τινας
516 1409 622 1459 τῶν
683 1403 732 1474 ἐξ
820 1401 1070 1476 α’ίματος.
1151 1403 1500 1477 Ὠρκώθησαν
1559 1397 1615 1454 δὲ
1671 1400 1757 1454 καὶ
1816 1396 1964 1452 ἔνδον

313 1501 411 1552 106
448 1495 708 1570 μεγίστου
760 1494 862 1549 νεὼ
919 1496 1024 1548 ἀπὸ
1076 1498 1186 1548 τῶν
1245 1494 1517 1568 ἀγοραίων
1563 1491 1652 1545 καὶ
1681 1497 1780 1558 τῆς
1813 1491 1966 1562 βασι-

314 1584 465 1641 λείου
498 1585 673 1654 αὐλῆς
727 1585 1094 1651 πεντακόσιοι,
1155 1583 1230 1644 ὼς
1287 1583 1314 1636 ὁ
1379 1579 1632 1656 βασιλεὺς
1685 1574 1963 1652 ἀπαραϐἀη

310 1695 440 1738 τους
507 1676 602 1736 τὰς
659 1675 925 1743 συνθήκας
1003 1671 1226 1748 φυλάξει
1299 1668 1388 1724 καὶ
1465 1670 1773 1744 χορηγήσει
1846 1671 1964 1728 τοῖς

310 1761 648 1835 Ἀλαμανοῖς
725 1761 998 1834 ἡγεμόνας
1057 1757 1188 1814 ὀδοῦ
1245 1758 1333 1813 καὶ
1391 1755 1601 1833 ἐφόδια.
1681 1756 1819 1812 Τότε
1874 1754 1963 1809 καὶ

309 1856 420 1906 τῶν
479 1855 680 1925 κριτῶν
745 1856 842 1904 106
893 1849 1082 1920 Βήλου
1138 1850 1280 1910 τινὶς
1341 1846 1416 1908 είς
1484 1847 1574 1900 τὸν
1632 1844 1770 1920 ρἦα
1828 1845 1965 1899 κατᾶ

313 1939 480 2017 λόγον
513 1941 742 2016 ὁμήρων
795 1939 1156 2012 στελλόμενοι
1223 1938 1334 2011 οὐχ
1391 1937 1727 2006 ὑπήκουσαν,
1757 1934 1847 1988 καὶ
1883 1935 1958 2006 μὴ

312 2027 534 2103 ἔχοντες
577 2029 915 2084 ἀντιπίπτειν
990 2025 1205 2102 βασιλεῖ
1275 2027 1363 2081 καὶ
1441 2025 1703 2094 καθῆσθαι
1779 2020 1961 2078 οἶκαδε
1997 2055 2044 2120 Β

314 2117 488 2181 ἀδεῶς
565 2119 790 2195 γωνίαις
845 2117 1158 2192 ἀλλοτρίων
1219 2114 1403 2188 δόμων
1461 2115 1683 2176 ἑαυτοὺς
1745 2112 1965 2185 ἐνετύμ-

320 2203 513 2262 ϐευσαν
597 2205 762 2283 μέχρι
839 2214 936 2276 τῆς
996 2207 1071 2268 εἰς
1117 2205 1192 2260 ἓω
1250 2209 1346 2259 106
1395 2203 1566 2280 ῥηγός
1644 2198 1962 2265 διαϐάσεως.

319 2295 584 2356 Βασιλεὺς
617 2294 673 2350 δὲ
718 2295 991 2370 χολωθεὶς
1029 2295 1144 2350 ἀντὶ
1202 2295 1297 2367 μὶν
1340 2298 1446 2348 τῶν
1495 2296 1696 2366 κριτῶν
1729 2295 1823 2346 106
1855 2292 1966 2360 Βή-

317 2385 419 2442 λου
470 2381 832 2447 ταϐελλίονας
886 2383 1196 2439 ἀπέστειλεν
1256 2379 1469 2457 ὄψιδας,
1500 2383 1596 2444 τὰς
1658 2379 1714 2435 δὲ
1745 2385 1850 2436 τῶν
1887 2382 1962 2452 μὴ

313 2474 638 2540 πεισθέντων
692 2477 911 2544 κτήσεις
957 2495 1016 2528 τε
1071 2474 1161 2528 καὶ
1219 2472 1459 2542 οἰκήσεις
1507 2473 1592 2532 οῖς
1644 2472 1828 2545 ᾑρεῖτο
1860 2491 1965 2524 πα-

312 2568 563 2641 ρέσχετο,
630 2564 719 2618 καὶ
779 2561 1032 2625 δικαστὰς
1091 2561 1307 2636 ἐτέρους
1363 2557 1729 2628 προύϐάλετο.
1780 2562 1962 2614 Ὕστε-

314 2675 403 2731 ρον
440 2652 497 2708 δὲ
531 2657 607 2726 μὴ
665 2652 958 2716 ἀπείθειαν,
1019 2649 1166 2706 ἀλλὰ
1225 2647 1427 2704 δειλίαν
1459 2651 1592 2704 εἶναι
1633 2648 1734 2702 οὐκ
1763 2645 1960 2722 ἄλογον

312 2743 568 2818 ἐπιγνοὺς
650 2743 711 2796 τὸ
798 2741 1063 2815 πραχθὲν,
1149 2743 1256 2794 τῶν
1338 2759 1396 2792 τε
1452 2739 1694 2807 κτήσεων
1745 2735 1964 2809 κυρίους

314 2833 466 2894 αὖθις
524 2833 794 2902 πεποίηκε
850 2830 940 2885 καὶ
997 2833 1107 2884 τῶν
1165 2827 1445 2903 προτέρων
1502 2824 1726 2896 ἠξιώκει
1764 2828 1959 2893 τιμῶν.

318 2923 441 2976 Τῶν
493 2917 550 2974 δὶ
596 2924 924 2996 συμφωνιῶν
965 2917 1386 2993 πεπερασμένων
1448 2913 1703 2991 βασιλεὺς
1759 2914 1853 2987 μὲν
1883 2917 1963 2985 τῷ

324 3009 456 3084 ῥηγὶ
531 3009 796 3085 ἀργυρέων
873 3007 1229 3082 νομισμάτων
1331 3003 1546 3060 στέλλει
1641 3005 1963 3078 κεντηνάρια

317 3098 548 3174 τέσσαρα
603 3098 687 3153 καὶ
750 3104 1014 3177 μεριφανῆ
1075 3099 1295 3169 νήματα
1349 3100 1660 3172 χρυσοϋφῆ,
1713 3093 1963 3152 κάκεῖνος

313 3187 514 3250 ἄλλοις
587 3185 975 3260 ἀντιδεξιουται
1033 3190 1224 3240 τοῦτον
1285 3181 1594 3259 δωρήμασι.
1664 3180 1960 3245 Κάντεῦθεν

308 3276 525 3334 πλοίων
598 3277 868 3332 πλείστων
953 3277 1284 3349 ἱππαγωγῶν
1377 3272 1783 3347 ἀπενεχθέντων
1884 3271 1959 3332 εἰς

309 3365 747 3437 Καλλιούπολιν,
803 3365 915 3420 ἐπεὶ
973 3366 1063 3419 καὶ
1132 3367 1294 3419 τοῦτο
1352 3360 1626 3434 ἀλλήλοις
1685 3358 1954 3430 συνέδοξεν

307 3456 448 3513 ὥστε
507 3454 866 3511 διαπλωίσεσι
935 3453 1138 3510 διτταῖς
1201 3453 1334 3525 μετά
1383 3457 1480 3507 106
1538 3451 1739 3508 παντὸς
1797 3451 1958 3505 αὐτὸν

307 3544 773 3620 διαπεραιωθῆναι
834 3543 1234 3618 στράτεύματος
1293 3539 1509 3615 (ἐδεδίει
1567 3540 1670 3616 γὰρ
1715 3540 1791 3612 μὴ
1851 3561 1956 3594 πα·

309 3631 785 3712 ρασπονδήσαντες
843 3637 1108 3706 Ῥωμαῖοι
1165 3636 1282 3692 τοῖς
1356 3631 1493 3684 κατὰ
1557 3630 1784 3704 βραγεὶς
1842 3626 1961 3682 δια-

307 3730 546 3800 περῶσιν
609 3723 685 3785 είς
742 3724 841 3791 τὴν
901 3721 1188 3795 ἀντιπέραν
1243 3719 1578 3790 ἐπίθωνται),
1638 3716 1810 3779 οὕτως
1854 3718 1964 3791 οὐχ

311 3817 549 3890 ἡμέραις
603 3812 820 3868 πλείοσι
863 3817 972 3866 τῶν
1027 3811 1296 3884 τεττάρων
1356 3810 1491 3863 κατᾶ
1536 3810 1634 3876 τήν
1688 3804 1762 3861 ἕω
1817 3805 1962 3880 γίνε-

307 3925 417 3960 ται.
497 3905 587 3965 Ὠς
647 3900 693 3956 δ’
751 3901 944 3976 ἢγγισε
1013 3901 1151 3954 κατὰ
1205 3900 1303 3968 τήν
1361 3895 1784 3973 Φιλαδέλφειαν,
1839 3893 1963 3950 οὔτε

309 3992 565 4067 παρῆλθε
623 3988 713 4045 διὰ
775 3997 875 4060 τῆς
930 3988 1168 4058 πόλεως,
1231 3986 1320 4041 καὶ
1379 3987 1432 4040 οἱ
1485 3985 1688 4054 ταύτης
1771 3981 1960 4062 φιλεν-

312 4081 652 4144 δεικτοῦντες
729 4081 1013 4154 οἰκήτορες
1080 4079 1130 4134 ἐν
1197 4083 1277 4148 τῷ
1333 4075 1579 4152 ἀπαίρειν
1656 4075 1747 4128 τὸν
1826 4073 1965 4149 ῥῆγα

311 4174 515 4228 ἐκεῖθεν
546 4171 686 4246 πρὸς
716 4169 964 4244 πόλεμον
1027 4167 1489 4244 μεθηρμόσθησαν
1548 4166 1636 4220 καὶ
1682 4166 1831 4238 μέρει
1863 4170 1964 4232 τῆς

313 4268 567 4337 στρατιᾶς
627 4263 766 4317 κατά
822 4260 1078 4336 λῃστείαν
1135 4259 1403 4316 ἐπέθεντο.
1461 4259 1550 4319 Ὠς
1603 4253 1648 4310 δ’
1696 4256 1760 4308 οὐ
1791 4253 1960 4327 προὺ-

309 4355 485 4427 χώρει
515 4353 731 4412 τούτοις
776 4353 844 4406 τὰ
889 4350 1219 4421 καταθύμια,
1281 4345 1408 4402 ἀλλ’
1461 4343 1704 4420 ἀνδριᾶσι
1737 4343 1958 4427 χαλκή-

311 4426 454 4514 ρεσιν
506 4439 542 4508 ἤ
590 4439 801 4514 γίγασιν
857 4433 1260 4507 ἀκαταϐλήτοις
1318 4436 1763 4508 προσεγγίζοντες
1793 4426 1959 4505 ἔγνω·

313 4549 432 4600 σαν,
494 4527 768 4600 μετέθεντο
833 4532 932 4598 τήν
1001 4528 1178 4601 ὁρμὴν
1249 4525 1324 4586 είς
1381 4525 1612 4599 τροπήν.
1648 4523 1715 4578 Οἱ
1771 4519 1829 4575 δὲ
1872 4517 1961 4574 διὰ

313 4621 412 4671 106
469 4617 651 4674 Ἀετοῦ
710 4619 1008 4694 λεγομένου
1083 4618 1276 4690 χώρου
1331 4611 1674 4687 πορευθεντες
1730 4609 1958 4684 παρενέ-

315 4702 482 4762 6αλον
518 4706 593 4769 είς
623 4710 720 4777 τὴν
783 4708 834 4762 ἐν
895 4706 1109 4782 Φρυγίᾳ
1168 4701 1514 4759 Λαοδίκειαν.
1558 4701 1656 4755 Καὶ
1687 4699 1962 4776 φιλοφρο-

306 4797 557 4866 νηθέντες
631 4796 800 4851 ἐκεῖσε
875 4795 1260 4850 ἀσπασιώτατα
1333 4793 1423 4846 καὶ
1498 4789 1958 4865 ξεναγωγηθὲντες

307 4888 382 4948 ὡς
422 4887 534 4964 οὐχ
591 4886 833 4959 ἑτέρωθι,
894 4886 982 4940 καὶ
1038 4885 1234 4945 πάντες
1307 4883 1401 4954 μὲν
1449 4885 1570 4942 τοῖς
1637 4875 1960 4933 Λαοδικεῦσι

306 4977 486 5032 πάντα
541 4976 609 5028 τὸ.
667 4975 848 5039 θεόθεν
899 4973 1200 5044 ἔπηύξαντο
1263 4972 1459 5048 ἀγαθὰ,
1520 4971 1547 5024 ὁ
1604 4966 1662 5024 δὲ
1871 4965 1963 5022 καὶ

286 5064 574 5137 μάλιστα·
610 5064 880 5126 ἀνατείνας
940 5064 1045 5139 γὰρ
1104 5063 1202 5123 τὰς
1258 5067 1447 5136 χεῖρας
1496 5059 1572 5120 εἷς
1619 5056 1838 5132 οὐρανὸν
1873 5055 1964 5110 καὶ

305 5152 440 5228 ἄρας
502 5149 613 5206 ἄνω
668 5154 735 5208 τὰ
793 5150 1038 5226 ὄμματα,
1095 5152 1159 5204 τὸ
1217 5148 1272 5204 δὲ
1323 5151 1450 5223 γόνυ
1483 5147 1703 5220 κάμψας
1733 5147 1808 5207 εἷς
1839 5151 1965 5218 γῆν,

2082 778 2191 832 foed
2205 795 2270 832 us
2300 779 2449 832 inter
2478 794 2671 848 regem
2695 784 2752 833 et
2811 780 3215 850 imperatorem
3273 786 3579 836 renovatur
3612 799 3627 850 ;
3658 799 3726 838 ac

2080 867 2238 921 illius
2296 868 2582 937 principes
2643 874 2699 923 et
2768 874 3067 939 magnates
3107 870 3314 938 jurant
3379 886 3568 938 regem
3629 887 3729 943 per

2081 959 2364 1014 Romanas
2396 957 2723 1029 provincias
2750 959 2840 1015 via
2868 960 3027 1030 regia
3082 960 3492 1026 transiturum,
3539 977 3727 1032 neque

2080 1046 2220 1102 laeva
2250 1064 2438 1118 neque
2468 1048 2665 1102 dextra
2695 1047 2780 1103 vel
2815 1049 2873 1103 in
2905 1050 3100 1105 vineas
3131 1050 3216 1105 vel
3265 1049 3325 1105 in
3373 1067 3541 1121 agros
3591 1067 3719 1107 eva-

2080 1142 2336 1208 gantcm,
2369 1139 2552 1193 donec
2581 1138 2974 1194 Romanorum
3007 1139 3150 1196 ﬁnes
3171 1140 3499 1196 excesserit.
3535 1141 3721 1215 Impe-

2077 1232 2230 1282 rator
2252 1243 2384 1284 vero
2415 1227 2696 1298 quosdam
2743 1233 3014 1299 cognatos
3045 1246 3182 1285 suos
3242 1231 3403 1286 dedit
3457 1233 3716 1301 obsides,

2078 1324 2131 1371 et
2184 1318 2243 1372 in
2306 1317 2553 1373 maximo
2611 1317 2825 1387 templo
2875 1319 3320 1376 circumforanei
3368 1325 3426 1376 et
3483 1322 3723 1393 palatini

2077 1421 2343 1476 proceres
2368 1405 2670 1477 quingenti
2694 1407 3078 1477 jurejurando
3119 1414 3258 1463 sunt
3320 1410 3508 1465 adacti
3533 1411 3724 1482 impe-

2076 1503 2324 1551 ratorem
2355 1503 2521 1567 pacta
2551 1496 2822 1551 inviolata
2852 1504 3330 1554 conservaturum
3365 1504 3420 1554 et
3449 1500 3724 1572 iAlcman-

2077 1585 2168 1639 nis
2199 1587 2304 1640 viae
2334 1586 2596 1640 ductores
2625 1595 2680 1641 et
2708 1586 2982 1641 viaticum
3001 1589 3533 1658 suppeditaturum.
3567 1592 3718 1645 Tum

2073 1674 2243 1729 etiam
2277 1674 2512 1743 quidam
2536 1691 2604 1728 ex
2641 1675 2760 1729 Beli
2799 1675 3096 1743 judicibus
3129 1677 3198 1730 ad
3236 1693 3425 1747 regem
3452 1677 3718 1733 obsidum

2076 1765 2203 1819 locu
2251 1765 2541 1831 mittendi,
2580 1767 2718 1835 quia
2787 1766 2980 1836 palam
3045 1766 3382 1836 imperatori
3441 1768 3718 1839 refragari

2073 1856 2316 1924 tutoque
2347 1854 2547 1909 sedere
2588 1855 2746 1908 domi
2779 1871 2891 1909 non
2937 1857 3221 1924 poterant,
3279 1856 3336 1908 in
3397 1854 3716 1911 alienarum

2073 1942 2280 1997 aedium
2307 1941 2559 2013 angulis,
2591 1945 2774 1998 donec
2801 1960 2898 1998 rex
2936 1944 2997 1998 in
3041 1943 3330 1999 Orientem
3363 1945 3716 2009 transiisset,

2073 2047 2202 2088 sese
2229 2033 2598 2088 abdiderunt.
2622 2033 2926 2088 Enimvero
2960 2034 3274 2105 imperator
3324 2034 3508 2089 iratus
3552 2036 3714 2104 judi-

2079 2138 2211 2178 cum
2233 2121 2358 2177 loco
2383 2121 2721 2178 tabelliones
2747 2121 2907 2178 misit
2937 2122 3186 2189 obsides,
3205 2125 3717 2179 etcontumaoium

2076 2211 2472 2283 possessiones
2513 2214 2572 2267 et
2636 2212 2790 2267 aedes
2845 2212 2918 2267 iis
2955 2211 3195 2269 donavit
3244 2213 3460 2283 quibus
3509 2212 3713 2281 voluit,

2073 2299 2331 2370 aliosque
2353 2299 2584 2370 judices
2607 2300 2951 2371 designavit.
2992 2304 3122 2356 Post
3150 2316 3282 2356 vero
3314 2316 3449 2356 cum
3484 2301 3541 2355 id
3601 2317 3717 2356 non

2073 2389 2438 2443 contumacia
2497 2389 2646 2444 539
2706 2390 2806 2443 sed
2856 2394 3014 2444 metu
3074 2405 3191 2444 non
3291 2405 3717 2460 supervacaneo

2073 2479 2290 2533 factum
2344 2494 2469 2533 esse
2525 2479 2930 2549 comperisset,
2990 2479 3074 2533 eis
3121 2485 3179 2533 et
3229 2480 3624 2548 possessiones
3661 2483 3718 2534 et

2072 2567 2410 2635 dignitatem
2465 2566 2761 2636 pristinam
2797 2565 3067 2620 restituit.
3121 2565 3389 2622 Pactione
3458 2572 3714 2637 peracta,

2071 2654 2191 2724 regi
2222 2663 2470 2724 quatuor
2499 2655 2860 2710 centenarios
2891 2659 3176 2725 argenteas
3209 2659 3456 2710 monetis
3519 2660 3575 2710 et
3604 2670 3673 2709 ex
3695 2684 3717 2695 -

2070 2743 2215 2798 mias
2246 2742 2392 2798 telas
2423 2759 2563 2798 auro
2596 2743 2939 2798 intertextas
2971 2742 3170 2807 mittit,
3223 2742 3452 2813 aliaque
3498 2743 3570 2797 ab
3613 2743 3712 2798 illo

2071 2847 2314 2886 munera
2344 2831 2570 2900 recipit.
2605 2831 2743 2885 Inde
2774 2829 3045 2901 plurimis
3069 2830 3306 2885 navibus
3337 2831 3710 2901 equestribus

2069 2918 2431 2990 Calliopolim
2464 2919 2751 2989 perductis
2779 2922 2940 2986 (nam
2973 2918 3028 2973 id
3062 2934 3294 2989 quoque
3336 2923 3705 2976 convenerat.

2069 3014 2132 3064 ut
2160 3009 2384 3065 duabus
2400 3007 2869 3080 navigationibus
2884 3012 3040 3062 totus
3053 3008 3375 3064 excercitus
3391 3009 3706 3077 trajiceret.

2067 3115 2196 3169 rege
2229 3102 2520 3154 metuente
2564 3112 2635 3152 ne
2691 3097 2933 3152 Romani
2982 3098 3164 3166 pactis
3219 3097 3446 3153 violatis
3494 3113 3708 3168 paucos

2069 3203 2188 3242 una
2215 3187 2493 3243 vehentes
2521 3187 2583 3242 in
2631 3188 2876 3257 trajectu
2933 3185 3281 3258 occiderent)
3344 3201 3443 3242 rex
3501 3187 3707 3243 diebus

2069 3293 2182 3332 non
2202 3275 2458 3347 amplius
2487 3282 2736 3346 quatuor
2765 3275 2824 3330 in
2842 3274 3134 3331 Orientem
3196 3276 3475 3347 pervenit.
3540 3277 3609 3332 Ut
3637 3276 3708 3331 ad

2067 3366 2531 3437 Philadelphiam
2561 3365 2821 3431 accessit,
2848 3381 3036 3437 neque
3066 3381 3168 3436 per
3217 3366 3420 3422 urbem
3473 3366 3709 3422 transiit

2062 3459 2120 3510 et
2148 3455 2271 3525 ejus
2294 3453 2498 3510 incolae
2524 3454 2801 3509 simulata
2830 3454 3106 3522 amicitia,
3138 3453 3200 3509 in
3230 3455 3383 3524 regis
3416 3454 3706 3524 discessu,

2063 3545 2122 3598 in
2153 3544 2495 3599 inimicitias
2527 3549 2862 3614 erumpente
2894 3551 3118 3616 partem
3171 3544 3457 3600 exercitus
3487 3561 3587 3614 per
3620 3546 3708 3602 la-

2063 3635 2374 3689 trocinium
2401 3638 2541 3689 sunt
2569 3633 2779 3689 adorti.
2814 3634 2881 3689 Ut
2909 3650 3043 3689 vero
3067 3649 3158 3688 res
3189 3649 3393 3704 parum
3411 3634 3708 3700 successit,

2068 3724 2168 3778 sed
2193 3724 2405 3778 ferreas
2455 3728 2676 3778 statuas
2733 3727 2833 3777 aut
2885 3723 3146 3794 gigantes
3201 3722 3310 3776 sibi
3369 3738 3711 3793 oppugnare

2068 3811 2436 3876 videbantur,
2497 3819 2655 3878 terga
2703 3810 3008 3865 dederunt.
3059 3809 3360 3866 Alemanni
3412 3825 3548 3866 vero
3608 3826 3712 3880 per

2069 3900 2285 3969 Aquilae
2318 3900 2600 3969 praedium
2655 3898 2788 3966 (loci
2830 3914 3042 3954 nomen
3101 3899 3160 3952 id
3215 3900 3325 3969 est)
3370 3899 3610 3968 profecti
3640 3901 3712 3956 ad

2071 3988 2327 4060 Phrygiae
2352 3987 2692 4042 Laodiceam
2723 3991 2914 4043 castra
2957 3993 3281 4058 posuerunt
3313 4005 3326 4053 ;
3372 3988 3573 4058 ibique
3606 3987 3716 4043 hu-

2071 4077 2414 4136 manissime
2464 4076 2723 4148 suscepti
2775 4081 2832 4132 et
2888 4076 3240 4147 hOSpitalius
3313 4093 3490 4148 quam
3575 4076 3717 4133 alibi

2071 4183 2318 4239 usquam
2415 4165 2664 4232 tractati,
2734 4180 2869 4220 cum
2971 4181 3171 4221 omnes
3267 4167 3715 4224 Laodicensibus

2068 4256 2422 4313 faustissima
2477 4270 2723 4325 quaeque
2771 4271 2804 4307 a
2889 4258 3000 4309 Deo
3053 4259 3195 4309 sunt
3273 4256 3517 4325 precati,
3586 4260 3713 4309 tum

2069 4362 2167 4401 rex
2189 4344 2458 4399 manibus
2507 4348 2563 4397 et
2593 4341 2776 4397 oculis
2817 4342 2874 4396 in
2908 4342 3120 4397 coelum
3153 4343 3422 4408 sublatis,
3471 4344 3717 4415 genibus

2065 4451 2198 4490 vero
2229 4433 2390 4488 humi
2424 4431 2612 4498 ﬂexis,
2664 4430 2837 4486 oravii
2900 4432 3056 4487 540
3117 4435 3181 4485 ut
3239 4431 3522 4502 quidquid
3588 4433 3715 4486 vitas

2065 4524 2383 4596 prodesset,
2439 4519 2725 4591 quidquid
2776 4520 2989 4574 animis
3056 4518 3304 4574 salutem
3355 4519 3610 4585 afferret,
3655 4519 3716 4573 id

2065 4631 2099 4668 a
2127 4613 2506 4684 gubernatore
2541 4608 2928 4664 universitatis
2957 4614 3071 4664 Deo
3106 4608 3272 4662 Patre
3297 4607 3412 4663 illis
3443 4607 3716 4662 tribuere-

2067 4706 2180 4768 tur,
2204 4701 2307 4755 hac
2323 4699 2548 4767 adjecta
2563 4697 2845 4763 clausula,
2868 4699 2915 4753 si
2941 4699 3210 4753 Romanas
3234 4696 3541 4769 provincias
3559 4695 3719 4751 Chri-

2073 4788 2281 4844 stianis
2324 4786 2662 4856 hujusmodi
2690 4785 2963 4840 ﬂorerent
2989 4791 3044 4841 et
3059 4786 3202 4842 adeo
3219 4785 3471 4856 benigne
3501 4785 3718 4840 Christi

2074 4876 2288 4932 milites
2317 4874 2703 4945 susciperent,
2733 4889 2793 4928 se
2823 4881 2876 4929 et
2906 4872 3026 4928 illis
3056 4890 3194 4943 opes
3225 4891 3371 4946 quas
3385 4873 3720 4930 attulissent

2073 4967 2318 5022 libenter
2356 4965 2535 5019 fuisse
2579 4962 2836 5030 daturos,
2869 4969 3195 5020 commeatu
3229 4968 3429 5036 pacate
3459 4969 3718 5035 accepto,

2075 5063 2132 5110 et
2164 5054 2304 5110 lines
2337 5051 3094 5122 Romanorumjampridem
3118 5052 3299 5108 fuisse
3349 5053 3716 5118 transituros,

2074 5144 2264 5199 hastis
2302 5140 2524 5196 nullius
2576 5139 2890 5195 Christiani
2944 5143 3229 5213 sanguine
3288 5140 3718 5198 contaminatis.

385 5265 437 5297 τι
476 5242 766 5318 βιωφελες,
796 5239 848 5295 εἷ’
873 5261 925 5294 τι
957 5244 1148 5313 ψυχῶν
1187 5240 1476 5313 σωτήριον,
1533 5236 1591 5290 ἐκ
1649 5239 1745 5290 106
1801 5239 1908 5287 τῶν
1965 5229 2109 5286 ὅλων
2162 5226 2466 5299 κηδεμόνος
2497 5230 2630 5280 Θεοῦ
2671 5226 2761 5280 καὶ
2810 5228 3021 5302 Ιίατρὸς
3050 5226 3479 5297 ἐπικαταπτῆναι
3506 5227 3720 5290 τούτοις

303 5315 608 5400 ἱκέτευσεν,⁷
627 5328 862 5383 ἐπειπὼν
894 5329 992 5393 ὡς,
1025 5328 1071 5382 εἰ
1099 5329 1449 5403 Χριστιανοῖς
1481 5323 1748 5385 τοιούτοις
1809 5321 2146 5390 ἐνευθηνεῖτο
2205 5320 2239 5387 ἡ
2297 5315 2588 5388 Ῥωμαίων
2644 5322 2714 5390 γῆ
2755 5316 2845 5368 καὶ
2904 5317 3260 5392 εὐγνωμόνως
3295 5315 3439 5371 οὕτω
3467 5315 3594 5376 τούς
3623 5319 3721 5370 106

299 5423 544 5495 Χριστοῦ
576 5420 808 5480 ὁπλίτας
843 5423 927 5489 [Ρ.
965 5419 1090 5490 264]
1125 5402 1580 5489 καθύπεδὲχοντο,
1611 5416 1853 5468 κάκεῖνοι
1884 5411 1974 5465 τὸν
2003 5408 2390 5487 ἐπιφερόμενον
2425 5403 2664 5459 πλοῦτον
2699 5404 2874 5480 σφίσιν
2904 5407 3199 5480 ἀγαπητῶς
3227 5407 3309 5474 ἂν,
3341 5407 3408 5461 τὰ
3437 5402 3722 5474 ἐπιτήδεια

305 5493 423 5586 μετ’
458 5509 683 5583 εἰρήνης
716 5510 1072 5586 παρέχοντες,
1103 5507 1193 5561 καὶ
1222 5505 1378 5560 αὐτοὶ
1426 5504 1493 5559 τὰ
1540 5502 1662 5578 ὅρια
1710 5499 1997 5576 Ῥωμαίων
2051 5498 2222 5553 πάλαι
2277 5493 2648 5570 παρήλθοσαν,
2682 5493 2973 5572 ἀγεύστους
3001 5497 3336 5572 Χριστιανῶν
3370 5494 3601 5570 αἵματος
3631 5493 3723 5549 καὶ

302 5600 578 5660 ὁπνούσας
610 5598 700 5654 ἐπὶ
731 5596 970 5653 κὸυλεῶν
997 5598 1093 5658 τὰς
1126 5594 1337 5670 λόγχας
1378 5594 1655 5672 φέροντες.

634 5714 899 5775 ΡΑτιιοι.
947 5713 1056 5771 Gs.
1092 5709 1405 5770 CXXXIX.

3407 5696 3484 5754 25
