4098 6292
417 358 568 457 ᾇτ’19

444 623 585 675 sunt
609 618 865 689 experti:
899 618 1000 672 sed
1032 621 1089 673 et
1117 617 1174 672 hi
1204 621 1464 688 apertam
1500 633 1758 689 pugnam
1807 618 2105 674 declinan-

441 712 528 763 tes
557 706 880 763 latrociniis
909 722 1028 772 eos,
1053 704 1154 761 ubi
1205 706 1890 777 poterant,infestabant,
1919 724 2104 778 quan-

444 821 620 875 quam
653 819 816 875 mque
847 808 913 859 ut
945 803 1210 870 Romani,
1244 806 1417 875 pacti,
1454 804 1504 860 si
1549 808 1772 876 absque
1818 805 2105 863 maleﬁcio

445 894 786 961 transirent,
820 909 883 948 se
915 894 999 948 eis
1033 894 1235 949 omnia
1265 911 1395 965 quae
1429 894 1802 965 prmtereuuti
1819 896 2102 951 exercitui

442 987 640 1038 essent
669 998 819 1052 opus
865 983 1368 1053 suppeditaturos.
1432 986 1511 1039 Ac
1556 1000 1697 1038 sane
1726 986 1811 1039 eis
1869 1000 2104 1055 quoque

451 1071 793 1143 profuisset,
840 1071 891 1127 si
960 1070 1146 1142 pactis
1191 1072 1516 1128 stetissent.
1573 1072 1741 1128 Nunc
1801 1072 1961 1129 inani
1995 1089 2099 1145 spe

447 1162 583 1216 elati
613 1161 677 1215 in
703 1164 969 1231 apertum
1008 1160 1226 1215 bellum
1256 1166 1600 1233 eruperunt.
1634 1159 1837 1233 Itaque
1895 1178 1996 1218 rex
2024 1163 2098 1217 ad

444 1255 705 1306 castrum
723 1249 1128 1305 Philomelium
1152 1250 1496 1320 praeliocum
1520 1250 1842 1306 Iconiensis
1882 1250 2101 1307 sultani

444 1338 644 1394 liberis
676 1339 998 1394 commisso
1032 1337 1228 1409 (quem
1254 1354 1428 1411 regno
1459 1343 1658 1410 erepto
1682 1337 1875 1394 Iconio
1919 1355 2099 1411 expu-

448 1428 658 1494 lerant,
691 1428 937 1499 pristina
965 1428 1095 1498 ejus
1117 1428 1390 1484 felicitate
1412 1429 1470 1483 in
1504 1444 1901 1484 erumnosam
1933 1444 2100 1485 sene-

444 1527 658 1573 ctutem
691 1517 937 1589 mutata)
969 1532 1107 1571 cum
1143 1518 1303 1588 ipsos
1335 1517 1503 1572 facile
1555 1517 1903 1589 proﬂigavit,
1973 1521 2098 1573 tum

446 1607 595 1663 5“
628 1605 1040 1661 Pbilomelium
1073 1606 1286 1662 evertit
1316 1611 1496 1678 atque
1525 1606 1807 1663 incendit.
1851 1606 2097 1662 Eosdem

446 1695 624 1750 etiam
658 1696 729 1749 ad
761 1693 1167 1766 Cingularium
1201 1694 1353 1749 vicit.
1397 1699 1539 1751 Cum
1596 1696 1755 1751 enim
1802 1695 2098 1766 angustiis

447 1784 747 1855 occupatis
803 1783 1257 1839 Alamannorum
1314 1788 1628 1840 transitum
1700 1784 2100 1851 observarent,

1733 395 2050 456 NICETE
2090 395 2510 461 CHONIATE

518 528 675 589 Cum,
697 527 876 585 altius
931 527 1328 597 escenderent,
1386 543 1492 584 nec
1550 528 1769 584 Turcos
1814 529 2176 599 benignosA

3749 400 3868 467 780

2285 530 2586 603 Ἀψάμενοι
2644 528 2703 587 δε
2754 538 2857 601 τῆς
2913 529 3023 588 ἅνω
3078 532 3303 608 πορείας
3360 529 3488 589 ούδὶ
3526 533 3655 596 τοὺς
3681 533 3869 610 Ταύρ-

2211 640 2338 682 ιιους
2398 620 2642 691 εὕρισκον
2702 622 2885 690 ἠπίως
2942 622 3134 684 αὐτοῖς
3183 621 3687 701 προσφερομένους,
3720 622 3868 678 ἀλλὰ

2209 708 2300 763 καὶ
2332 709 2483 763 οὗτοι
2536 711 2637 780 τὴν
2687 708 2918 767 ἐνώπιον
2978 710 3167 785 μάχην
3201 710 3540 773 ἐκκλίνοντες
3571 712 3867 786 ἐλῄστευον

2210 799 2319 869 ’ὸπη
2353 800 2485 854 ποτέ
2517 797 2737 878 ἴσχυον,
2794 800 2970 855 καίτοι
3028 801 3332 873 Ῥωμαίοις
3393 802 3475 856 ἐπ’
3524 801 3648 872 ἴσης
3681 799 3867 857 συνθέ·

2214 909 2367 959 μενοι
2426 886 2517 943 διὰ
2573 896 2672 959 τῆς
2714 891 2904 965 χώρας
2978 895 3125 968 σφῶν
3188 892 3419 954 τούτους
3476 889 3728 966 ἀμαχητῖ
3761 912 3870 947 πα-

2211 976 2448 1051 ρελθεῖν,
2507 980 2599 1033 καὶ
2651 979 2825 1033 πάντα
2904 981 3245 1054 χορηγήσειν
3303 979 3521 1035 ὁπόσων
3581 982 3631 1035 οἱ
3689 1002 3865 1057 παρο-

2209 1063 2452 1129 δεύοντες
2508 1065 2805 1143 χρῄζουσι.
2859 1067 2955 1122 Καὶ
3013 1070 3079 1137 ἦν
3138 1066 3197 1122 ἃν
3252 1067 3314 1123 οὐ
3371 1069 3509 1144 πρὸς
3562 1073 3734 1124 κακοῦ
3773 1060 3869 1124 καὶ

2207 1156 2413 1228 αὐτοῖς,
2476 1158 2522 1213 εἰ
2577 1158 2673 1219 τὰς
2740 1159 3013 1229 συνθήκας
3085 1157 3377 1234 ἐτήρησαν⁹
3433 1163 3526 1215 νῦν
3574 1157 3619 1214 δ’
3677 1159 3869 1215 ἐλπίσι

2205 1254 2387 1311 κεναῖς
2458 1249 2852 1325 κουφιζόμενοι
2925 1247 3064 1322 πρὸς
3138 1247 3417 1323 προῦπτον
3481 1247 3867 1325 ἠῤῥενώθησαν

2204 1335 2476 1409 πόλεμον.
2508 1340 2604 1409 Τῷ
2643 1357 2732 1393 τοι
2769 1336 2860 1392 καὶ
2917 1337 3042 1412 περὶ
3099 1338 3160 1392 τὸ
3212 1337 3443 1414 κάστρον
3472 1338 3535 1393 τὸ
3566 1337 3862 1413 λεγόμενον

2207 1424 2548 1499 Φιλομίλιον
2607 1427 3061 1501 συγκεκροτηκὼς
3116 1425 3362 1499 πόλεμον
3397 1428 3425 1481 ὁ
3457 1427 3553 1500 ῥὴξ
3591 1426 3726 1500 μετὰ
3755 1432 3863 1482 τῶν

2205 1511 2416 1568 παίδων
2466 1518 2565 1569 τοῦ
2624 1514 2894 1577 Ἰκονιέως
2954 1513 3287 1585 σουλτάνου,
3345 1515 3541 1577 οἳτινες
3575 1513 3735 1570 αὐτὸν
3768 1521 3866 1572 τοῦ

2205 1604 2398 1681 ἄρχειν
2456 1603 2546 1657 καὶ
2608 1601 2914 1679 βασιλεύειν
2978 1600 3289 1675 παρέλυσαν
3341 1603 3430 1659 καὶ
3491 1608 3590 1659 τοῦ
3639 1604 3864 1661 Ἰκονίου

2202 1692 2543 1760 ἀπεώσαντο,
2600 1693 2699 1762 τὴν
2774 1692 3041 1769 προτέραν
3100 1695 3372 1769 πατρικὴν
3428 1692 3725 1768 εὐκληρίαν
3782 1694 3864 1756 εἷς

2201 1784 2374 1858 γῆρας
2455 1782 2808 1855 μεταθέμενοι
2886 1779 3208 1855 δύσδαιμον,
3284 1782 3483 1844 αὐτοὺς
3556 1804 3615 1837 τε
3693 1781 3870 1856 ῥᾷστα

446 1874 544 1928 ille
575 1872 820 1928 consilio
860 1873 1113 1929 hostium
1172 1871 1467 1929 intellecto
1521 1877 1713 1928 castra
1769 1875 1827 1928 in
1886 1889 2093 1945 campo

2207 1868 2465 1945 ἐτρέψατο
2497 1872 2678 1926 καὶτὸ
2729 1870 3070 1944 Φιλομίλιον
3119 1872 3499 1947 πολιορκήσας
3551 1870 3864 1946 ἐνέπρησεν.

449 1962 681 2031 posuit;
715 1965 772 2015 et
802 1961 987 2031 copiis
1018 1961 1145 2017 suis
1176 1965 1351 2017 noctu
1376 1960 1645 2017 bifariam
1671 1960 2091 2030 divisis,unam

448 2054 666 2120 partem
695 2050 754 2104 in
787 2050 1054 2106 tentoriis
1087 2050 1535 2121 manerejussit,
1568 2049 1813 2105 alteram
1829 2048 2087 2106 diluculo

445 2139 579 2208 fuga
608 2138 882 2193 simulata
914 2139 1067 2194 viam
1098 2138 1273 2195 aliam
1305 2138 1596 2195 insistere.
1639 2138 1826 2194 Persis
1886 2144 2083 2194 autem

447 2227 647 2284 dolum
678 2244 813 2284 eum
845 2244 967 2283 rem
999 2245 1196 2284 veram
1219 2246 1348 2285 esse
1402 2228 1536 2300 rati,
1567 2228 1682 2285 lasti
1706 2246 1776 2285 ex
1807 2229 2097 2302 angustiis

447 2318 510 2373 in
540 2324 812 2389 apertum
844 2333 1118 2388 campum
1147 2317 1317 2374 eﬁ'usi
1358 2317 1581 2373 vallum
1633 2318 2095 2374 Alemannorum

446 2406 808 2478 irrumpunt,
871 2405 1130 2462 simulet
1184 2407 1375 2464 securi
1423 2411 1481 2462 et
1535 2406 1673 2474 leti,
1726 2412 1791 2462 ut
1834 2413 2095 2479 paratam

451 2497 730 2568 praedam,
766 2511 1012 2567 magnas
1043 2512 1182 2569 opes
1215 2495 1509 2567 direpturi.
1536 2496 1742 2553 Omnis
1771 2496 1928 2552 enim
1958 2500 2096 2551 Bar-

454 2587 633 2643 barus
662 2603 869 2642 avarus
899 2591 1009 2654 est,
1041 2595 1095 2641 et
1153 2586 1410 2659 pecuniae
1465 2603 1644 2643 causa
1694 2586 1990 2659 pleraque,
2024 2603 2096 2643 ne

450 2675 644 2731 dicam
676 2676 898 2741 omnia,
930 2674 1139 2731 etdicit
1166 2679 1223 2732 et
1253 2676 1406 2731 facit.
1474 2674 1542 2731 Ut
1572 2691 1705 2731 vero
1743 2678 1801 2731 et
1857 2675 1954 2748 qui
1999 2676 2097 2731 fu-

454 2769 659 2836 gerant
706 2781 770 2821 se
828 2769 1257 2834 converterunt,
1307 2769 1365 2819 et
1405 2764 1505 2835 qui
1546 2766 1603 2820 in
1662 2765 1872 2821 castris
1924 2769 2091 2821 erant

451 2855 814 2911 conﬁdenter
842 2858 1245 2923 occurrerunt,
1286 2854 1473 2911 Persae
1526 2855 1909 2912 circumventi
1939 2854 2096 2911 occi-

436 2944 765 3001 dabantur.

2209 1959 2382 2018 Ἀλλᾶ
2432 1960 2523 2015 καὶ
2583 1959 2720 2016 κατά
2790 1962 2853 2015 τὸ
2930 1960 3230 2037 λεγόμενον
3289 1959 3615 2037 Γιγκλάριον
3673 1960 3864 2024 αὐτοῖς

2203 2044 2501 2123 συμϐαλὼν
2548 2051 2611 2105 τὸ
2668 2051 2866 2125 κράτος
2923 2050 3118 2125 ἤρατο,
3165 2050 3255 2106 ὅτε
3283 2050 3373 2105 καὶ
3404 2051 3459 2106 οἱ
3492 2052 3583 2123 μὲν
3617 2053 3862 2124 Τοῦρκοι

2204 2142 2300 2203 τὰς
2356 2144 2465 2194 τῶν
2515 2137 2770 2215 παρόδων
2857 2138 3357 2216 προκατειληφότες
3414 2139 3597 2201 στενὰς
3655 2136 3861 2211 προσέ-

2210 2250 2373 2303 μενον
2431 2229 2530 2297 τήν
2586 2232 2694 2283 τῶν
2755 2228 3084 2302 ’Δλαμανῶν
3153 2228 3317 2284 ἐκεῖθι
3377 2226 3577 2307 ἄφιξιν,
3609 2228 3638 2283 ὁ
3672 2225 3731 2283 δὲ

2206 2321 2268 2376 τὸ
2325 2324 2434 2375 τῶν
2496 2319 2826 2375 ὑπεναντίων
2886 2322 3108 2393 σκέμμα
3165 2320 3339 2381 συνεὶς
3390 2316 3477 2374 ἐπὶ
3535 2319 3710 2374 τόπου
3761 2339 3864 2373 κα-

2203 2406 2691 2483 τεστρατοπέδευσε
2746 2406 2988 2476 πεδινοῦ,
3046 2409 3238 2470 νυκτὸς
3296 2405 3353 2463 δὲ
3409 2407 3485 2471 εἷς
3536 2405 3631 2463 δύο
3669 2408 3868 2482 μοίρας

2202 2499 2268 2553 τὸ
2299 2498 2501 2553 οἷκεῖον
2548 2494 2909 2573 στρατόπεδον
2967 2496 3165 2555 διελὼν
3222 2500 3284 2554 τὸ
3339 2499 3433 2572 μὲν
3486 2503 3606 2560 ταῖς
3640 2502 3861 2568 σκηναῖς

2202 2586 2530 2660 προσμένειν
2573 2587 2818 2659 ἀπέταξε,
2877 2588 2941 2644 τὸ
2998 2586 3059 2642 δὶ
3116 2587 3312 2643 Λοιπὸν
3366 2588 3506 2642 ἃπαν
3569 2587 3865 2663 ὑποφαινοο

2210 2676 2377 2751 μένης
2431 2675 2644 2751 ἡμέρας
2701 2678 2781 2739 εἰς
2839 2675 3136 2753 ἀπόδρασιν
3195 2675 3412 2747 ἐπέταξε
3470 2674 3731 2738 πλαστῶς
3776 2675 3856 2730 ἐνο

2206 2766 2552 2833 σκευάζεσθαι
2584 2762 2766 2836 ἄλλης
2820 2762 3129 2838 ἀπτόμενον
3193 2762 3345 2823 ὀδοῦ,
3404 2765 3473 2821 ()i
3509 2765 3691 2819 τοίνυν
3722 2762 3858 2839 Πέρ-

2207 2874 2292 2907 σαι
2348 2853 2442 2908 τὸν
2501 2850 2664 2909 δόλον
2720 2847 2874 2928 ἔργον
2951 2854 3151 2924 ἀληθὲς
3206 2853 3340 2908 εἶναι
3404 2854 3834 2923 ὑποτοπήσαντες

2205 2941 2591 2997 ἀπανίστανται
2652 2944 2746 3016 μὲν
2797 2948 2905 2998 τῶν
2966 2940 3290 3017 δυσχωριῶν
3350 2945 3695 3018 περιχαρῶς,
3720 2940 3849 2995 κατὰ

451 3026 508 3084 δὲ
580 3031 643 3086 τὸ
715 3029 901 3086 πεδίον
974 3030 1261 3106 γενόμενοι
1325 3030 1418 3085 τὸν
1479 3030 1697 3107 χάρακα
1771 3028 2043 3086 είσέδυσαν
2117 3030 2210 3085 τὸν
2288 3030 2631 3105 Ἀλαμανῶν,
2705 3033 3189 3111 ἀφροντιστοῦντες
3238 3028 3352 3105 ἅμα
3426 3031 3516 3086 καὶ
3576 3028 3855 3105 χαίροντες

452 3120 578 3175 ὡσεί
609 3121 700 3175 καὶ
726 3121 1016 3197 προχείρῳ
1047 3121 1260 3195 έρμαίῳ
1286 3125 1403 3182 τοῖς
1479 3119 1531 3174 ἐν
1604 3118 1751 3192 αἱ)τῷ
1813 3119 2184 3192 ἐντευξόμενοι
2236 3119 2473 3183 πολλοῖς
2547 3122 2666 3177 οὗσι
2715 3122 2805 3177 καὶ
2847 3122 3091 3199 ἀγαθοῖς,
3168 3119 3284 3177 ἐπεὶ
3357 3121 3447 3176 καὶ
3524 3116 3856 3198 φιλοκερδὴς

453 3209 594 3269 ἅπας
669 3204 972 3282 Βάρϐαρος,
1047 3209 1138 3262 καὶ
1210 3210 1277 3263 τὰ
1349 3206 1525 3263 πλείω
1593 3210 1621 3279 ἢ
1680 3210 1772 3264 καὶ
1837 3209 2011 3265 πάντα
2071 3209 2322 3284 πράττων
2384 3208 2495 3266 ἐστὶ
2559 3212 2650 3266 καὶ
2690 3212 3059 3290 φθεγγόμενος
3133 3212 3269 3285 πρὸς
3345 3209 3627 3285 ἀργύρίον·
3671 3210 3761 3271 Ὧς
3802 3206 3858 3264 δὶ

454 3297 508 3351 οἳ
554 3318 611 3352 τε
663 3297 949 3374 φεύγοντες
994 3296 1325 3352 ἐπανέλυσαν
1357 3299 1448 3352 καὶ
1506 3299 1559 3352 οἱ
1611 3296 1665 3353 ἐν
1715 3302 1835 3361 ταῖς
1862 3303 2087 3370 σκηναῖς
2120 3297 2392 3373 εὐθαρσῶς
2425 3300 2779 3374 ὑπηντίαζον,
2810 3299 3250 3377 περιειλούμενοι
3283 3301 3335 3355 οἱ
3366 3300 3566 3375 Πέρσαι
3596 3300 3696 3370 τήν
3723 3297 3858 3375 πρὸς

454 3386 681 3442 θάνατον
713 3385 930 3462 ἤγοντο.

524 3478 579 3533 7.
611 3478 812 3548 Neque
842 3494 973 3534 vero
1004 3494 1071 3535 ex
1100 3478 1195 3534 his
1239 3478 1467 3535 duobus
1522 3479 1807 3535 duntaxat
1880 3478 2095 3552 pmliis

2284 3485 2342 3551 ζ’.
2377 3481 2453 3539 Οὐ
2523 3484 2683 3555 μόνον
2748 3483 2838 3538 οὖν
2897 3480 2959 3538 ἐκ
3013 3486 3123 3539 τῶν
3180 3478 3329 3538 δυοῖν
3360 3501 3570 3538 τουτων
3600 3478 3861 3553 πολέμων

457 3584 558 3625 rex
581 3567 967 3624 formidabilis
995 3568 1181 3624 evasit
1209 3572 1268 3623 et
1323 3569 1478 3639 apud
1516 3567 1842 3624 Orientales
1900 3573 2103 3641 gentes

459 3657 725 3725 celebris,
759 3658 860 3713 sed
892 3673 961 3713 ex
1003 3672 1069 3714 eo
1098 3656 1276 3712 etiam
1332 3657 1488 3728 quod
1525 3656 1745 3713 Turcos
1798 3657 1869 3713 ad
1911 3658 2106 3729 ipsum

462 3747 723 3805 Iconium
753 3747 962 3803 iisdem
994 3746 1262 3803 cladibus
1292 3746 1501 3803 affecit.
1528 3746 1669 3804 Nam
1710 3746 1837 3819 ipse
1867 3747 2106 3819 quidem

465 3838 733 3895 sultanus
764 3838 837 3894 ad
864 3838 1090 3894 Taxara
1121 3837 1401 3909 profugus
1454 3835 1885 3909 ignorationem
1929 3853 2106 3894 excu-

467 3928 635 3984 sabat
664 3943 864 3984 eorum
895 3943 1023 3999 quae
1065 3926 1169 3980 filii
1217 3925 1369 3982 542
1406 3926 1499 3981 sui
1559 3924 1855 3994 fecissent,
1902 3930 2105 3998 utpote

468 4018 541 4073 ab
574 4034 688 4073 uno
717 4033 786 4073 ex
817 4018 890 4072 iis
945 4016 1227 4087 Copatino
1266 4031 1441 4086 regno
1473 4014 1706 4086 pulsus:
1766 4014 1939 4072 Turci
1969 4032 2104 4073 vero

466 4106 762 4163 hortorum
818 4106 1127 4177 aggeribus
1192 4109 1250 4160 et
1305 4105 1503 4173 fossis,
1569 4120 1697 4174 quas
1717 4104 1918 4160 crebra
1966 4110 2105 4161 sunt

455 4197 627 4267 juxta
649 4194 933 4261 Iconium,
967 4194 1287 4266 occupatis,
1343 4197 1402 4248 et
1456 4192 1723 4248 maceriis
1771 4210 1874 4263 pro
1933 4210 2102 4251 muro

461 4285 722 4357 objectis,
762 4284 1213 4340 Alamannorum
1246 4298 1547 4339 accessum
1579 4282 1747 4339 facile
1762 4299 1823 4338 se
1842 4283 2100 4351 prohibi-

456 4380 622 4431 turos
697 4373 1007 4445 putabant,
1090 4388 1226 4428 cum
1284 4387 1486 4427 omnes
1544 4370 1830 4442 sagittarii
1888 4373 2097 4442 optimi

452 4467 671 4533 essent,
702 4469 878 4536 atque
908 4480 1025 4519 uno
1058 4463 1117 4517 in
1150 4461 1275 4518 loco
1306 4459 1559 4533 expediti
1609 4475 1739 4515 cum
1769 4461 1962 4531 gravis
2000 4479 2093 4519 ar-

448 4559 688 4611 maturae
719 4554 1017 4627 equitibus
1048 4552 1408 4625 pugnaturi;
1442 4551 1543 4607 sed
1575 4550 1635 4606 id
1682 4567 1917 4622 quoque
1958 4566 2094 4607 con-

449 4653 646 4710 silium
677 4669 879 4709 eorum
930 4652 1040 4707 fuit
1093 4650 1349 4705 irritum.
1408 4648 1549 4704 Nam
1605 4648 1914 4704 Alemanni
1956 4664 2090 4703 cum

449 4744 667 4799 Turcos
700 4749 862 4813 septa
883 4743 1186 4797 hortorum
1219 4738 1417 4795 subire
1443 4742 1619 4809 atque
1648 4737 1784 4793 inde
1823 4736 1981 4793 velut
2018 4752 2087 4792 ex

2212 3566 2444 3646 φοϐερὸς
2474 3573 2502 3628 ὁ
2533 3571 2633 3649 ρὴξ
2666 3571 2901 3649 ἐγεγόνει
2964 3573 3056 3628 καὶ
3112 3571 3259 3646 παρᾶ
3315 3576 3433 3633 τοῖς
3490 3570 3651 3643 ἑῴοις
3688 3564 3861 3634 ἔθνεσι

2213 3655 2533 3733 διαϐόητος,
2562 3660 2695 3717 ἀλλ’
2751 3662 2837 3717 ’ὸτι
2890 3660 2980 3716 καὶ
3030 3662 3146 3716 κατ’
3194 3660 3325 3715 αὐτὸ
3378 3660 3441 3715 τὸ
3497 3658 3715 3716 Ἰκόνιον
3743 3662 3865 3719 τοῖς

2213 3748 2401 3813 αὐτοῖς
2473 3751 2601 3813 τοὺς
2671 3751 2944 3826 Τούρκους
3016 3744 3310 3825 περιέϐαλε
3383 3747 3860 3822 δυσπραγήμασιν.

2208 3840 2384 3902 Αὐτὸς
2444 3841 2539 3914 μὲν
2598 3839 2701 3915 γὰρ
2760 3841 2788 3895 ὁ
2846 3838 3077 3895 σουλτὰν
3135 3837 3213 3901 εἷς
3272 3838 3340 3893 τὰ
3395 3838 3608 3912 Τάξαρα
3655 3832 3860 3910 δραπε-

2207 3928 2397 3991 τεύσας
2431 3925 2752 4001 ἀπελογεῖτο
2813 3925 2984 4002 μηδὲν
3044 3924 3241 3983 εἰδέναι
3280 3926 3356 3981 ὧν
3410 3925 3462 3980 οἱ
3523 3924 3657 3985 υἱεῖς
3685 3922 3856 3978 αὐτοῦ

2210 4013 2582 4092 διεπράξαντο,
2623 4014 2709 4071 ὅτι
2766 4017 2858 4072 καὶ
2911 4022 3013 4086 τῆς
3070 4014 3252 4091 ἀρχῆς
3285 4015 3368 4086 ὑφ’
3402 4013 3520 4074 ἐνὸς
3550 4011 3727 4067 αὐτῶν
3757 4013 3854 4065 τοῦ

2206 4106 2546 4161 Κοπαττίνου
2601 4105 3075 4181 ἀπεσκοράκισται·
3136 4105 3189 4158 οἱ
3241 4100 3301 4159 δὶ
3348 4105 3583 4177 Τοῐίρκοι
3634 4100 3705 4156 τὰ
3743 4100 3852 4154 τῶν

2204 4196 2397 4265 κήπων
2477 4192 2815 4257 ὑπεισδύντες
2864 4191 3216 4272 ταφρεύματά
3271 4212 3332 4248 τε
3385 4191 3475 4246 καὶ
3546 4188 3674 4251 τοὺς
3730 4185 3857 4243 διώο

2203 4303 2400 4364 ρυχας,
2448 4284 2500 4339 οἳ
2561 4289 2807 4359 συνεχεῖς
2864 4282 2969 4338 εἶσι
3027 4284 3148 4357 περὶ
3210 4282 3273 4337 τὸ
3330 4280 3582 4352 Ἰκόνιον,
3608 4277 3699 4333 καὶ
3727 4275 3854 4339 τοὺς

2202 4371 2261 4428 ἐκ
2318 4373 2487 4438 λίθων
2543 4368 2874 4448 περιϐόλους
2924 4372 2999 4435 ὡς
3045 4370 3203 4446 ἕρκος
3253 4365 3747 4443 περιϐαλλόμενοι,
3796 4366 3855 4421 ἐκ

2197 4461 2404 4519 τούτων
2455 4463 2633 4534 ᾤοντο
2693 4461 3015 4537 ἐπισχήσειν
3069 4463 3168 4531 τὴν
3230 4460 3283 4523 ἐς
3352 4460 3574 4516 Ἰκόνιον
3613 4453 3846 4532 πάροδον

2193 4556 2300 4606 τῶν
2334 4549 2683 4626 Ἀλαμανῶν,
2742 4553 2832 4606 οἷα
2888 4549 3106 4620 τοξόται
3164 4548 3358 4611 πάντες
3416 4546 3701 4621 κράτιστοι
3730 4543 3847 4621 περὶ

2192 4637 2285 4695 ἕνα
2326 4646 2515 4718 χῶρον
2571 4638 2977 4713 συνηλισμὲνοι,
3025 4640 3114 4694 καὶ
3166 4639 3302 4714 πρὸς
3354 4637 3541 4699 ἱππεῖς
3600 4633 3843 4706 ὁπλοφό-

2192 4750 2318 4805 ρους
2385 4729 2436 4785 tv
2497 4726 2834 4805 δυσχωρίαις
2893 4733 3086 4805 κοῦφοι
3158 4723 3630 4799 διαμιλλώμενοι.
3694 4719 3836 4781 Ἀλλ’

450 4808 911 4905 prepugnaculis
968 4832 1242 4904 sagittare
1306 4808 1586 4897 viderent,
1653 4827 1737 4883 sic
1804 4828 2084 4883 fecerunt.

2203 4823 2295 4891 εἷς,
2343 4823 2497 4878 κεκὸν
2537 4823 2628 4877 καὶ
2669 4821 2793 4877 τότε
2843 4821 2989 4900 σφίσι
3037 4821 3104 4876 τὰ
3152 4814 3445 4875 διαϐούλια
3490 4813 3736 4897 ἔσχασαν.
3765 4808 3819 4864 Οἱ

448 4922 703 4991 Quisque
748 4922 1001 4992 peditem
1044 4925 1339 4976 armatum
1403 4919 1460 4973 in
1518 4916 1648 4987 equi
1705 4916 1798 4971 sui
1859 4925 2087 4989 tergum

2203 4911 2301 4988 γὰρ
2360 4910 2661 4985 Ἀλαμανοὶ
2720 4909 3035 4983 θεασᾶμενοι
3076 4910 3160 4981 [Ρ.
3209 4910 3336 4981 265]
3394 4905 3525 4970 τοὺς
3571 4905 3828 4992 Τούρκους

446 5008 677 5075 recepit,
708 5015 770 5061 ut
801 5025 869 5061 ex
889 5025 953 5061 eo
971 5016 1243 5078 tanquam
1265 5006 1443 5071 scala,
1478 5004 1722 5060 maceria
1746 5020 2086 5068 conscensa.

446 5099 713 5151 cominus
745 5113 874 5151 cum
912 5098 1075 5151 hoste
1134 5098 1588 5167 congrederetur
1639 5100 1739 5161 ;et
1783 5093 1918 5165 ipsi,
1966 5110 2084 5164 qua

439 5187 605 5257 equis
628 5187 1007 5255 patebatiter,
1040 5187 1501 5258 cpitulahantur.
1541 5186 1626 5240 Ita
1668 5189 1793 5239 tum
1846 5200 2080 5256 quoque

435 5274 611 5330 Turci
671 5273 933 5346 plerique
990 5274 1127 5329 mali
1188 5275 1339 5329 male
1407 5275 1749 5345 perierunt;
1808 5273 2074 5329 nonnulli

429 5367 607 5419 etiam
642 5362 891 5435 dispersi
932 5365 1066 5433 fuga
1096 5365 1346 5419 salutem
1382 5362 1720 5435 quaesivere.
1756 5361 1829 5417 Ut
1876 5369 2071 5418 autem

422 5453 752 5508 occisorum
787 5453 1230 5508 multitudinem
1264 5453 1521 5509 hostium
1553 5452 1888 5507 testimonio
1932 5469 2070 5510 con-

421 5544 748 5613 firmamus,
782 5540 1079 5598 Ismaelita
1110 5542 1348 5613 quidam
1379 5541 1476 5612 qui
1509 5541 1559 5595 ei
1621 5558 1829 5612 pugnae
1888 5542 2068 5598 inter-

425 5632 627 5703 fuerat,
651 5634 724 5689 ad
756 5632 1165 5705 imperatorem
1214 5630 1517 5701 profugus,
1578 5646 1677 5700 per
1732 5646 1896 5685 suam
1942 5631 2069 5687 reli-

424 5722 658 5795 gionem
674 5721 887 5796 juravit
920 5737 983 5777 se
1012 5720 1293 5777 ducentos
1324 5717 1546 5791 argenti
1579 5722 1821 5775 statores
1852 5718 2064 5789 pollin-

2195 5001 2289 5062 τὰς
2318 5005 2425 5055 τῶν
2476 5003 2669 5071 κήπων
2745 4999 3082 5062 ὑπεισιόντας
3158 4998 3417 5070 αἱμασιὰς
3456 4995 3547 5051 καὶ
3625 4995 3703 5056 ὡς
3757 4990 3835 5070 ἀφ’

2195 5088 2542 5165 ὁρμητηρίου
2596 5088 2744 5151 τινὸς
2798 5087 2993 5144 ἐκεῖθεν
3048 5087 3366 5158 τοξεύοντας
3421 5081 3549 5140 τάδε
3599 5079 3835 5137 ἐποίουν*

2191 5177 2279 5234 ἐπὶ
2336 5180 2399 5233 τὸ
2454 5177 2655 5233 οἰκεῖον
2716 5173 2913 5253 ὄχημα
2975 5182 3086 5233 τῶν
3144 5176 3355 5232 ἱππέων
3405 5170 3635 5234 ἕκαστος
3684 5169 3841 5239 πεζὸν

2191 5262 2514 5324 ἐπανέλαϐεν
2575 5265 2834 5339 ὁπλίτην,
2888 5265 2979 5322 καὶ
3036 5266 3266 5327 τούτους
3323 5263 3398 5327 ὡς
3438 5261 3528 5318 διά
3562 5256 3842 5337 βαθμίδων

2185 5365 2291 5417 τῶν
2345 5359 2534 5417 ’ίππων
2592 5357 2792 5416 ἄνωθεν
2837 5364 2943 5414 τῶν
3016 5352 3327 5434 περιϐόλων
3401 5356 3643 5429 θέμενοι,
3720 5346 3847 5413 ἔνθα

2185 5451 2236 5506 οἱ
2350 5453 2589 5526 Τοῦρκοι
2666 5449 3181 5523 συνεπειρᾶθησαν,
3286 5444 3555 5522 διαφῆκαν
3634 5436 3847 5495 ἐνθένδε

2184 5542 2331 5617 σφίσι
2381 5540 2804 5614 συμπλέκεσθαι,
2864 5533 3202 5608 ἐπεϐοήθουν
3247 5533 3306 5591 δὲ
3333 5533 3425 5591 καὶ
3456 5530 3608 5589 αὐτοὶ
3652 5527 3704 5584 ἐν
3753 5528 3845 5588 οἷς

2179 5630 2297 5700 ἐξῆν
2359 5628 2760 5699 διιππάζεσθαι.
2822 5628 2921 5683 Καὶ
2990 5625 3149 5682 κακοὶ
3216 5626 3306 5681 καὶ
3362 5623 3487 5680 τότε
3542 5622 3724 5681 κακῶς
3786 5618 3841 5673 οἱ

2175 5717 2403 5782 πλείους
2460 5722 2567 5774 τῶν
2628 5717 2885 5794 Τούρκων
2943 5714 3258 5787 ἀπώλοντο,
3293 5714 3347 5770 οἳ
3376 5709 3433 5769 δὲ
3475 5712 3566 5768 καὶ
3597 5709 3840 5765 διασπα-
