4098 6292
297 466 414 527 781

1428 461 1528 523 DE
1572 460 1879 523 ISAACIO
1922 462 2233 525 ANGELO
2281 463 2429 524 LIB.
2472 464 2549 524 II.

3593 465 3713 528 782

304 600 489 672 ρέντες
551 596 846 667 ἐσώθησαν.
881 595 1003 652 Ἵνα
1056 591 1114 648 δὶ
1169 592 1259 648 καὶ
1309 597 1427 656 ταῖς
1460 593 1566 648 ἀπὸ
1597 598 1704 649 τῶν
1738 593 1950 669 ἐχθρῶν

2071 596 2327 653 ctoribus
2369 612 2732 663 numerasse,
2796 601 2857 653 ut
2913 598 3193 655 cadavera
3250 613 3316 654 ex
3372 598 3526 657 548
3606 615 3710 658 suo

309 688 635 764 μαρτυρίαις
692 685 753 740 τὸ
811 682 1027 751 πλῆθος
1084 684 1487 755 πιστωσώμεθα
1518 687 1622 737 τῶν
1655 685 1957 756 πεσόντων,

305 774 506 851 ἔφασκέ
560 796 647 838 τις
704 770 1061 848 Ἰσμαηλίτης
1116 772 1174 834 ὅς
1229 777 1308 844 τῷ
1364 770 1598 845 πολέμῳ
1641 772 1823 845 τούτῳ
1852 793 1957 827 πα-

312 867 692 943 ρατετυχηκει,
732 868 810 936 τῷ
870 861 1088 938 βασιλεῖ
1142 862 1432 936 προσρυεὶς
1486 860 1802 933 Ῥωμαίων,
1856 862 1956 930 τήν

310 955 506 1011 οἰκείαν
584 952 963 1026 ἐπομνύμενος
1038 951 1351 1026 θρησκείαν,
1427 946 1739 1013 διακοσίους
1795 949 1960 1025 ἀργυ-

307 1044 460 1120 ρέους
517 1040 839 1106 καταθέσθαι
899 1047 1168 1115 στατῆρας
1228 1038 1306 1100 εἷς
1361 1037 1641 1112 ἓκκόμισιν
1694 1042 1809 1093 ’τῶν
1875 1059 1961 1120 νεῖ

304 1136 449 1208 κρῶν
479 1131 533 1186 οἳ
582 1131 721 1186 κατά
775 1130 865 1185 τὸν
916 1135 1095 1199 κῆπον
1154 1127 1318 1182 αὐτοῦ
1376 1127 1778 1207 ἀπεσφάγησαν.
1813 1128 1879 1184 Οἱ
1912 1111 1960 1182 δ’

300 1219 606 1293 Ἀλαμανοὶ
663 1219 727 1273 τὸ
787 1217 1011 1274 Ἰκόνιον
1064 1215 1433 1291 κατασχόντες
1491 1217 1687 1271 τούτου
1747 1217 1842 1288 μὲν
1878 1214 1959 1270 έν-

298 1310 391 1372 τὸς
424 1309 524 1364 οὐκ
552 1306 848 1377 εἰσέδυσαν,
906 1307 1043 1362 κατὰ
1095 1303 1153 1360 δὲ
1202 1307 1304 1376 τήν
1357 1303 1459 1375 ἔξω
1517 1303 1828 1380 λεγομένην
1860 1305 1959 1359 πό·-

303 1398 389 1455 λιν
421 1397 786 1469 ηὐλίσθησαν,
843 1398 1045 1460 ἄνωθεν
1100 1396 1210 1451 τῶν
1272 1393 1542 1469 δωμάτων
1581 1395 1676 1456 τὰς
1725 1392 1955 1456 αὐλαίας

299 1487 624 1560 πηξάμενοι.
682 1486 786 1542 Καὶ
850 1483 1018 1558 μηδὲν
1070 1483 1251 1554 ἓτερον
1312 1484 1396 1539 ὅτι
1456 1484 1531 1557 μή
1585 1484 1651 1538 τὰ
1709 1486 1847 1558 πρὸς
1893 1484 1956 1539 τὸ

300 1582 398 1652 ζῇν
475 1574 760 1648 ἐπιτήδεια
832 1577 922 1632 καὶ
1000 1575 1137 1649 μόνα
1229 1575 1428 1632 ἐκεῖθεν
1506 1574 1954 1648 ένσκευασάμενοι

297 1671 395 1723 τοῦ
423 1668 615 1741 πρόσω
666 1665 907 1742 εἴχοντο.
971 1666 1120 1721 Κατὰ
1179 1662 1236 1719 δὲ
1287 1665 1388 1733 τήν
1449 1659 1705 1718 ἀνάϐασιν
1748 1663 1952 1732 ταύτην

298 1755 516 1831 λέγεταί
573 1776 695 1811 τινα
751 1754 1061 1829 Ἀλαμανὸν
1146 1753 1420 1826 πελώριον
1486 1754 1546 1808 τὸ
1606 1757 1792 1826 σῶμα,
1848 1754 1948 1822 τήν

298 1845 460 1924 ἰσχὺν
518 1842 932 1920 ἀπαράμιλλον,
984 1841 1091 1900 τῶν
1151 1841 1450 1923 ὁμοφύλων
1531 1841 1620 1898 ἐπὶ
1694 1844 1950 1898 πλεῖστον

297 1935 717 2009 ἀπολειφθῆναι,
774 1933 864 1988 καὶ
907 2019 923 2029 ‘
962 1934 1053 1987 τὸν
1117 1933 1211 2006 μέν
1270 1933 1574 2029 ἀνειμένοις
1616 1929 1949 2029 ,στέλλεσθαι
1980 1964 2026 2029 Β

298 2024 482 2093 ποσὶν,
541 2021 602 2077 ἐκ
653 2026 751 2078 τοῦ
828 2019 1059 2097 χάλινοῦ
1131 2022 1221 2076 τὸν
1301 2020 1465 2075 ίππον
1542 2017 1833 2097 ἐφέλκοντα
1879 2023 1948 2094 τῇ

298 2112 595 2188 ὁδοιπορίᾳ
622 2111 958 2184 κεκμηκότα,
990 2115 1095 2165 τῶν
1148 2107 1194 2168 δ’
1242 2108 1293 2179 EE
1335 2110 1570 2184 Ἰσμαὴλ
1597 2111 1947 2185 ἀθροισθῆναι

297 2202 425 2275 περὶ
473 2202 636 2257 αὐτὸν
697 2200 829 2275 ὑπὲρ
885 2198 1015 2261 τοὺς
1074 2191 1427 2271 πεντήκοντα,
1484 2199 1802 2273 κρατίστους
1835 2194 1948 2272 ἅμα

287 2291 497 2354 πάντας
553 2292 644 2346 καὶ
674 2291 770 2353 τὰς
831 2289 1033 2351 οῗκείας
1088 2290 1263 2359 τάξεις
1319 2287 1716 2352 ἀπολιπόντας.
1749 2289 1815 2346 Οἱ
1850 2290 1945 2362 μὲν

289 2382 381 2438 οὖν
415 2383 490 2445 ὡς
525 2381 577 2444 ές
610 2380 884 2436 κύκλωσιν
935 2378 1094 2435 αὐτὸν
1154 2376 1501 2455 διειληφότες
1548 2378 1947 2455 περιετόξευον,

291 2475 320 2529 ὁ
348 2471 404 2528 δὲ
433 2477 515 2545 τῷ
544 2471 692 2548 εύρεῖ
737 2472 884 2526 σάκει
935 2469 1268 2543 σκεπόμενος
1344 2470 1435 2525 καὶ
1490 2473 1559 2543 τῇ
1615 2473 1723 2524 τῶν
1756 2467 1945 2525 ὅπλων

290 2561 505 2637 θαῤῥῶν
564 2562 921 2637 στεγανότητι
979 2560 1231 2637 γεγηθὼς
1290 2558 1600 2635 ἐπορεύετο,
1658 2559 1944 2622 ἀτίνακτος

290 2653 429 2708 κατά
503 2656 696 2726 πρῶνα
768 2649 805 2721 ἤ
881 2645 1161 2725 πρόϐολον
1232 2654 1354 2712 τοῖς
1428 2653 1526 2705 τοῦ
1600 2644 1944 2723 Βαρϐαρικοῦ

291 2741 502 2796 ἐκείνου
551 2739 826 2815 ξυλλόγου
889 2739 1139 2815 βλήμασι
1192 2739 1282 2795 καὶ
1330 2736 1402 2792 ὢν
1461 2737 1551 2793 καὶ
1611 2735 1941 2810 δεικνύμενα·

294 2834 385 2892 Ὠς
441 2828 487 2883 δ’
545 2829 760 2885 ἐκείνων
800 2848 883 2889 τις
939 2827 1177 2904 γενναῖόν
1236 2849 1292 2882 τι
1351 2824 1567 2903 δράσειν
1629 2827 1765 2901 ὑπὲρ
1815 2824 1942 2887 τοὺς

298 2919 505 2980 ἄλλους
558 2917 1025 2996 ἐπαγγειλάμενος
1084 2918 1309 2982 ἀπέθετο
1385 2917 1480 2989 μὲν
1538 2916 1600 2970 τὸ
1655 2916 1810 2988 τόξον
1868 2915 1942 2976 ὡς

301 3007 404 3063 οὐκ
459 3007 738 3080 ὀνήσιμον,
799 3008 898 3077 τὴν
959 3004 1003 3062 δ’
1061 3005 1311 3081 ἐπιμήκη
1376 3005 1647 3081 μάχαιραν
1695 3002 1940 3079 ἐξερύσας

296 3097 390 3151 καὶ
464 3096 554 3151 τὸν
601 3093 767 3153 ’ίππον
844 3096 897 3159 ές
970 3093 1177 3170 δρόμον
1234 3093 1376 3157 ἀνεὶς
1432 3093 1795 3173 ἀγχωμάλως
1850 3093 1943 3149 καὶ

290 3185 528 3248 ἐνώπιος
555 3183 776 3259 ἐνωπὶῳ
826 3189 906 3257 τῷ
960 3182 1260 3258 Ἀλαμανῷ
1315 3178 1611 3239 ἒπεϐάλετο
1646 3182 1940 3258 μάχεσθαι,

285 3276 451 3338 αὐτὸς
514 3276 611 3348 μὲν
669 3274 767 3330 ὅσα
822 3274 914 3330 καὶ
971 3274 1274 3349 ἀκρώρειαν
1325 3274 1487 3349 ὃρους
1550 3272 1586 3342 ἤ
1655 3269 1942 3349 ἀνδριάντα

288 3364 531 3442 χάλκεον
562 3358 715 3420 ἔπαιε
769 3365 860 3420 τὸν
919 3361 1254 3436 Ἀλαμανὸν,
1311 3363 1339 3416 ὁ
1398 3359 1458 3417 δὲ
1504 3361 1568 3417 τὸ
1614 3361 1767 3441 ξίφος
1799 3383 1936 3418 σπαο

2064 690 2341 745 duntaxat
2362 689 2529 745 horto
2561 690 2849 745 efferrent.
2883 689 3193 746 Alemanni
3227 706 3354 748 vero
3383 693 3577 749 Iconio
3610 708 3711 764 po-

2064 778 2157 834 titi
2187 778 2391 834 urbem
2422 779 2645 849 ingredi
2676 779 3011 846 noluerunt,
3042 779 3141 835 sed
3173 780 3232 834 in
3265 781 3429 837 tectis
3449 781 3712 838 suburbii

2066 867 2194 923 lixis
2242 868 2649 939 tabernaculis,
2709 885 2814 926 nec
2861 868 2977 926 ulla
3024 885 3083 926 re
3135 869 3250 925 alia
3280 870 3389 925 nisi
3418 872 3487 926 ad
3531 875 3710 929 vitam

2067 959 2342 1014 tuendam
2376 957 2716 1027 necessariis
2747 960 2884 1015 inde
2913 956 3127 1027 ablata,
3155 962 3408 1031 coeptum
3435 960 3547 1016 iter
3575 968 3711 1017 sunt

2066 1046 2381 1118 prosecuti.
2418 1048 2483 1103 In
2528 1047 2634 1102 hac
2663 1047 3025 1120 eXpeditione
3082 1049 3272 1105 ferunt
3317 1048 3709 1106 Alemannum

2064 1137 2375 1206 quemdam
2406 1152 2643 1208 corpore
2694 1136 2913 1208 ingenti
2942 1144 2996 1194 et
3022 1137 3225 1193 robore
3256 1136 3468 1195 invicto
3510 1139 3710 1210 praedi-

2064 1231 2210 1293 tum,
2252 1226 2554 1297 populares
2611 1242 2748 1284 suos
2780 1227 2947 1299 longo
2969 1227 3267 1284 intervallo
3298 1232 3583 1295 secutum,
3615 1246 3707 1301 pe-

2062 1314 2338 1370 detentim
2394 1314 2725 1381 incessisse,
2756 1331 2966 1387 equum
3018 1316 3339 1375 trahentem
3398 1333 3467 1375 ex
3498 1318 3708 1375 itinere

2060 1402 2391 1474 fatigatum.
2450 1402 2772 1459 Ismaelitas
2829 1419 2958 1461 vero
2988 1404 3215 1461 circiter
3262 1406 3703 1480 quinquaginta,

2061 1491 2210 1547 viros
2241 1491 2604 1561 fortissimos,
2654 1493 2778 1549 suis
2809 1492 3156 1550 stationibus
3212 1500 3485 1567 evagatos
3542 1497 3706 1554 illum

2063 1581 2314 1650 undique
2345 1581 2571 1652 sagittis
2616 1580 2869 1651 petiisse.
2901 1582 3177 1639 Caeterum
3210 1600 3339 1641 eum
3375 1587 3492 1642 lato
3542 1593 3705 1644 scuto

2061 1673 2275 1725 tectum
2308 1677 2360 1726 et
2392 1670 2662 1726 firmitate
2713 1671 2961 1727 thoracis
3015 1673 3218 1728 fretum
3269 1673 3516 1732 alacrem
3575 1694 3702 1749 per-

2060 1762 2295 1827 rexisse,
2329 1759 2511 1814 nihilo
2560 1762 2745 1831 magis
2775 1761 3154 1818 Barbarorum
3188 1762 3320 1820 telis
3349 1772 3703 1825 commotum

2058 1863 2226 1919 quam
2258 1847 2308 1903 si
2333 1864 2501 1919 rupes
2557 1853 2730 1904 esset.
2763 1848 2954 1904 Unum
2993 1856 3184 1907 autem
3217 1855 3437 1910 cateris
3478 1855 3703 1926 jactan-

2058 1937 2279 2007 tiorem,
2335 1936 2556 2007 abjecto
2612 1936 2803 1993 inutili
2825 1954 2987 2006 arcu,
3019 1940 3253 2011 longum
3302 1958 3499 1999 ensem
3529 1946 3701 2002 strin-

2058 2025 2232 2092 xisse,
2264 2032 2319 2082 et
2349 2026 2639 2082 concitato
2667 2042 2817 2097 equo
2847 2028 3113 2085 cominus
3143 2028 3310 2086 illam
3346 2039 3404 2087 ut
3434 2049 3703 2103 promon-

2059 2117 2273 2180 torium
2327 2123 2425 2172 aut
2455 2132 2659 2173 aeream
2707 2116 3039 2174 columnam
3091 2118 3280 2190 gladio
3326 2126 3701 2192 percussisse,

2056 2208 2443 2264 Alemannum
2491 2222 2625 2263 vero
2681 2205 2894 2278 gladio,
2950 2209 3050 2280 qui
3106 2208 3392 2266 heroicam
3443 2212 3701 2270 dextram

2056 2298 2302 2363 deceret,
2352 2295 2551 2351 ambos
2597 2295 2909 2352 anteriores
2954 2297 3125 2366 pedes
3156 2297 3381 2354 hostilis
3410 2303 3544 2371 equi
3574 2306 3702 2358 tan-

2058 2401 2225 2455 quam
2278 2383 2433 2439 544
2473 2384 2691 2439 fmnum
2723 2388 3072 2455 amputasse.
3104 2385 3211 2450 Qui
3241 2403 3370 2444 cum
3403 2388 3462 2444 in
3492 2405 3702 2462 .genua

2055 2474 2359 2544 prolapsus
2392 2472 2775 2528 nihilominus
2804 2488 3084 2530 sessorem
3117 2476 3177 2531 in
3209 2476 3349 2533 sella
3373 2478 3698 2551 sustineret,

2055 2578 2249 2619 ensem
2282 2562 2340 2618 in
2373 2561 2623 2618 medium
2674 2565 2859 2617 Persae
2907 2567 3081 2633 caput
3127 2563 3206 2620 ita
3253 2566 3582 2639 impegisse,
3638 2573 3701 2625 ut

2053 2650 2241 2724 equite
2269 2650 2329 2706 in
2359 2651 2499 2706 duas
2547 2653 2741 2719 partes
2769 2650 3018 2707 dissecto
3057 2652 3229 2709 etiam
3278 2653 3526 2723 iumenti
3577 2661 3696 2713 ter-

2055 2756 2213 2813 gum,
2268 2738 2407 2796 sella
2481 2755 2706 2810 quoque
2762 2739 3035 2807 dissecta,
3091 2742 3439 2801 vulneraret.
3506 2749 3698 2818 quue

2052 2828 2375 2900 spectaculo
2429 2827 2632 2884 Persas
2664 2827 2936 2885 attonitos
2984 2845 3104 2886 non
3141 2831 3390 2903 amplius
3434 2849 3564 2891 esse
3594 2850 3695 2892 au-

2052 2934 2149 2974 sos
2182 2932 2359 2973 unum
2388 2931 2521 2973 eum
2572 2914 2868 2987 lacessere,
2930 2917 3028 2989 qui
3056 2918 3204 2975 nihil
3261 2922 3573 2980 accelerate
3602 2925 3700 2981 iti-

2051 3023 2188 3065 nere
2240 3004 2586 3078 pedetentim
2628 3006 2851 3078 vesperi
2902 3007 2963 3065 in
3011 3013 3197 3066 castra
3244 3026 3476 3069 suorum
3506 3030 3699 3085 perve-

2049 3097 2222 3155 nerit.
2252 3096 2433 3152 Aiunt
2488 3095 2837 3162 Ismaelitas,
2895 3098 3105 3169 veritos
3134 3115 3207 3157 ne
3236 3117 3334 3157 rex
3387 3103 3448 3159 in
3477 3104 3699 3163 ditione

2051 3188 2328 3259 ipsorum,
2391 3190 2451 3242 ut
2510 3199 2651 3256 quos
2682 3184 3005 3256 devicisset,
3066 3195 3407 3261 moreretur,
3456 3193 3701 3251 simula-

2054 3276 2209 3331 tione
2239 3273 2611 3345 benignitatie
2667 3289 2800 3331 eum
2832 3275 2943 3333 sibi
2974 3277 3200 3348 placare
3245 3280 3517 3340 voluisse.
3552 3284 3699 3341 Eum

2051 3379 2184 3422 vero
2212 3378 2514 3435 procerum
2574 3362 2708 3419 ﬁliis
2742 3364 3039 3423 obsidibus
3066 3368 3317 3441 acceptis
3347 3378 3401 3428 et
3430 3372 3701 3444 plurimis

285 3456 526 3529 σάμινος
581 3452 785 3528 παχείᾳ
835 3452 925 3507 καὶ
983 3454 1201 3527 ἡρωϊκῇ
1262 3453 1409 3527 χειρὶ
1469 3450 1628 3527 βριθὺ
1676 3449 1769 3507 καὶ
1802 3449 1943 3528 μέγα

2059 3454 2319 3511 itinerum
2371 3452 2616 3511 ducibus
2642 3452 2977 3523 assumptis,
3008 3451 3085 3508 ita
3115 3453 3261 3509 fines
3299 3470 3501 3512 corum
3539 3472 3706 3529 spe-

284 3545 377 3602 καὶ
436 3538 694 3617 στιϐαρὸν
751 3539 986 3612 πλήττει
1042 3541 1134 3596 τὸν
1192 3541 1363 3596 ἳππον
1420 3538 1768 3619 ἔπιδοχμίως
1816 3539 1941 3614 περὶ

2059 3559 2227 3600 rasse.
2272 3541 2441 3599 Paulo
2484 3557 2613 3599 vero
2645 3549 2793 3612 post,
2826 3555 2959 3597 cum
3003 3541 3283 3598 Armenia:
3315 3542 3461 3600 ﬁnes
3489 3545 3704 3615 attigis-

288 3633 419 3696 τοὺς
471 3629 669 3703 πόδας,
726 3632 814 3686 καὶ
870 3631 1035 3708 ἄμφω
1092 3629 1219 3694 τοὺς
1275 3628 1643 3706 ἐμπροσθίους
1698 3630 1773 3693 ὡς
1825 3626 1943 3684 οὐδ’

2059 3639 2158 3698 set,
2185 3647 2302 3687 non
2334 3645 2548 3702 paucos
2579 3629 2741 3687 exiis
2769 3628 3161 3698 obtruncasse,
3195 3637 3430 3687 ceteros
3461 3631 3700 3688 domum

287 3725 465 3799 ἀγροῦ
495 3743 580 3784 τις
612 3721 814 3800 χόρτον
870 3719 1156 3793 ἀπέτεμεν.
1210 3720 1300 3782 Ὠς
1351 3716 1397 3773 δ’
1452 3718 1542 3775 ἐπὶ
1572 3718 1704 3795 γόνυ
1734 3719 1942 3781 κλιθεὶς
2054 3721 2360 3779 remisisse.

291 3813 321 3869 ὁ
374 3810 548 3874 ’ίππος
599 3806 680 3866 ἔτι
753 3810 845 3866 τὸν
903 3805 1181 3880 ἀναϐάτην
1257 3806 1596 3884 ἆρειδόμενον
1668 3809 1791 3885 εἶχε
1844 3812 1915 3883 τῇ
1987 3806 2285 3887 ἔφεστρίδι,
2342 3806 2577 3870 ἔκτείνας
2635 3808 2662 3862 ὁ
2704 3803 3014 3879 Ἀλαμανὸς
3087 3807 3177 3860 τὸν
3240 3806 3511 3882 βραχίονα
3564 3808 3701 3864 κατὰ

289 3902 465 3977 μέσης
518 3903 615 3970 τῆς
692 3904 789 3955 τοῦ
850 3899 1058 3974 Πέρσου
1131 3898 1335 3974 κόρσης
1391 3900 1491 3970 τὴν
1569 3899 1778 3970 σπάθην
1850 3900 2190 3975 κατήνεγκεν.
2250 3898 2313 3953 Ἡ
2372 3894 2428 3952 δὲ
2489 3898 2567 3969 τῇ
2619 3894 2792 3968 οἰκείᾳ
2843 3915 2902 3950 τε
2954 3895 3238 3967 ἀντιτυπία
3308 3897 3401 3950 καὶ
3459 3900 3527 3970 τῇ
3601 3901 3703 3952 τοῦ

295 3989 594 4066 φέροντος
632 3989 969 4063 γενναιότητι
1046 3988 1221 4050 οὕτως
1295 3986 1721 4061 ἀξιοθαύμαστον
1778 3988 2067 4066 εἰργάσατο
2121 3988 2221 4056 τὴν
2273 3987 2451 4059 τομὴν
2529 3985 2604 4045 ὡς
2682 3985 2767 4039 τὸν
2846 3984 2941 4056 μέν
3013 3983 3292 4059 πληγέντα
3367 3981 3703 4060 διαιρεθῆναι

287 4079 438 4150 δικῆ,
496 4083 677 4141 κακῶς
736 4076 793 4134 δε
850 4079 941 4133 καὶ
996 4079 1087 4134 τὸν
1140 4078 1313 4133 ἳππον
1369 4075 1423 4140 ές
1467 4079 1558 4133 τὸν
1613 4082 1783 4134 νῶτον
1841 4083 2029 4142 παθεῖν
2090 4074 2415 4139 διαπτάντος
2469 4075 2570 4144 τῆν
2625 4068 2900 4148 ἀστράϐην
2938 4078 3035 4128 τοῦ
3082 4072 3438 4151 πλήγματος,
3487 4077 3617 4141 τοὺς
3648 4073 3705 4132 δέ

290 4169 526 4232 λοιποὺς
588 4170 795 4244 Πέρσας
854 4165 990 4241 πρὸς
1048 4170 1149 4236 τὴν
1204 4165 1468 4236 τοιαύτην
1531 4169 1652 4230 θέαν
1707 4165 2147 4244 καταπλαγέντας
2210 4163 2405 4238 μηκέτι
2474 4163 2851 4239 αποθαρῥῆσαι
2907 4161 3000 4216 τὸν
3062 4165 3181 4236 μεθ’
3238 4164 3355 4226 ἐνὸς
3430 4162 3704 4239 πόλεμον.

285 4260 389 4314 Καὶ
426 4258 477 4312 οἱ
511 4258 606 4330 μὲν
638 4256 832 4327 οὕτως,
893 4257 921 4310 ὁ
982 4253 1039 4309 δὲ
1096 4255 1172 4318 ὡς
1232 4253 1371 4310 λέων
1432 4254 1707 4319 πεποιθὼς
1745 4259 1814 4328 τῇ
1871 4253 2046 4326 οἴκείᾳ
2090 4253 2251 4329 ῥώμῃ
2302 4252 2402 4307 ούκ
2440 4251 2673 4307 ἐπέτεινε
2701 4251 2802 4320 τῆν
2832 4253 3079 4325 πορείαν,
3113 4250 3259 4307 ἄλλά
3294 4249 3467 4325 βαδην
3501 4253 3704 4311 ὁδεύων

286 4348 414 4423 περὶ
476 4346 634 4420 ὀψίαν
710 4350 832 4408 τοῖς
911 4344 1195 4421 ὁμογενέσι
1254 4345 1577 4419 προσέμιξεν
1634 4341 1758 4399 ἔνθα
1832 4342 2147 4414 ηὐλίσαντο.
2226 4343 2363 4397 Φασὶ
2425 4338 2471 4396 δ’
2529 4341 2603 4403 ὡς
2681 4340 2733 4395 οἱ
2788 4339 2840 4410 ἐξ
2916 4339 3149 4414 Ἰσμαήλ
3228 4341 3573 4417 ὑφορώμενοι
3627 4348 3703 4417 μή

290 4457 412 4497 πως
474 4435 552 4498 εἷς
623 4438 721 4503 τήν
782 4435 962 4490 αὐτῶν
1041 4434 1226 4508 χώραν
1287 4432 1373 4502 εἷή
1453 4435 1709 4509 χρονίσας
1768 4433 1798 4488 ὁ
2030 4434 2106 4497 ὡς
2177 4429 2287 4502 ἤδη
2349 4428 2759 4491 καταπαλαίσας
2819 4435 2974 4505 σφᾶς,
3026 4427 3429 4503 σιλοφροσύνην
3461 4431 3515 4493 ἐς
3544 4432 3705 4487 αὐτὸν

296 4524 688 4598 προσποιητὴν
745 4522 1112 4596 ένδειξάμενοι
1181 4524 1266 4597 [Ρ.
1327 4526 1453 4596 266]
1529 4520 1712 4592 ἔδοξάν
1769 4542 1886 4585 πως
1943 4522 2102 4578 αὐτὸν
2169 4518 2571 4594 ἐκμειλίξασθαι
2646 4519 2810 4574 οὕτω·
2870 4520 2961 4573 τὸν
3020 4516 3078 4572 δὶ
3142 4517 3328 4591 ὅμηρα
3394 4524 3502 4574 τῶν
3567 4517 3709 4598 μέγα

297 4611 431 4685 παρ’
462 4610 644 4675 αὐτοῖς
684 4610 992 4687 δυναμένων
1023 4613 1150 4676 τοὺς
1181 4611 1379 4677 παῖδας
1440 4610 1724 4687 δεξάμενον
1783 4612 1874 4667 καὶ
1930 4611 2209 4688 ἡγεμόνας
2268 4607 2397 4665 ὁδοῦ
2453 4604 2900 4684 προσλαϐόμενον
2955 4607 3247 4670 πλείστους
3276 4609 3345 4663 τὰ
3373 4608 3550 4664 αὐτῶν
3583 4609 3710 4685 ὅρια

296 4702 475 4762 οὕτως
508 4698 851 4777 ὑπερϐαλεῖν,
887 4700 1067 4778 ὀλίγῳ
1099 4700 1156 4757 δὲ
1186 4701 1406 4777 ὕστερον
1436 4708 1536 4772 τῆς
1587 4701 1879 4778 Ἀρμενίας
1939 4701 2216 4777 ἁψάμενον
2276 4698 2338 4754 ού
2390 4700 2616 4775 βραχεῖς
2648 4697 2709 4752 ἐκ
2735 4696 2943 4753 τούτων
2977 4694 3159 4752 δοῦναι
3191 4702 3269 4770 τῷ
3298 4697 3459 4776 ξίφει,
3492 4700 3621 4763 τούς
3650 4697 3708 4754 δὶ

297 4790 534 4852 λοιποὺς
564 4793 887 4869 ἀποπέμψαι
911 4793 1105 4851 ὀπίσω.

364 4883 436 4954 η’.
497 4882 821 4956 Φιλοτίμως
881 4880 939 4937 δὲ
1001 4883 1104 4937 ὑπὸ
1160 4887 1269 4937 τῶν
1345 4879 1650 4959 Ἀρμενίων
1715 4878 1947 4954 προσδε-

2126 4883 2181 4937 8.
2232 4881 2317 4936 Ab
2374 4880 2663 4937 Armeniis
2719 4881 3037 4941 honoriﬁce
3092 4887 3416 4953 susceptus,
3476 4891 3531 4939 et
3586 4883 3710 4941 dies

290 4973 471 5048 χθεὶς,
545 4972 634 5027 καὶ
712 4972 913 5047 συχνὰς
988 4972 1157 5027 ἐκεῖσε
1231 4974 1443 5049 ἡμέρας
1500 4969 1950 5047 προσδιατρίψας,

291 5062 345 5123 ές
387 5063 490 5130 τῆς
539 5064 838 5141 Ἀντιόχου
894 5061 1056 5117 πόλιν
1113 5060 1347 5138 ὥρμητο
1411 5065 1776 5136 μεταχωρεῖν,
1814 5061 1954 5133 μέγα

291 5149 379 5206 ἀεὶ
449 5144 928 5226 περιϐαλλόμενος
987 5148 1160 5224 ὄνομα
1214 5151 1302 5205 ἐπὶ
1354 5171 1411 5205 τε
1469 5149 1671 5204 συνέσει
1726 5150 1817 5204 καὶ
1872 5153 1954 5222 τῷ

292 5240 713 5315 ἀκαταμαχήτῳ
774 5236 1135 5312 στρατεύματι
1190 5239 1279 5292 καὶ
1349 5235 1518 5313 μηδὲν
1577 5231 1722 5312 ἔχων
1785 5237 1953 5291 ὑπαν-

292 5329 477 5398 τιάζον
520 5327 813 5401 πολέμιον.
871 5325 1170 5399 Γενόμενος
1229 5322 1287 5380 δὲ
1335 5328 1472 5381 κατά
1526 5347 1646 5380 τινα
1705 5325 1953 5398 ποταμὸν

293 5413 363 5491 (ὤ
422 5420 527 5472 τῶν
592 5417 727 5491 ὑπὲρ
790 5414 946 5485 δόξαν
997 5413 1088 5468 καὶ
1143 5415 1391 5470 ἀέλπτων
1451 5414 1865 5488 περιπτώσεων,
1917 5414 1953 5482 ἢ

297 5504 514 5578 μᾶλλον
571 5505 744 5560 εἰπεῖν
801 5506 909 5558 τῶν
964 5501 1259 5580 ἀνεφίκτων
1320 5503 1630 5577 ἀνθρώποις
1674 5502 1953 5577 κριμάτων

293 5598 434 5650 Θεοῦ
458 5596 495 5668 Ι)
524 5599 642 5657 ταῖς
668 5599 780 5650 τῶν
840 5589 1049 5645 ὑδάτων
1110 5588 1279 5653 δίναις
1337 5589 1777 5668 ἒναποπνίγεται,
1818 5591 1955 5667 ἀνὴρ

295 5682 388 5739 διὰ
447 5687 676 5758 μνήμης
735 5680 955 5757 ἄγεσθαι
1014 5682 1225 5757 ἀγαθῆς
1280 5703 1339 5737 τε
1402 5681 1492 5736 καὶ
1554 5678 1839 5751 διηνεκοῦς
1868 5682 1957 5737 καὶ

258 5760 261 5763 ’
299 5771 695 5849 μακαρίζεσθαι
728 5768 954 5829 δικαίως
980 5771 1076 5823 τοῦ
1105 5766 1299 5832 τέλους
1329 5769 1477 5844 παρά
1501 5773 1620 5830 τοῖς
1664 5767 1955 5846 ἐχέφροσιν

2060 4971 2391 5044 complures
2436 4970 2515 5026 ibi
2545 4974 2950 5043 commoratus,
2984 4973 3350 5031 Antiochiam
3382 4974 3466 5031 ire
3497 4974 3558 5030 in
3589 4975 3712 5032 ani-

2063 5078 2156 5118 mo
2188 5060 2410 5129 habuit,
2439 5068 2778 5131 augescente
2806 5059 2865 5116 in
2897 5061 3020 5119 dies
3040 5063 3166 5134 ejus
3183 5062 3365 5134 gloria
3392 5070 3447 5119 et
3477 5063 3713 5120 nomine

2063 5150 2351 5206 illustrato
2410 5158 2531 5204 tum
2588 5149 2660 5204 ob
2715 5150 3082 5220 prudentiam
3141 5158 3264 5207 tum
3298 5159 3526 5225 propter
3572 5152 3715 5209 invi-

2064 5249 2216 5297 ctum
2271 5238 2421 5296 546
2483 5238 2824 5307 exercitum,
2893 5240 3055 5296 nullo
3113 5240 3279 5298 hoste
3352 5250 3711 5298 occurrente.

2063 5328 2205 5383 Cum
2261 5333 2448 5382 autem
2483 5327 2553 5381 ad
2606 5325 2843 5382 ﬂuvium
2894 5329 3196 5400 quemdam
3255 5330 3611 5401 pervenisset
3656 5332 3715 5402 (ο

2063 5417 2386 5488 insperatos
2416 5420 2473 5470 et
2501 5414 2833 5485 inepinatos
2876 5433 3065 5486 casus,
3099 5418 3185 5473 vel
3218 5419 3408 5490 potius
3453 5418 3717 5489 inexplo-

2066 5509 2191 5561 rata
2252 5503 2581 5560 hominibus
2630 5504 2730 5560 Dei
2764 5506 3011 5580 judicia)
3067 5508 3385 5563 verticibus
3438 5523 3716 5579 aquarum

2065 5594 2398 5661 suffocatur,
2450 5592 2539 5647 vir
2596 5592 2839 5650 honesta
2867 5601 2924 5651 et
2971 5600 3245 5667 perpetua
3296 5595 3568 5652 memoria
3624 5594 3717 5650 di-

2067 5697 2239 5753 gnus,
2273 5689 2325 5734 et
2367 5680 2586 5750 judicio
2629 5684 2975 5753 prudentum
3006 5683 3092 5738 vel
3149 5682 3209 5737 in
3236 5680 3337 5737 tali
3366 5681 3521 5737 obitu
3555 5681 3715 5763 felix,

2070 5785 2189 5826 non
2218 5786 2284 5827 eo
2314 5771 2536 5825 tantum
2593 5772 2746 5841 quod
2798 5770 2980 5827 nobili
3029 5776 3190 5825 ortus
3242 5783 3453 5839 genere
3496 5769 3717 5824 avitum
