4098 6292
439 387 562 448 783

439 489 459 542 i

443 607 652 679 potius,
689 606 838 678 quod
871 605 1016 661 ultra
1073 621 1274 660 omnes
1301 607 1562 662 omnium
1616 605 1868 678 gentium
1928 605 2092 661 Chri-

444 697 758 753 stianarum
817 694 1113 766 principes
1189 693 1405 753 Christi
1463 695 1748 752 desiderio
1825 697 2092 766 ﬂagrans,

443 787 646 858 patria,
709 783 932 840 deliciis
991 783 1178 855 regiis,
1238 783 1672 856 tranquillitate,
1731 786 1904 841 beata
1935 783 2092 840 domi

443 873 804 946 superbaque
859 889 992 931 cum
1022 873 1380 930 charissimis
1405 875 1519 930 vita
1550 875 1864 946 despectis,
1896 889 2092 930 earum-

445 981 610 1020 mnas
667 964 905 1020 tolerare
954 963 1184 1032 maluit,
1237 971 1290 1019 et
1321 969 1556 1036 propter
1613 963 1826 1020 Christi
1883 979 2091 1020 nomen

445 1060 501 1112 et
521 1053 710 1110 vitalis
769 1053 1020 1125 sepulcri
1059 1053 1484 1110 venerationem
1516 1058 1743 1110 exteras
1774 1061 1956 1109 terras
1987 1069 2090 1124 pa-

445 1143 568 1199 triae
618 1143 886 1214 praetulit,
941 1143 1013 1198 ab
1060 1157 1126 1198 eo
1156 1141 1426 1198 instituto
1457 1159 1573 1198 non
1604 1147 1690 1198 tot
1727 1141 2090 1215 parasangis,

442 1249 558 1288 non
593 1239 726 1300 tam_
778 1231 1094 1303 longinquo
1125 1238 1180 1286 et
1210 1230 1423 1302 ubique
1453 1229 1678 1288 difficili
1711 1231 1940 1302 itinere,
1973 1246 2090 1286 non

441 1323 738 1395 periculis,
770 1338 896 1394 qua
943 1339 974 1377 a
1004 1321 1272 1394 gentibus
1329 1338 1431 1392 per
1469 1338 1712 1394 quarum
1763 1321 2090 1394 provincias

443 1413 858 1468 transeundum
931 1419 1046 1467 erat
1118 1409 1521 1480 imminebant,
1573 1411 1898 1468 deterritus.
1963 1409 2090 1468 Non

439 1517 602 1572 aquas
657 1499 918 1570 penuria,
990 1515 1107 1556 non
1171 1500 1488 1570 praefinitus
1552 1501 1716 1573 isque
1779 1501 2090 1572 empticius

442 1595 632 1663 panis,
665 1595 721 1647 et
755 1590 970 1646 alicubi
1023 1590 1355 1658 insldiosus,
1409 1607 1538 1646 eum
1571 1591 1642 1647 ab
1688 1593 1956 1648 instituto
2001 1591 2088 1647 di-

443 1681 634 1737 movit.
659 1685 786 1738 Non
835 1679 1148 1736 liberorum
1195 1679 1499 1751 amplexus
1542 1695 1673 1736 cum
1724 1680 1992 1751 lacrymis
2037 1688 2091 1736 et

441 1775 705 1826 extremas
754 1769 1130 1826 salutationes
1180 1769 1438 1824 animum
1498 1769 1626 1839 ejus
1654 1772 2092 1827 commoverunt

1761 382 2074 446 NICETIE
2113 383 2534 448 (ΞΗΟΝΙΑΤΑΞ

465 515 755 590 mperium
810 515 870 571 in
900 513 1110 571 multas
1141 519 1337 587 gentes
1367 515 1636 585 obtinuit,
1690 517 1788 573 sed
1844 517 1916 573 ob
1950 515 2084 572 illud

2207 513 2377 588 ἄξιος,
2411 518 2472 572 ού
2507 518 2670 591 μόνον
2702 518 2788 574 ’ὁτι
2843 538 2944 594 περ
3001 520 3058 574 εὗ
3108 517 3228 595 εἶχε
3282 518 3474 594 γένους
3501 517 3593 576 καὶ
3623 516 3850 574 πολλῶν

3733 390 3852 450 784

2202 605 2262 662 ἐκ
2289 609 2563 684 τριγονίας
2620 617 2898 686 κατῆρχεν
2954 609 3144 680 έθνῶν,
3204 608 3334 666 ἀλλ’
3389 609 3473 666 ὅτι
3525 611 3617 665 καί
3647 615 3729 684 τῷ
3756 614 3852 665 τοῦ

2204 700 2446 772 Χριστοῦ
2497 699 2654 771 πόθῳ
2715 699 3059 774 πυρούμενος
3112 699 3244 776 ὑπὲρ
3318 699 3448 764 τοῦς
3502 695 3852 769 ὁπουδήποτε

2197 789 2307 840 τῶν
2361 787 2485 842 τότε
2543 793 2878 862 Χριστιανῶν
2971 788 3396 864 αὐτοκράτορας,
3465 786 3702 863 πατρίδα
3761 787 3850 843 καὶ

2203 872 2410 949 χλιδὴν
2447 875 2723 952 βασίλειον
2782 876 2874 932 καὶ
2931 876 3242 934 ἀνάπαυλαν
3291 877 3382 932 καὶ
3411 878 3502 933 τὸν
3537 874 3681 933 οἴκοι
3715 877 3848 950 μετὰ

2198 968 2314 1019 πῶν
2348 962 2622 1040 φιλτάτων
2655 961 2823 1022 ὄλϐον
2854 965 2946 1022 καί
2981 967 3074 1022 τὸν
3125 966 3467 1045 ὑπερήφανον
3513 966 3698 1042 βίοτον
3744 985 3849 1021 πα-

2199 1056 2536 1129 ρωσάμενος,
2592 1053 2768 1110 εἳλετο
2827 1059 3317 1132 συγκακουχεῖσθαι
3373 1059 3490 1117 τοῖς
3545 1055 3682 1110 κατὰ
3731 1061 3846 1111 Πα-

2198 1141 2482 1214 λαιστίνην
2512 1146 2882 1217 Χριπιανοῖς,
2940 1145 3074 1219 ὑπὲρ
3131 1147 3230 1199 τοῦ
3285 1143 3557 1218 ὀνόματος
3587 1147 3686 1199 τοῦ
3716 1144 3848 1216 Χρι-

2199 1235 2328 1286 στοῦ
2384 1232 2475 1286 καὶ
2533 1239 2633 1302 τῆς
2687 1237 2783 1288 τοῦ
2861 1233 3225 1308 ζωοπαρόχου
3276 1232 3446 1312 τάφου
3496 1239 3692 1306 τιμῆς,
3749 1231 3846 1300 τὴν

2199 1317 2498 1396 ἀλλοτρίαν
2553 1327 2654 1391 τῆς
2712 1321 2916 1386 οἰκείας
2991 1322 3308 1398 προκρίνας,
3387 1319 3518 1397 μηδ’
3566 1319 3851 1397 ὑποχαλα-

2199 1410 2342 1476 σθεῖς
2373 1417 2474 1480 τῆς
2530 1413 2710 1486 ὁρμῆς
2765 1417 2882 1474 τοῖς
2941 1411 3314 1488 παρασάγγαις
3356 1418 3458 1482 τῆς
3490 1409 3730 1486 δολιχῆς
3761 1410 3849 1465 καὶ

2197 1497 2375 1570 πάσης
2415 1499 2686 1576 ἀργαλέας
2718 1497 2846 1555 ὁδοῦ
2896 1501 2984 1556 καὶ
3045 1506 3162 1564 τοῖς
3219 1498 3281 1556 ἔκ
3333 1505 3442 1556 τῶν
3471 1498 3639 1565 ἐθνῶν
3666 1497 3850 1554 κινδύ-

2197 1609 2311 1650 νοις
2371 1585 2442 1643 δι⁹
2499 1590 2574 1644 ὧν
2628 1591 2996 1666 παρέρχεσθαι
3055 1587 3329 1664 ἤμελλεν.
3385 1587 3525 1648 Ούδέ
3574 1589 3637 1644 τὸ
3669 1589 3850 1644 στενὸν

2199 1675 2348 1754 ὕδωρ
2422 1679 2512 1734 καὶ
2574 1680 2602 1734 6
2664 1681 2932 1753 μετρητὸς
2989 1680 3176 1756 ἀρτὸς,
3231 1679 3321 1735 καὶ
3397 1679 3557 1741 οὗτος
3616 1678 3849 1748 ὠνητὸς,

2199 1765 2424 1842 ἐνιαχοῦ
2482 1764 2540 1823 δὲ
2594 1769 2683 1823 καὶ
2741 1763 3060 1840 ἐπίϐουλος,
3136 1768 3444 1844 ἐξέκρουσεν
3517 1767 3679 1822 αὐτὸν
3751 1772 3852 1836 τῆς

440 1864 540 1916 aut
569 1859 977 1915 effeminarunt
1006 1875 1019 1912 :
1053 1859 1153 1914 sed
1197 1857 1383 1928 potius
1435 1858 1614 1914 instar
1642 1857 1802 1914 Pauli
1845 1857 2084 1930 apostoli

2198 1856 2530 1931 προθέσεως.
2590 1855 2730 1914 Οὐδὲ
2785 1856 2986 1912 τέκνων
3039 1857 3360 1933 περιχύσεις
3415 1857 3507 1912 καὶ
3555 1851 3850 1930 περιϐολαί

437 1951 608 2005 vitam
646 1949 810 2020 parvi
859 1948 1014 2005 546
1069 1949 1358 2002 aestimans
1409 1946 1570 2014 abiit,
1630 1963 1748 2003 non
1806 1947 1976 2003 modo
2031 1953 2086 2002 ut

436 2037 778 2104 vinciretur,
811 2037 912 2091 sed
944 2037 1115 2092 etiam
1151 2039 1214 2090 ut
1239 2053 1340 2106 pro
1390 2035 1606 2091 Christi
1637 2036 1870 2092 nomine
1902 2052 2089 2092 more-

438 2135 612 2184 retur.
657 2127 814 2182 Adeo
865 2124 1212 2196 apostolicus
1268 2125 1377 2179 fuit
1432 2125 1592 2180 illius
1621 2125 1730 2181 viri
1770 2125 1957 2182 fervor
2033 2128 2090 2180 et

437 2215 781 2288 religiosum
805 2213 1151 2279 institutum,
1189 2213 1334 2268 nihil
1365 2229 1564 2269 eorum
1588 2214 1970 2271 sanctimonia
1997 2215 2089 2270 in-

434 2303 613 2360 ferius
665 2302 765 2375 qui
823 2306 986 2358 extra
1041 2317 1408 2358 communem
1465 2309 1681 2358 sortem
1741 2303 1915 2375 positi
1972 2309 2088 2359 tota

435 2392 802 2452 contentione
859 2392 1189 2450 animorum
1221 2391 1293 2447 ad
1351 2392 1478 2448 vitae
1529 2393 1808 2449 rationem
1847 2409 2086 2466 evange-

439 2485 562 2540 licts
605 2482 941 2541 celsitudini
979 2483 1426 2555 respondentem
1469 2485 1758 2551 feruntur,
1799 2487 1855 2538 ct
1912 2486 2087 2541 totius

437 2573 624 2630 astatis
653 2588 822 2629 cursu
855 2587 921 2628 eo
971 2572 1186 2628 directo
1243 2588 1334 2628 res
1395 2571 1677 2628 humanas
1720 2588 1824 2644 pro
1876 2580 2086 2631 sterco-

439 2664 603 2720 ribus
633 2663 1040 2735 despexerunt.
1071 2664 1150 2717 Ac
1198 2661 1247 2717 is
1279 2661 1534 2733 quidem,
1575 2670 1634 2717 ut
1683 2661 1825 2717 mihi
1865 2677 2090 2731 persua-

439 2769 568 2809 sum
600 2761 704 2819 est,
727 2751 972 2808 feliciter
1002 2755 1090 2807 est
1119 2750 1448 2807 defunctus.
1503 2750 1681 2806 Filius
1740 2755 1934 2806 autem
1965 2751 2089 2820 ejus

439 2851 678 2915 paterno
749 2841 1076 2914 principatu
1153 2844 1421 2911 suscepto
1484 2839 1850 2896 Antiochiam
1909 2842 2086 2897 venit.

437 2931 600 2988 Unde
631 2933 691 2986 in
733 2931 1062 2986 ulteriorem
1119 2929 1483 3002 Cnslesyriam
1543 2929 1828 2999 profectus
1884 2929 2087 2986 Laodi-

434 3037 596 3079 ceam
631 3021 916 3076 seditione
947 3017 1302 3075 laborantem
1353 3023 1409 3074 et
1436 3019 1506 3074 ad
1569 3017 1884 3074 Ismaelitas
1919 3018 2090 3074 incli-

437 3116 673 3168 nantem
753 3110 994 3181 pacavit.
1071 3113 1337 3180 Berytum
1397 3124 1625 3180 quoque
1693 3108 1851 3165 nullo
1896 3109 2090 3165 labora

433 3198 682 3270 subegit;
713 3207 884 3268 mque
911 3197 1040 3252 aliis
1072 3197 1341 3267 plurimis
1381 3198 1634 3270 Syriacis
1676 3198 1933 3266 urbibus,
1960 3213 2082 3266 quas

431 3287 655 3360 pridem
690 3287 900 3342 Latinis
934 3289 1268 3359 paruerunt,
1325 3291 1451 3342 tum
1483 3302 1618 3343 vero
1677 3287 1748 3342 ad
1811 3287 2082 3344 Sarrace-

433 3392 542 3433 nos
571 3376 918 3444 defecerant,
947 3374 1158 3446 potius,
1211 3383 1264 3431 et
1296 3375 1504 3446 Syrum
1561 3376 1855 3446 profectus
1903 3381 2084 3444 Acen,

2201 1947 2336 2021 μετᾶ
2384 1945 2630 2020 δακρύων
2669 1947 2761 2002 καὶ
2811 1947 3028 2003 ὕστατοι
3085 1947 3365 2020 ἀσπασμοί
3409 1947 3507 2015 τὴν
3553 1946 3717 2001 αύτοῦ
3746 1948 3852 2018 ψυ-

2195 2037 2304 2112 χὴν
2383 2035 2774 2113 συγκεχύκασιν
2923 2037 3268 2108 έξεθήλυναν·
3328 2035 3474 2092 ἀλλά
3546 2035 3684 2090 κατὰ
3753 2034 3848 2090 τὸν

2195 2123 2500 2181 ἀπόστολον
2562 2125 2780 2181 Παῦλον
2844 2127 2920 2199 μὴ
2981 2123 3125 2206 ἔχων
3185 2127 3286 2196 τήν
3345 2124 3511 2180 αὐτοῦ
3556 2124 3742 2200 ψυχὴν
3769 2143 3850 2177 τι-

2197 2215 2325 2286 μίαν
2380 2220 2505 2290 παρ’
2563 2214 2760 2286 ἐαυτῷ,
2815 2215 3100 2290 ἰπορεύετο
3162 2216 3238 2289 μὴ
3299 2213 3464 2288 μόνον
3516 2211 3849 2288 δησόμενος,

2192 2301 2340 2359 ἀλλὰ
2395 2304 2483 2358 καὶ
2546 2304 2986 2376 ἀποθανούμενος
3044 2305 3176 2379 ὑπὶρ
3245 2308 3342 2360 τοῦ
3409 2302 3680 2375 ὀνόματος
3757 2304 3852 2356 τοῦ

2194 2397 2454 2470 Χριστοῦ.
2513 2394 2704 2455 Οὕτως
2760 2393 3126 2456 ἀποστολικὸς
3157 2395 3223 2464 ἦν
3262 2398 3361 2450 τοῦ
3393 2390 3589 2470 ἀνδρὸς
3623 2393 3651 2448 6
3682 2393 3852 2463 ζῆλος

2193 2484 2284 2538 καὶ
2341 2481 2606 2560 θεοφιλὴς
2655 2485 2683 2538 6
2745 2485 2946 2547 σκοπὸς
2995 2483 3086 2539 καὶ
3137 2487 3246 2539 τῶν
3310 2481 3620 2558 ὑπερτελῶν
3662 2482 3725 2536 τὸ
3755 2503 3850 2536 κα-

2193 2573 2476 2646 τόρθωμα,
2536 2573 2588 2628 οἱ
2637 2573 2772 2648 πρὸς
2831 2575 2929 2643 τὴν
2991 2573 3190 2645 ἀνάντη
3241 2572 3524 2628 πολιτείαν
3553 2579 3654 2642 τῆς
3683 2572 3849 2648 εύαγυ

2192 2661 2418 2737 γελικῆς
2477 2663 2782 2738 ὑψηγορίας
2839 2661 2970 2718 ὅλον
3023 2664 3116 2719 τὸν
3173 2667 3300 2718 νοῦν
3357 2661 3723 2724 ἀνατείναντες
3753 2662 3847 2716 καὶ

2194 2752 2342 2826 πρὸς
2388 2752 2588 2822 ταύτην
2644 2753 2853 2823 ’ᾲπαντα
2922 2753 3013 2808 τὸν
3089 2749 3292 2828 δρόμον
3363 2753 3724 2812 συντείναντες
3779 2751 3844 2806 τὰ

2194 2843 2334 2897 κατᾶ
2386 2842 2479 2896 τὸν
2542 2841 2660 2918 βίον
2719 2840 3056 2912 ἁπαξαπλῶς
3111 2843 3185 2905 ὡς
3263 2835 3513 2897 σκύϐαλα
3577 2835 3836 2917 παρεϐλέ-

2195 2934 2383 3004 ψαντο.
2443 2930 2546 2986 Καὶ
2603 2930 2632 2984 6
2695 2931 2813 3004 μὲν,
2873 2931 2948 2992 ὡς
3005 2929 3238 3004 ἐμαυτὸν
3283 2931 3478 3003 πείθω,
3515 2931 3845 3004 μακαριστοῦ

2191 3019 2463 3095 τετύχηκε
2491 3018 2705 3082 τέλους·
2739 3019 2768 3074 6
2801 3016 2848 3074 δ’
2878 3017 3085 3075 ἐκείνου
3149 3020 3266 3082 υἱὸς
3317 3019 3418 3088 τήν
3459 3019 3722 3094 πατρῴαν
3752 3019 3850 3090 ἀρ-

2194 3109 2399 3186 χηγίαν
2435 3107 2723 3184 δεξάμενος
2767 3110 2868 3179 τὴν
2917 3109 3256 3184 Ἀντιόχειαν
3300 3107 3680 3181 εἰσελήλυθεν,
3713 3107 3852 3164 έκεῖ-

2195 3209 2284 3263 θεν
2314 3196 2360 3252 δ’
2391 3198 2688 3276 ἀφιγμένος
2740 3197 2816 3260 εἷς
2875 3199 2972 3268 τήν
3031 3197 3364 3274 προσωτέρω
3406 3197 3620 3269 Κοίλην
3654 3196 3849 3272 Συρίαν

2195 3286 2516 3344 Λαοδίκειαν
2573 3291 2944 3360 κατεστήσατο
3007 3291 3128 3345 καθ’
3195 3289 3392 3359 ἑαυτήν
3459 3290 3850 3359 στασιάζουσαν

2188 3379 2278 3434 καὶ
2336 3379 2472 3453 πρὸς
2525 3377 2653 3441 τοὺς
2707 3377 2760 3449 ἒξ
2818 3377 3050 3452 Ἰσμαήλ
3107 3377 3570 3456 μεταρῥέπουσαν,
3601 3377 3693 3434 καὶ
3736 3385 3851 3448 Βη-

433 3481 603 3537 quam
637 3465 944 3520 lsmaelitaa
987 3473 1361 3535 occuparant,
1419 3465 1680 3534 obsedit;
1713 3469 1769 3522 et
1827 3464 2084 3536 pluribus

2192 3469 2348 3543 ρυτὸν
2409 3463 2561 3540 πόνῳ
2617 3464 2797 3522 οὐδενὶ
2853 3469 3255 3542 παρεστήσατο,
3311 3466 3403 3522 καὶ
3462 3465 3642 3530 ἄλλας
3681 3465 3850 3522 πλεί-

435 3554 728 3612 laboribus
759 3570 862 3628 pro
893 3553 1104 3610 Christi
1139 3553 1371 3609 nomine
1429 3553 1728 3610 exhaustis
1771 3559 2084 3611 extremum

2192 3578 2318 3620 στας
2396 3557 2668 3632 Συριακὰς
2747 3557 3063 3632 ὑπηγάγετο
3121 3555 3336 3625 πόλεις,
3414 3557 3667 3619 Λατίνοις
3745 3556 3842 3628 μὶν

437 3651 492 3700 et
514 3646 638 3717 ipse
667 3645 816 3700 diem
858 3643 939 3698 ibi
999 3642 1224 3698 clausit.
1287 3642 1582 3700 Exercitus
1639 3659 1770 3700 vero
1829 3644 2084 3716 reliquus

2195 3645 2470 3716 ὑπηκόους
2528 3645 2811 3720 πρότερον,
2867 3646 2991 3702 τότε
3049 3643 3106 3700 δὲ
3157 3644 3682 3721 προσκεχωρηκυίας
3728 3649 3846 3697 Σα-

440 3755 557 3796 non
579 3737 910 3797 consultum
942 3736 1102 3792 duxit
1130 3740 1281 3792 terra
1337 3737 1573 3791 domum
1626 3735 1858 3802 reverti,
1907 3735 2083 3805 perﬁ-

2192 3739 2474 3809 ρᾱκηνοῖς.
2537 3732 2719 3790 Ἀλλὰ
2775 3733 2864 3790 καὶ
2921 3733 3057 3790 κατὰ
3112 3734 3211 3802 τὴν
3279 3733 3451 3810 Τύρον
3512 3732 3841 3808 ἀφιγμένος,

435 3830 542 3886 ἀίω
574 3839 727 3886 metu
750 3843 944 3886 earum
1002 3826 1258 3898 gentium
1313 3841 1414 3897 per
1460 3842 1606 3898 quas
1663 3826 2079 3882 transeundum

2192 3824 2278 3878 καὶ
2347 3821 2726 3899 πολιορκήσας
2790 3823 2854 3878 τὸ
2916 3827 3054 3882 "Axs
3118 3823 3222 3878 ὕπὸ
3289 3827 3394 3880 τῶν
3463 3818 3838 3894 Ἰσμαηλιτῶν

433 3927 590 3976 erat:
627 3920 724 3975 sed
781 3917 1044 3974 rotundis
1100 3917 1346 3972 navibus
1420 3915 1782 3988 popularium
1841 3931 2080 3972 suorum

2192 3914 2276 3987 [P.
2308 3915 2434 3986 267]
2483 3913 2880 3988 κατεχόμενον,
2927 3913 3018 3968 καὶ
3067 3915 3309 3989 μογήσας
3359 3913 3440 3987 ἐφ’
3486 3912 3670 3968 ἱκανὸν
3705 3911 3840 3986 ὑπὲρ

429 4026 559 4082 quae
579 4009 795 4080 Tyrum
855 4007 1201 4079 appulerant
1247 4005 1606 4072 conscensis,
1659 4005 1982 4061 incolumes
2006 4004 2076 4062 ad

2192 4007 2285 4058 τοῦ
2317 4002 2586 4078 ὀνόματος
2617 4005 2712 4056 τοῦ
2741 4005 2974 4078 Χριστοῦ
3021 4003 3109 4058 καὶ
3171 4001 3331 4064 αὐτὸς
3363 4001 3534 4058 ἐκεῖσε
3555 4002 3657 4071 τὴν
3691 4002 3838 4072 ζωήν

430 4114 568 4154 suos
598 4097 918 4152 redierunt.

2192 4089 2540 4148 καταλέλυκε.
2572 4091 2648 4148 Τὸ
2681 4088 2739 4146 δὲ
2766 4090 3111 4169 περιλειφθὲν
3143 4095 3240 4146 τοῦ
3281 4091 3684 4166 στρατεύματος
3716 4087 3844 4145 ούκ-

429 4185 506 4240 ἐτι
539 4181 630 4240 διὰ
651 4190 754 4253 τῆς
784 4183 1016 4258 ἠπείρου
1075 4179 1256 4237 θέσθαι
1311 4182 1410 4252 τήν
1467 4177 1732 4236 ἐπάνοδον
1788 4177 2128 4254 ἐδοκίμασεν,
2189 4179 2438 4236 ἀπιστίαν
2495 4181 2832 4257 κατεγνωγὸς
2870 4185 2978 4236 τῶν
3028 4178 3195 4236 ἐθνῶν
3253 4179 3323 4235 δι’
3380 4181 3456 4235 ῶν
3504 4176 3842 4256 παρώδευσι.

425 4283 641 4338 πλοίων
671 4279 718 4336 δ’
747 4281 1054 4356 εὐπορῆσαν
1114 4277 1498 4356 στρογγύλων,
1548 4279 1682 4354 ἅπερ
1741 4280 1876 4348 ἦσαν
1928 4277 1988 4334 έκ
2041 4282 2150 4334 τῶν
2211 4275 2511 4360 ὁμοφύλων
2553 4277 2739 4342 αὐτοῖς
2786 4277 2955 4354 γένῶν
2989 4277 3066 4339 εἷς
3097 4277 3276 4352 Τύρον
3316 4279 3670 4353 καταίροντα,
3726 4281 3840 4340 τοῖς

431 4380 616 4441 οἳκαδε
642 4383 996 4453 ἀνασώζεται.
2657 4431 2668 4437 .

499 4476 618 4532 Ηοο
660 4481 918 4548 tempore
971 4490 1086 4530 non
1139 4472 1446 4529 Alemanni
1489 4471 1766 4526 duntaxat
1813 4470 2078 4527 Sarrace-

2257 4470 2351 4542 Τῷ
2423 4472 2600 4545 καιρῷ
2675 4464 2734 4523 δὲ
2803 4467 2983 4540 τούτῷ
3041 4467 3103 4523 οὐ
3167 4467 3328 4542 μόνον
3366 4466 3836 4542 Ἀλαμανοὶκατὰ

427 4567 519 4624 nis
553 4565 648 4633 qui
685 4563 1040 4622 Palaestinam
1093 4561 1244 4619 547
1299 4564 1657 4630 occuparant
1711 4569 1764 4614 et
1813 4559 2078 4615 Hieroso-

424 4658 582 4726 lyma
609 4660 919 4718 vastarent,
950 4668 1112 4708 arma
1155 4650 1510 4706 intulerunt:
1573 4648 1673 4704 sed
1720 4653 1778 4705 et
1824 4647 2075 4704 Francia

424 4763 544 4810 rex,
608 4751 664 4801 et
740 4742 1235 4811 bipenniferorum
1305 4739 1710 4796 Britannorum
1779 4737 2074 4810 princeps,

425 4849 568 4902 quos
601 4848 754 4888 nunc
791 4831 1042 4903 lnglinos
1093 4837 1318 4901 vocant,
1387 4827 1656 4900 plurimis
1710 4827 1956 4882 navibus
2005 4842 2074 4881 ex

425 4919 620 4974 Sicilia
649 4923 705 4975 et
736 4935 833 4973 ora
864 4918 1037 4974 Italia:
1072 4918 1360 4972 maritima
1391 4920 1602 4972 Coactis
1653 4921 1710 4971 et
1749 4926 2075 4971 commeatu

426 5010 903 5075 oneratisTyrum
955 5007 1262 5078 petierunt.
1297 5006 1439 5061 Nam
1501 5021 1564 5060 ea
1614 5007 1754 5058 urbs
1813 5011 2076 5075 receptus

427 5111 624 5152 eorum
650 5099 706 5152 et
727 5097 888 5167 quasi
927 5094 1058 5149 belli
1120 5112 1214 5150 arx
1264 5101 1388 5150 erat
1439 5107 1636 5148 contra
1695 5093 2073 5162 Sarracenos;

427 5201 572 5258 quos
601 5200 734 5239 cum
774 5201 878 5239 nec
910 5183 1023 5255 ipsi
1049 5185 1187 5239 urbe
1226 5190 1427 5238 sancta
1461 5183 1672 5254 pellere
1697 5191 1952 5254 possent,
1985 5183 2076 5237 inv

426 5275 596 5330 factis
629 5273 800 5330 rebus
821 5273 1055 5329 domum
1117 5273 1428 5330 redierunt.
1480 5278 1764 5329 Caeterum
1809 5271 2074 5334 Inglino-

427 5380 552 5419 rum
582 5378 674 5417 rex
712 5363 768 5417 in
800 5361 900 5416 illo
934 5361 1136 5417 itinere
1165 5365 1416 5432 Cyprum
1469 5361 1785 5431 occupavit,
1836 5361 2078 5432 ejusque

425 5451 728 5510 dominum
784 5468 848 5508 ac
882 5450 1070 5523 potius
1110 5451 1492 5506 inhumanum
1551 5459 1606 5506 et
1643 5449 2074 5522 implacabilem

401 5552 739 5618 'lyrannum
764 5541 1048 5596 Isaacium
1071 5540 1432 5596 Comnenum
1461 5539 1744 5610 principio
1768 5539 1826 5594 in
1849 5541 2078 5598 vincula

425 5628 695 5703 conjecit,
743 5634 802 5686 et
855 5621 1032 5701 paulo
1091 5632 1222 5700 post
1261 5625 1561 5684 hominem
1603 5627 1886 5684 nefarium
1943 5629 2078 5686 inde

425 5720 744 5782 abductum
776 5717 1009 5778 cuidam
1043 5733 1145 5775 suo
1175 5712 1442 5790 populari
1480 5731 1583 5790 pro
1633 5715 1918 5788 mancipio
1963 5718 2076 5776 do-

2183 4562 2290 4613 τῶν
2318 4559 2416 4628 τήν
2472 4556 2840 4628 Παλαιστίνην
2899 4558 3282 4633 κατασχόντων
3339 4557 3432 4612 καὶ
3485 4561 3586 4628 τὴν
3641 4559 3835 4634 Ἰερου-

2184 4645 2377 4718 σαλὴμ
2471 4644 2919 4722 ἔκπορθησάντων
3035 4649 3367 4720 Σαρακηνῶν
3469 4645 3826 4724 ἐστράτευσαν,

2185 4733 2332 4790 ἀλλά
2373 4735 2463 4789 καὶ
2494 4735 2522 4789 ὁ
2710 4735 2989 4812 Φραγγίας
3045 4736 3136 4791 καὶ
3195 4736 3222 4791 ὁ
3279 4739 3390 4790 τῶν
3448 4733 3816 4813 πελεκυφόρων

2186 4822 2242 4878 δὲ
2271 4825 2563 4903 κατάρχων
2598 4827 2938 4900 Βρεττανῶν,
2997 4823 3088 4888 οῦς
3143 4829 3236 4880 νῦν
3295 4845 3454 4902 φασιν
3507 4823 3822 4902 Ἰγγλίνους.

2183 4919 2312 4976 ναῦς
2373 4912 2458 4968 ὅτι
2514 4911 2773 4977 πλείστας
2829 4913 2890 4968 ἐκ
2947 4913 3204 4979 Σικελίας
3261 4913 3352 4968 καὶ
3410 4920 3514 4984 τῆς
3567 4913 3705 4969 κατὰ
3739 4912 3830 4980 τὴν

2183 5001 2416 5058 Ἰταλίαν
2449 5002 2682 5077 ἠπείρου
2738 5001 3062 5079 ἀγείραντες,
3141 5003 3292 5059 σίτου
3365 5023 3424 5058 τε
3497 5001 3664 5063 αύτᾶς
3740 4999 3837 5071 ἒμ-

2183 5091 2528 5164 πλησάμενοι
2587 5091 2674 5146 καὶ
2741 5095 2849 5146 τῶν
2919 5089 3106 5148 ἄλλων
3170 5090 3498 5163 ἐπιτηδείων
3558 5091 3638 5152 εἷς
3667 5092 3837 5162 Τύρον

2185 5179 2466 5236 ἔπλευσαν
2527 5179 2728 5252 ταύτην
2787 5181 2894 5258 γὰρ
2947 5182 3046 5249 τήν
3103 5170 3266 5237 πόλιν
3307 5183 3456 5256 εἶχον
3503 5182 3552 5236 oi
3584 5176 3850 5252 ἀθροιζό-

2188 5291 2342 5344 μενοι
2400 5268 2738 5344 ναύσταθμον
2801 5271 2890 5326 καὶ
2950 5270 3087 5347 πρὸς
3151 5271 3242 5326 τὸν
3305 5271 3444 5326 κατά
3508 5269 3842 5340 Σαρακηνῶν

2182 5360 2431 5436 πόλεμον
2491 5347 2856 5438 ὁρμητήριον.
2937 5361 3090 5431 Πλὴν
3147 5358 3261 5416 οὐδ’
3315 5361 3470 5416 οὗτοι
3526 5364 3627 5429 τῆς
3689 5355 3846 5431 ἁγίας

2182 5448 2401 5512 πόλεως
2476 5447 2724 5522 ἐξελάσαι
2799 5449 3029 5527 ἷ’σχυσαν
3103 5451 3230 5513 τοὺς
3286 5449 3662 5528 Σαρακηνοὺς,
3711 5443 3850 5501 ἀλλ’

2185 5539 2470 5596 ἀτέλεστον
2530 5538 2809 5615 ἀφεικότες
2865 5539 2897 5594 6'
2953 5539 3244 5616 προέθεντο
3319 5539 3502 5616 ἔργον,
3557 5541 3655 5594 τοῦ
3705 5534 3853 5610 πρὸς

2182 5631 2277 5692 τὰς
2345 5625 2606 5704 πατρίδας
2659 5627 2828 5686 πάλιν
2885 5631 3098 5704 ἥψαντο
3148 5627 3314 5688 πλοῦ.
3373 5630 3434 5686 Ὁ
3493 5625 3552 5684 δὶ
3617 5647 3678 5703 γε
3735 5627 3853 5680 τῶν

2187 5715 2470 5795 Ἰγγλίνων
2677 5717 2730 5774 ἂν
2786 5723 2856 5796 τῇ
2914 5719 3172 5798 ἀναγωγῇ
3228 5718 3465 5798 κατάρας
3515 5715 3594 5782 εἷς
3623 5715 3857 5799 Κύπρον
