4098 6292
318 360 435 423 785

1449 354 1550 415 DE
1593 352 1903 417 ISAAGIO
1947 353 2265 417 ANGELO
2308 353 2456 415 LIB.
2503 354 2611 415 III.

3619 357 3739 419 786

326 492 496 561 αὖτῆς
550 511 609 545 τε
666 485 950 560 ἒκράτησε,
1005 484 1096 542 καὶ
1152 486 1245 542 τὸν
1320 484 1523 555 ταύτης
1607 485 1886 561 τύραννον,
1940 484 1976 554 ἤ

2096 486 2273 542 navit.
2308 487 2414 541 Sed
2449 503 2583 557 oum
2633 486 2690 541 in
2751 486 3121 547 Palaestinam
3180 489 3499 561 navigaret,
3533 490 3735 549 relicto

330 579 550 655 μᾶλλον
595 578 785 641 εἷπεῖν,
845 575 1210 651 ἀπάνθρωπον
1267 574 1357 630 καὶ
1417 572 1801 645 δυσμείλικτον
1856 575 1985 628 ὁκο-

330 671 580 743 θρευτὴν,
628 666 888 723 Ἰσαάιιιίιν
933 667 1021 720 τὸν
1083 663 1369 737 Κομνηνὸν
1421 659 1712 718 συλλαϐὼν
1763 663 1830 720 τὰ
1885 664 1980 736 μὲν

329 762 522 831 πρῶτα
573 757 719 830 εἶχεν
777 755 827 809 ἐν
885 752 1126 826 δεσμοῖς,
1186 751 1485 829 μικρῷηδὲ
1541 752 1763 827 ὕστερον
1842 751 1983 807 ἐκεῖ-

331 849 417 903 θεν
479 843 760 904 ἐκτοπίσας
815 842 906 897 τὸν
962 840 1250 916 ἀλιτήριον
1309 842 1408 896 ὅσα
1478 841 1568 895 καὶ
1646 838 1982 916 ἀνδράποδόν

328 956 437 990 τινι
488 938 592 989 τῶν
639 931 1016 1009 ὁμογλώττων
1072 930 1468 1005 ἀπεχαρίσατο.
1524 930 1624 987 Καὶ
1672 930 1831 991 αὐτὸς
1883 932 1978 1003 μὲν

326 1026 405 1087 εἷς
438 1020 811 1092 Παλαιστίνην
858 1018 1244 1085 κατέπλευσεν,
1290 1018 1344 1074 ἐν
1396 1017 1454 1074 δὲ
1500 1024 1568 1094 τῇ
1627 1020 1832 1093 Κύπρῳ
1880 1040 1975 1074 κα-

321 1112 580 1186 ταλείψας
657 1110 964 1184 στράτευμα
1038 1109 1114 1171 ὡς
1192 1107 1393 1171 οἰκείας
1468 1107 1575 1178 ἤδη
1651 1112 1751 1174 τῆς
1808 1111 1976 1179 νήσου

324 1204 686 1269 ἀντεποιεῖτο,
718 1199 809 1254 καὶ
863 1196 1108 1254 στέλΑων
1160 1197 1237 1258 εἷς
1284 1199 1383 1267 τὴν
1438 1203 1603 1266 νῆσον
1656 1203 1787 1266 νῆας
1838 1217 1975 1275 φορ-

2096 577 2155 629 in
2186 579 2367 647 Cypro
2400 577 2654 630 exercitu
2715 579 2964 631 Insulam
3026 579 3136 633 Sibi
3171 579 3507 644 vindicavit,
3540 595 3587 635 et
3640 599 3733 636 na-

2095 664 2260 718 vibus
2291 681 2574 719 onerariis
2607 684 2671 719 eu
2696 665 2889 719 missis
2925 668 3247 721 necessaria
3282 668 3412 721 inde
3445 670 3737 725 aii'erenda

2092 756 2351 809 curabat.
2387 755 2467 809 Ex
2502 756 2810 811 Palestina
2841 758 3150 813 discemus
3185 760 3430 812 insulam
3492 778 3592 830 pro
3625 779 3733 817 sua

2090 844 2621 915 Hierosolymitano
2655 861 2770 915 regi
2805 846 3062 905 donavit.
3099 854 3162 901 ut
3194 849 3271 901 Ibi
3305 850 3525 904 amisso
3559 867 3733 920 regno

2091 932 2407 998 habitaret,
2462 933 2594 987 belli
2675 936 2958 988 molestiis
3041 935 3341 1007 liberatus,
3428 944 3485 992 et
3551 942 3733 1010 Cypro

2089 1021 2402 1091 imperaret
2435 1028 2497 1076 ut
2526 1041 2555 1075 a
2586 1038 2649 1077 se
2680 1023 2982 1078 Dominico
3040 1025 3306 1095 sepulcro
3355 1028 3648 1082 attributae
3677 1032 3737 1083 et

2090 1126 2225 1165 cum
2260 1110 2579 1167 Palaestinas
2610 1111 2829 1168 ﬁnibus
2891 1114 3234 1184 conjunctis.
3269 1116 3379 1171 Sed
3413 1116 3537 1172 haec
3587 1116 3735 1173 hac-

2088 1203 2182 1255 ten
2193 1216 2282 1255 us.

315 1289 605 1368 ταγωγοὺς
659 1290 727 1344 τὰ
783 1288 919 1361 πρὸς
974 1287 1038 1343 τὸ
1097 1289 1194 1357 ζῆν
1256 1286 1452 1341 ἐκεῖθεν
1515 1284 1859 1364 ἐφορολόγει.
1922 1287 2007 1343 Ἐν
2068 1283 2126 1340 δὲ
2181 1290 2262 1359 τῷ
2321 1285 2673 1360 μεθίστασθαι
2729 1294 2829 1356 τῆς
2914 1287 3279 1361 Παλαιστίνης
3337 1292 3412 1356 ὡς
3469 1293 3723 1370 σφετέραν

318 1381 635 1457 ἐδωρήσατο
677 1378 868 1455 χώραν
915 1379 1015 1448 τήν
1063 1376 1285 1451 Κύπρον
1330 1381 1411 1447 τῷ
1459 1381 1566 1432 τῶν
1599 1376 1993 1451 Ἱεροσολύμων
2070 1378 2307 1450 ἡγήτορι
2381 1376 2535 1453 ρηγὶ,
2605 1376 2697 1433 ’ίνα
2769 1380 2865 1443 τὰς
2941 1379 3143 1443 οἰκείας
3219 1388 3436 1437 ποιοῖτο
3516 1380 3732 1457 διατρι-

317 1468 416 1533 ϐὰς
476 1471 666 1538 ἐκεῖσε,
720 1466 1021 1542 ἐκεχείρίαν
1077 1465 1196 1540 ἄγω
1254 1464 1314 1521 ἐκ
1366 1463 1472 1520 τῶν
1528 1464 1796 1540 πολέμων
1858 1467 1947 1520 οἷα
2001 1466 2099 1535 τήν
2162 1464 2367 1520 οἰκείαν
2422 1468 2601 1541 ἀρχὴν
2655 1462 3097 1539 ἀποϐαλόμενος,
3154 1470 3242 1524 καὶ
3303 1472 3554 1549 κατάρχῃ
3631 1478 3732 1541 τῆς

314 1559 574 1634 Κυπρίων
649 1556 724 1620 ὡς
799 1556 888 1609 ὑπ’
960 1554 1166 1609 ἐκείνου
1239 1559 1316 1626 τῷ
1392 1559 1644 1628 Κυριακῷ
1717 1552 2243 1630 προσκληρωθιίσης
2322 1557 2567 1628 μνήματι
2643 1555 2732 1611 καὶ
2808 1557 3166 1634 συναφθείσης
3240 1566 3357 1623 τοῖς
3432 1570 3532 1633 τῆς
3612 1569 3724 1619 [ια.

318 1648 602 1717 λαιστίνης
633 1644 913 1720 ὁρίσμασι.
956 1642 1055 1701 Καὶ
1082 1646 1252 1699 ταῦτα
1284 1644 1377 1717 μὶν
1412 1643 1638 1699 ούτωσί.

1711 1954 2141 2051 ΤΟΜΟΣ
2221 1955 2291 2049 Γ

1283 2174 1420 2228 ΤΗΣ
1460 2172 1843 2228 ΒΑΣΙΛΕΙΑΣ
1886 2171 2218 2225 ΙΣΑΔΚΙΟΥ
2256 2168 2391 2225 ΤΟΥ
2428 2170 2767 2228 ΑΓΓΕΛΟΥ.

1240 2449 1716 2548 IMPERII
1810 2448 2260 2543 ISAACII
2353 2449 2818 2545 ANGELI

1728 2658 1936 2714 LIBER
1975 2657 2270 2713 TERTIUS

392 3010 476 3084 [Ρ.
508 3010 633 3081 268]
672 3009 735 3064 α’.
812 3007 856 3064 Ο
917 3001 975 3058 δὶ
1036 2999 1302 3078 βασιλεὺς
1351 2998 1617 3060 Ἰσαάκιος
1676 2998 1769 3053 ἐπὶ
1821 2996 1967 3072 τρισὶ

2145 2998 2297 3054 548
2332 3000 2380 3054 1.
2414 2999 2674 3055 Isaacius
2705 3006 2891 3055 autem
2923 2998 3239 3079 imperator
3259 3000 3452 3057 tribus
3486 3017 3556 3057 ex
3585 3004 3718 3073 prio

310 3098 462 3153 παισὶ
495 3099 593 3167 τήν
622 3101 718 3152 τοῦ
768 3094 959 3172 γὲνους
1003 3091 1247 3148 σαλεύων
1302 3087 1594 3165 διαδοχὴν,
1649 3087 1703 3143 οἳ
1752 3086 1813 3143 ἐκ
1857 3091 1966 3142 τῶν

306 3185 588 3263 προτέρων
646 3184 796 3256 αύτῷ
879 3184 1073 3258 γάμων
1155 3180 1467 3256 γεγένηντο,
1527 3176 1646 3263 δυσὶ
1708 3179 1801 3251 μὶν
1860 3188 1989 3257 θη·-

312 3261 510 3345 λείαις,
542 3274 621 3331 ἐνὶ
653 3272 711 3329 δὲ
739 3273 944 3349 ἂῤῥενι,
977 3275 1087 3326 τῶν
1130 3272 1223 3342 μὶν
1278 3270 1377 3338 τὴν
1424 3261 1788 3342 πρεσϐυτέραν
1835 3265 1972 3321 κατὰ

309 3367 405 3423 τὸν
438 3366 637 3441 χρόνον
671 3363 746 3424 εἰς
779 3362 1030 3436 μοναγῆν
1056 3358 1306 3428 ἀπέταεε,
1354 3355 1443 3412 καὶ
1489 3356 1581 3411 τὸν
1629 3360 1725 3410 τοῦ
1775 3356 1969 3411 Ἰωαν-

308 3455 464 3526 νίτζη
510 3452 806 3530 λεγόμενον
857 3453 1010 3506 οἶκον
1069 3448 1145 3511 εἷς
1201 3452 1508 3522 γυναικεῖον
1573 3445 1972 3518 μετασκευάσας

313 3542 554 3604 πολλοῖς
604 3539 931 3613 ἀναλώμασι
988 3538 1401 3619 φροντιστήριον
1461 3538 1640 3608 (τοῦτο
1701 3530 1757 3587 δὲ
1814 3532 1969 3602 καὶὴ

320 3630 540 3708 βασιλὶς
605 3631 773 3699 Ξὲνην
822 3632 1001 3685 ποιεῖν
1066 3621 1362 3682 ἐπεϐάλετο
1431 3623 1568 3698 μετὰ
1637 3622 1806 3696 μόρον
1872 3624 1970 3676 τοῦ

315 3721 519 3791 ταύτης
550 3718 805 3792 ξυνεύνου
834 3717 923 3772 καὶ
978 3714 1250 3791 βασιλέως
1296 3716 1392 3768 τοῦ
1439 3708 1733 3784 Κομνηνοῦ
1779 3710 1971 3781 κυρίου

315 3810 606 3881 Μανουήλ)
648 3807 816 3877 αὐτὴν
846 3805 1017 3862 ἐκεῖσε
1062 3804 1138 3867 ὡς
1178 3800 1391 3876 ἀμνάδα
1444 3806 1525 3873 τῷ
1575 3804 1691 3872 Θεῷ
1739 3800 1969 3875 ίερώσας

313 3897 664 3976 ἐμάνδρευσε,
722 3897 946 3970 θατᾶραν
1006 3892 1066 3949 δὲ
1122 3892 1200 3955 είς
1259 3896 1486 3967 γυναῖκα
1540 3888 1794 3965 πέπομφε
1863 3909 1967 3961 γα-

316 3990 485 4065 μετὴν
515 3992 597 4060 τῷ
651 3986 755 4057 υἱῷ
802 3988 900 4040 τοῦ
944 3983 1111 4060 ῥηγὸς
1165 3980 1419 4043 Σικελίας
1473 3983 1571 4034 τοῦ
1628 3977 1856 4053 Ταγκρὲ,
1912 3976 1971 4038 ὅς

310 4079 442 4154 ἦρξε
505 4074 642 4149 μετᾶ
696 4071 997 4146 Γιλίελμον
1053 4071 1145 4127 τὸν
1224 4070 1361 4125 κατὰ
1436 4066 1722 4142 Ῥωμαίων
1771 4065 1971 4141 ἄραντα

310 4165 557 4240 πόλεμον
612 4163 664 4237 ἐξ
708 4162 939 4239 ἠπείρου
988 4183 1048 4217 τε
1096 4160 1186 4216 καὶ
1245 4158 1545 4229 θαλάσσης,
1603 4157 1678 4219 ὡς
1737 4155 1968 4235 φθάσαν-

309 4275 402 4317 τες
440 4255 847 4330 ίστορήκειμεν.
880 4252 982 4310 Τὸν
1016 4248 1074 4306 δὲ
1104 4250 1219 4305 υἱὸν
1255 4246 1500 4321 Ἀλεξιον
1538 4253 1639 4315 τῆς
1692 4242 1971 4320 βασιλείας

2081 3103 2143 3143 re
2173 3087 2422 3161 conjuge
2451 3087 2652 3144 liberis
2681 3088 3242 3159 susceptis,ﬁliabus
3270 3090 3499 3147 duabus
3521 3095 3579 3147 et
3610 3108 3729 3147 uno

2086 3177 2229 3243 tilio,
2264 3176 2439 3232 ﬁliam
2474 3181 2616 3232 natu
2649 3178 2929 3247 majorem
2962 3180 3312 3235 monacham
3346 3180 3726 3249 fecit,Joban-

2080 3265 2219 3321 nizas
2234 3266 2459 3323 aedibus
2486 3268 2718 3339 magnis
2740 3266 3099 3340 impensisin
3132 3269 3710 3328 muliebremonaste
3743 3300 3765 3311 -

2083 3354 2231 3409 rium
2248 3355 2489 3409 mutatis
2503 3356 2676 3426 (quod
2695 3354 3275 3426 etXeneimperatrix
3291 3369 3417 3430 post
3437 3357 3724 3417 Manuelis

2081 3444 2272 3498 mariti
2334 3443 2558 3499 obitum
2619 3445 3002 3516 instituerat),
3034 3449 3093 3501 et
3147 3445 3263 3502 Deo
3306 3448 3482 3502 veluti
3510 3465 3725 3521 agnam

2080 3533 2476 3600 consecravit;
2532 3532 2776 3588 alteram
2837 3533 3043 3589 Sicilia:
3104 3535 3255 3605 regis
3310 3537 3555 3608 Tangris
3605 3538 3722 3595 ﬁlio

2084 3636 2323 3676 uxorem
2358 3621 2540 3687 misit,
2571 3622 2671 3691 qui
2703 3627 2835 3693 post
2865 3621 3198 3678 Gilielmum
3232 3626 3517 3695 regnavit,
3548 3640 3725 3695 quem

2081 3709 2369 3765 Romanos
2389 3715 2543 3765 terra
2572 3711 2834 3782 marique
2865 3727 3233 3783 oppugnasse
3264 3728 3442 3783 supra
3474 3714 3734 3769 narravi.

2081 3813 2239 3853 mus.
2262 3797 2471 3853 Filium
2505 3813 2638 3853 vero
2669 3800 2822 3855 540
2854 3798 3120 3855 Alexium
3176 3800 3235 3854 in
3269 3817 3433 3872 spem
3489 3801 3723 3874 imperii

2081 3893 2393 3961 educabat,
2435 3893 2582 3949 nihil
2621 3895 2693 3951 de
2740 3899 2927 3952 morte
2979 3900 3080 3952 aut
3125 3897 3362 3967 jactura
3420 3900 3730 3970 potestatis

2082 3983 2273 4038 adbuo
2329 3982 2613 4055 cogitans.
2671 3984 3061 4041 Pollicebatur
3119 3986 3276 4042 enim
3334 3987 3445 4043 sibi
3509 3988 3731 4061 absque

2083 4072 2242 4127 omni
2267 4071 2635 4128 dubitatione
2663 4073 2777 4129 duo
2834 4076 2891 4128 et
2943 4072 3184 4146 triginta
3228 4091 3414 4131 annos
3471 4076 3727 4149 imperii,

2085 4177 2201 4216 non
2233 4177 2401 4217 secus
2419 4178 2485 4217 ac
2514 4161 2565 4217 si
2592 4161 2852 4218 divinam
2885 4161 3247 4220 voluntatem
3276 4171 3592 4223 nossetaut
3613 4167 3729 4223 sibi

2083 4249 2209 4304 vius
2247 4248 2469 4307 limites
2507 4252 2632 4322 ipse
2690 4252 3064 4323 prmscribere
3112 4260 3332 4324 posset,
3363 4257 3520 4326 quod
3575 4261 3727 4313 Deus

309 4321 665 4419 κληρονόμον
699 4321 969 4419 ἀνέτρεφε,
1017 4340 1115 4396 κᾶν
1159 4336 1376 4394 ούδὲπω
1411 4338 1474 4393 τὸ
1516 4340 1612 4390 τοῦ
1653 4334 1777 4410 βίου
1824 4354 1966 4411 φαν-

2084 4340 2351 4409 potentia:
2379 4356 2499 4394 sum
2531 4321 2863 4397 reservavit.

313 4434 614 4508 ταζὸμενος
671 4433 836 4509 πὲρας
897 4432 933 4502 ἤ
994 4428 1258 4485 ἔκπτωσιν
1320 4434 1420 4497 τῆς
1481 4424 1793 4488 δυναστείας
1854 4424 2213 4500 ὑφορώμενος
2270 4424 2365 4482 δύο
2421 4427 2512 4483 καὶ
2596 4428 2888 4502 τριάκοντα
2960 4427 3196 4505 χρόνους
3274 4426 3448 4504 ἄρξειν
3516 4429 3731 4487 ἀδιστά.

318 4541 468 4583 κτως
499 4520 929 4597 ἐχρησμολόγει,
960 4517 1143 4593 ὥσπερ
1190 4519 1254 4573 τὸ
1311 4519 1451 4573 Θεῖον
1508 4511 1778 4589 προειδὼς
1836 4511 2097 4589 βούλημα
2150 4515 2187 4586 ἢ
2244 4516 2372 4579 τοὺς
2425 4517 2585 4591 ὄρους
2642 4518 2868 4588 πήσσων
2927 4518 3104 4590 ἑαυτῷ
3157 4520 3258 4587 τῆς
3319 4524 3486 4589 ζωῆς,
3545 4519 3639 4583 οὕς
3697 4522 3727 4576 6

317 4609 448 4672 Θεὸς
484 4603 630 4666 ἔθετο
650 4610 796 4686 παρὰ
825 4614 894 4685 τῇ
924 4608 1039 4681 ἰδίᾳ
1067 4606 1298 4682 ἐξουσίᾳ.

387 4700 470 4758 Οὐ
504 4700 671 4775 μόνον
704 4698 762 4755 δὲ
792 4702 820 4755 6
875 4703 1082 4771 Βρανᾶς
1121 4696 1370 4767 ’Δλὲξιος
1410 4693 1499 4749 καὶ
1544 4695 1573 4749 6
1613 4690 1787 4755 Λυδὸς
1837 4692 1969 4749 Θεό-

312 4786 494 4866 δωρος
523 4790 661 4845 κατὰ
707 4794 805 4845 τοῦ
868 4787 1139 4863 βασιλέως
1197 4785 1395 4840 τούτου
1452 4782 1779 4855 πτερνισμὸν
1840 4778 1968 4853 ἐμε-

309 4877 574 4953 γάλυναν,
608 4876 756 4934 ἀλλά
777 4898 838 4954 γε
866 4879 955 4934 καὶ
985 4873 1160 4951 ἕτεροι
1225 4872 1505 4951 βασιλείας
1556 4872 1766 4939 ἑαυτοῖς
1816 4883 1971 4944 περι-

314 4967 613 5022 τεθείκασιν
646 4961 841 5040 ὄνομα.
888 4967 1095 5023 Αὐτίκα
1134 4967 1217 5038 [Ρ.
1266 4965 1395 5036 269]
1444 4962 1546 5037 γάρ
1594 4982 1678 5025 τις
1726 4958 1970 5031 Ἀλέξιος

317 5055 509 5111 ὶαυτὸν
541 5054 715 5130 λέγων
759 5059 895 5112 εἶναι
935 5056 1052 5111 υἱὸν
1106 5057 1204 5108 τοῦ
1263 5057 1369 5109 τῶν
1431 5050 1719 5123 Ῥωμαίων
1766 5049 1970 5123 αὐταρ-

314 5147 594 5222 χήσαντος
670 5149 963 5219 Κομνηνοῦ
1038 5140 1327 5213 Μανουὴλ,
1402 5143 1659 5196 τοσοῦτον
1734 5138 1969 5215 ἂρίστως

309 5239 404 5292 τὸν
452 5236 757 5311 ἀγωνιστὴν
814 5232 977 5290 ὑπέδυ
1006 5237 1105 5288 τοῦ
1153 5229 1428 5307 δράματος
1478 5229 1568 5285 καὶ
1614 5230 1676 5284 τὸ
1723 5234 1820 5285 τοῦ
1868 5228 1968 5304 βα-

314 5324 513 5390 σιλέως
579 5324 831 5394 Ἀλεξίου
915 5325 1259 5397 προσωπεῖον
1336 5320 1550 5394 εὐφυῶς
1628 5320 1969 5395 ὑπεκρίνατο,

313 5415 386 5478 ὡς
424 5416 515 5470 καὶ
569 5414 752 5488 κόμην
815 5410 1157 5481 διευθετίζειν
1216 5412 1355 5465 κατὰ
1406 5410 1507 5478 τήν
1568 5406 1774 5466 ἐκείνου
1833 5408 1967 5463 ὐπο-

318 5504 663 5575 ξανοίζουσαν
709 5503 801 5558 καὶ
856 5503 947 5556 τὸν
995 5508 1095 5570 τῆς
1153 5499 1407 5577 γλώττης
1474 5503 1571 5554 τοῦ
1632 5499 1828 5564 παιδός
1880 5496 1970 5554 καί

323 5594 589 5669 βασιλέως
634 5592 1069 5669 σχηματίζεσθαι
1119 5588 1458 5664 ψελλοσμόν.
1515 5589 1615 5646 'Ex
1667 5599 1769 5663 τῆς
1816 5593 1967 5648 Κων-

318 5688 595 5745 σταντίνου
654 5686 750 5760 μὲν
807 5684 900 5740 οὖν
959 5681 1190 5759 ὥρμητο
1255 5683 1283 5739 ὁ
1346 5681 1557 5757 μεῖραξ,
1624 5684 1702 5749 εἷς
1759 5681 1819 5741 δὲ
1876 5682 1969 5747 τὰς

2151 4695 2431 4754 Ceterum
2467 4715 2581 4755 non
2594 4704 2819 4757 Branas
2844 4698 3080 4755 Alexius
3097 4702 3157 4755 et
3175 4699 3361 4771 Lydus
3381 4698 3727 4757 Theodorus

2079 4785 2362 4843 duntaxat
2388 4787 2891 4861 insigniaimperii
2916 4793 3116 4844 contra
3146 4788 3302 4844 hunc
3334 4794 3724 4860 usurparunt,

2079 4876 2178 4930 sed
2211 4880 2267 4932 et
2298 4876 2393 4930 alii
2426 4878 2555 4948 ejus
2587 4878 2805 4950 fastigii
2836 4876 3041 4933 titulos
3072 4877 3182 4933 sibi
3231 4878 3605 4935 vindicarunt
3665 4885 3728 4937 ut

2078 4971 2134 5020 et
2164 4964 2398 5022 Alexius
2430 4965 2689 5038 quidam,
2734 4967 2833 5039 qui
2867 4982 3002 5022 cum
3035 4982 3097 5021 se
3129 4966 3421 5025 Manuelis
3471 4967 3721 5039 impera-

2078 5058 2222 5113 toris
2253 5056 2439 5112 filium
2461 5057 2849 5128 proﬁteretur,
2867 5073 2994 5113 eam
3031 5058 3287 5115 fabulam
3311 5063 3471 5116 tanta
3486 5059 3727 5117 solertia

2078 5144 2350 5217 egit,eam
2384 5161 2695 5217 personam
2712 5152 2875 5202 tanta
2905 5147 3247 5204 dexteritate
3262 5149 3725 5220 repraesentavit,

2078 5238 2142 5290 ut
2170 5239 2227 5290 et
2255 5250 2483 5291 comam
2511 5237 2640 5306 ejus
2700 5235 3106 5292 ﬂavescentem
3139 5240 3198 5292 et
3251 5236 3465 5309 lingua:
3522 5238 3727 5295 balbu-

2077 5323 2216 5380 tiem
2250 5323 2618 5396 eXprimeret.
2653 5324 2838 5382 Natus
2887 5329 3011 5382 erat
3058 5324 3110 5382 is
3157 5324 3495 5382 adolescens
3535 5327 3718 5399 Cpoli,

2078 5418 2135 5467 et
2188 5413 2440 5483 primum
2489 5413 2550 5468 in
2610 5412 2943 5469 Maeandriis
3003 5413 3250 5470 urbibus
3281 5419 3629 5485 conspectus
3661 5414 3721 5469 in

2077 5501 2424 5575 Oppidulum
2460 5503 2690 5558 Armala
2724 5520 2785 5559 se
2813 5501 3083 5571 contulit,
3114 5507 3172 5558 et
3233 5502 3430 5558 Latino
3459 5502 3722 5568 cuidam,

2077 5592 2139 5648 in
2169 5594 2340 5664 cujus
2391 5594 2610 5649 aedibus
2643 5594 3067 5661 diversabatur,
3100 5595 3235 5664 quis
3291 5598 3439 5648 esset
3469 5590 3719 5661 aperuit.

2076 5684 2275 5742 Aiebat
2330 5684 2408 5756 (id
2469 5683 2622 5753 quod
2680 5699 2858 5758 supra
2914 5680 3314 5754 exposuimus)
3370 5694 3434 5735 se
3471 5678 3713 5749 quidem
