  <div class='ocr_page' id='page_1' title='image "/cluster/home/n/w/nwhite01/storage/ocr_20150623/139/mdp.39015078384214/403.png"; bbox 0 0 4098 6292; ppageno 0'>
   <div class='ocr_carea' id='block_1_1' title="bbox 405 322 522 382">
    <p class='ocr_par' dir='ltr' id='par_1_1' title="bbox 405 322 522 382">
     <span class='ocr_line' id='line_1_1' title="bbox 405 322 522 382; baseline 0 -1"><span class='ocrx_word' id='word_1_1' title='bbox 405 322 522 382; x_wconf 78' lang='grc'><strong>’187</strong></span> 
     </span>
    </p>
   </div>
   <div class='ocr_carea' id='block_1_2' title="bbox 1721 319 2494 382">
    <p class='ocr_par' dir='ltr' id='par_1_2' title="bbox 1721 319 2494 382">
     <span class='ocr_line' id='line_1_2' title="bbox 1721 319 2494 382; baseline -0.003 0"><span class='ocrx_word' id='word_1_2' title='bbox 1721 320 2027 382; x_wconf 70' lang='lat' dir='ltr'><strong>NICETE</strong></span> <span class='ocrx_word' id='word_1_3' title='bbox 2067 319 2270 381; x_wconf 85' lang='lat' dir='ltr'><strong>CHON</strong></span> <span class='ocrx_word' id='word_1_4' title='bbox 2281 319 2494 382; x_wconf 67' lang='grc' dir='ltr'><strong>ΙΑΤΛΕ</strong></span> 
     </span>
    </p>
   </div>
   <div class='ocr_carea' id='block_1_3' title="bbox 3697 319 3816 382">
    <p class='ocr_par' dir='ltr' id='par_1_3' title="bbox 3697 319 3816 382">
     <span class='ocr_line' id='line_1_3' title="bbox 3697 319 3816 382; baseline -0.017 0"><span class='ocrx_word' id='word_1_5' title='bbox 3697 319 3816 382; x_wconf 86' lang='lat'><strong>788</strong></span> 
     </span>
    </p>
   </div>
   <div class='ocr_carea' id='block_1_4' title="bbox 399 447 2054 527">
    <p class='ocr_par' dir='ltr' id='par_1_4' title="bbox 399 453 2048 526">
     <span class='ocr_line' id='line_1_4' title="bbox 399 453 2048 526; baseline -0.002 -14"><span class='ocrx_word' id='word_1_6' title='bbox 399 456 577 526; x_wconf 81' lang='lat' dir='ltr'><strong>jussu</strong></span> <span class='ocrx_word' id='word_1_7' title='bbox 609 454 928 512; x_wconf 80' lang='lat' dir='ltr'><strong>Andronici</strong></span> <span class='ocrx_word' id='word_1_8' title='bbox 986 453 1043 509; x_wconf 91' lang='lat' dir='ltr'><strong>in</strong></span> <span class='ocrx_word' id='word_1_9' title='bbox 1108 455 1351 508; x_wconf 75' lang='lat' dir='ltr'><strong>fundum</strong></span> <span class='ocrx_word' id='word_1_10' title='bbox 1415 453 1595 510; x_wconf 88' lang='lat' dir='ltr'><strong>maris</strong></span> <span class='ocrx_word' id='word_1_11' title='bbox 1653 453 2048 524; x_wconf 85' lang='lat' dir='ltr'><strong>ahjiciendum</strong></span> 
     </span>
    </p>
   </div>
   <div class='ocr_carea' id='block_1_5' title="bbox 2163 447 3812 527">
    <p class='ocr_par' dir='ltr' id='par_1_5' title="bbox 2163 447 3812 527">
     <span class='ocr_line' id='line_1_5' title="bbox 2163 447 3812 527; baseline 0.002 -23"><span class='ocrx_word' id='word_1_12' title='bbox 2163 451 2298 505; x_wconf 81' lang='grc' dir='ltr'>κατὰ</span> <span class='ocrx_word' id='word_1_13' title='bbox 2352 447 2661 526; x_wconf 73' lang='grc' dir='ltr'>Μαίανδρον</span> <span class='ocrx_word' id='word_1_14' title='bbox 2717 451 2905 512; x_wconf 67' lang='grc' dir='ltr'>πόλεις</span> <span class='ocrx_word' id='word_1_15' title='bbox 2963 452 3196 527; x_wconf 80' lang='grc' dir='ltr'>πρώτως</span> <span class='ocrx_word' id='word_1_16' title='bbox 3277 451 3454 514; x_wconf 72' lang='grc' dir='ltr'>ύσθεῖς</span> <span class='ocrx_word' id='word_1_17' title='bbox 3521 450 3812 508; x_wconf 79' lang='grc' dir='ltr'>κατέλυσεν</span> 
     </span>
    </p>
   </div>
   <div class='ocr_carea' id='block_1_6' title="bbox 413 541 2057 614">
    <p class='ocr_par' dir='ltr' id='par_1_6' title="bbox 413 541 2057 614">
     <span class='ocr_line' id='line_1_6' title="bbox 413 541 2057 614; baseline -0.002 -14"><span class='ocrx_word' id='word_1_18' title='bbox 413 546 618 614; x_wconf 81' lang='lat' dir='ltr'><strong>fuisse,</strong></span> <span class='ocrx_word' id='word_1_19' title='bbox 660 547 760 601; x_wconf 91' lang='lat' dir='ltr'><strong>sed</strong></span> <span class='ocrx_word' id='word_1_20' title='bbox 825 543 1226 599; x_wconf 80' lang='lat' dir='ltr'><strong>misericordia</strong></span> <span class='ocrx_word' id='word_1_21' title='bbox 1285 543 1444 601; x_wconf 78' lang='grc'><strong>550</strong></span> <span class='ocrx_word' id='word_1_22' title='bbox 1501 541 2057 614; x_wconf 86' lang='lat' dir='ltr'><strong>ministrorum,qui</strong></span> 
     </span>
    </p>
   </div>
   <div class='ocr_carea' id='block_1_7' title="bbox 412 618 2056 708">
    <p class='ocr_par' dir='ltr' id='par_1_7' title="bbox 412 618 2056 708">
     <span class='ocr_line' id='line_1_7' title="bbox 412 618 2056 708; baseline -0.003 -17"><span class='ocrx_word' id='word_1_23' title='bbox 412 637 564 708; x_wconf 86' lang='lat' dir='ltr'><strong>patri</strong></span> <span class='ocrx_word' id='word_1_24' title='bbox 597 651 704 691; x_wconf 86' lang='lat' dir='ltr'><strong>suo</strong></span> <span class='ocrx_word' id='word_1_25' title='bbox 724 618 1114 706; x_wconf 65' lang='lat' dir='ltr'><strong>jurejurando</strong></span> <span class='ocrx_word' id='word_1_26' title='bbox 1145 632 1408 689; x_wconf 86' lang='lat' dir='ltr'><strong>obstricti</strong></span> <span class='ocrx_word' id='word_1_27' title='bbox 1439 634 1712 702; x_wconf 74' lang='lat' dir='ltr'><strong>fuissent,</strong></span> <span class='ocrx_word' id='word_1_28' title='bbox 1744 648 1874 688; x_wconf 85' lang='lat' dir='ltr'><strong>esse</strong></span> <span class='ocrx_word' id='word_1_29' title='bbox 1921 649 2056 686; x_wconf 85' lang='lat' dir='ltr'><strong>con-</strong></span> 
     </span>
    </p>
   </div>
   <div class='ocr_carea' id='block_1_8' title="bbox 411 721 2056 794">
    <p class='ocr_par' dir='ltr' id='par_1_8' title="bbox 411 721 2056 794">
     <span class='ocr_line' id='line_1_8' title="bbox 411 721 2056 794; baseline -0.004 -14"><span class='ocrx_word' id='word_1_30' title='bbox 411 729 724 792; x_wconf 87' lang='lat' dir='ltr'><strong>servatum,</strong></span> <span class='ocrx_word' id='word_1_31' title='bbox 756 729 812 778; x_wconf 89' lang='lat' dir='ltr'><strong>et</strong></span> <span class='ocrx_word' id='word_1_32' title='bbox 841 739 975 778; x_wconf 91' lang='lat' dir='ltr'><strong>cum</strong></span> <span class='ocrx_word' id='word_1_33' title='bbox 1036 721 1270 793; x_wconf 82' lang='lat' dir='ltr'><strong>hospite</strong></span> <span class='ocrx_word' id='word_1_34' title='bbox 1302 739 1409 778; x_wconf 90' lang='lat' dir='ltr'><strong>suo</strong></span> <span class='ocrx_word' id='word_1_35' title='bbox 1441 722 1704 778; x_wconf 86' lang='lat' dir='ltr'><strong>Iconium</strong></span> <span class='ocrx_word' id='word_1_36' title='bbox 1757 721 2056 794; x_wconf 88' lang='lat' dir='ltr'><strong>profectus</strong></span> 
     </span>
    </p>
   </div>
   <div class='ocr_carea' id='block_1_9' title="bbox 414 809 2058 885">
    <p class='ocr_par' dir='ltr' id='par_1_9' title="bbox 414 809 2058 885">
     <span class='ocr_line' id='line_1_9' title="bbox 414 809 2058 885; baseline -0.002 -16"><span class='ocrx_word' id='word_1_37' title='bbox 414 829 612 870; x_wconf 88' lang='lat' dir='ltr'><strong>senem</strong></span> <span class='ocrx_word' id='word_1_38' title='bbox 663 811 960 868; x_wconf 90' lang='lat' dir='ltr'><strong>sultanum</strong></span> <span class='ocrx_word' id='word_1_39' title='bbox 997 811 1278 885; x_wconf 89' lang='lat' dir='ltr'><strong>(nondum</strong></span> <span class='ocrx_word' id='word_1_40' title='bbox 1337 812 1489 867; x_wconf 91' lang='lat' dir='ltr'><strong>enim</strong></span> <span class='ocrx_word' id='word_1_41' title='bbox 1522 829 1556 866; x_wconf 91' lang='lat' dir='ltr'><strong>a</strong></span> <span class='ocrx_word' id='word_1_42' title='bbox 1613 811 1730 867; x_wconf 89' lang='lat' dir='ltr'><strong>ﬁlio</strong></span> <span class='ocrx_word' id='word_1_43' title='bbox 1781 809 2058 882; x_wconf 90' lang='lat' dir='ltr'><strong>Copatino</strong></span> 
     </span>
    </p>
   </div>
   <div class='ocr_carea' id='block_1_10' title="bbox 412 899 2056 974">
    <p class='ocr_par' dir='ltr' id='par_1_10' title="bbox 412 899 2056 974">
     <span class='ocr_line' id='line_1_10' title="bbox 412 899 2056 974; baseline -0.002 -16"><span class='ocrx_word' id='word_1_44' title='bbox 412 919 590 974; x_wconf 88' lang='lat' dir='ltr'><strong>regno</strong></span> <span class='ocrx_word' id='word_1_45' title='bbox 624 901 828 974; x_wconf 91' lang='lat' dir='ltr'><strong>pulsus</strong></span> <span class='ocrx_word' id='word_1_46' title='bbox 857 902 1004 973; x_wconf 89' lang='lat' dir='ltr'><strong>erat)</strong></span> <span class='ocrx_word' id='word_1_47' title='bbox 1033 902 1232 967; x_wconf 84' lang='lat' dir='ltr'><strong>adil,et</strong></span> <span class='ocrx_word' id='word_1_48' title='bbox 1261 906 1326 956; x_wconf 90' lang='lat' dir='ltr'><strong>ut</strong></span> <span class='ocrx_word' id='word_1_49' title='bbox 1354 917 1530 957; x_wconf 89' lang='lat' dir='ltr'><strong>verus</strong></span> <span class='ocrx_word' id='word_1_50' title='bbox 1561 900 1719 956; x_wconf 88' lang='lat' dir='ltr'><strong>ﬁlius</strong></span> <span class='ocrx_word' id='word_1_51' title='bbox 1749 899 2056 968; x_wconf 87' lang='lat' dir='ltr'><strong>Manuelis,</strong></span> 
     </span>
    </p>
   </div>
   <div class='ocr_carea' id='block_1_11' title="bbox 412 989 2057 1064">
    <p class='ocr_par' dir='ltr' id='par_1_11' title="bbox 412 989 2057 1064">
     <span class='ocr_line' id='line_1_11' title="bbox 412 989 2057 1064; baseline -0.003 -15"><span class='ocrx_word' id='word_1_52' title='bbox 412 1009 528 1049; x_wconf 92' lang='lat' dir='ltr'><strong>non</strong></span> <span class='ocrx_word' id='word_1_53' title='bbox 587 997 653 1047; x_wconf 90' lang='lat' dir='ltr'><strong>ut</strong></span> <span class='ocrx_word' id='word_1_54' title='bbox 682 992 970 1064; x_wconf 84' lang='lat' dir='ltr'><strong>impostor</strong></span> <span class='ocrx_word' id='word_1_55' title='bbox 998 996 1056 1047; x_wconf 91' lang='lat' dir='ltr'><strong>et</strong></span> <span class='ocrx_word' id='word_1_56' title='bbox 1101 1008 1254 1058; x_wconf 90' lang='lat' dir='ltr'><strong>erro,</strong></span> <span class='ocrx_word' id='word_1_57' title='bbox 1287 990 1625 1064; x_wconf 77' lang='lat' dir='ltr'><strong>alloquitur.</strong></span> <span class='ocrx_word' id='word_1_58' title='bbox 1679 995 1838 1062; x_wconf 68' lang='lat' dir='ltr'><strong>Saepe</strong></span> <span class='ocrx_word' id='word_1_59' title='bbox 1883 989 2057 1045; x_wconf 73' lang='lat' dir='ltr'><strong>etiam</strong></span> 
     </span>
    </p>
   </div>
   <div class='ocr_carea' id='block_1_12' title="bbox 412 1080 2060 1154">
    <p class='ocr_par' dir='ltr' id='par_1_12' title="bbox 412 1080 2060 1154">
     <span class='ocr_line' id='line_1_12' title="bbox 412 1080 2060 1154; baseline -0.001 -18"><span class='ocrx_word' id='word_1_60' title='bbox 412 1085 655 1154; x_wconf 89' lang='lat' dir='ltr'><strong>paterna</strong></span> <span class='ocrx_word' id='word_1_61' title='bbox 707 1080 989 1136; x_wconf 86' lang='lat' dir='ltr'><strong>beneﬁcia</strong></span> <span class='ocrx_word' id='word_1_62' title='bbox 1064 1080 1488 1151; x_wconf 83' lang='lat' dir='ltr'><strong>exprobrando,</strong></span> <span class='ocrx_word' id='word_1_63' title='bbox 1551 1080 1945 1135; x_wconf 81' lang='lat' dir='ltr'><strong>immemorem</strong></span> <span class='ocrx_word' id='word_1_64' title='bbox 2002 1082 2060 1134; x_wconf 88' lang='lat' dir='ltr'><strong>et</strong></span> 
     </span>
    </p>
   </div>
   <div class='ocr_carea' id='block_1_13' title="bbox 415 1168 2056 1244">
    <p class='ocr_par' dir='ltr' id='par_1_13' title="bbox 415 1168 2056 1244">
     <span class='ocr_line' id='line_1_13' title="bbox 415 1168 2056 1244; baseline -0.002 -18"><span class='ocrx_word' id='word_1_65' title='bbox 415 1172 706 1244; x_wconf 85' lang='lat' dir='ltr'><strong>ingratum</strong></span> <span class='ocrx_word' id='word_1_66' title='bbox 738 1174 947 1238; x_wconf 83' lang='lat' dir='ltr'><strong>vocat;</strong></span> <span class='ocrx_word' id='word_1_67' title='bbox 979 1173 1037 1225; x_wconf 91' lang='lat' dir='ltr'><strong>et</strong></span> <span class='ocrx_word' id='word_1_68' title='bbox 1064 1168 1556 1224; x_wconf 82' lang='lat' dir='ltr'><strong>inhumanitatem</strong></span> <span class='ocrx_word' id='word_1_69' title='bbox 1589 1169 1642 1223; x_wconf 92' lang='lat' dir='ltr'><strong>ei</strong></span> <span class='ocrx_word' id='word_1_70' title='bbox 1673 1168 2056 1240; x_wconf 81' lang='lat' dir='ltr'><strong>objicit,quod</strong></span> 
     </span>
    </p>
   </div>
   <div class='ocr_carea' id='block_1_14' title="bbox 415 1256 2057 1314">
    <p class='ocr_par' dir='ltr' id='par_1_14' title="bbox 415 1256 2057 1314">
     <span class='ocr_line' id='line_1_14' title="bbox 415 1256 2057 1314; baseline -0.002 0"><span class='ocrx_word' id='word_1_71' title='bbox 415 1259 742 1314; x_wconf 79' lang='lat' dir='ltr'><strong>calamitate</strong></span> <span class='ocrx_word' id='word_1_72' title='bbox 771 1258 945 1312; x_wconf 81' lang='lat' dir='ltr'><strong>amici</strong></span> <span class='ocrx_word' id='word_1_73' title='bbox 979 1256 1079 1311; x_wconf 85' lang='lat' dir='ltr'><strong>ﬁlii</strong></span> <span class='ocrx_word' id='word_1_74' title='bbox 1110 1258 1255 1312; x_wconf 88' lang='lat' dir='ltr'><strong>nihil</strong></span> <span class='ocrx_word' id='word_1_75' title='bbox 1293 1261 1640 1312; x_wconf 79' lang='lat' dir='ltr'><strong>moveretur.</strong></span> <span class='ocrx_word' id='word_1_76' title='bbox 1672 1259 1726 1312; x_wconf 90' lang='lat' dir='ltr'><strong>Is</strong></span> <span class='ocrx_word' id='word_1_77' title='bbox 1765 1272 1896 1310; x_wconf 91' lang='lat' dir='ltr'><strong>vero</strong></span> <span class='ocrx_word' id='word_1_78' title='bbox 1926 1271 2057 1310; x_wconf 90' lang='lat' dir='ltr'><strong>cum</strong></span> 
     </span>
    </p>
   </div>
   <div class='ocr_carea' id='block_1_15' title="bbox 413 1345 2058 1418">
    <p class='ocr_par' dir='ltr' id='par_1_15' title="bbox 413 1345 2058 1418">
     <span class='ocr_line' id='line_1_15' title="bbox 413 1345 2058 1418; baseline -0.004 -14"><span class='ocrx_word' id='word_1_79' title='bbox 413 1349 780 1418; x_wconf 85' lang='lat' dir='ltr'><strong>impudentia</strong></span> <span class='ocrx_word' id='word_1_80' title='bbox 839 1347 1095 1402; x_wconf 80' lang='lat' dir='ltr'><strong>hominis</strong></span> <span class='ocrx_word' id='word_1_81' title='bbox 1141 1347 1341 1408; x_wconf 57' lang='lat' dir='ltr'><strong>victas.</strong></span> <span class='ocrx_word' id='word_1_82' title='bbox 1378 1357 1502 1402; x_wconf 86' lang='lat' dir='ltr'><strong>tum</strong></span> <span class='ocrx_word' id='word_1_83' title='bbox 1559 1363 1628 1401; x_wconf 84' lang='lat' dir='ltr'><strong>ex</strong></span> <span class='ocrx_word' id='word_1_84' title='bbox 1685 1345 2058 1400; x_wconf 63' lang='lat' dir='ltr'><strong>lineamentis</strong></span> 
     </span>
    </p>
   </div>
   <div class='ocr_carea' id='block_1_16' title="bbox 415 1435 2057 1508">
    <p class='ocr_par' dir='ltr' id='par_1_16' title="bbox 415 1435 2057 1508">
     <span class='ocr_line' id='line_1_16' title="bbox 415 1435 2057 1508; baseline -0.004 -12"><span class='ocrx_word' id='word_1_85' title='bbox 415 1438 694 1506; x_wconf 86' lang='lat' dir='ltr'><strong>corporis,</strong></span> <span class='ocrx_word' id='word_1_86' title='bbox 729 1445 1044 1508; x_wconf 66' lang='lat' dir='ltr'><strong>app-arente</strong></span> <span class='ocrx_word' id='word_1_87' title='bbox 1079 1439 1259 1508; x_wconf 77' lang='lat' dir='ltr'><strong>patris</strong></span> <span class='ocrx_word' id='word_1_88' title='bbox 1289 1439 1346 1490; x_wconf 88' lang='lat' dir='ltr'><strong>in</strong></span> <span class='ocrx_word' id='word_1_89' title='bbox 1378 1453 1446 1492; x_wconf 92' lang='lat' dir='ltr'><strong>eo</strong></span> <span class='ocrx_word' id='word_1_90' title='bbox 1505 1435 1918 1500; x_wconf 75' lang='lat' dir='ltr'><strong>similitudine,</strong></span> <span class='ocrx_word' id='word_1_91' title='bbox 1955 1450 2057 1490; x_wconf 82' lang='lat' dir='ltr'><strong>mi-</strong></span> 
     </span>
    </p>
   </div>
   <div class='ocr_carea' id='block_1_17' title="bbox 417 1523 2056 1592">
    <p class='ocr_par' dir='ltr' id='par_1_17' title="bbox 417 1523 2056 1592">
     <span class='ocr_line' id='line_1_17' title="bbox 417 1523 2056 1592; baseline -0.004 -9"><span class='ocrx_word' id='word_1_92' title='bbox 417 1524 737 1583; x_wconf 90' lang='lat' dir='ltr'><strong>sericordia</strong></span> <span class='ocrx_word' id='word_1_93' title='bbox 773 1531 969 1580; x_wconf 88' lang='lat' dir='ltr'><strong>motus</strong></span> <span class='ocrx_word' id='word_1_94' title='bbox 1017 1539 1150 1579; x_wconf 87' lang='lat' dir='ltr'><strong>eum</strong></span> <span class='ocrx_word' id='word_1_95' title='bbox 1184 1529 1241 1579; x_wconf 89' lang='lat' dir='ltr'><strong>et</strong></span> <span class='ocrx_word' id='word_1_96' title='bbox 1298 1523 1638 1579; x_wconf 85' lang='lat' dir='ltr'><strong>muneribus</strong></span> <span class='ocrx_word' id='word_1_97' title='bbox 1694 1541 1808 1577; x_wconf 87' lang='lat' dir='ltr'><strong>non</strong></span> <span class='ocrx_word' id='word_1_98' title='bbox 1861 1523 2056 1592; x_wconf 79' lang='lat' dir='ltr'><strong>paucis</strong></span> 
     </span>
    </p>
   </div>
   <div class='ocr_carea' id='block_1_18' title="bbox 417 1609 2054 1684">
    <p class='ocr_par' dir='ltr' id='par_1_18' title="bbox 417 1609 2054 1684">
     <span class='ocr_line' id='line_1_18' title="bbox 417 1609 2054 1684; baseline -0.003 -13"><span class='ocrx_word' id='word_1_99' title='bbox 417 1613 706 1671; x_wconf 79' lang='lat' dir='ltr'><strong>exhilarat</strong></span> <span class='ocrx_word' id='word_1_100' title='bbox 725 1617 784 1668; x_wconf 92' lang='lat' dir='ltr'><strong>et</strong></span> <span class='ocrx_word' id='word_1_101' title='bbox 813 1628 916 1684; x_wconf 87' lang='lat' dir='ltr'><strong>spe</strong></span> <span class='ocrx_word' id='word_1_102' title='bbox 946 1612 1100 1669; x_wconf 89' lang='lat' dir='ltr'><strong>bona</strong></span> <span class='ocrx_word' id='word_1_103' title='bbox 1125 1613 1289 1668; x_wconf 84' lang='lat' dir='ltr'><strong>fovet.</strong></span> <span class='ocrx_word' id='word_1_104' title='bbox 1321 1612 1463 1668; x_wconf 90' lang='lat' dir='ltr'><strong>Cum</strong></span> <span class='ocrx_word' id='word_1_105' title='bbox 1497 1625 1690 1668; x_wconf 75' lang='lat' dir='ltr'><strong>autem</strong></span> <span class='ocrx_word' id='word_1_106' title='bbox 1715 1609 2054 1683; x_wconf 81' lang='lat' dir='ltr'><strong>aliquando,</strong></span> 
     </span>
    </p>
   </div>
   <div class='ocr_carea' id='block_1_19' title="bbox 416 1700 2052 1778">
    <p class='ocr_par' dir='ltr' id='par_1_19' title="bbox 416 1700 2052 1778">
     <span class='ocr_line' id='line_1_19' title="bbox 416 1700 2052 1778; baseline -0.004 -17"><span class='ocrx_word' id='word_1_107' title='bbox 416 1705 608 1778; x_wconf 90' lang='lat' dir='ltr'><strong>legato</strong></span> <span class='ocrx_word' id='word_1_108' title='bbox 641 1703 902 1759; x_wconf 85' lang='lat' dir='ltr'><strong>Romano</strong></span> <span class='ocrx_word' id='word_1_109' title='bbox 949 1708 1176 1759; x_wconf 83' lang='lat' dir='ltr'><strong>astante</strong></span> <span class='ocrx_word' id='word_1_110' title='bbox 1237 1707 1295 1758; x_wconf 92' lang='lat' dir='ltr'><strong>et</strong></span> <span class='ocrx_word' id='word_1_111' title='bbox 1350 1701 1648 1772; x_wconf 89' lang='lat' dir='ltr'><strong>audiente,</strong></span> <span class='ocrx_word' id='word_1_112' title='bbox 1678 1700 2052 1757; x_wconf 78' lang='lat' dir='ltr'><strong>excellentem</strong></span> 
     </span>
    </p>
   </div>
   <div class='ocr_carea' id='block_1_20' title="bbox 417 1789 2136 1895">
    <p class='ocr_par' dir='ltr' id='par_1_20' title="bbox 417 1789 2136 1895">
     <span class='ocr_line' id='line_1_20' title="bbox 417 1789 2136 1895; baseline -0.003 -45"><span class='ocrx_word' id='word_1_113' title='bbox 417 1809 588 1850; x_wconf 85' lang='lat' dir='ltr'><strong>suam</strong></span> <span class='ocrx_word' id='word_1_114' title='bbox 621 1790 983 1895; x_wconf 60' lang='lat' dir='ltr'><strong>nobilitatem</strong></span> <span class='ocrx_word' id='word_1_115' title='bbox 1010 1790 1556 1895; x_wconf 42' lang='lat' dir='ltr'><strong>jactarettsultanus</strong></span> <span class='ocrx_word' id='word_1_116' title='bbox 1584 1791 1843 1895; x_wconf 61' lang='lat' dir='ltr'><strong>legatum</strong></span> <span class='ocrx_word' id='word_1_117' title='bbox 1875 1789 2053 1846; x_wconf 87' lang='lat' dir='ltr'><strong>inter-</strong></span> <span class='ocrx_word' id='word_1_118' title='bbox 2087 1829 2136 1895; x_wconf 73' lang='grc' dir='ltr'><strong>Β</strong></span> 
     </span>
    </p>
   </div>
   <div class='ocr_carea' id='block_1_21' title="bbox 417 1878 2062 1955">
    <p class='ocr_par' dir='ltr' id='par_1_21' title="bbox 417 1878 2062 1955">
     <span class='ocr_line' id='line_1_21' title="bbox 417 1878 2062 1955; baseline -0.004 -17"><span class='ocrx_word' id='word_1_119' title='bbox 417 1885 584 1955; x_wconf 84' lang='lat' dir='ltr'><strong>rogat</strong></span> <span class='ocrx_word' id='word_1_120' title='bbox 611 1898 682 1936; x_wconf 90' lang='lat' dir='ltr'><strong>an</strong></span> <span class='ocrx_word' id='word_1_121' title='bbox 715 1880 895 1937; x_wconf 89' lang='lat' dir='ltr'><strong>istum</strong></span> <span class='ocrx_word' id='word_1_122' title='bbox 927 1879 1212 1936; x_wconf 87' lang='lat' dir='ltr'><strong>Manuelis</strong></span> <span class='ocrx_word' id='word_1_123' title='bbox 1269 1879 1638 1953; x_wconf 78' lang='lat' dir='ltr'><strong>imperatoris</strong></span> <span class='ocrx_word' id='word_1_124' title='bbox 1689 1878 1875 1935; x_wconf 84' lang='lat' dir='ltr'><strong>tilium</strong></span> <span class='ocrx_word' id='word_1_125' title='bbox 1931 1893 2062 1933; x_wconf 84' lang='lat' dir='ltr'><strong>esse</strong></span> 
     </span>
    </p>
   </div>
   <div class='ocr_carea' id='block_1_22' title="bbox 426 1965 2062 2041">
    <p class='ocr_par' dir='ltr' id='par_1_22' title="bbox 426 1965 2062 2041">
     <span class='ocr_line' id='line_1_22' title="bbox 426 1965 2062 2041; baseline -0.004 -15"><span class='ocrx_word' id='word_1_126' title='bbox 426 1970 602 2028; x_wconf 88' lang='lat' dir='ltr'><strong>norit.</strong></span> <span class='ocrx_word' id='word_1_127' title='bbox 635 1969 742 2034; x_wconf 87' lang='lat' dir='ltr'><strong>Qui</strong></span> <span class='ocrx_word' id='word_1_128' title='bbox 803 1969 903 2025; x_wconf 89' lang='lat' dir='ltr'><strong>ubi</strong></span> <span class='ocrx_word' id='word_1_129' title='bbox 961 1967 1109 2024; x_wconf 87' lang='lat' dir='ltr'><strong>nihil</strong></span> <span class='ocrx_word' id='word_1_130' title='bbox 1167 1967 1326 2025; x_wconf 85' lang='lat' dir='ltr'><strong>aliud</strong></span> <span class='ocrx_word' id='word_1_131' title='bbox 1381 1967 1682 2041; x_wconf 85' lang='lat' dir='ltr'><strong>respondit</strong></span> <span class='ocrx_word' id='word_1_132' title='bbox 1733 1967 1848 2023; x_wconf 89' lang='lat' dir='ltr'><strong>nisi</strong></span> <span class='ocrx_word' id='word_1_133' title='bbox 1895 1965 2062 2022; x_wconf 87' lang='lat' dir='ltr'><strong>illum</strong></span> 
     </span>
    </p>
   </div>
   <div class='ocr_carea' id='block_1_23' title="bbox 425 2055 2065 2115">
    <p class='ocr_par' dir='ltr' id='par_1_23' title="bbox 425 2055 2065 2115">
     <span class='ocr_line' id='line_1_23' title="bbox 425 2055 2065 2115; baseline -0.003 0"><span class='ocrx_word' id='word_1_134' title='bbox 425 2058 666 2115; x_wconf 89' lang='lat' dir='ltr'><strong>omnino</strong></span> <span class='ocrx_word' id='word_1_135' title='bbox 696 2058 1070 2115; x_wconf 88' lang='lat' dir='ltr'><strong>submersum</strong></span> <span class='ocrx_word' id='word_1_136' title='bbox 1101 2073 1231 2113; x_wconf 88' lang='lat' dir='ltr'><strong>esse</strong></span> <span class='ocrx_word' id='word_1_137' title='bbox 1261 2063 1321 2113; x_wconf 92' lang='lat' dir='ltr'><strong>et</strong></span> <span class='ocrx_word' id='word_1_138' title='bbox 1359 2059 1536 2113; x_wconf 90' lang='lat' dir='ltr'><strong>istum</strong></span> <span class='ocrx_word' id='word_1_139' title='bbox 1568 2072 1660 2113; x_wconf 91' lang='lat' dir='ltr'><strong>res</strong></span> <span class='ocrx_word' id='word_1_140' title='bbox 1693 2055 2065 2112; x_wconf 90' lang='lat' dir='ltr'><strong>incredibiles</strong></span> 
     </span>
    </p>
   </div>
   <div class='ocr_carea' id='block_1_24' title="bbox 425 2144 2065 2213">
    <p class='ocr_par' dir='ltr' id='par_1_24' title="bbox 425 2144 2065 2213">
     <span class='ocr_line' id='line_1_24' title="bbox 425 2144 2065 2213; baseline -0.004 -7"><span class='ocrx_word' id='word_1_141' title='bbox 425 2149 536 2206; x_wconf 89' lang='lat' dir='ltr'><strong>sub</strong></span> <span class='ocrx_word' id='word_1_142' title='bbox 569 2146 714 2204; x_wconf 86' lang='lat' dir='ltr'><strong>falso</strong></span> <span class='ocrx_word' id='word_1_143' title='bbox 749 2147 1004 2203; x_wconf 82' lang='lat' dir='ltr'><strong>defuncti</strong></span> <span class='ocrx_word' id='word_1_144' title='bbox 1037 2146 1274 2202; x_wconf 89' lang='lat' dir='ltr'><strong>nomine</strong></span> <span class='ocrx_word' id='word_1_145' title='bbox 1303 2145 1694 2213; x_wconf 84' lang='lat' dir='ltr'><strong>comminisci,</strong></span> <span class='ocrx_word' id='word_1_146' title='bbox 1725 2144 2065 2202; x_wconf 82' lang='lat' dir='ltr'><strong>adolescens</strong></span> 
     </span>
    </p>
   </div>
   <div class='ocr_carea' id='block_1_25' title="bbox 424 2234 2062 2307">
    <p class='ocr_par' dir='ltr' id='par_1_25' title="bbox 424 2234 2062 2307">
     <span class='ocr_line' id='line_1_25' title="bbox 424 2234 2062 2307; baseline -0.004 -13"><span class='ocrx_word' id='word_1_147' title='bbox 424 2235 662 2294; x_wconf 81' lang='lat' dir='ltr'><strong>Alexius</strong></span> <span class='ocrx_word' id='word_1_148' title='bbox 719 2237 805 2292; x_wconf 83' lang='lat' dir='ltr'><strong>ira</strong></span> <span class='ocrx_word' id='word_1_149' title='bbox 863 2235 1121 2307; x_wconf 86' lang='lat' dir='ltr'><strong>percitus</strong></span> <span class='ocrx_word' id='word_1_150' title='bbox 1179 2239 1238 2290; x_wconf 90' lang='lat' dir='ltr'><strong>et</strong></span> <span class='ocrx_word' id='word_1_151' title='bbox 1308 2234 1424 2290; x_wconf 89' lang='lat' dir='ltr'><strong>bile</strong></span> <span class='ocrx_word' id='word_1_152' title='bbox 1475 2243 1798 2290; x_wconf 70' lang='lat' dir='ltr'><strong>exestuans</strong></span> <span class='ocrx_word' id='word_1_153' title='bbox 1857 2249 2062 2306; x_wconf 89' lang='lat' dir='ltr'><strong>parum</strong></span> 
     </span>
    </p>
   </div>
   <div class='ocr_carea' id='block_1_26' title="bbox 427 2322 2068 2396">
    <p class='ocr_par' dir='ltr' id='par_1_26' title="bbox 427 2322 2068 2396">
     <span class='ocr_line' id='line_1_26' title="bbox 427 2322 2068 2396; baseline -0.001 -15"><span class='ocrx_word' id='word_1_154' title='bbox 427 2324 618 2381; x_wconf 85' lang='lat' dir='ltr'><strong>abfuit</strong></span> <span class='ocrx_word' id='word_1_155' title='bbox 645 2324 786 2396; x_wconf 88' lang='lat' dir='ltr'><strong>quin</strong></span> <span class='ocrx_word' id='word_1_156' title='bbox 846 2323 908 2379; x_wconf 89' lang='lat' dir='ltr'><strong>in</strong></span> <span class='ocrx_word' id='word_1_157' title='bbox 953 2322 1128 2396; x_wconf 81' lang='lat' dir='ltr'><strong>legati</strong></span> <span class='ocrx_word' id='word_1_158' title='bbox 1159 2323 1401 2379; x_wconf 86' lang='lat' dir='ltr'><strong>barbam</strong></span> <span class='ocrx_word' id='word_1_159' title='bbox 1458 2323 1763 2392; x_wconf 84' lang='lat' dir='ltr'><strong>involaret,</strong></span> <span class='ocrx_word' id='word_1_160' title='bbox 1788 2322 1899 2379; x_wconf 84' lang='lat' dir='ltr'><strong>nisi</strong></span> <span class='ocrx_word' id='word_1_161' title='bbox 1931 2323 1980 2378; x_wconf 90' lang='lat' dir='ltr'><strong>is</strong></span> <span class='ocrx_word' id='word_1_162' title='bbox 2010 2329 2068 2380; x_wconf 91' lang='lat' dir='ltr'><strong>et</strong></span> 
     </span>
    </p>
   </div>
   <div class='ocr_carea' id='block_1_27' title="bbox 431 2411 2066 2485">
    <p class='ocr_par' dir='ltr' id='par_1_27' title="bbox 431 2411 2066 2485">
     <span class='ocr_line' id='line_1_27' title="bbox 431 2411 2066 2485; baseline -0.001 -15"><span class='ocrx_word' id='word_1_163' title='bbox 431 2415 558 2485; x_wconf 89' lang='lat' dir='ltr'><strong>ipse</strong></span> <span class='ocrx_word' id='word_1_164' title='bbox 590 2418 921 2470; x_wconf 86' lang='lat' dir='ltr'><strong>commotus</strong></span> <span class='ocrx_word' id='word_1_165' title='bbox 965 2411 1246 2484; x_wconf 86' lang='lat' dir='ltr'><strong>impetum</strong></span> <span class='ocrx_word' id='word_1_166' title='bbox 1281 2412 1648 2469; x_wconf 78' lang='lat' dir='ltr'><strong>Psaudalexii</strong></span> <span class='ocrx_word' id='word_1_167' title='bbox 1679 2413 1903 2468; x_wconf 80' lang='lat' dir='ltr'><strong>fortiter</strong></span> <span class='ocrx_word' id='word_1_168' title='bbox 1931 2429 2066 2484; x_wconf 91' lang='lat' dir='ltr'><strong>pro-</strong></span> 
     </span>
    </p>
   </div>
   <div class='ocr_carea' id='block_1_28' title="bbox 429 2500 2069 2575">
    <p class='ocr_par' dir='ltr' id='par_1_28' title="bbox 429 2500 2069 2575">
     <span class='ocr_line' id='line_1_28' title="bbox 429 2500 2069 2575; baseline 0 -17"><span class='ocrx_word' id='word_1_169' title='bbox 429 2502 727 2575; x_wconf 90' lang='lat' dir='ltr'><strong>pulsasset</strong></span> <span class='ocrx_word' id='word_1_170' title='bbox 754 2511 804 2559; x_wconf 89' lang='lat' dir='ltr'><strong>et</strong></span> <span class='ocrx_word' id='word_1_171' title='bbox 832 2500 1104 2558; x_wconf 89' lang='lat' dir='ltr'><strong>sultanus</strong></span> <span class='ocrx_word' id='word_1_172' title='bbox 1122 2503 1499 2574; x_wconf 77' lang='lat' dir='ltr'><strong>intemperiae</strong></span> <span class='ocrx_word' id='word_1_173' title='bbox 1527 2503 1658 2571; x_wconf 87' lang='lat' dir='ltr'><strong>ejus</strong></span> <span class='ocrx_word' id='word_1_174' title='bbox 1685 2502 1878 2558; x_wconf 85' lang='lat' dir='ltr'><strong>verbis</strong></span> <span class='ocrx_word' id='word_1_175' title='bbox 1899 2502 2069 2558; x_wconf 91' lang='lat' dir='ltr'><strong>casti-</strong></span> 
     </span>
    </p>
   </div>
   <div class='ocr_carea' id='block_1_29' title="bbox 425 2590 2066 2664">
    <p class='ocr_par' dir='ltr' id='par_1_29' title="bbox 425 2590 2066 2664">
     <span class='ocr_line' id='line_1_29' title="bbox 425 2590 2066 2664; baseline 0 -16"><span class='ocrx_word' id='word_1_176' title='bbox 425 2596 642 2664; x_wconf 89' lang='lat' dir='ltr'><strong>gasset.</strong></span> <span class='ocrx_word' id='word_1_177' title='bbox 674 2591 778 2659; x_wconf 86' lang='lat' dir='ltr'><strong>Qui</strong></span> <span class='ocrx_word' id='word_1_178' title='bbox 809 2591 920 2648; x_wconf 88' lang='lat' dir='ltr'><strong>etsi</strong></span> <span class='ocrx_word' id='word_1_179' title='bbox 978 2590 1362 2648; x_wconf 89' lang='lat' dir='ltr'><strong>nihilominus</strong></span> <span class='ocrx_word' id='word_1_180' title='bbox 1417 2590 1635 2647; x_wconf 87' lang='lat' dir='ltr'><strong>crebris</strong></span> <span class='ocrx_word' id='word_1_181' title='bbox 1667 2590 1813 2648; x_wconf 81' lang='grc'><strong>551</strong></span> <span class='ocrx_word' id='word_1_182' title='bbox 1871 2592 2066 2648; x_wconf 90' lang='lat' dir='ltr'><strong>adole-</strong></span> 
     </span>
    </p>
   </div>
   <div class='ocr_carea' id='block_1_30' title="bbox 423 2680 2064 2754">
    <p class='ocr_par' dir='ltr' id='par_1_30' title="bbox 423 2680 2064 2754">
     <span class='ocr_line' id='line_1_30' title="bbox 423 2680 2064 2754; baseline 0 -16"><span class='ocrx_word' id='word_1_183' title='bbox 423 2680 645 2738; x_wconf 84' lang='lat' dir='ltr'><strong>scentis</strong></span> <span class='ocrx_word' id='word_1_184' title='bbox 677 2680 1142 2754; x_wconf 88' lang='lat' dir='ltr'><strong>ﬂagitationibus</strong></span> <span class='ocrx_word' id='word_1_185' title='bbox 1157 2681 1568 2748; x_wconf 88' lang='lat' dir='ltr'><strong>victus,tamen</strong></span> <span class='ocrx_word' id='word_1_186' title='bbox 1600 2697 1672 2737; x_wconf 88' lang='lat' dir='ltr'><strong>ne</strong></span> <span class='ocrx_word' id='word_1_187' title='bbox 1696 2684 1816 2738; x_wconf 89' lang='lat' dir='ltr'><strong>tum</strong></span> <span class='ocrx_word' id='word_1_188' title='bbox 1831 2681 2064 2752; x_wconf 77' lang='lat' dir='ltr'><strong>quidem</strong></span> 
     </span>
    </p>
   </div>
   <div class='ocr_carea' id='block_1_31' title="bbox 419 2768 2067 2844">
    <p class='ocr_par' dir='ltr' id='par_1_31' title="bbox 419 2768 2067 2844">
     <span class='ocr_line' id='line_1_31' title="bbox 419 2768 2067 2844; baseline 0.003 -19"><span class='ocrx_word' id='word_1_189' title='bbox 419 2771 718 2826; x_wconf 63' lang='lat' dir='ltr'><strong>immensae</strong></span> <span class='ocrx_word' id='word_1_190' title='bbox 775 2770 903 2840; x_wconf 87' lang='lat' dir='ltr'><strong>ejus</strong></span> <span class='ocrx_word' id='word_1_191' title='bbox 963 2768 1232 2840; x_wconf 84' lang='lat' dir='ltr'><strong>petitioni</strong></span> <span class='ocrx_word' id='word_1_192' title='bbox 1287 2768 1529 2842; x_wconf 88' lang='lat' dir='ltr'><strong>reliquit</strong></span> <span class='ocrx_word' id='word_1_193' title='bbox 1558 2769 1776 2841; x_wconf 88' lang='lat' dir='ltr'><strong>locum,</strong></span> <span class='ocrx_word' id='word_1_194' title='bbox 1808 2773 1908 2828; x_wconf 92' lang='lat' dir='ltr'><strong>sed</strong></span> <span class='ocrx_word' id='word_1_195' title='bbox 1965 2789 2067 2844; x_wconf 91' lang='lat' dir='ltr'><strong>per</strong></span> 
     </span>
    </p>
   </div>
   <div class='ocr_carea' id='block_1_32' title="bbox 420 2859 2064 2931">
    <p class='ocr_par' dir='ltr' id='par_1_32' title="bbox 420 2859 2064 2931">
     <span class='ocr_line' id='line_1_32' title="bbox 420 2859 2064 2931; baseline 0.002 -15"><span class='ocrx_word' id='word_1_196' title='bbox 420 2859 744 2916; x_wconf 89' lang='lat' dir='ltr'><strong>sultanicas</strong></span> <span class='ocrx_word' id='word_1_197' title='bbox 775 2859 1058 2915; x_wconf 80' lang='lat' dir='ltr'><strong>duntaxat</strong></span> <span class='ocrx_word' id='word_1_198' title='bbox 1078 2859 1322 2925; x_wconf 90' lang='lat' dir='ltr'><strong>litteras,</strong></span> <span class='ocrx_word' id='word_1_199' title='bbox 1357 2876 1503 2931; x_wconf 87' lang='lat' dir='ltr'><strong>quas</strong></span> <span class='ocrx_word' id='word_1_200' title='bbox 1532 2859 1704 2916; x_wconf 89' lang='lat' dir='ltr'><strong>Turci</strong></span> <span class='ocrx_word' id='word_1_201' title='bbox 1735 2861 2064 2920; x_wconf 80' lang='lat' dir='ltr'><strong>Musurium</strong></span> 
     </span>
    </p>
   </div>
   <div class='ocr_carea' id='block_1_33' title="bbox 419 2948 2064 3023">
    <p class='ocr_par' dir='ltr' id='par_1_33' title="bbox 419 2948 2064 3023">
     <span class='ocr_line' id='line_1_33' title="bbox 419 2948 2064 3023; baseline 0.002 -18"><span class='ocrx_word' id='word_1_202' title='bbox 419 2953 648 3016; x_wconf 88' lang='lat' dir='ltr'><strong>vocant,</strong></span> <span class='ocrx_word' id='word_1_203' title='bbox 681 2949 730 3005; x_wconf 91' lang='lat' dir='ltr'><strong>ei</strong></span> <span class='ocrx_word' id='word_1_204' title='bbox 765 2949 1057 3004; x_wconf 87' lang='lat' dir='ltr'><strong>concessit</strong></span> <span class='ocrx_word' id='word_1_205' title='bbox 1082 2952 1147 3003; x_wconf 91' lang='lat' dir='ltr'><strong>ut</strong></span> <span class='ocrx_word' id='word_1_206' title='bbox 1176 2948 1418 3018; x_wconf 89' lang='lat' dir='ltr'><strong>impune</strong></span> <span class='ocrx_word' id='word_1_207' title='bbox 1447 2953 1824 3023; x_wconf 86' lang='lat' dir='ltr'><strong>quotcunque</strong></span> <span class='ocrx_word' id='word_1_208' title='bbox 1843 2952 2064 3008; x_wconf 90' lang='lat' dir='ltr'><strong>Turcas</strong></span> 
     </span>
    </p>
   </div>
   <div class='ocr_carea' id='block_1_34' title="bbox 422 3035 2063 3112">
    <p class='ocr_par' dir='ltr' id='par_1_34' title="bbox 422 3035 2063 3112">
     <span class='ocr_line' id='line_1_34' title="bbox 422 3035 2063 3112; baseline 0.003 -19"><span class='ocrx_word' id='word_1_209' title='bbox 422 3042 622 3110; x_wconf 86' lang='lat' dir='ltr'><strong>posset</strong></span> <span class='ocrx_word' id='word_1_210' title='bbox 651 3037 765 3093; x_wconf 88' lang='lat' dir='ltr'><strong>sibi</strong></span> <span class='ocrx_word' id='word_1_211' title='bbox 795 3035 1148 3095; x_wconf 87' lang='lat' dir='ltr'><strong>conciliaret.</strong></span> <span class='ocrx_word' id='word_1_212' title='bbox 1181 3036 1282 3092; x_wconf 89' lang='lat' dir='ltr'><strong>Ille</strong></span> <span class='ocrx_word' id='word_1_213' title='bbox 1333 3037 1514 3108; x_wconf 84' lang='lat' dir='ltr'><strong>igitur</strong></span> <span class='ocrx_word' id='word_1_214' title='bbox 1567 3038 1705 3094; x_wconf 89' lang='lat' dir='ltr'><strong>inde</strong></span> <span class='ocrx_word' id='word_1_215' title='bbox 1760 3041 2063 3112; x_wconf 77' lang='lat' dir='ltr'><strong>digressus</strong></span> 
     </span>
    </p>
   </div>
   <div class='ocr_carea' id='block_1_35' title="bbox 2165 539 3818 616">
    <p class='ocr_par' dir='ltr' id='par_1_35' title="bbox 2165 539 3818 616">
     <span class='ocr_line' id='line_1_35' title="bbox 2165 539 3818 616; baseline 0 -22"><span class='ocrx_word' id='word_1_216' title='bbox 2165 539 2242 602; x_wconf 75' lang='grc' dir='ltr'>εἷς</span> <span class='ocrx_word' id='word_1_217' title='bbox 2287 541 2581 615; x_wconf 85' lang='grc' dir='ltr'>πολίχνιον</span> <span class='ocrx_word' id='word_1_218' title='bbox 2634 539 2930 616; x_wconf 79' lang='grc' dir='ltr'>λεγόμενον</span> <span class='ocrx_word' id='word_1_219' title='bbox 2982 541 3263 615; x_wconf 70' lang='grc' dir='ltr'>Ἀρμαλα,</span> <span class='ocrx_word' id='word_1_220' title='bbox 3331 542 3548 596; x_wconf 79' lang='grc' dir='ltr'>κάκεῖσε</span> <span class='ocrx_word' id='word_1_221' title='bbox 3605 543 3818 615; x_wconf 77' lang='grc' dir='ltr'>Λατίνῳ</span> 
     </span>
    </p>
   </div>
   <div class='ocr_carea' id='block_1_36' title="bbox 2162 627 3816 706">
    <p class='ocr_par' dir='ltr' id='par_1_36' title="bbox 2162 627 3816 706">
     <span class='ocr_line' id='line_1_36' title="bbox 2162 627 3816 706; baseline 0.002 -24"><span class='ocrx_word' id='word_1_222' title='bbox 2162 628 2264 682; x_wconf 80' lang='grc' dir='ltr'>τινὶ</span> <span class='ocrx_word' id='word_1_223' title='bbox 2317 627 2657 698; x_wconf 70' lang='grc' dir='ltr'><strong>ἐπιξενωθεὶς</strong></span> <span class='ocrx_word' id='word_1_224' title='bbox 2715 631 2800 684; x_wconf 79' lang='grc' dir='ltr'><strong>καὶ</strong></span> <span class='ocrx_word' id='word_1_225' title='bbox 2858 629 3006 691; x_wconf 82' lang='grc' dir='ltr'>ὅστις</span> <span class='ocrx_word' id='word_1_226' title='bbox 3064 629 3148 700; x_wconf 60' lang='grc' dir='ltr'>εἴη</span> <span class='ocrx_word' id='word_1_227' title='bbox 3209 628 3574 704; x_wconf 84' lang='grc' dir='ltr'>ἀπηγγελκὼς</span> <span class='ocrx_word' id='word_1_228' title='bbox 3635 629 3816 706; x_wconf 78' lang='grc' dir='ltr'>(ἔλεγε</span> 
     </span>
    </p>
   </div>
   <div class='ocr_carea' id='block_1_37' title="bbox 2165 713 3810 793">
    <p class='ocr_par' dir='ltr' id='par_1_37' title="bbox 2165 713 3810 793">
     <span class='ocr_line' id='line_1_37' title="bbox 2165 713 3810 793; baseline 0.003 -23"><span class='ocrx_word' id='word_1_229' title='bbox 2165 713 2241 787; x_wconf 74' lang='grc' dir='ltr'>δὲ,</span> <span class='ocrx_word' id='word_1_230' title='bbox 2304 717 2377 778; x_wconf 85' lang='grc' dir='ltr'>ὡς</span> <span class='ocrx_word' id='word_1_231' title='bbox 2435 718 2627 793; x_wconf 86' lang='grc' dir='ltr'>μικρὸν</span> <span class='ocrx_word' id='word_1_232' title='bbox 2687 718 3000 792; x_wconf 68' lang='grc' dir='ltr'><strong>εἰρήκειμεν</strong></span> <span class='ocrx_word' id='word_1_233' title='bbox 3059 717 3282 789; x_wconf 81' lang='grc' dir='ltr'>ἃνωθεν,</span> <span class='ocrx_word' id='word_1_234' title='bbox 3339 719 3430 774; x_wconf 84' lang='grc' dir='ltr'><strong>καὶ</strong></span> <span class='ocrx_word' id='word_1_235' title='bbox 3521 716 3810 789; x_wconf 74' lang='grc' dir='ltr'>ἐκδοθῆναι</span> 
     </span>
    </p>
   </div>
   <div class='ocr_carea' id='block_1_38' title="bbox 2167 806 3816 885">
    <p class='ocr_par' dir='ltr' id='par_1_38' title="bbox 2167 806 3816 885">
     <span class='ocr_line' id='line_1_38' title="bbox 2167 806 3816 885; baseline 0.002 -25"><span class='ocrx_word' id='word_1_236' title='bbox 2167 809 2260 880; x_wconf 77' lang='grc' dir='ltr'>μὲν</span> <span class='ocrx_word' id='word_1_237' title='bbox 2292 806 2368 870; x_wconf 82' lang='grc' dir='ltr'><strong>είς</strong></span> <span class='ocrx_word' id='word_1_238' title='bbox 2407 807 2469 862; x_wconf 83' lang='grc' dir='ltr'>τὸ</span> <span class='ocrx_word' id='word_1_239' title='bbox 2515 808 2652 862; x_wconf 89' lang='grc' dir='ltr'><strong>κατά</strong></span> <span class='ocrx_word' id='word_1_240' title='bbox 2707 809 2871 881; x_wconf 78' lang='grc' dir='ltr'>βυθοῦ</span> <span class='ocrx_word' id='word_1_241' title='bbox 2921 807 3197 878; x_wconf 83' lang='grc' dir='ltr'>θαλάσσης</span> <span class='ocrx_word' id='word_1_242' title='bbox 3244 809 3624 878; x_wconf 81' lang='grc' dir='ltr'>ἀκοντισθῆναι</span> <span class='ocrx_word' id='word_1_243' title='bbox 3682 811 3816 885; x_wconf 84' lang='grc' dir='ltr'>παρ’</span> 
     </span>
    </p>
   </div>
   <div class='ocr_carea' id='block_1_39' title="bbox 2162 891 3811 974">
    <p class='ocr_par' dir='ltr' id='par_1_39' title="bbox 2162 891 3811 974">
     <span class='ocr_line' id='line_1_39' title="bbox 2162 891 3811 974; baseline -0.001 -21"><span class='ocrx_word' id='word_1_244' title='bbox 2162 893 2530 970; x_wconf 72' lang='grc' dir='ltr'><strong>Ἀνδρονίκου,</strong></span> <span class='ocrx_word' id='word_1_245' title='bbox 2591 895 2997 972; x_wconf 77' lang='grc' dir='ltr'>οἷκτειρηθῆναι</span> <span class='ocrx_word' id='word_1_246' title='bbox 3057 897 3114 952; x_wconf 77' lang='grc' dir='ltr'>δὲ</span> <span class='ocrx_word' id='word_1_247' title='bbox 3173 899 3316 972; x_wconf 62' lang='grc' dir='ltr'>παρὰ</span> <span class='ocrx_word' id='word_1_248' title='bbox 3369 902 3478 954; x_wconf 89' lang='grc' dir='ltr'><strong>τῶν</strong></span> <span class='ocrx_word' id='word_1_249' title='bbox 3533 899 3596 953; x_wconf 83' lang='grc' dir='ltr'>τὸ</span> <span class='ocrx_word' id='word_1_250' title='bbox 3653 891 3811 974; x_wconf 71' lang='grc' dir='ltr'>ἔργον</span> 
     </span>
    </p>
   </div>
   <div class='ocr_carea' id='block_1_40' title="bbox 2161 983 3815 1065">
    <p class='ocr_par' dir='ltr' id='par_1_40' title="bbox 2161 983 3815 1065">
     <span class='ocr_line' id='line_1_40' title="bbox 2161 983 3815 1065; baseline 0.001 -27"><span class='ocrx_word' id='word_1_251' title='bbox 2161 983 2323 1040; x_wconf 69' lang='grc' dir='ltr'>τοῦτο</span> <span class='ocrx_word' id='word_1_252' title='bbox 2401 985 2800 1065; x_wconf 69' lang='grc' dir='ltr'>ἐπιταχθέντων</span> <span class='ocrx_word' id='word_1_253' title='bbox 2879 989 2954 1048; x_wconf 84' lang='grc' dir='ltr'>ὡς</span> <span class='ocrx_word' id='word_1_254' title='bbox 3029 988 3297 1059; x_wconf 67' lang='grc' dir='ltr'>πατρῴων</span> <span class='ocrx_word' id='word_1_255' title='bbox 3374 986 3524 1060; x_wconf 86' lang='grc' dir='ltr'>αὐτῷ</span> <span class='ocrx_word' id='word_1_256' title='bbox 3572 987 3815 1060; x_wconf 84' lang='grc' dir='ltr'>ὀμοτῶν)</span> 
     </span>
    </p>
   </div>
   <div class='ocr_carea' id='block_1_41' title="bbox 2165 1073 3811 1150">
    <p class='ocr_par' dir='ltr' id='par_1_41' title="bbox 2165 1073 3811 1150">
     <span class='ocr_line' id='line_1_41' title="bbox 2165 1073 3811 1150; baseline 0.001 -22"><span class='ocrx_word' id='word_1_257' title='bbox 2165 1073 2376 1147; x_wconf 78' lang='grc' dir='ltr'>σύναμά</span> <span class='ocrx_word' id='word_1_258' title='bbox 2405 1076 2456 1130; x_wconf 76' lang='grc' dir='ltr'>οἱ</span> <span class='ocrx_word' id='word_1_259' title='bbox 2498 1076 2634 1150; x_wconf 80' lang='grc' dir='ltr'>πρὸς</span> <span class='ocrx_word' id='word_1_260' title='bbox 2693 1075 2756 1131; x_wconf 88' lang='grc' dir='ltr'>τὸ</span> <span class='ocrx_word' id='word_1_261' title='bbox 2803 1074 3030 1130; x_wconf 80' lang='grc' dir='ltr'>Ἰκόνιον</span> <span class='ocrx_word' id='word_1_262' title='bbox 3074 1077 3277 1144; x_wconf 83' lang='grc' dir='ltr'>ἄπεισι,</span> <span class='ocrx_word' id='word_1_263' title='bbox 3324 1076 3414 1130; x_wconf 84' lang='grc' dir='ltr'><strong>καὶ</strong></span> <span class='ocrx_word' id='word_1_264' title='bbox 3460 1079 3540 1148; x_wconf 80' lang='grc' dir='ltr'><strong>τῷ</strong></span> <span class='ocrx_word' id='word_1_265' title='bbox 3596 1074 3811 1149; x_wconf 79' lang='grc' dir='ltr'>γέροντι</span> 
     </span>
    </p>
   </div>
   <div class='ocr_carea' id='block_1_42' title="bbox 2164 1163 3818 1241">
    <p class='ocr_par' dir='ltr' id='par_1_42' title="bbox 2164 1163 3818 1241">
     <span class='ocr_line' id='line_1_42' title="bbox 2164 1163 3818 1241; baseline 0.001 -23"><span class='ocrx_word' id='word_1_266' title='bbox 2164 1163 2346 1241; x_wconf 70' lang='grc' dir='ltr'>ὀφθεὶς</span> <span class='ocrx_word' id='word_1_267' title='bbox 2380 1163 2611 1220; x_wconf 78' lang='grc' dir='ltr'>σουλτάν</span> <span class='ocrx_word' id='word_1_268' title='bbox 2655 1164 2836 1235; x_wconf 75' lang='grc' dir='ltr'>(οὕπω</span> <span class='ocrx_word' id='word_1_269' title='bbox 2890 1165 2988 1240; x_wconf 73' lang='grc' dir='ltr'><strong>γὰρ</strong></span> <span class='ocrx_word' id='word_1_270' title='bbox 3037 1166 3199 1220; x_wconf 85' lang='grc' dir='ltr'>αὐτὸν</span> <span class='ocrx_word' id='word_1_271' title='bbox 3243 1167 3521 1241; x_wconf 79' lang='grc' dir='ltr'>καθήρηκε</span> <span class='ocrx_word' id='word_1_272' title='bbox 3567 1172 3667 1234; x_wconf 81' lang='grc' dir='ltr'><strong>τῆς</strong></span> <span class='ocrx_word' id='word_1_273' title='bbox 3715 1165 3818 1241; x_wconf 87' lang='grc' dir='ltr'>ἀρ-</span> 
     </span>
    </p>
   </div>
   <div class='ocr_carea' id='block_1_43' title="bbox 2164 1251 3820 1331">
    <p class='ocr_par' dir='ltr' id='par_1_43' title="bbox 2164 1251 3820 1331">
     <span class='ocr_line' id='line_1_43' title="bbox 2164 1251 3820 1331; baseline 0 -23"><span class='ocrx_word' id='word_1_274' title='bbox 2164 1260 2276 1331; x_wconf 72' lang='grc' dir='ltr'>χῆς</span> <span class='ocrx_word' id='word_1_275' title='bbox 2309 1251 2569 1308; x_wconf 85' lang='grc' dir='ltr'>ὁέκείνου</span> <span class='ocrx_word' id='word_1_276' title='bbox 2627 1259 2754 1316; x_wconf 73' lang='grc' dir='ltr'>παῖς</span> <span class='ocrx_word' id='word_1_277' title='bbox 2806 1255 2834 1309; x_wconf 78' lang='grc' dir='ltr'>ὁ</span> <span class='ocrx_word' id='word_1_278' title='bbox 2888 1257 3212 1329; x_wconf 83' lang='grc' dir='ltr'>Κοπατῖνος)</span> <span class='ocrx_word' id='word_1_279' title='bbox 3262 1255 3338 1316; x_wconf 85' lang='grc' dir='ltr'><strong>ὡς</strong></span> <span class='ocrx_word' id='word_1_280' title='bbox 3387 1255 3503 1318; x_wconf 73' lang='grc' dir='ltr'>υἱὸς</span> <span class='ocrx_word' id='word_1_281' title='bbox 3551 1252 3820 1324; x_wconf 80' lang='grc' dir='ltr'>ἀληθινὸς</span> 
     </span>
    </p>
   </div>
   <div class='ocr_carea' id='block_1_44' title="bbox 2164 1342 3814 1419">
    <p class='ocr_par' dir='ltr' id='par_1_44' title="bbox 2164 1342 3814 1419">
     <span class='ocr_line' id='line_1_44' title="bbox 2164 1342 3814 1419; baseline 0.001 -22"><span class='ocrx_word' id='word_1_282' title='bbox 2164 1347 2260 1397; x_wconf 71' lang='grc' dir='ltr'>τοῦ</span> <span class='ocrx_word' id='word_1_283' title='bbox 2292 1342 2696 1418; x_wconf 67' lang='grc' dir='ltr'>αὐτοκράτορος</span> <span class='ocrx_word' id='word_1_284' title='bbox 2731 1344 3014 1414; x_wconf 73' lang='grc' dir='ltr'>Μανουὴλ,</span> <span class='ocrx_word' id='word_1_285' title='bbox 3047 1343 3176 1399; x_wconf 87' lang='grc' dir='ltr'>ἀλλ’</span> <span class='ocrx_word' id='word_1_286' title='bbox 3225 1343 3331 1419; x_wconf 83' lang='grc' dir='ltr'><strong>οὐχ</strong></span> <span class='ocrx_word' id='word_1_287' title='bbox 3378 1345 3450 1404; x_wconf 86' lang='grc' dir='ltr'><strong>ὡς</strong></span> <span class='ocrx_word' id='word_1_288' title='bbox 3497 1342 3814 1406; x_wconf 68' lang='grc' dir='ltr'>ἐπείσακτος</span> 
     </span>
    </p>
   </div>
   <div class='ocr_carea' id='block_1_45' title="bbox 2164 1429 3814 1508">
    <p class='ocr_par' dir='ltr' id='par_1_45' title="bbox 2164 1429 3814 1508">
     <span class='ocr_line' id='line_1_45' title="bbox 2164 1429 3814 1508; baseline 0.002 -23"><span class='ocrx_word' id='word_1_289' title='bbox 2164 1431 2252 1485; x_wconf 80' lang='grc' dir='ltr'><strong>καὶ</strong></span> <span class='ocrx_word' id='word_1_290' title='bbox 2286 1429 2492 1494; x_wconf 71' lang='grc' dir='ltr'>πλάνος</span> <span class='ocrx_word' id='word_1_291' title='bbox 2543 1432 2728 1504; x_wconf 85' lang='grc' dir='ltr'>ἐκείνῳ</span> <span class='ocrx_word' id='word_1_292' title='bbox 2784 1431 3208 1508; x_wconf 77' lang='grc' dir='ltr'>προσδιελεγετο</span> <span class='ocrx_word' id='word_1_293' title='bbox 3291 1432 3570 1496; x_wconf 81' lang='grc' dir='ltr'>Πολλάκις</span> <span class='ocrx_word' id='word_1_294' title='bbox 3621 1431 3678 1488; x_wconf 73' lang='grc' dir='ltr'>δὲ</span> <span class='ocrx_word' id='word_1_295' title='bbox 3725 1434 3814 1488; x_wconf 77' lang='grc' dir='ltr'><strong>καὶ</strong></span> 
     </span>
    </p>
   </div>
   <div class='ocr_carea' id='block_1_46' title="bbox 2163 1519 3816 1598">
    <p class='ocr_par' dir='ltr' id='par_1_46' title="bbox 2163 1519 3816 1598">
     <span class='ocr_line' id='line_1_46' title="bbox 2163 1519 3816 1598; baseline 0 -22"><span class='ocrx_word' id='word_1_296' title='bbox 2163 1519 2489 1592; x_wconf 78' lang='grc' dir='ltr'>ἐπέπληττε,</span> <span class='ocrx_word' id='word_1_297' title='bbox 2547 1524 2635 1577; x_wconf 84' lang='grc' dir='ltr'><strong>καὶ</strong></span> <span class='ocrx_word' id='word_1_298' title='bbox 2677 1528 2784 1579; x_wconf 90' lang='grc' dir='ltr'><strong>τῶν</strong></span> <span class='ocrx_word' id='word_1_299' title='bbox 2849 1522 2907 1578; x_wconf 85' lang='grc' dir='ltr'><strong>ἐκ</strong></span> <span class='ocrx_word' id='word_1_300' title='bbox 2964 1527 3062 1578; x_wconf 78' lang='grc' dir='ltr'><strong>τοῦ</strong></span> <span class='ocrx_word' id='word_1_301' title='bbox 3146 1521 3306 1592; x_wconf 80' lang='grc' dir='ltr'>δῆθεν</span> <span class='ocrx_word' id='word_1_302' title='bbox 3364 1523 3566 1598; x_wconf 82' lang='grc' dir='ltr'>πατρὸς</span> <span class='ocrx_word' id='word_1_303' title='bbox 3626 1521 3816 1596; x_wconf 84' lang='grc' dir='ltr'>ἐκείνῳ</span> 
     </span>
    </p>
   </div>
   <div class='ocr_carea' id='block_1_47' title="bbox 2161 1609 3812 1686">
    <p class='ocr_par' dir='ltr' id='par_1_47' title="bbox 2161 1609 3812 1686">
     <span class='ocr_line' id='line_1_47' title="bbox 2161 1609 3812 1686; baseline 0.001 -24"><span class='ocrx_word' id='word_1_304' title='bbox 2161 1612 2258 1664; x_wconf 84' lang='grc' dir='ltr'><strong>τοῦ</strong></span> <span class='ocrx_word' id='word_1_305' title='bbox 2301 1609 2568 1679; x_wconf 80' lang='grc' dir='ltr'>Μανουήλ</span> <span class='ocrx_word' id='word_1_306' title='bbox 2611 1610 2700 1666; x_wconf 64' lang='grc' dir='ltr'><strong>ἔπ’</strong></span> <span class='ocrx_word' id='word_1_307' title='bbox 2749 1609 2894 1682; x_wconf 89' lang='grc' dir='ltr'><strong>αὐτῷ</strong></span> <span class='ocrx_word' id='word_1_308' title='bbox 2948 1613 3329 1686; x_wconf 68' lang='grc' dir='ltr'>γεγενημένων</span> <span class='ocrx_word' id='word_1_309' title='bbox 3382 1610 3812 1682; x_wconf 71' lang='grc' dir='ltr'>ἀναμιμνήσκων</span> 
     </span>
    </p>
   </div>
   <div class='ocr_carea' id='block_1_48' title="bbox 2164 1697 3815 1778">
    <p class='ocr_par' dir='ltr' id='par_1_48' title="bbox 2164 1697 3815 1778">
     <span class='ocr_line' id='line_1_48' title="bbox 2164 1697 3815 1778; baseline 0.001 -25"><span class='ocrx_word' id='word_1_310' title='bbox 2164 1697 2422 1754; x_wconf 79' lang='grc' dir='ltr'>εὐποιιῶν</span> <span class='ocrx_word' id='word_1_311' title='bbox 2480 1699 2777 1775; x_wconf 81' lang='grc' dir='ltr'>ἀχάριστον</span> <span class='ocrx_word' id='word_1_312' title='bbox 2828 1699 2952 1775; x_wconf 86' lang='grc' dir='ltr'>περὶ</span> <span class='ocrx_word' id='word_1_313' title='bbox 2998 1701 3091 1755; x_wconf 87' lang='grc' dir='ltr'>τὸν</span> <span class='ocrx_word' id='word_1_314' title='bbox 3135 1699 3420 1778; x_wconf 78' lang='grc' dir='ltr'><strong>εὐεργέτην</strong></span> <span class='ocrx_word' id='word_1_315' title='bbox 3468 1697 3673 1768; x_wconf 78' lang='grc' dir='ltr'>ἐκάλει,</span> <span class='ocrx_word' id='word_1_316' title='bbox 3724 1701 3815 1755; x_wconf 79' lang='grc' dir='ltr'><strong>καὶ</strong></span> 
     </span>
    </p>
   </div>
   <div class='ocr_carea' id='block_1_49' title="bbox 2163 1785 3814 1867">
    <p class='ocr_par' dir='ltr' id='par_1_49' title="bbox 2163 1785 3814 1867">
     <span class='ocr_line' id='line_1_49' title="bbox 2163 1785 3814 1867; baseline 0 -25"><span class='ocrx_word' id='word_1_317' title='bbox 2163 1786 2228 1842; x_wconf 83' lang='grc' dir='ltr'>τὸ</span> <span class='ocrx_word' id='word_1_318' title='bbox 2281 1787 2709 1867; x_wconf 75' lang='grc' dir='ltr'>ἀφιλάνθρωπον</span> <span class='ocrx_word' id='word_1_319' title='bbox 2771 1785 3134 1859; x_wconf 84' lang='grc' dir='ltr'>ἐπωνείδιζεν,</span> <span class='ocrx_word' id='word_1_320' title='bbox 3190 1787 3235 1844; x_wconf 84' lang='grc' dir='ltr'>εἰ</span> <span class='ocrx_word' id='word_1_321' title='bbox 3294 1789 3472 1850; x_wconf 74' lang='grc' dir='ltr'>οὕτως</span> <span class='ocrx_word' id='word_1_322' title='bbox 3522 1789 3814 1864; x_wconf 78' lang='grc' dir='ltr'>ἀτυχοῦντι</span> 
     </span>
    </p>
   </div>
   <div class='ocr_carea' id='block_1_50' title="bbox 2169 1874 3813 1953">
    <p class='ocr_par' dir='ltr' id='par_1_50' title="bbox 2169 1874 3813 1953">
     <span class='ocr_line' id='line_1_50' title="bbox 2169 1874 3813 1953; baseline 0.001 -23"><span class='ocrx_word' id='word_1_323' title='bbox 2169 1875 2334 1953; x_wconf 77' lang='grc' dir='ltr'>φίλου</span> <span class='ocrx_word' id='word_1_324' title='bbox 2365 1875 2521 1932; x_wconf 86' lang='grc' dir='ltr'>παιδὶ</span> <span class='ocrx_word' id='word_1_325' title='bbox 2553 1876 2651 1932; x_wconf 87' lang='grc' dir='ltr'><strong>οὐκ</strong></span> <span class='ocrx_word' id='word_1_326' title='bbox 2700 1876 3117 1951; x_wconf 75' lang='grc' dir='ltr'>ἐπικάμπτεται.</span> <span class='ocrx_word' id='word_1_327' title='bbox 3147 1878 3210 1935; x_wconf 90' lang='grc' dir='ltr'>Ὁ</span> <span class='ocrx_word' id='word_1_328' title='bbox 3246 1874 3303 1932; x_wconf 73' lang='grc' dir='ltr'><strong>δέ</strong></span> <span class='ocrx_word' id='word_1_329' title='bbox 3347 1881 3512 1932; x_wconf 79' lang='grc' dir='ltr'>τοῦτο</span> <span class='ocrx_word' id='word_1_330' title='bbox 3564 1878 3658 1952; x_wconf 77' lang='grc' dir='ltr'>μὲν</span> <span class='ocrx_word' id='word_1_331' title='bbox 3709 1877 3813 1932; x_wconf 85' lang='grc' dir='ltr'><strong>ὐπὸ</strong></span> 
     </span>
    </p>
   </div>
   <div class='ocr_carea' id='block_1_51' title="bbox 2168 1963 3818 2046">
    <p class='ocr_par' dir='ltr' id='par_1_51' title="bbox 2168 1963 3818 2046">
     <span class='ocr_line' id='line_1_51' title="bbox 2168 1963 3818 2046; baseline 0.002 -26"><span class='ocrx_word' id='word_1_332' title='bbox 2168 1971 2268 2034; x_wconf 86' lang='grc' dir='ltr'><strong>τῆς</strong></span> <span class='ocrx_word' id='word_1_333' title='bbox 2298 1963 2592 2037; x_wconf 84' lang='grc' dir='ltr'>ἀναιδείας,</span> <span class='ocrx_word' id='word_1_334' title='bbox 2631 1971 2794 2022; x_wconf 83' lang='grc' dir='ltr'>τοῦτο</span> <span class='ocrx_word' id='word_1_335' title='bbox 2828 1965 2874 2022; x_wconf 86' lang='grc' dir='ltr'>δ’</span> <span class='ocrx_word' id='word_1_336' title='bbox 2904 1967 2962 2022; x_wconf 81' lang='grc' dir='ltr'><strong>ἐκ</strong></span> <span class='ocrx_word' id='word_1_337' title='bbox 2989 1973 3096 2022; x_wconf 90' lang='grc' dir='ltr'><strong>τῶν</strong></span> <span class='ocrx_word' id='word_1_338' title='bbox 3123 1971 3221 2024; x_wconf 82' lang='grc' dir='ltr'><strong>τοῦ</strong></span> <span class='ocrx_word' id='word_1_339' title='bbox 3247 1973 3603 2046; x_wconf 80' lang='grc' dir='ltr'>χαρακτῆρος</span> <span class='ocrx_word' id='word_1_340' title='bbox 3633 1964 3818 2024; x_wconf 82' lang='grc' dir='ltr'>ίνδαλ·</span> 
     </span>
    </p>
   </div>
   <div class='ocr_carea' id='block_1_52' title="bbox 2173 2053 3815 2134">
    <p class='ocr_par' dir='ltr' id='par_1_52' title="bbox 2173 2053 3815 2134">
     <span class='ocr_line' id='line_1_52' title="bbox 2173 2053 3815 2134; baseline 0.001 -24"><span class='ocrx_word' id='word_1_341' title='bbox 2173 2056 2355 2128; x_wconf 82' lang='grc' dir='ltr'>μάτων</span> <span class='ocrx_word' id='word_1_342' title='bbox 2385 2060 2548 2129; x_wconf 83' lang='grc' dir='ltr'>τιμᾷν</span> <span class='ocrx_word' id='word_1_343' title='bbox 2583 2055 2740 2112; x_wconf 88' lang='grc' dir='ltr'>αὐτὸν</span> <span class='ocrx_word' id='word_1_344' title='bbox 2775 2055 3096 2132; x_wconf 78' lang='grc' dir='ltr'>ἐναγόμενος</span> <span class='ocrx_word' id='word_1_345' title='bbox 3130 2053 3329 2131; x_wconf 82' lang='grc' dir='ltr'>δώροις</span> <span class='ocrx_word' id='word_1_346' title='bbox 3359 2077 3416 2111; x_wconf 92' lang='grc' dir='ltr'><strong>τε</strong></span> <span class='ocrx_word' id='word_1_347' title='bbox 3446 2055 3544 2112; x_wconf 91' lang='grc' dir='ltr'><strong>οὐκ</strong></span> <span class='ocrx_word' id='word_1_348' title='bbox 3600 2055 3815 2134; x_wconf 83' lang='grc' dir='ltr'>ὀλίγοις</span> 
     </span>
    </p>
   </div>
   <div class='ocr_carea' id='block_1_53' title="bbox 2169 2141 3816 2220">
    <p class='ocr_par' dir='ltr' id='par_1_53' title="bbox 2169 2141 3816 2220">
     <span class='ocr_line' id='line_1_53' title="bbox 2169 2141 3816 2220; baseline 0.001 -22"><span class='ocrx_word' id='word_1_349' title='bbox 2169 2141 2334 2214; x_wconf 74' lang='grc' dir='ltr'>ἤδυνε</span> <span class='ocrx_word' id='word_1_350' title='bbox 2364 2145 2452 2200; x_wconf 83' lang='grc' dir='ltr'><strong>καὶ</strong></span> <span class='ocrx_word' id='word_1_351' title='bbox 2483 2145 2713 2220; x_wconf 84' lang='grc' dir='ltr'>ἀγαθαῖς</span> <span class='ocrx_word' id='word_1_352' title='bbox 2754 2143 2970 2202; x_wconf 83' lang='grc' dir='ltr'>ἐλπίσιν</span> <span class='ocrx_word' id='word_1_353' title='bbox 3023 2143 3314 2202; x_wconf 86' lang='grc' dir='ltr'>ὑπέσαινεν.</span> <span class='ocrx_word' id='word_1_354' title='bbox 3362 2147 3462 2202; x_wconf 86' lang='grc' dir='ltr'>Ἦν</span> <span class='ocrx_word' id='word_1_355' title='bbox 3511 2141 3558 2200; x_wconf 84' lang='grc' dir='ltr'>δ’</span> <span class='ocrx_word' id='word_1_356' title='bbox 3587 2144 3678 2201; x_wconf 74' lang='grc' dir='ltr'><strong>ὅτε</strong></span> <span class='ocrx_word' id='word_1_357' title='bbox 3726 2148 3816 2200; x_wconf 81' lang='grc' dir='ltr'>καὶ</span> 
     </span>
    </p>
   </div>
   <div class='ocr_carea' id='block_1_54' title="bbox 2169 2228 3820 2308">
    <p class='ocr_par' dir='ltr' id='par_1_54' title="bbox 2169 2228 3820 2308">
     <span class='ocr_line' id='line_1_54' title="bbox 2169 2228 3820 2308; baseline 0.001 -20"><span class='ocrx_word' id='word_1_358' title='bbox 2169 2228 2504 2308; x_wconf 73' lang='grc' dir='ltr'>πρεσϐευτὴν</span> <span class='ocrx_word' id='word_1_359' title='bbox 2552 2233 2825 2307; x_wconf 82' lang='grc' dir='ltr'>Ρωμαίων</span> <span class='ocrx_word' id='word_1_360' title='bbox 2874 2235 3081 2290; x_wconf 61' lang='grc' dir='ltr'>ἑστῶτα</span> <span class='ocrx_word' id='word_1_361' title='bbox 3127 2234 3216 2288; x_wconf 79' lang='grc' dir='ltr'>καὶ</span> <span class='ocrx_word' id='word_1_362' title='bbox 3269 2234 3622 2308; x_wconf 84' lang='grc' dir='ltr'>ἀκροώμενον</span> <span class='ocrx_word' id='word_1_363' title='bbox 3674 2233 3820 2296; x_wconf 75' lang='grc' dir='ltr'>ὅπως</span> 
     </span>
    </p>
   </div>
   <div class='ocr_carea' id='block_1_55' title="bbox 2171 2321 3823 2400">
    <p class='ocr_par' dir='ltr' id='par_1_55' title="bbox 2171 2321 3823 2400">
     <span class='ocr_line' id='line_1_55' title="bbox 2171 2321 3823 2400; baseline 0.001 -22"><span class='ocrx_word' id='word_1_364' title='bbox 2171 2324 2360 2378; x_wconf 74' lang='grc' dir='ltr'>ἑαυτὸν</span> <span class='ocrx_word' id='word_1_365' title='bbox 2389 2327 2458 2397; x_wconf 82' lang='grc' dir='ltr'><strong>τῇ</strong></span> <span class='ocrx_word' id='word_1_366' title='bbox 2489 2322 2669 2400; x_wconf 83' lang='grc' dir='ltr'>ἐξόχῳ</span> <span class='ocrx_word' id='word_1_367' title='bbox 2701 2323 2936 2400; x_wconf 82' lang='grc' dir='ltr'>εὐγενείᾳ</span> <span class='ocrx_word' id='word_1_368' title='bbox 2967 2323 3274 2398; x_wconf 77' lang='grc' dir='ltr'>ἐσέμνυνεν,</span> <span class='ocrx_word' id='word_1_369' title='bbox 3324 2321 3491 2400; x_wconf 73' lang='grc' dir='ltr'>ἤρετο</span> <span class='ocrx_word' id='word_1_370' title='bbox 3525 2325 3554 2379; x_wconf 82' lang='grc' dir='ltr'>ὁ</span> <span class='ocrx_word' id='word_1_371' title='bbox 3590 2324 3823 2380; x_wconf 81' lang='grc' dir='ltr'>σουλτάν</span> 
     </span>
    </p>
   </div>
   <div class='ocr_carea' id='block_1_56' title="bbox 2172 2412 3814 2491">
    <p class='ocr_par' dir='ltr' id='par_1_56' title="bbox 2172 2412 3814 2491">
     <span class='ocr_line' id='line_1_56' title="bbox 2172 2412 3814 2491; baseline 0 -21"><span class='ocrx_word' id='word_1_372' title='bbox 2172 2413 2218 2470; x_wconf 79' lang='grc' dir='ltr'><strong>εί</strong></span> <span class='ocrx_word' id='word_1_373' title='bbox 2249 2412 2530 2470; x_wconf 87' lang='grc' dir='ltr'>ἐπίσταται</span> <span class='ocrx_word' id='word_1_374' title='bbox 2559 2415 2751 2471; x_wconf 75' lang='grc' dir='ltr'>τοῦτον</span> <span class='ocrx_word' id='word_1_375' title='bbox 2779 2420 2875 2470; x_wconf 76' lang='grc' dir='ltr'><strong>τοῦ</strong></span> <span class='ocrx_word' id='word_1_376' title='bbox 2906 2416 3306 2491; x_wconf 85' lang='grc' dir='ltr'>αὐτοκράτορος</span> <span class='ocrx_word' id='word_1_377' title='bbox 3355 2415 3472 2470; x_wconf 73' lang='grc' dir='ltr'>υἱὸν</span> <span class='ocrx_word' id='word_1_378' title='bbox 3525 2413 3814 2486; x_wconf 74' lang='grc' dir='ltr'>Μανουήλ.</span> 
     </span>
    </p>
   </div>
   <div class='ocr_carea' id='block_1_57' title="bbox 2169 2501 3816 2581">
    <p class='ocr_par' dir='ltr' id='par_1_57' title="bbox 2169 2501 3816 2581">
     <span class='ocr_line' id='line_1_57' title="bbox 2169 2501 3816 2581; baseline -0.001 -21"><span class='ocrx_word' id='word_1_379' title='bbox 2169 2508 2278 2560; x_wconf 77' lang='grc' dir='ltr'>Τοῦ</span> <span class='ocrx_word' id='word_1_380' title='bbox 2309 2501 2368 2560; x_wconf 73' lang='grc' dir='ltr'>δὲ</span> <span class='ocrx_word' id='word_1_381' title='bbox 2402 2502 2575 2578; x_wconf 73' lang='grc' dir='ltr'>μηδὲν</span> <span class='ocrx_word' id='word_1_382' title='bbox 2604 2526 2658 2560; x_wconf 88' lang='grc' dir='ltr'><strong>τι</strong></span> <span class='ocrx_word' id='word_1_383' title='bbox 2691 2507 2964 2576; x_wconf 75' lang='grc' dir='ltr'>φήσαντος</span> <span class='ocrx_word' id='word_1_384' title='bbox 2992 2503 3176 2581; x_wconf 74' lang='grc' dir='ltr'>ἕτερον</span> <span class='ocrx_word' id='word_1_385' title='bbox 3205 2503 3332 2561; x_wconf 85' lang='grc' dir='ltr'>ἀλλ’</span> <span class='ocrx_word' id='word_1_386' title='bbox 3363 2505 3448 2560; x_wconf 78' lang='grc' dir='ltr'><strong>ὅτι</strong></span> <span class='ocrx_word' id='word_1_387' title='bbox 3499 2502 3566 2574; x_wconf 84' lang='grc' dir='ltr'>δή</span> <span class='ocrx_word' id='word_1_388' title='bbox 3618 2504 3816 2568; x_wconf 81' lang='grc' dir='ltr'>ἐκεῖνος</span> 
     </span>
    </p>
   </div>
   <div class='ocr_carea' id='block_1_58' title="bbox 2169 2592 3818 2673">
    <p class='ocr_par' dir='ltr' id='par_1_58' title="bbox 2169 2592 3818 2673">
     <span class='ocr_line' id='line_1_58' title="bbox 2169 2592 3818 2673; baseline 0 -25"><span class='ocrx_word' id='word_1_389' title='bbox 2169 2593 2423 2649; x_wconf 80' lang='grc' dir='ltr'>ἀπώλετο</span> <span class='ocrx_word' id='word_1_390' title='bbox 2498 2594 2722 2664; x_wconf 85' lang='grc' dir='ltr'>ἀληθῶς</span> <span class='ocrx_word' id='word_1_391' title='bbox 2798 2594 2979 2673; x_wconf 79' lang='grc' dir='ltr'>φανεὶς</span> <span class='ocrx_word' id='word_1_392' title='bbox 3055 2592 3455 2656; x_wconf 86' lang='grc' dir='ltr'>ὑδατόκλυστος</span> <span class='ocrx_word' id='word_1_393' title='bbox 3526 2595 3617 2648; x_wconf 83' lang='grc' dir='ltr'><strong>καὶ</strong></span> <span class='ocrx_word' id='word_1_394' title='bbox 3658 2595 3818 2656; x_wconf 82' lang='grc' dir='ltr'>οὗτος</span> 
     </span>
    </p>
   </div>
   <div class='ocr_carea' id='block_1_59' title="bbox 2175 2681 3815 2760">
    <p class='ocr_par' dir='ltr' id='par_1_59' title="bbox 2175 2681 3815 2760">
     <span class='ocr_line' id='line_1_59' title="bbox 2175 2681 3815 2760; baseline 0 -22"><span class='ocrx_word' id='word_1_395' title='bbox 2175 2681 2351 2756; x_wconf 85' lang='grc' dir='ltr'>μάτην</span> <span class='ocrx_word' id='word_1_396' title='bbox 2407 2683 2532 2759; x_wconf 84' lang='grc' dir='ltr'>περὶ</span> <span class='ocrx_word' id='word_1_397' title='bbox 2591 2685 2782 2739; x_wconf 77' lang='grc' dir='ltr'>ἐαυτοῦ</span> <span class='ocrx_word' id='word_1_398' title='bbox 2829 2684 2896 2739; x_wconf 75' lang='grc' dir='ltr'>τὰ</span> <span class='ocrx_word' id='word_1_399' title='bbox 2975 2685 3054 2758; x_wconf 82' lang='grc' dir='ltr'>μὴ</span> <span class='ocrx_word' id='word_1_400' title='bbox 3127 2683 3476 2748; x_wconf 75' lang='grc' dir='ltr'>πιστεύεσθαι</span> <span class='ocrx_word' id='word_1_401' title='bbox 3545 2683 3815 2760; x_wconf 80' lang='grc' dir='ltr'>πεφυκότα</span> 
     </span>
    </p>
   </div>
   <div class='ocr_carea' id='block_1_60' title="bbox 2169 2771 3805 2848">
    <p class='ocr_par' dir='ltr' id='par_1_60' title="bbox 2169 2771 3805 2848">
     <span class='ocr_line' id='line_1_60' title="bbox 2169 2771 3805 2848; baseline 0.001 -22"><span class='ocrx_word' id='word_1_402' title='bbox 2169 2771 2443 2845; x_wconf 75' lang='grc' dir='ltr'>ξυντίθησι</span> <span class='ocrx_word' id='word_1_403' title='bbox 2517 2779 2587 2847; x_wconf 81' lang='grc' dir='ltr'>τῇ</span> <span class='ocrx_word' id='word_1_404' title='bbox 2661 2778 2758 2829; x_wconf 81' lang='grc' dir='ltr'><strong>τοῦ</strong></span> <span class='ocrx_word' id='word_1_405' title='bbox 2835 2773 3084 2848; x_wconf 80' lang='grc' dir='ltr'>κειμένου</span> <span class='ocrx_word' id='word_1_406' title='bbox 3155 2772 3354 2842; x_wconf 73' lang='grc' dir='ltr'>κλήσει</span> <span class='ocrx_word' id='word_1_407' title='bbox 3418 2771 3805 2848; x_wconf 80' lang='grc' dir='ltr'>ἐποχούμενος,</span> 
     </span>
    </p>
   </div>
   <div class='ocr_carea' id='block_1_61' title="bbox 2173 2857 3800 2937">
    <p class='ocr_par' dir='ltr' id='par_1_61' title="bbox 2173 2857 3800 2937">
     <span class='ocr_line' id='line_1_61' title="bbox 2173 2857 3800 2937; baseline 0 -23"><span class='ocrx_word' id='word_1_408' title='bbox 2173 2859 2415 2937; x_wconf 83' lang='grc' dir='ltr'>βράττων</span> <span class='ocrx_word' id='word_1_409' title='bbox 2447 2860 2692 2936; x_wconf 89' lang='grc' dir='ltr'>ἀτεχνῶς</span> <span class='ocrx_word' id='word_1_410' title='bbox 2725 2863 2884 2936; x_wconf 81' lang='grc' dir='ltr'>θυμῷ</span> <span class='ocrx_word' id='word_1_411' title='bbox 2929 2866 3017 2917; x_wconf 78' lang='grc' dir='ltr'><strong>καί</strong></span> <span class='ocrx_word' id='word_1_412' title='bbox 3070 2860 3203 2933; x_wconf 85' lang='grc' dir='ltr'>ζέων</span> <span class='ocrx_word' id='word_1_413' title='bbox 3247 2857 3489 2936; x_wconf 75' lang='grc' dir='ltr'>ἀκριϐῶς</span> <span class='ocrx_word' id='word_1_414' title='bbox 3535 2867 3618 2934; x_wconf 83' lang='grc' dir='ltr'><strong>τῷ</strong></span> <span class='ocrx_word' id='word_1_415' title='bbox 3657 2859 3800 2936; x_wconf 76' lang='grc' dir='ltr'>χόλῳ</span> 
     </span>
    </p>
   </div>
   <div class='ocr_carea' id='block_1_62' title="bbox 2169 2949 3810 3028">
    <p class='ocr_par' dir='ltr' id='par_1_62' title="bbox 2169 2949 3810 3028">
     <span class='ocr_line' id='line_1_62' title="bbox 2169 2949 3810 3028; baseline -0.003 -20"><span class='ocrx_word' id='word_1_416' title='bbox 2169 2949 2197 3004; x_wconf 83' lang='grc' dir='ltr'>ὁ</span> <span class='ocrx_word' id='word_1_417' title='bbox 2232 2952 2418 3024; x_wconf 70' lang='grc' dir='ltr'>μεῖραξ</span> <span class='ocrx_word' id='word_1_418' title='bbox 2479 2950 2722 3022; x_wconf 79' lang='grc' dir='ltr'>Ἀλέξιος</span> <span class='ocrx_word' id='word_1_419' title='bbox 2775 2955 2974 3028; x_wconf 79' lang='grc' dir='ltr'>μικροῦ</span> <span class='ocrx_word' id='word_1_420' title='bbox 3031 2951 3091 3007; x_wconf 77' lang='grc' dir='ltr'>ἄν</span> <span class='ocrx_word' id='word_1_421' title='bbox 3148 2956 3246 3006; x_wconf 80' lang='grc' dir='ltr'><strong>τοῦ</strong></span> <span class='ocrx_word' id='word_1_422' title='bbox 3303 2952 3564 3025; x_wconf 86' lang='grc' dir='ltr'>πώγωνος</span> <span class='ocrx_word' id='word_1_423' title='bbox 3620 2949 3810 3006; x_wconf 72' lang='grc' dir='ltr'>ἐπελάο</span> 
     </span>
    </p>
   </div>
   <div class='ocr_carea' id='block_1_63' title="bbox 2168 3035 3812 3118">
    <p class='ocr_par' dir='ltr' id='par_1_63' title="bbox 2168 3035 3812 3118">
     <span class='ocr_line' id='line_1_63' title="bbox 2168 3035 3812 3118; baseline -0.001 -23"><span class='ocrx_word' id='word_1_424' title='bbox 2168 3035 2294 3096; x_wconf 77' lang='grc' dir='ltr'>ὄετο</span> <span class='ocrx_word' id='word_1_425' title='bbox 2324 3045 2422 3097; x_wconf 80' lang='grc' dir='ltr'><strong>τοῦ</strong></span> <span class='ocrx_word' id='word_1_426' title='bbox 2452 3037 2866 3112; x_wconf 76' lang='grc' dir='ltr'>πρεσϐεύοντος,</span> <span class='ocrx_word' id='word_1_427' title='bbox 2907 3041 2952 3096; x_wconf 87' lang='grc' dir='ltr'><strong>εί</strong></span> <span class='ocrx_word' id='word_1_428' title='bbox 3001 3043 3076 3115; x_wconf 74' lang='grc' dir='ltr'>μὴ</span> <span class='ocrx_word' id='word_1_429' title='bbox 3127 3041 3293 3103; x_wconf 85' lang='grc' dir='ltr'>αὐτὸς</span> <span class='ocrx_word' id='word_1_430' title='bbox 3345 3043 3374 3096; x_wconf 85' lang='grc' dir='ltr'>ὁ</span> <span class='ocrx_word' id='word_1_431' title='bbox 3421 3035 3648 3118; x_wconf 77' lang='grc' dir='ltr'>πρέσϐις</span> <span class='ocrx_word' id='word_1_432' title='bbox 3696 3037 3812 3094; x_wconf 81' lang='grc' dir='ltr'>δια-</span> 
     </span>
    </p>
   </div>
   <div class='ocr_carea' id='block_1_64' title="bbox 426 3125 2054 3206">
    <p class='ocr_par' dir='ltr' id='par_1_64' title="bbox 426 3125 2054 3196">
     <span class='ocr_line' id='line_1_64' title="bbox 426 3125 2054 3196; baseline 0.002 -14"><span class='ocrx_word' id='word_1_433' title='bbox 426 3141 493 3182; x_wconf 89' lang='lat' dir='ltr'><strong>ac</strong></span> <span class='ocrx_word' id='word_1_434' title='bbox 539 3125 750 3182; x_wconf 89' lang='lat' dir='ltr'><strong>litteris</strong></span> <span class='ocrx_word' id='word_1_435' title='bbox 807 3125 926 3180; x_wconf 87' lang='lat' dir='ltr'><strong>illis</strong></span> <span class='ocrx_word' id='word_1_436' title='bbox 985 3125 1142 3196; x_wconf 88' lang='lat' dir='ltr'><strong>apud</strong></span> <span class='ocrx_word' id='word_1_437' title='bbox 1197 3126 1420 3181; x_wconf 89' lang='lat' dir='ltr'><strong>Turcos</strong></span> <span class='ocrx_word' id='word_1_438' title='bbox 1474 3127 1748 3196; x_wconf 90' lang='lat' dir='ltr'><strong>ostensis,</strong></span> <span class='ocrx_word' id='word_1_439' title='bbox 1807 3145 2054 3186; x_wconf 81' lang='lat' dir='ltr'><strong>emeram</strong></span> 
     </span>
    </p>
   </div>
   <div class='ocr_carea' id='block_1_65' title="bbox 2163 3125 3816 3206">
    <p class='ocr_par' dir='ltr' id='par_1_65' title="bbox 2173 3128 3816 3206">
     <span class='ocr_line' id='line_1_65' title="bbox 2173 3128 3816 3206; baseline -0.002 -20"><span class='ocrx_word' id='word_1_440' title='bbox 2173 3133 2415 3201; x_wconf 82' lang='grc' dir='ltr'>κινηθεὶς</span> <span class='ocrx_word' id='word_1_441' title='bbox 2462 3129 2515 3193; x_wconf 86' lang='grc' dir='ltr'><strong>ἐς</strong></span> <span class='ocrx_word' id='word_1_442' title='bbox 2561 3131 2728 3206; x_wconf 77' lang='grc' dir='ltr'>ὀργὴν</span> <span class='ocrx_word' id='word_1_443' title='bbox 2783 3131 3154 3205; x_wconf 85' lang='grc' dir='ltr'>ἀπεκρούσατο</span> <span class='ocrx_word' id='word_1_444' title='bbox 3207 3131 3468 3206; x_wconf 82' lang='grc' dir='ltr'>γενναίως</span> <span class='ocrx_word' id='word_1_445' title='bbox 3529 3128 3680 3202; x_wconf 87' lang='grc' dir='ltr'>μάλα</span> <span class='ocrx_word' id='word_1_446' title='bbox 3725 3129 3816 3184; x_wconf 87' lang='grc' dir='ltr'>τὸν</span> 
     </span>
    </p>
   </div>
   <div class='ocr_carea' id='block_1_66' title="bbox 423 3197 2054 3294">
    <p class='ocr_par' dir='ltr' id='par_1_66' title="bbox 423 3213 2054 3290">
     <span class='ocr_line' id='line_1_66' title="bbox 423 3213 2054 3290; baseline 0.004 -20"><span class='ocrx_word' id='word_1_447' title='bbox 423 3216 701 3270; x_wconf 80' lang='lat' dir='ltr'><strong>Arsanem</strong></span> <span class='ocrx_word' id='word_1_448' title='bbox 733 3213 996 3285; x_wconf 90' lang='lat' dir='ltr'><strong>aliosque</strong></span> <span class='ocrx_word' id='word_1_449' title='bbox 1025 3229 1141 3269; x_wconf 92' lang='lat' dir='ltr'><strong>non</strong></span> <span class='ocrx_word' id='word_1_450' title='bbox 1173 3231 1390 3284; x_wconf 90' lang='lat' dir='ltr'><strong>paucos</strong></span> <span class='ocrx_word' id='word_1_451' title='bbox 1407 3215 1701 3272; x_wconf 84' lang='lat' dir='ltr'><strong>Romanas</strong></span> <span class='ocrx_word' id='word_1_452' title='bbox 1731 3220 2054 3290; x_wconf 74' lang='lat' dir='ltr'><strong>provincias</strong></span> 
     </span>
    </p>
   </div>
   <div class='ocr_carea' id='block_1_67' title="bbox 2163 3197 3818 3294">
    <p class='ocr_par' dir='ltr' id='par_1_67' title="bbox 2163 3197 3818 3294">
     <span class='ocr_line' id='line_1_67' title="bbox 2163 3197 3818 3294; baseline -0.002 -17"><span class='ocrx_word' id='word_1_453' title='bbox 2163 3197 2561 3293; x_wconf 55' lang='grc' dir='ltr'>,Ψευδαλέξιοη</span> <span class='ocrx_word' id='word_1_454' title='bbox 2587 3197 2746 3277; x_wconf 56' lang='lat' dir='ltr'><strong>acilii</strong></span> <span class='ocrx_word' id='word_1_455' title='bbox 2778 3197 3008 3278; x_wconf 77' lang='grc' dir='ltr'>σουλτὰν</span> <span class='ocrx_word' id='word_1_456' title='bbox 3067 3219 3123 3277; x_wconf 87' lang='grc' dir='ltr'><strong>δέ</strong></span> <span class='ocrx_word' id='word_1_457' title='bbox 3167 3197 3233 3276; x_wconf 40' lang='grc' dir='ltr'><strong>οἱ.</strong></span> <span class='ocrx_word' id='word_1_458' title='bbox 3263 3221 3337 3284; x_wconf 87' lang='grc' dir='ltr'><strong>ὡς</strong></span> <span class='ocrx_word' id='word_1_459' title='bbox 3387 3197 3560 3276; x_wconf 70' lang='grc' dir='ltr'>ἃτοπα</span> <span class='ocrx_word' id='word_1_460' title='bbox 3619 3217 3818 3294; x_wconf 80' lang='grc' dir='ltr'>δρῶντι</span> 
     </span>
    </p>
   </div>
   <div class='ocr_carea' id='block_1_68' title="bbox 419 3301 2062 3378">
    <p class='ocr_par' dir='ltr' id='par_1_68' title="bbox 419 3301 2062 3378">
     <span class='ocr_line' id='line_1_68' title="bbox 419 3301 2062 3378; baseline 0.004 -20"><span class='ocrx_word' id='word_1_461' title='bbox 419 3303 664 3377; x_wconf 77' lang='lat' dir='ltr'><strong>praedari</strong></span> <span class='ocrx_word' id='word_1_462' title='bbox 697 3301 900 3358; x_wconf 82' lang='lat' dir='ltr'><strong>solitos</strong></span> <span class='ocrx_word' id='word_1_463' title='bbox 951 3303 1258 3370; x_wconf 85' lang='lat' dir='ltr'><strong>contraxit,</strong></span> <span class='ocrx_word' id='word_1_464' title='bbox 1291 3309 1357 3358; x_wconf 93' lang='lat' dir='ltr'><strong>ut</strong></span> <span class='ocrx_word' id='word_1_465' title='bbox 1403 3305 1557 3360; x_wconf 90' lang='lat' dir='ltr'><strong>brevi</strong></span> <span class='ocrx_word' id='word_1_466' title='bbox 1616 3313 1877 3378; x_wconf 86' lang='lat' dir='ltr'><strong>tempore</strong></span> <span class='ocrx_word' id='word_1_467' title='bbox 1927 3325 2062 3364; x_wconf 91' lang='lat' dir='ltr'><strong>cum</strong></span> 
     </span>
    </p>
   </div>
   <div class='ocr_carea' id='block_1_69' title="bbox 416 3389 2061 3469">
    <p class='ocr_par' dir='ltr' id='par_1_69' title="bbox 416 3389 2061 3469">
     <span class='ocr_line' id='line_1_69' title="bbox 416 3389 2061 3469; baseline 0.002 -21"><span class='ocrx_word' id='word_1_468' title='bbox 416 3397 547 3448; x_wconf 90' lang='lat' dir='ltr'><strong>octo</strong></span> <span class='ocrx_word' id='word_1_469' title='bbox 573 3389 836 3447; x_wconf 89' lang='lat' dir='ltr'><strong>millibus</strong></span> <span class='ocrx_word' id='word_1_470' title='bbox 865 3390 1182 3458; x_wconf 89' lang='lat' dir='ltr'><strong>incederet,</strong></span> <span class='ocrx_word' id='word_1_471' title='bbox 1217 3407 1283 3448; x_wconf 89' lang='lat' dir='ltr'><strong>ac</strong></span> <span class='ocrx_word' id='word_1_472' title='bbox 1311 3392 1660 3450; x_wconf 64' lang='lat' dir='ltr'><strong>Maandrias</strong></span> <span class='ocrx_word' id='word_1_473' title='bbox 1723 3397 1900 3452; x_wconf 85' lang='lat' dir='ltr'><strong>urbes</strong></span> <span class='ocrx_word' id='word_1_474' title='bbox 1927 3414 2061 3469; x_wconf 83' lang='lat' dir='ltr'><strong>par-</strong></span> 
     </span>
    </p>
   </div>
   <div class='ocr_carea' id='block_1_70' title="bbox 413 3478 2060 3556">
    <p class='ocr_par' dir='ltr' id='par_1_70' title="bbox 413 3478 2060 3556">
     <span class='ocr_line' id='line_1_70' title="bbox 413 3478 2060 3556; baseline 0.004 -20"><span class='ocrx_word' id='word_1_475' title='bbox 413 3480 522 3537; x_wconf 85' lang='lat' dir='ltr'><strong>tim</strong></span> <span class='ocrx_word' id='word_1_476' title='bbox 556 3478 850 3536; x_wconf 87' lang='lat' dir='ltr'><strong>deditione</strong></span> <span class='ocrx_word' id='word_1_477' title='bbox 879 3484 1210 3552; x_wconf 88' lang='lat' dir='ltr'><strong>occuparet,</strong></span> <span class='ocrx_word' id='word_1_478' title='bbox 1243 3480 1458 3552; x_wconf 87' lang='lat' dir='ltr'><strong>partim</strong></span> <span class='ocrx_word' id='word_1_479' title='bbox 1489 3481 1826 3541; x_wconf 86' lang='lat' dir='ltr'><strong>resistentes</strong></span> <span class='ocrx_word' id='word_1_480' title='bbox 1858 3487 2060 3556; x_wconf 89' lang='lat' dir='ltr'><strong>quovis</strong></span> 
     </span>
    </p>
   </div>
   <div class='ocr_carea' id='block_1_71' title="bbox 416 3569 2057 3642">
    <p class='ocr_par' dir='ltr' id='par_1_71' title="bbox 416 3569 2057 3642">
     <span class='ocr_line' id='line_1_71' title="bbox 416 3569 2057 3642; baseline 0.003 -16"><span class='ocrx_word' id='word_1_481' title='bbox 416 3569 589 3626; x_wconf 89' lang='lat' dir='ltr'><strong>modo</strong></span> <span class='ocrx_word' id='word_1_482' title='bbox 628 3572 875 3624; x_wconf 81' lang='lat' dir='ltr'><strong>vexaret.</strong></span> <span class='ocrx_word' id='word_1_483' title='bbox 909 3569 1090 3624; x_wconf 85' lang='lat' dir='ltr'><strong>Areas</strong></span> <span class='ocrx_word' id='word_1_484' title='bbox 1118 3571 1312 3624; x_wconf 89' lang='lat' dir='ltr'><strong>tamen</strong></span> <span class='ocrx_word' id='word_1_485' title='bbox 1343 3569 1400 3624; x_wconf 92' lang='lat' dir='ltr'><strong>in</strong></span> <span class='ocrx_word' id='word_1_486' title='bbox 1433 3571 1649 3642; x_wconf 87' lang='lat' dir='ltr'><strong>quibus</strong></span> <span class='ocrx_word' id='word_1_487' title='bbox 1696 3573 2057 3632; x_wconf 85' lang='lat' dir='ltr'><strong>frumentum</strong></span> 
     </span>
    </p>
   </div>
   <div class='ocr_carea' id='block_1_72' title="bbox 415 3657 2057 3730">
    <p class='ocr_par' dir='ltr' id='par_1_72' title="bbox 415 3657 2057 3730">
     <span class='ocr_line' id='line_1_72' title="bbox 415 3657 2057 3730; baseline 0.003 -15"><span class='ocrx_word' id='word_1_488' title='bbox 415 3659 732 3716; x_wconf 77' lang='lat' dir='ltr'><strong>trituretur</strong></span> <span class='ocrx_word' id='word_1_489' title='bbox 795 3657 856 3713; x_wconf 91' lang='lat' dir='ltr'><strong>in</strong></span> <span class='ocrx_word' id='word_1_490' title='bbox 913 3657 1120 3729; x_wconf 83' lang='lat' dir='ltr'><strong>primis</strong></span> <span class='ocrx_word' id='word_1_491' title='bbox 1175 3657 1460 3730; x_wconf 89' lang='lat' dir='ltr'><strong>perdidit;</strong></span> <span class='ocrx_word' id='word_1_492' title='bbox 1518 3662 1674 3717; x_wconf 90' lang='lat' dir='ltr'><strong>unde</strong></span> <span class='ocrx_word' id='word_1_493' title='bbox 1727 3661 2057 3721; x_wconf 66' lang='lat' dir='ltr'><strong>Ustbalona</strong></span> 
     </span>
    </p>
   </div>
   <div class='ocr_carea' id='block_1_73' title="bbox 417 3745 2059 3826">
    <p class='ocr_par' dir='ltr' id='par_1_73' title="bbox 417 3745 2059 3826">
     <span class='ocr_line' id='line_1_73' title="bbox 417 3745 2059 3826; baseline 0.002 -21"><span class='ocrx_word' id='word_1_494' title='bbox 417 3751 868 3821; x_wconf 79' lang='lat' dir='ltr'><strong>cognomentum</strong></span> <span class='ocrx_word' id='word_1_495' title='bbox 901 3745 1057 3803; x_wconf 88' lang='lat' dir='ltr'><strong>tulit.</strong></span> <span class='ocrx_word' id='word_1_496' title='bbox 1090 3747 1176 3802; x_wconf 80' lang='lat' dir='ltr'><strong>Ad</strong></span> <span class='ocrx_word' id='word_1_497' title='bbox 1201 3746 1358 3804; x_wconf 90' lang='lat' dir='ltr'><strong>hunc</strong></span> <span class='ocrx_word' id='word_1_498' title='bbox 1404 3747 1830 3808; x_wconf 87' lang='lat' dir='ltr'><strong>adolescentem</strong></span> <span class='ocrx_word' id='word_1_499' title='bbox 1863 3753 2059 3826; x_wconf 85' lang='lat' dir='ltr'><strong>oppri-</strong></span> 
     </span>
    </p>
   </div>
   <div class='ocr_carea' id='block_1_74' title="bbox 417 3834 2054 3908">
    <p class='ocr_par' dir='ltr' id='par_1_74' title="bbox 417 3834 2054 3908">
     <span class='ocr_line' id='line_1_74' title="bbox 417 3834 2054 3908; baseline 0.005 -16"><span class='ocrx_word' id='word_1_500' title='bbox 417 3837 698 3893; x_wconf 90' lang='lat' dir='ltr'><strong>mendum</strong></span> <span class='ocrx_word' id='word_1_501' title='bbox 749 3835 922 3892; x_wconf 88' lang='lat' dir='ltr'><strong>multi</strong></span> <span class='ocrx_word' id='word_1_502' title='bbox 978 3834 1075 3892; x_wconf 89' lang='lat' dir='ltr'><strong>alii</strong></span> <span class='ocrx_word' id='word_1_503' title='bbox 1123 3851 1358 3908; x_wconf 89' lang='lat' dir='ltr'><strong>quoque</strong></span> <span class='ocrx_word' id='word_1_504' title='bbox 1414 3837 1593 3895; x_wconf 91' lang='lat' dir='ltr'><strong>duces</strong></span> <span class='ocrx_word' id='word_1_505' title='bbox 1651 3840 1814 3897; x_wconf 91' lang='lat' dir='ltr'><strong>missi</strong></span> <span class='ocrx_word' id='word_1_506' title='bbox 1871 3849 2054 3900; x_wconf 91' lang='lat' dir='ltr'><strong>sunt:</strong></span> 
     </span>
    </p>
   </div>
   <div class='ocr_carea' id='block_1_75' title="bbox 412 3923 2051 3989">
    <p class='ocr_par' dir='ltr' id='par_1_75' title="bbox 412 3923 2051 3989">
     <span class='ocr_line' id='line_1_75' title="bbox 412 3923 2051 3989; baseline 0.004 -7"><span class='ocrx_word' id='word_1_507' title='bbox 412 3942 613 3982; x_wconf 89' lang='lat' dir='ltr'><strong>verum</strong></span> <span class='ocrx_word' id='word_1_508' title='bbox 636 3940 840 3982; x_wconf 88' lang='lat' dir='ltr'><strong>omnes</strong></span> <span class='ocrx_word' id='word_1_509' title='bbox 872 3923 1034 3981; x_wconf 90' lang='lat' dir='ltr'><strong>nullo</strong></span> <span class='ocrx_word' id='word_1_510' title='bbox 1066 3925 1430 3982; x_wconf 86' lang='lat' dir='ltr'><strong>memorabili</strong></span> <span class='ocrx_word' id='word_1_511' title='bbox 1464 3927 1718 3985; x_wconf 83' lang='lat' dir='ltr'><strong>facinore</strong></span> <span class='ocrx_word' id='word_1_512' title='bbox 1749 3931 1906 3988; x_wconf 87' lang='lat' dir='ltr'><strong>edito</strong></span> <span class='ocrx_word' id='word_1_513' title='bbox 1959 3933 2051 3989; x_wconf 90' lang='lat' dir='ltr'><strong>in-</strong></span> 
     </span>
    </p>
   </div>
   <div class='ocr_carea' id='block_1_76' title="bbox 411 4013 2052 4086">
    <p class='ocr_par' dir='ltr' id='par_1_76' title="bbox 411 4013 2052 4086">
     <span class='ocr_line' id='line_1_76' title="bbox 411 4013 2052 4086; baseline 0.004 -15"><span class='ocrx_word' id='word_1_514' title='bbox 411 4016 565 4071; x_wconf 82' lang='lat' dir='ltr'><strong>foota</strong></span> <span class='ocrx_word' id='word_1_515' title='bbox 609 4030 668 4070; x_wconf 91' lang='lat' dir='ltr'><strong>re</strong></span> <span class='ocrx_word' id='word_1_516' title='bbox 719 4013 1020 4070; x_wconf 87' lang='lat' dir='ltr'><strong>discedere</strong></span> <span class='ocrx_word' id='word_1_517' title='bbox 1077 4015 1435 4086; x_wconf 83' lang='lat' dir='ltr'><strong>cogebantur</strong></span> <span class='ocrx_word' id='word_1_518' title='bbox 1465 4023 1628 4074; x_wconf 88' lang='lat' dir='ltr'><strong>metu</strong></span> <span class='ocrx_word' id='word_1_519' title='bbox 1659 4035 1904 4076; x_wconf 88' lang='lat' dir='ltr'><strong>suorum</strong></span> <span class='ocrx_word' id='word_1_520' title='bbox 1937 4023 2052 4078; x_wconf 91' lang='lat' dir='ltr'><strong>mi-</strong></span> 
     </span>
    </p>
   </div>
   <div class='ocr_carea' id='block_1_77' title="bbox 405 4102 2052 4174">
    <p class='ocr_par' dir='ltr' id='par_1_77' title="bbox 405 4102 2052 4174">
     <span class='ocr_line' id='line_1_77' title="bbox 405 4102 2052 4174; baseline 0.005 -14"><span class='ocrx_word' id='word_1_521' title='bbox 405 4104 603 4174; x_wconf 89' lang='lat' dir='ltr'><strong>litum,</strong></span> <span class='ocrx_word' id='word_1_522' title='bbox 635 4102 737 4174; x_wconf 91' lang='lat' dir='ltr'><strong>qui</strong></span> <span class='ocrx_word' id='word_1_523' title='bbox 769 4103 839 4157; x_wconf 87' lang='lat' dir='ltr'><strong>ad</strong></span> <span class='ocrx_word' id='word_1_524' title='bbox 870 4102 1038 4158; x_wconf 91' lang='lat' dir='ltr'><strong>illum</strong></span> <span class='ocrx_word' id='word_1_525' title='bbox 1068 4102 1440 4174; x_wconf 84' lang='lat' dir='ltr'><strong>imperatoris</strong></span> <span class='ocrx_word' id='word_1_526' title='bbox 1463 4105 1646 4162; x_wconf 84' lang='lat' dir='ltr'><strong>ﬁlium</strong></span> <span class='ocrx_word' id='word_1_527' title='bbox 1679 4113 1738 4164; x_wconf 91' lang='lat' dir='ltr'><strong>et</strong></span> <span class='ocrx_word' id='word_1_528' title='bbox 1769 4109 2052 4169; x_wconf 89' lang='lat' dir='ltr'><strong>novitium</strong></span> 
     </span>
    </p>
   </div>
   <div class='ocr_carea' id='block_1_78' title="bbox 409 4191 2049 4266">
    <p class='ocr_par' dir='ltr' id='par_1_78' title="bbox 409 4191 2049 4266">
     <span class='ocr_line' id='line_1_78' title="bbox 409 4191 2049 4266; baseline 0.006 -20"><span class='ocrx_word' id='word_1_529' title='bbox 409 4192 819 4264; x_wconf 85' lang='lat' dir='ltr'><strong>imperatorem</strong></span> <span class='ocrx_word' id='word_1_530' title='bbox 855 4191 1262 4262; x_wconf 90' lang='lat' dir='ltr'><strong>propensiores</strong></span> <span class='ocrx_word' id='word_1_531' title='bbox 1292 4201 1460 4250; x_wconf 88' lang='lat' dir='ltr'><strong>erant</strong></span> <span class='ocrx_word' id='word_1_532' title='bbox 1489 4211 1660 4266; x_wconf 84' lang='lat' dir='ltr'><strong>quam</strong></span> <span class='ocrx_word' id='word_1_533' title='bbox 1694 4198 1764 4253; x_wconf 88' lang='lat' dir='ltr'><strong>ad</strong></span> <span class='ocrx_word' id='word_1_534' title='bbox 1823 4199 2049 4257; x_wconf 87' lang='lat' dir='ltr'><strong>obtem-</strong></span> 
     </span>
    </p>
   </div>
   <div class='ocr_carea' id='block_1_79' title="bbox 409 4281 2049 4360">
    <p class='ocr_par' dir='ltr' id='par_1_79' title="bbox 409 4281 2049 4360">
     <span class='ocr_line' id='line_1_79' title="bbox 409 4281 2049 4360; baseline 0.007 -23"><span class='ocrx_word' id='word_1_535' title='bbox 409 4283 734 4354; x_wconf 89' lang='lat' dir='ltr'><strong>perandum</strong></span> <span class='ocrx_word' id='word_1_536' title='bbox 767 4282 1006 4337; x_wconf 88' lang='lat' dir='ltr'><strong>Isaacio.</strong></span> <span class='ocrx_word' id='word_1_537' title='bbox 1043 4281 1242 4354; x_wconf 88' lang='lat' dir='ltr'><strong>Neque</strong></span> <span class='ocrx_word' id='word_1_538' title='bbox 1273 4284 1428 4340; x_wconf 88' lang='lat' dir='ltr'><strong>enim</strong></span> <span class='ocrx_word' id='word_1_539' title='bbox 1458 4285 1631 4357; x_wconf 88' lang='lat' dir='ltr'><strong>vulgo</strong></span> <span class='ocrx_word' id='word_1_540' title='bbox 1681 4292 1739 4342; x_wconf 90' lang='lat' dir='ltr'><strong>et</strong></span> <span class='ocrx_word' id='word_1_541' title='bbox 1770 4289 2049 4360; x_wconf 67' lang='lat' dir='ltr'><strong>imperita</strong></span> 
     </span>
    </p>
   </div>
   <div class='ocr_carea' id='block_1_80' title="bbox 410 4371 2048 4446">
    <p class='ocr_par' dir='ltr' id='par_1_80' title="bbox 410 4371 2048 4446">
     <span class='ocr_line' id='line_1_80' title="bbox 410 4371 2048 4446; baseline 0.005 -17"><span class='ocrx_word' id='word_1_542' title='bbox 410 4371 562 4446; x_wconf 87' lang='lat' dir='ltr'><strong>plebi</strong></span> <span class='ocrx_word' id='word_1_543' title='bbox 593 4371 880 4427; x_wconf 78' lang='lat' dir='ltr'><strong>duntaxat</strong></span> <span class='ocrx_word' id='word_1_544' title='bbox 910 4371 1123 4427; x_wconf 88' lang='lat' dir='ltr'><strong>charus</strong></span> <span class='ocrx_word' id='word_1_545' title='bbox 1156 4375 1334 4444; x_wconf 88' lang='lat' dir='ltr'><strong>atque</strong></span> <span class='ocrx_word' id='word_1_546' title='bbox 1363 4373 1423 4428; x_wconf 91' lang='lat' dir='ltr'><strong>in</strong></span> <span class='ocrx_word' id='word_1_547' title='bbox 1455 4389 1553 4430; x_wconf 88' lang='lat' dir='ltr'><strong>ore</strong></span> <span class='ocrx_word' id='word_1_548' title='bbox 1594 4382 1718 4432; x_wconf 90' lang='lat' dir='ltr'><strong>erat</strong></span> <span class='ocrx_word' id='word_1_549' title='bbox 1772 4384 1831 4434; x_wconf 88' lang='lat' dir='ltr'><strong>et</strong></span> <span class='ocrx_word' id='word_1_550' title='bbox 1887 4395 2048 4437; x_wconf 89' lang='lat' dir='ltr'><strong>ama-</strong></span> 
     </span>
    </p>
   </div>
   <div class='ocr_carea' id='block_1_81' title="bbox 408 4460 2047 4539">
    <p class='ocr_par' dir='ltr' id='par_1_81' title="bbox 408 4460 2047 4539">
     <span class='ocr_line' id='line_1_81' title="bbox 408 4460 2047 4539; baseline 0.004 -20"><span class='ocrx_word' id='word_1_551' title='bbox 408 4462 543 4519; x_wconf 87' lang='lat' dir='ltr'><strong>bilis</strong></span> <span class='ocrx_word' id='word_1_552' title='bbox 570 4460 914 4518; x_wconf 86' lang='lat' dir='ltr'><strong>videbatur:</strong></span> <span class='ocrx_word' id='word_1_553' title='bbox 947 4460 1046 4516; x_wconf 76' lang='lat' dir='ltr'><strong>red</strong></span> <span class='ocrx_word' id='word_1_554' title='bbox 1080 4460 1288 4518; x_wconf 88' lang='lat' dir='ltr'><strong>aulicis</strong></span> <span class='ocrx_word' id='word_1_555' title='bbox 1318 4462 1517 4530; x_wconf 88' lang='lat' dir='ltr'><strong>etiam,</strong></span> <span class='ocrx_word' id='word_1_556' title='bbox 1552 4465 1652 4536; x_wconf 85' lang='lat' dir='ltr'><strong>qui</strong></span> <span class='ocrx_word' id='word_1_557' title='bbox 1683 4474 2047 4539; x_wconf 89' lang='lat' dir='ltr'><strong>compertum</strong></span> 
     </span>
    </p>
   </div>
   <div class='ocr_carea' id='block_1_82' title="bbox 2173 3297 3816 3388">
    <p class='ocr_par' dir='ltr' id='par_1_82' title="bbox 2173 3297 3816 3388">
     <span class='ocr_line' id='line_1_82' title="bbox 2173 3297 3816 3388; baseline -0.002 -22"><span class='ocrx_word' id='word_1_558' title='bbox 2173 3306 2662 3386; x_wconf 71' lang='grc' dir='ltr'>ἐμϐριμησάμενος</span> <span class='ocrx_word' id='word_1_559' title='bbox 2723 3311 2974 3388; x_wconf 87' lang='grc' dir='ltr'>ἀτρεμεῖν</span> <span class='ocrx_word' id='word_1_560' title='bbox 3066 3310 3332 3367; x_wconf 80' lang='grc' dir='ltr'>ἐκέλευσε.</span> <span class='ocrx_word' id='word_1_561' title='bbox 3391 3313 3477 3385; x_wconf 81' lang='grc' dir='ltr'>Τῇ</span> <span class='ocrx_word' id='word_1_562' title='bbox 3537 3312 3713 3386; x_wconf 77' lang='grc' dir='ltr'>συχνῇ</span> <span class='ocrx_word' id='word_1_563' title='bbox 3770 3297 3816 3363; x_wconf 76' lang='grc' dir='ltr'>δ’</span> 
     </span>
    </p>
   </div>
   <div class='ocr_carea' id='block_1_83' title="bbox 2171 3401 3812 3478">
    <p class='ocr_par' dir='ltr' id='par_1_83' title="bbox 2171 3401 3812 3478">
     <span class='ocr_line' id='line_1_83' title="bbox 2171 3401 3812 3478; baseline -0.002 -21"><span class='ocrx_word' id='word_1_564' title='bbox 2171 3403 2325 3476; x_wconf 79' lang='grc' dir='ltr'>ὅμως</span> <span class='ocrx_word' id='word_1_565' title='bbox 2366 3406 2464 3457; x_wconf 82' lang='grc' dir='ltr'><strong>τοῦ</strong></span> <span class='ocrx_word' id='word_1_566' title='bbox 2517 3401 2731 3457; x_wconf 82' lang='grc' dir='ltr'>νεανίου</span> <span class='ocrx_word' id='word_1_567' title='bbox 2785 3401 3141 3478; x_wconf 75' lang='grc' dir='ltr'>ἐκλιπαρήσει</span> <span class='ocrx_word' id='word_1_568' title='bbox 3198 3403 3226 3457; x_wconf 82' lang='grc' dir='ltr'>ὁ</span> <span class='ocrx_word' id='word_1_569' title='bbox 3271 3401 3597 3477; x_wconf 83' lang='grc' dir='ltr'>Περσάρχης</span> <span class='ocrx_word' id='word_1_570' title='bbox 3643 3410 3812 3464; x_wconf 83' lang='grc' dir='ltr'>καθυ-</span> 
     </span>
    </p>
   </div>
   <div class='ocr_carea' id='block_1_84' title="bbox 2169 3488 3818 3566">
    <p class='ocr_par' dir='ltr' id='par_1_84' title="bbox 2169 3488 3818 3566">
     <span class='ocr_line' id='line_1_84' title="bbox 2169 3488 3818 3566; baseline -0.001 -20"><span class='ocrx_word' id='word_1_571' title='bbox 2169 3488 2398 3554; x_wconf 79' lang='grc' dir='ltr'>πενδοὺς</span> <span class='ocrx_word' id='word_1_572' title='bbox 2431 3489 2555 3546; x_wconf 85' lang='grc' dir='ltr'><strong>οὐδέ</strong></span> <span class='ocrx_word' id='word_1_573' title='bbox 2591 3492 2713 3546; x_wconf 84' lang='grc' dir='ltr'>τότε</span> <span class='ocrx_word' id='word_1_574' title='bbox 2771 3493 2865 3564; x_wconf 76' lang='grc' dir='ltr'>μὲν</span> <span class='ocrx_word' id='word_1_575' title='bbox 2929 3493 2996 3548; x_wconf 81' lang='grc' dir='ltr'><strong>τά</strong></span> <span class='ocrx_word' id='word_1_576' title='bbox 3056 3496 3166 3548; x_wconf 88' lang='grc' dir='ltr'><strong>τῶν</strong></span> <span class='ocrx_word' id='word_1_577' title='bbox 3223 3490 3488 3562; x_wconf 72' lang='grc' dir='ltr'>αἰτήσεων</span> <span class='ocrx_word' id='word_1_578' title='bbox 3547 3489 3818 3566; x_wconf 77' lang='grc' dir='ltr'>ὑπέρογκα</span> 
     </span>
    </p>
   </div>
   <div class='ocr_carea' id='block_1_85' title="bbox 2169 3577 3817 3660">
    <p class='ocr_par' dir='ltr' id='par_1_85' title="bbox 2169 3577 3817 3660">
     <span class='ocr_line' id='line_1_85' title="bbox 2169 3577 3817 3660; baseline -0.002 -24"><span class='ocrx_word' id='word_1_579' title='bbox 2169 3579 2540 3656; x_wconf 75' lang='grc' dir='ltr'>ἐτερμάτωσε,</span> <span class='ocrx_word' id='word_1_580' title='bbox 2575 3579 2922 3660; x_wconf 85' lang='grc' dir='ltr'>συνεχώρησε</span> <span class='ocrx_word' id='word_1_581' title='bbox 2951 3578 2998 3636; x_wconf 84' lang='grc' dir='ltr'>δ’</span> <span class='ocrx_word' id='word_1_582' title='bbox 3049 3579 3141 3636; x_wconf 77' lang='grc' dir='ltr'>οὖν</span> <span class='ocrx_word' id='word_1_583' title='bbox 3191 3582 3346 3655; x_wconf 77' lang='grc' dir='ltr'>ὅμως</span> <span class='ocrx_word' id='word_1_584' title='bbox 3394 3577 3484 3634; x_wconf 69' lang='grc' dir='ltr'><strong>διὰ</strong></span> <span class='ocrx_word' id='word_1_585' title='bbox 3533 3578 3817 3634; x_wconf 84' lang='grc' dir='ltr'>σουλτανι-</span> 
     </span>
    </p>
   </div>
   <div class='ocr_carea' id='block_1_86' title="bbox 2167 3667 3810 3748">
    <p class='ocr_par' dir='ltr' id='par_1_86' title="bbox 2167 3667 3810 3748">
     <span class='ocr_line' id='line_1_86' title="bbox 2167 3667 3810 3748; baseline -0.002 -24"><span class='ocrx_word' id='word_1_586' title='bbox 2167 3670 2266 3724; x_wconf 79' lang='grc' dir='ltr'><strong>κοῦ</strong></span> <span class='ocrx_word' id='word_1_587' title='bbox 2341 3691 2688 3748; x_wconf 77' lang='grc' dir='ltr'>γράμματος,</span> <span class='ocrx_word' id='word_1_588' title='bbox 2765 3669 2796 3726; x_wconf 78' lang='grc' dir='ltr'>ὅ</span> <span class='ocrx_word' id='word_1_589' title='bbox 2870 3691 3028 3748; x_wconf 77' lang='grc' dir='ltr'>φασιν</span> <span class='ocrx_word' id='word_1_590' title='bbox 3077 3671 3130 3725; x_wconf 75' lang='grc' dir='ltr'>οἳ</span> <span class='ocrx_word' id='word_1_591' title='bbox 3169 3673 3413 3745; x_wconf 81' lang='grc' dir='ltr'>Τοῦρκοι</span> <span class='ocrx_word' id='word_1_592' title='bbox 3455 3667 3810 3743; x_wconf 85' lang='grc' dir='ltr'>μουσούριον,</span> 
     </span>
    </p>
   </div>
   <div class='ocr_carea' id='block_1_87' title="bbox 2168 3755 3816 3836">
    <p class='ocr_par' dir='ltr' id='par_1_87' title="bbox 2168 3755 3816 3836">
     <span class='ocr_line' id='line_1_87' title="bbox 2168 3755 3816 3836; baseline -0.002 -22"><span class='ocrx_word' id='word_1_593' title='bbox 2168 3755 2327 3823; x_wconf 73' lang='grc' dir='ltr'>ὅσους</span> <span class='ocrx_word' id='word_1_594' title='bbox 2368 3758 2426 3814; x_wconf 76' lang='grc' dir='ltr'>ἄν</span> <span class='ocrx_word' id='word_1_595' title='bbox 2470 3761 2634 3836; x_wconf 76' lang='grc' dir='ltr'>σχοίη</span> <span class='ocrx_word' id='word_1_596' title='bbox 2695 3766 2803 3815; x_wconf 91' lang='grc' dir='ltr'><strong>τῶν</strong></span> <span class='ocrx_word' id='word_1_597' title='bbox 2865 3760 2968 3816; x_wconf 84' lang='grc' dir='ltr'>ὐπὸ</span> <span class='ocrx_word' id='word_1_598' title='bbox 3024 3761 3124 3830; x_wconf 76' lang='grc' dir='ltr'><strong>τὴν</strong></span> <span class='ocrx_word' id='word_1_599' title='bbox 3172 3758 3378 3815; x_wconf 81' lang='grc' dir='ltr'>ἐκείνου</span> <span class='ocrx_word' id='word_1_600' title='bbox 3434 3760 3612 3834; x_wconf 76' lang='grc' dir='ltr'>ὰρχὴν</span> <span class='ocrx_word' id='word_1_601' title='bbox 3675 3758 3816 3812; x_wconf 80' lang='grc' dir='ltr'>ὑπο-</span> 
     </span>
    </p>
   </div>
   <div class='ocr_carea' id='block_1_88' title="bbox 2167 3846 3812 3926">
    <p class='ocr_par' dir='ltr' id='par_1_88' title="bbox 2167 3846 3812 3926">
     <span class='ocr_line' id='line_1_88' title="bbox 2167 3846 3812 3926; baseline -0.003 -21"><span class='ocrx_word' id='word_1_602' title='bbox 2167 3851 2494 3920; x_wconf 76' lang='grc' dir='ltr'>ποιήσασθαι</span> <span class='ocrx_word' id='word_1_603' title='bbox 2551 3847 2740 3912; x_wconf 82' lang='grc' dir='ltr'>ἀδεῶς.</span> <span class='ocrx_word' id='word_1_604' title='bbox 2795 3851 2857 3908; x_wconf 88' lang='grc' dir='ltr'>Ὁ</span> <span class='ocrx_word' id='word_1_605' title='bbox 2915 3847 2972 3905; x_wconf 76' lang='grc' dir='ltr'>δὲ</span> <span class='ocrx_word' id='word_1_606' title='bbox 3027 3850 3386 3926; x_wconf 76' lang='grc' dir='ltr'>ἀναχωρήοας</span> <span class='ocrx_word' id='word_1_607' title='bbox 3441 3848 3663 3916; x_wconf 81' lang='grc' dir='ltr'>ἐκεῖθεν,</span> <span class='ocrx_word' id='word_1_608' title='bbox 3721 3846 3812 3900; x_wconf 81' lang='grc' dir='ltr'><strong>καὶ</strong></span> 
     </span>
    </p>
   </div>
   <div class='ocr_carea' id='block_1_89' title="bbox 2163 3935 3809 4013">
    <p class='ocr_par' dir='ltr' id='par_1_89' title="bbox 2163 3935 3809 4013">
     <span class='ocr_line' id='line_1_89' title="bbox 2163 3935 3809 4013; baseline -0.003 -20"><span class='ocrx_word' id='word_1_609' title='bbox 2163 3939 2226 3993; x_wconf 87' lang='grc' dir='ltr'>τὸ</span> <span class='ocrx_word' id='word_1_610' title='bbox 2255 3940 2488 4013; x_wconf 87' lang='grc' dir='ltr'>γράμμα</span> <span class='ocrx_word' id='word_1_611' title='bbox 2515 3943 2633 4001; x_wconf 88' lang='grc' dir='ltr'>τοῖς</span> <span class='ocrx_word' id='word_1_612' title='bbox 2681 3939 2952 4013; x_wconf 87' lang='grc' dir='ltr'>Τούρκοις</span> <span class='ocrx_word' id='word_1_613' title='bbox 2994 3938 3405 4008; x_wconf 79' lang='grc' dir='ltr'>καθυποδείξας,</span> <span class='ocrx_word' id='word_1_614' title='bbox 3454 3937 3544 3992; x_wconf 88' lang='grc' dir='ltr'>τὸν</span> <span class='ocrx_word' id='word_1_615' title='bbox 3591 3935 3809 4008; x_wconf 75' lang='grc' dir='ltr'>ὰμηρᾶν</span> 
     </span>
    </p>
   </div>
   <div class='ocr_carea' id='block_1_90' title="bbox 2165 4023 3804 4108">
    <p class='ocr_par' dir='ltr' id='par_1_90' title="bbox 2165 4023 3804 4108">
     <span class='ocr_line' id='line_1_90' title="bbox 2165 4023 3804 4108; baseline 0.005 -24"><span class='ocrx_word' id='word_1_616' title='bbox 2165 4028 2443 4108; x_wconf 78' lang='grc' dir='ltr'>ἐφέλκεται</span> <span class='ocrx_word' id='word_1_617' title='bbox 2476 4035 2737 4106; x_wconf 81' lang='grc' dir='ltr'>’Ᾱρσανῆν</span> <span class='ocrx_word' id='word_1_618' title='bbox 2765 4031 2855 4087; x_wconf 84' lang='grc' dir='ltr'><strong>καὶ</strong></span> <span class='ocrx_word' id='word_1_619' title='bbox 2909 4030 3122 4108; x_wconf 76' lang='grc' dir='ltr'>ἐτέρους</span> <span class='ocrx_word' id='word_1_620' title='bbox 3176 4031 3280 4086; x_wconf 91' lang='grc' dir='ltr'><strong>υύκ</strong></span> <span class='ocrx_word' id='word_1_621' title='bbox 3333 4027 3555 4105; x_wconf 81' lang='grc' dir='ltr'>ὀλίγους</span> <span class='ocrx_word' id='word_1_622' title='bbox 3597 4027 3648 4081; x_wconf 77' lang='grc' dir='ltr'><strong>οἳ</strong></span> <span class='ocrx_word' id='word_1_623' title='bbox 3699 4023 3804 4100; x_wconf 74' lang='grc' dir='ltr'><strong>λῃ-</strong></span> 
     </span>
    </p>
   </div>
   <div class='ocr_carea' id='block_1_91' title="bbox 2165 4117 3805 4196">
    <p class='ocr_par' dir='ltr' id='par_1_91' title="bbox 2165 4117 3805 4196">
     <span class='ocr_line' id='line_1_91' title="bbox 2165 4117 3805 4196; baseline -0.004 -22"><span class='ocrx_word' id='word_1_624' title='bbox 2165 4119 2367 4175; x_wconf 88' lang='grc' dir='ltr'>στεύειν</span> <span class='ocrx_word' id='word_1_625' title='bbox 2399 4120 2464 4175; x_wconf 80' lang='grc' dir='ltr'><strong>τά</strong></span> <span class='ocrx_word' id='word_1_626' title='bbox 2492 4119 2784 4193; x_wconf 83' lang='grc' dir='ltr'>Ῥωμαίων</span> <span class='ocrx_word' id='word_1_627' title='bbox 2815 4121 3090 4194; x_wconf 83' lang='grc' dir='ltr'>όίώθασιν,</span> <span class='ocrx_word' id='word_1_628' title='bbox 3148 4121 3222 4183; x_wconf 85' lang='grc' dir='ltr'><strong>ὡς</strong></span> <span class='ocrx_word' id='word_1_629' title='bbox 3272 4118 3325 4175; x_wconf 76' lang='grc' dir='ltr'><strong>ἐν</strong></span> <span class='ocrx_word' id='word_1_630' title='bbox 3389 4119 3584 4196; x_wconf 82' lang='grc' dir='ltr'>βραχεῖ</span> <span class='ocrx_word' id='word_1_631' title='bbox 3628 4117 3805 4189; x_wconf 81' lang='grc' dir='ltr'>καιρῷ</span> 
     </span>
    </p>
   </div>
   <div class='ocr_carea' id='block_1_92' title="bbox 2164 4203 3805 4288">
    <p class='ocr_par' dir='ltr' id='par_1_92' title="bbox 2164 4203 3805 4288">
     <span class='ocr_line' id='line_1_92' title="bbox 2164 4203 3805 4288; baseline -0.004 -23"><span class='ocrx_word' id='word_1_632' title='bbox 2164 4207 2422 4284; x_wconf 82' lang='grc' dir='ltr'>χιλιάδας</span> <span class='ocrx_word' id='word_1_633' title='bbox 2456 4209 2600 4265; x_wconf 84' lang='grc' dir='ltr'>ὀκτὼ</span> <span class='ocrx_word' id='word_1_634' title='bbox 2633 4209 3034 4285; x_wconf 86' lang='grc' dir='ltr'>στρατεύματος</span> <span class='ocrx_word' id='word_1_635' title='bbox 3087 4207 3422 4288; x_wconf 69' lang='grc' dir='ltr'>ἑφεπομένας</span> <span class='ocrx_word' id='word_1_636' title='bbox 3470 4204 3658 4278; x_wconf 71' lang='grc' dir='ltr'>ἐκείνῳ</span> <span class='ocrx_word' id='word_1_637' title='bbox 3704 4203 3805 4260; x_wconf 82' lang='grc' dir='ltr'>λα-</span> 
     </span>
    </p>
   </div>
   <div class='ocr_carea' id='block_1_93' title="bbox 2159 4293 3802 4373">
    <p class='ocr_par' dir='ltr' id='par_1_93' title="bbox 2159 4293 3802 4373">
     <span class='ocr_line' id='line_1_93' title="bbox 2159 4293 3802 4373; baseline -0.003 -21"><span class='ocrx_word' id='word_1_638' title='bbox 2159 4302 2301 4373; x_wconf 83' lang='grc' dir='ltr'>χεῖν’</span> <span class='ocrx_word' id='word_1_639' title='bbox 2336 4295 2455 4362; x_wconf 72' lang='grc' dir='ltr'>ὅθεν</span> <span class='ocrx_word' id='word_1_640' title='bbox 2483 4299 2579 4360; x_wconf 80' lang='grc' dir='ltr'>τὰς</span> <span class='ocrx_word' id='word_1_641' title='bbox 2609 4299 2746 4353; x_wconf 86' lang='grc' dir='ltr'>κατᾶ</span> <span class='ocrx_word' id='word_1_642' title='bbox 2778 4295 3087 4372; x_wconf 86' lang='grc' dir='ltr'>Μαίαοδρον</span> <span class='ocrx_word' id='word_1_643' title='bbox 3134 4297 3302 4354; x_wconf 86' lang='grc' dir='ltr'>ἐπιὼν</span> <span class='ocrx_word' id='word_1_644' title='bbox 3348 4295 3543 4358; x_wconf 88' lang='grc' dir='ltr'>πόλεις</span> <span class='ocrx_word' id='word_1_645' title='bbox 3587 4293 3651 4356; x_wconf 77' lang='grc' dir='ltr'><strong>ἃς</strong></span> <span class='ocrx_word' id='word_1_646' title='bbox 3707 4294 3802 4366; x_wconf 74' lang='grc' dir='ltr'><strong>μὶν</strong></span> 
     </span>
    </p>
   </div>
   <div class='ocr_carea' id='block_1_94' title="bbox 2161 4384 3801 4462">
    <p class='ocr_par' dir='ltr' id='par_1_94' title="bbox 2161 4384 3801 4462">
     <span class='ocr_line' id='line_1_94' title="bbox 2161 4384 3801 4462; baseline -0.002 -20"><span class='ocrx_word' id='word_1_647' title='bbox 2161 4386 2432 4462; x_wconf 81' lang='grc' dir='ltr'>ὁμολογίᾳ</span> <span class='ocrx_word' id='word_1_648' title='bbox 2466 4387 2825 4462; x_wconf 83' lang='grc' dir='ltr'>χειρούμενος</span> <span class='ocrx_word' id='word_1_649' title='bbox 2851 4390 2942 4457; x_wconf 78' lang='grc' dir='ltr'><strong>ἧν,</strong></span> <span class='ocrx_word' id='word_1_650' title='bbox 2973 4388 3125 4450; x_wconf 79' lang='grc' dir='ltr'>τινὰς</span> <span class='ocrx_word' id='word_1_651' title='bbox 3171 4384 3228 4441; x_wconf 69' lang='grc' dir='ltr'>δὲ</span> <span class='ocrx_word' id='word_1_652' title='bbox 3277 4385 3367 4441; x_wconf 81' lang='grc' dir='ltr'><strong>καὶ</strong></span> <span class='ocrx_word' id='word_1_653' title='bbox 3412 4384 3801 4458; x_wconf 73' lang='grc' dir='ltr'>ἀνθισταμένας</span> 
     </span>
    </p>
   </div>
   <div class='ocr_carea' id='block_1_95' title="bbox 2159 4471 3800 4555">
    <p class='ocr_par' dir='ltr' id='par_1_95' title="bbox 2159 4471 3800 4555">
     <span class='ocr_line' id='line_1_95' title="bbox 2159 4471 3800 4555; baseline -0.004 -22"><span class='ocrx_word' id='word_1_654' title='bbox 2159 4477 2429 4538; x_wconf 75' lang='grc' dir='ltr'>παντοίως</span> <span class='ocrx_word' id='word_1_655' title='bbox 2460 4473 2746 4555; x_wconf 78' lang='grc' dir='ltr'>διέφθειρε.</span> <span class='ocrx_word' id='word_1_656' title='bbox 2777 4475 3032 4534; x_wconf 75' lang='grc' dir='ltr'>Μάλιστα</span> <span class='ocrx_word' id='word_1_657' title='bbox 3063 4475 3121 4531; x_wconf 73' lang='grc' dir='ltr'>δὲ</span> <span class='ocrx_word' id='word_1_658' title='bbox 3157 4476 3253 4538; x_wconf 84' lang='grc' dir='ltr'><strong>τὰς</strong></span> <span class='ocrx_word' id='word_1_659' title='bbox 3302 4473 3516 4536; x_wconf 76' lang='grc' dir='ltr'>ἅλωνας</span> <span class='ocrx_word' id='word_1_660' title='bbox 3571 4471 3800 4546; x_wconf 79' lang='grc' dir='ltr'>ἐλυμαί-</span> 
     </span>
    </p>
   </div>
   <div class='ocr_carea' id='block_1_96' title="bbox 401 4550 2054 4636">
    <p class='ocr_par' dir='ltr' id='par_1_96' title="bbox 401 4550 2046 4624">
     <span class='ocr_line' id='line_1_96' title="bbox 401 4550 2046 4624; baseline 0.006 -17"><span class='ocrx_word' id='word_1_661' title='bbox 401 4551 694 4610; x_wconf 87' lang='lat' dir='ltr'><strong>habebant</strong></span> <span class='ocrx_word' id='word_1_662' title='bbox 725 4550 986 4607; x_wconf 80' lang='lat' dir='ltr'><strong>Alexium</strong></span> <span class='ocrx_word' id='word_1_663' title='bbox 1016 4550 1302 4606; x_wconf 76' lang='lat' dir='ltr'><strong>Manuelis</strong></span> <span class='ocrx_word' id='word_1_664' title='bbox 1334 4550 1521 4608; x_wconf 82' lang='lat' dir='ltr'><strong>filium</strong></span> <span class='ocrx_word' id='word_1_665' title='bbox 1563 4554 1688 4624; x_wconf 87' lang='lat' dir='ltr'><strong>jam</strong></span> <span class='ocrx_word' id='word_1_666' title='bbox 1721 4556 1860 4612; x_wconf 90' lang='lat' dir='ltr'><strong>olim</strong></span> <span class='ocrx_word' id='word_1_667' title='bbox 1894 4558 2046 4617; x_wconf 67' lang='lat'><strong>552</strong></span> 
     </span>
    </p>
   </div>
   <div class='ocr_carea' id='block_1_97' title="bbox 2163 4550 3798 4636">
    <p class='ocr_par' dir='ltr' id='par_1_97' title="bbox 2163 4550 3798 4636">
     <span class='ocr_line' id='line_1_97' title="bbox 2163 4550 3798 4636; baseline -0.002 -17"><span class='ocrx_word' id='word_1_668' title='bbox 2163 4585 2292 4633; x_wconf 79' lang='grc' dir='ltr'>νετο,</span> <span class='ocrx_word' id='word_1_669' title='bbox 2351 4567 2467 4620; x_wconf 83' lang='grc' dir='ltr'>ὅθεν</span> <span class='ocrx_word' id='word_1_670' title='bbox 2520 4550 2611 4620; x_wconf 75' lang='grc' dir='ltr'><strong>καὶ</strong></span> <span class='ocrx_word' id='word_1_671' title='bbox 2668 4550 3027 4636; x_wconf 79' lang='grc' dir='ltr'>καυσαλώνης</span> <span class='ocrx_word' id='word_1_672' title='bbox 3113 4562 3468 4634; x_wconf 86' lang='grc' dir='ltr'>ἐπεκέκλητο.</span> <span class='ocrx_word' id='word_1_673' title='bbox 3530 4564 3677 4620; x_wconf 83' lang='grc' dir='ltr'>Κατά</span> <span class='ocrx_word' id='word_1_674' title='bbox 3745 4559 3798 4616; x_wconf 77' lang='grc' dir='ltr'>δὲ</span> 
     </span>
    </p>
   </div>
   <div class='ocr_carea' id='block_1_98' title="bbox 400 4641 2042 4720">
    <p class='ocr_par' dir='ltr' id='par_1_98' title="bbox 400 4641 2042 4720">
     <span class='ocr_line' id='line_1_98' title="bbox 400 4641 2042 4720; baseline 0.004 -22"><span class='ocrx_word' id='word_1_675' title='bbox 400 4641 572 4698; x_wconf 88' lang='lat' dir='ltr'><strong>rebus</strong></span> <span class='ocrx_word' id='word_1_676' title='bbox 601 4641 880 4696; x_wconf 86' lang='lat' dir='ltr'><strong>humanis</strong></span> <span class='ocrx_word' id='word_1_677' title='bbox 920 4645 1258 4710; x_wconf 82' lang='lat' dir='ltr'><strong>exemptum</strong></span> <span class='ocrx_word' id='word_1_678' title='bbox 1317 4655 1463 4708; x_wconf 89' lang='lat' dir='ltr'><strong>esse,</strong></span> <span class='ocrx_word' id='word_1_679' title='bbox 1495 4641 1868 4702; x_wconf 90' lang='lat' dir='ltr'><strong>admirationi</strong></span> <span class='ocrx_word' id='word_1_680' title='bbox 1901 4658 2042 4720; x_wconf 88' lang='lat' dir='ltr'><strong>erat,</strong></span> 
     </span>
    </p>
   </div>
   <div class='ocr_carea' id='block_1_99' title="bbox 398 4729 2044 4804">
    <p class='ocr_par' dir='ltr' id='par_1_99' title="bbox 398 4729 2044 4804">
     <span class='ocr_line' id='line_1_99' title="bbox 398 4729 2044 4804; baseline 0.004 -16"><span class='ocrx_word' id='word_1_681' title='bbox 398 4747 514 4788; x_wconf 90' lang='lat' dir='ltr'><strong>non</strong></span> <span class='ocrx_word' id='word_1_682' title='bbox 547 4731 704 4804; x_wconf 90' lang='lat' dir='ltr'><strong>quod</strong></span> <span class='ocrx_word' id='word_1_683' title='bbox 736 4746 936 4786; x_wconf 87' lang='lat' dir='ltr'><strong>verum</strong></span> <span class='ocrx_word' id='word_1_684' title='bbox 967 4729 1326 4802; x_wconf 86' lang='lat' dir='ltr'><strong>ignorarent,</strong></span> <span class='ocrx_word' id='word_1_685' title='bbox 1359 4731 1459 4786; x_wconf 89' lang='lat' dir='ltr'><strong>sed</strong></span> <span class='ocrx_word' id='word_1_686' title='bbox 1495 4734 1635 4804; x_wconf 89' lang='lat' dir='ltr'><strong>quia</strong></span> <span class='ocrx_word' id='word_1_687' title='bbox 1685 4731 1934 4793; x_wconf 89' lang='lat' dir='ltr'><strong>libenter</strong></span> <span class='ocrx_word' id='word_1_688' title='bbox 1987 4740 2044 4795; x_wconf 91' lang='lat' dir='ltr'><strong>id</strong></span> 
     </span>
    </p>
   </div>
   <div class='ocr_carea' id='block_1_100' title="bbox 400 4819 2046 4893">
    <p class='ocr_par' dir='ltr' id='par_1_100' title="bbox 400 4819 2046 4893">
     <span class='ocr_line' id='line_1_100' title="bbox 400 4819 2046 4893; baseline 0.006 -17"><span class='ocrx_word' id='word_1_689' title='bbox 400 4819 903 4890; x_wconf 88' lang='lat' dir='ltr'><strong>amplectebantur</strong></span> <span class='ocrx_word' id='word_1_690' title='bbox 959 4821 1114 4893; x_wconf 91' lang='lat' dir='ltr'><strong>quod</strong></span> <span class='ocrx_word' id='word_1_691' title='bbox 1173 4820 1506 4893; x_wconf 86' lang='lat' dir='ltr'><strong>cupiebant.</strong></span> <span class='ocrx_word' id='word_1_692' title='bbox 1551 4823 1810 4882; x_wconf 89' lang='lat' dir='ltr'><strong>Tandem</strong></span> <span class='ocrx_word' id='word_1_693' title='bbox 1870 4828 2046 4886; x_wconf 90' lang='lat' dir='ltr'><strong>etiam</strong></span> 
     </span>
    </p>
   </div>
   <div class='ocr_carea' id='block_1_101' title="bbox 401 4907 2046 4988">
    <p class='ocr_par' dir='ltr' id='par_1_101' title="bbox 401 4907 2046 4988">
     <span class='ocr_line' id='line_1_101' title="bbox 401 4907 2046 4988; baseline 0.006 -24"><span class='ocrx_word' id='word_1_694' title='bbox 401 4907 772 4978; x_wconf 87' lang='lat' dir='ltr'><strong>imperatoris</strong></span> <span class='ocrx_word' id='word_1_695' title='bbox 805 4909 979 4964; x_wconf 85' lang='lat' dir='ltr'><strong>frater</strong></span> <span class='ocrx_word' id='word_1_696' title='bbox 999 4907 1256 4976; x_wconf 83' lang='lat' dir='ltr'><strong>Alexius,</strong></span> <span class='ocrx_word' id='word_1_697' title='bbox 1280 4910 1380 4982; x_wconf 90' lang='lat' dir='ltr'><strong>qui</strong></span> <span class='ocrx_word' id='word_1_698' title='bbox 1403 4919 1531 4983; x_wconf 87' lang='lat' dir='ltr'><strong>post</strong></span> <span class='ocrx_word' id='word_1_699' title='bbox 1553 4911 1801 4985; x_wconf 89' lang='lat' dir='ltr'><strong>imperio</strong></span> <span class='ocrx_word' id='word_1_700' title='bbox 1825 4918 2046 4988; x_wconf 89' lang='lat' dir='ltr'><strong>potitus</strong></span> 
     </span>
    </p>
   </div>
   <div class='ocr_carea' id='block_1_102' title="bbox 404 4993 2044 5069">
    <p class='ocr_par' dir='ltr' id='par_1_102' title="bbox 404 4993 2044 5069">
     <span class='ocr_line' id='line_1_102' title="bbox 404 4993 2044 5069; baseline 0.007 -17"><span class='ocrx_word' id='word_1_701' title='bbox 404 5001 518 5062; x_wconf 87' lang='lat' dir='ltr'><strong>est,</strong></span> <span class='ocrx_word' id='word_1_702' title='bbox 550 4993 771 5050; x_wconf 81' lang='lat' dir='ltr'><strong>nullam</strong></span> <span class='ocrx_word' id='word_1_703' title='bbox 803 5012 938 5051; x_wconf 88' lang='lat' dir='ltr'><strong>cum</strong></span> <span class='ocrx_word' id='word_1_704' title='bbox 969 5011 1036 5052; x_wconf 92' lang='lat' dir='ltr'><strong>eo</strong></span> <span class='ocrx_word' id='word_1_705' title='bbox 1068 5014 1324 5069; x_wconf 89' lang='lat' dir='ltr'><strong>pugnam</strong></span> <span class='ocrx_word' id='word_1_706' title='bbox 1356 5001 1670 5066; x_wconf 88' lang='lat' dir='ltr'><strong>commisit,</strong></span> <span class='ocrx_word' id='word_1_707' title='bbox 1701 5005 1800 5060; x_wconf 87' lang='lat' dir='ltr'><strong>sed</strong></span> <span class='ocrx_word' id='word_1_708' title='bbox 1834 5008 2044 5065; x_wconf 88' lang='lat' dir='ltr'><strong>castris</strong></span> 
     </span>
    </p>
   </div>
   <div class='ocr_carea' id='block_1_103' title="bbox 402 5081 2044 5158">
    <p class='ocr_par' dir='ltr' id='par_1_103' title="bbox 402 5081 2044 5158">
     <span class='ocr_line' id='line_1_103' title="bbox 402 5081 2044 5158; baseline 0.008 -17"><span class='ocrx_word' id='word_1_709' title='bbox 402 5081 748 5154; x_wconf 86' lang='lat' dir='ltr'><strong>longissime</strong></span> <span class='ocrx_word' id='word_1_710' title='bbox 781 5083 986 5154; x_wconf 88' lang='lat' dir='ltr'><strong>positis</strong></span> <span class='ocrx_word' id='word_1_711' title='bbox 1015 5086 1161 5141; x_wconf 89' lang='lat' dir='ltr'><strong>nihil</strong></span> <span class='ocrx_word' id='word_1_712' title='bbox 1183 5088 1302 5158; x_wconf 89' lang='lat' dir='ltr'><strong>egit</strong></span> <span class='ocrx_word' id='word_1_713' title='bbox 1329 5089 1487 5146; x_wconf 88' lang='lat' dir='ltr'><strong>aliud</strong></span> <span class='ocrx_word' id='word_1_714' title='bbox 1513 5091 1623 5147; x_wconf 85' lang='lat' dir='ltr'><strong>nisi</strong></span> <span class='ocrx_word' id='word_1_715' title='bbox 1653 5097 1716 5148; x_wconf 92' lang='lat' dir='ltr'><strong>ut</strong></span> <span class='ocrx_word' id='word_1_716' title='bbox 1746 5094 1868 5150; x_wconf 90' lang='lat' dir='ltr'><strong>loca</strong></span> <span class='ocrx_word' id='word_1_717' title='bbox 1898 5115 2044 5154; x_wconf 85' lang='lat' dir='ltr'><strong>non-</strong></span> 
     </span>
    </p>
   </div>
   <div class='ocr_carea' id='block_1_104' title="bbox 401 5171 2045 5250">
    <p class='ocr_par' dir='ltr' id='par_1_104' title="bbox 401 5171 2045 5250">
     <span class='ocr_line' id='line_1_104' title="bbox 401 5171 2045 5250; baseline 0.01 -22"><span class='ocrx_word' id='word_1_718' title='bbox 401 5174 540 5228; x_wconf 88' lang='lat' dir='ltr'><strong>dum</strong></span> <span class='ocrx_word' id='word_1_719' title='bbox 573 5171 647 5226; x_wconf 89' lang='lat' dir='ltr'><strong>ab</strong></span> <span class='ocrx_word' id='word_1_720' title='bbox 677 5187 744 5226; x_wconf 91' lang='lat' dir='ltr'><strong>eo</strong></span> <span class='ocrx_word' id='word_1_721' title='bbox 785 5177 1066 5244; x_wconf 89' lang='lat' dir='ltr'><strong>occupata</strong></span> <span class='ocrx_word' id='word_1_722' title='bbox 1095 5173 1155 5229; x_wconf 91' lang='lat' dir='ltr'><strong>in</strong></span> <span class='ocrx_word' id='word_1_723' title='bbox 1214 5176 1407 5234; x_wconf 81' lang='lat' dir='ltr'><strong>ofﬁcio</strong></span> <span class='ocrx_word' id='word_1_724' title='bbox 1464 5179 1809 5250; x_wconf 87' lang='lat' dir='ltr'><strong>contineret,</strong></span> <span class='ocrx_word' id='word_1_725' title='bbox 1843 5201 1913 5242; x_wconf 91' lang='lat' dir='ltr'><strong>ne</strong></span> <span class='ocrx_word' id='word_1_726' title='bbox 1971 5189 2045 5244; x_wconf 89' lang='lat' dir='ltr'><strong>ad</strong></span> 
     </span>
    </p>
   </div>
   <div class='ocr_carea' id='block_1_105' title="bbox 399 5259 2043 5333">
    <p class='ocr_par' dir='ltr' id='par_1_105' title="bbox 399 5259 2043 5333">
     <span class='ocr_line' id='line_1_105' title="bbox 399 5259 2043 5333; baseline 0.01 -16"><span class='ocrx_word' id='word_1_727' title='bbox 399 5259 721 5317; x_wconf 82' lang='lat' dir='ltr'><strong>redivivum</strong></span> <span class='ocrx_word' id='word_1_728' title='bbox 784 5259 945 5314; x_wconf 91' lang='lat' dir='ltr'><strong>illum</strong></span> <span class='ocrx_word' id='word_1_729' title='bbox 1035 5261 1294 5319; x_wconf 80' lang='lat' dir='ltr'><strong>Alexium</strong></span> <span class='ocrx_word' id='word_1_730' title='bbox 1372 5266 1706 5327; x_wconf 87' lang='lat' dir='ltr'><strong>deﬁcerent.</strong></span> <span class='ocrx_word' id='word_1_731' title='bbox 1757 5273 2043 5333; x_wconf 64' lang='lat' dir='ltr'><strong>Ceterum</strong></span> 
     </span>
    </p>
   </div>
   <div class='ocr_carea' id='block_1_106' title="bbox 402 5347 2041 5438">
    <p class='ocr_par' dir='ltr' id='par_1_106' title="bbox 402 5347 2041 5438">
     <span class='ocr_line' id='line_1_106' title="bbox 402 5347 2041 5438; baseline 0.01 -34"><span class='ocrx_word' id='word_1_732' title='bbox 402 5349 601 5405; x_wconf 89' lang='lat' dir='ltr'><strong>dubiis</strong></span> <span class='ocrx_word' id='word_1_733' title='bbox 631 5347 822 5438; x_wconf 83' lang='lat' dir='ltr'><strong>adhuc</strong></span> <span class='ocrx_word' id='word_1_734' title='bbox 853 5349 1052 5416; x_wconf 91' lang='lat' dir='ltr'><strong>rebus,</strong></span> <span class='ocrx_word' id='word_1_735' title='bbox 1085 5349 1224 5438; x_wconf 88' lang='lat' dir='ltr'><strong>dum</strong></span> <span class='ocrx_word' id='word_1_736' title='bbox 1258 5356 1315 5408; x_wconf 88' lang='lat' dir='ltr'><strong>et</strong></span> <span class='ocrx_word' id='word_1_737' title='bbox 1345 5356 1607 5414; x_wconf 88' lang='lat' dir='ltr'><strong>seditiosi</strong></span> <span class='ocrx_word' id='word_1_738' title='bbox 1649 5375 1788 5432; x_wconf 87' lang='lat' dir='ltr'><strong>opes</strong></span> <span class='ocrx_word' id='word_1_739' title='bbox 1819 5379 2041 5438; x_wconf 89' lang='lat' dir='ltr'><strong>augen-</strong></span> 
     </span>
    </p>
   </div>
   <div class='ocr_carea' id='block_1_107' title="bbox 402 5435 2039 5524">
    <p class='ocr_par' dir='ltr' id='par_1_107' title="bbox 402 5435 2039 5524">
     <span class='ocr_line' id='line_1_107' title="bbox 402 5435 2039 5524; baseline 0.012 -32"><span class='ocrx_word' id='word_1_740' title='bbox 402 5443 500 5492; x_wconf 89' lang='lat' dir='ltr'><strong>tur</strong></span> <span class='ocrx_word' id='word_1_741' title='bbox 529 5444 581 5490; x_wconf 86' lang='lat' dir='ltr'><strong>el</strong></span> <span class='ocrx_word' id='word_1_742' title='bbox 613 5435 1038 5492; x_wconf 85' lang='lat' dir='ltr'><strong>sebastocrator</strong></span> <span class='ocrx_word' id='word_1_743' title='bbox 1065 5437 1392 5511; x_wconf 91' lang='lat' dir='ltr'><strong>colligendo</strong></span> <span class='ocrx_word' id='word_1_744' title='bbox 1413 5447 1669 5503; x_wconf 83' lang='lat' dir='ltr'><strong>exercitu</strong></span> <span class='ocrx_word' id='word_1_745' title='bbox 1700 5435 2039 5524; x_wconf 67' lang='lat' dir='ltr'><strong>occupatur,</strong></span> 
     </span>
    </p>
   </div>
   <div class='ocr_carea' id='block_1_108' title="bbox 405 5523 2039 5612">
    <p class='ocr_par' dir='ltr' id='par_1_108' title="bbox 405 5523 2039 5612">
     <span class='ocr_line' id='line_1_108' title="bbox 405 5523 2039 5612; baseline 0.012 -30"><span class='ocrx_word' id='word_1_746' title='bbox 405 5531 558 5582; x_wconf 90' lang='lat' dir='ltr'><strong>Deus</strong></span> <span class='ocrx_word' id='word_1_747' title='bbox 589 5523 755 5580; x_wconf 85' lang='lat' dir='ltr'><strong>civile</strong></span> <span class='ocrx_word' id='word_1_748' title='bbox 813 5525 1033 5582; x_wconf 85' lang='lat' dir='ltr'><strong>bellum</strong></span> <span class='ocrx_word' id='word_1_749' title='bbox 1095 5544 1241 5584; x_wconf 82' lang='lat' dir='ltr'><strong>nova</strong></span> <span class='ocrx_word' id='word_1_750' title='bbox 1289 5531 1534 5601; x_wconf 78' lang='lat' dir='ltr'><strong>ratione,</strong></span> <span class='ocrx_word' id='word_1_751' title='bbox 1565 5553 1740 5606; x_wconf 85' lang='lat' dir='ltr'><strong>quam</strong></span> <span class='ocrx_word' id='word_1_752' title='bbox 1771 5523 1896 5612; x_wconf 85' lang='lat' dir='ltr'><strong>ipse</strong></span> <span class='ocrx_word' id='word_1_753' title='bbox 1943 5561 2039 5602; x_wconf 90' lang='lat' dir='ltr'><strong>so-</strong></span> 
     </span>
    </p>
   </div>
   <div class='ocr_carea' id='block_1_109' title="bbox 403 5613 2036 5690">
    <p class='ocr_par' dir='ltr' id='par_1_109' title="bbox 403 5613 2036 5690">
     <span class='ocr_line' id='line_1_109' title="bbox 403 5613 2036 5690; baseline 0.005 -20"><span class='ocrx_word' id='word_1_754' title='bbox 403 5614 493 5672; x_wconf 88' lang='lat' dir='ltr'><strong>las</strong></span> <span class='ocrx_word' id='word_1_755' title='bbox 522 5613 700 5681; x_wconf 89' lang='lat' dir='ltr'><strong>novit,</strong></span> <span class='ocrx_word' id='word_1_756' title='bbox 736 5631 847 5671; x_wconf 87' lang='lat' dir='ltr'><strong>uno</strong></span> <span class='ocrx_word' id='word_1_757' title='bbox 873 5619 1172 5672; x_wconf 87' lang='lat' dir='ltr'><strong>momento</strong></span> <span class='ocrx_word' id='word_1_758' title='bbox 1198 5617 1483 5676; x_wconf 85' lang='lat' dir='ltr'><strong>dissolvit.</strong></span> <span class='ocrx_word' id='word_1_759' title='bbox 1515 5625 1663 5680; x_wconf 87' lang='lat' dir='ltr'><strong>Nam</strong></span> <span class='ocrx_word' id='word_1_760' title='bbox 1695 5644 1829 5687; x_wconf 87' lang='lat' dir='ltr'><strong>cum</strong></span> <span class='ocrx_word' id='word_1_761' title='bbox 1859 5629 2036 5690; x_wconf 88' lang='lat' dir='ltr'><strong>Pseu.</strong></span> 
     </span>
    </p>
   </div>
   <div class='ocr_carea' id='block_1_110' title="bbox 2155 4654 3791 4732">
    <p class='ocr_par' dir='ltr' id='par_1_110' title="bbox 2155 4654 3791 4732">
     <span class='ocr_line' id='line_1_110' title="bbox 2155 4654 3791 4732; baseline -0.002 -20"><span class='ocrx_word' id='word_1_762' title='bbox 2155 4657 2305 4730; x_wconf 85' lang='lat'><strong>[270]</strong></span> <span class='ocrx_word' id='word_1_763' title='bbox 2336 4655 2536 4712; x_wconf 83' lang='grc' dir='ltr'>τούτου</span> <span class='ocrx_word' id='word_1_764' title='bbox 2567 4661 2666 4712; x_wconf 78' lang='grc' dir='ltr'><strong>τοῦ</strong></span> <span class='ocrx_word' id='word_1_765' title='bbox 2701 4657 2958 4732; x_wconf 86' lang='grc' dir='ltr'>μείρακος</span> <span class='ocrx_word' id='word_1_766' title='bbox 2991 4654 3196 4712; x_wconf 79' lang='grc' dir='ltr'>πολλοὶ</span> <span class='ocrx_word' id='word_1_767' title='bbox 3235 4658 3330 4730; x_wconf 72' lang='grc' dir='ltr'>μὲν</span> <span class='ocrx_word' id='word_1_768' title='bbox 3359 4655 3450 4712; x_wconf 81' lang='grc' dir='ltr'>καὶ</span> <span class='ocrx_word' id='word_1_769' title='bbox 3482 4654 3648 4711; x_wconf 68' lang='grc' dir='ltr'>ἄλλοι</span> <span class='ocrx_word' id='word_1_770' title='bbox 3701 4675 3791 4709; x_wconf 84' lang='grc' dir='ltr'>πο-</span> 
     </span>
    </p>
   </div>
   <div class='ocr_carea' id='block_1_111' title="bbox 2156 4742 3780 4821">
    <p class='ocr_par' dir='ltr' id='par_1_111' title="bbox 2156 4742 3780 4821">
     <span class='ocr_line' id='line_1_111' title="bbox 2156 4742 3780 4821; baseline -0.004 -21"><span class='ocrx_word' id='word_1_771' title='bbox 2156 4743 2538 4818; x_wconf 79' lang='grc' dir='ltr'>λεμησείοντες</span> <span class='ocrx_word' id='word_1_772' title='bbox 2589 4744 2994 4816; x_wconf 82' lang='grc' dir='ltr'>ἀπεστάλησαν,</span> <span class='ocrx_word' id='word_1_773' title='bbox 3045 4743 3222 4808; x_wconf 74' lang='grc' dir='ltr'>οὐδεὶς</span> <span class='ocrx_word' id='word_1_774' title='bbox 3271 4742 3318 4799; x_wconf 86' lang='grc' dir='ltr'>δ’</span> <span class='ocrx_word' id='word_1_775' title='bbox 3369 4743 3696 4821; x_wconf 83' lang='grc' dir='ltr'>ἐργάσασθαί</span> <span class='ocrx_word' id='word_1_776' title='bbox 3737 4762 3780 4795; x_wconf 87' lang='grc' dir='ltr'><strong>τι</strong></span> 
     </span>
    </p>
   </div>
   <div class='ocr_carea' id='block_1_112' title="bbox 2154 4828 3787 4910">
    <p class='ocr_par' dir='ltr' id='par_1_112' title="bbox 2154 4828 3787 4910">
     <span class='ocr_line' id='line_1_112' title="bbox 2154 4828 3787 4910; baseline -0.001 -22"><span class='ocrx_word' id='word_1_777' title='bbox 2154 4828 2283 4910; x_wconf 79' lang='grc' dir='ltr'>ἔσχε</span> <span class='ocrx_word' id='word_1_778' title='bbox 2313 4835 2574 4902; x_wconf 83' lang='grc' dir='ltr'>νεανικὸν,</span> <span class='ocrx_word' id='word_1_779' title='bbox 2609 4833 2734 4890; x_wconf 79' lang='grc' dir='ltr'>ἀλλ’</span> <span class='ocrx_word' id='word_1_780' title='bbox 2762 4834 3086 4891; x_wconf 88' lang='grc' dir='ltr'>ὐπενόστουν</span> <span class='ocrx_word' id='word_1_781' title='bbox 3119 4834 3406 4910; x_wconf 78' lang='grc' dir='ltr'>ἄπρακτοι,</span> <span class='ocrx_word' id='word_1_782' title='bbox 3441 4831 3684 4896; x_wconf 83' lang='grc' dir='ltr'>δεδιότες</span> <span class='ocrx_word' id='word_1_783' title='bbox 3721 4830 3787 4904; x_wconf 73' lang='grc' dir='ltr'>μὴ</span> 
     </span>
    </p>
   </div>
   <div class='ocr_carea' id='block_1_113' title="bbox 2151 4920 3794 4996">
    <p class='ocr_par' dir='ltr' id='par_1_113' title="bbox 2151 4920 3794 4996">
     <span class='ocr_line' id='line_1_113' title="bbox 2151 4920 3794 4996; baseline 0.001 -20"><span class='ocrx_word' id='word_1_784' title='bbox 2151 4920 2604 4996; x_wconf 85' lang='grc' dir='ltr'>καταπροδοθεῖεν</span> <span class='ocrx_word' id='word_1_785' title='bbox 2661 4923 2763 4979; x_wconf 85' lang='grc' dir='ltr'><strong>ὑπὸ</strong></span> <span class='ocrx_word' id='word_1_786' title='bbox 2819 4928 2927 4978; x_wconf 89' lang='grc' dir='ltr'><strong>τῶν</strong></span> <span class='ocrx_word' id='word_1_787' title='bbox 3015 4923 3280 4980; x_wconf 86' lang='grc' dir='ltr'>συνόντων</span> <span class='ocrx_word' id='word_1_788' title='bbox 3367 4921 3589 4986; x_wconf 72' lang='grc' dir='ltr'>ἐκείνοίς</span> <span class='ocrx_word' id='word_1_789' title='bbox 3665 4924 3794 4978; x_wconf 74' lang='grc' dir='ltr'><strong>Ῥωο</strong></span> 
     </span>
    </p>
   </div>
   <div class='ocr_carea' id='block_1_114' title="bbox 2158 5010 3796 5086">
    <p class='ocr_par' dir='ltr' id='par_1_114' title="bbox 2158 5010 3796 5086">
     <span class='ocr_line' id='line_1_114' title="bbox 2158 5010 3796 5086; baseline 0.001 -22"><span class='ocrx_word' id='word_1_790' title='bbox 2158 5010 2355 5084; x_wconf 88' lang='grc' dir='ltr'>μαίων,</span> <span class='ocrx_word' id='word_1_791' title='bbox 2415 5011 2506 5066; x_wconf 78' lang='grc' dir='ltr'>οἶα</span> <span class='ocrx_word' id='word_1_792' title='bbox 2556 5010 2795 5085; x_wconf 83' lang='grc' dir='ltr'>μάλιστα</span> <span class='ocrx_word' id='word_1_793' title='bbox 2856 5010 3130 5086; x_wconf 75' lang='grc' dir='ltr'>ῥεπόντων</span> <span class='ocrx_word' id='word_1_794' title='bbox 3189 5014 3266 5074; x_wconf 84' lang='grc' dir='ltr'><strong>είς</strong></span> <span class='ocrx_word' id='word_1_795' title='bbox 3321 5014 3416 5068; x_wconf 88' lang='grc' dir='ltr'><strong>τὸν</strong></span> <span class='ocrx_word' id='word_1_796' title='bbox 3469 5012 3796 5084; x_wconf 81' lang='grc' dir='ltr'>καθιστάμε-</span> 
     </span>
    </p>
   </div>
   <div class='ocr_carea' id='block_1_115' title="bbox 2149 5097 3795 5180">
    <p class='ocr_par' dir='ltr' id='par_1_115' title="bbox 2149 5097 3795 5180">
     <span class='ocr_line' id='line_1_115' title="bbox 2149 5097 3795 5180; baseline -0.001 -25"><span class='ocrx_word' id='word_1_797' title='bbox 2149 5119 2240 5155; x_wconf 89' lang='grc' dir='ltr'><strong>νον</strong></span> <span class='ocrx_word' id='word_1_798' title='bbox 2287 5097 2407 5173; x_wconf 80' lang='grc' dir='ltr'>ὀὶρτι</span> <span class='ocrx_word' id='word_1_799' title='bbox 2459 5099 2727 5175; x_wconf 86' lang='grc' dir='ltr'>βασιλέως</span> <span class='ocrx_word' id='word_1_800' title='bbox 2781 5099 2947 5156; x_wconf 86' lang='grc' dir='ltr'>παῖδα</span> <span class='ocrx_word' id='word_1_801' title='bbox 3001 5102 3090 5156; x_wconf 83' lang='grc' dir='ltr'><strong>καὶ</strong></span> <span class='ocrx_word' id='word_1_802' title='bbox 3148 5100 3376 5177; x_wconf 76' lang='grc' dir='ltr'>βασιλέα</span> <span class='ocrx_word' id='word_1_803' title='bbox 3405 5098 3442 5170; x_wconf 75' lang='grc' dir='ltr'>ἤ</span> <span class='ocrx_word' id='word_1_804' title='bbox 3471 5100 3659 5180; x_wconf 75' lang='grc' dir='ltr'>ἄρχειν</span> <span class='ocrx_word' id='word_1_805' title='bbox 3708 5100 3795 5154; x_wconf 81' lang='grc' dir='ltr'>αἰ-</span> 
     </span>
    </p>
   </div>
   <div class='ocr_carea' id='block_1_116' title="bbox 2151 5189 3782 5267">
    <p class='ocr_par' dir='ltr' id='par_1_116' title="bbox 2151 5189 3782 5267">
     <span class='ocr_line' id='line_1_116' title="bbox 2151 5189 3782 5267; baseline 0.004 -23"><span class='ocrx_word' id='word_1_806' title='bbox 2151 5191 2430 5266; x_wconf 75' lang='grc' dir='ltr'>ρουμένων</span> <span class='ocrx_word' id='word_1_807' title='bbox 2476 5189 2568 5244; x_wconf 88' lang='grc' dir='ltr'>τὸν</span> <span class='ocrx_word' id='word_1_808' title='bbox 2631 5189 2988 5266; x_wconf 88' lang='grc' dir='ltr'>βασιλεύοντα</span> <span class='ocrx_word' id='word_1_809' title='bbox 3043 5191 3333 5248; x_wconf 86' lang='grc' dir='ltr'>Ἰσαάκιον.</span> <span class='ocrx_word' id='word_1_810' title='bbox 3395 5191 3471 5248; x_wconf 87' lang='grc' dir='ltr'>Οὐ</span> <span class='ocrx_word' id='word_1_811' title='bbox 3523 5191 3619 5267; x_wconf 74' lang='grc' dir='ltr'>γὰρ</span> <span class='ocrx_word' id='word_1_812' title='bbox 3668 5193 3782 5250; x_wconf 78' lang='grc' dir='ltr'>τοῖς</span> 
     </span>
    </p>
   </div>
   <div class='ocr_carea' id='block_1_117' title="bbox 2149 5275 3786 5357">
    <p class='ocr_par' dir='ltr' id='par_1_117' title="bbox 2149 5275 3786 5357">
     <span class='ocr_line' id='line_1_117' title="bbox 2149 5275 3786 5357; baseline -0.002 -23"><span class='ocrx_word' id='word_1_813' title='bbox 2149 5277 2394 5342; x_wconf 67' lang='grc' dir='ltr'>πολλοῖς</span> <span class='ocrx_word' id='word_1_814' title='bbox 2427 5277 2533 5350; x_wconf 68' lang='grc' dir='ltr'>ἤδη</span> <span class='ocrx_word' id='word_1_815' title='bbox 2579 5279 2670 5335; x_wconf 86' lang='grc' dir='ltr'><strong>καὶ</strong></span> <span class='ocrx_word' id='word_1_816' title='bbox 2729 5281 3047 5357; x_wconf 73' lang='grc' dir='ltr'>ἀγροτέροις</span> <span class='ocrx_word' id='word_1_817' title='bbox 3104 5281 3380 5350; x_wconf 71' lang='grc' dir='ltr'>ἠσπάζετο</span> <span class='ocrx_word' id='word_1_818' title='bbox 3435 5279 3526 5334; x_wconf 80' lang='grc' dir='ltr'><strong>καὶ</strong></span> <span class='ocrx_word' id='word_1_819' title='bbox 3582 5280 3645 5348; x_wconf 85' lang='grc' dir='ltr'><strong>ἧν</strong></span> <span class='ocrx_word' id='word_1_820' title='bbox 3697 5275 3786 5331; x_wconf 76' lang='grc' dir='ltr'><strong>διὰ</strong></span> 
     </span>
    </p>
   </div>
   <div class='ocr_carea' id='block_1_118' title="bbox 2149 5365 3787 5444">
    <p class='ocr_par' dir='ltr' id='par_1_118' title="bbox 2149 5365 3787 5444">
     <span class='ocr_line' id='line_1_118' title="bbox 2149 5365 3787 5444; baseline -0.001 -22"><span class='ocrx_word' id='word_1_821' title='bbox 2149 5367 2418 5442; x_wconf 86' lang='grc' dir='ltr'>στόματος</span> <span class='ocrx_word' id='word_1_822' title='bbox 2457 5370 2547 5424; x_wconf 85' lang='grc' dir='ltr'><strong>καὶ</strong></span> <span class='ocrx_word' id='word_1_823' title='bbox 2596 5370 2862 5444; x_wconf 82' lang='grc' dir='ltr'>ὀνόματος</span> <span class='ocrx_word' id='word_1_824' title='bbox 2912 5371 3002 5425; x_wconf 85' lang='grc' dir='ltr'><strong>καὶ</strong></span> <span class='ocrx_word' id='word_1_825' title='bbox 3053 5369 3326 5442; x_wconf 78' lang='grc' dir='ltr'>θεώμενος</span> <span class='ocrx_word' id='word_1_826' title='bbox 3373 5366 3550 5424; x_wconf 80' lang='grc' dir='ltr'>ἐδόκει</span> <span class='ocrx_word' id='word_1_827' title='bbox 3597 5365 3787 5440; x_wconf 77' lang='grc' dir='ltr'>ἐπέρα-</span> 
     </span>
    </p>
   </div>
   <div class='ocr_carea' id='block_1_119' title="bbox 2148 5458 3786 5532">
    <p class='ocr_par' dir='ltr' id='par_1_119' title="bbox 2148 5458 3786 5532">
     <span class='ocr_line' id='line_1_119' title="bbox 2148 5458 3786 5532; baseline 0.002 -18"><span class='ocrx_word' id='word_1_828' title='bbox 2148 5479 2292 5527; x_wconf 84' lang='grc' dir='ltr'>στος,</span> <span class='ocrx_word' id='word_1_829' title='bbox 2321 5458 2466 5516; x_wconf 84' lang='grc' dir='ltr'>ἀλλὰ</span> <span class='ocrx_word' id='word_1_830' title='bbox 2495 5461 2582 5515; x_wconf 83' lang='grc' dir='ltr'>καὶ</span> <span class='ocrx_word' id='word_1_831' title='bbox 2631 5467 2748 5523; x_wconf 80' lang='grc' dir='ltr'>τοῖς</span> <span class='ocrx_word' id='word_1_832' title='bbox 2807 5460 2943 5516; x_wconf 70' lang='grc' dir='ltr'>κατὶ</span> <span class='ocrx_word' id='word_1_833' title='bbox 2982 5463 3082 5529; x_wconf 67' lang='grc' dir='ltr'>τὴν</span> <span class='ocrx_word' id='word_1_834' title='bbox 3128 5461 3404 5531; x_wconf 75' lang='grc' dir='ltr'>βασίλειον</span> <span class='ocrx_word' id='word_1_835' title='bbox 3452 5462 3627 5532; x_wconf 72' lang='grc' dir='ltr'>αὐλήν</span> <span class='ocrx_word' id='word_1_836' title='bbox 3669 5460 3786 5518; x_wconf 85' lang='grc' dir='ltr'>δια-</span> 
     </span>
    </p>
   </div>
   <div class='ocr_carea' id='block_1_120' title="bbox 2144 5544 3784 5624">
    <p class='ocr_par' dir='ltr' id='par_1_120' title="bbox 2144 5544 3784 5624">
     <span class='ocr_line' id='line_1_120' title="bbox 2144 5544 3784 5624; baseline 0.004 -22"><span class='ocrx_word' id='word_1_837' title='bbox 2144 5544 2416 5623; x_wconf 79' lang='grc' dir='ltr'>τρίϐουσι,</span> <span class='ocrx_word' id='word_1_838' title='bbox 2446 5549 2537 5604; x_wconf 88' lang='grc' dir='ltr'><strong>καὶ</strong></span> <span class='ocrx_word' id='word_1_839' title='bbox 2582 5547 2751 5605; x_wconf 79' lang='grc' dir='ltr'>εἰδόσι</span> <span class='ocrx_word' id='word_1_840' title='bbox 2809 5549 2957 5624; x_wconf 85' lang='grc' dir='ltr'>μάλα</span> <span class='ocrx_word' id='word_1_841' title='bbox 2996 5548 3362 5624; x_wconf 78' lang='grc' dir='ltr'>ἐπισταμένως</span> <span class='ocrx_word' id='word_1_842' title='bbox 3418 5553 3494 5614; x_wconf 87' lang='grc' dir='ltr'>ὡς</span> <span class='ocrx_word' id='word_1_843' title='bbox 3538 5551 3784 5624; x_wconf 80' lang='grc' dir='ltr'>’Δλέξιος</span> 
     </span>
    </p>
   </div>
   <div class='ocr_carea' id='block_1_121' title="bbox 2147 5637 3786 5720">
    <p class='ocr_par' dir='ltr' id='par_1_121' title="bbox 2147 5637 3786 5720">
     <span class='ocr_line' id='line_1_121' title="bbox 2147 5637 3786 5720; baseline 0.009 -29"><span class='ocrx_word' id='word_1_844' title='bbox 2147 5639 2179 5692; x_wconf 82' lang='grc' dir='ltr'><strong>ἀ</strong></span> <span class='ocrx_word' id='word_1_845' title='bbox 2206 5641 2302 5692; x_wconf 78' lang='grc' dir='ltr'><strong>τοῦ</strong></span> <span class='ocrx_word' id='word_1_846' title='bbox 2337 5637 2607 5714; x_wconf 79' lang='grc' dir='ltr'>βασιλέως</span> <span class='ocrx_word' id='word_1_847' title='bbox 2633 5645 2762 5704; x_wconf 88' lang='grc' dir='ltr'>παῖς</span> <span class='ocrx_word' id='word_1_848' title='bbox 2809 5641 3069 5713; x_wconf 81' lang='grc' dir='ltr'>Μανουὴλ</span> <span class='ocrx_word' id='word_1_849' title='bbox 3117 5641 3288 5698; x_wconf 83' lang='grc' dir='ltr'>πάλαι</span> <span class='ocrx_word' id='word_1_850' title='bbox 3333 5645 3424 5700; x_wconf 86' lang='grc' dir='ltr'><strong>τὸν</strong></span> <span class='ocrx_word' id='word_1_851' title='bbox 3479 5645 3601 5720; x_wconf 88' lang='grc' dir='ltr'>βίον</span> <span class='ocrx_word' id='word_1_852' title='bbox 3647 5643 3786 5704; x_wconf 82' lang='grc' dir='ltr'>ἀπο-</span> 
     </span>
    </p>
   </div>
  </div>
