4098 6292
277 388 395 452 789

1408 386 1510 447 DE
1554 386 1866 448 ISAACIO
1909 387 2228 452 ANGELO
2274 390 2424 451 LIB.
2471 390 2578 450 Ill.

3583 390 3704 451 790

280 525 516 583 λέλοιπε
546 525 636 582 τόν
687 522 1046 598 ἀνθρώπινον,
1106 523 1180 586 εἰς
1245 528 1428 598 θαῦμα
1482 521 1711 591 ἐτίθετο,
1770 525 1933 599 γινώ.

2054 522 2316 578 dalexius
2348 524 2617 579 Harmala
2649 540 2915 580 reversus
2956 527 3087 596 post
3125 523 3437 596 largiorem
3469 539 3702 598 compo-

287 637 479 671 σκουσι
511 617 603 688 μὶν
647 616 714 668 τὰ
762 611 908 681 ὂντα,
961 613 1027 667 τὰ
1086 610 1142 667 δέ
1198 634 1260 686 γε
1315 615 1436 676 καθ’
1491 610 1700 682 ἡδονήν
1760 613 1936 692 σφίσιν

290 705 588 774 εἰκάζουσι.
624 703 725 756 Σὺν
757 702 968 775 ἑτέροις
1011 699 1068 756 δὲ
1122 702 1214 756 καὶ
1247 703 1273 756 ὁ
1303 706 1399 756 τοῦ
1457 702 1728 776 βασιλέως
1775 701 1938 758 ἀδελ-

291 795 390 875 φὸς
449 791 688 865 Ἀλέξιος
745 789 959 860 ἔξεισιν,
1022 791 1079 851 ὅς
1134 791 1225 844 καὶ
1283 791 1509 865 ὕστερον
1571 786 1935 848 ἐϐασίλευσεν.

293 883 447 953 Πλὴν
480 882 568 936 καὶ
603 882 761 942 οὗτος
794 881 912 935 κατ’
952 876 1210 954 οὐδεμίαν
1261 877 1448 954 μάχην
1501 879 1809 948 συνεπλάκη
1858 885 1939 954 τῷ

291 973 544 1044 Ἀλεξίῳ,
576 969 705 1026 ἀλλ’
749 970 822 1030 ὡς
880 968 1137 1024 πλεῖστον
1195 967 1676 1043 ἂποσκηνούμενος
1723 972 1941 1025 ἓπισυν-

283 1067 405 1131 ῖστη
472 1059 634 1134 μόνον
704 1058 768 1114 τὸ
835 1064 1025 1114 Λεῖπον
1093 1059 1190 1129 τῆς
1257 1057 1566 1132 παροικίας,
1627 1058 1828 1114 ὁπόσον
1881 1079 1941 1134 γε

284 1149 474 1222 ἐκείνῳ
527 1149 603 1221 μὴ
664 1149 1085 1222 προσεχώρησε,
1143 1148 1232 1201 καὶ
1292 1152 1508 1222 συνεῖχε
1572 1148 1633 1202 τὸ
1691 1145 1939 1222 διαρρέον

279 1241 372 1296 καὶ
407 1233 739 1313 μεταϐαῖνον
779 1237 855 1298 εἷς
905 1238 998 1291 τὸν
1055 1232 1470 1292 ἀναϐεϐιωκότα
1525 1242 1718 1292 τοῦτον
1780 1236 1944 1294 Ἀλέ-

285 1330 418 1400 ξιον.
450 1325 611 1384 Ἀλλ’
640 1325 716 1382 ἔτι
749 1331 858 1381 τῶν
916 1327 1252 1400 πραγμάτων
1303 1326 1477 1388 οὓτως
1522 1325 1693 1381 δντων
1747 1327 1944 1402 ᾐωρη-

284 1417 483 1492 μένων,
539 1416 630 1472 xui
689 1420 786 1471 τοῦ
847 1418 943 1488 μὲν
1005 1415 1088 1470 ἀεὶ
1151 1413 1640 1488 ἒμπλατυνομένου
1718 1437 1776 1472 τε
1851 1416 1941 1471 καὶ

279 1505 712 1583 κρατυνομένου,
786 1509 884 1559 τοῦ
961 1502 1017 1560 δὲ
1092 1499 1593 1580 σεϐαστοκράτορυς
1670 1501 1750 1561 ἔτι
1817 1507 1941 1580 περὶ

283 1595 566 1673 συλλογήν
646 1595 1050 1668 ἐκπονουμένου
1129 1596 1530 1669 στρατεύματος
1608 1595 1725 1651 λύει
1811 1597 1942 1658 Θεὸς

279 1688 383 1756 την
445 1684 719 1762 ἐμφύλιον
778 1683 964 1758 μάχην
1045 1688 1448 1757 καινοπρεπῶς,
1504 1683 1593 1740 καὶ
1651 1685 1724 1746 ὡς
1783 1684 1942 1747 αύτὸς

279 1775 565 1832 ἐπίσταται
609 1774 776 1846 μόνος
843 1773 898 1828 έν
957 1773 1165 1846 ἀκαρεῖ⁸
1226 1773 1319 1828 τὸν
1382 1775 1485 1848 γὰρ
1551 1773 1790 1844 Ἀκέξιον
1846 1775 1944 1828 αὗ-

2051 615 2328 666 tationem
2365 615 2664 682 dormiret,
2691 633 2720 666 ιι
2755 618 3052 669 sacerdote
3074 616 3329 682 quodam
3362 632 3470 669 suo
3501 615 3701 686 gladio

2039 702 2367 773 jugulatur.
2392 706 2570 774 Cujus
2589 713 2767 774 caput
2795 707 3227 759 sebastocrator
3247 707 3699 777 contemplatus:

2049 799 2104 845 et
2131 793 2296 847 ﬂavis
2327 794 2588 848 crinibus
2621 797 2877 864 equestri
2915 793 3138 863 ﬂagello
3171 795 3476 851 discussis.
3510 816 3539 844 «
3572 795 3698 849 Non

2047 882 2288 938 omnino
2318 885 2443 939 sine
2500 901 2698 950 causa,
2742 887 2954 955 inquit,
2987 887 3159 939 urbes
3205 884 3361 939 hunc
3398 885 3698 941 hominem

2049 977 2262 1027 secutas
2295 979 2454 1028 sunt.
2489 995 2517 1023 »
2550 977 2627 1029 Ac
2659 976 2706 1028 is
2731 975 2965 1046 quidem
2997 991 3240 1029 suorum
3275 973 3553 1030 scelerum
3589 974 3695 1030 has

2050 1076 2250 1130 poenas
2281 1063 2459 1128 dedit,
2520 1069 2647 1118 tum
2681 1064 2833 1134 quod
2877 1064 3082 1118 Persas
3141 1069 3342 1119 contra
3400 1063 3694 1119 Romanos

2049 1148 2330 1217 incitavit,
2362 1156 2419 1206 et
2475 1167 2544 1207 ex
2577 1151 2668 1206 his
2699 1151 2842 1220 ipsis
2875 1157 3160 1223 quotquot
3195 1153 3264 1207 ad
3299 1167 3432 1207 eum
3465 1151 3694 1206 conﬂu-

2047 1243 2271 1309 xerant,
2305 1241 2674 1312 popularium
2709 1241 2862 1298 558
2894 1257 3138 1296 suorum
3182 1240 3468 1311 sanguine
3497 1244 3696 1296 conta-

2051 1329 2314 1397 minavit,
2348 1335 2470 1384 tum
2501 1331 2652 1400 quod
2688 1330 2857 1384 homo
2889 1330 3270 1385 detestandus
3302 1330 3516 1385 Chonis
3549 1330 3695 1386 meis

2051 1419 2274 1475 celebre
2305 1420 2578 1490 templum
2635 1418 2934 1474 Michaelis
2980 1419 3309 1474 archiducis
3368 1419 3696 1476 cmlestium

2049 1509 2347 1580 copiarum
2377 1507 2634 1572 violavit,
2671 1508 2856 1563 Persis
2889 1509 2946 1562 in
3003 1508 3446 1562 sanctissimum
3479 1509 3580 1563 Dei
3614 1514 3702 1564 ta-

2048 1597 2428 1654 bernaculum
2487 1596 2862 1662 introductis,
2923 1613 3027 1651 nec
3079 1602 3338 1666 spectare
3412 1597 3703 1653 dubitavit

2051 1686 2336 1758 pernicies
2393 1686 2639 1741 humani
2697 1686 2928 1758 generis
2976 1686 3190 1742 Christi
3249 1691 3306 1742 et
3363 1692 3703 1742 sanctorum

2051 1777 2335 1848 imagines
2369 1775 2612 1832 calculis
2667 1776 2807 1831 varii
2852 1776 3064 1832 coloris
3093 1792 3400 1846 expressas
3457 1776 3698 1846 aboleri,

284 1875 370 1929 θις
405 1863 816 1937 ὑποστρέψαντα
847 1863 982 1936 πρὸς
1031 1863 1097 1917 τὰ
1148 1863 1411 1937 Ἃρμαλα
1459 1862 1534 1925 εἰς
1585 1864 1684 1932 τὴν
1737 1865 1933 1918 Ηίσσαν

2051 1871 2109 1921 et
2138 1882 2337 1921 sacros
2397 1871 2589 1936 postes
2649 1866 2952 1920 securibus
2985 1870 3042 1920 et
3093 1865 3342 1920 celtibus
3393 1864 3610 1933 revelli,
3644 1869 3702 1920 at

283 1956 348 2011 τὸ
382 1955 665 2034 φρούριον,
699 1954 789 2007 xui
846 1953 980 2024 μετὰ
1029 1954 1194 2008 πότον
1251 1953 1609 2024 ὑπνώττοντα,
1662 1953 1933 2030 ἀποσφάτ-

2051 1960 2482 2010 sacrosanctam
2518 1971 2779 2010 mensam
2814 1955 3108 2025 profanari
3140 1962 3192 2009 et
3224 1953 3390 2009 humi
3421 1953 3616 2023 objici.

291 2065 373 2098 τει
449 2064 535 2105 τις
608 2047 717 2097 τῶν
794 2043 1000 2115 ἱερέων,
1077 2044 1175 2110 την
1253 2042 1418 2097 αὐτοῦ
1493 2043 1893 2117 παρακειμένην
1970 2044 2309 2115 σπασάμενος
2388 2041 2686 2119 μάχαιραν.
2765 2043 2841 2100 Οὗ
2886 2045 2984 2111 τήν
3027 2039 3269 2118 κεφαλὴν
3310 2042 3701 2112 ἀποκομισθεῖ-

289 2134 386 2187 σάν
431 2133 484 2186 οἱ
547 2133 787 2208 ἀθρήσας
827 2133 854 2186 6
896 2129 1344 2206 σεϐαστοκράτωρ
1407 2130 1676 2202 Ἀλέξιος,
1732 2134 1818 2186 καὶ
1874 2136 1973 2197 τῆς
2034 2134 2243 2202 ξανθῆς
2289 2129 2688 2204 ἀναλαμϐάνων
2746 2132 2927 2203 κόμης
2981 2130 3252 2192 πολλάκις
3314 2129 3402 2184 διὰ
3456 2135 3552 2186 τοῦ
3615 2131 3706 2184 ἱπ-

285 2223 448 2277 πείου
533 2221 782 2295 μύωπος,
862 2245 889 2272 ‹‹
932 2218 1008 2278 Οὒ
1085 2223 1283 2289 πᾶντη,
1361 2216 1606 2298 ἔφασκεν,
1682 2223 1906 2294 ἀμαθῶς
1979 2223 2033 2275 αὶ
2081 2220 2270 2285 πόλεις
2307 2226 2384 2292 τῷ
2423 2221 2694 2296 ἀνθρώπω
2732 2222 2908 2292 τούτῳ
2948 2219 3423 2290 ἐπηκολούθησαν,
3463 2244 3482 2269 ι»
3530 2217 3708 2276 Ἀλλά

279 2312 408 2366 τότε
487 2310 584 2384 μὲν
667 2311 828 2371 οὗτος
902 2309 1162 2378 τοιαύτην
1236 2307 1374 2364 ἔτισε
1451 2308 1605 2377 δίκην
1679 2311 1769 2365 καὶ
1846 2313 1918 2365 ὧν
1999 2312 2092 2383 μὲν
2171 2309 2602 2384 ἐπλημμέλησεν
2654 2311 2868 2384 ἑτέρως.
2913 2309 3116 2385 Πέρσας
3163 2310 3256 2382 μὲν
3299 2307 3528 2369 ὁπλίσας
3568 2309 3705 2363 κατὰ

299 2399 618 2474 Ῥωμαίων,
681 2400 889 2453 τούτων
949 2397 996 2454 δ’
1053 2400 1118 2452 αὗ
1179 2399 1378 2453 ὁπόσον
1435 2401 1584 2472 αύτῷ
1643 2398 1952 2475 προσερρύη
2009 2401 2129 2453 καθ’
2187 2399 2472 2474 ὁμοφύλου
2531 2401 2786 2472 ἀγριάνας
2839 2397 3093 2470 α’ίματος,
3143 2399 3228 2452 καὶ
3294 2397 3367 2450 ὧν
3419 2395 3476 2450 δὲ
3522 2397 3710 2472 παρῴ-

296 2512 456 2560 νησεν
515 2491 542 2544 6
604 2489 870 2562 ἐπάρατος
933 2489 1008 2550 εἰς
1065 2488 1155 2542 τὸν
1215 2488 1264 2542 ἐν
1325 2495 1444 2550 ταῖς
1495 2489 1652 2561 ἐμαῖς
1709 2492 1920 2550 Χωναις
1979 2487 2324 2562 περιώνυμον
2381 2492 2483 2542 νεὼ
2537 2493 2634 2543 τοῦ
2705 2490 3150 2563 ἀρχιστρατήγου
3233 2493 3343 2541 τῶν
3403 2485 3558 2549 θείων
3617 2485 3708 2539 καὶ

292 2580 480 2636 ἆῦλων
555 2580 755 2652 τάξεων
833 2577 1090 2654 Μιχαήλ·
1169 2578 1353 2652 ἐμίανε
1428 2581 1529 2656 γὰρ
1606 2581 1668 2634 τὸ
1743 2585 1837 2634 τοῦ
1912 2584 2045 2634 Θεοῦ
2120 2582 2381 2652 πανάγιον
2457 2582 2717 2652 σκήνωμα
2765 2580 3018 2634 εἶσελθὼν
3099 2579 3234 2649 μετὰ
3309 2582 3548 2650 Περσῶν,
3615 2576 3706 2632 καὶ

295 2671 554 2746 ἠνείχετο
621 2672 864 2744 καθορῶν
933 2673 961 2725 6
1026 2669 1292 2745 ἐπάρατος
1349 2671 1415 2726 τὰ
1473 2669 1560 2725 διὰ
1615 2669 1868 2749 ψηφίδων
1926 2671 2344 2744 ποικιλοχρόων
2428 2675 2525 2726 τοῦ
2600 2673 2835 2745 Χριστοῦ
2905 2671 2996 2724 καὶ
3073 2675 3180 2724 τῶν
3257 2670 3425 2742 ἁγίων
3501 2661 3707 2722 ἔκτυπα

281 2762 682 2837 ἀχρειούμενα,
741 2762 831 2816 καὶ
892 2761 982 2816 τὸν
1043 2762 1186 2836 ἱερὸν
1243 2763 1327 2816 xci
1390 2767 1533 2826 θεῖον
1591 2763 1926 2833 ἀνάσταθμον
2004 2759 2220 2816 πελέκει
2305 2761 2394 2816 καὶ
2483 2760 2824 2837 λαξευτηρίῳ
2898 2759 3395 2834 καταρασσόμενον,
3454 2757 3544 2810 καὶ
3599 2759 3700 2827 τὴν

289 2859 502 2926 παναγῆ
535 2851 623 2905 καὶ
658 2852 878 2924 θμωρὸν
912 2845 1326 2925 βεϐηλουμένην
1354 2851 1443 2906 xui
1479 2850 1832 2924 βαλλομένην
1863 2846 2017 2920 ἔραζε
2040 2854 2324 2926 τράπεζαν.

366 2941 433 3013 β’.
493 2940 566 2996 Ού
623 2939 862 3002 πολλαῖς
921 2938 979 2994 δὲ
1037 2939 1261 3017 ὕιρτερον
1317 2940 1549 3014 ἡμέραις
1603 2942 1692 2994 καὶ
1748 2938 1933 3014 ἕτερός

293 3058 378 3098 τις
410 3038 508 3104 τήν
543 3037 704 3106 αὐτὴν
735 3039 930 3108 κλῆσιν
979 3039 1067 3092 καὶ
1128 3039 1350 3113 βασιλέα
1403 3040 1491 3094 τόν
1540 3039 1699 3094 αὐτόν
1747 3043 1934 3115 γεννή-

2114 2945 2168 2996 2.
2203 2943 2326 2998 Non
2378 2943 2579 2999 multis
2624 2943 2832 2998 diebus
2867 2946 2998 3012 post
3044 2941 3216 3004 alius,
3264 2940 3364 3012 qui
3421 2939 3691 2994 eamdem

2045 3033 2491 3108 appellationem
2527 3038 2914 3106 eumdemque
2937 3038 3160 3104 patrem
3192 3029 3304 3084 sibi
3335 3028 3692 3096 vindicabat,

289 3147 423 3202 τορα
476 3125 840 3202 ψευδωνύμως
887 3129 1144 3184 ὑπεισιὼν
1203 3130 1338 3183 κατὰ
1387 3129 1761 3208 Παφλαγονίαν
1813 3128 1932 3182 ἐπε-

2046 3135 2105 3190 in
2139 3131 2538 3205 Paphlagonia
2578 3127 2800 3183 exstitit
2828 3128 2885 3179 et
2916 3121 3199 3195 quasdam
3244 3117 3574 3230 provincias
3606 3121 3694 3171 at-

288 3218 452 3294 φάνη.
498 3219 599 3272 Καὶ
639 3219 780 3279 τινὶς
844 3219 937 3292 μὲν
992 3218 1080 3271 xui
1139 3219 1324 3290 τούτῳ
1385 3219 1640 3293 ἐπαρχίαι
1699 3239 1934 3293 προσκε-

284 3310 598 3381 χωρήκασι·
657 3307 872 3369 σταλεὶς
933 3305 991 3361 δὲ
1045 3310 1162 3363 κατ’
1229 3308 1392 3362 αὐτοῦ
1428 3309 1455 3362 6
1489 3304 1744 3370 σεϐαστὸς
1805 3309 1938 3362 Θεό-

277 3393 458 3470 δωρος
489 3398 516 3450 ὁ
551 3399 826 3469 Χοῦμνος,
857 3395 1262 3472 χαρτουλάριος
1285 3392 1358 3450 ὤν
1373 3401 1482 3451 τῶν
1510 3397 1932 3469 ίπποστάθμων,

275 3487 482 3556 ἣττησὲ
513 3506 571 3540 τε
602 3485 850 3558 πόλεμον
885 3489 1259 3561 συγκροτήσας
1312 3489 1400 3542 καὶ
1455 3488 1760 3542 ἀπέκτεινεν
1811 3508 1935 3541 συν-

278 3575 550 3654 ειληφώς.
585 3573 710 3630 Ἐπὶ
750 3574 965 3637 τούτοις
1005 3575 1093 3629 καὶ
1126 3576 1153 3630 ὁ
1185 3577 1406 3646 Χοτζᾶς.
1465 3575 1753 3637 Βασίλειος
1801 3575 1937 3631 κατὰ

277 3667 384 3730 τήν
426 3662 709 3739 ἄγχουρον
766 3662 1143 3738 Νικομηδεῦσι
1198 3666 1427 3740 Ταρσίαν
1477 3667 1759 3742 ἀνταρσίαν
1809 3667 1928 3742 ἐμε-

279 3750 502 3822 λέτησε,
563 3751 654 3806 καὶ
715 3749 925 3827 προέϐη
991 3754 1084 3822 μὲν
1141 3755 1229 3808 καὶ
1284 3757 1316 3823 ἡ
1365 3757 1559 3809 τούτου
1618 3756 1697 3834 ἐφ’
1751 3758 1932 3812 ἱκανὸν

279 3842 554 3915 τυραννῖς,
589 3841 926 3910 συλληφθεὶς
969 3840 1024 3896 δὲ
1069 3842 1157 3896 xui
1207 3843 1368 3905 αὐτὸς
1419 3844 1755 3920 ἀμαυροῦται
1808 3847 1934 3908 τοὺς

281 3930 572 4004 ὀφθαλμοί)
598 3932 748 4002 [271]
778 3930 866 3984 xui
896 3937 1105 4007 φρουρᾷ
1135 3931 1511 4006 παραδίδοται.
1542 3933 1662 4009 Οὐχ
1694 3934 1846 3990 οὗτοι
1879 3933 1934 3990 δὲ

281 4020 474 4093 μόνον,
512 4016 658 4073 ἀλλᾶ
687 4021 776 4074 καὶ
810 4015 975 4074 ἄλλοι
1006 4018 1208 4076 ἂλλοτε
1246 4021 1412 4078 πάλιν
1469 4024 1559 4078 καί
1608 4024 1793 4092 πάλιν,
1843 4026 1932 4078 xui

276 4112 387 4166 οὐκ
446 4108 585 4164 ἔστιν
652 4109 836 4171 ὁσάκις
903 4109 1095 4179 εἰπεῖν,
1172 4110 1535 4183 ἐπανέστησαν
1602 4113 1636 4182 ἤ
1704 4115 1793 4168 καὶ
1861 4117 1934 4176 ὡς

271 4201 505 4274 σπαρτοὶ
567 4198 890 4270 ἀνεδόθησαν
982 4203 1260 4278 γίγαντες,
1328 4201 1422 4258 κᾶν
1492 4205 1565 4265 ὡς
1645 4204 1934 4281 πομφολύ-

271 4287 432 4367 γώδη
475 4292 772 4368 φυσήματα
829 4285 1063 4360 διάκενα,
1135 4293 1208 4353 ὡς
1275 4294 1341 4360 ἦν
1403 4289 1558 4360 ἰδεῖν,
1628 4294 1931 4347 ἀπέπιπτόν

270 4400 333 4434 τε
373 4379 464 4434 καὶ
505 4376 812 4434 διελύοντο.
875 4380 945 4436 ’Ὀ
1001 4401 1058 4434 τε
1115 4381 1216 4454 γὰρ
1287 4383 1576 4455 Κομνηνὸς
1641 4383 1930 4453 Ἰσαάκιος,

277 4470 307 4522 ὁ
347 4471 442 4522 τοῦ
486 4467 754 4541 βασιλέως
798 4465 1149 4543 Ἀνδρονίκου
1193 4468 1545 4550 ἀδελφιδοῦς,
1603 4479 1701 4541 τῆς
1753 4473 1927 4549 φυλα-

489 4533 497 4541 .
935 4533 943 4543 .
1341 4533 1351 4550 .
1513 4533 1543 4541 τ.
1657 4533 1668 4541 -
1765 4533 1774 4549 .

282 4561 386 4623 κῆς
419 4555 654 4630 ἀποδρὰς
702 4559 792 4613 καὶ
841 4559 904 4612 τὸ
958 4557 1090 4635 μέγα
1144 4561 1370 4634 τέμενος
1424 4561 1606 4616 εῗσιὼν
1666 4562 1927 4617 ἀνασείειν
1962 4533 2008 4594 D

282 4645 375 4700 τὸν
438 4640 611 4724 ὄχλον
670 4647 949 4722 ὣρμησεν,
1005 4647 1342 4722 συλληφθεὶς
1401 4649 1457 4706 δὲ
1512 4652 1600 4705 xui
1641 4652 1926 4726 ἀπαιωρη-

281 4735 390 4797 θεὶς
421 4735 510 4789 καὶ
557 4736 799 4810 βαρείαις
861 4737 1097 4793 ὲτάσεσιν
1152 4735 1488 4809 ὑποϐληθείς
1546 4739 1632 4794 ἐπὶ
1680 4745 1758 4812 τῷ
1804 4741 1930 4806 τοὺς

280 4821 592 4898 συνίστορας
650 4824 874 4904 ἐκφῆναι
939 4829 1038 4896 τῆς
1103 4825 1416 4904 τυραννίδος
1481 4828 1548 4884 τὰ
1611 4827 1760 4891 ἐντός
1829 4827 1931 4884 διε-

279 4914 458 4989 φθάρη
487 4912 576 4966 καὶ
617 4910 828 4969 ἆπεϐίω
871 4917 971 4985 τήν
1018 4919 1136 4990 μετ’
1193 4916 1424 4989 ἐκείνην
1483 4919 1570 4973 xui
1635 4921 1662 4973 6
1721 4919 1924 4976 Ταττί-

275 5020 395 5062 κιος
475 5003 876 5067 Κωνσταντῖνος
963 5006 1280 5082 σύστρεμμα
1373 5009 1772 5082 τεκτηνάμενος
1838 5010 1927 5064 καὶ

273 5091 666 5154 πεντακοσίους
694 5088 840 5168 ἔχων
885 5099 982 5149 τοῦ
1031 5091 1196 5173 ἔργου
1243 5095 1656 5173 συλλήπτορας,
1705 5099 1794 5154 καὶ
1847 5097 1927 5176 ἐφ’

280 5178 462 5235 ἰκανὸν
495 5181 692 5258 χρόνον
729 5187 799 5256 τῇ
856 5183 1016 5239 πόλει
1075 5182 1445 5260 κρυπτόμενος
1504 5186 1595 5242 xui
1637 5187 1926 5259 λεληθὼς,

268 5271 675 5342 καταμηνυθεὶς
707 5277 892 5346 μικρῷ
921 5273 1142 5349 ὕστερον
1185 5273 1331 5330 ἑάλω
1385 5277 1473 5330 xui
1525 5276 1653 5338 τοὺς
1713 5277 1926 5354 ὀφθαλ-

275 5357 411 5428 μοὺς
471 5357 831 5433 ἐξορώρυκτο.
898 5361 994 5416 Καὶ
1044 5361 1371 5439 ῥακενδύτης
1419 5362 1477 5420 δέ
1534 5386 1639 5434 τις,
1703 5366 1764 5421 ἐκ
1821 5370 1930 5423 Κο-

271 5449 492 5518 μνηνῶν
522 5446 699 5506 ἕλκων
739 5453 804 5505 τὸ
860 5452 1029 5526 γένος,
1074 5456 1175 5523 τήν
1220 5455 1390 5524 αὐτὴν
1449 5461 1566 5517 τοῖς
1617 5455 1925 5530 εἰρημένοις

275 5532 495 5606 βαδίσας
544 5539 633 5592 καὶ
683 5537 743 5592 ἐκ
795 5539 894 5593 τοῦ
953 5549 1296 5618 παραχρῆμα
1355 5545 1633 5618 συσχεθεὶς
1701 5544 1930 5600 ἀπεστέ-

288 5640 440 5692 ρηται
489 5631 586 5682 τοῦ
625 5629 830 5706 φωτός.
889 5633 1004 5684 Τῶν
1057 5627 1113 5684 δὲ
1169 5637 1380 5707 συχνῶν
1439 5635 1668 5688 τουτωνὶ
1731 5633 1928 5690 ἐπανα-

291 5713 519 5772 στάσεων
575 5722 641 5792 ἧν
713 5720 806 5796 μὶν
867 5719 1038 5777 αἶ’τιον
1093 5724 1182 5780 xui
1238 5723 1300 5779 τὸ
1357 5727 1447 5780 τὸν
1507 5727 1770 5785 Ἰσαάκιον
1825 5727 1925 5798 τήν

2046 3226 2240 3280 traxit.
2303 3223 2414 3277 Sed
2471 3236 2604 3275 eum
2664 3220 2934 3272 sebastus
2991 3213 3327 3266 Theodorus
3384 3207 3700 3275 Chomnus,

2049 3312 2443 3369 chartularius
2502 3308 2788 3380 equitum,
2845 3309 2902 3358 et
2933 3299 3126 3371 praelia
3158 3297 3296 3352 vicit
3352 3301 3408 3350 et
3463 3300 3700 3366 captum

2049 3403 2277 3459 occidit.
2350 3401 2606 3458 Posthac
2672 3395 2918 3451 Basilius
2975 3392 3217 3455 Chozas,
3273 3387 3510 3450 Tarsiaa,
3572 3401 3698 3446 quis

2047 3494 2393 3548 Nicomediae
2412 3489 2593 3545 vicina
2616 3491 2723 3550 est,
2757 3482 3129 3556 tyrannidem
3159 3494 3297 3532 occu
3311 3477 3492 3546 pavit;
3520 3490 3698 3545 quam

2047 3600 2179 3639 cum
2213 3581 2553 3652 aliquandiu
2586 3577 2893 3638 tenuisset,
2925 3576 3132 3638 captus
3158 3566 3386 3620 eﬂ'ossis
3417 3563 3695 3660 oculis‘in

2047 3777 2192 3832 pene
2225 3757 2539 3824 innumeri,
2573 3771 2687 3808 non
2721 3765 2892 3806 secus
2923 3763 2987 3801 ac
3021 3743 3321 3810 terrigenas
3352 3739 3435 3792 illi
3462 3739 3693 3805 fratres,

2048 3829 2220 3920 regno
2278 3848 2541 3901 affectate
2602 3842 2835 3912 perinde
2887 3846 3060 3906 atque
3114 3830 3285 3886 bullae
3319 3829 3522 3920 inanes
3563 3843 3697 3920 eva-

2047 3915 2324 3994 nuerunt.
2374 3939 2514 3988 Nam
2549 3938 2604 3985 et
2635 3931 2966 3985 Comnenus
2998 3920 3281 3987 lsaacius,
3323 3915 3694 3986 imperatoris

2044 4027 2354 4085 Andronici
2389 4025 2544 4080 554
2575 4037 2642 4074 ex
2677 4022 2850 4071 fratre
2907 4027 3110 4082 nepos,
3157 4006 3426 4064 custodia
3455 4005 3694 4074 elapsus

2045 4125 2100 4174 et
2133 4133 2410 4188 magnum
2471 4109 2754 4182 templum
2791 4107 3090 4176 ingressus
3131 4098 3359 4171 plebem
3395 4093 3692 4188 concitare

2043 4183 2313 4262 instituvit.
2364 4203 2476 4258 Sed
2505 4197 2986 4271 comprehensus,
3021 4197 3074 4245 et
3106 4188 3355 4258 graviter
3397 4183 3692 4240 excrucia-

2043 4303 2140 4353 tus
2171 4302 2234 4350 ut
2266 4295 2530 4350 conscios
2563 4288 2911 4354 nominaret,
2944 4278 3240 4336 intestinis
3274 4272 3567 4346 corruptis
3597 4287 3694 4342 po-

2044 4387 2245 4442 stridie
2275 4384 2512 4438 interiit.
2549 4383 2651 4435 Bst
2680 4383 2737 4432 et
2784 4371 3116 4430 Costantius
3156 4365 3466 4431 Tatticius,
3520 4362 3693 4416 homo

2048 4477 2346 4539 factiosus,
2375 4472 2475 4543 qui
2497 4469 2644 4525 clam
2678 4469 2738 4521 in
2773 4465 2914 4519 urbe
2945 4459 3293 4530 quingentos
3326 4449 3691 4543 sicarios‘diu

2041 4567 2284 4632 aluerat,
2305 4537 2558 4626 del-atus,
2581 4564 2636 4615 et
2663 4555 2834 4630 paulo
2859 4555 2990 4625 post
3009 4553 3216 4618 captus
3241 4543 3441 4599 oculos
3467 4537 3688 4632 amisit.

2039 4657 2125 4713 Ob
2149 4629 2301 4711 idem
2323 4653 2541 4708 crimen
2563 4629 2888 4716 Bacendyta
2920 4639 3161 4712 quidam
3188 4629 3506 4690 Commenii
3525 4643 3695 4700 gene-

2039 4746 2119 4802 ris
2151 4743 2350 4798 statim
2387 4737 2846 4809 comprehensus
2873 4727 3109 4785 easdem
3143 4738 3344 4796 pmnas
3389 4719 3517 4775 luit.
3549 4721 3693 4771 Fre-

2039 4831 2344 4905 quentium
2405 4828 2638 4884 illarum
2698 4820 3060 4905 seditionum,
3114 4827 3294 4905 causa
3349 4811 3495 4905 erat,

2040 4896 2194 4994 quod
2230 4918 2486 4975 lsaacius
2534 4913 2847 4986 imperium
2901 4904 3160 4978 segniter
3217 4896 3690 4994 administrabat,

2041 4989 2212 5084 plane
2243 5023 2558 5080 persuasus
2589 5021 2652 5059 se
2694 5002 2753 5056 id
2806 5004 2863 5054 et
2892 4994 3185 5066 accepisse
3218 4989 3629 5084 idivinitushet
3659 5002 3693 5084 a

2040 5075 2162 5158 solo
2193 5075 2307 5155 Deo
2360 5094 2664 5159 custodiri,
2699 5101 2820 5146 tum
2865 5087 3019 5159 quod
3069 5083 3338 5140 homines
3387 5075 3688 5134 ambitiosi

2039 5189 2310 5244 videbant
2367 5189 2588 5256 quanta
2647 5179 2919 5236 facilitate
2977 5190 3168 5231 rerum
3231 5170 3448 5242 potitus
3505 5169 3680 5222 esset.

2040 5278 2203 5334 Unde
2258 5276 2519 5349 plerique
2578 5273 2784 5326 insano
2815 5264 3078 5331 consilio,
3113 5262 3284 5317 modo
3338 5256 3570 5324 vellent,
3623 5270 3686 5310 se

2039 5369 2341 5438 imperium
2393 5367 2538 5422 citra
2585 5359 3020 5418 dimicationem
3075 5367 3373 5410 armorum
3431 5362 3688 5418 occupa-

2044 5467 2204 5514 turos
2266 5456 2570 5530 putabant,
2628 5467 2756 5507 eam
2827 5445 3078 5519 ingressi
3135 5444 3282 5535 viam
3343 5454 3520 5508 quam
3575 5450 3687 5535 suo

2041 5523 2307 5618 exemplo
2358 5547 2774 5600 demonstraret
2838 5536 3116 5600 lsaacius,
3162 5529 3262 5602 qui
3315 5544 3446 5583 cum
3502 5523 3689 5618 pridie

2040 5615 2231 5695 occiso
2285 5626 2923 5706 Hagiochristophorita
2979 5622 3225 5694 supplex
3279 5617 3339 5670 in
3398 5615 3683 5682 templum

2040 5725 2418 5796 oonfugisset,
2479 5718 2760 5791 postridie
2790 5729 3032 5785 regnare
3079 5707 3368 5778 coepisset,
3411 5710 3683 5772 perverso
