4098 6292
386 419 498 481 791

1693 410 2010 477 ΝῘΟΕΤᾸΞ
2063 405 2487 467 ΟΗΟΝῙΑΤΑΞ

3677 403 3798 466 792

381 556 584 628 utique
636 552 858 625 judicio
890 557 1313 625 proptereaque
1342 553 1585 610 adverso
1623 556 1853 608 eventu.
1894 548 2018 604 Non

2142 536 2418 613 βασιλείαν
2479 531 2832 608 διακυϐερνᾷν
2892 532 3307 610 μαλακώτερον,
3391 528 3632 612 ἀκριϐῶς
3704 556 3800 628 πεῖ

378 646 533 702 enim
594 659 915 715 purpuram
951 641 1097 699 555
1135 644 1233 698 sed
1291 643 1584 714 duplicem
1646 639 2024 712 ignominiam

374 734 915 805 consequebantur,
951 731 1133 803 aliqui
1171 732 1347 788 etiam
1407 731 1843 787 occidebantur.
1903 727 2026 782 Non

370 823 528 880 enim
558 822 706 878 solet
737 821 894 877 Deus
924 822 1125 877 eadem
1158 821 1410 876 subinde
1441 820 1663 876 ratione
1694 835 1788 875 res
1818 818 2028 874 huma-

371 928 478 968 nas
507 911 860 983 gubernare,
890 910 992 965 sed
1022 912 1091 965 ad
1125 910 1467 966 varietatem
1499 906 2029 965 administrationis

376 1000 634 1057 universi
692 998 1106 1056 declarandam
1136 1017 1318 1073 regna
1348 1006 1406 1055 et
1463 999 1827 1071 principatus
1865 997 2032 1052 aliter

383 1096 557 1163 atque
588 1089 757 1145 aliter
811 1089 1151 1156 transferre,
1194 1106 1264 1144 ne
1322 1087 1739 1145 minutissimis
1796 1086 2031 1156 quidem

381 1180 558 1236 rebus
590 1196 623 1234 a
679 1194 783 1233 sua
816 1194 955 1233 cura
985 1177 1256 1233 exclusis.
1295 1178 1649 1234 Pharaonem
1681 1192 1814 1232 cum
1865 1174 2029 1246 equi-

379 1275 499 1325 tatu
526 1268 584 1323 in
618 1267 798 1323 fundo
822 1267 1001 1322 maris
1038 1266 1340 1330 demergit,
1370 1266 1550 1321 alium
1584 1282 1687 1336 per
1715 1266 2032 1319 formosam

380 1357 685 1413 mulierem
711 1354 968 1427 jugulat,
1002 1354 1178 1410 alium
1232 1357 1302 1409 ab
1343 1356 1610 1409 hostibus
1642 1353 1820 1409 occidi
1871 1352 2030 1408 sinit.

377 1451 480 1505 Est
509 1455 566 1504 et
594 1449 693 1520 qui
756 1465 825 1502 ex
857 1448 1069 1501 mentis
1115 1462 1311 1501 errore
1358 1463 1457 1516 pro
1514 1450 1739 1500 mortuo
1800 1444 2033 1498 habitus

381 1546 556 1609 atque
596 1537 873 1593 oblivioni
907 1537 1157 1591 traditus
1195 1535 1407 1606 palatio
1457 1551 1587 1589 cum
1626 1534 1824 1589 derisu
1865 1534 2032 1588 oﬂ‘er-

380 1632 481 1683 tur
506 1631 563 1682 et
618 1624 943 1697 sepelitur;
978 1627 1129 1680 unde
1182 1631 1432 1679 obscura
1481 1640 1618 1679 voce
1676 1622 1936 1678 clamans
1980 1628 2036 1676 et

378 1718 573 1773 lucem
605 1717 965 1784 desiderans,
993 1733 1106 1772 non
1142 1716 1453 1787 imperium
1486 1719 1782 1785 expetens,
1822 1713 2035 1767 nihilo-

380 1806 577 1863 minus
630 1810 693 1862 ut
722 1808 810 1861 vir
842 1805 1139 1877 pessimus
1170 1810 1324 1860 recte
1357 1802 1682 1875 pcssumire
1713 1806 1769 1857 et
1799 1801 2036 1857 interire

375 1895 613 1953 sinitur.
665 1893 830 1950 Multi
891 1894 1007 1950 leni
1067 1898 1255 1948 morte
1313 1891 1584 1948 exstincti
1638 1890 1796 1946 velut
1849 1889 2033 1946 oculis

377 1991 585 2033 somno
615 1975 830 2030 clausis
872 1973 1009 2030 hinc
1041 1973 1390 2045 demigrant.
1422 1976 1572 2027 Sunt
1611 1970 1713 2043 qui
1765 1986 1864 2041 per
1894 1970 2029 2026 hin-

373 2066 566 2121 nitum
628 2063 764 2135 equi
846 2064 917 2118 ad
979 2078 1225 2134 regnum
1286 2060 1677 2117 ascenderint.
1737 2058 1899 2115 Alius
1958 2059 2030 2114 ab

374 2158 563 2209 aratro
595 2157 653 2208 et
709 2152 871 2208 sulco
903 2152 975 2207 ad
1037 2167 1359 2223 purpuram
1410 2156 1500 2207 est
1555 2153 1819 2216 vocatus,
1883 2149 2033 2204 alius

376 2244 717 2301 adolescens
782 2242 959 2315 opilio
1031 2243 1310 2298 divinitus
1378 2242 1436 2299 in
1500 2257 1690 2312 regem
1768 2240 2028 2313 ungitur.

2135 627 2427 699 πεισμένον
2475 625 2548 687 ὡς
2607 625 2667 681 ἐκ
2716 629 2849 681 Θεοῦ
2895 626 2959 680 τὸ
3013 622 3200 699 ἄρχειν
3246 621 3460 694 ἐδέξατο
3519 625 3611 680 καὶ
3666 610 3797 697 παρ’

2136 717 2345 773 ἐκείνου
2396 716 2565 789 μόνου
2619 715 2729 770 ἐστὶ
2778 713 3203 793 φρουρούμενος·
3254 715 3526 776 πλειόνως
3556 711 3604 768 δ’
3635 712 3790 770 ἒπτέ-

2137 827 2234 880 ρου
2264 806 2391 868 τοὺς
2424 805 2734 883 φιλάρχους
2780 804 2855 867 εἷς
2897 802 3207 880 παρρησίαν
3247 823 3306 858 τε
3353 803 3445 857 καὶ
3494 802 3789 859 ἀπόστασιν

2135 897 2197 951 τὸ
2228 903 2327 964 τῆς
2380 893 2661 971 βασιλείας
2714 892 3085 969 ἀπραγμόνως
3143 888 3498 956 ἐπιλαϐέσθαι
3544 894 3638 947 τὸν
3694 893 3792 949 αὗ-

2137 985 2463 1059 τοκοάτορα,
2494 982 2606 1053 καὶ,
2656 983 2732 1043 ὡς
2781 982 2827 1037 εἰ
2876 982 3192 1051 θελήσουσι,
3248 980 3682 1057 βασιλεύσουσιν,
3736 984 3790 1037 οἱ

2138 1074 2365 1135 πλείους
2407 1071 2894 1149 φρεναπατώμενοι
2937 1072 3061 1145 ἄτερ
3101 1066 3290 1126 ὅπλων
3331 1077 3450 1132 τοῖς
3501 1073 3617 1126 κατ’
3670 1069 3791 1149 ἔφε-

2140 1187 2223 1220 σιν
2289 1163 2609 1225 πλειστάκις
2664 1157 2950 1230 ἐπέϐαλον,
3009 1161 3217 1233 ἐκείνην
3281 1162 3575 1239 ἀτραπιτὸν
3647 1163 3794 1219 στεί-

2144 1251 2330 1316 ϐοντες
2369 1255 2435 1324 ἣν
2479 1253 2700 1325 ἀνέῳξεν
2752 1252 2804 1315 ἐς
2865 1250 3147 1330 λεωφόρον
3204 1253 3455 1327 ἄντικρυς
3502 1252 3791 1321 Ἰσαάκιος,

2142 1345 2367 1419 έσπέρας
2408 1344 2499 1397 τὸν
2555 1340 3154 1419 ’Δγιοχριστοφορίτην
3210 1340 3518 1403 ἀπεκτονὼς
3574 1342 3663 1397 καὶ
3714 1347 3795 1415 τῷ

2147 1434 2385 1511 μεγίστω
2428 1454 2534 1505 νεῳ
2593 1433 2884 1506 προσρυεὶς
2942 1431 3031 1486 καὶ
3096 1430 3421 1507 βασιλεύσας
3483 1430 3535 1494 ές
3594 1431 3788 1501 νέωτα,

2141 1528 2321 1585 κακῶς
2376 1524 2650 1597 κρίνοντες
2706 1522 2794 1576 καὶ
2861 1517 2950 1574 διὰ
3012 1524 3173 1575 τοῦτο
3238 1526 3419 1583 κακῶς
3485 1522 3791 1596 πάσχοντες

2141 1614 2231 1667 καὶ
2264 1611 2380 1667 ἀντὶ
2437 1608 2777 1689 πορφυρίδος
2836 1607 3097 1665 διπλοῖδα
3156 1608 3423 1689 αἰσχύνης
3477 1608 3788 1665 ἰνδιδυσκό-

2147 1722 2326 1775 μενοι,
2381 1700 2600 1775 ὶνιαχοῦ
2658 1696 2716 1754 δὶ
2770 1699 2860 1753 καὶ
2914 1698 3219 1775 πορφύρεον
3278 1698 3501 1753 θάνατον
3561 1699 3787 1776 ὑφιστά-⁵

2147 1811 2322 1865 μενοι.
2355 1789 2433 1848 Οὐ
2466 1791 2570 1865 γὰρ
2599 1789 2661 1843 τὸ
2689 1794 2839 1853 θεῖοο
2871 1786 3024 1867 φιλεῖ
3053 1784 3141 1843 διὰ
3170 1793 3270 1857 τῆς
3312 1788 3480 1853 αὐτῆς
3527 1790 3786 1852 ὡσαύτως

2143 1881 2406 1948 κινήσεως
2448 1876 2484 1945 ἢ
2525 1874 2882 1952 ἒφορμήσεως
2937 1875 3003 1929 τὰ
3057 1876 3191 1930 κατᾶ
3245 1876 3337 1931 τὸν
3394 1875 3577 1951 βίοτον
3637 1880 3788 1950 μεθι-

2141 1972 2264 2038 στᾷν
2300 1967 2393 2022 καὶ
2436 1961 2789 2040 διακυϐερνᾷν
2841 1966 3157 2040 πράγματα,
3218 1963 3361 2021 αλλὰ
3417 1965 3480 2021 τὸ
3536 1965 3786 2022 ποικίλον

2140 2059 2418 2131 παριστῶν
2449 2061 2549 2125 τῆς
2587 2058 2685 2109 τοῦ
2742 2054 2942 2115 παντὸς
2992 2052 3153 2109 τοῦδε
3209 2050 3542 2130 διεξαγωγῆς
3591 2076 3650 2110 τε
3698 2057 3786 2111 καὶ

2141 2144 2467 2215 διοικήσεως
2544 2140 2748 2197 ἄλλοτε
2825 2139 3013 2204 ἄλλως
3085 2142 3181 2203 τὰς
3222 2141 3465 2213 ἐξουσίας
3511 2142 3788 2219 μεθαρμό-

2143 2240 2217 2303 ζει
2292 2232 2386 2288 καὶ
2465 2231 2788 2306 μετατίθησι
2860 2232 2960 2294 τὰς
3036 2231 3232 2307 ἀρχὰς,
3313 2229 3454 2304 μηδὲ
3491 2234 3554 2287 τὸ
3594 2232 3785 2288 λεπτό-

375 2334 532 2391 556
602 2332 715 2388 Sed
766 2347 1049 2403 quorsum
1109 2330 1319 2387 attinet
1394 2345 1857 2385 commemorare
1907 2329 2031 2384 sin-

2142 2345 2298 2380 τατον
2340 2320 2441 2377 ἐῶν
2482 2328 2582 2391 τῆς
2640 2321 2833 2376 ἑαυτοῦ
2890 2322 3081 2397 χειρὸς
3135 2315 3353 2391 ἔξωθεν.
3420 2321 3523 2378 Καὶ
3588 2324 3785 2397 Φαραὼ

376 2422 520 2495 gula
549 2438 676 2494 quis
706 2421 1075 2476 Providentia
1104 2420 1161 2475 in
1208 2419 1336 2475 vita
1368 2419 1638 2476 humane
1672 2420 1895 2475 ratione
1928 2434 2031 2490 pro

2143 2415 2236 2486 μὲν
2303 2411 2488 2473 αὐτοῖς
2556 2411 2918 2487 σορατιώταις
2985 2414 3065 2483 τῷ
3125 2408 3269 2484 ἁλίῳ
3338 2411 3487 2485 βυθῷ
3553 2409 3785 2486 παραδί-

371 2508 621 2565 utilitate
669 2508 958 2579 cujusque
1014 2506 1193 2561 variis
1253 2506 1445 2563 modis
1496 2508 1686 2562 mutat
1741 2510 1797 2561 et
1838 2512 2029 2561 trans-

2142 2500 2323 2557 δωσιν’
2402 2498 2571 2555 ἄλλον
2649 2498 3004 2573 ἀπολαιμίζει
3083 2500 3330 2575 μαχαίρᾳ
3407 2498 3497 2555 διὰ
3597 2522 3783 2576 γυναι-

371 2597 546 2653 fort?
2137 2592 2258 2659 κὸς,
2334 2589 2425 2645 καὶ
2499 2589 2702 2659 ταύτης
2775 2586 3165 2664 καλλιπαρῄου
3239 2589 3332 2644 καὶ
3421 2588 3779 2646 λευκωλένου”

381 2681 562 2759 ἔτερον
608 2682 768 2762 χερσὶ
825 2687 934 2739 τῶν
1016 2681 1302 2755 πολεμίων
1395 2679 1671 2757 παραδοὺς
1725 2685 1836 2738 τῶν
1890 2679 2024 2755 τῇδε
2096 2680 2431 2754 μεθίστησιν.
2484 2680 2639 2735 Ἔστι
2693 2674 2740 2732 δ’
2796 2676 2854 2739 δς
2909 2678 3004 2739 τὰς
3061 2677 3253 2755 φρένας
3310 2681 3644 2754 παρακοπεὲς
3698 2680 3781 2734 καὶ

376 2773 656 2850 λογισθεὶς
713 2772 840 2827 ὡσεὶ
896 2772 1083 2837 νεκρὸς
1137 2770 1243 2827 ἀπὸ
1300 2766 1525 2845 καρδίας
1581 2770 1673 2825 καὶ
1734 2769 1810 2832 είς
1866 2770 2025 2832 τέλος
2082 2767 2402 2838 ἐπιλησθεὶς
2474 2771 2582 2822 τῶν
2654 2767 2897 2846 ἀρχείων
2968 2768 3083 2839 μετ’
3166 2766 3561 2843 έπιχαρμάτων
3633 2769 3775 2825 ἐκκο-

379 2861 591 2936 μίζεται
646 2860 737 2916 καὶ
794 2865 939 2937 ταφῇ
996 2861 1442 2935 παραπέμπεται,
1496 2859 1743 2924 κάκεῖθεν
1794 2858 1993 2914 λεπτὸν
2045 2860 2277 2932 ὑπηχῶν
2323 2856 2415 2912 καὶ
2464 2860 2650 2921 ποθῶν
2701 2858 2799 2925 τήν
2846 2857 3076 2931 ἡμέραν,
3127 2856 3189 2911 ού
3237 2864 3338 2926 τῆς
3388 2859 3570 2934 ἀρχῆς
3636 2860 3776 2913 ἀντε-

375 2951 636 3027 χόμενος,
711 2953 864 3006 ἒᾶται
937 2949 1028 3005 καὶ
1105 2946 1248 3005 οὕτω
1324 2950 1614 3026 φθινύθειν,
1691 2947 1781 3002 καὶ
1856 2948 1931 3011 ὡς
2008 2945 2219 3023 ἀνδρῶν
2295 2946 2575 3023 χείριστος
2652 2945 2833 3008 καλῶς
2900 2946 3113 3024 ἀφίεται
3180 2944 3353 3001 ἵεσθαι
3432 2952 3614 3011 κακῶς
3694 2947 3785 3015 τὴν

373 3037 430 3102 ές
483 3040 724 3094 θάνατον.
794 3036 1007 3093 Πολλοὶ
1066 3035 1123 3092 δὲ
1188 3035 1419 3110 μαλακῷ
1476 3033 1731 3108 δαμέντες
1790 3036 2006 3109 θανάτῳ
2062 3036 2200 3110 πρὸς
2255 3035 2322 3090 τὰ
2382 3034 2580 3098 ἐκεῖθεν
2652 3035 2728 3097 ὡς
2786 3033 3047 3107 μύυαντες
3119 3033 3172 3089 έν
3243 3034 3395 3108 ὕπνῳ
3475 3031 3789 3110 μετέϐησαν.

374 3126 500 3186 Εἰσὶ
561 3125 607 3182 δ’
669 3127 721 3181 οἳ
778 3127 870 3181 καὶ
924 3130 1022 3181 τοῦ
1077 3125 1250 3180 ἳππου
1307 3124 1736 3199 χρεμετίσαντος
1791 3131 1890 3193 τῆς
1953 3125 2234 3199 βασιλείας
2311 3118 2599 3194 ἐπέϐησαν.
2673 3121 2880 3186 Ἀλλος
2955 3122 3007 3194 ἑξ
3082 3122 3319 3198 ἀρότρου
3390 3124 3481 3179 καὶ
3557 3122 3792 3187 αὔλακας

372 3219 473 3286 τὴν
538 3220 625 3288 [Ρ.
685 3218 814 3287 272]
869 3210 1136 3285 τήϐενναν
1195 3215 1527 3286 ἠμφιέσατο,
1582 3212 1673 3267 καὶ
1743 3212 2092 3288 μειρακίσκος
2158 3208 2461 3287 προϐατεὺς
2540 3211 2815 3281 ἐξόπισθεν
2894 3210 3123 3290 ληφθεὶς
3204 3216 3311 3266 τῶν
3401 3211 3790 3288 λοχευομένων

374 3306 700 3382 θεόχριστος
732 3298 888 3382 ὤφθη
945 3301 1221 3378 βασιλεύς.
1281 3303 1389 3358 Καὶ
1443 3303 1497 3357 τί
1549 3302 1610 3357 ἄν
1677 3324 1759 3365 τις
1818 3301 1987 3376 διεξίῃ
2042 3302 2109 3356 τὰ
2163 3303 2338 3357 πάντα
2395 3299 2431 3370 ἤ
2490 3301 2557 3357 τὰ
2611 3299 2861 3373 πλείονα,
2922 3302 3094 3357 ὁπόσα
3150 3303 3185 3371 ἠ
3244 3301 3593 3379 πολύτροπος
3654 3304 3792 3379 Πρός

374 3412 500 3449 νοια
529 3396 679 3446 ποιεῖ
706 3392 795 3446 καὶ
832 3391 1210 3465 μετασκευάζει
1238 3392 1375 3445 κατὰ
1403 3392 1466 3446 τὸ
1497 3392 1703 3465 ἑκάστῳ
1731 3395 1840 3448 τῶν
1872 3392 2169 3465 ἀνθρώπων
2203 3392 2482 3466 χρήσιμον
2508 3410 2523 3458 ;

446 3486 733 3540 Caeterum
758 3483 851 3539 hic
872 3483 1192 3554 imperator
1223 3499 1444 3554 pronus
1461 3484 1533 3538 ad
1561 3484 1708 3538 iram
1727 3488 1784 3539 et
1816 3498 2025 3552 magna

2210 3479 2579 3552 Εύέμπτωτος
2658 3477 2704 3533 δ’
2780 3478 2853 3534 ὥν
2928 3482 2956 3534 ὁ
3034 3480 3291 3555 βασιλεὺς
3340 3482 3416 3544 είς
3465 3483 3660 3556 θυμὸν,
3698 3484 3785 3538 καὶ

376 3573 450 3628 de
480 3571 795 3641 semetipso
852 3570 1233 3642 persuasione
1289 3570 1576 3639 imbutus,
1632 3586 1748 3626 non
1792 3574 2020 3626 tantum

370 3660 480 3718 levi
516 3661 588 3718 de
618 3677 797 3717 causa
826 3661 926 3716 sed
958 3660 1135 3716 etiam
1165 3677 1236 3714 ex
1266 3660 1427 3716 inani
1458 3659 1815 3733 suspicione,
1848 3664 1906 3716 et
1927 3659 2025 3716 ali-

374 3751 609 3822 quando
658 3749 906 3805 aliorum
963 3749 1247 3821 impulsu,
1282 3749 1503 3806 multos
1535 3750 1687 3806 male
1734 3750 2023 3806 tractavit.

372 3839 517 3896 Nam
549 3843 605 3896 et
649 3838 1049 3895 Andronicum
1081 3839 1453 3896 Comnenum
1483 3840 1633 3911 (erat
1662 3839 1713 3895 is
1741 3838 1924 3896 Alexii
1956 3839 2025 3894 ﬁ-

372 3932 511 4001 lius,
544 3930 664 3986 nati
695 3947 763 3986 ex
794 3930 1084 4003 Bryennio
1127 3934 1348 3985 Caesare
1377 3934 1436 3984 et
1463 3931 1630 3985 Anna
1661 3929 1786 3985 filia
1816 3928 2027 3998 Alexii,

377 4021 552 4095 primi
609 4037 677 4076 ex
752 4019 1071 4075 Comnenia
1128 4018 1348 4075 familia
1432 4018 1849 4090 imperatoris),
1927 4019 2030 4090 qui

375 4108 805 4166 Thessalonica:
867 4111 1133 4179 praeerat,
1191 4108 1450 4164 delatum
1484 4125 1517 4164 a
1576 4108 1829 4177 quodam
1861 4107 2029 4178 quasi

376 4213 623 4269 regnum
682 4196 996 4264 affectarat,
1030 4212 1214 4268 eaque
1243 4199 1314 4252 de
1344 4214 1406 4252 re
1433 4212 1568 4252 cum
1599 4194 1798 4252 Alexio
1853 4197 2029 4251 notho

379 4287 499 4343 ﬁlio
530 4284 837 4354 Manuelis,
871 4286 1095 4357 pridem
1129 4286 1612 4355 sebastocratore,
1634 4291 1762 4341 tum
1802 4286 2029 4341 Dramaa

380 4377 647 4448 degente,
706 4389 1007 4431 sermones
1040 4376 1321 4442 conferre,
1382 4374 1582 4431 statim
1640 4375 2028 4449 comprehen-

379 4463 637 4520 dendum
669 4468 884 4518 censet.
910 4463 952 4518 li
1000 4480 1134 4520 vero
1165 4464 1381 4536 quibus
1412 4464 1469 4518 id
1504 4464 1850 4520 mandatum
1883 4469 2030 4530 erat,

379 4569 515 4609 cum
548 4552 604 4608 in
640 4553 1044 4609 Andronicum
1066 4554 1138 4609 ad
1170 4554 1584 4623 imperatorem
1617 4557 2029 4609 ascendentem

381 4644 753 4709 incidissent,
835 4643 1109 4699 mandata
1167 4642 1562 4714 neglexerunt,
1634 4644 1813 4699 feram
1876 4643 2031 4701 ultro

380 4734 598 4804 Cpolim
657 4739 939 4805 tauquam
975 4732 1306 4805 decipulum
1366 4732 1815 4804 ingredientem,
1874 4738 1932 4789 et
1959 4735 2029 4789 ad

386 4839 521 4879 eum
551 4821 879 4877 venientem
912 4839 945 4878 a
993 4839 1108 4893 quo
1140 4826 1492 4894 captaretur,
1550 4837 1663 4877 non
1696 4822 2030 4879 terrendam

382 4926 511 4967 esse
542 4910 671 4965 rati.
705 4911 811 4973 Qui
842 4928 975 4967 cum
1008 4912 1067 4967 in
1103 4911 1308 4969 Isaacii
1337 4915 1713 4983 conspectum
1756 4912 2033 4981 venisset,

382 4998 581 5054 statim
612 4998 872 5067 perlidiaa
895 4999 1296 5056 insimulatur.
1326 5000 1405 5055 Eo
1432 4998 1653 5055 crimen
1681 5000 1736 5054 id
1766 5004 2035 5071 negante.

382 5086 610 5157 species
660 5085 932 5156 quaedam
985 5087 1198 5157 judicii
1256 5088 1628 5146 instituitur:
1672 5088 1775 5145 sed
1832 5089 2041 5145 deinde

384 5175 535 5232 557
578 5173 800 5229 indicta
857 5190 1035 5229 causa
1065 5176 1524 5248 comprehensus
1579 5177 1949 5234 Andronicus
1981 5178 2038 5232 in

388 5279 681 5319 carcerem
714 5262 1024 5333 conjicitur
1053 5269 1110 5319 et
1150 5264 1324 5337 paulo
1356 5270 1484 5337 post
1508 5272 1847 5324 exerceatur.
1905 5267 2038 5322 Ale-

390 5352 521 5407 xius
552 5367 705 5416 vero,
740 5351 840 5423 qui
866 5352 916 5406 ei
969 5354 1239 5409 conscius
1265 5369 1390 5411 esse
1445 5354 1769 5425 dicebatur,
1800 5356 1856 5410 in
1906 5371 2039 5412 mo-

387 5441 709 5497 nasterium
784 5441 1082 5513 quoddam
1139 5442 1374 5514 Papycii
1459 5445 1700 5512 montis,
1752 5445 1921 5501 nobis
1981 5444 2040 5501 id

393 5530 790 5587 ministerium
842 5532 1320 5603 exsequentibus,
1380 5532 1768 5590 abstruditur.
1801 5540 1879 5593 De
1929 5552 2042 5607 quo

387 5636 521 5676 cum
582 5618 765 5675 multa
795 5619 989 5675 dicere
1042 5636 1299 5692 possem,
1333 5637 1521 5691 pauca
1550 5622 1835 5680 duntaxat
1865 5625 2041 5679 attin-

391 5725 547 5782 gam.
581 5706 708 5766 Non
739 5712 865 5766 erat
919 5706 1020 5765 ille
1048 5723 1321 5780 procerus
1353 5708 1638 5767 duntaxat
1692 5715 1751 5767 et
1794 5711 1961 5767 fortis
1990 5718 2046 5767 et

2140 3568 2353 3647 μεγάλα
2400 3568 2524 3643 περὶ
2592 3570 2783 3624 ἑαυτοῦ
2841 3572 3258 3647 φανταζόμενος,
3317 3570 3417 3626 οὐκ
3472 3572 3531 3627 ἐκ
3592 3579 3786 3648 μικρᾶς

2138 3658 2304 3730 μόνον
2333 3656 2768 3735 παραῤῥιφείσης
2801 3652 2997 3729 λαϐῆς,
3029 3657 3175 3714 ἀλλὰ
3200 3659 3306 3714 κάκ
3333 3655 3503 3733 μόνης
3528 3662 3783 3724 ὑπονοίας

2135 3744 2306 3801 ένιοτε
2346 3746 2436 3800 καὶ
2491 3753 2593 3815 τῆς
2646 3746 2791 3820 παρά
2840 3768 3000 3801 τινων
3056 3747 3389 3823 εἰσηγήσεως
3445 3754 3627 3813 κακῶς
3687 3751 3789 3807 ἐτί-

2138 3847 2217 3900 θει
2248 3834 2517 3896 πολλούς.
2550 3836 2654 3891 Τόν
2700 3857 2758 3890 τε
2799 3837 2906 3911 γὰρ
2954 3838 3235 3910 Κομνηνὸν
3297 3837 3642 3914 Ἀνδρόνικον
3695 3843 3783 3915 (ἦν

2139 3922 2196 3979 δὲ
2226 3925 2387 3987 οὗτος
2436 3924 2683 3994 Ἀλεξίου
2741 3931 2891 3995 παῖς,
2939 3929 2996 3980 δν
3045 3926 3329 4002 Βρυέννιος
3378 3929 3405 3983 ὁ
3445 3931 3649 4004 Καῖσαρ
3697 3933 3784 3985 καὶ

2138 4014 2308 4070 Ἀννα
2337 4012 2575 4087 ἐγείνατο
2616 4017 2651 4083 ἡ
2696 4016 2933 4090 θυγάτηρ
2993 4013 3241 4087 Ἀλεξίου
3301 4022 3398 4074 τοῦ
3446 4024 3675 4092 πρῶτως
3723 4019 3783 4074 ἐκ

2141 4105 2448 4175 Κομνηνῶν
2531 4102 2972 4177 βασιλεύσαντος)
3050 4103 3103 4158 ἐν
3180 4110 3259 4178 τῷ
3333 4108 3590 4183 χειρίζειν
3688 4109 3789 4177 τὴν

2140 4191 2581 4247 Θεσσαλονικέων
2624 4193 2803 4267 ἀρχὴν
2852 4193 3294 4268 εἰσηγησαμένου
3346 4198 3492 4258 τινὸς
3539 4204 3638 4267 τῆς
3696 4199 3790 4273 βα-

2141 4280 2349 4343 σιλείας
2426 4282 2549 4356 έρᾷν
2626 4282 2719 4337 καὶ
2791 4282 3232 4357 κοινολογεῖσθαι
3305 4287 3427 4360 περὶ
3482 4290 3580 4341 τοῦ
3629 4286 3788 4362 ἔργου

2147 4375 2227 4442 τῷ
2265 4372 2461 4446 πρώην
2523 4366 2980 4443 σεϐαστοκράτορι
3042 4372 3293 4446 ’Δλεξίῳ,
3349 4379 3431 4447 τῷ
3484 4376 3631 4443 νόθῳ
3694 4377 3792 4447 υἱῷ

2138 4464 2234 4513 τοῦ
2263 4460 2685 4533 αὐτοκράτορος.
2720 4461 3011 4530 Μανουήλ,
3062 4463 3198 4516 κατᾶ
3247 4465 3348 4533 τὴν
3402 4466 3623 4538 Δράμαν
3674 4467 3790 4521 τότε

2140 4545 2408 4625 διάγοντι,
2481 4548 2640 4613 εὐθὺς
2706 4553 2803 4604 τοῦ
2857 4548 3237 4626 συλληφθῆναι
3286 4553 3455 4626 κρίνει
3506 4554 3675 4624 ἃξιον.
3728 4554 3789 4610 Οἱ

2141 4640 2237 4711 μὶν
2279 4639 2371 4693 οὗν
2401 4637 2495 4700 εἷς’
2556 4643 2718 4694 τοῦτο
2779 4639 3178 4702 ἀποσταλέντες
3238 4642 3312 4703 ὡς
3361 4641 3619 4720 ἐνέτυχον
3685 4646 3788 4701 Ἀν-

2140 4725 2377 4803 δρονίκῳ
2408 4728 2544 4801 πρὸς
2594 4726 2826 4801 βασιλέα
2869 4727 3163 4800 ἐπανιόντι,
3226 4728 3377 4786 οὐδὲν
3436 4731 3511 4787 ὧν
3572 4735 3781 4809 ὡρίσθη·

2144 4838 2235 4871 σαν
2315 4814 2744 4893 διαπεπράχασι,
2803 4814 2922 4873 δέον
2982 4818 3259 4893 κρίναντες
3320 4822 3397 4893 μή
3456 4820 3785 4899 προσοϐῆσαι

2141 4908 2204 4961 τὸ
2262 4916 2483 4979 θήραμα
2547 4906 2805 4977 ἒκόντως,
2873 4907 2946 4968 ὡς
3015 4904 3239 4963 δίδωσιν
3325 4912 3481 4985 ὁρᾷν,
3556 4912 3787 4986 καθάπερ

2148 4994 2224 5056 sic
2289 4993 2592 5071 γαλεάγραν
2666 4998 2766 5064 τὴν
2848 4998 3422 5055 Κωνσταντινούπολιν
3483 5002 3647 5057 εἷσιὸν
3709 5000 3794 5056 καὶ

2149 5083 2367 5158 ἐγγίζον
2404 5089 2483 5155 τῷ
2536 5083 2854 5160 προθεμένῳ
2904 5082 3217 5143 συλλαϐεῖν.
3269 5090 3484 5168 Ὀφθεὶς
3535 5089 3593 5146 δὲ
3645 5093 3791 5166 βασι-

2152 5175 2239 5232 λεῖ
2290 5173 2542 5245 Ἰσαακίῳ
2603 5171 2953 5250 Ἀνδρόνικος
3010 5175 3087 5237 εἷς
3142 5176 3394 5233 ἀπιστίαν
3451 5180 3609 5244 εὐθὺς
3661 5181 3791 5233 ὀνει-

2152 5263 2375 5334 δίζεται.
2454 5262 2717 5319 Κάκείνου
2809 5264 2936 5325 τοὺς
3040 5262 3306 5344 ἐλέγχους
3410 5269 3798 5340 ἀπαιτήσαντος

2153 5361 2350 5431 σχῆμα
2379 5354 2543 5426 μόνον
2598 5348 2923 5423 διαιτήσεως
2972 5352 3038 5407 τὰ
3086 5360 3185 5423 τῆς
3233 5352 3395 5426 δίκης
3444 5354 3677 5429 ἐδέξατο,
3729 5356 3800 5413 Τὸ

2154 5442 2199 5499 δ’
2230 5447 2292 5498 εκ
2336 5442 2533 5499 τούτου
2584 5441 2634 5515 ἐξ
2692 5441 2905 5517 ἐρήμου
2964 5444 3247 5518 συσχεθεὶς
3314 5443 3668 5521 Ἀνδρόνικος
3727 5445 3799 5500 εἷς

2154 5531 2404 5608 φυλακὴν
2472 5530 2759 5606 ἀπάγεται,
2830 5532 2965 5604 μετὰ
3028 5532 3222 5605 μικρὸν
3284 5532 3342 5589 δὲ
3409 5535 3500 5589 καὶ
3561 5537 3655 5600 τὰς
3710 5535 3803 5590 κό-

2156 5643 2248 5697 ρας
2299 5621 2636 5677 έκκόπτεται.
2699 5621 2804 5676 Καὶ
2860 5621 2952 5676 τὸν
3013 5622 3301 5697 συνίστορα
3367 5621 3425 5679 δὲ
3478 5625 3655 5698 τούτῳ
3703 5631 3802 5695 τῆς

2157 5710 2438 5785 βασιλείας
2470 5709 2761 5785 λεγόμενον
2805 5711 2944 5767 εἶναι
2998 5710 3243 5782 Ἀλέξιον
3285 5713 3377 5768 τὸν
3428 5717 3529 5780 τῆς
3582 5721 3802 5792 Κομνη-
