4098 6292
267 378 389 443 ’193

1400 378 1501 439 DE
1543 365 1859 439 ISAACIO
1902 380 2214 443 ANGELO
2258 382 2406 443 LIB.
2454 379 2557 444 III.

3571 378 3693 441 794

262 522 369 586 νῆς
429 510 716 587 Θεοδώρας
773 510 888 566 υἱὸν
940 508 1221 585 ἀποκείρει
1284 510 1363 574 εἷς
1415 512 1731 583 μονάζοντα,
1765 514 1928 582 ἡμῶν

2055 517 2506 584 :ordatissimus,
2565 515 2727 570 vultu
2775 517 2998 583 patrem
3051 510 3224 584 plane
3277 510 3556 580 referens,
3601 530 3693 569 ro-

276 602 736 680 ὗπουργησά-ιτων
794 605 871 671 τῷ
931 598 1078 676 ἔργῳ
1126 600 1246 654 καθ’
1302 597 1355 654 ἓν
1414 604 1521 654 τῶν
1557 600 1610 654 ἐν
1638 605 1715 671 τῷ
1749 605 1936 655 Παπυ-

275 694 384 766 κίῳ
415 693 698 765 σεμνεῖων.
761 689 887 763 Περὶ
950 689 1012 742 οὗ
1068 690 1158 743 καὶ
1220 689 1321 742 οὐκ
1380 686 1545 762 ὀλίγα
1578 690 1745 744 εἰπεῖν
1777 686 1933 743 δυνά-

282 803 445 855 μενος
490 780 696 854 βραχέα
749 798 1121 850 μεμνησομαι.
1189 776 1266 833 Οὐ
1323 778 1427 852 γὰρ
1484 778 1551 846 ἦν
1614 778 1778 850 μόνον
1848 780 1937 831 εό-

289 874 472 944 μήκης
529 868 617 923 καὶ
678 866 925 943 ἀνδρεῖος
982 867 1070 920 καὶ
1129 865 1350 939 πλήρης
1405 866 1686 935 συνέσεως,
1743 864 1935 939 πατρί-

285 965 389 1029 ζων
416 961 514 1027 τὴν
576 954 699 1031 ὄψιν
761 951 1002 1031 ἀκριϐῶς
1058 956 1153 1017 τάς
1211 976 1269 1010 τε
1328 960 1517 1029 χεῖρας
1555 954 1789 1027 ἀκμαῖος
1845 954 1933 1009 καὶ

282 1049 410 1111 τοὺς
432 1048 621 1119 ὤμους
653 1048 771 1101 κατ’
814 1046 1014 1100 ἐκεῖνον
1065 1043 1291 1119 ὕπερθεν
1348 1040 1494 1119 ἔχων
1546 1043 1750 1117 εὐρέας,
1788 1043 1934 1099 ἀλλά

271 1135 365 1192 καὶ
397 1136 471 1191 ὡς
505 1134 700 1190 ἐπίπαν
739 1133 996 1209 μείλιχος
1039 1134 1129 1188 καὶ
1182 1133 1541 1197 εὐέντευκτος.
1600 1136 1746 1209 Πρὸς
1775 1133 1808 1188 ἄ
1843 1133 1934 1188 καὶ

274 1227 302 1280 ὁ
334 1221 619 1287 πολύτλας
651 1220 1000 1298 Ἀνδρόνικος
1030 1220 1238 1277 ἀπιδὼν
1283 1224 1383 1292 τήν
1416 1221 1615 1277 οἰκείαν
1672 1224 1934 1297 θυγατέρα

269 1312 514 1390 Βὶρήνην
568 1311 897 1387 ἐμνήστευσε
952 1316 1029 1384 τῷ
1114 1308 1289 1386 ἀνδρὶ,
1349 1311 1537 1387 κρίνας
1602 1312 1691 1368 καὶ
1753 1332 1933 1386 παραο

270 1403 477 1474 νόμους
520 1402 729 1476 γάμους
788 1399 1140 1469 τετελεκέναι,
1200 1401 1245 1455 εί
1302 1399 1497 1473 μέλλει
1561 1400 1723 1472 μόνον
1778 1400 1935 1456 Ἀλέ-

275 1493 390 1562 ξιοε
456 1496 575 1554 τοῖς
641 1490 1032 1567 γνησιωτέροις
1091 1489 1277 1562 ἐκεινῳ
1357 1492 1664 1565 συγγενέσιν
1740 1488 1933 1565 ἐγγρά-

277 1582 490 1657 φεσθαι,
574 1581 693 1643 ὅθεν
755 1579 1033 1640 πλειόνως
1091 1579 1269 1651 τούτῳ
1337 1580 1476 1650 ἤπερ
1559 1584 1675 1641 τοῖς
1762 1580 1933 1633 υἱεῦσι

275 1666 597 1744 προσέκειτο
656 1669 939 1743 πρότερον,
1007 1670 1096 1723 καὶ
1162 1675 1261 1736 τῆς
1347 1665 1633 1743 βασιλείας
1702 1667 1932 1740 ἐμελέτα

271 1758 625 1831 καταλείψειν
687 1756 971 1833 διάδοχον.
1029 1753 1623 1831 Μεταϐουλευσάμενος
1664 1755 1711 1812 δ’
1775 1757 1931 1813 ὕστε-

2047 605 2236 660 bustis
2268 623 2324 662 ru
2347 607 2542 661 .nibus
2571 613 2628 659 et
2661 606 2791 659 latis
2826 603 3110 667 humeris,
3136 606 3233 658 sed
3271 604 3448 656 etiam
3490 603 3694 657 huma-

2046 693 2324 749 nissimus
2352 702 2409 749 et
2440 711 2671 749 accessu
2708 693 3043 747 facillimus.
3072 692 3227 755 Quas
3253 693 3325 746 ob
3353 709 3441 745 res
3471 708 3684 745 terum-

2046 798 2228 838 nosus
2276 783 2371 838 ille
2456 786 2829 837 Andronicus
2888 781 3067 834 tiliam
3140 781 3188 835 ei
3252 797 3416 834 suam
3488 781 3691 834 lreneu

2046 871 2458 942 desponderat,
2518 889 2622 927 nec
2653 874 2724 926 ab
2777 871 3014 926 incestis
3070 870 3294 941 nuptiis
3349 869 3691 931 abhorrens,

2047 960 2220 1015 modo
2268 961 2532 1016 Alexium
2568 962 2777 1017 intima
2807 959 3200 1014 familiaritate
3231 958 3340 1012 sibi
3372 957 3692 1028 coniunge-

2044 1054 2147 1105 ret.
2186 1048 2348 1105 Unde
2406 1051 2625 1106 factum
2660 1054 2748 1104 est
2795 1054 2859 1103 ut
2892 1047 3076 1120 pluris
3103 1064 3235 1103 eum
3270 1048 3482 1102 faceret
3512 1063 3691 1119 quam

2046 1139 2267 1211 pridem
2300 1138 2452 1194 ﬁlios
2484 1156 2646 1204 suos,
2677 1143 2735 1193 et
2790 1135 3022 1209 imperii
3078 1151 3469 1191 successorem
3519 1134 3695 1191 relin-

2045 1244 2220 1299 quere
2245 1228 2302 1282 in
2336 1228 2533 1283 animo
2569 1228 2840 1283 haberet:
2887 1226 2986 1281 sed
3023 1229 3156 1297 post
3190 1229 3414 1280 mutato
3444 1224 3694 1280 consilio

2043 1317 2229 1373 ﬁlium
2257 1319 2540 1374 Joannem
2580 1320 2630 1373 ei
2683 1316 2950 1389 praetulit,
3008 1316 3251 1386 suisque
3302 1316 3695 1371 familiaribus

2042 1407 2187 1462 dixit
2218 1408 2529 1479 imperium
2569 1406 2763 1462 divino
2794 1405 3039 1461 consilio
3088 1420 3204 1459 non
3238 1405 3311 1459 ab
3343 1409 3385 1457 Α
3418 1406 3475 1459 in
3508 1408 3555 1460 Α
3587 1406 3687 1460 sed

2042 1494 2099 1549 in
2128 1497 2148 1550 Ι
2183 1497 2374 1567 potius
2407 1495 2816 1551 transiturum.
2853 1498 2927 1549 Ea
2959 1493 3248 1549 sententia
3298 1499 3541 1559 mutata,
3574 1510 3693 1548 una

2041 1584 2215 1640 etiam
2249 1587 2516 1641 ardorem
2547 1585 2766 1640 amoris
2824 1599 2962 1654 erga
3009 1583 3270 1638 Alexium
3329 1583 3689 1637 immutavit.

2040 1675 2239 1746 Neque
2288 1675 2442 1730 enim
2505 1680 2569 1729 ut
2615 1675 2780 1745 prius
2844 1675 3172 1739 amabatur,
3235 1688 3422 1745 neque
3473 1672 3692 1744 ubique

2037 1763 2411 1837 imperatoris
2464 1763 2632 1819 lateri
2663 1762 3017 1829 adhaerebat,
3065 1761 3162 1817 sed
3226 1765 3289 1817 ut
3334 1760 3695 1816 charissima

275 1868 370 1921 ρον
402 1849 495 1904 τὸν
534 1849 650 1903 υἱὸν
683 1848 937 1918 Ἰωάννην
980 1845 1285 1917 ἀνθείλετο,
1344 1846 1603 1920 εἰρηκὼς,
1660 1847 1795 1918 πρὸς
1835 1846 1928 1911 οὓς

2055 1851 2171 1908 ilia:
2204 1852 2476 1919 maritus,
2508 1856 2741 1907 tantum
2774 1851 2995 1907 honore
3019 1851 3273 1922 quodam
3307 1849 3693 1906 afﬁciebatur.

272 1938 572 1994 ἀνέπτυσσε
609 1938 675 1993 τὰ
703 1942 809 1993 τῶν
856 1936 1251 2014 βουλευμάτων
1307 1936 1595 2013 ἀπόρρητα
1646 1940 1722 2009 μὴ
1785 1934 1834 2005 ἐξ
1895 1941 1931 1993 Λ

273 2028 351 2089 εἷς
385 2030 551 2095 Ατὴν
585 2024 867 2102 βασιλείαν
933 2031 1274 2099 μεταπεσεῖν,
1334 2024 1481 2080 ἀλλὰ
1523 2030 1602 2097 τῷ
1637 2029 1654 2082 Ι
1719 2024 1931 2097 μᾶλλον

271 2116 603 2193 προσρέπειν
634 2117 724 2171 καὶ
766 2114 842 2176 είς
872 2119 1033 2171 τοῦτο
1088 2114 1302 2187 μᾶλλον
1360 2114 1537 2170 θεόθεν
1591 2114 1933 2190 συνάγεσθαι.

270 2207 423 2278 ’Ἅμα
482 2202 540 2259 δὲ
597 2208 668 2277 τῇ
726 2202 1006 2276 μεταθέσει
1054 2209 1156 2272 τῆς
1209 2203 1440 2278 γνώμης
1499 2202 1534 2272 ἢ
1624 2203 1767 2277 εἶχεν
1854 2201 1935 2256 ἐπ’

274 2292 510 2365 ’Δλεξίῳ
544 2290 919 2367 Ἀνδρόνικος,
950 2292 1040 2345 καὶ
1072 2298 1174 2361 τῆς
1239 2291 1512 2353 συντονίας
1549 2295 1645 2346 τοῦ
1703 2290 1937 2369 φίλτρου

279 2380 567 2451 ὑπέληξεν.
604 2379 675 2433 Οὐ
735 2379 838 2453 γάρ
888 2379 960 2439 ὡς
1031 2380 1282 2456 συμφυὴς
1339 2373 1415 2434 ἔτι
1474 2376 1935 2454 περιεσπούδαστο

274 2470 690 2548 καὶὸμόψυχος
722 2470 749 2522 ὁ
785 2468 1053 2537 Ἀλέξιος,
1113 2466 1240 2522 ἀλλ’
1296 2468 1368 2530 ὡς
1429 2467 1662 2547 φιλτάτῃ
1719 2469 1939 2543 θυγατρὶ

277 2564 544 2614 συνοικῶν
579 2554 651 2611 δι’
682 2554 871 2617 αἰδοῦς
907 2557 1070 2630 μόνον
1102 2558 1184 2630 [Ρ.
1246 2559 1373 2630 273]
1403 2557 1570 2633 ἤγετο
1608 2558 1698 2611 καὶ
1745 2563 1936 2629 τιμῆς.

275 2649 430 2705 Μετά
490 2645 546 2702 δέ
604 2666 726 2701 τινα
780 2646 970 2719 καιρὸν
1053 2644 1149 2699 καὶ
1230 2650 1426 2701 τοῦτον
1491 2646 1788 2715 ἀπεξένωσε
1843 2650 1939 2700 τοῦ

278 2738 484 2816 φωτὸς,
542 2738 643 2805 τὴν
695 2733 743 2789 δ’
805 2733 978 2789 αἰτίαν
1008 2734 1362 2810 προειπόντες
1410 2729 1632 2814 ἔχομεν.
1668 2733 1941 2805 Ἀνακλη-

282 2826 395 2890 osi;
450 2823 506 2880 δὶ
562 2824 696 2898 μετὰ
751 2827 919 2878 ταῦτα
957 2823 1093 2898 πρὸς
1154 2827 1253 2878 τοῦ
1335 2821 1607 2899 βασιλέως
1662 2824 1940 2880 Ἰσαακίου

283 2914 377 2969 καὶ
427 2914 530 2968 ἀπὸ
588 2908 1084 2987 σεϐαστοκράτορος
1163 2910 1239 2975 είς
1308 2911 1550 2987 Καίσαρα
1635 2911 1940 2983 ὑποδεθεὶς,

292 3005 372 3066 ὡς
430 3002 566 3078 εἶχε,
621 3003 687 3058 τὰ
734 3004 933 3077 ἀρχεῖα
990 3001 1227 3072 ἐξέκλινε
1293 3003 1384 3058 καὶ
1439 3005 1540 3073 τήν
1600 3004 1718 3058 καθ’
1753 3004 1938 3058 ἑαυτὸν

287 3090 485 3149 ἐδίωκε
517 3091 727 3166 βίωσιν,
758 3090 905 3162 πλὴν
938 3089 1053 3147 οὐδ’
1110 3090 1282 3154 οὕτως
1331 3092 1422 3147 τὸν
1456 3089 1662 3148 ἄλυπον
1717 3091 1945 3167 ἐκίχησε

286 3182 429 3259 βίον.
466 3183 601 3238 Τότε
630 3178 676 3236 δ’
708 3179 798 3237 οὖν
818 3183 917 3251 τὴν
953 3181 1040 3235 ἐπὶ
1094 3182 1161 3235 τὰ
1214 3180 1389 3260 χείρω
1445 3178 1523 3236 ἔτι
1567 3178 1781 3254 μᾶλλον
1833 3186 1938 3237 τῶν

2042 1942 2258 1998 Verum
2314 1939 2615 2005 aliquanto
2648 1948 2780 2011 post
2836 1938 3082 1995 ethunc
3134 1937 3355 1995 lumine
3387 1938 3538 1996 558
3580 1939 3698 2011 pri-

2038 2033 2213 2100 vavit,
2258 2032 2426 2101 cujus
2460 2048 2639 2102 poenis
2692 2045 2932 2086 causam
2966 2036 3099 2085 ante
3160 2029 3440 2085 diximus.
3477 2029 3697 2085 Deinde

2038 2125 2109 2179 ab
2156 2123 2508 2193 imperatore
2539 2120 2760 2176 Isaaeio
2819 2123 3144 2188 revocatus,
3189 2123 3245 2173 et
3299 2135 3402 2191 pro
3434 2118 3697 2188 sebasto-

2043 2216 2267 2269 cratere
2306 2212 2495 2266 Caesar
2519 2210 2891 2281 designatus,
2926 2207 3232 2280 palatium,
3264 2211 3557 2279 quantum
3590 2223 3696 2279 po-

2041 2301 2176 2367 tuit,
2228 2298 2454 2367 vitavit,
2505 2298 2863 2369 privataeque
2919 2298 3051 2352 vitae
3085 2313 3146 2352 se
3177 2297 3419 2352 dedidit.
3467 2297 3578 2353 Sed
3626 2313 3700 2353 ne

2045 2389 2131 2446 sic
2184 2389 2421 2461 quidem
2455 2387 2755 2444 molestias
2804 2387 3031 2460 effugit.
3064 2388 3211 2442 Tum
3252 2403 3385 2443 vero
3418 2387 3593 2443 rebus
3640 2386 3700 2442 in

2044 2479 2214 2551 pejus
2273 2478 2604 2544 ruentibus,
2636 2492 2771 2533 cum
2804 2476 2856 2532 ei
2887 2475 3140 2548 capillus
3172 2477 3576 2533 detondendus
3606 2493 3702 2531 ee-

2048 2571 2159 2637 set,
2191 2582 2306 2621 non
2341 2580 2573 2636 panem,
2601 2565 2944 2635 [spongiam
2979 2569 3036 2619 st
3090 2565 3373 2619 citharam
3420 2565 3604 2636 petiit,
3640 2566 3705 2619 ut

2046 2653 2189 2710 olim
2222 2653 2462 2724 quidam
2524 2652 2658 2708 fecit
2688 2652 2930 2707 fortunas
2960 2651 3327 2723 iniquitatem
3377 2658 3650 2724 expertus
3685 2652 3699 2691 ³

2048 2755 2286 2815 panem,
2347 2745 2410 2796 ut
2444 2755 2659 2812 corpus
2688 2740 2970 2795 diuturna
3017 2740 3170 2795 fame
3225 2740 3573 2795 exhaustum
3608 2757 3700 2796 re-

2050 2836 2273 2888 crearet
2311 2847 2326 2899 ;
2357 2831 2663 2901 citharam,
2688 2834 2755 2885 ut
2787 2829 2942 2885 mala
2971 2846 3077 2885 sua
3107 2828 3437 2901 deploraret
3463 2848 3478 2899 ;
3511 2846 3699 2903 spon-

2051 2922 2231 2995 giam,
2293 2924 2356 2975 ut
2384 2920 2678 2990 lacrymas
2734 2921 3094 2991 abstergeret
3132 2936 3151 2973 :
3194 2920 3296 2975 sed
3341 2936 3514 2975 casus
3571 2918 3702 2976 illos

2052 3026 2221 3082 mque
2264 3008 2399 3065 tulit
2442 3010 2663 3073 animo,
2697 3008 2843 3064 nihil
2900 3009 2972 3064 de
3018 3008 3389 3065 Providentia
3436 3013 3702 3080 questus,

2053 3117 2243 3173 neque
2293 3101 2565 3157 Fortuna
2621 3099 2916 3156 levitatem
2949 3106 3003 3154 et
3041 3098 3383 3155 varietatem
3437 3099 3495 3154 in
3530 3099 3706 3155 rebus

2054 3190 2334 3246 humanis
2384 3188 2810 3262 permiscendis
2840 3189 3182 3244 insectatus.
3243 3189 3537 3245 Bonorum
3570 3204 3702 3245 vero

278 3271 619 3347 πραγμάτων
678 3268 823 3346 ἔχων
879 3273 1048 3347 φορὰν
1129 3268 1217 3324 καὶ
1286 3264 1602 3344 μετάϐασιν,
1656 3269 1747 3325 καὶ
1809 3269 1945 3343 μέλ-

2057 3296 2300 3337 suorum
2356 3261 2715 3351 ereptionem
2781 3278 3021 3350 perinde
3073 3278 3387 3335 aestimavit
3438 3284 3503 3334 ut
3548 3278 3702 3335 alius

280 3362 395 3418 λων
429 3363 506 3434 μὴ
547 3360 683 3415 ἑκὼν
733 3359 1146 3433 ἀποθρίξασθαι,
1206 3358 1317 3435 οὺχ
1368 3357 1465 3415 *ένα
1519 3355 1719 3446 ᾔτησεν
1775 3359 1937 3434 ἄρτον

2055 3372 2505 3446 possessionem.
2539 3372 2654 3427 Sed
2683 3387 2817 3427 eum
2878 3376 3107 3438 Drama,
3141 3372 3241 3426 ubi
3268 3389 3401 3427 eum
3464 3366 3698 3444 cepera-

277 3451 370 3506 καὶ
448 3456 692 3525 σπόγγον
754 3448 845 3504 καὶ
898 3450 1122 3523 κιθάραν
1195 3452 1332 3505 κατά
1412 3448 1582 3505 πάλαι
1619 3444 1631 3455 ’
1664 3451 1787 3504 τινὰ
1840 3455 1941 3518 τῆς

2055 3444 2208 3532 mus,
2257 3460 2679 3533 Mosynopolim
2758 3460 2998 3532 profecti
3056 3460 3368 3533 Papycium
3443 3471 3698 3517 montem

275 3542 459 3617 τύχης
492 3538 813 3613 πειραθέντα
853 3536 1120 3614 σκληρᾶς,
1151 3538 1240 3593 καὶ
1290 3540 1450 3613 ἄρτον
1514 3539 1611 3613 μὶν
1670 3538 1744 3601 ὡς
1796 3537 1939 3617 ἔχων

280 3630 335 3687 ἐν
366 3633 412 3703 ᾧ
443 3633 508 3685 τὸ
536 3633 635 3685 τοῦ
667 3629 920 3701 σώματος
989 3628 1188 3684 έκτενεῖ
1244 3622 1525 3704 βάρϐιτον,
1584 3625 1831 3703 χαλαρὸν
1874 3631 1943 3701 τῇ

280 3726 394 3775 τῶν
450 3717 635 3773 σιτίων
692 3718 916 3772 κενώσει
983 3718 1296 3792 γενόμενον,
1362 3716 1624 3790 ὑποψήλῃ
1676 3717 1744 3772 τά
1774 3717 1948 3771 οἰκεῖα

283 3815 402 3873 καθ’
460 3807 650 3862 ἑαυτὸν
709 3803 1171 3883 δυσπραγήματα,
1259 3804 1523 3880 συνερίθῳ
1597 3810 1666 3879 τῇ
1752 3804 1950 3878 κιθάρᾳ

287 3896 605 3971 χρώμενος,
663 3897 743 3965 τῷ
796 3891 853 3947 δὶ
910 3892 1139 3969 σπόγγῳ
1171 3891 1433 3965 ἀποψήσῃ
1466 3892 1534 3946 τά
1562 3897 1672 3947 τῶν
1703 3889 1948 3966 δακρύων

286 3982 791 4057 ἀποκρουνίσματα,
823 3982 959 4056 ἅπερ
992 3980 1067 4045 ὠς
1133 3981 1191 4036 ἐκ
1249 3980 1446 4055 πέτρας
1492 3979 1782 4058 γλαφυρῆς
1839 3984 1948 4035 τῶν

288 4074 557 4147 ὀμμάτων
625 4070 833 4126 ἐκείνου
889 4064 1233 4125 ἀπελείϐετο”
1291 4067 1438 4124 ἀλλὰ
1497 4070 1683 4143 πράως
1752 4068 1954 4145 ἤνεγκε

287 4164 356 4217 τὰ
410 4160 813 4233 συμπίπτοντα,
905 4160 982 4231 μὴ
1068 4160 1473 4227 καταστενάζων
1538 4163 1638 4222 τῆς
1695 4160 1952 4231 προνοίας

296 4249 431 4327 μηδ’
463 4250 516 4312 ἐς
573 4250 637 4305 τὸ
694 4256 793 4318 τῆς
851 4247 1028 4322 τύχης
1089 4245 1317 4302 ἄστατον
1379 4249 1470 4300 καὶ
1545 4246 1951 4322 παλίνστροιρον

293 4337 552 4397 ἀπολύων
584 4339 653 4393 τά
694 4338 815 4401 καθ’
860 4339 1032 4408 ἡμᾶς,
1066 4337 1165 4403 τήν
1200 4333 1257 4390 δὲ
1286 4340 1394 4390 τῶν
1426 4335 1744 4409 προσόντων
1775 4336 1959 4407 ἐκείνῳ

294 4429 572 4507 ἀφαίρεσιν
639 4426 715 4488 ὠς
782 4421 909 4479 οὐδὲ
983 4431 1179 4493 κτῆσιν
1249 4422 1421 4487 ἄλλος
1478 4444 1560 4485 τις
1619 4422 1956 4496 έλελόγιστο,

294 4517 455 4572 Ἐπεὶ
514 4513 559 4570 δ’
617 4513 677 4569 ἐκ
731 4521 830 4583 τῆς
890 4514 1109 4588 Δράμας
1170 4512 1495 4586 ἀπάραντες,
1563 4510 1615 4566 ἐν
1670 4512 1961 4586 ᾗτουτονὶ

2051 3552 2350 3609 ascensuri
2376 3567 2665 3617 essemus,
2700 3556 2767 3607 ut
2796 3551 3136 3607 monasticis
3177 3551 3543 3607 caeremoniis
3573 3568 3709 3607 eum

2050 3641 2445 3708 iuitiaremus,
2481 3645 2607 3696 tum
2640 3644 2708 3695 ut
2760 3639 2871 3695 fert
2901 3644 3117 3695 natura
3167 3639 3450 3705 humana,
3482 3639 3711 3695 tristior

2053 3729 2226 3786 solito
2258 3730 2554 3799 apparuit,
2587 3744 2692 3783 nec
2725 3728 2879 3785 559
2903 3728 2961 3782 id
2987 3744 3103 3798 quo
3128 3729 3363 3782 animus
3386 3728 3713 3798 angebatur

2054 3816 2430 3874 dissimulare
2490 3815 2699 3887 potuit.
2760 3816 2852 3871 Ms
2906 3831 3039 3871 vero
3100 3821 3344 3885 urgente
3402 3821 3460 3871 et
3506 3816 3711 3871 subitae

2059 3904 2404 3963 mutationis
2446 3919 2684 3960 causam
2719 3905 3042 3973 regitante:
3080 3925 3107 3954 κ
3136 3903 3260 3957 Non
3295 3903 3584 3971 habitum,
3617 3905 3709 3958 in-

2058 3995 2207 4067 quit,
2255 3993 2342 4049 vir
2398 3992 2781 4058 amicissime,
2838 3992 3042 4047 horreo
3103 3992 3268 4063 (quid
3328 3992 3484 4048 enim
3535 3993 3713 4048 vestis

2062 4083 2311 4139 mutatio
2361 4080 2605 4153 periculi
2634 4079 2937 4152 habeat?),
2971 4080 3075 4135 sed
3110 4081 3529 4147 promissiones
3563 4099 3710 4154 quas

2062 4188 2262 4230 secum
2290 4170 2398 4228 fert
2435 4169 2670 4226 habitus
2702 4168 3047 4239 reformido;
3074 4174 3129 4224 et
3155 4170 3491 4243 illud,quod
3507 4173 3578 4227 ad
3598 4189 3716 4226 coa-

2061 4260 2207 4318 leste
2243 4276 2492 4332 regnum
2525 4257 2682 4314 nullo
2714 4260 2884 4313 modo
2916 4265 3090 4329 aptus
3121 4265 3211 4314 est
3253 4260 3304 4316 is
3344 4261 3441 4332 qui
3477 4276 3716 4316 manum

2066 4354 2256 4405 aratro
2305 4348 2487 4405 semel
2532 4349 2826 4403 admotam
2862 4365 2961 4420 per
3002 4350 3294 4405 insaniam
3330 4352 3652 4406 retraxerit.
3688 4374 3717 4401 ››

2066 4439 2169 4494 His
2199 4444 2258 4495 et
2286 4437 2417 4494 aliis
2452 4438 2508 4493 id
2543 4453 2731 4508 genus
2762 4436 2939 4492 dictis
2971 4443 3038 4491 ut
3066 4442 3191 4493 erat
3222 4440 3394 4493 homo
3428 4441 3718 4495 facundus

2068 4534 2127 4584 et
2157 4530 2217 4583 in
2250 4528 2432 4583 sacris
2466 4526 2698 4582 Litteris
2718 4532 3006 4596 versatus,
3038 4526 3440 4583 Christianum
3478 4528 3716 4598 pallium

302 4601 745 4681 συνειλήφειμεν,
792 4603 869 4665 εἰς
932 4601 1317 4657 Μοσυνόπολιν
1377 4602 1684 4681 ἀφικόμεθα
1730 4603 1817 4655 καὶ
1878 4607 1945 4674 τᾷ

2063 4616 2282 4671 invitus
2330 4615 2559 4683 induit;
2607 4622 2662 4669 et
2695 4615 2966 4685 precibus
2996 4630 3123 4685 quae
3180 4630 3359 4685 super
3388 4631 3454 4670 eo
3483 4630 3718 4685 perage-

304 4695 569 4765 Ηαπυκίῳ
659 4686 1007 4766 προσϐαίνειν
1067 4689 1399 4762 ἐμέλλομεν,
1461 4691 1534 4752 ὡς
1602 4687 1663 4745 ἂν
1730 4692 1796 4744 τὰ
1850 4695 1958 4745 τῶν

301 4786 568 4859 μοναχῶν
628 4779 969 4857 προσταχθὲν
1036 4780 1181 4833 οὕτω
1246 4776 1555 4851 τελέσωμεν
1642 4776 1725 4833 ἐπ’
1782 4777 1959 4849 αὐτῷ,

294 4873 424 4929 τότε
517 4869 803 4928 πεπονθώς
888 4890 939 4924 τι
1022 4868 1389 4943 ἀνθρώπινον,
1449 4865 1536 4922 ἒπὶ
1595 4866 1837 4928 συννοίας
1891 4867 1959 4935 ἦν

297 4963 393 5017 καὶ
454 4960 823 5034 ὑπεγνοφοῦτο
880 4958 942 5013 τὸ
994 4959 1289 5033 πρόσωπον
1370 4954 1589 5011 διοίσειν
1651 4956 1751 5011 οὐκ
1814 4954 1961 5030 ἔχων

301 5050 373 5105 τὰ
401 5042 549 5102 ἔνδον
583 5041 864 5109 θλίϐοντά.
899 5047 1257 5123 Ἐγκειμένου
1291 5044 1347 5101 δέ
1409 5067 1515 5117 μου
1573 5046 1662 5101 καὶ
1720 5046 1819 5113 τὴν
1875 5044 1963 5097 αἱ·

298 5138 423 5196 τίαν
462 5136 870 5207 πυνθανομένου
924 5138 1024 5204 τῆς
1084 5135 1299 5208 ἐξάπινα
1342 5131 1674 5209 μεταϐολῆς,
1719 5162 1746 5187 ι(
1780 5134 1853 5189 Οὐ
1902 5135 1964 5189 τὸ

304 5235 525 5305 σχῆμα,
589 5224 746 5300 φησὶ,
804 5224 848 5277 ὦ
915 5221 1142 5300 φίλτατε
1215 5222 1449 5300 ἀνδρῶν,
1505 5221 1653 5279 δέδια
1728 5222 1800 5293 (τί
1861 5224 1963 5301 γὰρ

301 5322 364 5375 τὸ
398 5316 690 5393 διαθροοῦν
723 5308 842 5389 ἔχει
894 5319 1000 5368 τῶν
1056 5316 1370 5390 χρωμάτων
1403 5319 1437 5384 ἡ
1472 5314 1691 5390 ἃμειψις
1726 5318 1788 5387 ς),
1821 5314 1967 5370 ἀλλὰ

301 5409 369 5465 τὰ
420 5406 511 5462 ἰπὶ
569 5409 652 5476 τῷ
740 5404 993 5477 σχήματι
1042 5406 1320 5483 πεφρικώς
1386 5405 1498 5478 εἰμι
1556 5403 1966 5478 ἐπαγγέλματα,

305 5497 395 5551 καὶ
423 5497 488 5550 τὸ
520 5495 596 5566 μή
633 5492 846 5545 εὔθετον
908 5489 983 5552 εἷς
1030 5492 1128 5559 τὴν
1187 5497 1296 5546 τῶν
1345 5492 1585 5566 οὐρανῶν
1620 5493 1754 5546 εἶναι
1787 5494 1966 5546 ὁπωσ-

312 5587 402 5637 οὖν
463 5577 749 5656 βασιλείαν
808 5579 901 5632 τὸν
959 5576 1198 5654 βαλόντα
1256 5587 1417 5659 χεῖρα
1457 5580 1539 5635 ἐπ’
1595 5580 1824 5655 ἄροτρον
1878 5581 1969 5635 καὶ

312 5670 614 5747 στραφέντα
640 5660 1049 5745 φρενοϐλαϐὡς.
1087 5690 1116 5719 ››
1157 5669 1260 5725 Καὶ
1308 5669 1336 5723 ὁ
1372 5670 1465 5742 μὶν
1515 5674 1750 5724 τοσαῦτα
1781 5668 1965 5738 εἰπὼν,

309 5760 398 5817 καὶ
430 5757 622 5820 ἄλλως
657 5753 732 5809 ὢν
761 5755 1261 5834 ἀποφθεγματικὸς,
1292 5757 1410 5834 οὐχ
1440 5770 1445 5779 ’
1475 5757 1653 5814 ἑκοντὶ
1709 5757 1770 5812 τὸ
1835 5758 1971 5815 κατά

2070 4705 2303 4772 bantur,
2330 4720 2402 4759 ne
2432 4703 2687 4759 summis
2719 4704 2958 4773 quidem
2991 4702 3234 4759 auribus
3266 4703 3561 4773 admissis,
3590 4709 3725 4759 tan-

2070 4799 2196 4848 tum
2232 4792 2354 4847 radi
2416 4808 2479 4847 se
2509 4797 2564 4847 et
2593 4791 2981 4847 Athanasium
3027 4790 3305 4863 appellari
3362 4808 3569 4863 passus
3612 4801 3721 4849 est.

2072 4882 2220 4937 Illud
2257 4896 2397 4936 sane
2445 4878 2720 4936 admirari
2751 4895 2932 4949 queas
2991 4897 3095 4936 nec
3156 4880 3389 4936 fortuito
3438 4881 3724 4938 accidisse

2073 4972 2257 5037 dicas,
2288 4970 2443 5041 quod
2487 4986 2557 5025 ex
2586 4968 2861 5025 omnibus
2892 4970 3124 5041 Papyeii
3155 4972 3369 5027 montis
3400 4972 3563 5029 cellis
3593 4988 3723 5030 eam

2075 5059 2309 5132 delegit,
2363 5060 2420 5114 in
2472 5074 2583 5129 qua
2643 5064 3028 5128 protoatrator
3085 5061 3322 5118 Alexius
3378 5081 3413 5118 ιι
3458 5063 3725 5120 Manuale

2075 5147 2235 5204 nulla
2293 5147 2580 5219 probabili
2642 5148 2714 5201 de
2743 5164 2940 5218 causa,
3001 5154 3067 5206 ut
3095 5150 3236 5206 alibi
3289 5152 3569 5219 diximus,
3620 5156 3726 5208 sed

2074 5242 2297 5292 tantum
2329 5237 2402 5291 ob
2433 5234 2831 5305 amplissimas
2864 5253 3005 5308 opes
3059 5244 3117 5296 et
3168 5240 3527 5311 singularem
3588 5259 3726 5312 pru-

2076 5326 2336 5381 dentiam
2367 5330 2426 5380 et
2455 5324 2513 5379 in
2546 5325 2721 5379 rebus
2765 5327 3040 5398 gerendis
3070 5330 3465 5387 dexteritatem
3495 5335 3728 5402 captus,

2080 5415 2448 5469 mundanum
2488 5412 2767 5483 capillum
2812 5422 3100 5486 posuerat.
3160 5418 3304 5473 Nam
3340 5420 3398 5473 in
3433 5419 3566 5474 fatis
3607 5427 3733 5475 erat

2079 5501 2306 5560 scilicet
2338 5507 2401 5556 ut
2450 5506 2688 5571 paterna
2719 5504 2927 5559 delicta
2988 5504 3047 5560 in
3081 5505 3270 5561 filium
3303 5508 3729 5576 redundarent,

2081 5591 2233 5646 560
2265 5606 2539 5662 eumque,
2593 5595 2658 5644 ut
2716 5592 3020 5662 proverbio
3066 5595 3300 5661 dicitur,
3328 5601 3531 5666 stupor
3583 5596 3728 5649 den-

2081 5680 2228 5734 tium
2244 5680 2316 5736 ob
2334 5680 2570 5736 acerbas
2595 5697 2737 5737 uvas
2753 5699 2788 5737 a
2810 5685 2972 5759 patre
2992 5686 3265 5753 gustatas
3286 5683 3693 5740 iuvadsret.Cas
3707 5710 3733 5724 ο

2082 5774 2273 5825 terum
2289 5768 2569 5827 trimestri
2592 5772 2848 5842 tempore
2867 5769 3127 5827 nondum
3148 5768 3345 5839 elapso
3368 5788 3386 5841 ς
3418 5771 3737 5843 imperator
