4098 6292
411 376 530 438 7θῦ
1719 373 1842 436 ΜΟ
1853 371 2024 436 ΕΤΑΞ
2067 380 2078 434 1

2192 377 2496 439 )ΝῘᾹΤλΕ
3698 379 3812 440 196

414 527 482 568 eo
513 509 649 566 inde
666 510 928 564 revocato
946 523 1011 562 se
1041 523 1106 561 ea
1127 522 1254 578 quas
1279 506 1488 564 faceret
1507 507 1668 564 nulla
1689 525 1820 564 cum
1839 508 2060 564 ratione

2192 507 2412 582 Kpic'tbv
2453 506 2618 566 ὑπέδυ
2649 504 2957 584 τριϐώνιον,
2993 507 3126 582 μηδ’
3157 508 3345 584 ἄκροις
3405 509 3506 564 ὠσὶ
3533 509 3604 564 τὰ
3631 507 3818 580 ἐπᾳδό-

417 603 604 656 facere
635 606 692 654 et
744 599 956 668 Euripo
991 597 1513 652 inconstantiorem
1549 613 1680 653 esse
1727 597 2062 654 declaravit.

2192 617 2312 652 uva.
2337 597 2732 674 ένηχοόμενος,
2785 601 2950 672 μόνον
3011 598 3060 654 δ’
3117 599 3168 654 ἐν
3203 604 3325 674 χρῷ
3353 600 3574 674 κουρίας
3609 600 3636 652 ὁ
3669 599 3822 671 ἀκερ-

416 691 561 745 Nam
589 689 856 744 Alexium
891 701 1102 741 mensas
1123 702 1238 740 suas
1257 685 1586 741 adhibitum
1611 687 1860 742 subinde
1883 689 2068 742 carni-

2192 687 2420 760 τεκόμης
2487 691 2784 766 γενόμενος
2835 693 2924 743 καί
2997 691 3424 763 μετονομασθεὶς
3484 691 3820 752 Ἀθανὰσιος.

417 780 528 834 bus
561 783 626 832 ut
661 781 1060 848 Agamemnon
1113 776 1347 844 Aiacem
1403 775 1724 842 honoravit,
1761 779 1964 834 crebro
2003 781 2068 832 ut

2192 779 2460 849 Θαυμάσαι
2494 776 2542 834 δ’
2571 778 2632 833 ὂίν
2663 799 2748 840 τις
2779 777 2986 851 ίκείνῳ,
3047 777 3187 852 μηδὲ
3248 780 3494 854 τυχαίως
3527 777 3656 846 εἷ’πη
3691 799 3829 850 συμ-

415 870 542 924 sine
599 865 949 922 verecundia
1017 864 1164 920 cibis
1225 865 1507 938 appositis
1585 865 1874 922 frueretur
1929 865 2069 922 hor-

2192 861 2364 935 Ξῆναι.
2407 869 2504 924 Ἐκ
2531 868 2632 944 γὰρ
2667 869 2887 923 ἁπασῶν
2917 871 3027 922 τῶν
3067 869 3204 923 κατᾶ
3231 868 3294 922 τὸ
3327 867 3607 924 [ιαπύκιον
3643 871 3822 940 μονῶν

415 961 568 1012 tans.
2179 955 2383 1026 ἐκείνην
2429 961 2700 1010 κατοικεῖν
2754 955 3072 1030 ᾖρείιτίσατυ⁹
3130 959 3248 1012 καθ’
3279 958 3346 1026 ἤν
3389 958 3417 1010 ὁ
3473 957 3828 1032 πρωτοστρά-

413 1067 527 1122 τωρ
564 1043 810 1115 ’Δλέξιος
837 1050 938 1113 τὴν
973 1045 1248 1116 κοσμικὴν
1279 1045 1606 1119 ἀπεκείρατο
1635 1043 1804 1120 τρίχα
1833 1047 1978 1120 παρὰ
2008 1049 2104 1100 τοῦ
2149 1045 2419 1120 βασιλέως
2451 1045 2787 1123 συλληφθεὶς
2819 1047 3077 1116 Μανουὴλ
3113 1045 3180 1102 δι’
3208 1048 3384 1104 αἰτίαν
3417 1049 3510 1120 μὶν
3572 1045 3834 1120 οὐδαμῶς

415 1133 720 1210 πρόδηλον,
753 1135 828 1194 ὡς
859 1131 914 1188 ὲν
946 1139 1061 1194 τοῖς
1093 1132 1216 1206 περὶ
1245 1133 1444 1188 τούτου
1480 1131 1704 1208 ε’ἰπομεν
1731 1133 1946 1210 λόγοις,
1975 1135 2060 1188 ’ὁτι
2093 1131 2138 1188 δ’
2171 1129 2442 1208 ἐϐεϐρίθεν
2473 1135 2702 1208 πλούτῳ
2731 1135 3136 1209 πολυταλάντῳ
3169 1138 3256 1192 καὶ
3287 1137 3352 1206 ἦν
3383 1137 3565 1198 ἱκανὸς
3597 1136 3831 1210 βουλεύ-

419 1229 608 1282 σασθαι
636 1226 725 1280 καὶ
755 1225 1191 1298 καταπράξασθαι
1225 1223 1550 1299 περιδέξιος·
1583 1227 1680 1294 τήν
1715 1227 1818 1300 γὰρ
1845 1224 1907 1280 ὲκ
1933 1229 2044 1280 τῶν
2077 1231 2354 1299 πατρικῶν
2384 1226 2648 1301 ὀμφάκων
2689 1229 2825 1301 πρὸς
2853 1227 2981 1291 τοὺς
3009 1228 3144 1290 υἱεῖς
3207 1225 3601 1301 μεταρῥέουσαν
3659 1229 3710 1280 αἳ
3723 1249 3834 1298 μω-

419 1314 536 1370 δίαν
569 1315 656 1370 καὶ
687 1317 713 1368 ὁ
749 1313 1038 1386 Κομνηνὸς
1061 1315 1222 1374 οὗτος
1252 1313 1520 1384 Ἀλέξιος,
1555 1315 1628 1376 ὡς
1655 1310 1820 1384 ἔοικε,
1850 1319 2040 1378 παθεῖν
2073 1314 2446 1388 κατακέκριτο.
2483 1314 2643 1370 Ἀλλ’
2676 1315 2827 1370 οῧπω
2869 1321 3014 1391 τρεῖς
3086 1321 3254 1389 μῆνες
3309 1315 3712 1390 παρίππευσαν,
3747 1309 3836 1368 καὶ

423 1404 678 1481 βασιλεὺς
709 1405 871 1460 αὐτὸν
913 1405 1108 1458 ἐκεῖθεν
1141 1402 1614 1478 ἀνακαλεσάμενος
1645 1399 1838 1473 ἔδειξεν
1872 1403 1921 1476 ἐξ
1953 1404 2026 1457 ὢν
2063 1400 2282 1476 ἔδρασεν
2308 1405 2384 1477 μὴ
2427 1405 2518 1458 σὺν
2553 1403 2703 1480 λόγῳ
2733 1405 2828 1467 τὰς
2889 1405 3092 1467 οἰκείας
3147 1405 3362 1479 πράξεις
3411 1411 3710 1473 ποιεῖσθαι,
3745 1404 3834 1458 καὶ

423 1491 512 1548 διὰ
529 1498 690 1548 τοῦτο
725 1493 936 1567 χαίρειν
967 1497 1082 1554 ταῖς
1127 1493 1522 1570 ἀγχιστρόφοις
1557 1488 1892 1566 μεταϐολαῖς
1941 1495 2077 1547 κατά
2133 1494 2225 1548 τὸν
2276 1501 2375 1562 τῆς
2417 1491 2654 1555 Αὐλίδος
2685 1493 3051 1570 πολυῤῥόθιὸν
3087 1497 3169 1568 [Ρ.
3199 1497 3326 1566 274]
3357 1495 3625 1566 πορθμόν·
3661 1515 3836 1570 παρα-

420 1578 720 1654 λαμϐάνων
749 1583 851 1657 γὰρ
891 1583 980 1636 τὸν
1009 1581 1249 1652 Ἀλέξιον
1285 1583 1532 1638 σύσσιτον
1587 1583 1782 1642 νώτοις
1837 1579 2102 1650 διηνεκέσι
2161 1583 2380 1658 γέραιρε
2409 1587 2604 1658 κρεῶν,
2637 1583 2714 1643 ὡς
2745 1583 3106 1657 Ἀγαμέμνων
3160 1582 3328 1638 πάλαι
3363 1583 3452 1636 τὸν
3485 1581 3708 1650 Αἴαντα,
3742 1583 3830 1636 καὶ

421 1672 628 1746 ένάγων
661 1672 798 1743 πρὸς
843 1671 941 1740 τὴν
994 1677 1102 1726 τῶν
1158 1671 1532 1746 προκειμένων
1633 1669 1942 1743 ἐδεσμάτων
2037 1669 2408 1726 ἀνυπόστολον
2511 1667 2726 1749 ἔφαψιν,
2760 1695 2788 1724 ‹‹
2893 1674 3041 1748 Φάγε
3070 1671 3470 1748 καθηγούμενε,
3503 1695 3531 1722 ››
3563 1669 3840 1731 πολλάκις

427 1761 558 1818 έπέλ
564 1783 677 1835 εγεν
687 1805 700 1818 .

495 1853 694 1924 Neque
750 1868 882 1908 vero
941 1851 1208 1908 Alexium
1241 1854 1298 1906 et
1337 1849 1734 1906 Andronicum
1793 1849 2076 1906 duntaxat

2255 1849 2334 1906 Οὐ
2387 1849 2478 1904 τὸν
2537 1848 2780 1920 Ἀλέξιον
2842 1847 2900 1905 δὲ
2967 1850 3056 1904 καὶ
3145 1851 3236 1904 τὸν
3293 1847 3632 1925 Ἀνδρόνικον
3693 1850 3841 1904 οὕτω

429 1943 512 1999 sic
541 1943 806 1998 tractavit
855 1942 1134 2010 Isaacius,
1166 1941 1266 1996 sed
1299 1945 1357 1996 et
1383 1939 1836 1998 Constantinum
1867 1939 2072 2010 Aspis-

2192 1935 2392 1993 διέθετο
2497 1939 2786 2000 Ἰσαάκιος·
2865 1937 3012 1994 ἀλλὰ
3099 1940 3186 1994 καὶ
3267 1941 3673 1996 Κωνσταντῖνον
3747 1939 3846 1994 τὸν

425 2035 544 2086 tam
576 2032 649 2087 oh
703 2031 1042 2098 exercitum,
1079 2030 1172 2084 cui
1205 2029 1357 2086 bello
1387 2027 1654 2084 Blachioo
1688 2033 1954 2100 prmerat,
1987 2029 2078 2084 his

429 2119 625 2176 verbis
681 2120 1008 2186 defensum,
1068 2135 1183 2174 non
1219 2135 1388 2188 posse
1419 2117 1632 2173 milites
1663 2134 1794 2173 cum
1846 2117 2080 2173 duobus

433 2208 800 2278 gravissimis
830 2208 1100 2264 hostibus
1129 2207 1360 2263 Blachis
1389 2211 1444 2264 et
1475 2207 1628 2262 fame
1657 2207 1960 2278 dimicare,
1977 2209 2076 2263 sed

435 2315 633 2354 annua
655 2298 948 2370 stipendia
978 2297 1062 2352 eis
1083 2297 1466 2369 persolvenda
1491 2313 1638 2363 esse,
1673 2297 1870 2352 statim
1897 2297 2084 2369 digni-

434 2391 552 2443 tate
585 2387 792 2458 privari
819 2391 876 2441 et
906 2385 1177 2442 excecari
1211 2386 1418 2456 jussit,
1451 2401 1566 2440 non
1599 2387 1936 2441 moderatus
1965 2387 2080 2441 ira-

433 2476 661 2532 cundia:
693 2493 832 2542 suis,
891 2477 1047 2547 quod
1077 2474 1246 2530 illum
1279 2492 1380 2546 per
1413 2475 1668 2547 speciem
1727 2475 2084 2531 delensionis

438 2567 726 2622 concitare
758 2565 976 2622 milites
1007 2566 1441 2636 suspicabatur.

2186 2029 2504 2097 Ἀσπιέτην,
2577 2029 3080 2108 ὑπερφθεγξάμενον
3165 2033 3261 2084 τοῦ
3309 2028 3718 2102 στρατεύματος
3775 2029 3846 2083 οὗ

2187 2117 2491 2194 ἡγεμόνευε
2547 2119 2638 2173 τὸν
2685 2120 2820 2172 κατὰ
2875 2123 2980 2173 τῶν
3029 2117 3266 2193 Βλάχων
3331 2119 3526 2191 μετιὼν
3569 2117 3846 2191 πόλεμον,

2187 2205 2276 2262 καὶ
2309 2209 2554 2285 φήσαντα
2615 2208 2778 2280 μόνον
2847 2207 2922 2269 ὠς
2963 2207 3024 2262 οὗ
3073 2207 3251 2285 φέρειν
3309 2205 3528 2282 ἔχουσιν
3589 2210 3639 2261 οἱ
3685 2228 3846 2280 στρα-

2188 2299 2382 2350 τιῶται
2415 2295 2568 2369 λιμῷ
2605 2297 2696 2352 καὶ
2729 2296 2976 2372 Βλάχοις
3029 2295 3444 2370 διαμιλλᾶσθαι,
3505 2294 3626 2350 δυσὶ
3685 2295 3854 2351 δυσα-

2191 2387 2476 2456 πεντήτοις
2507 2391 2718 2456 κακοῖς,
2777 2385 2926 2442 ἀλλὰ
2974 2389 3160 2464 χρεὼν
3201 2387 3388 2448 αὐτοῖς
3437 2395 3854 2462 παρασχεθῆναι

2193 2476 2257 2531 τᾶ
2291 2474 2500 2530 ἐπέτεια
2533 2477 2833 2551 σιτηρέσια,
2883 2477 2976 2530 τὸν
3035 2477 3205 2550 Θυμὸν
3267 2475 3495 2550 ἐκκόψαι
3551 2478 3626 2548 μὴ
3683 2474 3852 2545 δυνη-

2195 2566 2304 2628 θεὶς
2360 2565 2592 2640 κατέσχε
2646 2587 2704 2621 τε
2760 2565 2950 2620 αὐτίκα
3013 2567 3352 2639 μεταστήσας
3421 2573 3522 2634 τῆς
3571 2564 3854 2640 ἀρχηγίας

433 2654 521 2709 καὶ
553 2660 650 2710 τυῦ
683 2655 861 2732 φωτὸς
889 2659 995 2708 τῶν
1030 2653 1297 2728 ὀμμάτων
1327 2651 1637 2727 ἐστέρησεν,
1671 2651 2054 2727 ᾆναταράττειν
2090 2654 2430 2718 ὑποπτεύσας
2455 2656 2546 2710 τὸν
2599 2653 2764 2729 ἄνδρα
2803 2659 2900 2724 τήν
2933 2657 3186 2728 στρατιὰν
3219 2661 3298 2728 τῷ
3329 2663 3428 2724 τῆς
3469 2655 3846 2731 ὑπερηγορίας

430 2747 814 2820 προσχήματι.

497 2847 572 2900 At
601 2843 876 2900 Comneni
909 2842 1228 2898 Andronici
1265 2843 1442 2908 ﬁlius,
1473 2843 1544 2897 de
1576 2858 1692 2913 quo
1725 2841 1895 2898 modo
1927 2840 2082 2895 dixi-

430 2952 586 3004 mus,
611 2935 766 2990 haud
799 2935 920 2990 scio
959 2951 1032 2988 an
1069 2943 1126 2988 ut
1179 2939 1431 3005 paternae
1465 2931 1811 2988 defectionis
1845 2947 2080 2986 mensu-

433 3041 556 3081 ram
617 3023 890 3095 impleret
923 3039 986 3076 an
1021 3027 1084 3077 ut
1139 3021 1288 3093 patri
1319 3037 1488 3092 opem
1523 3023 1714 3089 ferret,
1749 3037 1864 3075 non
1897 3018 2080 3074 multo

431 3119 562 3186 post
591 3114 718 3183 ejus
751 3111 1188 3166 excaecationem
1215 3111 1274 3164 in
1299 3111 1620 3164 maximum
1643 3109 1930 3180 templum
1955 3124 2082 3164 sese

430 3201 654 3273 recipit,
687 3201 822 3254 inde
843 3217 877 3254 a
903 3207 1050 3254 cmlu
1085 3199 1284 3269 populi
1307 3201 1454 3268 (erat
1483 3203 1676 3254 autem
1703 3197 1828 3252 dies
1851 3197 2082 3268 festus),

2263 2834 2324 2891 Ὀ
2355 2831 2412 2888 δὲ
2439 2838 2536 2888 τοῦ
2567 2837 2862 2906 Κομνηνοῦ
2921 2831 3274 2908 Ἀνδρονίκου
3333 2835 3468 2902 υἱὸς,
3525 2833 3586 2888 ὅν
3643 2855 3848 2908 προσε-

2192 2927 2310 2998 χῶς
2343 2925 2676 2998 εἰρήκειμεν,
2712 2925 2814 2979 οὐκ
2847 2921 2946 2978 οἶδ’
2995 2923 3104 2978 εἲτε
3159 2931 3257 2992 τῆς
3312 2930 3586 2999 πατρικῆς
3617 2924 3856 2978 ἀποστα-

2193 3015 2310 3074 σίας
2371 3013 2762 3088 ἀναπληρῶσαι
2822 3013 2884 3068 τὸ
2947 3011 3139 3086 μέτρον
3213 3011 3552 3089 βουλόμενος
3611 3011 3718 3067 εἲτε
3773 3018 3860 3084 τῷ

2189 3101 2400 3156 τεκόντι
2443 3101 2705 3174 ἐπαμῦναι
2749 3101 3105 3176 προθέμενος,
3163 3099 3408 3174 πρόσεισι
3471 3103 3606 3174 μετά
3669 3099 3854 3176 βραχὺ

2189 3197 2290 3260 τῆς
2321 3195 2417 3246 τοῦ
2447 3192 2650 3264 πατρὸς
2702 3189 3006 3264 πηρώσεως
3058 3194 3137 3261 τῷ
3199 3191 3442 3264 μεγίστῳ
3499 3194 3632 3261 ναῷ,
3665 3193 3854 3252 ποθῶν

427 3311 490 3348 se
523 3264 590 3346 aii
643 3264 954 3360 imperium
987 3264 1136 3344 Μιί
1165 3264 1382 3359 abripi
1441 3289 1704 3359 cupiens.
1750 3288 1862 3342 Sed
1909 3264 2072 3342 antev-

2193 3281 2392 3336 ἐκεῖθεν
2450 3279 2526 3340 εἷς
2598 3279 2880 3354 βασιλείαν
2937 3279 3344 3350 ἀναρπασθῆναι
3393 3279 3482 3333 καὶ
3537 3277 3854 3352 ἀναῤῥηΘῆο

426 3398 606 3452 quam
641 3395 815 3434 causa
847 3380 1148 3448 ingressus
1178 3379 1306 3449 ejus
1337 3377 1506 3447 vulgo
1537 3378 1945 3444 innotesceret,
1969 3393 2072 3449 pro

429 3469 706 3528 seditioso
737 3468 1192 3539 comprehensus
1223 3473 1543 3522 excmoatur
1574 3487 1588 3536 ;
1621 3470 1678 3522 et
1703 3465 1842 3537 quia
1871 3481 2069 3522 eorum

426 3559 710 3632 exemplis
742 3559 840 3630 qui
873 3575 992 3613 rem
1046 3574 1172 3614 eam
1209 3559 1426 3614 frustra
1483 3561 1780 3612 tentarent
1837 3573 1976 3622 non,
2013 3559 2076 3611 ut

429 3651 723 3716 decuerat,
757 3649 949 3704 factus
979 3653 1101 3702 erat
1130 3648 1374 3710 cautior,
1409 3662 1515 3702 suo
1555 3645 1811 3716 exemplo
1843 3653 2076 3700 ceteros

428 3756 632 3794 omnes
665 3755 696 3792 a
727 3737 907 3792 simili
937 3743 1148 3792 conatu
1181 3735 1482 3792 deterruit.

2179 3391 2267 3424 ναι
2325 3371 2470 3440 πρὸς
2516 3372 2612 3423 τοῦ
2677 3367 3092 3441 συνειλεγμένου
3161 3367 3292 3426 λεώ.
3369 3369 3469 3424 ’Ἦν
3535 3365 3594 3422 δὲ
3649 3369 3843 3442 ἑορτή,

2181 3457 2341 3516 Ἀλλ’
2376 3459 2529 3514 οὕπω
2567 3464 2684 3519 τοῖς
2718 3455 3042 3522 συνελθοῦσι
3074 3457 3210 3512 κατᾶ
3263 3459 3326 3512 τὸ
3383 3457 3603 3530 τέμενος
3661 3458 3690 3512 ὁ
3717 3459 3853 3531 τρό-

2182 3571 2284 3612 πος
2325 3547 2560 3622 ἔγνωστο
2591 3549 2710 3602 καθ’
2779 3549 2835 3602 δν
2896 3545 3068 3602 ἰκεῖσε
3134 3545 3441 3622 εἰσέδραμε,
3472 3548 3562 3602 καὶ
3623 3545 3852 3623 χειροῦ-

2182 3661 2270 3694 ται
2330 3638 2404 3701 ὠς
2467 3639 2704 3700 ἀποστὰς
2759 3637 2848 3692 καὶ
2909 3639 3152 3712 στέρεται
3197 3641 3294 3691 τοῦ
3326 3637 3530 3713 φωτὸς,
3593 3639 3669 3710 μὴ
3729 3643 3856 3702 ταῖς

2183 3733 2292 3784 τῶν
2351 3727 2692 3802 προσιόντων
2753 3727 2844 3780 καὶ
2907 3731 3015 3782 τῶν
3077 3727 3214 3781 κατὰ
3292 3727 3492 3780 σκοπὸν
3551 3725 3850 3782 ἀποπεσόν-

424 3849 532 3883 των
563 3830 778 3888 ποιναῖς
809 3822 1137 3886 παιδευθείς.
1171 3825 1274 3882 Καὶ
1310 3823 1426 3878 δέον
1459 3821 1628 3878 ἄλλον
1681 3824 1800 3878 τινὰ
1861 3823 1996 3877 εἶναι
2035 3821 2127 3876 τὸν
2162 3819 2360 3875 ὕστατα
2389 3816 2801 3890 τιμωρούμενον
2857 3815 2930 3876 ὠς
3001 3814 3282 3890 βασιλείας
3347 3814 3553 3890 ἐρῶντα
3617 3818 3702 3869 καὶ
3762 3821 3846 3887 τῷ

423 3919 636 3990 τεμένει
667 3915 982 3988 προσιόντα,
1016 3913 1174 3975 οὗτος
1205 3911 1612 3992 ἐπισφράγισμά
1649 3933 1699 3966 τι
1732 3913 1820 3966 καὶ
1850 3911 2078 3980 τελευτή
2111 3912 2300 3986 γέγονε
2364 3911 2472 3962 τῶν
2529 3907 2866 3960 ἀποστατῶν·
2929 3904 2990 3960 οὐ
3049 3906 3154 3979 γὰρ
3216 3903 3400 3959 ἕκτοτέ
3429 3925 3508 3968 τις
3538 3906 3632 3972 τήν
3667 3905 3844 3974 αὐτὴν

428 4005 640 4081 βαδίται
673 4004 950 4080 προέθετο.

499 4099 552 4152 3.
589 4097 656 4153 Ut
688 4102 880 4152 autem
915 4111 1007 4150 res
1029 4094 1360 4148 Occidentis
1394 4093 1644 4148 subinde
1671 4094 1729 4148 in
1764 4093 1932 4164 pejus
1955 4107 2082 4146 rue-

428 4187 572 4241 bant
601 4189 656 4238 et
713 4182 912 4238 Blachi
943 4197 1074 4236 cum
1106 4182 1382 4238 Cumanis
1415 4183 1704 4236 Romanas
1749 4180 2078 4250 provincias

429 4273 582 4330 ferro
613 4277 670 4327 et
699 4273 834 4342 igne
855 4271 1184 4338 vastabant,
1205 4271 1520 4340 imperator
1539 4269 1752 4324 iterum
1783 4283 2077 4338 egressus,

433 4359 710 4418 Anchiale
742 4362 1054 4432 praeterita,
1087 4375 1188 4431 per
1219 4359 1496 4428 ambages
1527 4362 1784 4412 Hamum
1819 4361 2076 4412 montem

427 4453 569 4509 adit.
605 4452 712 4508 Sed
746 4467 882 4506 cum
915 4449 1058 4503 nihil
1111 4465 1218 4504 sua
1257 4449 1568 4520 praesentia
1598 4447 1846 4517 dignum
1878 4463 2078 4518 gerere

425 4547 644 4617 posset,
706 4541 969 4598 bimestri
1031 4543 1290 4610 tempore
1318 4555 1448 4593 eam
1497 4536 1923 4606 expeditionem
1964 4536 2074 4592 cir-

429 4633 824 4703 cumscripsit.
848 4631 994 4686 Nam
1011 4628 1247 4684 castella
1279 4633 1336 4684 et
1356 4627 1572 4698 oppida
1601 4627 1764 4682 novis
1786 4627 2080 4683 moenibus

430 4729 486 4780 et
515 4724 778 4779 turribus
839 4723 1122 4777 adornata
1161 4719 1332 4790 longe
1389 4715 1710 4772 munitiora
1737 4717 1989 4788 reperit;
2023 4719 2079 4771 et

430 4817 896 4884 propugnatores
914 4825 1114 4865 eorum
1139 4809 1326 4864 instar
1341 4823 1644 4862 cervorum
1663 4805 1778 4860 alta
1797 4809 2078 4876 petentes,

435 4917 538 4955 nec
585 4901 752 4954 aliter
781 4915 960 4970 quam
993 4915 1180 4969 caprae
1213 4897 1270 4951 in
1329 4895 1572 4967 rupibus
1633 4895 1942 4959 saltantes,
1983 4911 2080 4964 pu-

433 5003 608 5059 gnam
641 4987 940 5042 statariam
973 4985 1388 5042 detrectabant.
1414 4985 1482 5040 Et
1507 4984 1647 5056 quia
1669 4984 1822 5042 562
1841 4983 2078 5056 Scytha-

432 5092 562 5130 rum
597 5091 824 5144 quoque
881 5075 1280 5130 incursionem
1313 5077 1560 5130 timebat
1605 5075 1862 5145 (tempus
1904 5072 2076 5128 etiam

433 5165 490 5220 id
520 5164 590 5220 ad
619 5163 1024 5232 trajiciendum
1056 5179 1170 5218 non
1193 5167 1318 5218 erat
1347 5163 1954 5235 incommodum),non
1977 5161 2078 5216 diu

432 5251 514 5306 ibi
547 5251 762 5306 morari
795 5250 981 5306 licuit.
1015 5249 1160 5306 Cum
1193 5255 1385 5307 autem
1415 5269 1528 5307 non
1563 5269 1632 5308 ea
1659 5251 1750 5308 via
1781 5269 1894 5324 qua
1919 5267 2082 5307 vene-

435 5347 526 5397 rat
577 5339 872 5396 rediturus
905 5337 1079 5394 aliam
1115 5339 1431 5394 breviorem
1471 5345 1904 5396 consectaretur
1952 5357 2082 5413 quae

433 5447 534 5502 per
589 5445 850 5486 amoenas
883 5427 1172 5484 convalles
1201 5429 1446 5484 Berroen
1481 5431 1672 5499 ferret,
1705 5435 1764 5486 et
1793 5431 2080 5502 majorem

436 5519 722 5576 exercitus
780 5524 1002 5591 partem
1061 5520 1279 5588 amisit,
1313 5523 1370 5574 et
1399 5519 1524 5588 ipse
1581 5520 1712 5588 (nisi
1746 5520 1940 5576 divina
1975 5535 2082 5592 ope

436 5613 808 5666 conservatus
847 5611 1026 5676 esset)
1059 5609 1345 5681 periisset.
1379 5611 1523 5662 Nam
1551 5625 1683 5662 cum
1715 5625 1783 5666 ea
1809 5611 1926 5680 via,
1956 5627 2082 5681 qua:

435 5699 652 5758 alicubi
685 5700 1038 5772 panderetur
1065 5703 1123 5756 et
1164 5695 1512 5772 equitationi
1541 5701 1696 5755 esset
1725 5697 1958 5769 idonea,
1988 5701 2081 5758 in-

2107 4581 2154 4644 D

2263 4093 2326 4162 γ’,
2367 4087 2455 4150 Ὦς
2486 4083 2541 4140 δὲ
2571 4085 2636 4140 τὰ
2675 4086 2810 4140 κατά
2865 4081 3013 4139 δόσιν
3057 4085 3324 4159 χειρόνως
3385 4085 3532 4158 εἶχον
3591 4082 3670 4137 ἀεὶ
3743 4067 3844 4138 καἱ

2191 4179 2242 4232 οἳ
2275 4173 2490 4250 Βλάχοι
2526 4174 2853 4248 ληϊζόμενοι
2917 4176 3050 4248 μετὰ
3108 4173 3375 4248 Κομάνων
3435 4173 3523 4227 καὶ
3579 4169 3842 4247 δῃοῦντας

2189 4268 2291 4335 τήν
2331 4265 2434 4318 ὑπὸ
2481 4263 2787 4335 Ῥωμαίους
2817 4261 3049 4336 ἐπῄεσαν
3111 4268 3376 4336 συνεχῶς,
3435 4257 3627 4332 ἔξεισιν
3697 4263 3844 4322 αὖθις

2189 4357 2216 4410 ὁ
2253 4353 2509 4430 βασιλεὺς
2551 4355 2665 4408 κατ’
2725 4351 2924 4422 αὒτῶν,
2975 4353 3064 4406 καὶ
3127 4349 3192 4420 δὴ
3247 4353 3345 4418 τήν
3391 4351 3688 4426 Ἀγχίαλον
3743 4373 3844 4404 πα-

2187 4444 2458 4520 ραλλάξας
2481 4443 2538 4496 ἐκ
2571 4442 2966 4516 περιελεόσεως
3015 4442 3105 4495 τὸν
3165 4444 3340 4514 Αἷμον
3389 4439 3600 4499 εἶ’σεισι.
3663 4438 3840 4510 Μηδέν

2183 4535 2324 4592 τιδέ
2361 4529 2503 4608 ἔχων
2563 4531 2860 4606 παρουσίας
2927 4530 3200 4607 βασιλέως
3269 4529 3418 4600 ἄξιον
3461 4529 3838 4606 διαπράξασθαι

2189 4625 2307 4682 δυσὶ
2341 4625 2476 4698 μησὶ
2525 4627 2623 4694 τήν
2689 4623 3030 4698 ἐκστρατείαν
3088 4621 3346 4701 ἀφώρισε·
3408 4623 3476 4676 τὰ
3529 4624 3632 4698 γὰρ
3682 4622 3833 4677 ἐκεῖσε

2189 4714 2422 4792 φρούρια
2451 4713 2540 4768 καὶ
2573 4712 2842 4786 πολίχνια
2903 4711 3261 4787 ἰσχυροτέραν
3320 4710 3519 4782 πολλῷ
3557 4719 3660 4781 τῆς
3713 4729 3820 4782 προ-

2187 4804 2342 4879 τέρας
2397 4802 2518 4877 εὗρε
2570 4797 3016 4876 περιϐεϐλημὲνα
3095 4799 3250 4875 ἰσχὺν
3317 4799 3406 4855 καὶ
3463 4801 3676 4876 τείχεσι
3729 4796 3824 4853 νεό-

2191 4893 2424 4968 δμήτοις
2493 4892 2582 4947 καὶ
2652 4887 2992 4966 ἆρτιστεωέσι
3049 4887 3566 4965 προσδιειλημμένα
3639 4891 3836 4966 βάρεσι,

2188 4983 2278 5038 καὶ
2325 4981 2456 5042 τοὺς
2515 4977 2704 5050 ἔξωθεν
2765 4981 3142 5052 ἀμυνομένους
3183 4978 3308 5034 ὡσεὶ
3344 4980 3430 5034 καὶ
3467 4977 3702 5058 ἐλάφους
3759 4977 3836 5030 ἐπὶ

2187 5073 2252 5127 τὰ
2311 5069 2496 5145 ὑψηλά
2554 5069 2682 5132 τοὺς
2728 5067 2900 5131 πόδας
2981 5070 3244 5130 ἱστῶντας
3307 5067 3398 5122 καὶ
3457 5063 3613 5138 δίκην
3673 5067 3839 5141 αἰγῶν

2188 5155 2712 5238 κρημνοϐατοῦντας
2753 5159 2843 5214 καὶ
2899 5159 2998 5228 τὴν
3041 5159 3134 5231 μὲν
3186 5155 3262 5219 εἰς
3295 5163 3487 5232 χεῖρας
3518 5156 3832 5230 συμπλοκὴν

2189 5249 2613 5320 ἂλυσκάζοντας.
2675 5249 2754 5306 Τὸ
2811 5245 2868 5302 δὶ
2920 5247 3010 5302 καὶ
3080 5251 3300 5311 Σκυθῶν
3339 5244 3646 5321 ἐπιδρομὴν
3711 5245 3836 5322 ὑφο-

2189 5341 2379 5414 ρᾶσθαι
2427 5341 2518 5393 τὸν
2577 5337 2949 5412 αὐτοκράτορα
2983 5339 3067 5410 (ἦν
3125 5336 3227 5414 γὰρ
3281 5334 3370 5389 καὶ
3431 5337 3459 5390 ὁ
3517 5333 3706 5410 καιρὸς
3763 5331 3840 5394 εἷς

2187 5432 2286 5498 τὴν
2347 5429 2554 5484 τούτων
2615 5427 2911 5502 περαίωσιν
2993 5423 3094 5480 οὐκ
3167 5425 3440 5498 ἀνάρσιος)
3517 5425 3688 5494 ὀξεῖαν
3745 5422 3841 5489 τήθ

2191 5519 2390 5576 ἐκεῖθεν
2447 5520 2720 5593 ἠνάγκασε
2804 5522 3033 5584 ποιῆσαι
3109 5509 3425 5589 μετάϐασιν.
3487 5513 3696 5571 Οὐκοῦν
3767 5513 3840 5585 μὴ

2191 5607 2259 5664 δι’
2299 5607 2510 5676 ἐκείνης
2555 5607 2936 5682 ἀναχωρήσειν
2991 5603 3326 5680 προθέμενος
3385 5601 3454 5659 δι’
3512 5604 3580 5672 ἧς
3639 5601 3850 5673 εέσελή-

2187 5695 2372 5772 λυθεν,
2403 5695 2528 5754 ἀλλ’
2576 5694 2982 5775 ἐπιτομωτέραν
3043 5691 3220 5767 ἄλλην
3283 5691 3572 5772 μεταλλῶν
3631 5691 3720 5748 καὶ
3777 5690 3844 5761 ἦν
