4098 6292
242 336 355 398 797

1370 336 1473 397 DE
1519 335 1831 400 lSAAGlO
1876 339 2195 402 ANGELO
2240 344 2387 404 LIB.
2433 342 2546 406 III.

3545 350 3668 413 798

241 474 458 544 τὲμνων
488 470 565 532 εἷς
601 469 840 545 Βεβθῖόην
875 467 964 525 διὰ
1021 475 1130 525 τῶν
1190 468 1361 525 ἐκεῖσε
1413 476 1636 544 τεμπῶν
1701 472 1875 526 ὑποκα

2022 476 2346 533 cedendum
2381 479 2609 545 fuisset,
2640 479 2735 536 ille
2761 479 2819 535 in
2856 485 3138 553 angustas
3171 482 3367 538 fauces
3397 488 3451 539 et
3495 500 3666 539 mon-

244 558 567 632 ταόήσεται,
632 561 695 615 τό
760 581 818 614 τε
877 559 1069 614 πλεῖον
1132 560 1382 616 ἀπώλεσε
1428 567 1523 616 τοῦ
1576 564 1911 636 στρειτεῦμα-

248 672 367 717 τος,
398 652 489 706 καὶ
537 649 584 705 εἴ
640 652 715 723 μὴ
774 649 977 723 Κύριος
1015 650 1082 718 ἦν
1142 648 1193 702 ἐν
1248 648 1416 720 αὐτῷ,
1484 650 1573 703 καὶ
1615 650 1773 712 αὐτὸς
1832 655 1911 722 τῷ

252 739 361 813 ’ᾲδη
393 741 714 816 παρῴκησεν
769 740 851 796 ἄν.
899 737 1026 793 Δέον
1083 738 1189 813 γὰρ
1247 736 1338 792 διὰ
1392 745 1493 807 τῆς
1544 740 1911 813 εὐρυνομένης

256 832 481 907 ἐνιαχοῦ
505 829 594 884 καὶ
653 825 970 896 ἐνδιδούσης
1028 828 1232 889 ἱκανῶς
1292 828 1673 897 ἐνιππάζεσθαι
1715 848 1908 903 πορευ-

257 923 431 989 θῆναι,
460 921 489 973 ὁ
517 916 575 973 δὲ
613 916 893 992 τρυμαλιᾷ
927 912 1209 972 δυσϐάτων
1266 916 1487 993 χωρίων
1542 917 1631 972 καὶ
1688 917 1911 992 ὀρεινῶν

254 1005 506 1082 παρόδων
541 1002 1136 1079 αὐλῶνιπαρενὲὅυσεν
1198 1006 1383 1061 ἑαυτὸν
1443 1007 1534 1061 καὶ
1590 1010 1688 1073 τὴν
1749 1027 1907 1081 στρα-

248 1098 388 1153 τιάν.
429 1097 697 1171 Παρὲῥρει
731 1093 788 1150 δὲ
816 1097 954 1150 κατὰ
983 1097 1074 1149 τὸν
1135 1094 1247 1149 ἐκεῖ
1302 1101 1488 1171 χῶρον
1543 1094 1633 1150 καὶ
1691 1093 1908 1150 ὑδάτιον

248 1190 332 1261 [Ρ.
367 1188 496 1259 2Ἶ5]
547 1185 608 1240 ἐκ
663 1184 995 1262 χειμάρῥου.
1058 1190 1312 1259 Προῆγον
1376 1186 1468 1258 μὲν
1525 1185 1614 1239 οὗν
1684 1186 1712 1239 6
1763 1205 1912 1260 πρω-

244 1276 565 1350 τοστράτωρ
624 1273 889 1342 Μανουηλ
939 1275 968 1328 6
1016 1273 1313 1345 Καμῦτζης
1370 1275 1462 1328 καὶ
1522 1275 1550 1329 6
1624 1274 1912 1347 Κομνηνὸς

241 1373 512 1434 ἰσιάκιος
598 1374 626 1427 6
683 1376 779 1426 τοῦ
863 1370 1080 1446 ὕστερον
1160 1370 1580 1437 βασιλεύσαντος
1661 1371 1908 1441 Ἀλεξίου

245 1458 499 1541 γαμϐρὸς
530 1462 617 1517 ἐπὶ
667 1463 914 1539 θυγατρὶ,
972 1460 1405 1535 ὀπισθοφυλακεῖ
1462 1459 1519 1515 δῖε
1573 1462 1600 1515 6
1655 1458 1910 1516 σεϐαστο·

246 1554 469 1625 διμάτωρ
504 1552 769 1621 Ἰωάννης
799 1552 826 1605 6
888 1551 1094 1614 Δούκας
1124 1552 1152 1605 6
1185 1552 1319 1625 πρὸς
1350 1551 1551 1624 πατρὸς
1612 1556 1755 1615 θεῖος
1810 1555 1907 1605 τοῦ

249 1640 549 1718 βασιλέως.
592 1641 672 1698 Τὸ
740 1637 796 1694 δὶ
851 1642 1015 1713 μέσον
1078 1639 1266 1715 ἐπεῖχε
1312 1646 1412 1709 τῆς
1447 1638 1756 1717 φάλαγγος,
1837 1641 1905 1709 ἦς

252 1730 577 1805 ἐπίπροσθεν
640 1728 810 1784 ὥδευε
863 1731 929 1784 τὰ
982 1731 1283 1808 σκευοφόρα
1366 1730 1454 1784 καὶ
1513 1728 1575 1783 τὸ
1642 1729 1903 1801 ἑπόμενον

2018 569 2166 620 tium
2201 584 2499 635 cawrnas,
2534 571 2633 624 ubi
2670 578 2899 624 torrens
2942 574 3187 641 exiguus
3220 573 3662 642 praeterﬂuebat,

2019 670 2077 719 et
2106 678 2167 718 se
2198 666 2255 717 et
2279 659 2593 716 exercitum
2624 661 2879 713 intrusit.
2913 660 3282 717 Prazcedcbat
3321 669 3511 716 autem
3544 666 3663 716 Ma-

2020 750 2155 807 nuel
2186 753 2487 822 Cemytzes
2518 754 2906 820 protostrator
2933 754 2992 805 et
3021 750 3351 805 Comnenus
3384 751 3662 819 lsaacius,

2021 839 2206 896 Alexii
2231 841 2361 909 ejus
2381 838 2481 910 qui
2516 844 2646 908 post
2676 838 3004 909 imperavit,
3031 855 3231 912 gener.
3258 845 3481 910 Agmen
3502 840 3667 895 clau-

2018 930 2195 985 debat
2235 932 2493 983 Joannes
2550 933 2740 982 Ducas
2790 927 3239 995 sebastocrator,
3291 928 3664 999 imperatoris

2018 1026 2282 1091 patruus.
2306 1017 2553 1071 Mediam
2590 1015 2956 1087 phalangem,
2977 1033 3151 1086 quam
3177 1016 3594 1087 impedimenta
3607 1023 3665 1073 et

2019 1108 2253 1165 servitia
2283 1105 2743 1162 extraordinaria
2762 1107 3184 1177 praecedebant,
3205 1106 3328 1177 ipse
3344 1107 3661 1178 imperator

2017 1198 2277 1253 lsaacius
2307 1204 2362 1250 et
2390 1195 2519 1265 eius
2542 1195 2715 1249 frater
2734 1195 3154 1251 sebastocrator
3174 1195 3407 1251 Alexius
3432 1195 3658 1251 obtine-

2017 1288 2181 1342 bant.
2216 1286 2499 1341 Barbaros
2530 1301 2684 1353 vero,
2717 1300 2779 1339 se
2810 1285 2882 1338 ab
2934 1288 3182 1355 utroque
3240 1285 3659 1356 angustiarum

2016 1376 2193 1432 latere
2223 1373 2615 1439 ostendentes,
2648 1372 2789 1428 satis
2844 1373 3162 1442 apparebat
3216 1390 3451 1443 semper
3509 1372 3661 1429 male

2017 1466 2291 1537 cogitare.
2326 1472 2407 1517 Ac
2440 1466 2784 1533 antegressae
2836 1460 3095 1532 legiones
3152 1462 3299 1517 citra
3337 1461 3663 1519 dimicatio-

2014 1570 2150 1611 nem
2182 1570 2211 1609 e
2244 1552 2511 1608 faucibus
2540 1550 2656 1604 illis
2686 1555 3014 1619 evaserunt,
3049 1553 3201 1621 quod
3255 1550 3451 1605 Blachi
3513 1566 3658 1607 non-

2014 1645 2151 1699 dum
2184 1659 2250 1699 eo
2309 1646 2723 1713 pervenerant:
2756 1644 2812 1695 et
2869 1656 2900 1695 e
2958 1655 3018 1695 re
3075 1657 3303 1711 quoque
3359 1658 3467 1696 sua
3524 1656 3654 1696 esse

2006 1733 2337 1804 judicarant
2372 1735 2433 1787 ut
2463 1730 2668 1801 primis
2699 1728 2978 1801 neglectis
3000 1730 3253 1785 mediam
3278 1729 3650 1803 phalangem,

248 1817 354 1889 ἔξω
384 1820 587 1889 τάξεως
621 1819 972 1892 ὑπηρετικὸν,
1032 1818 1194 1882 αὐτός
1234 1840 1291 1873 τε
1350 1820 1378 1873 6
1443 1816 1696 1892 βασιλεὺς
1729 1816 1901 1874 Ἰσαά-

2012 1821 2166 1880 568
2192 1821 2249 1875 in
2285 1837 2414 1892 quae
2443 1823 2598 1875 esset
2654 1817 2974 1890 imperator
3029 1819 3279 1891 ejusque
3311 1818 3564 1873 ministri
3596 1822 3655 1874 et

247 1930 371 1970 κιος
424 1909 515 1963 καὶ
574 1909 602 1963 6
686 1909 887 1963 τούτου
946 1905 1285 1987 αὖτάδελιρος
1342 1908 1369 1962 6
1451 1903 1899 1983 σεϐαστοκράτωρ

250 1998 523 2068 Ἀλὲξιος.
566 1998 634 2054 Οἱ
676 1994 732 2051 δὲ
773 1992 1043 2072 Βάρϐαροι
1100 2001 1228 2070 παρ’
1284 1995 1508 2072 ἑκάτερα
1563 2003 1663 2066 τῆς
1720 2005 1905 2067 στενῆς

250 2086 462 2157 ἐκείνης
500 2083 743 2159 παρόδου
776 2086 1094 2159 φαινόμενοι
1123 2084 1291 2151 δῆλον
1351 2086 1486 2155 ἦσαν
1529 2086 1610 2141 ἀεί
1664 2107 1715 2141 τι
1746 2086 1902 2141 τελὲ-

248 2195 436 2238 σοντες
467 2171 659 2229 δεινόν.
690 2175 764 2228 Τὰ
826 2174 921 2246 μὶν
978 2175 1068 2228 οὗν
1133 2174 1565 2250 προπορευθέντα
1620 2174 1906 2249 παρήλθο-

247 2283 343 2317 σαν
370 2260 598 2337 ἀμαχεὶ,
635 2263 805 2335 μήπω
844 2264 952 2316 τῶν
1024 2260 1261 2337 Βλάχων
1319 2261 1709 2333 ἀπηντηκότων
1769 2282 1906 2317 κατα

243 2353 312 2407 τὰ
352 2352 509 2406 στενὰ
556 2357 657 2420 τῆς
717 2348 870 2417 ὁδοῦ,
926 2352 1017 2405 καὶ
1075 2349 1260 2414 ἄλλως
1318 2348 1375 2406 δὲ
1403 2352 1699 2425 κρινάντων
1734 2353 1903 2406 ἐπιει-

243 2445 357 2502 κῶς
412 2439 697 2519 ὠφέλιμον
759 2440 887 2501 τοὺς
944 2441 1195 2514 πρώτους
1274 2441 1565 2514 παριόντας
1634 2439 1903 2512 ἀναιμωτι

243 2530 341 2592 τὰς
391 2532 559 2606 ἄκρας
649 2524 992 2604 ὑπερϐαλεῖν,
1051 2533 1131 2601 τῷ
1198 2526 1255 2583 δὲ
1324 2526 1471 2602 μέσῳ
1521 2531 1905 2599 συνεπιστῆναὶ

248 2620 338 2674 καῖ
381 2618 716 2696 προσαράξαι
777 2624 912 2693 σφᾶς
969 2626 1070 2689 τῆς
1120 2618 1428 2697 φάλαγγος,
1491 2620 1621 2674 καθὸ
1680 2620 1907 2694 πάρεστι

258 2709 517 2786 βασιλεὺς
571 2711 663 2765 καὶ
719 2713 755 2780 ἡ
822 2714 1019 2766 τούτου
1087 2711 1347 2786 θεραπεία
1377 2711 1466 2765 καὶ
1500 2710 1699 2765 ὁπόσον
1758 2712 1909 2783 αὗτῷ

251 2800 393 2856 κατὰ
420 2800 575 2876 γένος
642 2799 912 2872 ἐπίσημον
983 2801 1403 2880 προπφὲπεται.
1465 2800 1562 2855 Καὶ
1605 2801 1703 2855 οὐκ
1740 2799 1907 2874 ἐψεύ-

258 2901 463 2960 σθησαν
488 2894 594 2944 τῶν
641 2891 780 2945 κατὰ
834 2890 1056 2947 σκοπόν.
1129 2887 1353 2960 Ἐπειδή
1411 2891 1514 2965 γὰρ
1565 2890 1906 2969 προύχώρη-

264 3008 349 3042 σεν
382 2988 456 3049 εἷς
500 2986 640 3043 πολὺ
686 2993 783 3044 τοῦ
838 2993 1088 3064 χαλεποῦ
1146 2988 1350 3044 ἐκείνου
1422 2988 1593 3043 τόπου
1647 2989 1737 3043 καὶ
1801 3011 1907 3063 μη-

272 3073 426 3149 δαμῆ
460 3074 718 3154 διάφευξιν
752 3076 978 3152 ἔχοντος
1028 3078 1057 3132 6
1112 3077 1488 3152 αὐτοκράτωρ,
1549 3077 1600 3132 οἱ
1634 3077 1910 3153 Βάρβαροι

263 3169 561 3236 τηνικαῦτα
589 3169 707 3240 μεθ’
734 3168 821 3222 δτι
851 3164 1110 3222 πλείστου
1170 3164 1379 3239 ὁμάδου
1436 3164 1703 3223 ἐπέθεντο.
1748 3165 1907 3224 Ἀλλ’

250 3253 372 3310 οὐδ’
422 3256 475 3310 οἱ
531 3260 625 3310 τοῦ
696 3261 921 3325 πεζικοῦ
1000 3257 1310 3329 Ῥωμαϊκοῦ
1360 3256 1757 3331 στρατεύματος
1816 3255 1903 3312 ἐπὶ

244 3345 470 3407 τούτοις
503 3345 768 3419 ἠμέλουν,
805 3345 950 3401 ἀλλὰ
1005 3347 1096 3401 καὶ
1146 3345 1298 3401 αὐτοὶ
1360 3348 1436 3419 μὴ
1498 3347 1911 3423 ἐγκυκλωθῆναι

248 3432 600 3505 σπεύδοντες,
657 3436 794 3510 πρὸς
850 3436 912 3491 τὸ
942 3435 1157 3498 ἄναντες
1191 3436 1540 3514 ἐφορμῶντες
1579 3441 1679 3491 τοῦ
1719 3438 1908 3511 χώρου

247 3524 604 3597 ἀνέστελλον,
664 3524 712 3579 εἲ
768 3526 855 3579 καὶ
920 3526 1173 3599 πονήρως
1227 3524 1375 3598 μάλα
1405 3527 1493 3581 καὶ
1553 3522 1908 3588 ἐπικινδύνως

250 3615 382 3678 τοὺς
456 3616 846 3677 ὖποκατιόντας
913 3618 1019 3669 τῶν
1076 3614 1389 3689 ἀκρωρειῶν
1449 3611 1783 3692 Βαρϐάρους,
1817 3616 1906 3677 Ὠς

248 3714 299 3769 δ’
341 3709 626 3785 ἐϐιάζοντο
656 3716 734 3787 τῷ
764 3713 966 3785 πλήθει
996 3714 1089 3769 καὶ
1145 3720 1262 3777 τοῖς
1322 3713 1762 3789 ἐπικυλιομὲνοις
1816 3714 1905 3770 λί-

245 3807 366 3867 θοις
395 3808 577 3866 κακῶς
611 3805 661 3858 οἱ
693 3804 960 3876 Ῥωμαῖοι
1017 3799 1281 3879 ἔπασχον,
1326 3801 1629 3860 ἐνεδίδοσαν
1673 3805 1748 3868 εἷς
1778 3826 1907 3880 τρο-

242 3895 379 3963 πὴν,
411 3890 559 3961 πλὴν
588 3892 896 3965 ὕφειμένως
943 3893 1035 3947 καὶ
1084 3892 1208 3948 τότε
1267 3890 1378 3947 οὐδ’
1452 3894 1752 3971 ὑπεράγαν,
1813 3895 1903 3950 καὶ

244 3987 411 4037 τοῦτο
443 3982 545 4037 οὐκ
574 3980 663 4037 ἐπὶ
694 3979 858 4036 πολύ·
890 3981 955 4035 τὸ
1013 3982 1118 4058 γὰρ
1158 3981 1239 4036 ἀεί
1296 4003 1347 4037 τι
1404 3982 1532 4046 τοὺς
1563 3983 1905 4056 ἀλλοθρόους

247 4070 620 4139 πλεονεκτεῖν,
662 4065 1039 4144 ἐπιϐρίθοντάς
1088 4091 1146 4125 τε
1199 4072 1289 4126 καὶ
1346 4074 1481 4127 κατά
1510 4072 1765 4136 πλείονας
1818 4073 1902 4149 ἐγ-

244 4160 556 4233 κειμένους,
592 4154 953 4215 ὲπικατὲὅα).ε
1011 4164 1146 4237 σφᾶς
1204 4160 1462 4235 ἀκόσμως
1515 4166 1585 4237 τῇ
1654 4170 1900 4236 στρατιᾷ,

250 4251 331 4308 Τὸ
391 4247 439 4304 δ’
492 4250 598 4306 ἀπὸ
652 4247 812 4304 τοῦδε
859 4250 1175 4329 συγχύσεως
1229 4251 1524 4326 γενομένης
1564 4252 1654 4307 καὶ
1685 4253 1900 4308 πάντων

249 4341 442 4408 σώζειν
524 4337 746 4401 ἑαυτοὺς
810 4337 1175 4412 προθεμένων,
1234 4341 1307 4401 ὡς
1371 4341 1655 4415 θρέμματα
1732 4364 1898 4397 κατα-

245 4428 561 4485 κλεισθέντα
591 4433 746 4500 σηκῷ
774 4428 1071 4501 κατῄκιζον
1104 4428 1154 4481 οἱ
1204 4426 1466 4501 πολέμιοι
1513 4430 1607 4483 τὸν
1649 4429 1898 4486 ἐπικατα-

246 4512 660 4590 λαμϐανόμενον
694 4517 783 4572 καὶ
812 4517 893 4572 ἀεὶ
922 4516 1047 4579 τοὺς
1104 4516 1156 4571 ἐν
1201 4519 1387 4592 χερσὶν
1434 4515 1691 4577 ἔκτεινον.
1725 4520 1892 4593 Ἀμό-

2009 1910 2234 1984 reliqua
2259 1908 2549 1978 nobilitas,
2582 1909 3055 1980 aggrederentur.
3097 1907 3212 1964 Nec
3242 1909 3515 1980 opinione
3545 1924 3653 1963 sua

2011 2003 2155 2057 sunt
2184 1997 2585 2070 decepti.Nam
2611 2003 2671 2052 ut
2703 1997 2763 2053 in
2795 1996 3060 2052 faucibus
3093 1997 3211 2052 illis
3242 1997 3392 2070 fugae
3423 1996 3647 2054 nullum

2010 2098 2266 2170 spatium
2282 2095 2752 2169 relinquentihus
2766 2094 2936 2166 longe
2951 2093 3656 2167 processerat,tumultuo-

2012 2186 2305 2243 sissimam
2339 2200 2596 2257 pugnam
2651 2183 2824 2239 cient.
2857 2183 3057 2254 Neque
3107 2184 3407 2239 Romanus
3438 2182 3658 2255 pedita-

2010 2280 2108 2332 tus
2138 2274 2390 2348 segnior,
2430 2290 2500 2329 ne
2538 2273 3079 2340 circumveniretur,
3115 2273 3175 2328 in
3234 2274 3485 2327 arduum
3526 2275 3658 2327 ten-

2011 2366 2158 2420 dens
2183 2365 2462 2419 Barbaros
2485 2361 2831 2418 cumlabore
2861 2365 2918 2417 et
2931 2361 3657 2433 periculoecacuminibus

2012 2453 2429 2508 descendentes
2452 2450 2936 2523 reprimebat.Sed
2961 2466 3091 2506 cum
3117 2449 3492 2506 multitudine
3513 2449 3655 2505 telo-

2012 2557 2143 2597 rum
2177 2539 2705 2596 etdevolutissaxis
2736 2540 3260 2611 urgerentur,fugee
3276 2554 3337 2595 se
3371 2537 3656 2610 paulatim

2012 2635 2070 2685 et
2083 2629 2247 2701 quasi
2272 2627 2715 2685 dissimulanter
2735 2628 2901 2682 initio
2930 2628 3300 2694 mandarunt,
3319 2628 3502 2682 donec
3520 2627 3660 2681 Bar-

2013 2719 2169 2774 barie
2187 2716 2398 2788 majori
2410 2717 2662 2772 subinde
2689 2731 2965 2771 successu
2981 2720 3037 2771 et
3054 2715 3277 2787 impetu
3295 2714 3658 2771 irruentibus

2014 2807 2337 2879 perturbati
2368 2807 2551 2862 effuse
2579 2806 2872 2876 fugerunt,
2907 2805 2977 2861 de
3008 2821 3115 2860 sua
3146 2804 3397 2876 quisque
3427 2809 3658 2859 tantum

2014 2896 2204 2952 salute
2223 2890 3026 2963 sollicitus,etvelutpecudes
3044 2892 3099 2946 in
3119 2891 3350 2947 stabulo
3369 2888 3657 2947 conclusa

2014 2985 2360 3043 defendente
2380 2983 2616 3040 nemine
2644 2982 2968 3038 caeduntur.
3005 2982 3328 3052 Imperator
3354 2995 3488 3036 vero
3528 2985 3657 3035 tan-

2016 3095 2193 3152 quam
2226 3077 2286 3133 in
2328 3075 2540 3132 mediis
2589 3074 2857 3131 cassibus
2907 3073 3188 3142 irretitus,
3223 3088 3373 3145 smpe
3414 3072 3654 3143 quidem

2016 3169 2307 3225 irruentes
2338 3168 2396 3222 in
2437 3182 2498 3221 se
2527 3163 2811 3220 Barbaros
2842 3164 3177 3235 propulsare
3206 3167 3472 3229 conatus,
3508 3178 3652 3234 pris-

2019 3265 2284 3330 terquam
2346 3256 2502 3328 quod
2590 3254 2733 3310 nihil
2793 3253 3058 3325 profecit,
3118 3253 3294 3308 etiam
3380 3257 3653 3324 tegumen

2017 3348 2245 3421 capitis,
2279 3362 2451 3417 quam
2485 3344 2648 3401 casin
2677 3350 2903 3409 vocant,
2928 3343 3144 3397 amisit.
3177 3341 3286 3397 Sed
3322 3356 3453 3396 cum
3490 3340 3658 3397 multi

2018 3437 2323 3495 fortissimi
2356 3434 2463 3490 viri
2485 3434 2640 3490 circa
2678 3448 2808 3489 eum
2840 3431 3172 3503 conglobati
3217 3431 3403 3486 multa
3426 3432 3663 3501 jumen-

2015 3532 2076 3583 ta
2107 3526 2260 3583 504
2289 3528 2346 3581 et
2406 3523 2720 3579 nonnullos
2749 3522 2951 3586 etiam,
2986 3525 3051 3575 ut
3116 3521 3327 3585 ferunt,
3359 3522 3655 3575 Romanos

2017 3615 2229 3671 milites
2288 3612 2681 3685 progressioni
2736 3611 3032 3666 obstantes
3089 3609 3464 3678 occidissent,
3523 3625 3659 3663 eva-

2015 3705 2188 3761 dendi
2216 3703 2548 3759 facultatem
2578 3701 2809 3767 habuit;
2833 3702 2891 3755 et
2920 3698 3122 3754 multis
3149 3697 3471 3752 interfectis
3492 3697 3657 3752 solus

2014 3794 2321 3849 vulnerum
2354 3807 2560 3863 expers
2582 3794 2979 3857 conservatus,
3012 3802 3144 3841 cum
3179 3785 3248 3841 ad
3282 3788 3655 3856 antegressos

2014 3882 2393 3957 pervenisset,
2437 3896 2598 3935 more
2628 3877 2902 3933 Davidico
2934 3876 3153 3947 gratias
3210 3874 3323 3929 Deo
3356 3873 3653 3945 persolvit,

2012 3975 2113 4046 qui
2167 3978 2341 4042 caput
2370 3985 2546 4026 suum
2603 3984 2670 4024 eo
2730 3966 2926 4038 pretio
2983 3964 3414 4022 obumbrasset.
3466 3965 3657 4019 Ducas

2011 4078 2145 4119 vero
2178 4060 2609 4117 sebastocrator
2640 4072 2773 4113 cum
2806 4072 2868 4111 se
2901 4054 3171 4127 progredi
3202 4069 3313 4108 non
3351 4069 3521 4124 posse
3569 4053 3654 4106 vi-

2012 4153 2194 4217 deret,
2229 4150 2449 4205 bonum
2482 4148 2691 4202 ducem
2723 4149 2951 4211 nactus,
2985 4159 3158 4214 quem
3211 4141 3382 4197 miles
3412 4143 3649 4213 quidam

2010 4242 2140 4313 ejus
2172 4239 2440 4295 Liloboes
2471 4253 2541 4292 ex
2570 4234 2873 4291 barbarica
2901 4234 3135 4289 cohorte
3169 4231 3502 4305 pellexerat,
3537 4230 3651 4286 alia

2009 4341 2102 4397 via
2132 4342 2260 4397 sine
2289 4337 2412 4395 ulla
2442 4353 2593 4392 noxa
2628 4342 2714 4392 est
2744 4334 2998 4407 elapsus.
3030 4334 3355 4405 Imperator
3386 4348 3517 4388 cum
3553 4347 3654 4401 per

2009 4430 2262 4486 Crenum
2307 4428 2556 4483 Berroen
2614 4425 2995 4497 pervenisset,
3028 4420 3381 4477 incolumem
3431 4420 3650 4475 exerci-

2009 4524 2136 4574 tum
2170 4519 2271 4590 qui
2303 4520 2716 4581 antecesserat,
2750 4512 2897 4569 nihil
2930 4513 3002 4567 de
3034 4528 3096 4567 se
3128 4512 3262 4567 boni
3317 4513 3649 4581 sperantem

328 4573 338 4589 ι
509 4573 518 4590 ι
1034 4573 1045 4579 _
1204 4573 1283 4592 Μ
1680 4573 1690 4577 ,
1742 4573 1830 4593 ην

249 4626 360 4658 νων
393 4601 447 4659 δὲ
477 4604 648 4668 οὐδεὶς
698 4607 788 4676 ἦν,
847 4603 963 4660 οὐδ’
1019 4603 1279 4675 ἠδύνατο.
1315 4606 1576 4669 Βασιλεὺς
1610 4605 1667 4663 δὲ
1711 4609 1891 4680 αὐτὸς,

2012 4606 2244 4678 reperit.
2278 4606 2592 4662 Ferebatur
2620 4604 2794 4660 etiam
2839 4619 2957 4657 una
2993 4617 3126 4656 cum
3186 4599 3370 4669 cepiis
3403 4597 3646 4670 perisse.

245 4695 323 4756 ὡς
362 4692 414 4748 ἔν
471 4692 657 4770 ἄρκυσι
721 4695 884 4770 μὲσος
942 4694 1194 4773 ληφθεὶς,
1254 4694 1531 4756 πολλάκις
1593 4698 1686 4771 μὲν
1742 4700 1892 4753 ἀπώ-

242 4796 435 4849 σασθαι
492 4785 555 4840 τὸ
600 4786 719 4839 καθ’
773 4784 932 4840 αὐτὸν
993 4784 1143 4840 ἐπιὸν
1224 4785 1623 4859 ἀπεπειράσατο
1681 4784 1890 4864 Βάρϐα-

238 4893 359 4948 ρον,
408 4872 500 4926 σὺν
549 4870 605 4927 δὲ
641 4878 722 4945 τῷ
777 4871 948 4947 μηδὲν
1006 4873 1184 4929 ἀνύειν
1244 4875 1330 4929 καὶ
1382 4877 1473 4930 τὸν
1522 4880 1619 4941 τῆς
1648 4877 1890 4955 κεφαλῆς

236 4957 548 5016 ἀπεϐάλετε)
593 4965 769 5017 κάσιν.
832 4959 1065 5017 Πολλῶν
1128 4960 1185 5018 δὲ
1235 4965 1325 5019 καὶ
1382 4964 1683 5039 κρατίστων
1716 4990 1886 5023 συνει-

238 5048 527 5126 λεγμένων
566 5052 687 5125 περὶ
750 5049 935 5120 αὐτὸν,
995 5052 1085 5105 καὶ
1143 5050 1331 5107 πολλὰ
1387 5053 1481 5125 μὲν
1532 5054 1887 5129 ἀνῃρηκότων

239 5138 534 5214 ὑποζύγια,
584 5141 657 5201 ὡς
716 5138 773 5194 δὲ
830 5161 958 5217 φασι
1015 5141 1103 5194 καὶ
1173 5142 1506 5215 στρατιώτας
1564 5144 1887 5217 Ῥωμαίους,

234 5231 528 5304 ὁπόσοιτῇ
560 5226 789 5304 παρόδῳ
820 5226 909 5283 διὰ
954 5230 1053 5298 τὴν
1116 5229 1458 5305 συμπίλησιν
1506 5234 1886 5307 προσίσταντο,

231 5319 411 5381 οὕτως
442 5317 590 5390 αὗτῷ
619 5320 655 5388 ἠ
688 5313 872 5388 ἔξοδος
927 5316 1311 5393 διηυμάριστο,
1371 5321 1457 5375 καὶ
1519 5325 1754 5377 σέσωστο
1788 5326 1891 5397 μό-

226 5429 319 5469 νος
361 5406 742 5463 ἀπολωλότων
783 5405 1032 5461 πολλῶν.
1095 5411 1191 5463 Καὶ
1258 5411 1285 5465 ὁ
1334 5410 1427 5482 μὲν
1481 5417 1600 5474 τοῖς
1632 5434 1889 5490 προηγη-

228 5497 480 5569 σαμένοις
518 5495 838 5577 ,συναφθεὶς
898 5495 1169 5571 τάγμασιν
1223 5496 1343 5553 ἔθυε
1402 5504 1614 5575 σῶστρα
1669 5500 1884 5559 Δαυϊδι-

229 5588 342 5644 κῶς
371 5590 449 5657 τῷ
478 5584 566 5641 ἐπὶ
623 5585 727 5651 τήν
780 5581 1017 5660 κεφαλὴν
1074 5584 1236 5642 αὐτοῦ
1292 5589 1428 5643 κατὰ
1477 5590 1569 5644 τὸι
1609 5590 1731 5644 τότε
1783 5593 1883 5647 πό-

236 5671 409 5745 λεμον
486 5669 863 5730 ὲπισκιάσαντι
919 5676 1056 5745 Θεῷ·
1143 5675 1171 5730 6
1229 5673 1285 5731 δὶ
1360 5673 1805 5758 σεϐαστοκράτωρ
1854 5683 1884 5738 ὁ

2005 4698 2092 4752 Ad
2124 4712 2259 4752 eum
2318 4697 2629 4751 adversum
2672 4707 2966 4749 rumorem
3025 4689 3400 4754 abolendum,
3435 4703 3647 4759 paucos

2004 4786 2129 4841 dies
2162 4784 2222 4839 in
2252 4784 2373 4837 illis
2406 4783 2673 4854 partibus
2724 4782 3123 4836 commoratus
3174 4780 3232 4832 in
3299 4777 3500 4831 urbem
3531 4777 3641 4830 im-

2002 4874 2348 4949 peratricem
2380 4873 2842 4937 rediit,infausta
2867 4872 3020 4925 fama
3046 4868 3160 4925 alio
3182 4869 3389 4925 nuntio
3406 4867 3641 4936 abolita,

2002 4980 2177 5035 quem
2208 4962 2334 5034 ipse
2388 4960 2869 5033 Carthaginensis
2907 4959 3209 5015 Hannonis
3248 4956 3512 5030 exemplo
3571 4958 3643 5014 de

2003 5079 2108 5119 sua
2136 5060 2380 5116 victoria
2411 5059 2469 5113 in
2494 5059 2739 5113 urbibus
2772 5057 3171 5129 spargendum
3203 5062 3454 5112 curarat.
3489 5045 3638 5113 563

2000 5154 2279 5207 Caeterum
2334 5162 2519 5218 neque
2577 5146 2781 5201 Hanno
2841 5146 3189 5200 diuturnum
3266 5147 3521 5200 fructum
3577 5160 3647 5199 ex

2000 5238 2355 5296 Musicarum
2385 5237 2580 5291 avium
2640 5241 2813 5291 cantu
2847 5235 3122 5307 percepit,
3154 5251 3303 5306 quas
3361 5251 3394 5289 a
3449 5233 3643 5306 pueris

1998 5327 2363 5384 continenter
2390 5324 2627 5379 edoctae
2682 5329 3028 5379 Hannonem
3088 5338 3216 5379 esse
3271 5324 3444 5377 deum
3495 5320 3638 5376 alias

1998 5416 2110 5472 alio
2164 5412 2586 5478 dimiserat,‘ut
2625 5411 2923 5467 volucrum
2958 5410 3060 5465 illa
3088 5410 3383 5467 cantilena
3415 5409 3632 5482 passim

1997 5503 2332 5569 audiretur;
2365 5517 2496 5556 nam
2531 5517 2664 5557 cum
2696 5498 3636 5566 avolassent,destiteruntcancre

1996 5600 2340 5650 Hannonem
2372 5607 2501 5646 esse
2530 5592 2729 5660 deum,
2788 5596 2844 5645 et
2875 5592 3131 5645 veterem
3165 5603 3332 5642 suam
3392 5585 3635 5641 cantile-

1999 5698 2133 5740 nam
2187 5681 2617 5753 repetiverunt;
2677 5683 2733 5738 et
2790 5678 3112 5747 imperator
3165 5674 3417 5731 victricis
3470 5668 3636 5730 famae
