4098 6292
425 396 542 456 799

1737 385 2058 448 NICETE
2099 385 2519 452 ΟΗΟΝΙΑΤΛΕ

3713 393 3831 456 800

429 529 728 602 gloriolam
748 529 860 582 cito
885 525 1116 582 amisit:
1145 541 1278 580 nam
1304 523 1740 580 interfectorum
1770 522 2076 578 multitudo

2193 524 2398 588 Δούκας
2431 527 2508 596 μή
2557 526 2692 601 βατᾶ
2731 529 2973 604 καθορῶν
3031 529 3094 584 τᾶ
3159 529 3210 584 ἐν
3265 527 3448 602 ὄψεσιν
3477 524 3656 594 ἄλλην
3713 520 3832 579 ἐϐά-

435 623 606 677 urbes
639 623 694 673 et
723 633 890 687 agros
923 616 1080 669 luctu
1116 617 1465 682 complebat.
1504 613 1710 668 Urbem
1775 617 2079 682 ingressus

429 710 611 764 cladis
647 709 802 760 illius
835 705 1031 760 dolore
1064 703 1330 758 nonnihil
1387 704 1456 756 de
1488 703 1797 773 supercilio
1831 701 2073 756 remisit.

427 801 572 856 Nam
606 805 736 852 ante
769 813 890 850 eam
921 793 1734 864 expeditionem,pr0pheticis
1758 791 2078 846 illisverbis

426 891 495 944 ad
531 904 592 944 se
625 883 1102 951 accommodatis,
1138 882 1380 952 putabat
1404 897 1463 936 se
1490 897 1622 936 cum
1657 880 1860 936 laetitia
1890 897 2080 951 egres-

425 993 627 1034 surum
661 981 717 1030 et
749 991 882 1030 cum
919 973 1140 1045 gaudio
1174 971 1603 1044 ingressurum,
1637 977 1694 1024 et
1751 977 1982 1026 montes
2015 987 2080 1024 ac

425 1067 600 1124 colles
628 1081 742 1137 prae
773 1061 1201 1132 exspectatione
1231 1061 1320 1116 sui
1361 1059 1628 1116 hilariter
1660 1065 2074 1126 exsultaturos,

426 1163 484 1212 et
534 1172 740 1211 omnes
797 1155 970 1226 sylvze
1002 1154 1237 1206 arbores
1299 1153 1476 1206 ramis
1505 1151 1616 1206 sibi
1651 1150 2076 1220 applausuras;

428 1263 532 1319 pro
579 1243 841 1318 gramine
911 1255 1256 1314 cupressum
1316 1247 1372 1296 et
1433 1257 1534 1310 pro
1595 1240 1738 1294 rubo
1817 1243 2073 1308 myrtum

427 1333 958 1392 nascitur:1m.Nam
981 1331 1254 1386 absurdis
1285 1331 1355 1384 de
1371 1329 1684 1400 semetipso
1702 1328 2077 1398 opinionibus

425 1427 689 1481 imbutus
723 1440 788 1478 ea
820 1439 943 1492 quae
974 1421 1032 1474 in
1065 1421 1244 1476 animi
1270 1419 1423 1476 566
1479 1419 1874 1490 penetralibus
1923 1417 2076 1472 inse-

427 1517 630 1571 derant
663 1513 1010 1584 proferebat,
1047 1527 1156 1564 non
1191 1511 1263 1564 ob
1301 1510 1530 1576 publica
1582 1515 1783 1562 nostra
1843 1511 2078 1577 peccata

425 1610 480 1658 et
513 1603 610 1656 Dei
663 1600 952 1671 judicium
1015 1600 1086 1652 ab
1146 1599 1422 1652 omnibus
1483 1596 1822 1650 derelictum
1875 1610 2076 1649 aurem

427 1691 658 1748 Domini
694 1705 816 1744 esse
847 1691 1204 1751 obturatum,
1259 1688 1573 1757 quominus
1604 1701 1708 1739 nos
1743 1684 1992 1751 audiret,
2025 1690 2078 1738 et

427 1781 640 1854 populo
659 1779 842 1834 stulto
872 1782 930 1832 et
953 1778 1200 1832 barbaro
1225 1792 1328 1830 nos
1347 1775 1730 1846 ﬂagellandos
1745 1789 1870 1829 esse
1889 1775 2076 1838 datos,

429 1871 528 1927 sed
561 1885 764 1941 poenas
797 1867 1027 1922 dedisse
1057 1865 1416 1933 defectionis,
1449 1866 1603 1934 quod
1637 1865 1886 1918 Branam
1913 1879 2076 1917 secu-

427 1959 473 2017 ti
502 1964 694 2016 essent
727 1959 764 2012 ii
792 1957 892 2028 qui
923 1956 1190 2012 hostibus
1219 1956 1426 2028 praedae
1458 1955 1727 2009 fuissent.
1761 1952 1804 2007 0
1837 1951 2077 2007 diaboli-

427 2066 526 2105 cas
584 2047 969 2119 cogitationes
1029 2049 1084 2101 et
1139 2044 1578 2114 inspirationes,
1639 2042 1690 2097 si
1779 2039 2077 2097 nonnullis

425 2137 792 2212 principibus
826 2150 1172 2206 persuasum
1204 2138 1293 2188 est
1315 2133 1502 2187 multa
1533 2132 1760 2203 piorum
1787 2131 1970 2187 millia
2001 2131 2072 2188 ob

424 2229 830 2300 qualecunque
853 2225 910 2278 in
945 2239 1043 2278 eos
1075 2223 1352 2278 delictum
1385 2221 1779 2293 sanguinariis
1801 2221 2075 2292 gentibus

429 2317 624 2374 ovium
659 2316 840 2370 instar
863 2315 933 2370 ad
960 2313 1176 2370 caedem
1205 2317 1262 2368 et
1281 2313 1740 2368 internecionem
1773 2312 2074 2378 dedi.Quis

426 2415 582 2472 enim
605 2413 964 2485 lacrymosus
984 2413 1271 2486 Jeremias
1293 2411 1434 2468 satis
1452 2411 1714 2481 deploret
1738 2426 1837 2466 eos
1861 2410 1962 2482 qui
1981 2426 2076 2466 ca-

430 2503 800 2576 piuntur,qui
831 2503 1176 2559 occiduntur
1208 2503 1307 2572 qui
1341 2501 1402 2556 in
1433 2501 1786 2572 longinquas
1808 2501 2074 2572 regiones

427 2595 784 2660 venduntur,
809 2610 906 2648 eas
938 2591 1252 2663 praesertim
1287 2592 1346 2646 in
1379 2591 1593 2662 quibus
1623 2589 1837 2646 Christi
1861 2605 2074 2646 nomen

426 2700 538 2738 non
573 2683 874 2738 invocatur
899 2682 927 2736 ‘I
949 2697 1134 2752 neque
1155 2680 1251 2736 illa
1271 2680 1582 2736 insolentia
1605 2683 1935 2747 contentus,
1955 2695 2076 2735 mo-

424 2773 726 2830 narchiam
759 2773 830 2828 de
855 2789 917 2828 se
943 2773 1202 2843 jactabat
1232 2776 1290 2827 et
1321 2787 1460 2843 opes
1521 2769 1784 2842 gentium
1809 2777 1866 2826 et
1893 2768 2076 2826 Palae-

425 2863 593 2918 stinaa
621 2863 1024 2919 liberationem
1068 2867 1126 2916 et
1165 2861 1362 2934 glorise
1422 2860 1626 2916 Libani
1683 2859 2074 2931 adeptionem,

427 2959 484 3009 et
510 2953 940 3024 Ismaelitarum
977 2951 1127 3006 ultra
1183 2950 1540 3022 Euphratem
1599 2949 1843 3004 fluvium
1876 2949 2078 3020 proﬂi-

429 3043 750 3114 gationem,
783 3047 840 3097 et
869 3041 1246 3098 barbararum
1287 3041 1548 3110 gentium
1583 3038 1842 3110 undique
1877 3038 2075 3108 depul-

427 3131 674 3186 sionem.
709 3129 1059 3200 Adjiciebat,
1098 3145 1247 3200 quos
1275 3133 1402 3184 tum
1435 3128 1618 3184 duces
1649 3127 1962 3182 habiturus
1987 3143 2074 3181 es-

429 3225 542 3286 set,
563 3236 660 3275 eos
693 3235 808 3274 non
841 3220 958 3273 fore
990 3217 1196 3273 nostris
1227 3217 1476 3284 similes,
1508 3217 1609 3272 sed
1643 3232 1938 3271 summam
1971 3233 2070 3286 po-

2187 609 2350 682 δισεν,
2403 615 2609 688 ἀγαθοῦ
2689 639 2832 678 τινος
2911 618 3183 691 ἡγεμόνος
3239 617 3568 690 εὐπορήσας,
3631 617 3686 668 ὅν
3743 620 3835 669 τοῦ

2184 704 2302 756 κατ’
2333 703 2496 758 αὐτόν
2553 727 2636 766 τις
2699 707 3097 780 στρατεύματος
3173 701 3440 772 temeri/5
3481 703 3720 776 τοῦνομα
3783 705 3838 758 ἐκ

2183 796 2278 844 τοῦ
2377 799 2485 847 τῶν
2595 791 2886 868 Βαρϐάρων
2953 795 3231 871 τάγματος
3307 792 3837 865 προσδιαλεξάμενος

2182 879 2543 954 ἒπεσπάσατο,
2592 886 2682 938 καὶ
2737 883 2808 938 δι’
2869 886 3074 954 ἐκείνης
3134 885 3428 958 ἀπείρατος
3496 883 3690 953 ἐξῆλθε
3744 903 3838 936 κα-

2183 976 2306 1028 κοῦ.
2351 970 2614 1035 Βασιλεὺς
2649 971 2705 1028 δὲ
2737 971 2825 1028 διὰ
2867 979 2962 1028 τοῦ
3003 973 3300 1050 λεγομένου
3355 977 3434 1046 [Ρ.
3497 975 3624 1046 286]
3685 979 3835 1042 Κρη-

2183 1064 2279 1114 νοῦ
2304 1062 2442 1135 πρὸς
2475 1063 2572 1131 τήν
2607 1063 2848 1140 Βερῥόην
2905 1065 3212 1127 ἀποσωθεὶς
3249 1062 3368 1134 εῦρε
3421 1064 3522 1130 τὴν
3579 1061 3838 1135 προεξελ-

2185 1155 2376 1214 θοῦσαν
2445 1151 2670 1216 ἀπαθῶς
2729 1153 2979 1227 στρατιὰν
3047 1153 3146 1208 οὐκ
3203 1153 3379 1229 ἀγαθά
3429 1153 3841 1231 φανταζομένην

2181 1238 2306 1314 περὶ
2366 1239 2578 1294 ἑαυτοῦ·
2667 1239 3006 1316 διεθρυλεῖτο
3065 1243 3168 1316 γὰρ
3241 1242 3315 1303 ὠς
3381 1243 3470 1296 καὶ
3533 1241 3694 1301 αὐτὸς
3761 1245 3842 1312 τῷ

2187 1330 2370 1399 λοιπῷ
2401 1328 2786 1384 συναπολώλει
2845 1331 3227 1406 στρατεύματι.
3291 1329 3386 1384 Διά
3435 1335 3563 1403 γοῦν
3625 1330 3688 1382 τὸ
3743 1336 3844 1397 τῆς

2183 1421 2376 1496 φήμης
2437 1417 2691 1495 ἄγνωμον
2753 1422 2780 1476 6
2851 1419 3104 1497 βασιλεὺς
3162 1421 3357 1494 ὀλίγας
3443 1420 3652 1495 ἡμέρας
3721 1426 3844 1482 τοῖς

2181 1505 2292 1562 ἐκεῖ
2321 1529 2426 1562 που
2475 1505 2901 1584 προσδιατρίψος
2964 1509 3150 1583 μέρεσι
3206 1511 3342 1584 πρὸς
3401 1511 3499 1578 τὴν
3563 1515 3673 1564 τῶν
3741 1511 3845 1563 πόα

2183 1594 2322 1650 λεων
2375 1595 2616 1652 ἐπάνεισι
2689 1596 2967 1673 βασιλίδα.
3025 1600 3086 1654 Ἦ
3151 1599 3332 1672 μέντοι
3389 1600 3690 1654 ἀπευκταῖα
3719 1599 3846 1674 περὶ

2183 1690 2281 1740 τοῦ
2321 1691 2646 1760 κρατοῦντος
2703 1685 2906 1760 ᾅδουσα
2971 1690 3128 1764 φήμη
3177 1690 3260 1766 ὑφ’
3337 1688 3520 1763 ἑτέρας
3577 1687 3843 1765 ἀγγελίας

2183 1773 2667 1849 παρηυδοκίμητο,
2727 1778 2787 1845 ἢν
2849 1777 3128 1851 πτερώσας
3213 1778 3240 1832 6
3329 1777 3592 1851 βασιλεὺς
3669 1777 3848 1854 ἀφῆκε

2186 1865 2323 1918 κατά
2349 1865 2442 1920 τὸν
2501 1863 2878 1940 Καρχηδόνιον
2915 1867 3158 1922 Ἀννωνα
3219 1867 3314 1930 τὰς
3343 1866 3536 1928 πόλεις
3587 1865 3842 1922 ἐπιοῦσαν

2184 1954 2415 2023 νικητήν
2477 1951 2633 2008 αὑτὸν
2682 1953 3051 2030 ἀναγορεύειν,
3115 1953 3271 2012 Ἀλλ’
3320 1956 3444 2011 οὔτε
3483 1957 3689 2012 Ἀννων
3757 1954 3844 2010 ἐπὶ

2185 2041 2329 2097 πολὺ
2387 2044 2641 2098 ἀπώνατο
2691 2051 2790 2112 τῆς
2845 2049 2952 2098 τῶν
2995 2042 3210 2117 ᾠδικῶν
3272 2045 3498 2120 ὀρνίθων
3533 2043 3843 2118 συλλογῆς,

2221 2125 2247 2148 ν
2419 2129 2432 2146 ε
2509 2129 2523 2146 κ
2573 2125 2658 2184 δδ
2699 2149 2709 2159 .
2787 2135 2814 2146 ~
3009 2129 3020 2143 κ
3137 2152 3147 2166 .
3547 2128 3561 2150 ν
3637 2137 3659 2154 ν
3739 2153 3751 2166 ς

2187 2147 2278 2187 ους
2306 2149 2442 2200 μετα
2468 2149 2532 2183 το
2611 2151 2624 2181 ι
2663 2140 2906 2204 αχθηναι
2941 2126 3030 2183 δια
3065 2128 3468 2204 μειρακυλλίων
3529 2151 3604 2194 ως
3660 2136 3843 2186 Ανδων

2183 2227 2302 2288 θεὸς
2369 2223 2675 2302 ἐνδελεχῶς
2731 2227 3197 2302 παρακαθημένων
3251 2229 3442 2290 αὑτοῖς
3515 2229 3606 2282 καὶ
3679 2233 3845 2282 τοῦτο

2187 2311 2617 2371 ὑποϐαλλόντων
2673 2317 2750 2370 αεὶ
2807 2317 3037 2388 μάθημα
3095 2315 3352 2390 διαφῆκεν
3383 2315 3588 2372 ἄλλοσε
3646 2315 3846 2388 ἄλλον,

2185 2403 2260 2466 ὠς
2285 2406 2568 2480 ἁπανταχῇ
2605 2402 2897 2481 διαρῥεύσῃ
2939 2406 3000 2460 τὸ
3061 2407 3194 2480 ὑπὲρ
3234 2407 3402 2460 αύτοῦ
3439 2411 3550 2460 τῶν
3613 2407 3842 2482 ὀρνίθων

2188 2493 2378 2568 μέλος
2413 2493 2670 2556 λύσαντες
2707 2495 2809 2570 γὰρ
2865 2497 2928 2550 τὸ
2991 2497 3186 2571 πτερὸν
3229 2493 3408 2550 ούκὲτι
3441 2499 3651 2552 ’Ἄννων
3705 2493 3840 2569 ᾖδον

2186 2583 2326 2652 θεὸς,
2381 2581 2528 2638 ἀλλὰ
2597 2583 2663 2638 τὰ
2716 2587 2823 2638 τῶν
2881 2583 3108 2658 ὀρνίθων
3165 2583 3254 2637 καὶ
3318 2583 3483 2639 πάλιν
3540 2585 3846 2659 ἐμουσούρ-

2184 2694 2315 2748 γοῦν
2351 2674 2424 2734 ὠς
2478 2673 2762 2748 πρότερον·
2809 2675 2934 2730 οὕτε
2991 2675 3098 2746 μὴν
3157 2675 3183 2728 6
3219 2673 3475 2748 βασιλεὺς
3517 2675 3572 2736 ἒς
3629 2676 3840 2748 μακρὸν

2185 2771 2286 2834 τῆς
2345 2761 2638 2839 εὒαγγέλου
2698 2765 2890 2840 φήμης
2969 2763 3292 2820 ἀπέλαυσεν·
3380 2767 3414 2833 ἡ
3473 2763 3576 2839 γὰρ
3635 2769 3847 2828 πτῶσις

2182 2851 2626 2928 πολυάνθρωπος
2683 2851 2948 2928 γενομένη
3023 2854 3119 2915 τὰς
3173 2851 3365 2915 πόλεις
3451 2852 3844 2928 ἐπιστεναχού-

2185 2965 2278 3005 σας
2329 2941 2536 2998 ἱδείκνυ
2591 2943 2683 2998 καὶ
2765 2942 2894 3007 τοὺς
2981 2945 3180 3019 ἀγροὺς
3239 2949 3428 3018 κῶμον
3482 2946 3848 3018 κωμάζοντας

2187 3035 2397 3112 ἄγριον.
2441 3037 2642 3092 Εἷσιὼν
2701 3034 2758 3092 δὲ
2805 3039 2904 3106 τήν
2943 3042 3052 3092 τῶν
3108 3034 3323 3092 πόλεων
3377 3036 3650 3113 ἃρχουσαν
3711 3038 3851 3093 ὑπε-

2185 3123 2397 3197 χάλασὲ
2425 3146 2476 3178 τι
2509 3124 2698 3199 λικρὸν
2747 3133 2847 3194 τῆς
2914 3125 3139 3203 ὀφρύος,
3189 3126 3278 3180 καὶ
3311 3127 3376 3194 ἦν
3427 3126 3516 3180 ἐπὶ
3546 3131 3664 3188 τοῖς
3697 3147 3847 3202 συμ-

2186 3207 2448 3283 ϐεϐηκόσι
2505 3214 2722 3274 τούτοις
2783 3209 3132 3288 δακνόμενος,
3195 3215 3392 3288 Πρώην
3443 3211 3500 3268 δὲ
3559 3213 3671 3290 οὐχ
3697 3212 3846 3270 οὕτω

431 3280 670 3362 tentiam
703 3306 1006 3361 habituros
1065 3313 1118 3359 et
1179 3305 1414 3360 divitias
1462 3280 1726 3375 gentium
1779 3280 2070 3359 comestu-

2185 3280 2436 3374 διέκειτο,
2491 3303 2620 3360 ἀλλ’
2669 3305 2917 3380 ἀπαίρων
2953 3280 3111 3360 ’κατὰ
3169 3280 3488 3380 Βαρϐάρων,
3534 3307 3601 3360 τὰ
3631 3280 3848 3386 προφη-

428 3411 526 3450 ros
557 3395 706 3451 567
757 3398 813 3448 et
843 3392 1215 3465 pinguedinis
1246 3409 1446 3448 eorum
1508 3391 1796 3448 medullas
1849 3391 2072 3448 exhau-

427 3487 615 3552 turos,
646 3483 884 3554 regibus
915 3489 972 3537 et
1003 3482 1300 3554 toparchis
1323 3481 1664 3538 auctoritate
1685 3485 1742 3538 et
1759 3481 2073 3552 splendore

431 3572 743 3628 similes.ln
777 3570 1118 3642 hujusmodi
1147 3571 1398 3643 ineptias
1421 3569 1715 3642 impulsus
1733 3575 1823 3626 est
1843 3587 1876 3625 a
1905 3570 2074 3626 vanis

431 3661 794 3730 hominibus,
827 3661 928 3732 qui
963 3665 1161 3716 nostra
1179 3660 1356 3716 etiam
1388 3663 1556 3715 aelate
1589 3659 1868 3732 vigent,et
1900 3659 2073 3714 veluti

429 3751 602 3806 tineas
643 3750 997 3805 vanitatibus
1055 3749 1186 3805 istis
1245 3749 1548 3822 ingenium
1607 3750 1734 3820 ejus
1791 3765 2072 3805 novarum

431 3855 622 3895 rerum
679 3840 908 3894 avidum
941 3839 1219 3894 subibant
1251 3843 1308 3894 et
1337 3839 1693 3906 erodebant;
1731 3844 1832 3894 aut
1859 3838 2072 3911 potius,

431 3945 494 3993 ut
526 3939 777 3994 nutrices
811 3938 1094 3993 infantem
1156 3939 1214 3993 in
1277 3938 1448 3992 cunis
1506 3937 1819 4002 collocant,
1846 3937 1929 3993 ita
1987 3937 2074 3992 illi

427 4029 624 4100 ipsum
659 4029 730 4083 url
781 4027 1106 4084 socordiam
1165 4033 1222 4082 et
1277 4027 1574 4100 ignaviam
1617 4028 1740 4082 suis
1775 4028 1988 4084 fabulis
2021 4031 2076 4081 et

429 4117 774 4172 commentis
803 4117 1378 4188 impellebant,quasi
1402 4133 1536 4173 vero
1555 4117 1682 4187 ipso
1697 4115 2076 4183 dormitante,

431 4222 564 4263 cum
601 4205 792 4262 fatalis
823 4206 968 4261 hora
1005 4206 1455 4278 instaret,regua
1476 4207 1536 4261 in
1569 4205 1697 4276 ejus
1729 4208 2074 4276 potestatem

433 4294 583 4350 ultro
616 4311 822 4350 casura
854 4299 1068 4358 essent,
1103 4295 1604 4366 quemadmodum
1643 4297 1862 4350 veteres
1879 4293 2072 4349 Timo-
2111 4296 2114 4300 ’

430 4384 628 4439 theam
664 4381 976 4456 pinxerunt
1005 4383 1389 4440 dormientem
1425 4383 1662 4438 fortuna
1693 4381 1926 4438 interim
1961 4383 2074 4437 cir-

432 4478 746 4532 cumeunte
777 4479 834 4528 et
859 4475 1032 4528 urbes
1063 4473 1120 4526 in
1149 4488 1328 4527 unum
1364 4476 1480 4527 rete
1511 4475 1842 4527 contractas
1872 4472 1922 4526 ei
1953 4475 2074 4527 tra-

433 4557 624 4612 dente.
659 4555 726 4610 Et
757 4556 908 4628 quod
945 4555 1134 4624 magis
1171 4553 1420 4619 mireris,
1448 4552 1820 4608 asseverabat
1849 4553 2074 4607 Andro-

433 4645 629 4700 nicum
683 4644 1070 4708 Comnenum,
1129 4657 1304 4713 quem
1365 4641 1492 4712 ipse
1543 4640 1785 4711 imperio
1841 4640 2074 4712 pulsum

435 4733 840 4790 miserabiliter
871 4733 1286 4789 trucidandum
1319 4733 1572 4795 curarat,
1627 4745 1832 4785 novem
1893 4745 2080 4786 annos

433 4825 493 4878 in
545 4825 787 4894 imperio
820 4829 1156 4880 exacturum
1193 4821 1392 4890 fuisse,
1444 4821 1557 4877 nisi
1617 4838 1650 4876 a
1681 4821 1796 4877 Deo
1848 4831 2083 4894 propter

433 4923 864 4994 improbitatem
921 4923 1078 4980 illius
1133 4924 1202 4978 ad
1235 4922 1551 4978 triennium
1587 4921 1736 4978 568
1800 4921 2079 4978 contracti

437 5017 654 5076 essent,
681 5017 736 5067 et
760 5029 857 5068 sex
879 5013 1038 5068 illius
1069 5014 1230 5082 anni,
1258 5019 1538 5085 tanquam
1571 5012 1749 5084 panni
1787 5028 2078 5084 purpura»,

435 5117 544 5156 suo
577 5100 820 5170 imperio
852 5101 1063 5173 adjecti
1091 5121 1110 5166 ,-
1141 5103 1354 5172 quibus
1405 5118 1520 5157 non
1554 5103 1792 5158 omnino
1825 5101 2081 5157 clemens

437 5196 494 5246 et
554 5189 887 5244 moderatus
947 5189 1178 5246 futurus
1239 5195 1412 5258 esset,
1445 5206 1634 5262 neque
1689 5190 2082 5246 beneﬁcentia:

437 5279 720 5334 rationem
759 5277 975 5348 ubique
996 5277 1549 5352 habiturus,quippe
1577 5296 1709 5335 cum
1743 5296 1775 5335 a
1801 5279 2080 5335 maleﬁcia

439 5367 611 5423 annis
643 5365 954 5422 Andronici
989 5367 1058 5422 ad
1100 5365 1257 5422 illius
1281 5375 1544 5423 naturam
1569 5385 1672 5440 per
1691 5368 1808 5424 vim
1829 5369 2080 5424 trahere-

435 5463 550 5514 tur.
588 5457 810 5523 Quibus
871 5456 1064 5510 verbis
1109 5472 1181 5512 an
1242 5458 1534 5512 excusarit
1585 5459 1980 5514 Andronicum
2015 5463 2080 5512 ut

437 5547 718 5603 maleficis
773 5546 1138 5617 temporibus
1169 5545 1415 5617 imperio
1451 5547 1720 5617 potitum,
1754 5553 1810 5602 et
1843 5549 1944 5602 fati
1977 5564 2074 5602 ne-

431 5639 765 5696 cessitatem
827 5641 890 5691 ut
947 5636 1186 5708 quidam
1229 5653 1297 5692 ex
1354 5638 1562 5692 Graecis
1619 5639 1894 5708 probarit,
1945 5639 2078 5695 aliis

428 5729 819 5805 judicandum
878 5727 1168 5801 relinquo.
1233 5728 1550 5802 Postquam
1603 5745 1736 5787 vero
1783 5747 1882 5788 sex
1938 5729 2077 5787 anni

2176 3394 2300 3447 τικά
2349 3393 2523 3448 ἐκεῖνα
2579 3393 2657 3455 εἷς
2713 3394 2898 3448 ἑαυτὸν
2961 3393 3327 3471 ἐφελκόμενος
3389 3395 3634 3470 ῥήματα,
3703 3395 3843 3467 ᾣετο

2177 3482 2229 3538 ἓν
2305 3481 2605 3556 εὐφροσύνῃ
2685 3481 3051 3553 ἓξελεύσεσθαι
3125 3483 3219 3538 καὶ
3319 3485 3452 3556 μετὰ
3541 3492 3842 3560 χαρμονῆς

2179 3569 2599 3639 εἰσελεύσεσθαι,
2658 3571 2749 3626 καὶ
2807 3572 2882 3634 ὠς
2939 3572 3005 3628 τὰ
3059 3569 3160 3648 ὅρη
3219 3573 3306 3626 καὶ
3367 3573 3419 3626 οἱ
3474 3573 3660 3648 βουνοὶ
3719 3573 3843 3644 ἔξα-

2180 3657 2405 3714 λοῦνται
2459 3657 2901 3735 προσδεχόμενοι
2961 3661 3120 3716 αὐτὸν
3175 3661 3225 3716 ἐν
3279 3665 3444 3736 χαρᾷ,
3511 3661 3600 3716 καὶ
3667 3663 3838 3718 πάντα

2177 3751 2246 3805 τὰ
2304 3749 2440 3820 ξύλα
2487 3754 2584 3805 τοῦ
2617 3747 2826 3826 δρυμοῦ
2875 3751 3224 3826 ἒπικροτήσει
3265 3756 3380 3814 τοῖς
3429 3749 3680 3821 κλάδοις,
3742 3753 3838 3808 καὶ

2185 3847 2302 3902 ἀντὶ
2361 3842 2590 3913 στοι6ἦς
2646 3843 2974 3918 ἀναϐήσεται
3025 3850 3381 3924 κυπάρισσος,
3434 3849 3548 3903 ἀντὶ
3589 3846 3644 3902 δὲ
3703 3851 3839 3902 κνύ-

2183 3941 2279 4006 ζης
2332 3931 2660 4007 ἀναϐήσεται
2721 3937 2978 4012 μυρρίνη,
3031 3937 3146 3992 ἐπεὶ
3197 3938 3287 3992 καὶ
3345 3937 3669 3998 ἀλλοκότοις
3731 3935 3834 3992 δό-

2181 4023 2314 4094 ξαις,
2367 4025 2491 4098 περὶ
2541 4025 2735 4079 ἑαυτοῦ
2793 4025 3214 4101 συγκεκρότητο,
3271 4027 3364 4081 καὶ
3439 4023 3710 4088 πολλάκις
3767 4027 3838 4080 τὰ

2181 4111 2233 4168 ἓν
2269 4117 2435 4188 μυχῷ
2466 4112 2716 4187 καριδίας
2767 4113 3218 4188 ἐπηλυγαζόμενα
3277 4114 3512 4193 ἐκφέρων
3545 4114 3838 4194 ἐφθέγγετο

2185 4203 2260 4274 μὴ
2321 4200 2407 4255 διὰ
2465 4203 2529 4256 τά
2587 4207 2784 4266 κοινῶς
2844 4203 2931 4280 ὕφ’
2989 4207 3149 4277 ἡμῶν
3211 4205 3575 4279 ἡμαρτημένα
3627 4205 3718 4258 καὶ
3777 4207 3838 4260 τὸ

2182 4295 2313 4346 Θεοῦ
2367 4291 2540 4364 κρίσιν
2600 4291 2800 4353 πάντας
2857 4290 3177 4346 καταλιπεῖν
3254 4293 3582 4368 βαρυνθῆναι
3631 4295 3692 4347 τὸ
3747 4295 3835 4354 οὓς

2181 4379 2386 4454 Κυρίου
2427 4384 2524 4434 τοῦ
2557 4381 2634 4452 μὴ
2669 4379 2880 4436 ἀκούειν
2935 4383 3092 4454 ἡμῶν
3140 4382 3232 4435 καὶ
3279 4377 3658 4453 παραδοθῆναι
3690 4385 3834 4457 ἡμᾶς

2182 4467 2257 4528 εἷς
2293 4471 2627 4544 μαστίγωσιν
2653 4466 2772 4540 λαῷ
2803 4475 2976 4546 μωρῷ
3005 4471 3094 4525 καὶ
3153 4471 3286 4545 οὐχὶ
3327 4475 3500 4548 σοφῷ,
3545 4470 3694 4526 ἀλλά
3754 4471 3828 4526 τί·

2179 4577 2364 4620 νοντας
2396 4556 2552 4629 δίκην
2583 4562 2680 4612 τοῦ
2717 4559 2896 4614 ὀπίσω
2925 4563 3022 4613 τοῦ
3079 4561 3261 4632 Βρανᾶ
3317 4567 3654 4634 πορευθῆναι
3703 4563 3832 4616 ἀπο-

2111 4649 2155 4712 Ι)
2190 4646 2402 4702 στασίαν
2461 4651 2576 4702 κατ’
2635 4650 2801 4702 αὐτοῦ
2891 4651 3224 4719 νοσήσαντος
3303 4649 3575 4711 τοιούτοις
3635 4646 3826 4704 ἐκδεδό-

2145 4737 2314 4790 ·σθαι
2367 4736 2496 4799 τοὺς
2551 4738 3062 4810 προνομευομένους
3146 4742 3356 4798 κακοῖς.

3443 4741 3511 4791 ”Ω
3579 4742 3690 4793 τῶν
3737 4733 3815 4788 τοῦ

2191 4830 2441 4902 πονηροῦ
2473 4827 2802 4900 σκεμμάτων
2833 4847 2890 4882 τε
2949 4826 3039 4882 καὶ
3109 4826 3484 4905 ὑφηγημάτων
3529 4829 3541 4884 1
3605 4828 3653 4882 εἰ
3696 4825 3817 4880 οὓτω

2191 4921 2298 4971 τῶν
2359 4917 2639 4996 ἀρχόντων
2699 4918 2837 4980 τινὶς
2891 4917 3278 4995 ὑπειλήφασιν,
3311 4915 3385 4980 ὠς
3450 4915 3686 4974 εὐσεϐῶν
3736 4938 3827 4990 μυ·

2193 5003 2380 5080 ριάδας
2429 5012 2528 5076 τῆς
2585 5007 2877 5060 ὁποιασοῦν
2912 5006 3014 5060 ὑπό
3063 5027 3209 5068 τινος
3255 5005 3430 5060 αὐτῶν
3463 5009 3836 5081 παροινῆσεως

2191 5103 2552 5180 ἀντάλλαγμα
2609 5105 2697 5159 καὶ
2757 5105 3058 5180 ἀντίψυχον
3102 5102 3385 5160 ἐκδίδωσιν
3415 5107 3442 5160 6
3497 5107 3626 5168 Θεὸς
3661 5125 3840 5179 συγκι-

2189 5200 2426 5266 νηθεῖσιν
2485 5191 2651 5249 ἔθνεσι
2710 5194 2798 5249 καὶ
2883 5195 2957 5259 ὡς
3012 5189 3260 5268 πρόϐατα
3317 5201 3524 5270 σφαγῆς
3586 5193 3842 5266 παρίησιν

2191 5282 2386 5346 αὐτοὺς
2428 5282 2721 5358 ἀπάγεσθαί
2779 5304 2838 5338 τε
2903 5283 2992 5337 καὶ
3053 5282 3491 5340 ἀποκτείνεσθαι.
3563 5282 3659 5346 Τίς
3739 5281 3842 5358 γὰρ

2188 5374 2456 5448 Ἱερεμίας
2487 5370 2836 5445 πολύδακρυς
2881 5373 3172 5448 ἐθρήνησεν
3234 5371 3294 5428 ἄν
3353 5372 3664 5446 ἀρκούντως
3717 5371 3846 5432 τοὺς

2188 5460 2800 5540 αἱχμαλωτιζομένους,
2857 5463 2986 5523 τοὺς
3073 5461 3520 5536 ἀναιρουμένους,
3585 5459 3712 5522 τοὺς
3769 5459 3848 5521 εἷς

2188 5554 2284 5616 τὰς
2336 5551 2670 5628 πορρωτέρω
2723 5553 2912 5628 χώρας
2973 5547 3426 5623 ἀποδιδομένους,
3485 5551 3574 5604 καὶ
3631 5550 3844 5604 τούτων

2188 5641 2452 5721 ἐφ”ὁσαις
2493 5641 2554 5696 τὸ
2608 5646 2704 5696 τοῦ
2762 5643 3000 5716 Χριστοῦ
3071 5643 3146 5714 μή
3201 5638 3556 5710 ἐπικέκληται
3619 5638 3848 5712 ὅνομας

2188 5729 2266 5793 Οὐ
2295 5735 2464 5787 ταῦτα
2495 5729 2552 5786 δὶ
2584 5732 2748 5807 μόνον
2789 5727 2999 5804 διεξιών
3045 5731 3132 5802 ἦν,
3191 5728 3320 5787 ἀλλ’
3387 5727 3468 5784 ὅτι
3501 5729 3590 5784 καὶ
3642 5747 3848 5806 μοναρ.
