  <div class='ocr_page' id='page_1' title='image "/cluster/home/n/w/nwhite01/storage/ocr_20150623/139/mdp.39015078384214/410.png"; bbox 0 0 4098 6292; ppageno 0'>
   <div class='ocr_carea' id='block_1_1' title="bbox 299 363 1959 430">
    <p class='ocr_par' dir='ltr' id='par_1_1' title="bbox 299 366 1959 428">
     <span class='ocr_line' id='line_1_1' title="bbox 299 366 1959 428; baseline -0.001 -2"><span class='ocrx_word' id='word_1_1' title='bbox 299 367 416 428; x_wconf 75' lang='grc'>801</span> <span class='ocrx_word' id='word_1_2' title='bbox 1436 367 1534 426; x_wconf 86' lang='lat' dir='ltr'><strong>DE</strong></span> <span class='ocrx_word' id='word_1_3' title='bbox 1578 366 1888 428; x_wconf 83' lang='lat' dir='ltr'>ISAACIO</span> <span class='ocrx_word' id='word_1_4' title='bbox 1928 367 1959 424; x_wconf 74' lang='grc' dir='ltr'><em>Α</em></span> 
     </span>
    </p>
   </div>
   <div class='ocr_carea' id='block_1_2' title="bbox 2070 363 3718 430">
    <p class='ocr_par' dir='ltr' id='par_1_2' title="bbox 2070 363 3718 430">
     <span class='ocr_line' id='line_1_2' title="bbox 2070 363 3718 430; baseline 0.003 -6"><span class='ocrx_word' id='word_1_5' title='bbox 2070 365 2242 426; x_wconf 76' lang='lat' dir='ltr'>iELO</span> <span class='ocrx_word' id='word_1_6' title='bbox 2285 365 2413 426; x_wconf 89' lang='lat' dir='ltr'>LIB</span> <span class='ocrx_word' id='word_1_7' title='bbox 2426 409 2440 424; x_wconf 95' lang='lat'>.</span> <span class='ocrx_word' id='word_1_8' title='bbox 2488 363 2596 425; x_wconf 88' lang='grc' dir='ltr'>ΙΙῐ.</span> <span class='ocrx_word' id='word_1_9' title='bbox 3599 369 3718 430; x_wconf 77' lang='grc'>802</span> 
     </span>
    </p>
   </div>
   <div class='ocr_carea' id='block_1_3' title="bbox 304 496 1959 575">
    <p class='ocr_par' dir='ltr' id='par_1_3' title="bbox 304 496 1957 575">
     <span class='ocr_line' id='line_1_3' title="bbox 304 496 1957 575; baseline 0.001 -22"><span class='ocrx_word' id='word_1_10' title='bbox 304 501 434 574; x_wconf 80' lang='grc' dir='ltr'>χίαν</span> <span class='ocrx_word' id='word_1_11' title='bbox 468 496 867 574; x_wconf 75' lang='grc' dir='ltr'>περιϐαλεῖται,</span> <span class='ocrx_word' id='word_1_12' title='bbox 901 497 990 553; x_wconf 86' lang='grc' dir='ltr'>καὶ</span> <span class='ocrx_word' id='word_1_13' title='bbox 1023 496 1253 568; x_wconf 86' lang='grc' dir='ltr'>θηλάσει</span> <span class='ocrx_word' id='word_1_14' title='bbox 1293 501 1436 575; x_wconf 86' lang='grc' dir='ltr'>γάλα</span> <span class='ocrx_word' id='word_1_15' title='bbox 1483 502 1676 570; x_wconf 66' lang='grc' dir='ltr'>ἐθνῶν,</span> <span class='ocrx_word' id='word_1_16' title='bbox 1727 500 1818 554; x_wconf 80' lang='lat' dir='ltr'>xui</span> <span class='ocrx_word' id='word_1_17' title='bbox 1868 499 1957 554; x_wconf 81' lang='grc' dir='ltr'>αύ-</span> 
     </span>
    </p>
   </div>
   <div class='ocr_carea' id='block_1_4' title="bbox 2070 496 3718 575">
    <p class='ocr_par' dir='ltr' id='par_1_4' title="bbox 2077 498 3718 572">
     <span class='ocr_line' id='line_1_4' title="bbox 2077 498 3718 572; baseline 0.004 -18"><span class='ocrx_word' id='word_1_18' title='bbox 2077 501 2504 572; x_wconf 85' lang='lat' dir='ltr'>praeterierunt,</span> <span class='ocrx_word' id='word_1_19' title='bbox 2537 516 2645 555; x_wconf 92' lang='lat' dir='ltr'>suo</span> <span class='ocrx_word' id='word_1_20' title='bbox 2675 498 2936 570; x_wconf 75' lang='lat' dir='ltr'>exemplo</span> <span class='ocrx_word' id='word_1_21' title='bbox 2959 499 3376 557; x_wconf 81' lang='lat' dir='ltr'>demonstravit</span> <span class='ocrx_word' id='word_1_22' title='bbox 3395 518 3508 558; x_wconf 91' lang='lat' dir='ltr'>non</span> <span class='ocrx_word' id='word_1_23' title='bbox 3535 522 3718 561; x_wconf 90' lang='lat' dir='ltr'>anno-</span> 
     </span>
    </p>
   </div>
   <div class='ocr_carea' id='block_1_5' title="bbox 309 586 1959 662">
    <p class='ocr_par' dir='ltr' id='par_1_5' title="bbox 309 586 1959 662">
     <span class='ocr_line' id='line_1_5' title="bbox 309 586 1959 662; baseline 0 -18"><span class='ocrx_word' id='word_1_24' title='bbox 309 590 402 650; x_wconf 83' lang='grc' dir='ltr'>τὸς</span> <span class='ocrx_word' id='word_1_25' title='bbox 436 588 630 643; x_wconf 86' lang='grc' dir='ltr'>ἐσεῖται</span> <span class='ocrx_word' id='word_1_26' title='bbox 681 590 783 658; x_wconf 70' lang='grc' dir='ltr'>τὴν</span> <span class='ocrx_word' id='word_1_27' title='bbox 832 587 1196 659; x_wconf 79' lang='grc' dir='ltr'>Παλαιστίνην</span> <span class='ocrx_word' id='word_1_28' title='bbox 1247 586 1544 662; x_wconf 75' lang='grc' dir='ltr'>ἐλευθερῶν</span> <span class='ocrx_word' id='word_1_29' title='bbox 1591 591 1680 645; x_wconf 83' lang='grc' dir='ltr'>καὶ</span> <span class='ocrx_word' id='word_1_30' title='bbox 1732 591 1829 659; x_wconf 74' lang='grc' dir='ltr'>τὴν</span> <span class='ocrx_word' id='word_1_31' title='bbox 1877 586 1959 644; x_wconf 89' lang='grc' dir='ltr'>δό-</span> 
     </span>
    </p>
   </div>
   <div class='ocr_carea' id='block_1_6' title="bbox 2070 586 3717 662">
    <p class='ocr_par' dir='ltr' id='par_1_6' title="bbox 2071 589 3717 661">
     <span class='ocr_line' id='line_1_6' title="bbox 2071 589 3717 661; baseline 0.004 -17"><span class='ocrx_word' id='word_1_32' title='bbox 2071 607 2201 645; x_wconf 91' lang='lat' dir='ltr'>rum</span> <span class='ocrx_word' id='word_1_33' title='bbox 2235 589 2482 646; x_wconf 77' lang='lat' dir='ltr'>circuitu</span> <span class='ocrx_word' id='word_1_34' title='bbox 2516 591 2616 646; x_wconf 89' lang='lat' dir='ltr'>sed</span> <span class='ocrx_word' id='word_1_35' title='bbox 2651 589 2977 644; x_wconf 89' lang='lat' dir='ltr'>animorum</span> <span class='ocrx_word' id='word_1_36' title='bbox 3013 591 3272 661; x_wconf 91' lang='lat' dir='ltr'>impulsu</span> <span class='ocrx_word' id='word_1_37' title='bbox 3307 592 3619 650; x_wconf 90' lang='lat' dir='ltr'>nonnullos</span> <span class='ocrx_word' id='word_1_38' title='bbox 3651 610 3717 650; x_wconf 88' lang='lat' dir='ltr'>ea</span> 
     </span>
    </p>
   </div>
   <div class='ocr_carea' id='block_1_7' title="bbox 310 672 1959 754">
    <p class='ocr_par' dir='ltr' id='par_1_7' title="bbox 310 672 1959 752">
     <span class='ocr_line' id='line_1_7' title="bbox 310 672 1959 752; baseline 0.002 -22"><span class='ocrx_word' id='word_1_39' title='bbox 310 676 398 746; x_wconf 82' lang='grc' dir='ltr'>ξαν</span> <span class='ocrx_word' id='word_1_40' title='bbox 431 681 527 731; x_wconf 77' lang='grc' dir='ltr'>τοῦ</span> <span class='ocrx_word' id='word_1_41' title='bbox 554 672 786 731; x_wconf 80' lang='grc' dir='ltr'>Λιϐάνου</span> <span class='ocrx_word' id='word_1_42' title='bbox 809 679 1090 750; x_wconf 83' lang='grc' dir='ltr'>κτώμενος</span> <span class='ocrx_word' id='word_1_43' title='bbox 1121 677 1210 730; x_wconf 85' lang='grc' dir='ltr'>καὶ</span> <span class='ocrx_word' id='word_1_44' title='bbox 1240 678 1367 739; x_wconf 82' lang='grc' dir='ltr'>τοὺς</span> <span class='ocrx_word' id='word_1_45' title='bbox 1423 676 1778 750; x_wconf 76' lang='grc' dir='ltr'>Ἰσμαηλίτας</span> <span class='ocrx_word' id='word_1_46' title='bbox 1827 677 1959 752; x_wconf 64' lang='grc' dir='ltr'>ὑπὲρ</span> 
     </span>
    </p>
   </div>
   <div class='ocr_carea' id='block_1_8' title="bbox 2070 672 3718 754">
    <p class='ocr_par' dir='ltr' id='par_1_8' title="bbox 2071 679 3718 754">
     <span class='ocr_line' id='line_1_8' title="bbox 2071 679 3718 754; baseline 0.004 -21"><span class='ocrx_word' id='word_1_47' title='bbox 2071 679 2276 734; x_wconf 84' lang='lat' dir='ltr'>fecisse</span> <span class='ocrx_word' id='word_1_48' title='bbox 2318 697 2444 750; x_wconf 65' lang='lat' dir='ltr'>quae</span> <span class='ocrx_word' id='word_1_49' title='bbox 2503 681 2832 736; x_wconf 88' lang='lat' dir='ltr'>voluerunt.</span> <span class='ocrx_word' id='word_1_50' title='bbox 2893 680 3033 735; x_wconf 90' lang='lat' dir='ltr'>Nam</span> <span class='ocrx_word' id='word_1_51' title='bbox 3093 697 3226 736; x_wconf 90' lang='lat' dir='ltr'>cum</span> <span class='ocrx_word' id='word_1_52' title='bbox 3288 685 3508 754; x_wconf 82' lang='lat' dir='ltr'>majora</span> <span class='ocrx_word' id='word_1_53' title='bbox 3565 685 3718 740; x_wconf 87' lang='lat' dir='ltr'>bona</span> 
     </span>
    </p>
   </div>
   <div class='ocr_carea' id='block_1_9' title="bbox 306 764 1959 843">
    <p class='ocr_par' dir='ltr' id='par_1_9' title="bbox 306 764 1957 843">
     <span class='ocr_line' id='line_1_9' title="bbox 306 764 1957 843; baseline 0 -22"><span class='ocrx_word' id='word_1_54' title='bbox 306 766 400 821; x_wconf 88' lang='grc' dir='ltr'>τὸν</span> <span class='ocrx_word' id='word_1_55' title='bbox 458 766 737 843; x_wconf 78' lang='grc' dir='ltr'>Εὐφράτην</span> <span class='ocrx_word' id='word_1_56' title='bbox 796 769 1042 838; x_wconf 80' lang='grc' dir='ltr'>ποταμὸν</span> <span class='ocrx_word' id='word_1_57' title='bbox 1129 764 1394 840; x_wconf 74' lang='grc' dir='ltr'>κεραΐζων</span> <span class='ocrx_word' id='word_1_58' title='bbox 1479 766 1567 821; x_wconf 88' lang='grc' dir='ltr'>καί</span> <span class='ocrx_word' id='word_1_59' title='bbox 1628 766 1957 838; x_wconf 87' lang='grc' dir='ltr'>ληῖζόμενος</span> 
     </span>
    </p>
   </div>
   <div class='ocr_carea' id='block_1_10' title="bbox 2070 764 3716 843">
    <p class='ocr_par' dir='ltr' id='par_1_10' title="bbox 2071 769 3716 840">
     <span class='ocr_line' id='line_1_10' title="bbox 2071 769 3716 840; baseline 0.005 -18"><span class='ocrx_word' id='word_1_60' title='bbox 2071 769 2462 840; x_wconf 84' lang='lat' dir='ltr'>polliceretur,</span> <span class='ocrx_word' id='word_1_61' title='bbox 2497 770 2774 826; x_wconf 83' lang='lat' dir='ltr'>insecutis</span> <span class='ocrx_word' id='word_1_62' title='bbox 2806 772 2976 826; x_wconf 82' lang='lat' dir='ltr'>annis</span> <span class='ocrx_word' id='word_1_63' title='bbox 3010 771 3192 826; x_wconf 89' lang='lat' dir='ltr'>nihilo</span> <span class='ocrx_word' id='word_1_64' title='bbox 3225 773 3572 830; x_wconf 89' lang='lat' dir='ltr'>clementius</span> <span class='ocrx_word' id='word_1_65' title='bbox 3607 779 3716 830; x_wconf 87' lang='lat' dir='ltr'>tra-</span> 
     </span>
    </p>
   </div>
   <div class='ocr_carea' id='block_1_11' title="bbox 307 851 1959 930">
    <p class='ocr_par' dir='ltr' id='par_1_11' title="bbox 307 851 1954 930">
     <span class='ocr_line' id='line_1_11' title="bbox 307 851 1954 930; baseline 0 -18"><span class='ocrx_word' id='word_1_66' title='bbox 307 859 397 930; x_wconf 77' lang='grc' dir='ltr'>[Ρ.</span> <span class='ocrx_word' id='word_1_67' title='bbox 457 858 581 929; x_wconf 79' lang='lat'>277]</span> <span class='ocrx_word' id='word_1_68' title='bbox 636 857 722 911; x_wconf 98' lang='lat' dir='ltr'>xui</span> <span class='ocrx_word' id='word_1_69' title='bbox 786 857 846 910; x_wconf 90' lang='grc' dir='ltr'>τὸ</span> <span class='ocrx_word' id='word_1_70' title='bbox 911 851 1242 930; x_wconf 74' lang='grc' dir='ltr'>βαρϐαρικὸν</span> <span class='ocrx_word' id='word_1_71' title='bbox 1300 854 1490 928; x_wconf 87' lang='grc' dir='ltr'>κύκλῳ</span> <span class='ocrx_word' id='word_1_72' title='bbox 1561 857 1954 930; x_wconf 87' lang='grc' dir='ltr'>ἀνακαθαίρων.</span> 
     </span>
    </p>
   </div>
   <div class='ocr_carea' id='block_1_12' title="bbox 2070 851 2567 930">
    <p class='ocr_par' dir='ltr' id='par_1_12' title="bbox 2071 859 2567 915">
     <span class='ocr_line' id='line_1_12' title="bbox 2071 859 2567 915; baseline 0.002 -1"><span class='ocrx_word' id='word_1_73' title='bbox 2071 859 2247 914; x_wconf 83' lang='lat' dir='ltr'>ctavit</span> <span class='ocrx_word' id='word_1_74' title='bbox 2278 859 2567 915; x_wconf 89' lang='lat' dir='ltr'>subditos.</span> 
     </span>
    </p>
   </div>
   <div class='ocr_carea' id='block_1_13' title="bbox 311 939 3713 1024">
    <p class='ocr_par' dir='ltr' id='par_1_13' title="bbox 311 939 3713 1024">
     <span class='ocr_line' id='line_1_13' title="bbox 311 939 3713 1024; baseline 0.002 -26"><span class='ocrx_word' id='word_1_75' title='bbox 311 950 626 1020; x_wconf 81' lang='grc' dir='ltr'>Προσεπῆγε</span> <span class='ocrx_word' id='word_1_76' title='bbox 657 942 715 999; x_wconf 72' lang='grc' dir='ltr'>δὲ</span> <span class='ocrx_word' id='word_1_77' title='bbox 737 945 828 1000; x_wconf 82' lang='grc' dir='ltr'>καὶ</span> <span class='ocrx_word' id='word_1_78' title='bbox 860 945 936 1006; x_wconf 83' lang='grc' dir='ltr'>ὡς</span> <span class='ocrx_word' id='word_1_79' title='bbox 980 947 1030 999; x_wconf 78' lang='grc' dir='ltr'>οἱ</span> <span class='ocrx_word' id='word_1_80' title='bbox 1069 945 1194 1000; x_wconf 89' lang='grc' dir='ltr'>τότε</span> <span class='ocrx_word' id='word_1_81' title='bbox 1253 944 1342 998; x_wconf 85' lang='grc' dir='ltr'>ὑπ’</span> <span class='ocrx_word' id='word_1_82' title='bbox 1400 944 1556 1000; x_wconf 81' lang='grc' dir='ltr'>αὐτὸν</span> <span class='ocrx_word' id='word_1_83' title='bbox 1616 946 1886 1022; x_wconf 79' lang='grc' dir='ltr'>ἡγεμόνες</span> <span class='ocrx_word' id='word_1_84' title='bbox 1945 945 2046 1000; x_wconf 82' lang='grc' dir='ltr'>οὐκ</span> <span class='ocrx_word' id='word_1_85' title='bbox 2098 939 2306 1000; x_wconf 77' lang='grc' dir='ltr'>ἔσονται</span> <span class='ocrx_word' id='word_1_86' title='bbox 2355 951 2473 1008; x_wconf 87' lang='grc' dir='ltr'>τοῖς</span> <span class='ocrx_word' id='word_1_87' title='bbox 2529 947 2770 1020; x_wconf 79' lang='grc' dir='ltr'>σήμερον</span> <span class='ocrx_word' id='word_1_88' title='bbox 2828 945 3039 1020; x_wconf 79' lang='grc' dir='ltr'>ὅμοιοι,</span> <span class='ocrx_word' id='word_1_89' title='bbox 3092 947 3222 1004; x_wconf 85' lang='grc' dir='ltr'>ἀλλ’</span> <span class='ocrx_word' id='word_1_90' title='bbox 3276 948 3434 1024; x_wconf 83' lang='grc' dir='ltr'>ίσχὺν</span> <span class='ocrx_word' id='word_1_91' title='bbox 3484 946 3713 1024; x_wconf 76' lang='grc' dir='ltr'>περιϐα-</span> 
     </span>
    </p>
   </div>
   <div class='ocr_carea' id='block_1_14' title="bbox 305 1029 3712 1116">
    <p class='ocr_par' dir='ltr' id='par_1_14' title="bbox 305 1029 3712 1116">
     <span class='ocr_line' id='line_1_14' title="bbox 305 1029 3712 1116; baseline 0.002 -28"><span class='ocrx_word' id='word_1_92' title='bbox 305 1032 529 1089; x_wconf 75' lang='grc' dir='ltr'>λοῦνται</span> <span class='ocrx_word' id='word_1_93' title='bbox 588 1033 850 1105; x_wconf 80' lang='grc' dir='ltr'>πλείστην</span> <span class='ocrx_word' id='word_1_94' title='bbox 910 1035 999 1089; x_wconf 85' lang='grc' dir='ltr'>καὶ</span> <span class='ocrx_word' id='word_1_95' title='bbox 1059 1032 1297 1089; x_wconf 82' lang='grc' dir='ltr'>πλοῦτον</span> <span class='ocrx_word' id='word_1_96' title='bbox 1355 1033 1519 1098; x_wconf 81' lang='grc' dir='ltr'>ἐθνῶν</span> <span class='ocrx_word' id='word_1_97' title='bbox 1578 1029 1788 1090; x_wconf 74' lang='grc' dir='ltr'>ἔδονται</span> <span class='ocrx_word' id='word_1_98' title='bbox 1826 1036 1918 1090; x_wconf 87' lang='grc' dir='ltr'>καὶ</span> <span class='ocrx_word' id='word_1_99' title='bbox 1996 1035 2062 1089; x_wconf 85' lang='grc' dir='ltr'>τὰ</span> <span class='ocrx_word' id='word_1_100' title='bbox 2121 1037 2276 1111; x_wconf 91' lang='grc' dir='ltr'>πάχη</span> <span class='ocrx_word' id='word_1_101' title='bbox 2349 1035 2524 1092; x_wconf 82' lang='grc' dir='ltr'>αὐτῶν</span> <span class='ocrx_word' id='word_1_102' title='bbox 2585 1035 2979 1110; x_wconf 79' lang='grc' dir='ltr'>ἐκμυελιοῢσιν,</span> <span class='ocrx_word' id='word_1_103' title='bbox 3047 1037 3123 1099; x_wconf 82' lang='grc' dir='ltr'>εἷς</span> <span class='ocrx_word' id='word_1_104' title='bbox 3188 1039 3286 1107; x_wconf 75' lang='grc' dir='ltr'>τὴν</span> <span class='ocrx_word' id='word_1_105' title='bbox 3352 1038 3520 1109; x_wconf 72' lang='grc' dir='ltr'>αὐτὴν</span> <span class='ocrx_word' id='word_1_106' title='bbox 3588 1041 3712 1116; x_wconf 78' lang='grc' dir='ltr'>ρηξὶ</span> 
     </span>
    </p>
   </div>
   <div class='ocr_carea' id='block_1_15' title="bbox 297 1122 3713 1204">
    <p class='ocr_par' dir='ltr' id='par_1_15' title="bbox 297 1122 3713 1204">
     <span class='ocr_line' id='line_1_15' title="bbox 297 1122 3713 1204; baseline 0.002 -26"><span class='ocrx_word' id='word_1_107' title='bbox 297 1123 392 1178; x_wconf 80' lang='grc' dir='ltr'>καὶ</span> <span class='ocrx_word' id='word_1_108' title='bbox 443 1123 754 1202; x_wconf 83' lang='grc' dir='ltr'>τοπάρχαις</span> <span class='ocrx_word' id='word_1_109' title='bbox 813 1122 1056 1192; x_wconf 75' lang='grc' dir='ltr'>ἐξουσίαν</span> <span class='ocrx_word' id='word_1_110' title='bbox 1158 1123 1246 1178; x_wconf 83' lang='grc' dir='ltr'>καὶ</span> <span class='ocrx_word' id='word_1_111' title='bbox 1327 1124 1670 1203; x_wconf 73' lang='grc' dir='ltr'>περιφάνειαν</span> <span class='ocrx_word' id='word_1_112' title='bbox 1753 1124 2156 1197; x_wconf 81' lang='grc' dir='ltr'>καθιστάμενοί.</span> <span class='ocrx_word' id='word_1_113' title='bbox 2215 1125 2471 1200; x_wconf 83' lang='grc' dir='ltr'>Ἐλέγετο</span> <span class='ocrx_word' id='word_1_114' title='bbox 2529 1123 2586 1180; x_wconf 70' lang='grc' dir='ltr'>δὲ</span> <span class='ocrx_word' id='word_1_115' title='bbox 2638 1126 2844 1181; x_wconf 91' lang='grc' dir='ltr'>τούτων</span> <span class='ocrx_word' id='word_1_116' title='bbox 2921 1129 3138 1181; x_wconf 89' lang='grc' dir='ltr'>πάντων</span> <span class='ocrx_word' id='word_1_117' title='bbox 3200 1128 3482 1204; x_wconf 83' lang='grc' dir='ltr'>ὑφηγητᾶς</span> <span class='ocrx_word' id='word_1_118' title='bbox 3543 1132 3713 1185; x_wconf 88' lang='grc' dir='ltr'>Ἰσαα-</span> 
     </span>
    </p>
   </div>
   <div class='ocr_carea' id='block_1_16' title="bbox 297 1208 3712 1292">
    <p class='ocr_par' dir='ltr' id='par_1_16' title="bbox 297 1208 3712 1292">
     <span class='ocr_line' id='line_1_16' title="bbox 297 1208 3712 1292; baseline 0.002 -27"><span class='ocrx_word' id='word_1_119' title='bbox 297 1209 407 1282; x_wconf 82' lang='grc' dir='ltr'>κίῳ</span> <span class='ocrx_word' id='word_1_120' title='bbox 467 1208 788 1275; x_wconf 78' lang='grc' dir='ltr'>καθεστάναι</span> <span class='ocrx_word' id='word_1_121' title='bbox 844 1212 973 1271; x_wconf 86' lang='grc' dir='ltr'>τοὺς</span> <span class='ocrx_word' id='word_1_122' title='bbox 1031 1209 1084 1274; x_wconf 84' lang='grc' dir='ltr'>ἐς</span> <span class='ocrx_word' id='word_1_123' title='bbox 1139 1213 1286 1285; x_wconf 80' lang='grc' dir='ltr'>ἡμᾶς</span> <span class='ocrx_word' id='word_1_124' title='bbox 1346 1209 1770 1288; x_wconf 89' lang='grc' dir='ltr'>ματαιολόγους,</span> <span class='ocrx_word' id='word_1_125' title='bbox 1829 1212 2008 1287; x_wconf 85' lang='grc' dir='ltr'>ὥσπερ</span> <span class='ocrx_word' id='word_1_126' title='bbox 2069 1220 2233 1283; x_wconf 84' lang='grc' dir='ltr'>σῆτας</span> <span class='ocrx_word' id='word_1_127' title='bbox 2306 1219 2423 1276; x_wconf 87' lang='grc' dir='ltr'>ταῖς</span> <span class='ocrx_word' id='word_1_128' title='bbox 2481 1213 2838 1282; x_wconf 83' lang='grc' dir='ltr'>κενοφωνίαις</span> <span class='ocrx_word' id='word_1_129' title='bbox 2891 1213 3109 1276; x_wconf 78' lang='grc' dir='ltr'>ταύταις</span> <span class='ocrx_word' id='word_1_130' title='bbox 3159 1217 3257 1282; x_wconf 79' lang='grc' dir='ltr'>τήν</span> <span class='ocrx_word' id='word_1_131' title='bbox 3319 1214 3522 1272; x_wconf 68' lang='grc' dir='ltr'>ἐκείνου</span> <span class='ocrx_word' id='word_1_132' title='bbox 3553 1218 3712 1292; x_wconf 83' lang='grc' dir='ltr'>φύσιν</span> 
     </span>
    </p>
   </div>
   <div class='ocr_carea' id='block_1_17' title="bbox 299 1299 3714 1377">
    <p class='ocr_par' dir='ltr' id='par_1_17' title="bbox 299 1299 3714 1377">
     <span class='ocr_line' id='line_1_17' title="bbox 299 1299 3714 1377; baseline 0.002 -23"><span class='ocrx_word' id='word_1_133' title='bbox 299 1301 438 1374; x_wconf 89' lang='grc' dir='ltr'>πρὸς</span> <span class='ocrx_word' id='word_1_134' title='bbox 496 1300 564 1354; x_wconf 79' lang='grc' dir='ltr'>τὰ</span> <span class='ocrx_word' id='word_1_135' title='bbox 619 1301 780 1354; x_wconf 88' lang='grc' dir='ltr'>γαινὰ</span> <span class='ocrx_word' id='word_1_136' title='bbox 835 1304 940 1354; x_wconf 85' lang='grc' dir='ltr'>τῶν</span> <span class='ocrx_word' id='word_1_137' title='bbox 997 1300 1363 1374; x_wconf 79' lang='grc' dir='ltr'>ἀκουσμάτων</span> <span class='ocrx_word' id='word_1_138' title='bbox 1424 1301 1586 1355; x_wconf 73' lang='grc' dir='ltr'>οὖσαν</span> <span class='ocrx_word' id='word_1_139' title='bbox 1641 1299 1984 1377; x_wconf 77' lang='grc' dir='ltr'>κατάρῥοπον</span> <span class='ocrx_word' id='word_1_140' title='bbox 2043 1302 2384 1362; x_wconf 80' lang='grc' dir='ltr'>ὑπεισιόντας</span> <span class='ocrx_word' id='word_1_141' title='bbox 2445 1303 2535 1356; x_wconf 87' lang='grc' dir='ltr'>καὶ</span> <span class='ocrx_word' id='word_1_142' title='bbox 2589 1302 2982 1375; x_wconf 81' lang='grc' dir='ltr'>κατεσθίοντας,</span> <span class='ocrx_word' id='word_1_143' title='bbox 3114 1303 3329 1376; x_wconf 80' lang='grc' dir='ltr'>μᾶλλον</span> <span class='ocrx_word' id='word_1_144' title='bbox 3379 1306 3453 1368; x_wconf 86' lang='grc' dir='ltr'>ὡς</span> <span class='ocrx_word' id='word_1_145' title='bbox 3504 1308 3558 1362; x_wconf 82' lang='lat' dir='ltr'>ui</span> <span class='ocrx_word' id='word_1_146' title='bbox 3596 1307 3714 1363; x_wconf 87' lang='grc' dir='ltr'>τίτ-</span> 
     </span>
    </p>
   </div>
   <div class='ocr_carea' id='block_1_18' title="bbox 302 1387 3716 1466">
    <p class='ocr_par' dir='ltr' id='par_1_18' title="bbox 302 1387 3716 1466">
     <span class='ocr_line' id='line_1_18' title="bbox 302 1387 3716 1466; baseline 0.003 -24"><span class='ocrx_word' id='word_1_147' title='bbox 302 1399 392 1452; x_wconf 85' lang='grc' dir='ltr'>θαι</span> <span class='ocrx_word' id='word_1_148' title='bbox 451 1389 515 1443; x_wconf 78' lang='grc' dir='ltr'>τά</span> <span class='ocrx_word' id='word_1_149' title='bbox 578 1387 887 1465; x_wconf 78' lang='grc' dir='ltr'>βρεφύλλια</span> <span class='ocrx_word' id='word_1_150' title='bbox 939 1387 1193 1459; x_wconf 83' lang='grc' dir='ltr'>ἐπικλινῆ</span> <span class='ocrx_word' id='word_1_151' title='bbox 1252 1389 1498 1454; x_wconf 76' lang='grc' dir='ltr'>τιθέντας</span> <span class='ocrx_word' id='word_1_152' title='bbox 1552 1391 1688 1465; x_wconf 86' lang='grc' dir='ltr'>πρὸς</span> <span class='ocrx_word' id='word_1_153' title='bbox 1757 1391 2033 1465; x_wconf 80' lang='grc' dir='ltr'>ῥᾳστώνην</span> <span class='ocrx_word' id='word_1_154' title='bbox 2075 1392 2166 1446; x_wconf 86' lang='grc' dir='ltr'>καὶ</span> <span class='ocrx_word' id='word_1_155' title='bbox 2225 1391 2338 1466; x_wconf 90' lang='grc' dir='ltr'>βίον</span> <span class='ocrx_word' id='word_1_156' title='bbox 2399 1387 2857 1466; x_wconf 73' lang='grc' dir='ltr'>ἐξημϐλυμμένον</span> <span class='ocrx_word' id='word_1_157' title='bbox 2913 1392 3338 1448; x_wconf 80' lang='grc' dir='ltr'>ἀναπεπτωκότα</span> <span class='ocrx_word' id='word_1_158' title='bbox 3384 1415 3442 1449; x_wconf 91' lang='grc' dir='ltr'>τε</span> <span class='ocrx_word' id='word_1_159' title='bbox 3486 1392 3716 1452; x_wconf 87' lang='grc' dir='ltr'>δεικνύν-</span> 
     </span>
    </p>
   </div>
   <div class='ocr_carea' id='block_1_19' title="bbox 296 1477 3714 1557">
    <p class='ocr_par' dir='ltr' id='par_1_19' title="bbox 296 1477 3714 1557">
     <span class='ocr_line' id='line_1_19' title="bbox 296 1477 3714 1557; baseline 0.002 -25"><span class='ocrx_word' id='word_1_160' title='bbox 296 1498 388 1539; x_wconf 85' lang='grc' dir='ltr'>τες</span> <span class='ocrx_word' id='word_1_161' title='bbox 419 1479 510 1534; x_wconf 87' lang='grc' dir='ltr'>τὸν</span> <span class='ocrx_word' id='word_1_162' title='bbox 558 1479 785 1552; x_wconf 75' lang='grc' dir='ltr'>βασιλέα</span> <span class='ocrx_word' id='word_1_163' title='bbox 840 1484 957 1540; x_wconf 88' lang='grc' dir='ltr'>τοῖς</span> <span class='ocrx_word' id='word_1_164' title='bbox 1015 1482 1122 1533; x_wconf 89' lang='grc' dir='ltr'>τῶν</span> <span class='ocrx_word' id='word_1_165' title='bbox 1182 1477 1446 1533; x_wconf 88' lang='grc' dir='ltr'>τοιούτων</span> <span class='ocrx_word' id='word_1_166' title='bbox 1507 1481 1990 1554; x_wconf 77' lang='grc' dir='ltr'>μυθολογημάτων</span> <span class='ocrx_word' id='word_1_167' title='bbox 2050 1478 2374 1553; x_wconf 80' lang='grc' dir='ltr'>ἐπᾴσμασιν,</span> <span class='ocrx_word' id='word_1_168' title='bbox 2436 1483 2524 1535; x_wconf 78' lang='grc' dir='ltr'>οἷα</span> <span class='ocrx_word' id='word_1_169' title='bbox 2579 1479 2643 1550; x_wconf 76' lang='grc' dir='ltr'>δὴ</span> <span class='ocrx_word' id='word_1_170' title='bbox 2700 1483 2790 1536; x_wconf 87' lang='lat' dir='ltr'>xui</span> <span class='ocrx_word' id='word_1_171' title='bbox 2854 1479 3022 1555; x_wconf 74' lang='grc' dir='ltr'>μηδὲν</span> <span class='ocrx_word' id='word_1_172' title='bbox 3063 1483 3490 1557; x_wconf 83' lang='grc' dir='ltr'>αύτουργοῦντος</span> <span class='ocrx_word' id='word_1_173' title='bbox 3527 1485 3714 1555; x_wconf 74' lang='grc' dir='ltr'>αὐτοῦ,</span> 
     </span>
    </p>
   </div>
   <div class='ocr_carea' id='block_1_20' title="bbox 299 1565 3714 1647">
    <p class='ocr_par' dir='ltr' id='par_1_20' title="bbox 299 1565 3714 1647">
     <span class='ocr_line' id='line_1_20' title="bbox 299 1565 3714 1647; baseline 0.002 -26"><span class='ocrx_word' id='word_1_174' title='bbox 299 1573 407 1636; x_wconf 84' lang='grc' dir='ltr'>τῆς</span> <span class='ocrx_word' id='word_1_175' title='bbox 465 1568 774 1642; x_wconf 81' lang='grc' dir='ltr'>ὡρισμένης</span> <span class='ocrx_word' id='word_1_176' title='bbox 830 1565 876 1621; x_wconf 89' lang='grc' dir='ltr'>δ’</span> <span class='ocrx_word' id='word_1_177' title='bbox 934 1567 1227 1635; x_wconf 82' lang='grc' dir='ltr'>ἐπιστάσης</span> <span class='ocrx_word' id='word_1_178' title='bbox 1288 1567 1726 1641; x_wconf 80' lang='grc' dir='ltr'>ὑποκεισομένων</span> <span class='ocrx_word' id='word_1_179' title='bbox 1779 1568 1924 1640; x_wconf 82' lang='grc' dir='ltr'>αὐτῷ</span> <span class='ocrx_word' id='word_1_180' title='bbox 1988 1574 2172 1624; x_wconf 88' lang='grc' dir='ltr'>πασῶν</span> <span class='ocrx_word' id='word_1_181' title='bbox 2239 1574 2348 1625; x_wconf 89' lang='grc' dir='ltr'>τῶν</span> <span class='ocrx_word' id='word_1_182' title='bbox 2415 1568 2732 1644; x_wconf 88' lang='grc' dir='ltr'>βασιλειῶν,</span> <span class='ocrx_word' id='word_1_183' title='bbox 2799 1572 2919 1634; x_wconf 84' lang='grc' dir='ltr'>καθ’</span> <span class='ocrx_word' id='word_1_184' title='bbox 2977 1570 3035 1625; x_wconf 80' lang='grc' dir='ltr'>ὅν</span> <span class='ocrx_word' id='word_1_185' title='bbox 3103 1569 3169 1641; x_wconf 77' lang='grc' dir='ltr'>δὴ</span> <span class='ocrx_word' id='word_1_186' title='bbox 3235 1573 3437 1647; x_wconf 86' lang='grc' dir='ltr'>τρόπον</span> <span class='ocrx_word' id='word_1_187' title='bbox 3504 1574 3594 1628; x_wconf 89' lang='lat' dir='ltr'>xui</span> <span class='ocrx_word' id='word_1_188' title='bbox 3661 1575 3714 1629; x_wconf 80' lang='lat' dir='ltr'>oi</span> 
     </span>
    </p>
   </div>
   <div class='ocr_carea' id='block_1_21' title="bbox 301 1651 3714 1737">
    <p class='ocr_par' dir='ltr' id='par_1_21' title="bbox 301 1651 3714 1737">
     <span class='ocr_line' id='line_1_21' title="bbox 301 1651 3714 1737; baseline 0.003 -29"><span class='ocrx_word' id='word_1_189' title='bbox 301 1655 474 1710; x_wconf 87' lang='grc' dir='ltr'>πάλαι</span> <span class='ocrx_word' id='word_1_190' title='bbox 536 1656 814 1734; x_wconf 75' lang='grc' dir='ltr'>ζωγράφοι</span> <span class='ocrx_word' id='word_1_191' title='bbox 890 1655 1156 1728; x_wconf 89' lang='grc' dir='ltr'>Τιμόθεον</span> <span class='ocrx_word' id='word_1_192' title='bbox 1234 1651 1468 1732; x_wconf 81' lang='grc' dir='ltr'>ἔγραφον</span> <span class='ocrx_word' id='word_1_193' title='bbox 1545 1655 1705 1711; x_wconf 77' lang='grc' dir='ltr'>αὐτὸν</span> <span class='ocrx_word' id='word_1_194' title='bbox 1783 1658 1876 1730; x_wconf 73' lang='grc' dir='ltr'>μὲν</span> <span class='ocrx_word' id='word_1_195' title='bbox 1956 1654 2300 1727; x_wconf 86' lang='grc' dir='ltr'>καθεύδοντα,</span> <span class='ocrx_word' id='word_1_196' title='bbox 2359 1659 2458 1727; x_wconf 85' lang='grc' dir='ltr'>τήν</span> <span class='ocrx_word' id='word_1_197' title='bbox 2517 1656 2574 1712; x_wconf 77' lang='grc' dir='ltr'>δὲ</span> <span class='ocrx_word' id='word_1_198' title='bbox 2645 1658 2823 1737; x_wconf 84' lang='grc' dir='ltr'>τύχην</span> <span class='ocrx_word' id='word_1_199' title='bbox 2896 1664 3207 1733; x_wconf 78' lang='grc' dir='ltr'>περιιοῦσαν</span> <span class='ocrx_word' id='word_1_200' title='bbox 3305 1661 3396 1716; x_wconf 86' lang='lat' dir='ltr'>xui</span> <span class='ocrx_word' id='word_1_201' title='bbox 3473 1661 3548 1723; x_wconf 86' lang='grc' dir='ltr'>είς</span> <span class='ocrx_word' id='word_1_202' title='bbox 3621 1660 3714 1718; x_wconf 64' lang='grc' dir='ltr'>ἵνα</span> 
     </span>
    </p>
   </div>
   <div class='ocr_carea' id='block_1_22' title="bbox 307 1739 3713 1824">
    <p class='ocr_par' dir='ltr' id='par_1_22' title="bbox 307 1739 3713 1824">
     <span class='ocr_line' id='line_1_22' title="bbox 307 1739 3713 1824; baseline 0.003 -26"><span class='ocrx_word' id='word_1_203' title='bbox 307 1743 508 1818; x_wconf 88' lang='grc' dir='ltr'>κύρτον</span> <span class='ocrx_word' id='word_1_204' title='bbox 565 1745 660 1806; x_wconf 83' lang='grc' dir='ltr'>τὰς</span> <span class='ocrx_word' id='word_1_205' title='bbox 717 1743 909 1807; x_wconf 89' lang='grc' dir='ltr'>πόλεις</span> <span class='ocrx_word' id='word_1_206' title='bbox 980 1739 1364 1816; x_wconf 76' lang='grc' dir='ltr'>ἐμϐάλλουσαν</span> <span class='ocrx_word' id='word_1_207' title='bbox 1415 1743 1504 1799; x_wconf 84' lang='grc' dir='ltr'>καὶ</span> <span class='ocrx_word' id='word_1_208' title='bbox 1579 1744 1966 1820; x_wconf 84' lang='grc' dir='ltr'>προσάγουσαν</span> <span class='ocrx_word' id='word_1_209' title='bbox 2040 1745 2187 1819; x_wconf 85' lang='grc' dir='ltr'>αὐτῷ</span> <span class='ocrx_word' id='word_1_210' title='bbox 2260 1748 2350 1802; x_wconf 84' lang='grc' dir='ltr'>καὶ</span> <span class='ocrx_word' id='word_1_211' title='bbox 2424 1744 2851 1819; x_wconf 75' lang='grc' dir='ltr'>παραδιδοῦσαν.</span> <span class='ocrx_word' id='word_1_212' title='bbox 2927 1749 2997 1802; x_wconf 88' lang='grc' dir='ltr'>Τὸ</span> <span class='ocrx_word' id='word_1_213' title='bbox 3074 1746 3131 1803; x_wconf 70' lang='grc' dir='ltr'>δὲ</span> <span class='ocrx_word' id='word_1_214' title='bbox 3204 1746 3270 1819; x_wconf 77' lang='grc' dir='ltr'>δή</span> <span class='ocrx_word' id='word_1_215' title='bbox 3349 1753 3713 1824; x_wconf 86' lang='grc' dir='ltr'>θαυμάζεσθαι</span> 
     </span>
    </p>
   </div>
   <div class='ocr_carea' id='block_1_23' title="bbox 297 1831 3716 1912">
    <p class='ocr_par' dir='ltr' id='par_1_23' title="bbox 297 1831 3716 1912">
     <span class='ocr_line' id='line_1_23' title="bbox 297 1831 3716 1912; baseline 0.003 -24"><span class='ocrx_word' id='word_1_216' title='bbox 297 1833 616 1909; x_wconf 79' lang='grc' dir='ltr'>ἀξιώτερον,</span> <span class='ocrx_word' id='word_1_217' title='bbox 675 1831 829 1910; x_wconf 85' lang='grc' dir='ltr'>ἔλεγε</span> <span class='ocrx_word' id='word_1_218' title='bbox 905 1831 1205 1909; x_wconf 71' lang='grc' dir='ltr'>διαρρήδην</span> <span class='ocrx_word' id='word_1_219' title='bbox 1288 1835 1360 1898; x_wconf 81' lang='grc' dir='ltr'>ὡς</span> <span class='ocrx_word' id='word_1_220' title='bbox 1424 1835 1451 1888; x_wconf 83' lang='grc' dir='ltr'><strong>ὁ</strong></span> <span class='ocrx_word' id='word_1_221' title='bbox 1509 1835 1798 1909; x_wconf 88' lang='grc' dir='ltr'>Κομνηνὸς</span> <span class='ocrx_word' id='word_1_222' title='bbox 1879 1834 2246 1908; x_wconf 79' lang='grc' dir='ltr'>Ἀνδρόνικος,</span> <span class='ocrx_word' id='word_1_223' title='bbox 2307 1838 2364 1892; x_wconf 81' lang='grc' dir='ltr'>’ὃν</span> <span class='ocrx_word' id='word_1_224' title='bbox 2421 1837 2582 1899; x_wconf 79' lang='grc' dir='ltr'>αὐτὸς</span> <span class='ocrx_word' id='word_1_225' title='bbox 2659 1843 2755 1892; x_wconf 72' lang='grc' dir='ltr'>τοῦ</span> <span class='ocrx_word' id='word_1_226' title='bbox 2812 1837 3002 1912; x_wconf 76' lang='grc' dir='ltr'>ἄρχειν</span> <span class='ocrx_word' id='word_1_227' title='bbox 3060 1839 3304 1902; x_wconf 85' lang='grc' dir='ltr'>καθελὼν</span> <span class='ocrx_word' id='word_1_228' title='bbox 3360 1840 3435 1902; x_wconf 83' lang='grc' dir='ltr'>είς</span> <span class='ocrx_word' id='word_1_229' title='bbox 3491 1842 3716 1906; x_wconf 89' lang='grc' dir='ltr'>θάνατον</span> 
     </span>
    </p>
   </div>
   <div class='ocr_carea' id='block_1_24' title="bbox 298 1920 3718 2005">
    <p class='ocr_par' dir='ltr' id='par_1_24' title="bbox 298 1920 3718 2005">
     <span class='ocr_line' id='line_1_24' title="bbox 298 1920 3718 2005; baseline 0.002 -27"><span class='ocrx_word' id='word_1_230' title='bbox 298 1920 532 1992; x_wconf 80' lang='grc' dir='ltr'>ἐξέδωκε</span> <span class='ocrx_word' id='word_1_231' title='bbox 597 1923 866 1997; x_wconf 87' lang='grc' dir='ltr'>πονηρὸν,</span> <span class='ocrx_word' id='word_1_232' title='bbox 925 1920 1242 1977; x_wconf 85' lang='grc' dir='ltr'>ἐνναετίσειν</span> <span class='ocrx_word' id='word_1_233' title='bbox 1302 1921 1519 1995; x_wconf 68' lang='grc' dir='ltr'>ἤμελλε</span> <span class='ocrx_word' id='word_1_234' title='bbox 1593 1927 1661 1997; x_wconf 78' lang='grc' dir='ltr'>τῇ</span> <span class='ocrx_word' id='word_1_235' title='bbox 1745 1925 1994 1999; x_wconf 79' lang='grc' dir='ltr'>βασιλείᾳ</span> <span class='ocrx_word' id='word_1_236' title='bbox 2084 1924 2398 1998; x_wconf 87' lang='grc' dir='ltr'>Ῥωμαίων,</span> <span class='ocrx_word' id='word_1_237' title='bbox 2469 1924 2773 1981; x_wconf 80' lang='grc' dir='ltr'>συνέστειλε</span> <span class='ocrx_word' id='word_1_238' title='bbox 2841 1923 2898 1980; x_wconf 76' lang='grc' dir='ltr'>δὲ</span> <span class='ocrx_word' id='word_1_239' title='bbox 2961 1929 3059 1996; x_wconf 74' lang='grc' dir='ltr'>τήν</span> <span class='ocrx_word' id='word_1_240' title='bbox 3134 1928 3338 1983; x_wconf 83' lang='grc' dir='ltr'>ἐκείνου</span> <span class='ocrx_word' id='word_1_241' title='bbox 3404 1930 3718 2005; x_wconf 83' lang='grc' dir='ltr'>ἐννεαρχίαν</span> 
     </span>
    </p>
   </div>
   <div class='ocr_carea' id='block_1_25' title="bbox 300 2006 3716 2095">
    <p class='ocr_par' dir='ltr' id='par_1_25' title="bbox 300 2006 3716 2095">
     <span class='ocr_line' id='line_1_25' title="bbox 300 2006 3716 2095; baseline 0.002 -29"><span class='ocrx_word' id='word_1_242' title='bbox 300 2013 380 2073; x_wconf 77' lang='grc' dir='ltr'>εἷς</span> <span class='ocrx_word' id='word_1_243' title='bbox 438 2013 678 2086; x_wconf 81' lang='grc' dir='ltr'>τριετίαν</span> <span class='ocrx_word' id='word_1_244' title='bbox 738 2012 866 2074; x_wconf 88' lang='grc' dir='ltr'>Θεὸς</span> <span class='ocrx_word' id='word_1_245' title='bbox 907 2012 983 2074; x_wconf 83' lang='grc' dir='ltr'>ὡς</span> <span class='ocrx_word' id='word_1_246' title='bbox 1041 2006 1196 2074; x_wconf 72' lang='grc' dir='ltr'>ὄντος</span> <span class='ocrx_word' id='word_1_247' title='bbox 1251 2017 1572 2087; x_wconf 80' lang='grc' dir='ltr'>κακοεργοῦ,</span> <span class='ocrx_word' id='word_1_248' title='bbox 1630 2013 1826 2085; x_wconf 82' lang='grc' dir='ltr'>ἀμέλει</span> <span class='ocrx_word' id='word_1_249' title='bbox 1884 2035 1970 2070; x_wconf 92' lang='grc' dir='ltr'>τοι</span> <span class='ocrx_word' id='word_1_250' title='bbox 2027 2015 2118 2069; x_wconf 90' lang='lat' dir='ltr'>xui</span> <span class='ocrx_word' id='word_1_251' title='bbox 2179 2016 2254 2076; x_wconf 86' lang='grc' dir='ltr'>ὡς</span> <span class='ocrx_word' id='word_1_252' title='bbox 2311 2014 2475 2088; x_wconf 86' lang='grc' dir='ltr'>ῥάκος</span> <span class='ocrx_word' id='word_1_253' title='bbox 2531 2016 2784 2093; x_wconf 81' lang='grc' dir='ltr'>πορφύρᾳ</span> <span class='ocrx_word' id='word_1_254' title='bbox 2827 2011 3213 2086; x_wconf 75' lang='grc' dir='ltr'>ἐπιϐέϐληνται</span> <span class='ocrx_word' id='word_1_255' title='bbox 3261 2022 3330 2092; x_wconf 74' lang='grc' dir='ltr'>τῇ</span> <span class='ocrx_word' id='word_1_256' title='bbox 3362 2018 3524 2074; x_wconf 77' lang='grc' dir='ltr'>αὐτοῦ</span> <span class='ocrx_word' id='word_1_257' title='bbox 3555 2020 3716 2095; x_wconf 80' lang='grc' dir='ltr'>ἀρχῷ</span> 
     </span>
    </p>
   </div>
   <div class='ocr_carea' id='block_1_26' title="bbox 297 2096 3716 2180">
    <p class='ocr_par' dir='ltr' id='par_1_26' title="bbox 297 2096 3716 2180">
     <span class='ocr_line' id='line_1_26' title="bbox 297 2096 3716 2180; baseline 0.003 -26"><span class='ocrx_word' id='word_1_258' title='bbox 297 2101 391 2155; x_wconf 85' lang='grc' dir='ltr'>καὶ</span> <span class='ocrx_word' id='word_1_259' title='bbox 455 2101 505 2155; x_wconf 76' lang='lat' dir='ltr'>oi</span> <span class='ocrx_word' id='word_1_260' title='bbox 574 2100 782 2156; x_wconf 77' lang='grc' dir='ltr'>ἐκείνου</span> <span class='ocrx_word' id='word_1_261' title='bbox 847 2099 901 2170; x_wconf 75' lang='grc' dir='ltr'>’ἐξ</span> <span class='ocrx_word' id='word_1_262' title='bbox 969 2096 1320 2169; x_wconf 74' lang='grc' dir='ltr'>λυκάϐαντες,</span> <span class='ocrx_word' id='word_1_263' title='bbox 1389 2102 1480 2156; x_wconf 88' lang='lat' dir='ltr'>xui</span> <span class='ocrx_word' id='word_1_264' title='bbox 1551 2102 1745 2176; x_wconf 88' lang='grc' dir='ltr'>μέλλει</span> <span class='ocrx_word' id='word_1_265' title='bbox 1810 2104 1948 2159; x_wconf 84' lang='grc' dir='ltr'>κατὰ</span> <span class='ocrx_word' id='word_1_266' title='bbox 2012 2103 2240 2166; x_wconf 80' lang='grc' dir='ltr'>τούτους</span> <span class='ocrx_word' id='word_1_267' title='bbox 2289 2103 2447 2166; x_wconf 80' lang='grc' dir='ltr'>αὐτὸς</span> <span class='ocrx_word' id='word_1_268' title='bbox 2494 2106 2622 2167; x_wconf 81' lang='grc' dir='ltr'>τοὺς</span> <span class='ocrx_word' id='word_1_269' title='bbox 2672 2105 2906 2180; x_wconf 90' lang='grc' dir='ltr'>χρόνους</span> <span class='ocrx_word' id='word_1_270' title='bbox 2961 2108 3036 2178; x_wconf 84' lang='grc' dir='ltr'>μὴ</span> <span class='ocrx_word' id='word_1_271' title='bbox 3089 2105 3222 2160; x_wconf 78' lang='grc' dir='ltr'>εἶναι</span> <span class='ocrx_word' id='word_1_272' title='bbox 3270 2108 3406 2162; x_wconf 89' lang='grc' dir='ltr'>πάνυ</span> <span class='ocrx_word' id='word_1_273' title='bbox 3454 2130 3504 2163; x_wconf 91' lang='grc' dir='ltr'>τι</span> <span class='ocrx_word' id='word_1_274' title='bbox 3546 2108 3716 2165; x_wconf 83' lang='grc' dir='ltr'>ἐπιει-</span> 
     </span>
    </p>
   </div>
   <div class='ocr_carea' id='block_1_27' title="bbox 295 2189 3715 2275">
    <p class='ocr_par' dir='ltr' id='par_1_27' title="bbox 295 2189 3715 2275">
     <span class='ocr_line' id='line_1_27' title="bbox 295 2189 3715 2275; baseline 0.003 -29"><span class='ocrx_word' id='word_1_275' title='bbox 295 2193 403 2262; x_wconf 78' lang='grc' dir='ltr'>κής</span> <span class='ocrx_word' id='word_1_276' title='bbox 448 2211 507 2246; x_wconf 88' lang='grc' dir='ltr'>τε</span> <span class='ocrx_word' id='word_1_277' title='bbox 564 2197 652 2246; x_wconf 87' lang='grc' dir='ltr'><strong>καί</strong></span> <span class='ocrx_word' id='word_1_278' title='bbox 716 2191 933 2266; x_wconf 84' lang='grc' dir='ltr'>μέτριος</span> <span class='ocrx_word' id='word_1_279' title='bbox 997 2189 1127 2263; x_wconf 82' lang='grc' dir='ltr'>μηδ’</span> <span class='ocrx_word' id='word_1_280' title='bbox 1184 2192 1258 2254; x_wconf 84' lang='grc' dir='ltr'>ὡς</span> <span class='ocrx_word' id='word_1_281' title='bbox 1315 2192 1508 2248; x_wconf 77' lang='grc' dir='ltr'>ἐπίπαν</span> <span class='ocrx_word' id='word_1_282' title='bbox 1567 2198 1687 2257; x_wconf 89' lang='grc' dir='ltr'>ταῖς</span> <span class='ocrx_word' id='word_1_283' title='bbox 1739 2194 2160 2267; x_wconf 79' lang='grc' dir='ltr'>ἀγαθοπραξίαις</span> <span class='ocrx_word' id='word_1_284' title='bbox 2220 2197 2579 2270; x_wconf 86' lang='grc' dir='ltr'>γαννύμενος,</span> <span class='ocrx_word' id='word_1_285' title='bbox 2639 2197 2731 2252; x_wconf 79' lang='grc' dir='ltr'>οἷα</span> <span class='ocrx_word' id='word_1_286' title='bbox 2801 2201 2908 2252; x_wconf 83' lang='grc' dir='ltr'>τῶν</span> <span class='ocrx_word' id='word_1_287' title='bbox 2986 2203 3300 2252; x_wconf 83' lang='grc' dir='ltr'>κακοποιῶν</span> <span class='ocrx_word' id='word_1_288' title='bbox 3371 2196 3715 2275; x_wconf 74' lang='grc' dir='ltr'>Ἀνδρονίκου</span> 
     </span>
    </p>
   </div>
   <div class='ocr_carea' id='block_1_28' title="bbox 299 2280 3719 2361">
    <p class='ocr_par' dir='ltr' id='par_1_28' title="bbox 299 2280 3719 2361">
     <span class='ocr_line' id='line_1_28' title="bbox 299 2280 3719 2361; baseline 0.002 -25"><span class='ocrx_word' id='word_1_289' title='bbox 299 2281 562 2336; x_wconf 79' lang='grc' dir='ltr'>ἐνιαυτῶν</span> <span class='ocrx_word' id='word_1_290' title='bbox 626 2281 762 2355; x_wconf 82' lang='grc' dir='ltr'>πρὸς</span> <span class='ocrx_word' id='word_1_291' title='bbox 829 2283 927 2348; x_wconf 77' lang='grc' dir='ltr'>τὴν</span> <span class='ocrx_word' id='word_1_292' title='bbox 989 2280 1188 2335; x_wconf 76' lang='grc' dir='ltr'>ἐκείνου</span> <span class='ocrx_word' id='word_1_293' title='bbox 1259 2281 1634 2354; x_wconf 87' lang='grc' dir='ltr'>μεθελκόντων</span> <span class='ocrx_word' id='word_1_294' title='bbox 1730 2283 1885 2360; x_wconf 85' lang='grc' dir='ltr'>φύσιν</span> <span class='ocrx_word' id='word_1_295' title='bbox 1975 2283 2132 2338; x_wconf 87' lang='grc' dir='ltr'>αὐτὸν</span> <span class='ocrx_word' id='word_1_296' title='bbox 2192 2283 2281 2338; x_wconf 89' lang='lat' dir='ltr'>xui</span> <span class='ocrx_word' id='word_1_297' title='bbox 2347 2284 2726 2339; x_wconf 86' lang='grc' dir='ltr'>ἀντισπώντων</span> <span class='ocrx_word' id='word_1_298' title='bbox 2821 2285 3190 2361; x_wconf 83' lang='grc' dir='ltr'>ἀναγκαστῶς.</span> <span class='ocrx_word' id='word_1_299' title='bbox 3266 2290 3444 2344; x_wconf 85' lang='grc' dir='ltr'>Ταῦτα</span> <span class='ocrx_word' id='word_1_300' title='bbox 3530 2287 3586 2344; x_wconf 71' lang='grc' dir='ltr'>δὲ</span> <span class='ocrx_word' id='word_1_301' title='bbox 3673 2289 3719 2344; x_wconf 75' lang='grc' dir='ltr'>εἱ</span> 
     </span>
    </p>
   </div>
   <div class='ocr_carea' id='block_1_29' title="bbox 297 2368 3705 2448">
    <p class='ocr_par' dir='ltr' id='par_1_29' title="bbox 297 2368 3705 2448">
     <span class='ocr_line' id='line_1_29' title="bbox 297 2368 3705 2448; baseline 0.003 -25"><span class='ocrx_word' id='word_1_302' title='bbox 297 2372 388 2424; x_wconf 87' lang='lat' dir='ltr'>xui</span> <span class='ocrx_word' id='word_1_303' title='bbox 455 2368 783 2444; x_wconf 84' lang='grc' dir='ltr'>Ἀνδρονίκῳ</span> <span class='ocrx_word' id='word_1_304' title='bbox 867 2369 930 2424; x_wconf 88' lang='grc' dir='ltr'>τὸ</span> <span class='ocrx_word' id='word_1_305' title='bbox 1014 2370 1418 2446; x_wconf 87' lang='grc' dir='ltr'>ἀνεπέγκλητον</span> <span class='ocrx_word' id='word_1_306' title='bbox 1504 2371 1817 2446; x_wconf 82' lang='grc' dir='ltr'>χαρίζονται</span> <span class='ocrx_word' id='word_1_307' title='bbox 1905 2371 1979 2433; x_wconf 85' lang='grc' dir='ltr'>ὡς</span> <span class='ocrx_word' id='word_1_308' title='bbox 2061 2374 2197 2427; x_wconf 80' lang='grc' dir='ltr'>κατὰ</span> <span class='ocrx_word' id='word_1_309' title='bbox 2283 2373 2518 2447; x_wconf 87' lang='grc' dir='ltr'>χρόνους</span> <span class='ocrx_word' id='word_1_310' title='bbox 2577 2372 2794 2446; x_wconf 74' lang='grc' dir='ltr'>ἄρξαντι</span> <span class='ocrx_word' id='word_1_311' title='bbox 2851 2376 3203 2447; x_wconf 80' lang='grc' dir='ltr'>κακοποιοὺς,</span> <span class='ocrx_word' id='word_1_312' title='bbox 3275 2377 3365 2430; x_wconf 88' lang='lat' dir='ltr'>xui</span> <span class='ocrx_word' id='word_1_313' title='bbox 3423 2377 3705 2448; x_wconf 86' lang='grc' dir='ltr'>συνίστησι</span> 
     </span>
    </p>
   </div>
   <div class='ocr_carea' id='block_1_30' title="bbox 299 2459 3713 2540">
    <p class='ocr_par' dir='ltr' id='par_1_30' title="bbox 299 2459 3713 2540">
     <span class='ocr_line' id='line_1_30' title="bbox 299 2459 3713 2540; baseline 0.003 -28"><span class='ocrx_word' id='word_1_314' title='bbox 299 2461 402 2528; x_wconf 75' lang='grc' dir='ltr'>τήν</span> <span class='ocrx_word' id='word_1_315' title='bbox 462 2460 798 2534; x_wconf 69' lang='grc' dir='ltr'>εἱμαρμένην</span> <span class='ocrx_word' id='word_1_316' title='bbox 856 2459 946 2512; x_wconf 89' lang='lat' dir='ltr'>xui</span> <span class='ocrx_word' id='word_1_317' title='bbox 1008 2461 1108 2528; x_wconf 76' lang='grc' dir='ltr'>τήν</span> <span class='ocrx_word' id='word_1_318' title='bbox 1181 2459 1445 2534; x_wconf 83' lang='grc' dir='ltr'>ἀνάγκην,</span> <span class='ocrx_word' id='word_1_319' title='bbox 1524 2461 1764 2534; x_wconf 87' lang='grc' dir='ltr'>παρίημι</span> <span class='ocrx_word' id='word_1_320' title='bbox 1839 2465 1952 2522; x_wconf 88' lang='grc' dir='ltr'>τοῖς</span> <span class='ocrx_word' id='word_1_321' title='bbox 2033 2459 2392 2535; x_wconf 81' lang='grc' dir='ltr'>βουλομένοις</span> <span class='ocrx_word' id='word_1_322' title='bbox 2473 2468 2714 2519; x_wconf 88' lang='grc' dir='ltr'>σκοπεῖν.</span> <span class='ocrx_word' id='word_1_323' title='bbox 2794 2464 2943 2518; x_wconf 84' lang='grc' dir='ltr'>Ἐπεὶ</span> <span class='ocrx_word' id='word_1_324' title='bbox 3016 2461 3073 2518; x_wconf 78' lang='grc' dir='ltr'>δὲ</span> <span class='ocrx_word' id='word_1_325' title='bbox 3132 2465 3183 2518; x_wconf 77' lang='grc' dir='ltr'>οἱ</span> <span class='ocrx_word' id='word_1_326' title='bbox 3237 2462 3292 2535; x_wconf 76' lang='grc' dir='ltr'>ἓξ</span> <span class='ocrx_word' id='word_1_327' title='bbox 3359 2466 3713 2540; x_wconf 77' lang='grc' dir='ltr'>παρήλθοσαν</span> 
     </span>
    </p>
   </div>
   <div class='ocr_carea' id='block_1_31' title="bbox 296 2543 3706 2628">
    <p class='ocr_par' dir='ltr' id='par_1_31' title="bbox 296 2543 3706 2628">
     <span class='ocr_line' id='line_1_31' title="bbox 296 2543 3706 2628; baseline 0.002 -26"><span class='ocrx_word' id='word_1_328' title='bbox 296 2548 554 2618; x_wconf 77' lang='grc' dir='ltr'>ἐνιαυτοὶ,</span> <span class='ocrx_word' id='word_1_329' title='bbox 588 2543 781 2618; x_wconf 75' lang='grc' dir='ltr'>ἔδειξεν</span> <span class='ocrx_word' id='word_1_330' title='bbox 817 2549 878 2603; x_wconf 82' lang='grc' dir='ltr'>ἐκ</span> <span class='ocrx_word' id='word_1_331' title='bbox 907 2552 1014 2604; x_wconf 87' lang='grc' dir='ltr'>τῶν</span> <span class='ocrx_word' id='word_1_332' title='bbox 1042 2550 1380 2623; x_wconf 84' lang='grc' dir='ltr'>πραγμάτων</span> <span class='ocrx_word' id='word_1_333' title='bbox 1415 2549 1590 2605; x_wconf 79' lang='grc' dir='ltr'>αὐτῶν</span> <span class='ocrx_word' id='word_1_334' title='bbox 1626 2551 1701 2622; x_wconf 83' lang='grc' dir='ltr'>μή</span> <span class='ocrx_word' id='word_1_335' title='bbox 1733 2551 1830 2618; x_wconf 75' lang='grc' dir='ltr'>τὴν</span> <span class='ocrx_word' id='word_1_336' title='bbox 1870 2552 2137 2628; x_wconf 78' lang='grc' dir='ltr'>χρονικῆν</span> <span class='ocrx_word' id='word_1_337' title='bbox 2171 2548 2443 2624; x_wconf 85' lang='grc' dir='ltr'>περίοδον,</span> <span class='ocrx_word' id='word_1_338' title='bbox 2477 2550 2621 2606; x_wconf 81' lang='grc' dir='ltr'>ἀλλὰ</span> <span class='ocrx_word' id='word_1_339' title='bbox 2649 2554 2747 2620; x_wconf 72' lang='grc' dir='ltr'>τὴν</span> <span class='ocrx_word' id='word_1_340' title='bbox 2776 2555 3061 2626; x_wconf 76' lang='grc' dir='ltr'>γνωμικὴν</span> <span class='ocrx_word' id='word_1_341' title='bbox 3095 2551 3341 2623; x_wconf 80' lang='grc' dir='ltr'>ἰδιότητα</span> <span class='ocrx_word' id='word_1_342' title='bbox 3369 2551 3706 2611; x_wconf 76' lang='grc' dir='ltr'>ὓποϐάλλειν</span> 
     </span>
    </p>
   </div>
   <div class='ocr_carea' id='block_1_32' title="bbox 288 2636 3713 2716">
    <p class='ocr_par' dir='ltr' id='par_1_32' title="bbox 288 2636 3713 2716">
     <span class='ocr_line' id='line_1_32' title="bbox 288 2636 3713 2716; baseline 0.002 -25"><span class='ocrx_word' id='word_1_343' title='bbox 288 2638 380 2692; x_wconf 87' lang='grc' dir='ltr'>καὶ</span> <span class='ocrx_word' id='word_1_344' title='bbox 406 2636 719 2702; x_wconf 68' lang='grc' dir='ltr'>ὑποτιθέναι</span> <span class='ocrx_word' id='word_1_345' title='bbox 751 2639 817 2692; x_wconf 76' lang='grc' dir='ltr'>τά</span> <span class='ocrx_word' id='word_1_346' title='bbox 849 2637 1125 2713; x_wconf 85' lang='grc' dir='ltr'>βουλητέα</span> <span class='ocrx_word' id='word_1_347' title='bbox 1153 2637 1313 2692; x_wconf 84' lang='grc' dir='ltr'>τισίν’</span> <span class='ocrx_word' id='word_1_348' title='bbox 1341 2638 1513 2712; x_wconf 84' lang='grc' dir='ltr'>ἀγαθᾶ</span> <span class='ocrx_word' id='word_1_349' title='bbox 1531 2638 1630 2712; x_wconf 77' lang='grc' dir='ltr'>γὰρ</span> <span class='ocrx_word' id='word_1_350' title='bbox 1656 2637 2127 2714; x_wconf 65' lang='grc' dir='ltr'>ἐπαγγελλόμενος</span> <span class='ocrx_word' id='word_1_351' title='bbox 2165 2640 2384 2713; x_wconf 84' lang='grc' dir='ltr'>μείζονα</span> <span class='ocrx_word' id='word_1_352' title='bbox 2412 2647 2527 2702; x_wconf 87' lang='grc' dir='ltr'>τοῖς</span> <span class='ocrx_word' id='word_1_353' title='bbox 2562 2641 2827 2711; x_wconf 87' lang='grc' dir='ltr'>ὑπηκόοις</span> <span class='ocrx_word' id='word_1_354' title='bbox 2851 2641 2926 2703; x_wconf 81' lang='grc' dir='ltr'>εἷς</span> <span class='ocrx_word' id='word_1_355' title='bbox 2957 2643 3084 2703; x_wconf 78' lang='grc' dir='ltr'>τοὺς</span> <span class='ocrx_word' id='word_1_356' title='bbox 3117 2643 3402 2716; x_wconf 81' lang='grc' dir='ltr'>μετέπειτα</span> <span class='ocrx_word' id='word_1_357' title='bbox 3434 2644 3713 2708; x_wconf 82' lang='grc' dir='ltr'>ἐνιαυτοὺς</span> 
     </span>
    </p>
   </div>
   <div class='ocr_carea' id='block_1_33' title="bbox 294 2724 1590 2804">
    <p class='ocr_par' dir='ltr' id='par_1_33' title="bbox 294 2724 1590 2804">
     <span class='ocr_line' id='line_1_33' title="bbox 294 2724 1590 2804; baseline 0 -22"><span class='ocrx_word' id='word_1_358' title='bbox 294 2724 450 2782; x_wconf 82' lang='grc' dir='ltr'>ούδεν</span> <span class='ocrx_word' id='word_1_359' title='bbox 485 2748 535 2782; x_wconf 92' lang='grc' dir='ltr'>τι</span> <span class='ocrx_word' id='word_1_360' title='bbox 572 2731 681 2780; x_wconf 90' lang='grc' dir='ltr'>τῶν</span> <span class='ocrx_word' id='word_1_361' title='bbox 712 2728 993 2802; x_wconf 86' lang='grc' dir='ltr'>προτέρων</span> <span class='ocrx_word' id='word_1_362' title='bbox 1028 2726 1313 2804; x_wconf 84' lang='grc' dir='ltr'>εἰργάσατο</span> <span class='ocrx_word' id='word_1_363' title='bbox 1347 2725 1590 2800; x_wconf 75' lang='grc' dir='ltr'>ἄμεινον.</span> 
     </span>
    </p>
   </div>
   <div class='ocr_carea' id='block_1_34' title="bbox 373 2813 2034 2894">
    <p class='ocr_par' dir='ltr' id='par_1_34' title="bbox 373 2813 2034 2894">
     <span class='ocr_line' id='line_1_34' title="bbox 373 2813 2034 2894; baseline 0.001 -25"><span class='ocrx_word' id='word_1_364' title='bbox 373 2813 439 2872; x_wconf 78' lang='grc' dir='ltr'>δ’.</span> <span class='ocrx_word' id='word_1_365' title='bbox 495 2816 560 2873; x_wconf 74' lang='grc' dir='ltr'>Οἱ</span> <span class='ocrx_word' id='word_1_366' title='bbox 622 2818 803 2883; x_wconf 83' lang='grc' dir='ltr'>μέντοι</span> <span class='ocrx_word' id='word_1_367' title='bbox 864 2815 1076 2889; x_wconf 89' lang='grc' dir='ltr'>Βλάχοι</span> <span class='ocrx_word' id='word_1_368' title='bbox 1144 2821 1223 2885; x_wconf 84' lang='grc' dir='ltr'>τῷ</span> <span class='ocrx_word' id='word_1_369' title='bbox 1290 2815 1371 2870; x_wconf 88' lang='grc' dir='ltr'>ἀεὶ</span> <span class='ocrx_word' id='word_1_370' title='bbox 1438 2819 1587 2886; x_wconf 79' lang='grc' dir='ltr'>νικᾷν</span> <span class='ocrx_word' id='word_1_371' title='bbox 1650 2817 2034 2894; x_wconf 72' lang='grc' dir='ltr'>ῬωμαίουςΒ</span> 
     </span>
    </p>
   </div>
   <div class='ocr_carea' id='block_1_35' title="bbox 317 2900 1961 2980">
    <p class='ocr_par' dir='ltr' id='par_1_35' title="bbox 317 2900 1961 2980">
     <span class='ocr_line' id='line_1_35' title="bbox 317 2900 1961 2980; baseline 0.002 -25"><span class='ocrx_word' id='word_1_372' title='bbox 317 2903 732 2980; x_wconf 76' lang='grc' dir='ltr'>ὀφρυαζόμενοι,</span> <span class='ocrx_word' id='word_1_373' title='bbox 765 2905 856 2960; x_wconf 82' lang='grc' dir='ltr'>καὶ</span> <span class='ocrx_word' id='word_1_374' title='bbox 887 2903 1131 2959; x_wconf 76' lang='grc' dir='ltr'>πλοῦτον</span> <span class='ocrx_word' id='word_1_375' title='bbox 1158 2900 1320 2979; x_wconf 70' lang='grc' dir='ltr'>ἁϐρὸν</span> <span class='ocrx_word' id='word_1_376' title='bbox 1353 2905 1442 2959; x_wconf 82' lang='grc' dir='ltr'>καὶ</span> <span class='ocrx_word' id='word_1_377' title='bbox 1489 2909 1746 2959; x_wconf 86' lang='grc' dir='ltr'>παντοῖον</span> <span class='ocrx_word' id='word_1_378' title='bbox 1794 2902 1961 2958; x_wconf 75' lang='grc' dir='ltr'>όπλιο</span> 
     </span>
    </p>
   </div>
   <div class='ocr_carea' id='block_1_36' title="bbox 317 2989 1961 3073">
    <p class='ocr_par' dir='ltr' id='par_1_36' title="bbox 317 2989 1961 3073">
     <span class='ocr_line' id='line_1_36' title="bbox 317 2989 1961 3073; baseline 0.002 -28"><span class='ocrx_word' id='word_1_379' title='bbox 317 2990 449 3046; x_wconf 84' lang='grc' dir='ltr'>σλὸν</span> <span class='ocrx_word' id='word_1_380' title='bbox 501 2993 558 3048; x_wconf 77' lang='grc' dir='ltr'>ἐκ</span> <span class='ocrx_word' id='word_1_381' title='bbox 605 2999 712 3049; x_wconf 90' lang='grc' dir='ltr'>τῶν</span> <span class='ocrx_word' id='word_1_382' title='bbox 767 2996 1094 3071; x_wconf 82' lang='grc' dir='ltr'>Ῥωμφϊκῶν</span> <span class='ocrx_word' id='word_1_383' title='bbox 1142 2992 1397 3073; x_wconf 87' lang='grc' dir='ltr'>λαφύρων</span> <span class='ocrx_word' id='word_1_384' title='bbox 1467 2989 1961 3068; x_wconf 75' lang='grc' dir='ltr'>περιϐαλλόμενοι,</span> 
     </span>
    </p>
   </div>
   <div class='ocr_carea' id='block_1_37' title="bbox 242 3079 1958 3158">
    <p class='ocr_par' dir='ltr' id='par_1_37' title="bbox 242 3079 1958 3158">
     <span class='ocr_line' id='line_1_37' title="bbox 242 3079 1958 3158; baseline 0.002 -24"><span class='ocrx_word' id='word_1_385' title='bbox 242 3146 249 3152; x_wconf 27' lang='grc' dir='ltr'><em>ι</em></span> <span class='ocrx_word' id='word_1_386' title='bbox 313 3079 676 3156; x_wconf 77' lang='grc' dir='ltr'>ἀκατάσχετοι</span> <span class='ocrx_word' id='word_1_387' title='bbox 734 3084 830 3138; x_wconf 75' lang='grc' dir='ltr'>τού</span> <span class='ocrx_word' id='word_1_388' title='bbox 889 3082 1089 3138; x_wconf 79' lang='grc' dir='ltr'>λοιποῦ</span> <span class='ocrx_word' id='word_1_389' title='bbox 1140 3088 1259 3144; x_wconf 80' lang='grc' dir='ltr'>ταῖς</span> <span class='ocrx_word' id='word_1_390' title='bbox 1319 3084 1515 3157; x_wconf 87' lang='grc' dir='ltr'>ὁρμαῖς</span> <span class='ocrx_word' id='word_1_391' title='bbox 1599 3081 1958 3158; x_wconf 78' lang='grc' dir='ltr'>ἐγεγόνεισαν,</span> 
     </span>
    </p>
   </div>
   <div class='ocr_carea' id='block_1_38' title="bbox 300 3169 1962 3248">
    <p class='ocr_par' dir='ltr' id='par_1_38' title="bbox 300 3169 1962 3248">
     <span class='ocr_line' id='line_1_38' title="bbox 300 3169 1962 3248; baseline 0.002 -26"><span class='ocrx_word' id='word_1_392' title='bbox 300 3169 394 3223; x_wconf 87' lang='lat' dir='ltr'>xui</span> <span class='ocrx_word' id='word_1_393' title='bbox 450 3169 622 3224; x_wconf 79' lang='grc' dir='ltr'>οὐκέτι</span> <span class='ocrx_word' id='word_1_394' title='bbox 683 3173 875 3245; x_wconf 82' lang='grc' dir='ltr'>κώμας</span> <span class='ocrx_word' id='word_1_395' title='bbox 934 3172 1025 3226; x_wconf 88' lang='grc' dir='ltr'>καὶ</span> <span class='ocrx_word' id='word_1_396' title='bbox 1084 3171 1287 3248; x_wconf 79' lang='grc' dir='ltr'>ἀγροὺς</span> <span class='ocrx_word' id='word_1_397' title='bbox 1345 3169 1638 3240; x_wconf 73' lang='grc' dir='ltr'>ἐληΐζοντο</span> <span class='ocrx_word' id='word_1_398' title='bbox 1699 3170 1962 3239; x_wconf 82' lang='grc' dir='ltr'>ἐπιόντες,</span> 
     </span>
    </p>
   </div>
   <div class='ocr_carea' id='block_1_39' title="bbox 299 3255 1959 3336">
    <p class='ocr_par' dir='ltr' id='par_1_39' title="bbox 299 3255 1959 3336">
     <span class='ocr_line' id='line_1_39' title="bbox 299 3255 1959 3336; baseline 0.002 -25"><span class='ocrx_word' id='word_1_399' title='bbox 299 3255 453 3314; x_wconf 75' lang='grc' dir='ltr'>ἄλλα</span> <span class='ocrx_word' id='word_1_400' title='bbox 494 3261 584 3313; x_wconf 82' lang='grc' dir='ltr'>καὶ</span> <span class='ocrx_word' id='word_1_401' title='bbox 638 3263 775 3315; x_wconf 79' lang='grc' dir='ltr'>κατὰ</span> <span class='ocrx_word' id='word_1_402' title='bbox 817 3266 924 3315; x_wconf 91' lang='grc' dir='ltr'>τῶν</span> <span class='ocrx_word' id='word_1_403' title='bbox 973 3259 1251 3333; x_wconf 84' lang='grc' dir='ltr'>εὐπύργων</span> <span class='ocrx_word' id='word_1_404' title='bbox 1299 3259 1675 3336; x_wconf 76' lang='grc' dir='ltr'>ἐφωπλίζοντο</span> <span class='ocrx_word' id='word_1_405' title='bbox 1724 3259 1959 3322; x_wconf 87' lang='grc' dir='ltr'>πόλεων,</span> 
     </span>
    </p>
   </div>
   <div class='ocr_carea' id='block_1_40' title="bbox 304 3347 1958 3426">
    <p class='ocr_par' dir='ltr' id='par_1_40' title="bbox 304 3347 1958 3426">
     <span class='ocr_line' id='line_1_40' title="bbox 304 3347 1958 3426; baseline 0.001 -22"><span class='ocrx_word' id='word_1_406' title='bbox 304 3349 422 3416; x_wconf 74' lang='grc' dir='ltr'>Τήν</span> <span class='ocrx_word' id='word_1_407' title='bbox 469 3369 526 3403; x_wconf 92' lang='grc' dir='ltr'>τε</span> <span class='ocrx_word' id='word_1_408' title='bbox 576 3347 666 3403; x_wconf 75' lang='grc' dir='ltr'>οὖν</span> <span class='ocrx_word' id='word_1_409' title='bbox 715 3347 1008 3426; x_wconf 82' lang='grc' dir='ltr'>Ἀγχίαλον</span> <span class='ocrx_word' id='word_1_410' title='bbox 1057 3348 1416 3423; x_wconf 79' lang='grc' dir='ltr'>ἐξεπόρθησαν</span> <span class='ocrx_word' id='word_1_411' title='bbox 1461 3350 1551 3403; x_wconf 90' lang='grc' dir='ltr'>καὶ</span> <span class='ocrx_word' id='word_1_412' title='bbox 1603 3351 1702 3419; x_wconf 79' lang='grc' dir='ltr'>τήν</span> <span class='ocrx_word' id='word_1_413' title='bbox 1754 3350 1958 3425; x_wconf 86' lang='grc' dir='ltr'>Βάρναν</span> 
     </span>
    </p>
   </div>
   <div class='ocr_carea' id='block_1_41' title="bbox 303 3435 1961 3514">
    <p class='ocr_par' dir='ltr' id='par_1_41' title="bbox 303 3435 1961 3514">
     <span class='ocr_line' id='line_1_41' title="bbox 303 3435 1961 3514; baseline 0.002 -24"><span class='ocrx_word' id='word_1_414' title='bbox 303 3440 747 3512; x_wconf 72' lang='grc' dir='ltr'>παρεστήσαντο,</span> <span class='ocrx_word' id='word_1_415' title='bbox 777 3438 865 3492; x_wconf 81' lang='grc' dir='ltr'>καὶ</span> <span class='ocrx_word' id='word_1_416' title='bbox 921 3436 1054 3492; x_wconf 79' lang='grc' dir='ltr'>κατὰ</span> <span class='ocrx_word' id='word_1_417' title='bbox 1101 3438 1200 3504; x_wconf 76' lang='grc' dir='ltr'>τὴν</span> <span class='ocrx_word' id='word_1_418' title='bbox 1241 3435 1567 3510; x_wconf 86' lang='grc' dir='ltr'>Τριάδιτζαν</span> <span class='ocrx_word' id='word_1_419' title='bbox 1615 3439 1961 3514; x_wconf 83' lang='grc' dir='ltr'>ἀφικόμενοι,</span> 
     </span>
    </p>
   </div>
   <div class='ocr_carea' id='block_1_42' title="bbox 299 3524 1963 3600">
    <p class='ocr_par' dir='ltr' id='par_1_42' title="bbox 299 3524 1963 3600">
     <span class='ocr_line' id='line_1_42' title="bbox 308 3524 1928 3548; baseline 0 -1"><span class='ocrx_word' id='word_1_420' title='bbox 308 3528 334 3548; x_wconf 72' lang='grc' dir='ltr'><em>η</em></span> <span class='ocrx_word' id='word_1_421' title='bbox 670 3528 678 3542; x_wconf 83' lang='grc' dir='ltr'><strong><em>Ι</em></strong></span> <span class='ocrx_word' id='word_1_422' title='bbox 825 3525 841 3540; x_wconf 68' lang='lat'><strong>‘</strong></span> <span class='ocrx_word' id='word_1_423' title='bbox 1010 3525 1018 3542; x_wconf 65' lang='grc' dir='ltr'>θ</span> <span class='ocrx_word' id='word_1_424' title='bbox 1265 3524 1286 3543; x_wconf 54' lang='grc' dir='ltr'>δ</span> <span class='ocrx_word' id='word_1_425' title='bbox 1361 3529 1374 3544; x_wconf 75' lang='lat'><strong>‘</strong></span> <span class='ocrx_word' id='word_1_426' title='bbox 1496 3528 1510 3546; x_wconf 59' lang='grc' dir='ltr'><em>κ</em></span> <span class='ocrx_word' id='word_1_427' title='bbox 1677 3533 1696 3542; x_wconf 66' lang='grc' dir='ltr'><em>υ</em></span> <span class='ocrx_word' id='word_1_428' title='bbox 1839 3529 1852 3548; x_wconf 65' lang='lat'><strong><em>7</em></strong></span> <span class='ocrx_word' id='word_1_429' title='bbox 1901 3536 1928 3547; x_wconf 63' lang='grc' dir='ltr'>ιο</span> 
     </span>
     <span class='ocr_line' id='line_1_43' title="bbox 299 3525 1963 3600; baseline 0.002 -20"><span class='ocrx_word' id='word_1_430' title='bbox 299 3549 336 3596; x_wconf 89' lang='grc' dir='ltr'>η</span> <span class='ocrx_word' id='word_1_431' title='bbox 373 3528 514 3581; x_wconf 76' lang='grc' dir='ltr'>ἐστιν</span> <span class='ocrx_word' id='word_1_432' title='bbox 544 3529 578 3594; x_wconf 80' lang='grc' dir='ltr'>ἡ</span> <span class='ocrx_word' id='word_1_433' title='bbox 611 3525 781 3581; x_wconf 89' lang='grc' dir='ltr'>παλαι</span> <span class='ocrx_word' id='word_1_434' title='bbox 827 3541 1088 3600; x_wconf 86' lang='grc' dir='ltr'>Λεγομενη</span> <span class='ocrx_word' id='word_1_435' title='bbox 1143 3533 1408 3599; x_wconf 85' lang='grc' dir='ltr'>Σαροικη,</span> <span class='ocrx_word' id='word_1_436' title='bbox 1456 3547 1519 3582; x_wconf 89' lang='grc' dir='ltr'>το</span> <span class='ocrx_word' id='word_1_437' title='bbox 1565 3525 1756 3582; x_wconf 89' lang='grc' dir='ltr'>πλειον</span> <span class='ocrx_word' id='word_1_438' title='bbox 1796 3549 1963 3598; x_wconf 83' lang='grc' dir='ltr'>αυτης</span> 
     </span>
    </p>
   </div>
   <div class='ocr_carea' id='block_1_43' title="bbox 303 3614 1962 3694">
    <p class='ocr_par' dir='ltr' id='par_1_43' title="bbox 303 3614 1962 3694">
     <span class='ocr_line' id='line_1_44' title="bbox 303 3614 1962 3694; baseline 0.001 -23"><span class='ocrx_word' id='word_1_439' title='bbox 303 3618 476 3690; x_wconf 75' lang='grc' dir='ltr'>μέρος</span> <span class='ocrx_word' id='word_1_440' title='bbox 533 3615 818 3694; x_wconf 77' lang='grc' dir='ltr'>ἠφάνισαν,</span> <span class='ocrx_word' id='word_1_441' title='bbox 877 3617 966 3669; x_wconf 84' lang='grc' dir='ltr'>καὶ</span> <span class='ocrx_word' id='word_1_442' title='bbox 1025 3616 1156 3670; x_wconf 82' lang='grc' dir='ltr'>αὐτὸ</span> <span class='ocrx_word' id='word_1_443' title='bbox 1215 3614 1272 3670; x_wconf 81' lang='grc' dir='ltr'>δὲ</span> <span class='ocrx_word' id='word_1_444' title='bbox 1327 3618 1389 3672; x_wconf 84' lang='grc' dir='ltr'>τὸ</span> <span class='ocrx_word' id='word_1_445' title='bbox 1453 3616 1768 3690; x_wconf 88' lang='grc' dir='ltr'>Στούμπιον</span> <span class='ocrx_word' id='word_1_446' title='bbox 1855 3624 1962 3674; x_wconf 90' lang='grc' dir='ltr'>τῶν</span> 
     </span>
    </p>
   </div>
   <div class='ocr_carea' id='block_1_44' title="bbox 302 3703 1958 3766">
    <p class='ocr_par' dir='ltr' id='par_1_44' title="bbox 302 3703 1958 3766">
     <span class='ocr_line' id='line_1_45' title="bbox 302 3703 1958 3766; baseline 0.001 -7"><span class='ocrx_word' id='word_1_447' title='bbox 302 3703 664 3760; x_wconf 76' lang='grc' dir='ltr'>ἐνοικούντων</span> <span class='ocrx_word' id='word_1_448' title='bbox 735 3704 1022 3759; x_wconf 83' lang='grc' dir='ltr'>ἐκένωσαν.</span> <span class='ocrx_word' id='word_1_449' title='bbox 1093 3703 1269 3760; x_wconf 79' lang='grc' dir='ltr'>’Λλλᾶ</span> <span class='ocrx_word' id='word_1_450' title='bbox 1325 3706 1415 3760; x_wconf 88' lang='lat' dir='ltr'>xui</span> <span class='ocrx_word' id='word_1_451' title='bbox 1494 3706 1569 3766; x_wconf 87' lang='grc' dir='ltr'>εἷς</span> <span class='ocrx_word' id='word_1_452' title='bbox 1644 3707 1735 3762; x_wconf 82' lang='grc' dir='ltr'>τὸν</span> <span class='ocrx_word' id='word_1_453' title='bbox 1789 3712 1958 3763; x_wconf 85' lang='grc' dir='ltr'>Νῖσον</span> 
     </span>
    </p>
   </div>
   <div class='ocr_carea' id='block_1_45' title="bbox 301 3793 1961 3874">
    <p class='ocr_par' dir='ltr' id='par_1_45' title="bbox 301 3793 1961 3874">
     <span class='ocr_line' id='line_1_46' title="bbox 301 3793 1961 3874; baseline 0.001 -24"><span class='ocrx_word' id='word_1_454' title='bbox 301 3795 631 3874; x_wconf 86' lang='grc' dir='ltr'>ἀφικόμενοι</span> <span class='ocrx_word' id='word_1_455' title='bbox 663 3793 811 3850; x_wconf 84' lang='grc' dir='ltr'>λείαν</span> <span class='ocrx_word' id='word_1_456' title='bbox 866 3795 1110 3848; x_wconf 81' lang='grc' dir='ltr'>κάκεῖθεν</span> <span class='ocrx_word' id='word_1_457' title='bbox 1163 3795 1264 3848; x_wconf 85' lang='grc' dir='ltr'>οὐκ</span> <span class='ocrx_word' id='word_1_458' title='bbox 1311 3794 1506 3872; x_wconf 75' lang='grc' dir='ltr'>ὀλίγην</span> <span class='ocrx_word' id='word_1_459' title='bbox 1560 3795 1854 3868; x_wconf 84' lang='grc' dir='ltr'>ἀνθρώπων</span> <span class='ocrx_word' id='word_1_460' title='bbox 1903 3817 1961 3851; x_wconf 89' lang='grc' dir='ltr'>τε</span> 
     </span>
    </p>
   </div>
   <div class='ocr_carea' id='block_1_46' title="bbox 293 3881 1957 3960">
    <p class='ocr_par' dir='ltr' id='par_1_46' title="bbox 293 3881 1957 3960">
     <span class='ocr_line' id='line_1_47' title="bbox 293 3881 1957 3960; baseline -0.001 -20"><span class='ocrx_word' id='word_1_461' title='bbox 293 3888 388 3940; x_wconf 84' lang='lat' dir='ltr'>xui</span> <span class='ocrx_word' id='word_1_462' title='bbox 437 3887 589 3954; x_wconf 84' lang='grc' dir='ltr'>ζώων</span> <span class='ocrx_word' id='word_1_463' title='bbox 652 3883 1044 3940; x_wconf 85' lang='grc' dir='ltr'>ἐπεσπάσαντο.</span> <span class='ocrx_word' id='word_1_464' title='bbox 1115 3886 1205 3953; x_wconf 70' lang='grc' dir='ltr'>Μὴ</span> <span class='ocrx_word' id='word_1_465' title='bbox 1271 3881 1414 3958; x_wconf 77' lang='grc' dir='ltr'>ἔχων</span> <span class='ocrx_word' id='word_1_466' title='bbox 1485 3882 1531 3938; x_wconf 88' lang='grc' dir='ltr'>δ’</span> <span class='ocrx_word' id='word_1_467' title='bbox 1593 3885 1621 3939; x_wconf 88' lang='grc' dir='ltr'>ὁ</span> <span class='ocrx_word' id='word_1_468' title='bbox 1681 3883 1957 3960; x_wconf 78' lang='grc' dir='ltr'>βασιλεὺς,</span> 
     </span>
    </p>
   </div>
   <div class='ocr_carea' id='block_1_47' title="bbox 301 3972 1960 4047">
    <p class='ocr_par' dir='ltr' id='par_1_47' title="bbox 301 3972 1960 4047">
     <span class='ocr_line' id='line_1_48' title="bbox 301 3972 1960 4047; baseline 0.001 -20"><span class='ocrx_word' id='word_1_469' title='bbox 301 3975 380 4038; x_wconf 87' lang='grc' dir='ltr'>ὡς</span> <span class='ocrx_word' id='word_1_470' title='bbox 415 3975 509 4027; x_wconf 79' lang='grc' dir='ltr'>οἷα</span> <span class='ocrx_word' id='word_1_471' title='bbox 552 3975 654 4028; x_wconf 83' lang='grc' dir='ltr'>ὑπὸ</span> <span class='ocrx_word' id='word_1_472' title='bbox 687 3972 962 4045; x_wconf 87' lang='grc' dir='ltr'>μελισσῶν</span> <span class='ocrx_word' id='word_1_473' title='bbox 1005 3973 1198 4047; x_wconf 88' lang='grc' dir='ltr'>κηρίον</span> <span class='ocrx_word' id='word_1_474' title='bbox 1253 3972 1652 4047; x_wconf 86' lang='grc' dir='ltr'>κυκλούμενος,</span> <span class='ocrx_word' id='word_1_475' title='bbox 1701 3975 1803 4029; x_wconf 91' lang='grc' dir='ltr'>τίνι</span> <span class='ocrx_word' id='word_1_476' title='bbox 1856 3978 1960 4028; x_wconf 90' lang='grc' dir='ltr'>τῶν</span> 
     </span>
    </p>
   </div>
   <div class='ocr_carea' id='block_1_48' title="bbox 293 4059 1960 4136">
    <p class='ocr_par' dir='ltr' id='par_1_48' title="bbox 293 4059 1960 4136">
     <span class='ocr_line' id='line_1_49' title="bbox 293 4059 1960 4136; baseline 0 -20"><span class='ocrx_word' id='word_1_477' title='bbox 293 4067 482 4122; x_wconf 86' lang='grc' dir='ltr'>κακῶς</span> <span class='ocrx_word' id='word_1_478' title='bbox 527 4066 852 4136; x_wconf 79' lang='grc' dir='ltr'>πασχόντων</span> <span class='ocrx_word' id='word_1_479' title='bbox 909 4061 1160 4131; x_wconf 77' lang='grc' dir='ltr'>ἐπαοήξει</span> <span class='ocrx_word' id='word_1_480' title='bbox 1215 4062 1478 4136; x_wconf 89' lang='grc' dir='ltr'>πρότερον</span> <span class='ocrx_word' id='word_1_481' title='bbox 1527 4059 1562 4132; x_wconf 74' lang='grc' dir='ltr'>ἤ</span> <span class='ocrx_word' id='word_1_482' title='bbox 1620 4063 1726 4117; x_wconf 87' lang='grc' dir='ltr'>τίνι</span> <span class='ocrx_word' id='word_1_483' title='bbox 1770 4061 1960 4118; x_wconf 84' lang='grc' dir='ltr'>τελευ-</span> 
     </span>
    </p>
   </div>
   <div class='ocr_carea' id='block_1_49' title="bbox 293 4147 1950 4227">
    <p class='ocr_par' dir='ltr' id='par_1_49' title="bbox 293 4147 1950 4227">
     <span class='ocr_line' id='line_1_50' title="bbox 293 4147 1950 4227; baseline 0.001 -21"><span class='ocrx_word' id='word_1_484' title='bbox 293 4158 408 4206; x_wconf 87' lang='grc' dir='ltr'>τῶν</span> <span class='ocrx_word' id='word_1_485' title='bbox 445 4147 730 4227; x_wconf 74' lang='grc' dir='ltr'>βραϐεύσει</span> <span class='ocrx_word' id='word_1_486' title='bbox 770 4153 869 4219; x_wconf 78' lang='grc' dir='ltr'>τήν</span> <span class='ocrx_word' id='word_1_487' title='bbox 903 4154 988 4225; x_wconf 86' lang='grc' dir='ltr'>[Ρ.</span> <span class='ocrx_word' id='word_1_488' title='bbox 1039 4153 1165 4223; x_wconf 79' lang='lat'>278]</span> <span class='ocrx_word' id='word_1_489' title='bbox 1219 4150 1491 4226; x_wconf 89' lang='grc' dir='ltr'>σύναρσιν,</span> <span class='ocrx_word' id='word_1_490' title='bbox 1543 4153 1618 4213; x_wconf 80' lang='grc' dir='ltr'>εἷς</span> <span class='ocrx_word' id='word_1_491' title='bbox 1665 4152 1950 4227; x_wconf 82' lang='grc' dir='ltr'>ἀρχηγοὺς</span> 
     </span>
    </p>
   </div>
   <div class='ocr_carea' id='block_1_50' title="bbox 302 4237 1949 4315">
    <p class='ocr_par' dir='ltr' id='par_1_50' title="bbox 302 4237 1949 4315">
     <span class='ocr_line' id='line_1_51' title="bbox 302 4237 1949 4315; baseline -0.001 -20"><span class='ocrx_word' id='word_1_492' title='bbox 302 4241 514 4313; x_wconf 83' lang='grc' dir='ltr'>μερίζει</span> <span class='ocrx_word' id='word_1_493' title='bbox 546 4242 647 4308; x_wconf 80' lang='grc' dir='ltr'>τήν</span> <span class='ocrx_word' id='word_1_494' title='bbox 683 4239 957 4315; x_wconf 85' lang='grc' dir='ltr'>στρατιάν.</span> <span class='ocrx_word' id='word_1_495' title='bbox 1010 4237 1235 4311; x_wconf 84' lang='grc' dir='ltr'>Ἀμέλει</span> <span class='ocrx_word' id='word_1_496' title='bbox 1284 4240 1373 4294; x_wconf 88' lang='lat' dir='ltr'>xui</span> <span class='ocrx_word' id='word_1_497' title='bbox 1418 4241 1518 4307; x_wconf 79' lang='grc' dir='ltr'>τὴν</span> <span class='ocrx_word' id='word_1_498' title='bbox 1569 4240 1780 4314; x_wconf 87' lang='grc' dir='ltr'>Βάρναν</span> <span class='ocrx_word' id='word_1_499' title='bbox 1830 4241 1949 4294; x_wconf 79' lang='grc' dir='ltr'>ανέ-</span> 
     </span>
    </p>
   </div>
   <div class='ocr_carea' id='block_1_51' title="bbox 289 4327 1958 4406">
    <p class='ocr_par' dir='ltr' id='par_1_51' title="bbox 289 4327 1958 4406">
     <span class='ocr_line' id='line_1_52' title="bbox 289 4327 1958 4406; baseline 0 -22"><span class='ocrx_word' id='word_1_500' title='bbox 289 4351 470 4398; x_wconf 89' lang='grc' dir='ltr'>κτισε,</span> <span class='ocrx_word' id='word_1_501' title='bbox 528 4329 618 4384; x_wconf 87' lang='lat' dir='ltr'>xui</span> <span class='ocrx_word' id='word_1_502' title='bbox 676 4328 958 4404; x_wconf 74' lang='grc' dir='ltr'>ἐπύργωσε</span> <span class='ocrx_word' id='word_1_503' title='bbox 1007 4331 1107 4397; x_wconf 76' lang='grc' dir='ltr'>την</span> <span class='ocrx_word' id='word_1_504' title='bbox 1191 4327 1516 4404; x_wconf 82' lang='grc' dir='ltr'>Ἀγχίαλον,</span> <span class='ocrx_word' id='word_1_505' title='bbox 1576 4329 1665 4383; x_wconf 91' lang='lat' dir='ltr'>xui</span> <span class='ocrx_word' id='word_1_506' title='bbox 1721 4330 1958 4406; x_wconf 79' lang='grc' dir='ltr'>φρουρὰν</span> 
     </span>
    </p>
   </div>
   <div class='ocr_carea' id='block_1_52' title="bbox 291 4415 1955 4494">
    <p class='ocr_par' dir='ltr' id='par_1_52' title="bbox 291 4415 1955 4494">
     <span class='ocr_line' id='line_1_53' title="bbox 291 4415 1955 4494; baseline 0 -21"><span class='ocrx_word' id='word_1_507' title='bbox 291 4420 487 4482; x_wconf 78' lang='grc' dir='ltr'>αὐταῖς</span> <span class='ocrx_word' id='word_1_508' title='bbox 519 4418 896 4494; x_wconf 82' lang='grc' dir='ltr'>ἐγκατέστησε.</span> <span class='ocrx_word' id='word_1_509' title='bbox 945 4417 1050 4474; x_wconf 85' lang='grc' dir='ltr'>Καὶ</span> <span class='ocrx_word' id='word_1_510' title='bbox 1108 4416 1284 4472; x_wconf 80' lang='grc' dir='ltr'>ἐδόκει</span> <span class='ocrx_word' id='word_1_511' title='bbox 1345 4419 1440 4489; x_wconf 72' lang='grc' dir='ltr'>μὲν</span> <span class='ocrx_word' id='word_1_512' title='bbox 1499 4417 1598 4472; x_wconf 82' lang='grc' dir='ltr'>οὐκ</span> <span class='ocrx_word' id='word_1_513' title='bbox 1654 4415 1758 4473; x_wconf 79' lang='grc' dir='ltr'>ἄπο</span> <span class='ocrx_word' id='word_1_514' title='bbox 1817 4440 1955 4493; x_wconf 88' lang='grc' dir='ltr'>προ-</span> 
     </span>
    </p>
   </div>
   <div class='ocr_carea' id='block_1_53' title="bbox 303 4505 1953 4581">
    <p class='ocr_par' dir='ltr' id='par_1_53' title="bbox 303 4505 1953 4581">
     <span class='ocr_line' id='line_1_54' title="bbox 303 4505 1953 4581; baseline 0.003 -22"><span class='ocrx_word' id='word_1_515' title='bbox 303 4507 530 4579; x_wconf 85' lang='grc' dir='ltr'>μηθείας</span> <span class='ocrx_word' id='word_1_516' title='bbox 561 4511 700 4562; x_wconf 79' lang='grc' dir='ltr'>εἶναι</span> <span class='ocrx_word' id='word_1_517' title='bbox 733 4513 900 4562; x_wconf 74' lang='grc' dir='ltr'>ταῦτα</span> <span class='ocrx_word' id='word_1_518' title='bbox 937 4506 1250 4581; x_wconf 81' lang='grc' dir='ltr'>βασιλικῆς,</span> <span class='ocrx_word' id='word_1_519' title='bbox 1282 4507 1418 4575; x_wconf 72' lang='grc' dir='ltr'>ἦσαν</span> <span class='ocrx_word' id='word_1_520' title='bbox 1449 4505 1506 4562; x_wconf 70' lang='grc' dir='ltr'>δὲ</span> <span class='ocrx_word' id='word_1_521' title='bbox 1550 4509 1638 4562; x_wconf 87' lang='grc' dir='ltr'>καὶ</span> <span class='ocrx_word' id='word_1_522' title='bbox 1692 4509 1840 4564; x_wconf 72' lang='grc' dir='ltr'>οὕτω</span> <span class='ocrx_word' id='word_1_523' title='bbox 1888 4510 1953 4564; x_wconf 81' lang='grc' dir='ltr'>τὰ</span> 
     </span>
    </p>
   </div>
   <div class='ocr_carea' id='block_1_54' title="bbox 301 4593 1954 4670">
    <p class='ocr_par' dir='ltr' id='par_1_54' title="bbox 301 4593 1954 4670">
     <span class='ocr_line' id='line_1_55' title="bbox 301 4593 1954 4670; baseline 0.001 -20"><span class='ocrx_word' id='word_1_524' title='bbox 301 4600 412 4650; x_wconf 88' lang='grc' dir='ltr'>τῶν</span> <span class='ocrx_word' id='word_1_525' title='bbox 465 4593 711 4652; x_wconf 74' lang='grc' dir='ltr'>ἐναντίων</span> <span class='ocrx_word' id='word_1_526' title='bbox 772 4596 919 4657; x_wconf 81' lang='grc' dir='ltr'>αὖθις</span> <span class='ocrx_word' id='word_1_527' title='bbox 980 4594 1412 4670; x_wconf 83' lang='grc' dir='ltr'>ἐπικρατέστερα.</span> <span class='ocrx_word' id='word_1_528' title='bbox 1492 4597 1676 4667; x_wconf 81' lang='grc' dir='ltr'>Ἐξιὼν</span> <span class='ocrx_word' id='word_1_529' title='bbox 1740 4595 1798 4652; x_wconf 70' lang='grc' dir='ltr'>δὲ</span> <span class='ocrx_word' id='word_1_530' title='bbox 1866 4598 1954 4652; x_wconf 86' lang='grc' dir='ltr'>καὶ</span> 
     </span>
    </p>
   </div>
   <div class='ocr_carea' id='block_1_55' title="bbox 299 4685 1958 4760">
    <p class='ocr_par' dir='ltr' id='par_1_55' title="bbox 299 4685 1958 4760">
     <span class='ocr_line' id='line_1_56' title="bbox 299 4685 1958 4760; baseline 0.001 -20"><span class='ocrx_word' id='word_1_531' title='bbox 299 4685 463 4746; x_wconf 80' lang='grc' dir='ltr'>αὐτὸς</span> <span class='ocrx_word' id='word_1_532' title='bbox 507 4689 641 4741; x_wconf 76' lang='grc' dir='ltr'>κατά</span> <span class='ocrx_word' id='word_1_533' title='bbox 703 4687 798 4748; x_wconf 77' lang='grc' dir='ltr'>τὰς</span> <span class='ocrx_word' id='word_1_534' title='bbox 855 4685 1230 4760; x_wconf 83' lang='grc' dir='ltr'>μετοπωρινὰς</span> <span class='ocrx_word' id='word_1_535' title='bbox 1287 4687 1493 4760; x_wconf 74' lang='grc' dir='ltr'>τροπάς</span> <span class='ocrx_word' id='word_1_536' title='bbox 1546 4687 1671 4759; x_wconf 85' lang='grc' dir='ltr'>περὶ</span> <span class='ocrx_word' id='word_1_537' title='bbox 1715 4688 1812 4756; x_wconf 77' lang='grc' dir='ltr'>τὴν</span> <span class='ocrx_word' id='word_1_538' title='bbox 1863 4693 1958 4742; x_wconf 83' lang='grc' dir='ltr'>Φι-</span> 
     </span>
    </p>
   </div>
   <div class='ocr_carea' id='block_1_56' title="bbox 299 4774 1956 4849">
    <p class='ocr_par' dir='ltr' id='par_1_56' title="bbox 299 4774 1956 4849">
     <span class='ocr_line' id='line_1_57' title="bbox 299 4774 1956 4849; baseline 0 -19"><span class='ocrx_word' id='word_1_539' title='bbox 299 4775 512 4830; x_wconf 86' lang='grc' dir='ltr'>λίππου</span> <span class='ocrx_word' id='word_1_540' title='bbox 574 4774 864 4849; x_wconf 77' lang='grc' dir='ltr'>ἐπαρχίαν,</span> <span class='ocrx_word' id='word_1_541' title='bbox 926 4775 1010 4827; x_wconf 88' lang='lat' dir='ltr'>xui</span> <span class='ocrx_word' id='word_1_542' title='bbox 1066 4776 1166 4843; x_wconf 75' lang='grc' dir='ltr'>τήν</span> <span class='ocrx_word' id='word_1_543' title='bbox 1225 4779 1600 4847; x_wconf 85' lang='grc' dir='ltr'>γυναικωνῖτιν</span> <span class='ocrx_word' id='word_1_544' title='bbox 1659 4774 1956 4849; x_wconf 88' lang='grc' dir='ltr'>συνεπαγό-</span> 
     </span>
    </p>
   </div>
   <div class='ocr_carea' id='block_1_57' title="bbox 307 4860 1956 4937">
    <p class='ocr_par' dir='ltr' id='par_1_57' title="bbox 307 4860 1956 4937">
     <span class='ocr_line' id='line_1_58' title="bbox 307 4860 1956 4937; baseline 0.001 -19"><span class='ocrx_word' id='word_1_545' title='bbox 307 4885 500 4935; x_wconf 86' lang='grc' dir='ltr'>μανος,</span> <span class='ocrx_word' id='word_1_546' title='bbox 533 4865 606 4924; x_wconf 82' lang='grc' dir='ltr'>ὡς</span> <span class='ocrx_word' id='word_1_547' title='bbox 640 4864 773 4929; x_wconf 85' lang='grc' dir='ltr'>ἐνὸν,</span> <span class='ocrx_word' id='word_1_548' title='bbox 804 4860 1093 4917; x_wconf 82' lang='grc' dir='ltr'>ἀνέστελλε</span> <span class='ocrx_word' id='word_1_549' title='bbox 1121 4863 1215 4924; x_wconf 68' lang='grc' dir='ltr'>τὰς</span> <span class='ocrx_word' id='word_1_550' title='bbox 1244 4867 1352 4917; x_wconf 87' lang='grc' dir='ltr'>τῶν</span> <span class='ocrx_word' id='word_1_551' title='bbox 1395 4864 1624 4937; x_wconf 79' lang='grc' dir='ltr'>Βλάχων</span> <span class='ocrx_word' id='word_1_552' title='bbox 1674 4867 1765 4919; x_wconf 79' lang='grc' dir='ltr'>καὶ</span> <span class='ocrx_word' id='word_1_553' title='bbox 1817 4872 1956 4920; x_wconf 89' lang='grc' dir='ltr'>Σκυ-</span> 
     </span>
    </p>
   </div>
   <div class='ocr_carea' id='block_1_58' title="bbox 296 4947 1953 5024">
    <p class='ocr_par' dir='ltr' id='par_1_58' title="bbox 296 4947 1953 5024">
     <span class='ocr_line' id='line_1_59' title="bbox 296 4947 1953 5024; baseline 0.002 -18"><span class='ocrx_word' id='word_1_554' title='bbox 296 4956 406 5006; x_wconf 73' lang='grc' dir='ltr'>θῶν</span> <span class='ocrx_word' id='word_1_555' title='bbox 438 4950 760 5024; x_wconf 81' lang='grc' dir='ltr'>ἐπιδρομάς.</span> <span class='ocrx_word' id='word_1_556' title='bbox 809 4951 988 5006; x_wconf 70' lang='grc' dir='ltr'>Ἀλλά</span> <span class='ocrx_word' id='word_1_557' title='bbox 1037 4953 1128 5005; x_wconf 88' lang='lat' dir='ltr'>xui</span> <span class='ocrx_word' id='word_1_558' title='bbox 1181 4956 1277 5005; x_wconf 78' lang='grc' dir='ltr'>τοῦ</span> <span class='ocrx_word' id='word_1_559' title='bbox 1324 4957 1431 5006; x_wconf 89' lang='grc' dir='ltr'>τῶν</span> <span class='ocrx_word' id='word_1_560' title='bbox 1484 4947 1699 5024; x_wconf 72' lang='grc' dir='ltr'>Σέρϐων</span> <span class='ocrx_word' id='word_1_561' title='bbox 1749 4954 1953 5008; x_wconf 83' lang='grc' dir='ltr'>Ζουπά-</span> 
     </span>
    </p>
   </div>
   <div class='ocr_carea' id='block_1_59' title="bbox 296 5038 1956 5116">
    <p class='ocr_par' dir='ltr' id='par_1_59' title="bbox 296 5038 1956 5116">
     <span class='ocr_line' id='line_1_60' title="bbox 296 5038 1956 5116; baseline 0.002 -21"><span class='ocrx_word' id='word_1_562' title='bbox 296 5063 394 5095; x_wconf 82' lang='grc' dir='ltr'>νου</span> <span class='ocrx_word' id='word_1_563' title='bbox 438 5046 872 5116; x_wconf 70' lang='grc' dir='ltr'>κακουργοῦντος</span> <span class='ocrx_word' id='word_1_564' title='bbox 910 5046 998 5093; x_wconf 80' lang='grc' dir='ltr'><strong>καί</strong></span> <span class='ocrx_word' id='word_1_565' title='bbox 1048 5041 1113 5094; x_wconf 70' lang='grc' dir='ltr'>τὰ.</span> <span class='ocrx_word' id='word_1_566' title='bbox 1171 5038 1383 5094; x_wconf 82' lang='grc' dir='ltr'>Σκόπια</span> <span class='ocrx_word' id='word_1_567' title='bbox 1440 5042 1778 5115; x_wconf 75' lang='grc' dir='ltr'>φθείροντος,</span> <span class='ocrx_word' id='word_1_568' title='bbox 1838 5040 1956 5099; x_wconf 87' lang='grc' dir='ltr'>κατ’</span> 
     </span>
    </p>
   </div>
   <div class='ocr_carea' id='block_1_60' title="bbox 290 5129 1956 5206">
    <p class='ocr_par' dir='ltr' id='par_1_60' title="bbox 290 5129 1956 5206">
     <span class='ocr_line' id='line_1_61' title="bbox 290 5129 1956 5206; baseline 0.001 -21"><span class='ocrx_word' id='word_1_569' title='bbox 290 5129 504 5186; x_wconf 70' lang='grc' dir='ltr'>ἐκείνου</span> <span class='ocrx_word' id='word_1_570' title='bbox 562 5130 862 5205; x_wconf 77' lang='grc' dir='ltr'>ἐξώρμησε·</span> <span class='ocrx_word' id='word_1_571' title='bbox 923 5131 1010 5183; x_wconf 80' lang='grc' dir='ltr'>καὶ</span> <span class='ocrx_word' id='word_1_572' title='bbox 1065 5130 1138 5191; x_wconf 84' lang='grc' dir='ltr'>ὡς</span> <span class='ocrx_word' id='word_1_573' title='bbox 1192 5129 1593 5206; x_wconf 77' lang='grc' dir='ltr'>συνεῤῥώγεσαν</span> <span class='ocrx_word' id='word_1_574' title='bbox 1661 5134 1718 5187; x_wconf 81' lang='grc' dir='ltr'>αἱ</span> <span class='ocrx_word' id='word_1_575' title='bbox 1784 5132 1956 5206; x_wconf 79' lang='grc' dir='ltr'>τάξεις</span> 
     </span>
    </p>
   </div>
   <div class='ocr_carea' id='block_1_61' title="bbox 289 5216 1953 5294">
    <p class='ocr_par' dir='ltr' id='par_1_61' title="bbox 289 5216 1953 5294">
     <span class='ocr_line' id='line_1_62' title="bbox 289 5216 1953 5294; baseline -0.001 -16"><span class='ocrx_word' id='word_1_576' title='bbox 289 5221 430 5278; x_wconf 86' lang='grc' dir='ltr'>κατά</span> <span class='ocrx_word' id='word_1_577' title='bbox 463 5223 550 5276; x_wconf 87' lang='grc' dir='ltr'>τὸν</span> <span class='ocrx_word' id='word_1_578' title='bbox 597 5216 850 5294; x_wconf 76' lang='grc' dir='ltr'>Μοράϐον</span> <span class='ocrx_word' id='word_1_579' title='bbox 907 5218 1204 5291; x_wconf 86' lang='grc' dir='ltr'>λεγόμενον</span> <span class='ocrx_word' id='word_1_580' title='bbox 1253 5221 1524 5293; x_wconf 83' lang='grc' dir='ltr'>ποταμὸν,</span> <span class='ocrx_word' id='word_1_581' title='bbox 1573 5220 1851 5276; x_wconf 84' lang='grc' dir='ltr'>ἐνέκλιναν</span> <span class='ocrx_word' id='word_1_582' title='bbox 1903 5225 1953 5276; x_wconf 82' lang='lat' dir='ltr'>oi</span> 
     </span>
    </p>
   </div>
   <div class='ocr_carea' id='block_1_62' title="bbox 291 5304 1954 5385">
    <p class='ocr_par' dir='ltr' id='par_1_62' title="bbox 291 5304 1954 5385">
     <span class='ocr_line' id='line_1_63' title="bbox 291 5304 1954 5385; baseline -0.007 -18"><span class='ocrx_word' id='word_1_583' title='bbox 291 5307 593 5385; x_wconf 69' lang='grc' dir='ltr'>Βάρϐαροι,</span> <span class='ocrx_word' id='word_1_584' title='bbox 651 5311 738 5363; x_wconf 88' lang='lat' dir='ltr'>xui</span> <span class='ocrx_word' id='word_1_585' title='bbox 800 5304 1175 5376; x_wconf 80' lang='grc' dir='ltr'>καταδιώξεως</span> <span class='ocrx_word' id='word_1_586' title='bbox 1242 5308 1534 5384; x_wconf 77' lang='grc' dir='ltr'>γενομένης</span> <span class='ocrx_word' id='word_1_587' title='bbox 1617 5310 1714 5365; x_wconf 72' lang='grc' dir='ltr'>οὐκ</span> <span class='ocrx_word' id='word_1_588' title='bbox 1771 5310 1954 5385; x_wconf 76' lang='grc' dir='ltr'>ὀλίγοι</span> 
     </span>
    </p>
   </div>
   <div class='ocr_carea' id='block_1_63' title="bbox 289 5402 501 5458">
    <p class='ocr_par' dir='ltr' id='par_1_63' title="bbox 289 5402 501 5458">
     <span class='ocr_line' id='line_1_64' title="bbox 289 5402 501 5458; baseline -0.005 -1"><span class='ocrx_word' id='word_1_589' title='bbox 289 5402 501 5458; x_wconf 88' lang='grc' dir='ltr'>τούτων</span> 
     </span>
    </p>
   </div>
   <div class='ocr_carea' id='block_1_64' title="bbox 591 5394 2654 5478">
    <p class='ocr_par' dir='ltr' id='par_1_64' title="bbox 591 5394 2654 5478">
     <span class='ocr_line' id='line_1_65' title="bbox 591 5394 2654 5478; baseline -0.003 -22"><span class='ocrx_word' id='word_1_590' title='bbox 591 5402 884 5478; x_wconf 79' lang='grc' dir='ltr'>ἀφανισμῷ</span> <span class='ocrx_word' id='word_1_591' title='bbox 967 5395 1364 5471; x_wconf 85' lang='grc' dir='ltr'>παρεδόθησαν,</span> <span class='ocrx_word' id='word_1_592' title='bbox 1446 5398 1598 5454; x_wconf 77' lang='grc' dir='ltr'>ὕδασι</span> <span class='ocrx_word' id='word_1_593' title='bbox 1679 5397 2208 5473; x_wconf 77' lang='grc' dir='ltr'>καταϐαπτιζόμενοι</span> <span class='ocrx_word' id='word_1_594' title='bbox 2291 5397 2380 5451; x_wconf 88' lang='grc' dir='ltr'>καὶ</span> <span class='ocrx_word' id='word_1_595' title='bbox 2467 5394 2654 5469; x_wconf 86' lang='grc' dir='ltr'>δόρασι</span> 
     </span>
    </p>
   </div>
   <div class='ocr_carea' id='block_1_65' title="bbox 2137 2818 3716 2890">
    <p class='ocr_par' dir='ltr' id='par_1_65' title="bbox 2137 2818 3716 2890">
     <span class='ocr_line' id='line_1_66' title="bbox 2137 2818 3716 2890; baseline 0.004 -17"><span class='ocrx_word' id='word_1_596' title='bbox 2137 2819 2187 2874; x_wconf 87' lang='grc'>4.</span> <span class='ocrx_word' id='word_1_597' title='bbox 2221 2818 2526 2874; x_wconf 87' lang='lat' dir='ltr'>Enimvero</span> <span class='ocrx_word' id='word_1_598' title='bbox 2559 2819 2758 2890; x_wconf 82' lang='lat' dir='ltr'>Blachi</span> <span class='ocrx_word' id='word_1_599' title='bbox 2789 2820 3010 2876; x_wconf 84' lang='lat' dir='ltr'>crebris</span> <span class='ocrx_word' id='word_1_600' title='bbox 3041 2821 3299 2876; x_wconf 81' lang='lat' dir='ltr'>victoriis</span> <span class='ocrx_word' id='word_1_601' title='bbox 3332 2822 3486 2889; x_wconf 86' lang='lat' dir='ltr'>elati,</span> <span class='ocrx_word' id='word_1_602' title='bbox 3540 2827 3596 2878; x_wconf 88' lang='lat' dir='ltr'>et</span> <span class='ocrx_word' id='word_1_603' title='bbox 3649 2839 3716 2880; x_wconf 85' lang='lat' dir='ltr'>ex</span> 
     </span>
    </p>
   </div>
   <div class='ocr_carea' id='block_1_66' title="bbox 2076 2908 3716 2983">
    <p class='ocr_par' dir='ltr' id='par_1_66' title="bbox 2076 2908 3716 2983">
     <span class='ocr_line' id='line_1_67' title="bbox 2076 2908 3716 2983; baseline 0.003 -20"><span class='ocrx_word' id='word_1_604' title='bbox 2076 2908 2466 2964; x_wconf 85' lang='lat' dir='ltr'>Romanorum</span> <span class='ocrx_word' id='word_1_605' title='bbox 2501 2911 2703 2980; x_wconf 85' lang='lat' dir='ltr'>spoliis</span> <span class='ocrx_word' id='word_1_606' title='bbox 2736 2925 2979 2978; x_wconf 77' lang='lat' dir='ltr'>magnas</span> <span class='ocrx_word' id='word_1_607' title='bbox 3002 2927 3142 2982; x_wconf 89' lang='lat' dir='ltr'>opes</span> <span class='ocrx_word' id='word_1_608' title='bbox 3173 2918 3228 2966; x_wconf 88' lang='lat' dir='ltr'>et</span> <span class='ocrx_word' id='word_1_609' title='bbox 3259 2913 3452 2967; x_wconf 90' lang='lat' dir='ltr'>omnis</span> <span class='ocrx_word' id='word_1_610' title='bbox 3485 2913 3716 2983; x_wconf 84' lang='lat' dir='ltr'>generis</span> 
     </span>
    </p>
   </div>
   <div class='ocr_carea' id='block_1_67' title="bbox 2073 2999 3717 3071">
    <p class='ocr_par' dir='ltr' id='par_1_67' title="bbox 2073 2999 3717 3071">
     <span class='ocr_line' id='line_1_68' title="bbox 2073 2999 3717 3071; baseline 0.003 -19"><span class='ocrx_word' id='word_1_611' title='bbox 2073 3014 2236 3053; x_wconf 88' lang='lat' dir='ltr'>arma</span> <span class='ocrx_word' id='word_1_612' title='bbox 2265 2999 2557 3054; x_wconf 80' lang='lat' dir='ltr'>consecuti</span> <span class='ocrx_word' id='word_1_613' title='bbox 2602 3000 2878 3070; x_wconf 87' lang='lat' dir='ltr'>deinceps</span> <span class='ocrx_word' id='word_1_614' title='bbox 2910 3000 3070 3055; x_wconf 88' lang='lat' dir='ltr'>nullo</span> <span class='ocrx_word' id='word_1_615' title='bbox 3103 3001 3274 3056; x_wconf 89' lang='lat' dir='ltr'>modo</span> <span class='ocrx_word' id='word_1_616' title='bbox 3306 3001 3562 3056; x_wconf 91' lang='lat' dir='ltr'>cohiberi</span> <span class='ocrx_word' id='word_1_617' title='bbox 3615 3018 3717 3071; x_wconf 90' lang='lat' dir='ltr'>po-</span> 
     </span>
    </p>
   </div>
   <div class='ocr_carea' id='block_1_68' title="bbox 2071 3087 3721 3161">
    <p class='ocr_par' dir='ltr' id='par_1_68' title="bbox 2071 3087 3721 3161">
     <span class='ocr_line' id='line_1_69' title="bbox 2071 3087 3721 3161; baseline 0.003 -20"><span class='ocrx_word' id='word_1_618' title='bbox 2071 3090 2344 3156; x_wconf 84' lang='lat' dir='ltr'>tuerunt;</span> <span class='ocrx_word' id='word_1_619' title='bbox 2375 3105 2479 3144; x_wconf 90' lang='lat' dir='ltr'>nec</span> <span class='ocrx_word' id='word_1_620' title='bbox 2503 3088 2627 3157; x_wconf 90' lang='lat' dir='ltr'>jam</span> <span class='ocrx_word' id='word_1_621' title='bbox 2657 3087 2823 3143; x_wconf 87' lang='lat' dir='ltr'>villas</span> <span class='ocrx_word' id='word_1_622' title='bbox 2856 3094 2912 3144; x_wconf 91' lang='lat' dir='ltr'>et</span> <span class='ocrx_word' id='word_1_623' title='bbox 2929 3106 3096 3153; x_wconf 67' lang='lat' dir='ltr'>agros</span> <span class='ocrx_word' id='word_1_624' title='bbox 3121 3091 3336 3161; x_wconf 85' lang='lat' dir='ltr'>passim</span> <span class='ocrx_word' id='word_1_625' title='bbox 3360 3090 3721 3161; x_wconf 87' lang='lat' dir='ltr'>pOpulaban-</span> 
     </span>
    </p>
   </div>
   <div class='ocr_carea' id='block_1_69' title="bbox 2072 3177 3720 3242">
    <p class='ocr_par' dir='ltr' id='par_1_69' title="bbox 2072 3177 3720 3242">
     <span class='ocr_line' id='line_1_70' title="bbox 2072 3177 3720 3242; baseline 0.002 -10"><span class='ocrx_word' id='word_1_626' title='bbox 2072 3181 2187 3242; x_wconf 88' lang='lat' dir='ltr'>tur,</span> <span class='ocrx_word' id='word_1_627' title='bbox 2225 3180 2325 3232; x_wconf 84' lang='lat' dir='ltr'>sed</span> <span class='ocrx_word' id='word_1_628' title='bbox 2362 3177 2622 3232; x_wconf 89' lang='lat' dir='ltr'>munitas</span> <span class='ocrx_word' id='word_1_629' title='bbox 2653 3177 2828 3233; x_wconf 88' lang='lat' dir='ltr'>etiam</span> <span class='ocrx_word' id='word_1_630' title='bbox 2863 3179 3035 3234; x_wconf 85' lang='lat' dir='ltr'>urbes</span> <span class='ocrx_word' id='word_1_631' title='bbox 3068 3178 3436 3234; x_wconf 82' lang='lat' dir='ltr'>invadebant.</span> <span class='ocrx_word' id='word_1_632' title='bbox 3471 3180 3720 3235; x_wconf 77' lang='lat' dir='ltr'>Anchia-</span> 
     </span>
    </p>
   </div>
   <div class='ocr_carea' id='block_1_70' title="bbox 2071 3265 3719 3340">
    <p class='ocr_par' dir='ltr' id='par_1_70' title="bbox 2071 3265 3719 3340">
     <span class='ocr_line' id='line_1_71' title="bbox 2071 3265 3719 3340; baseline 0.002 -20"><span class='ocrx_word' id='word_1_633' title='bbox 2071 3265 2191 3320; x_wconf 92' lang='lat' dir='ltr'>lum</span> <span class='ocrx_word' id='word_1_634' title='bbox 2251 3267 2483 3337; x_wconf 90' lang='lat' dir='ltr'>quidem</span> <span class='ocrx_word' id='word_1_635' title='bbox 2531 3272 2854 3331; x_wconf 86' lang='lat' dir='ltr'>vestarunt,</span> <span class='ocrx_word' id='word_1_636' title='bbox 2921 3268 3170 3323; x_wconf 88' lang='lat' dir='ltr'>Barnam</span> <span class='ocrx_word' id='word_1_637' title='bbox 3231 3270 3608 3340; x_wconf 82' lang='lat' dir='ltr'>subegerunt,</span> <span class='ocrx_word' id='word_1_638' title='bbox 3661 3274 3719 3325; x_wconf 88' lang='lat' dir='ltr'>et</span> 
     </span>
    </p>
   </div>
   <div class='ocr_carea' id='block_1_71' title="bbox 2071 3355 3717 3428">
    <p class='ocr_par' dir='ltr' id='par_1_71' title="bbox 2071 3355 3717 3428">
     <span class='ocr_line' id='line_1_72' title="bbox 2071 3355 3717 3428; baseline 0.002 -18"><span class='ocrx_word' id='word_1_639' title='bbox 2071 3355 2395 3420; x_wconf 72' lang='lat' dir='ltr'>Triaditzae,</span> <span class='ocrx_word' id='word_1_640' title='bbox 2433 3372 2562 3427; x_wconf 66' lang='lat' dir='ltr'>quae</span> <span class='ocrx_word' id='word_1_641' title='bbox 2591 3355 2729 3410; x_wconf 91' lang='lat' dir='ltr'>olim</span> <span class='ocrx_word' id='word_1_642' title='bbox 2779 3357 3017 3412; x_wconf 82' lang='lat' dir='ltr'>Serdica</span> <span class='ocrx_word' id='word_1_643' title='bbox 3065 3357 3383 3423; x_wconf 84' lang='lat' dir='ltr'>dicebatur,</span> <span class='ocrx_word' id='word_1_644' title='bbox 3438 3359 3717 3428; x_wconf 86' lang='lat' dir='ltr'>majorem</span> 
     </span>
    </p>
   </div>
   <div class='ocr_carea' id='block_1_72' title="bbox 2071 3444 3712 3516">
    <p class='ocr_par' dir='ltr' id='par_1_72' title="bbox 2071 3444 3712 3516">
     <span class='ocr_line' id='line_1_73' title="bbox 2071 3444 3712 3516; baseline 0.004 -19"><span class='ocrx_word' id='word_1_645' title='bbox 2071 3451 2294 3515; x_wconf 89' lang='lat' dir='ltr'>partem</span> <span class='ocrx_word' id='word_1_646' title='bbox 2329 3444 2689 3500; x_wconf 87' lang='lat' dir='ltr'>deleverunt.</span> <span class='ocrx_word' id='word_1_647' title='bbox 2725 3445 2991 3516; x_wconf 86' lang='lat' dir='ltr'>Stumpio</span> <span class='ocrx_word' id='word_1_648' title='bbox 3023 3445 3176 3501; x_wconf 88' lang='lat' dir='ltr'>cives</span> <span class='ocrx_word' id='word_1_649' title='bbox 3205 3451 3540 3514; x_wconf 75' lang='lat' dir='ltr'>exegerunt.</span> <span class='ocrx_word' id='word_1_650' title='bbox 3573 3448 3712 3504; x_wconf 88' lang='lat' dir='ltr'>Niso</span> 
     </span>
    </p>
   </div>
   <div class='ocr_carea' id='block_1_73' title="bbox 2070 3533 3711 3606">
    <p class='ocr_par' dir='ltr' id='par_1_73' title="bbox 2070 3533 3711 3606">
     <span class='ocr_line' id='line_1_74' title="bbox 2070 3533 3711 3606; baseline 0.001 -16"><span class='ocrx_word' id='word_1_651' title='bbox 2070 3533 2486 3605; x_wconf 75' lang='lat' dir='ltr'>569.quoque</span> <span class='ocrx_word' id='word_1_652' title='bbox 2517 3551 2630 3589; x_wconf 90' lang='lat' dir='ltr'>non</span> <span class='ocrx_word' id='word_1_653' title='bbox 2687 3551 2922 3605; x_wconf 86' lang='lat' dir='ltr'>parvam</span> <span class='ocrx_word' id='word_1_654' title='bbox 2976 3534 3282 3590; x_wconf 90' lang='lat' dir='ltr'>hominum</span> <span class='ocrx_word' id='word_1_655' title='bbox 3333 3541 3392 3591; x_wconf 91' lang='lat' dir='ltr'>et</span> <span class='ocrx_word' id='word_1_656' title='bbox 3439 3552 3711 3606; x_wconf 88' lang='lat' dir='ltr'>pecorum</span> 
     </span>
    </p>
   </div>
   <div class='ocr_carea' id='block_1_74' title="bbox 2071 3623 3715 3695">
    <p class='ocr_par' dir='ltr' id='par_1_74' title="bbox 2071 3623 3715 3695">
     <span class='ocr_line' id='line_1_75' title="bbox 2071 3623 3715 3695; baseline 0.001 -18"><span class='ocrx_word' id='word_1_657' title='bbox 2071 3624 2323 3693; x_wconf 70' lang='lat' dir='ltr'>praedam</span> <span class='ocrx_word' id='word_1_658' title='bbox 2352 3626 2694 3695; x_wconf 85' lang='lat' dir='ltr'>abegerunt.</span> <span class='ocrx_word' id='word_1_659' title='bbox 2736 3625 3122 3689; x_wconf 86' lang='lat' dir='ltr'>Quamobrem</span> <span class='ocrx_word' id='word_1_660' title='bbox 3173 3623 3491 3694; x_wconf 82' lang='lat' dir='ltr'>imperator</span> <span class='ocrx_word' id='word_1_661' title='bbox 3539 3626 3715 3678; x_wconf 89' lang='lat' dir='ltr'>undi-</span> 
     </span>
    </p>
   </div>
   <div class='ocr_carea' id='block_1_75' title="bbox 2069 3712 3715 3784">
    <p class='ocr_par' dir='ltr' id='par_1_75' title="bbox 2069 3712 3715 3784">
     <span class='ocr_line' id='line_1_76' title="bbox 2069 3712 3715 3784; baseline 0.001 -17"><span class='ocrx_word' id='word_1_662' title='bbox 2069 3728 2182 3782; x_wconf 89' lang='lat' dir='ltr'>que</span> <span class='ocrx_word' id='word_1_663' title='bbox 2213 3729 2326 3767; x_wconf 90' lang='lat' dir='ltr'>non</span> <span class='ocrx_word' id='word_1_664' title='bbox 2360 3712 2525 3766; x_wconf 83' lang='lat' dir='ltr'>aliter</span> <span class='ocrx_word' id='word_1_665' title='bbox 2545 3730 2722 3783; x_wconf 89' lang='lat' dir='ltr'>quam</span> <span class='ocrx_word' id='word_1_666' title='bbox 2748 3716 2909 3768; x_wconf 80' lang='lat' dir='ltr'>favus</span> <span class='ocrx_word' id='word_1_667' title='bbox 2933 3715 3004 3768; x_wconf 91' lang='lat' dir='ltr'>ab</span> <span class='ocrx_word' id='word_1_668' title='bbox 3028 3713 3236 3784; x_wconf 83' lang='lat' dir='ltr'>apibus</span> <span class='ocrx_word' id='word_1_669' title='bbox 3259 3713 3715 3781; x_wconf 86' lang='lat' dir='ltr'>circumventus,</span> 
     </span>
    </p>
   </div>
   <div class='ocr_carea' id='block_1_76' title="bbox 2069 3801 3710 3873">
    <p class='ocr_par' dir='ltr' id='par_1_76' title="bbox 2069 3801 3710 3873">
     <span class='ocr_line' id='line_1_77' title="bbox 2069 3801 3710 3873; baseline 0.002 -18"><span class='ocrx_word' id='word_1_670' title='bbox 2069 3805 2127 3856; x_wconf 88' lang='lat' dir='ltr'>et</span> <span class='ocrx_word' id='word_1_671' title='bbox 2157 3801 2371 3872; x_wconf 88' lang='lat' dir='ltr'>quibus</span> <span class='ocrx_word' id='word_1_672' title='bbox 2395 3802 2558 3870; x_wconf 89' lang='lat' dir='ltr'>prius</span> <span class='ocrx_word' id='word_1_673' title='bbox 2581 3808 2679 3855; x_wconf 87' lang='lat' dir='ltr'>aut</span> <span class='ocrx_word' id='word_1_674' title='bbox 2698 3802 2990 3871; x_wconf 85' lang='lat' dir='ltr'>posterius</span> <span class='ocrx_word' id='word_1_675' title='bbox 3015 3818 3183 3873; x_wconf 91' lang='lat' dir='ltr'>opem</span> <span class='ocrx_word' id='word_1_676' title='bbox 3212 3804 3385 3856; x_wconf 80' lang='lat' dir='ltr'>ferret</span> <span class='ocrx_word' id='word_1_677' title='bbox 3411 3802 3710 3868; x_wconf 87' lang='lat' dir='ltr'>dubitans,</span> 
     </span>
    </p>
   </div>
   <div class='ocr_carea' id='block_1_77' title="bbox 2067 3889 3709 3956">
    <p class='ocr_par' dir='ltr' id='par_1_77' title="bbox 2067 3889 3709 3956">
     <span class='ocr_line' id='line_1_78' title="bbox 2067 3889 3709 3956; baseline 0.001 -12"><span class='ocrx_word' id='word_1_678' title='bbox 2067 3889 2354 3944; x_wconf 84' lang='lat' dir='ltr'>exercitus</span> <span class='ocrx_word' id='word_1_679' title='bbox 2385 3889 2537 3944; x_wconf 85' lang='lat' dir='ltr'>inter</span> <span class='ocrx_word' id='word_1_680' title='bbox 2566 3889 2743 3944; x_wconf 89' lang='lat' dir='ltr'>duces</span> <span class='ocrx_word' id='word_1_681' title='bbox 2775 3890 3097 3956; x_wconf 87' lang='lat' dir='ltr'>distribuit,</span> <span class='ocrx_word' id='word_1_682' title='bbox 3134 3891 3379 3945; x_wconf 77' lang='lat' dir='ltr'>Barnam</span> <span class='ocrx_word' id='word_1_683' title='bbox 3413 3892 3709 3946; x_wconf 87' lang='lat' dir='ltr'>instaura-</span> 
     </span>
    </p>
   </div>
   <div class='ocr_carea' id='block_1_78' title="bbox 2066 3977 3709 4050">
    <p class='ocr_par' dir='ltr' id='par_1_78' title="bbox 2066 3977 3709 4050">
     <span class='ocr_line' id='line_1_79' title="bbox 2066 3977 3709 4050; baseline 0.001 -16"><span class='ocrx_word' id='word_1_684' title='bbox 2066 3978 2166 4041; x_wconf 86' lang='lat' dir='ltr'>vit,</span> <span class='ocrx_word' id='word_1_685' title='bbox 2199 3977 2546 4034; x_wconf 83' lang='lat' dir='ltr'>Anchialum</span> <span class='ocrx_word' id='word_1_686' title='bbox 2582 3978 2841 4034; x_wconf 89' lang='lat' dir='ltr'>turribus</span> <span class='ocrx_word' id='word_1_687' title='bbox 2871 3984 2930 4033; x_wconf 91' lang='lat' dir='ltr'>et</span> <span class='ocrx_word' id='word_1_688' title='bbox 2959 3979 3230 4050; x_wconf 79' lang='lat' dir='ltr'>praesidio</span> <span class='ocrx_word' id='word_1_689' title='bbox 3267 3979 3537 4034; x_wconf 84' lang='lat' dir='ltr'>firmavit.</span> <span class='ocrx_word' id='word_1_690' title='bbox 3571 3981 3709 4045; x_wconf 84' lang='lat' dir='ltr'>Quae</span> 
     </span>
    </p>
   </div>
   <div class='ocr_carea' id='block_1_79' title="bbox 2065 4066 3714 4139">
    <p class='ocr_par' dir='ltr' id='par_1_79' title="bbox 2065 4066 3714 4139">
     <span class='ocr_line' id='line_1_80' title="bbox 2065 4066 3714 4139; baseline 0.001 -17"><span class='ocrx_word' id='word_1_691' title='bbox 2065 4066 2335 4138; x_wconf 85' lang='lat' dir='ltr'>quamvis</span> <span class='ocrx_word' id='word_1_692' title='bbox 2365 4068 2437 4122; x_wconf 89' lang='lat' dir='ltr'>ab</span> <span class='ocrx_word' id='word_1_693' title='bbox 2470 4067 2844 4138; x_wconf 85' lang='lat' dir='ltr'>imperatoria</span> <span class='ocrx_word' id='word_1_694' title='bbox 2875 4068 3236 4139; x_wconf 88' lang='lat' dir='ltr'>providentia</span> <span class='ocrx_word' id='word_1_695' title='bbox 3267 4085 3380 4123; x_wconf 91' lang='lat' dir='ltr'>non</span> <span class='ocrx_word' id='word_1_696' title='bbox 3399 4068 3714 4125; x_wconf 76' lang='lat' dir='ltr'>abhorrere</span> 
     </span>
    </p>
   </div>
   <div class='ocr_carea' id='block_1_80' title="bbox 2064 4157 3711 4231">
    <p class='ocr_par' dir='ltr' id='par_1_80' title="bbox 2064 4157 3711 4231">
     <span class='ocr_line' id='line_1_81' title="bbox 2064 4157 3711 4231; baseline 0.001 -19"><span class='ocrx_word' id='word_1_697' title='bbox 2064 4159 2419 4225; x_wconf 87' lang='lat' dir='ltr'>viderentur,</span> <span class='ocrx_word' id='word_1_698' title='bbox 2465 4161 2660 4212; x_wconf 87' lang='lat' dir='ltr'>tamen</span> <span class='ocrx_word' id='word_1_699' title='bbox 2709 4157 2906 4213; x_wconf 87' lang='lat' dir='ltr'>hostes</span> <span class='ocrx_word' id='word_1_700' title='bbox 2954 4158 3146 4214; x_wconf 90' lang='lat' dir='ltr'>denuo</span> <span class='ocrx_word' id='word_1_701' title='bbox 3195 4159 3527 4231; x_wconf 89' lang='lat' dir='ltr'>superiores</span> <span class='ocrx_word' id='word_1_702' title='bbox 3576 4160 3711 4214; x_wconf 83' lang='lat' dir='ltr'>fuc-</span> 
     </span>
    </p>
   </div>
   <div class='ocr_carea' id='block_1_81' title="bbox 2066 4246 3711 4318">
    <p class='ocr_par' dir='ltr' id='par_1_81' title="bbox 2066 4246 3711 4318">
     <span class='ocr_line' id='line_1_82' title="bbox 2066 4246 3711 4318; baseline 0.002 -17"><span class='ocrx_word' id='word_1_703' title='bbox 2066 4251 2225 4302; x_wconf 90' lang='lat' dir='ltr'>runt.</span> <span class='ocrx_word' id='word_1_704' title='bbox 2257 4249 2366 4302; x_wconf 80' lang='lat' dir='ltr'>Sed</span> <span class='ocrx_word' id='word_1_705' title='bbox 2398 4252 2458 4302; x_wconf 87' lang='lat' dir='ltr'>et</span> <span class='ocrx_word' id='word_1_706' title='bbox 2487 4246 2609 4318; x_wconf 89' lang='lat' dir='ltr'>ipse</span> <span class='ocrx_word' id='word_1_707' title='bbox 2641 4253 2773 4317; x_wconf 88' lang='lat' dir='ltr'>post</span> <span class='ocrx_word' id='word_1_708' title='bbox 2802 4247 3211 4317; x_wconf 59' lang='lat' dir='ltr'>aequinoctium</span> <span class='ocrx_word' id='word_1_709' title='bbox 3257 4252 3598 4304; x_wconf 75' lang='lat' dir='ltr'>autumnale</span> <span class='ocrx_word' id='word_1_710' title='bbox 3649 4250 3711 4304; x_wconf 90' lang='lat' dir='ltr'>in</span> 
     </span>
    </p>
   </div>
   <div class='ocr_carea' id='block_1_82' title="bbox 2066 4335 3713 4408">
    <p class='ocr_par' dir='ltr' id='par_1_82' title="bbox 2066 4335 3713 4408">
     <span class='ocr_line' id='line_1_83' title="bbox 2066 4335 3713 4408; baseline 0.002 -18"><span class='ocrx_word' id='word_1_711' title='bbox 2066 4335 2454 4408; x_wconf 86' lang='lat' dir='ltr'>Philippicam</span> <span class='ocrx_word' id='word_1_712' title='bbox 2516 4335 2871 4406; x_wconf 88' lang='lat' dir='ltr'>provinciam</span> <span class='ocrx_word' id='word_1_713' title='bbox 2926 4352 3222 4406; x_wconf 86' lang='lat' dir='ltr'>egressus,</span> <span class='ocrx_word' id='word_1_714' title='bbox 3273 4337 3543 4394; x_wconf 87' lang='lat' dir='ltr'>adductis</span> <span class='ocrx_word' id='word_1_715' title='bbox 3593 4355 3713 4393; x_wconf 89' lang='lat' dir='ltr'>una</span> 
     </span>
    </p>
   </div>
   <div class='ocr_carea' id='block_1_83' title="bbox 2066 4425 3714 4496">
    <p class='ocr_par' dir='ltr' id='par_1_83' title="bbox 2066 4425 3714 4496">
     <span class='ocr_line' id='line_1_84' title="bbox 2066 4425 3714 4496; baseline 0.001 -16"><span class='ocrx_word' id='word_1_716' title='bbox 2066 4425 2438 4492; x_wconf 77' lang='lat' dir='ltr'>mulieribus,</span> <span class='ocrx_word' id='word_1_717' title='bbox 2467 4425 2814 4480; x_wconf 87' lang='lat' dir='ltr'>Blachorum</span> <span class='ocrx_word' id='word_1_718' title='bbox 2849 4433 2902 4479; x_wconf 86' lang='lat' dir='ltr'>et</span> <span class='ocrx_word' id='word_1_719' title='bbox 2947 4425 3293 4496; x_wconf 76' lang='lat' dir='ltr'>Scytharum</span> <span class='ocrx_word' id='word_1_720' title='bbox 3347 4426 3714 4482; x_wconf 87' lang='lat' dir='ltr'>incursiones</span> 
     </span>
    </p>
   </div>
   <div class='ocr_carea' id='block_1_84' title="bbox 2065 4513 3710 4586">
    <p class='ocr_par' dir='ltr' id='par_1_84' title="bbox 2065 4513 3710 4586">
     <span class='ocr_line' id='line_1_85' title="bbox 2065 4513 3710 4586; baseline 0 -17"><span class='ocrx_word' id='word_1_721' title='bbox 2065 4531 2168 4586; x_wconf 91' lang='lat' dir='ltr'>pro</span> <span class='ocrx_word' id='word_1_722' title='bbox 2200 4515 2347 4570; x_wconf 89' lang='lat' dir='ltr'>virili</span> <span class='ocrx_word' id='word_1_723' title='bbox 2381 4514 2750 4586; x_wconf 87' lang='lat' dir='ltr'>prohibebat.</span> <span class='ocrx_word' id='word_1_724' title='bbox 2787 4513 2997 4569; x_wconf 77' lang='lat' dir='ltr'>Invasit</span> <span class='ocrx_word' id='word_1_725' title='bbox 3034 4518 3092 4568; x_wconf 89' lang='lat' dir='ltr'>et</span> <span class='ocrx_word' id='word_1_726' title='bbox 3134 4514 3468 4568; x_wconf 90' lang='lat' dir='ltr'>Serviorum</span> <span class='ocrx_word' id='word_1_727' title='bbox 3517 4519 3710 4585; x_wconf 79' lang='lat' dir='ltr'>Zupa-</span> 
     </span>
    </p>
   </div>
   <div class='ocr_carea' id='block_1_85' title="bbox 2066 4600 3714 4672">
    <p class='ocr_par' dir='ltr' id='par_1_85' title="bbox 2066 4600 3714 4672">
     <span class='ocr_line' id='line_1_86' title="bbox 2066 4600 3714 4672; baseline -0.001 -17"><span class='ocrx_word' id='word_1_728' title='bbox 2066 4618 2230 4669; x_wconf 91' lang='lat' dir='ltr'>num,</span> <span class='ocrx_word' id='word_1_729' title='bbox 2261 4603 2362 4672; x_wconf 86' lang='lat' dir='ltr'>qui</span> <span class='ocrx_word' id='word_1_730' title='bbox 2397 4600 2697 4656; x_wconf 85' lang='lat' dir='ltr'>maleﬁciis</span> <span class='ocrx_word' id='word_1_731' title='bbox 2729 4618 2842 4656; x_wconf 91' lang='lat' dir='ltr'>non</span> <span class='ocrx_word' id='word_1_732' title='bbox 2876 4600 3226 4663; x_wconf 81' lang='lat' dir='ltr'>abstinebat,</span> <span class='ocrx_word' id='word_1_733' title='bbox 3250 4605 3306 4654; x_wconf 86' lang='lat' dir='ltr'>et</span> <span class='ocrx_word' id='word_1_734' title='bbox 3327 4600 3535 4670; x_wconf 87' lang='lat' dir='ltr'>Scopia</span> <span class='ocrx_word' id='word_1_735' title='bbox 3557 4617 3714 4654; x_wconf 86' lang='lat' dir='ltr'>ever-</span> 
     </span>
    </p>
   </div>
   <div class='ocr_carea' id='block_1_86' title="bbox 2063 4687 3710 4760">
    <p class='ocr_par' dir='ltr' id='par_1_86' title="bbox 2063 4687 3710 4760">
     <span class='ocr_line' id='line_1_87' title="bbox 2063 4687 3710 4760; baseline 0.001 -17"><span class='ocrx_word' id='word_1_736' title='bbox 2063 4691 2241 4744; x_wconf 86' lang='lat' dir='ltr'>tebat.</span> <span class='ocrx_word' id='word_1_737' title='bbox 2275 4689 2598 4745; x_wconf 88' lang='lat' dir='ltr'>Commisso</span> <span class='ocrx_word' id='word_1_738' title='bbox 2629 4691 2696 4744; x_wconf 90' lang='lat' dir='ltr'>ad</span> <span class='ocrx_word' id='word_1_739' title='bbox 2729 4689 2945 4746; x_wconf 83' lang='lat' dir='ltr'>ﬂumen</span> <span class='ocrx_word' id='word_1_740' title='bbox 2976 4687 3278 4744; x_wconf 79' lang='lat' dir='ltr'>Morabum</span> <span class='ocrx_word' id='word_1_741' title='bbox 3327 4688 3524 4760; x_wconf 62' lang='lat' dir='ltr'>prelio</span> <span class='ocrx_word' id='word_1_742' title='bbox 3568 4687 3710 4744; x_wconf 88' lang='lat' dir='ltr'>Bar-</span> 
     </span>
    </p>
   </div>
   <div class='ocr_carea' id='block_1_87' title="bbox 2063 4778 3711 4851">
    <p class='ocr_par' dir='ltr' id='par_1_87' title="bbox 2063 4778 3711 4851">
     <span class='ocr_line' id='line_1_88' title="bbox 2063 4778 3711 4851; baseline 0 -17"><span class='ocrx_word' id='word_1_743' title='bbox 2063 4780 2190 4835; x_wconf 89' lang='lat' dir='ltr'>bari</span> <span class='ocrx_word' id='word_1_744' title='bbox 2247 4786 2410 4851; x_wconf 84' lang='lat' dir='ltr'>terga</span> <span class='ocrx_word' id='word_1_745' title='bbox 2456 4780 2781 4847; x_wconf 87' lang='lat' dir='ltr'>dederunt;</span> <span class='ocrx_word' id='word_1_746' title='bbox 2833 4782 2889 4834; x_wconf 92' lang='lat' dir='ltr'>in</span> <span class='ocrx_word' id='word_1_747' title='bbox 2942 4795 3125 4849; x_wconf 88' lang='lat' dir='ltr'>eaque</span> <span class='ocrx_word' id='word_1_748' title='bbox 3177 4778 3312 4849; x_wconf 82' lang='lat' dir='ltr'>fuga</span> <span class='ocrx_word' id='word_1_749' title='bbox 3366 4794 3480 4833; x_wconf 89' lang='lat' dir='ltr'>non</span> <span class='ocrx_word' id='word_1_750' title='bbox 3537 4779 3711 4850; x_wconf 85' lang='lat' dir='ltr'>pauci</span> 
     </span>
    </p>
   </div>
   <div class='ocr_carea' id='block_1_88' title="bbox 2064 4866 3705 4939">
    <p class='ocr_par' dir='ltr' id='par_1_88' title="bbox 2064 4866 3705 4939">
     <span class='ocr_line' id='line_1_89' title="bbox 2064 4866 3705 4939; baseline -0.002 -14"><span class='ocrx_word' id='word_1_751' title='bbox 2064 4885 2218 4939; x_wconf 88' lang='lat' dir='ltr'>aqua</span> <span class='ocrx_word' id='word_1_752' title='bbox 2247 4873 2303 4924; x_wconf 91' lang='lat' dir='ltr'>et</span> <span class='ocrx_word' id='word_1_753' title='bbox 2361 4870 2510 4924; x_wconf 81' lang='lat' dir='ltr'>ferro</span> <span class='ocrx_word' id='word_1_754' title='bbox 2560 4869 2875 4938; x_wconf 88' lang='lat' dir='ltr'>perierunt.</span> <span class='ocrx_word' id='word_1_755' title='bbox 2928 4866 3132 4922; x_wconf 82' lang='lat' dir='ltr'>Nisum</span> <span class='ocrx_word' id='word_1_756' title='bbox 3185 4883 3417 4938; x_wconf 91' lang='lat' dir='ltr'>quoque</span> <span class='ocrx_word' id='word_1_757' title='bbox 3474 4873 3705 4939; x_wconf 51' lang='lat' dir='ltr'>praeter.</span> 
     </span>
    </p>
   </div>
   <div class='ocr_carea' id='block_1_89' title="bbox 2065 4955 3708 5028">
    <p class='ocr_par' dir='ltr' id='par_1_89' title="bbox 2065 4955 3708 5028">
     <span class='ocr_line' id='line_1_90' title="bbox 2065 4955 3708 5028; baseline 0 -16"><span class='ocrx_word' id='word_1_758' title='bbox 2065 4975 2322 5028; x_wconf 73' lang='lat' dir='ltr'>gressus,</span> <span class='ocrx_word' id='word_1_759' title='bbox 2357 4963 2412 5011; x_wconf 89' lang='lat' dir='ltr'>et</span> <span class='ocrx_word' id='word_1_760' title='bbox 2443 4959 2511 5010; x_wconf 91' lang='lat' dir='ltr'>ad</span> <span class='ocrx_word' id='word_1_761' title='bbox 2547 4957 2760 5012; x_wconf 90' lang='lat' dir='ltr'>Savum</span> <span class='ocrx_word' id='word_1_762' title='bbox 2804 4955 3043 5011; x_wconf 87' lang='lat' dir='ltr'>ﬂuvium</span> <span class='ocrx_word' id='word_1_763' title='bbox 3085 4959 3398 5022; x_wconf 79' lang='lat' dir='ltr'>profectus,</span> <span class='ocrx_word' id='word_1_764' title='bbox 3445 4973 3708 5012; x_wconf 86' lang='lat' dir='ltr'>socerum</span> 
     </span>
    </p>
   </div>
   <div class='ocr_carea' id='block_1_90' title="bbox 2066 5045 3713 5116">
    <p class='ocr_par' dir='ltr' id='par_1_90' title="bbox 2066 5045 3713 5116">
     <span class='ocr_line' id='line_1_91' title="bbox 2066 5045 3713 5116; baseline 0 -14"><span class='ocrx_word' id='word_1_765' title='bbox 2066 5064 2236 5103; x_wconf 87' lang='lat' dir='ltr'>suum</span> <span class='ocrx_word' id='word_1_766' title='bbox 2270 5047 2465 5100; x_wconf 89' lang='lat' dir='ltr'>Belam</span> <span class='ocrx_word' id='word_1_767' title='bbox 2503 5045 2804 5115; x_wconf 67' lang='lat' dir='ltr'>liungarim</span> <span class='ocrx_word' id='word_1_768' title='bbox 2848 5061 3038 5115; x_wconf 82' lang='lat' dir='ltr'>regem</span> <span class='ocrx_word' id='word_1_769' title='bbox 3072 5045 3236 5099; x_wconf 83' lang='lat' dir='ltr'>adiit.</span> <span class='ocrx_word' id='word_1_770' title='bbox 3270 5045 3337 5098; x_wconf 88' lang='lat' dir='ltr'>Et</span> <span class='ocrx_word' id='word_1_771' title='bbox 3379 5045 3713 5116; x_wconf 88' lang='lat' dir='ltr'>complures</span> 
     </span>
    </p>
   </div>
   <div class='ocr_carea' id='block_1_91' title="bbox 2063 5133 3709 5204">
    <p class='ocr_par' dir='ltr' id='par_1_91' title="bbox 2063 5133 3709 5204">
     <span class='ocr_line' id='line_1_92' title="bbox 2063 5133 3709 5204; baseline -0.001 -13"><span class='ocrx_word' id='word_1_772' title='bbox 2063 5137 2142 5192; x_wconf 88' lang='lat' dir='ltr'>ibi</span> <span class='ocrx_word' id='word_1_773' title='bbox 2203 5136 2330 5190; x_wconf 88' lang='lat' dir='ltr'>dies</span> <span class='ocrx_word' id='word_1_774' title='bbox 2387 5142 2804 5202; x_wconf 68' lang='lat' dir='ltr'>commoratus,</span> <span class='ocrx_word' id='word_1_775' title='bbox 2853 5133 3303 5204; x_wconf 64' lang='lat' dir='ltr'>Philippopolim</span> <span class='ocrx_word' id='word_1_776' title='bbox 3379 5135 3709 5203; x_wconf 84' lang='lat' dir='ltr'>revertitur,</span> 
     </span>
    </p>
   </div>
   <div class='ocr_carea' id='block_1_92' title="bbox 2065 5221 3709 5293">
    <p class='ocr_par' dir='ltr' id='par_1_92' title="bbox 2065 5221 3709 5293">
     <span class='ocr_line' id='line_1_93' title="bbox 2065 5221 3709 5293; baseline 0 -14"><span class='ocrx_word' id='word_1_777' title='bbox 2065 5233 2232 5291; x_wconf 66' lang='lat' dir='ltr'>atque</span> <span class='ocrx_word' id='word_1_778' title='bbox 2281 5223 2416 5278; x_wconf 91' lang='lat' dir='ltr'>inde</span> <span class='ocrx_word' id='word_1_779' title='bbox 2475 5221 2534 5275; x_wconf 91' lang='lat' dir='ltr'>in</span> <span class='ocrx_word' id='word_1_780' title='bbox 2593 5238 2867 5293; x_wconf 80' lang='lat' dir='ltr'>magnam</span> <span class='ocrx_word' id='word_1_781' title='bbox 2929 5223 3124 5276; x_wconf 87' lang='lat' dir='ltr'>urbem</span> <span class='ocrx_word' id='word_1_782' title='bbox 3185 5222 3355 5292; x_wconf 89' lang='lat' dir='ltr'>redit,</span> <span class='ocrx_word' id='word_1_783' title='bbox 3417 5221 3709 5278; x_wconf 89' lang='lat' dir='ltr'>declinato</span> 
     </span>
    </p>
   </div>
   <div class='ocr_carea' id='block_1_93' title="bbox 2064 5307 2547 5365">
    <p class='ocr_par' dir='ltr' id='par_1_93' title="bbox 2064 5307 2547 5365">
     <span class='ocr_line' id='line_1_94' title="bbox 2064 5307 2547 5365; baseline -0.008 0"><span class='ocrx_word' id='word_1_784' title='bbox 2064 5310 2245 5365; x_wconf 59' lang='lat' dir='ltr'>Haemi</span> <span class='ocrx_word' id='word_1_785' title='bbox 2278 5307 2547 5363; x_wconf 77' lang='lat' dir='ltr'>transitu.</span> 
     </span>
    </p>
   </div>
   <div class='ocr_carea' id='block_1_94' title="bbox 2752 5375 3707 5471">
    <p class='ocr_par' dir='ltr' id='par_1_94' title="bbox 2752 5375 3707 5471">
     <span class='ocr_line' id='line_1_95' title="bbox 2752 5375 3707 5471; baseline -0.001 -20"><span class='ocrx_word' id='word_1_786' title='bbox 2752 5394 3180 5471; x_wconf 84' lang='grc' dir='ltr'>διαπειρόμενοι.</span> <span class='ocrx_word' id='word_1_787' title='bbox 3276 5395 3566 5470; x_wconf 86' lang='grc' dir='ltr'>Παρελθὼν</span> <span class='ocrx_word' id='word_1_788' title='bbox 3649 5375 3707 5450; x_wconf 71' lang='grc' dir='ltr'>δὲ</span> 
     </span>
    </p>
   </div>
   <div class='ocr_carea' id='block_1_95' title="bbox 288 5481 3711 5562">
    <p class='ocr_par' dir='ltr' id='par_1_95' title="bbox 288 5481 3711 5562">
     <span class='ocr_line' id='line_1_96' title="bbox 288 5481 3711 5562; baseline -0.003 -17"><span class='ocrx_word' id='word_1_789' title='bbox 288 5493 378 5545; x_wconf 80' lang='grc' dir='ltr'>καὶ</span> <span class='ocrx_word' id='word_1_790' title='bbox 408 5493 500 5546; x_wconf 91' lang='grc' dir='ltr'>τὸν</span> <span class='ocrx_word' id='word_1_791' title='bbox 536 5495 700 5545; x_wconf 80' lang='grc' dir='ltr'>Νῖσον</span> <span class='ocrx_word' id='word_1_792' title='bbox 725 5487 813 5539; x_wconf 85' lang='grc' dir='ltr'>καὶ</span> <span class='ocrx_word' id='word_1_793' title='bbox 849 5485 968 5560; x_wconf 84' lang='grc' dir='ltr'>περῖ</span> <span class='ocrx_word' id='word_1_794' title='bbox 1001 5487 1090 5540; x_wconf 89' lang='grc' dir='ltr'>τὸν</span> <span class='ocrx_word' id='word_1_795' title='bbox 1126 5483 1368 5541; x_wconf 79' lang='grc' dir='ltr'>Σάουϐον</span> <span class='ocrx_word' id='word_1_796' title='bbox 1400 5491 1644 5562; x_wconf 88' lang='grc' dir='ltr'>ποταμὸν</span> <span class='ocrx_word' id='word_1_797' title='bbox 1672 5495 1750 5562; x_wconf 79' lang='grc' dir='ltr'>τῷ</span> <span class='ocrx_word' id='word_1_798' title='bbox 1802 5491 1988 5562; x_wconf 79' lang='grc' dir='ltr'>οἰκείῳ</span> <span class='ocrx_word' id='word_1_799' title='bbox 2047 5487 2293 5561; x_wconf 78' lang='grc' dir='ltr'>συνέμιξε</span> <span class='ocrx_word' id='word_1_800' title='bbox 2320 5482 2562 5556; x_wconf 78' lang='grc' dir='ltr'>κηδεστῇ</span> <span class='ocrx_word' id='word_1_801' title='bbox 2593 5489 2671 5557; x_wconf 79' lang='grc' dir='ltr'>τῷ</span> <span class='ocrx_word' id='word_1_802' title='bbox 2701 5488 2802 5558; x_wconf 81' lang='grc' dir='ltr'>τῇς</span> <span class='ocrx_word' id='word_1_803' title='bbox 2831 5485 3106 5558; x_wconf 84' lang='grc' dir='ltr'>Οὐγγρίας</span> <span class='ocrx_word' id='word_1_804' title='bbox 3141 5485 3268 5558; x_wconf 80' lang='grc' dir='ltr'>ῥηγί</span> <span class='ocrx_word' id='word_1_805' title='bbox 3298 5489 3376 5555; x_wconf 78' lang='grc' dir='ltr'>τῷ</span> <span class='ocrx_word' id='word_1_806' title='bbox 3409 5484 3571 5554; x_wconf 82' lang='grc' dir='ltr'>Βελᾷ.</span> <span class='ocrx_word' id='word_1_807' title='bbox 3607 5481 3711 5539; x_wconf 81' lang='grc' dir='ltr'>Καὶ</span> 
     </span>
    </p>
   </div>
   <div class='ocr_carea' id='block_1_96' title="bbox 292 5570 3708 5655">
    <p class='ocr_par' dir='ltr' id='par_1_96' title="bbox 292 5570 3708 5655">
     <span class='ocr_line' id='line_1_97' title="bbox 292 5570 3708 5655; baseline -0.002 -22"><span class='ocrx_word' id='word_1_808' title='bbox 292 5581 491 5655; x_wconf 75' lang='grc' dir='ltr'>συχνάς</span> <span class='ocrx_word' id='word_1_809' title='bbox 525 5579 700 5635; x_wconf 81' lang='grc' dir='ltr'>ἐκεῖσε</span> <span class='ocrx_word' id='word_1_810' title='bbox 732 5573 1019 5648; x_wconf 76' lang='grc' dir='ltr'>διατρίψάς</span> <span class='ocrx_word' id='word_1_811' title='bbox 1047 5574 1255 5648; x_wconf 80' lang='grc' dir='ltr'>ἡμέρας</span> <span class='ocrx_word' id='word_1_812' title='bbox 1279 5574 1543 5631; x_wconf 80' lang='grc' dir='ltr'>ἐπάνεισιν</span> <span class='ocrx_word' id='word_1_813' title='bbox 1568 5576 1720 5642; x_wconf 78' lang='grc' dir='ltr'>αὖθις</span> <span class='ocrx_word' id='word_1_814' title='bbox 1753 5578 1826 5640; x_wconf 87' lang='grc' dir='ltr'>εἷς</span> <span class='ocrx_word' id='word_1_815' title='bbox 1856 5574 2333 5643; x_wconf 84' lang='grc' dir='ltr'>Φιλιππούπολιν,</span> <span class='ocrx_word' id='word_1_816' title='bbox 2357 5572 2599 5652; x_wconf 80' lang='grc' dir='ltr'>κάκεῖθεν</span> <span class='ocrx_word' id='word_1_817' title='bbox 2631 5576 2729 5644; x_wconf 80' lang='grc' dir='ltr'>τὴν</span> <span class='ocrx_word' id='word_1_818' title='bbox 2767 5570 3140 5649; x_wconf 85' lang='grc' dir='ltr'>μεγαλόπολιν</span> <span class='ocrx_word' id='word_1_819' title='bbox 3173 5572 3417 5645; x_wconf 73' lang='grc' dir='ltr'>ε’ἰσεισιν,</span> <span class='ocrx_word' id='word_1_820' title='bbox 3446 5571 3708 5628; x_wconf 85' lang='grc' dir='ltr'>ἐκκλίνων</span> 
     </span>
    </p>
   </div>
   <div class='ocr_carea' id='block_1_97' title="bbox 290 5659 1131 5743">
    <p class='ocr_par' dir='ltr' id='par_1_97' title="bbox 290 5659 1131 5743">
     <span class='ocr_line' id='line_1_98' title="bbox 290 5659 1131 5743; baseline -0.01 -20"><span class='ocrx_word' id='word_1_821' title='bbox 290 5671 388 5743; x_wconf 74' lang='grc' dir='ltr'>τήν</span> <span class='ocrx_word' id='word_1_822' title='bbox 418 5670 495 5733; x_wconf 79' lang='grc' dir='ltr'>είς</span> <span class='ocrx_word' id='word_1_823' title='bbox 525 5669 619 5726; x_wconf 89' lang='grc' dir='ltr'>τὸν</span> <span class='ocrx_word' id='word_1_824' title='bbox 656 5665 844 5738; x_wconf 77' lang='grc' dir='ltr'>Αἷμον</span> <span class='ocrx_word' id='word_1_825' title='bbox 869 5659 1131 5738; x_wconf 83' lang='grc' dir='ltr'>πάροδον.</span> 
     </span>
    </p>
   </div>
  </div>
