4098 6292
415 429 535 490 803

1731 427 1790 489 Ν
1795 424 2048 489 ΙΟΕΤᾸΞ
2089 424 2511 488 CHONIATJE

3704 435 3826 494 804

489 565 645 622 εσυ
695 563 962 634 lnitaque
1016 562 1130 618 alia
1179 562 1398 618 ratione
1463 560 2054 634 Philippopolitanam

2245 557 2342 621 Εἰς
2402 556 2449 614 δ’
2505 558 2688 634 ἑτέραν
2755 563 2863 615 τῶν
2915 563 3052 616 κατᾶ
3110 559 3569 618 Φιλιππούπολιν
3627 569 3826 641 χωρῶν

415 655 777 727 provinciam
809 653 1200 726 gubernandi,
1227 658 1290 708 ut
1311 653 1568 710 hostium
1593 651 2066 726 grassationibus

416 744 671 800 maxime
685 743 1010 811 obnoxiam,
1024 743 1476 799 Constantinum
1492 742 1731 798 fratrem
1749 739 2067 814 patruelem

415 851 546 888 cum
582 833 827 904 imperio
858 831 1108 902 ablegat,
1139 848 1314 903 quem
1353 832 1564 888 classis
1594 847 1828 904 quoque
1857 831 2065 884 ducem

414 927 654 978 crearat.
686 921 794 987 Qui
826 922 933 976 eti
967 922 1157 977 adhuc
1189 921 1548 994 adolescens,
1584 927 1805 988 tamen,
1853 934 2066 990 quem-

413 1009 733 1064 admodum
764 1007 1002 1064 leonum
1033 1007 1212 1064 ratuli
1243 1025 1278 1064 a
1309 1009 1500 1080 primo
1531 1014 1660 1064 ortu
1682 1006 2062 1079 supercilium

405 1099 614 1170 jubam
638 1103 696 1154 et
721 1099 1008 1169 unguium
1031 1097 1212 1153 aciem
1253 1098 1590 1168 ostendunt,
1627 1098 1712 1153 sic
1741 1097 1840 1152 ille
1863 1095 2063 1151 statim

415 1186 594 1244 animi
625 1187 872 1256 vigorem
905 1191 963 1241 et
1015 1185 1384 1242 iracundiam
1441 1203 1555 1258 prae
1613 1201 1676 1240 se
1731 1184 1925 1241 ferens
1983 1184 2064 1239 ita

414 1276 734 1332 exercitum
769 1276 839 1331 ad
886 1275 980 1331 sui
1001 1283 1219 1331 metum
1239 1280 1298 1331 et
1313 1275 1704 1331 obedientiam
1723 1274 2062 1340 assuefecit,

413 1370 476 1420 ut
507 1365 580 1421 ad
612 1371 819 1420 nutum
851 1368 908 1420 et
958 1365 1370 1436 cogitationem
1422 1368 1662 1436 paratus
1709 1365 1878 1434 jussa
1933 1362 2063 1432 ejus

417 1453 580 1510 facile
610 1457 1041 1524 exsequeretur.
1087 1452 1417 1508 Naluralem
1461 1453 1639 1525 igitur
1695 1453 1753 1507 in
1809 1450 2062 1524 regendo

415 1543 604 1600 milite
632 1543 1013 1600 acrimoniam
1049 1547 1286 1598 secutus
1316 1543 1365 1596 si
1397 1543 1635 1614 quando
1673 1541 1862 1598 astatis
1921 1539 2063 1597 vitio

415 1633 489 1689 ab
519 1633 710 1688 ofﬁcio
741 1633 1062 1702 deerrabat,
1097 1637 1286 1688 errata
1316 1633 1444 1701 ejus
1475 1631 1650 1704 legati
1669 1629 2062 1702 corrigebant,

413 1730 714 1778 monenles
745 1737 818 1776 ne
849 1721 1002 1776 ultra
1028 1719 1246 1776 limites
1277 1726 1641 1792 evagaretur.
1667 1719 1916 1776 Proinde
1937 1716 2064 1773 Bla-

410 1811 507 1867 chi
540 1811 728 1883 magis
757 1827 892 1866 eum
926 1811 1309 1866 formidarent
1339 1825 1517 1882 quam
1563 1810 1759 1882 ipsum
1809 1809 2060 1880 impera-

401 1903 586 1954 torem
614 1915 629 1966 ;
664 1916 731 1954 ae
762 1903 970 1956 Petrus
1000 1903 1058 1955 et
1089 1904 1243 1954 Asan
1274 1915 1428 1970 stupe
1458 1895 2056 1970 Philippopolitanum

405 1994 462 2045 et
492 1989 830 2044 Berroenum
864 2004 1070 2061 agrum
1101 1987 1434 2060 populaturi
1465 1985 1914 2044 Constantinum
1946 1999 2063 2040 non

408 2079 459 2132 fe
470 2077 665 2134 f'elleru
678 2083 761 2146 nt,
775 2079 954 2150 tergis
970 2078 1220 2134 subinde
1241 2077 1622 2132 inhaerentem
1640 2079 1696 2132 et
1709 2074 2061 2148 phalangem

408 2185 610 2225 comm
641 2169 819 2225 armis
849 2168 1271 2234 lacessentem;
1330 2171 1390 2224 et
1436 2168 1632 2223 minus
1681 2167 1918 2222 crebras
1966 2181 2064 2221 ex-

410 2257 712 2314 cursiones
745 2259 1026 2314 fecerunt.
1058 2257 1203 2312 Cum
1236 2261 1428 2312 autem
1453 2255 1838 2312 Constantino
1865 2253 1905 2309 ii
1927 2270 2061 2310 suc-

411 2371 612 2411 cessus
638 2356 708 2412 ad
743 2356 945 2427 patrias
972 2358 1030 2410 et
1069 2354 1464 2426 subjectarum
1515 2354 1750 2410 urbium
1809 2351 2058 2408 salutem

411 2445 697 2500 referendi
729 2449 948 2512 essent,
980 2444 1030 2500 is
1061 2444 1412 2500 contrariam
1442 2443 1595 2499 viam
1617 2447 1878 2510 secutus,
1902 2441 1999 2498 57
2016 2441 2054 2495 ι

409 2537 470 2589 et
500 2534 692 2604 parvis
721 2532 842 2588 illis
871 2531 1347 2589 dimicationibus
1369 2533 1441 2588 ob
1460 2532 1651 2588 (etatis
1681 2531 1976 2586 levitatem
2000 2532 2058 2585 et

412 2622 795 2678 temeritatem
830 2620 1038 2692 elatus,
1073 2622 1252 2677 duces
1280 2625 1338 2676 et
1369 2621 1582 2676 milites
1630 2617 1946 2675 nobiliores
2001 2620 2059 2674 et

412 2714 494 2770 rei
522 2713 740 2769 bellica:
773 2712 1075 2784 peritiores
1107 2711 1220 2768 sibi
1251 2711 1563 2766 conciliare
1592 2708 1860 2764 instituit.
1903 2706 2058 2770 Quos

408 2819 540 2858 eum
574 2802 730 2858 dicto
773 2801 1078 2857 audientes
1115 2807 1174 2856 et
1225 2800 1298 2856 ad
1337 2799 1670 2878 juvandum
1721 2797 2056 2853 institutum

412 2912 586 2952 suum
618 2902 850 2966 paratos
883 2893 1225 2959 invenisset.
1257 2908 1361 2964 pro
1389 2891 1555 2948 dueis
1577 2890 1783 2946 habitu
1809 2890 2058 2960 impera-

413 2984 621 3040 toriam
655 2983 858 3052 sumit,
887 2988 946 3038 et
973 2983 1045 3038 ad
1091 2981 1420 3055 tyrannidis
1461 2980 1903 3052 occupationem
1954 2978 2058 3034 de-

389 3071 741 3130 .clarandam
778 3087 1139 3144 purpureum
1167 3069 1422 3126 calceum
1457 3069 1688 3137 induit;
1722 3069 2058 3137 sororisque

411 3161 690 3218 maritum
727 3174 1004 3230 maguum
1057 3158 1446 3214 domesticum
1501 3155 1848 3222 Occidentis,
1900 3153 2056 3210 Basi-

405 3257 555 3314 lium
593 3257 888 3323 Batatzen,
938 3261 1004 3312 ut
1048 3271 1252 3312 secum
1295 3261 1486 3312 actum
1532 3255 1632 3322 sit,
1682 3271 1785 3325 per
1831 3253 2054 3310 litteras

411 3345 722 3404 certiorem
755 3345 908 3400 facit.
960 3346 1015 3400 ls
1059 3359 1191 3400 vero
1233 3343 1610 3416 Adrianopoli
1658 3348 1782 3398 tum
1831 3343 2049 3414 degens

411 3451 527 3492 non
561 3434 730 3490 modo
763 3433 988 3490 facinus
1017 3433 1146 3505 ejus
1178 3449 1293 3488 non
1348 3433 1648 3505 probabat,
1700 3447 1804 3487 nec
1857 3430 2047 3502 pueri-

405 3525 566 3581 libus
597 3526 722 3595 ejus
750 3524 896 3579 actis
924 3527 982 3578 et
1027 3521 1418 3578 insolentibus
1467 3520 1674 3577 litteris
1725 3521 2048 3592 quidquam

407 3615 767 3681 movebatur,
787 3613 891 3671 sed
911 3613 1085 3669 etiam
1109 3613 1505 3684 importunam
1521 3612 1650 3684 ejus
1668 3610 2048 3666 ambitionem

405 3705 710 3763 deridebat
736 3710 794 3761 et
819 3709 884 3761 ut
903 3704 1154 3776 jamjam
1191 3703 1510 3776 perituram
1537 3701 1900 3775 deplorabat.
1952 3701 2043 3757 Id-

405 3813 518 3869 que
549 3813 579 3852 e
608 3795 850 3867 vestigio
876 3799 966 3850 est
994 3799 1398 3851 consecutum.
1431 3793 1574 3849 Nam
1601 3808 1737 3848 cum
1769 3807 1836 3848 eo
1863 3789 2051 3848 consi-

405 3885 483 3941 lio
513 3881 903 3956 Philippopoli
933 3881 1321 3950 discessisset,
1356 3887 1420 3938 ut
1448 3879 1890 3953 Adrianopolim
1925 3896 2050 3952 pro-

403 3975 589 4029 fectus
619 3975 910 4030 sororium
961 3972 1250 4028 Batatzem
1300 3970 1387 4026 vel
1441 3970 1688 4026 invitum
1741 3969 1800 4024 in
1851 3974 2048 4041 partes

401 4079 539 4118 suae
568 4062 946 4134 pertraheret,
981 4060 1078 4115 ubi
1113 4060 1188 4115 ad
1231 4059 1512 4115 Neuzium
1564 4058 1825 4130 pervenit
1867 4057 2049 4128 (locus

403 4153 458 4208 id
489 4156 598 4218 est,
632 4150 732 4222 qui
763 4149 1362 4221 Philippopolitanam
1385 4153 1444 4204 et
1467 4145 2047 4218 Adrianopolitanam

402 4240 762 4312 provinciam
795 4238 1191 4311 disterminat)
1220 4236 1759 4308 comprehenditur,
1783 4236 2047 4306 etimpe-

401 4335 579 4392 ratori
609 4336 681 4392 ab
713 4335 785 4391 iis
807 4335 952 4408 ipsis
978 4335 1262 4408 proditur,
1287 4352 1318 4390 a
1338 4335 1553 4405 quibus
1576 4333 1649 4389 ad
1667 4333 2048 4388 defectionem

399 4425 696 4498 impulsus
720 4430 780 4482 et
800 4425 1123 4498 imperator
1135 4425 1426 4481 salutatus
1443 4423 1648 4478 fuerat.
1666 4423 1773 4486 Qui
1793 4427 2048 4476 utsuum

399 4517 628 4572 facinus
658 4515 899 4572 honesta
949 4514 1141 4586 specie
1181 4512 1462 4579 velarent,
1513 4513 1586 4567 ad
1639 4511 2049 4582 imperatorem

396 4605 762 4678 scripserunt
789 4621 854 4661 se
894 4620 1009 4660 non
1043 4602 1158 4660 alio
1211 4602 1365 4660 512
1413 4599 1656 4657 consilio
1704 4600 2051 4656 seditiosum

396 4695 695 4751 hominem
724 4702 980 4760 secutos,
1007 4691 1123 4748 nisi
1153 4696 1218 4747 ut
1263 4689 1477 4762 iniquae
1525 4693 1858 4760 temporum
1907 4705 2047 4744 con-

397 4785 606 4840 ditioni
639 4783 948 4840 servirent.
995 4782 1262 4839 Vidisses
1311 4781 1470 4837 enim
1519 4795 1582 4836 se
1631 4787 1755 4835 tum
1806 4777 2048 4834 minime

397 4873 577 4928 fuisse
606 4877 798 4929 tutum
841 4871 1208 4928 Constantini
1262 4868 1550 4926 voluntati
1601 4867 1898 4938 refragari,
1945 4867 2048 4939 qui

399 4977 606 5018 omnes
636 4962 812 5017 duces
843 4961 1148 5018 iracundia
1169 4961 1448 5027 vinceret,
1496 4963 1554 5014 et
1597 4974 1794 5014 ensem
1844 4957 2046 5012 statim

393 5049 454 5103 in
487 5065 586 5104 eos
610 5049 920 5120 stringeret
941 5049 1043 5120 qui
1060 5050 1247 5120 jussis
1267 5050 1398 5120 ejus
1418 5066 1527 5104 non
1555 5047 2045 5103 obsecundarent.

399 5137 462 5192 Id
493 5153 626 5191 vero
657 5139 811 5206 quod
848 5153 1004 5192 nunc
1038 5153 1136 5207 per
1164 5139 1524 5193 occasionem
1572 5137 1832 5200 fecerint,
1867 5151 2044 5207 argu-

399 5230 662 5280 mentum
723 5240 852 5279 esse
913 5241 1035 5280 sua;
1091 5225 1377 5281 inviolatae
1439 5241 1576 5296 erga
1635 5225 2044 5295 imperatorem

397 5315 554 5369 ﬁdei.
586 5315 910 5384 Imperator
936 5329 1076 5370 vero
1106 5317 1212 5370 etsi
1245 5314 1458 5370 levium
1492 5315 1748 5368 virorum
1789 5317 1944 5368 artes
1991 5317 2049 5369 et

398 5404 623 5459 fucatas
651 5404 1058 5459 excusationes
1089 5419 1203 5460 non
1229 5403 1556 5475 ignorabat,
1583 5407 1778 5457 tamen
1806 5416 1872 5458 eo
1893 5404 2045 5459 facto

395 5492 554 5566 quod
583 5509 614 5548 e
646 5509 706 5548 re
733 5508 840 5548 sua
871 5498 1029 5550 esset
1058 5493 1328 5563 probato,
1359 5492 1808 5549 Constantinum
1853 5507 2044 5548 excie-

395 5584 567 5648 cavit,
599 5581 935 5652 adjutorum
967 5584 1098 5654 ejus
1131 5582 1362 5637 nemine
1393 5587 1590 5652 aperte
1624 5581 1890 5638 multato.
1915 5583 2047 5639 Bla-

395 5671 488 5728 chi
519 5687 654 5728 vero
701 5674 937 5728 tantum
997 5687 1064 5728 eo
1122 5669 1484 5727 Constantini
1543 5684 1682 5727 casu
1739 5670 2048 5727 exhilarati

396 5767 556 5834 sunt,
589 5763 796 5817 Petrus
827 5765 884 5817 et
913 5763 1067 5819 Asau
1101 5761 1308 5818 fratres
1347 5759 1428 5815 ita
1475 5756 1828 5826 exultarunt,
1877 5760 2047 5830 quasi

2099 1942 2140 2004 ll

2174 645 2384 704 ἀπιδὼν
2446 643 2792 724 κυϐέρνησιν,
2851 649 2926 712 ὡς
3010 655 3118 706 τῶν
3174 649 3346 706 ἐκεῖσε
3425 651 3664 724 μάλιστα
3723 675 3832 708 πα·-

2176 737 2422 816 σχόντων
2481 742 2662 801 κακῶς
2721 739 2830 804 ἀεὶ,
2892 737 3108 795 στέλλει
3165 740 3255 795 τὸν
3312 742 3514 796 οἱκεῖον
3543 739 3832 817 έξάδελφον

2177 828 2604 899 Κωνσταντῖνον,
2665 827 2723 883 ὅν
2769 830 2858 883 καὶ
2911 825 3077 884 δοῦκα
3105 833 3204 884 τοῦ
3233 828 3432 885 στόλου
3458 827 3828 906 προύϐάλετο,

2175 915 2250 976 είς
2289 916 2592 993 στρατηγὸν
2648 917 2942 988 ἀποτάξας.
3002 919 3062 976 Ὀ
3122 915 3200 988 δὲ,
3245 916 3340 974 κᾶν
3373 921 3528 975 οὔπω
3564 920 3830 998 ὑπερανα-

2174 999 2396 1076 ϐεϐήκει
2454 1007 2545 1060 τὸν
2599 1005 2848 1082 μείρακα,
2908 1007 2968 1062 τὸ
3034 1011 3166 1083 γοῦν
3222 1007 3505 1080 θυμοειδὲς
3564 1009 3826 1085 παραδει-

2171 1093 2344 1148 κνύων
2377 1095 2451 1158 ὡς
2499 1095 2550 1150 οἱ
2604 1101 2712 1151 τῶν
2777 1092 3012 1152 λεόντων
3072 1099 3303 1170 σκύμνοι
3342 1099 3440 1166 τὴν
3471 1099 3639 1174 ὀφρὺν
3675 1099 3828 1163 εὐθὺς

2172 1183 2232 1240 ἐκ
2288 1185 2566 1259 γενέσεως,
2607 1186 2698 1241 καὶ
2750 1192 2851 1255 τῆς
2909 1185 3236 1263 έπαυχενίου
3291 1190 3475 1262 κόμης
3530 1191 3594 1246 τὸ
3637 1190 3825 1247 λάσιον

2171 1273 2261 1329 καὶ
2300 1275 2396 1336 τὰς
2451 1279 2559 1330 τῶν
2616 1274 2833 1351 ὀνύχων
2895 1275 3132 1346 ἀκωκὰς,
3193 1278 3338 1333 οὓτω
3395 1281 3531 1352 πρὸς
3583 1279 3828 1351 ὑπακοὴν

2170 1361 2260 1417 καί
2317 1359 2436 1426 δέος
2493 1365 2555 1418 τὸ
2614 1365 2768 1418 συνὸν
2824 1364 2970 1437 αὐτῷ
3039 1364 3332 1441 έρῥύθμισε
3389 1369 3699 1442 στράτευμα
3753 1370 3827 1432 ὡς

2169 1451 2393 1526 νεύματι
2429 1453 2581 1526 μόνῳ
2628 1453 2898 1510 πείθεσθαί
2955 1455 3004 1509 οἱ
3063 1455 3151 1508 καὶ
3201 1454 3495 1530 ἐννοήματι
3552 1458 3645 1512 καὶ
3691 1463 3828 1534 πρὸς

2171 1541 2238 1596 τὰ
2310 1539 2707 1614 ἐπιταττόμενα
2792 1539 2996 1615 ῥᾳδίως
3071 1543 3389 1621 ὑπάγεσθαι.
3473 1548 3831 1624 Ἐστρατήγει

2174 1627 2268 1688 οὖν
2305 1631 2441 1703 μετὰ
2503 1636 2603 1702 τῆς
2665 1637 2894 1709 φυσικῆς
2931 1631 3214 1702 ὀξύτητοςο
3249 1633 3298 1686 εἴ
3351 1631 3408 1689 δέ
3430 1655 3537 1690 που
3569 1638 3604 1704 ἡ
3635 1637 3832 1706 νεότης

2173 1716 2516 1800 σφαδάζουσα
2554 1718 2804 1790 ἐξέπιπτε
2857 1724 2953 1775 τοῦ
3010 1725 3370 1792 καθήκοντος,
3427 1725 3462 1793 ἡ
3501 1728 3608 1779 τῶν
3638 1722 3830 1799 ἐκείνῳ

2173 1808 2610 1886 συνεζευγμένων
2673 1809 3100 1888 ὑποστρατήγων
3164 1810 3419 1884 ἐμπειρία
3466 1812 3671 1885 ταύτην
3701 1814 3832 1869 ἀνα-

2175 1899 2496 1972 σειράζουσα
2571 1899 2647 1971 μή
2733 1897 2896 1974 ὅρους
2988 1895 3331 1976 ὑπερϐαίνειν
3393 1900 3633 1964 ὑπετίθει
3697 1905 3830 1966 τοὺς

2171 1987 2482 2050 τακτικούς.
2513 1989 2788 2059 Ἔπτηξαν
2848 1987 2942 2044 οὖν
3003 1990 3164 2045 αὐτὸν
3232 1993 3284 2046 o't
3344 1992 3646 2048 ἀποστάται
3679 1991 3832 2050 Βλά-

2171 2096 2268 2152 χοι
2328 2075 2452 2132 ὅσον
2513 2075 2628 2133 οὐδ’
2687 2076 2848 2132 αὐτὸν
2923 2079 3016 2134 τὸν
3096 2078 3325 2154 βασιλέα
3389 2079 3830 2154 ἐποπτανόμενον

2168 2164 2610 2242 κατεπλάγησαν,
2694 2167 2784 2222 καὶ
2872 2165 3145 2229 πολλάκις
3203 2169 3230 2224 ὁ
3294 2168 3494 2245 Πέτρος
3577 2172 3670 2226 σὺν
3747 2173 3830 2244 τῷ

2170 2255 2331 2312 Ἀσὰν
2384 2255 2581 2330 κείρειν
2639 2256 2708 2311 τὰ
2762 2257 2899 2312 κατὰ
2952 2256 3404 2314 Φιλιππούπολιν
3461 2261 3553 2315 καὶ
3585 2259 3825 2336 Βερῥόην

2167 2351 2492 2427 προθέμενοι
2552 2353 2655 2408 οὐκ
2709 2348 2908 2419 ἔλαθον
2967 2353 3193 2428 ἐξιόντες
3251 2357 3345 2413 τὸν
3395 2363 3827 2430 Κωνσταντῖνον,

2167 2439 2298 2498 ἀλλ’
2351 2440 2612 2520 ἱφέποντα
2678 2443 2836 2518 εἶχον
2919 2445 3010 2498 καὶ
3082 2447 3178 2507 τὰς
3252 2445 3466 2502 ἐκείνων
3527 2446 3830 2504 ιιλονοῦντα

2169 2529 2479 2608 φάλαγγας,
2535 2530 2672 2587 ὥστε
2727 2531 2838 2606 οὐχ
2892 2531 2967 2595 ὠς
3019 2523 3285 2608 πρότερον
3339 2535 3544 2610 συχνὰς
3603 2535 3826 2591 ἰποίουν

2167 2619 2262 2682 τὰς
2319 2617 2613 2695 έκδρομάς.
2675 2619 2830 2677 Αλλὰ
2904 2618 3021 2676 δέον
3083 2623 3150 2678 τὰ
3205 2623 3468 2694 λυσιτελῆ
3528 2629 3698 2680 ταῦτα
3751 2629 3822 2700 τῇ

2165 2706 2387 2782 πατρίδι
2417 2708 2667 2772 καίταῖς
2721 2708 2892 2766 ἐκεῖσε
2949 2709 3173 2767 πόλεσιν
3227 2715 3495 2787 αἱρεῖσθαι
3541 2713 3636 2768 τὸν
3674 2721 3824 2769 Κων-

2168 2804 2470 2870 σταντῖνον,
2527 2800 2554 2854 ὁ
2613 2795 2670 2854 δὲ
2721 2800 2821 2868 τῆν
2877 2798 3121 2856 ἐναντίαν
3193 2801 3475 2876 ἐτράπετο·
3535 2803 3820 2878 Ἐπαρθεὶς

2167 2888 2271 2964 γὰρ
2309 2892 2426 2950 τοῖς
2479 2893 2696 2962 μικροῖς
2743 2889 3083 2963 ἀγωνίσμασι
3131 2889 3369 2960 τούτοις,
3398 2890 3472 2953 ὡς
3501 2892 3600 2953 τὰς
3633 2891 3816 2969 φρένας

2164 2976 2404 3032 ἀστατῶν
2432 2981 2500 3052 τῇ
2555 2977 2794 3048 νεότητι,
2853 2975 3054 3052 ἤρξατο
3115 2979 3502 3045 ὑποποιεῖσθαι
3531 2983 3667 3044 τοὺς
3697 3001 3821 3036 συν-

2167 3064 2323 3128 όντας
2381 3065 2528 3137 αύτῷ
2583 3067 2942 3142 στρατηγοὺς,
3001 3069 3106 3122 κὰκ
3159 3071 3269 3124 τῶν
3328 3067 3620 3144 ἐγχωρίων
3655 3089 3828 3146 στρα-

2161 3157 2377 3210 τιωτῶν
2443 3153 2677 3220 ὁπόσους
2729 3155 2792 3210 τὸ
2855 3157 3004 3232 γένος
3060 3154 3375 3230 αἰδεσίμους
3421 3157 3683 3232 ἐγίνωσκε
3723 3157 3823 3214 καὶ

2168 3240 2504 3316 περιδεξίους
2562 3243 2638 3306 είς
2697 3239 2830 3320 ἔργα
2885 3243 3150 3319 πολέμια.
3231 3247 3440 3304 Οὐκοῦν
3521 3247 3612 3302 καὶ
3691 3247 3827 3322 βρα-

2167 3337 2322 3412 χεῖαν
2357 3331 2417 3388 ἐκ
2442 3331 2651 3390 τούτων
2713 3333 2888 3407 ῥοπὴν
2941 3333 3195 3410 ἐσχηκὼς
3248 3336 3388 3411 πρὸς
3430 3338 3533 3406 τὴν
3563 3343 3672 3394 τῶν
3702 3338 3822 3394 κατ’

2163 3419 2339 3500 ἔφεσιν
2399 3421 2786 3497 ἐκπεράτωσιν,
2871 3431 2972 3493 τῆς
3045 3423 3406 3501 στρατηγίδος
3489 3425 3820 3500 ἀνθαιρείται

2163 3510 2368 3580 στολῆς
2400 3519 2498 3581 τῆν
2535 3511 2832 3586 βασίλειον,
2890 3513 2980 3568 καὶ
3027 3514 3153 3576 τοὺς
3183 3511 3353 3576 πόδας
3384 3514 3462 3577 εἰς
3494 3516 3817 3588 ὲτοιμασίαν

2161 3612 2260 3678 τῆς
2289 3607 2603 3684 τυραννίδος
2642 3605 3025 3689 φοινικοϐαφὶς
3075 3612 3398 3692 ἀμφιένουσι
3428 3613 3677 3672 πέδιλον.
3709 3613 3817 3672 Καὶ

2161 3697 2476 3774 παραδηλοῖ
2529 3702 2680 3774 [279]
2730 3701 3013 3776 γράμμασι
3039 3723 3104 3757 τα
3134 3703 3218 3760 ἐπ’
3273 3705 3426 3777 αὐτῷ
3454 3703 3815 3780 τετελεσμένα

2158 3793 2238 3861 τῷ
2265 3795 2368 3858 τῆς
2401 3786 2642 3866 ἀδελφῆς
2692 3789 2903 3866 γαμέτῃ
2963 3795 3044 3862 τῷ
3105 3791 3332 3867 μεγάλῳ
3364 3791 3670 3867 δομεστίκῳ
3707 3801 3810 3863 τῆς

2162 3876 2398 3947 Δύσεως,
2432 3876 2700 3950 Βασιλείῳ
2726 3882 2806 3950 τῷ
2856 3881 3126 3955 Βατάτζῃ.
3169 3881 3274 3938 Τὸν
3305 3879 3362 3936 δὶ
3411 3882 3474 3936 οὗ
3515 3880 3674 3954 μόνον
3708 3881 3814 3936 οὐκ

2159 3965 2316 4044 ἔσχεν
2349 3969 2671 4024 ἐπαινοῦντα
2725 3971 2792 4024 τὰ
2828 3968 3214 4044 τετολμημένα
3261 3973 3296 4042 ἤ
3329 3973 3674 4052 προσσχόντα
3724 3973 3812 4035 οἷς

2160 4055 2390 4132 ἔπραττε
2446 4055 2742 4126 νηπιωδῖυς
2795 4058 2886 4113 καὶ
2953 4061 3036 4122 οἷς
3094 4055 3344 4116 ἔστελλεν
3413 4058 3680 4128 αὐθαδῶς,
3737 4061 3815 4122 εἷς

2159 4143 2617 4202 Ἀδριανούπολιν
2644 4148 2768 4202 τότε
2808 4144 3090 4223 διάγοντα,
3139 4147 3289 4205 ἀλλὰ
3333 4150 3424 4205 καὶ
3453 4149 3685 4221 μᾶλλον
3717 4153 3818 4222 τήν

2161 4237 2381 4312 ἄκαιρον
2433 4239 2572 4312 ὁμοῦ
2617 4237 2705 4292 καὶ
2755 4237 2958 4313 ἄλογον
3019 4239 3232 4296 ἐκείνου
3281 4241 3604 4316 φιλοτιμίαν
3662 4264 3822 4298 κατα-

2165 4330 2526 4402 μωκώμενον,
2577 4328 2667 4383 καὶ
2725 4327 2799 4392 ὠς
2859 4329 2984 4384 ὅσον
3046 4327 3259 4386 οὐδιπω
3317 4331 3703 4404 ἀπολούμενον
3733 4332 3819 4388 αὖ.

2158 4418 2250 4473 τὸν
2312 4415 2666 4491 ὀδυρόμενον·
2729 4417 2758 4471 ὅ
2814 4416 2904 4471 καὶ
2961 4419 3106 4492 παρὰ
3157 4419 3327 4482 πόδας
3371 4420 3815 4492 ἐπηκολούθησεν

2161 4506 2326 4580 Ἀρας
2380 4507 2482 4581 γὰρ
2539 4504 2600 4560 έκ
2651 4512 2752 4576 τῆς
2811 4503 3097 4562 Φιλίππου
3159 4507 3248 4562 ἐπὶ
3315 4514 3507 4582 σκοπῷ
3563 4514 3664 4564 τοῦ
3705 4517 3816 4564 κατ’

2159 4590 2614 4668 ’Δδριανούπολιν
2670 4593 2917 4672 γενέσθαι
2978 4597 3186 4669 καὶμή
3243 4599 3436 4652 ἑκόντα
3491 4597 3812 4673 παραλήψε-

2081 4681 2126 4745 D
2168 4695 2289 4748 σθαι
2319 4683 2410 4738 τὸν
2441 4682 2642 4738 οἰκεῖον
2686 4679 2938 4759 γαμϐρὸν
2995 4685 3089 4740 τὸν
3146 4686 3424 4756 Βατάτζην
3457 4685 3800 4759 συλλήπτορα

2158 4777 2256 4829 τοῦ
2301 4771 2464 4850 ἔργου
2525 4772 2615 4828 καὶ
2685 4771 3178 4830 συνεπευδοκοῦντα
3241 4781 3360 4838 τοῖς
3437 4774 3790 4852 τελουμένοις,

2159 4863 2366 4932 φθάσας
2423 4863 2548 4936 περὶ
2614 4863 2678 4917 τὸ
2745 4861 3042 4938 λεγόμενον
3110 4864 3442 4934 Νεούτζικου
3505 4866 3694 4939 (τόπος
3745 4859 3798 4917 δὲ

2157 4950 2297 5006 ἐστιν
2357 4951 2512 5012 οὗτος
2569 4948 2898 5024 διοριστικὸς
2950 4956 3056 5006 τῶν
3135 4951 3418 5029 ἐπαρχιῶν
3467 4953 3804 5031 ἀμφοτέρων,

2157 5057 2254 5120 τῆς
2285 5047 2570 5125 Ἀδριανοῦ
2601 5073 2748 5128 φημι
2777 5053 2863 5105 καὶ
2897 5058 2997 5120 τῆς
3027 5050 3335 5127 Φιλίππου)
3368 5050 3807 5126 συλλαμϐάνεται

2156 5141 2245 5195 καὶ
2307 5138 2763 5214 καταπροδίδοται
2852 5141 3068 5216 βασιλεῖ
3147 5144 3275 5216 παρ’
3351 5143 3531 5198 αὐτῶν
3598 5143 3808 5198 ἐκείνων

2155 5229 2262 5284 τῶν
2315 5229 2387 5291 εἲς
2443 5229 2774 5286 ἀποστασίαν
2827 5229 3198 5301 ὑπονυξᾶντων
3261 5232 3352 5286 καὶ
3414 5232 3812 5307 ἀναγορευσάν-

2153 5338 2262 5372 των
2295 5316 2453 5370 αύτὸν
2509 5315 2900 5392 αὐτοκράτορα.
2960 5319 3026 5374 Οἱ
3085 5316 3131 5373 δ’
3193 5319 3345 5375 αὐτοὶ
3400 5321 3493 5375 καὶ
3540 5321 3636 5374 τὸν
3685 5319 3811 5394 ὑπὲρ

2155 5408 2358 5461 ἑαυτῶν
2390 5405 2663 5480 ἀπόλογον
2705 5407 2785 5486 ἐφ’
2833 5410 2915 5469 οἷς
2964 5405 3190 5483 ἔδρασαν
3250 5411 3387 5482 πρὸς
3433 5411 3496 5465 τὸ
3529 5407 3813 5485 εὔσχημον

2157 5495 2613 5570 μεθαρμόζοντες,
2672 5495 3064 5570 διεμηνύσαντο
3119 5496 3340 5574 βασιλεῖ
3383 5499 3446 5554 τὸ
3517 5499 3614 5572 μὲν
3681 5499 3812 5552 ὑπο-

2152 5584 2406 5655 κλιθῆναι
2471 5587 2560 5642 καὶ
2627 5575 2951 5660 πρόσςεῦσαι
3033 5593 3115 5661 τῷ
3199 5589 3476 5663 ἀποστάτῃ
3545 5589 3622 5662 μή
3693 5587 3812 5651 καθ’

2153 5671 2340 5750 ἓτερον
2386 5675 2591 5752 τρόπον
2641 5675 2960 5752 ἐργάσασθαι
3025 5679 3060 5748 ἢ
3123 5682 3204 5751 τῷ
3253 5673 3810 5752 συμμεταϐεϐλῆσθαι

2158 5761 2442 5836 ἀθελήτως
2495 5763 2576 5840 τῷ
2625 5770 2804 5842 καιρῷ
2855 5767 2946 5823 καὶ
2998 5771 3115 5830 τοῖς
3169 5768 3481 5846 πράγμασιν
3522 5767 3676 5844 (ὁρᾷν
3705 5766 3807 5842 γὰρ
