4098 6292
251 355 366 414 805

1376 352 1476 414 DE
1519 353 1834 416 ISAACIO
1878 356 2198 419 ANGELO
2245 355 2385 417 LIB.
2432 357 2545 419 III.

3555 363 3674 430 896

256 486 352 541 οὐκ
422 481 700 538 ἀκίνδυνον
762 483 947 545 αὐαοῖς
1006 483 1096 536 καὶ
1151 481 1446 538 ἀκόνδυλον
1505 489 1798 553 τηνικαῦτα
1845 487 1907 542 τὸ

2041 497 2074 544 :t
2105 506 2220 544 suae
2248 490 2439 561 gentis
2466 507 2709 563 regnum
2744 492 3066 550 aﬂ‘ectasset
3100 511 3113 562 ;
3147 511 3336 568 neque
3363 497 3675 568 imperato-

257 574 566 631 ἀντιτείνειν
618 573 753 648 πρὸς
813 575 880 628 τά
938 573 1084 648 παρὰ
1137 577 1234 627 τοῦ
1300 575 1714 630 Κωνσταντίνου
1773 577 1908 632 ὑπο-

261 664 595 739 ϐαλλόμενον
654 665 783 718 εἶναι
832 665 935 738 γὰρ
985 669 1091 718 τῶν
1137 667 1618 741 προηγησαμὲνων
1679 673 1910 742 στρατη⁴

261 760 377 832 γῶν
436 753 844 829 ἐπιχολώτατον
905 753 995 808 καὶ
1075 755 1136 808 τὸ
1221 755 1372 824 ξίφος
1442 755 1500 808 ἐκ
1563 761 1658 810 τοῦ
1724 756 1916 811 αὐτίκα

261 851 573 923 γυμνοῦντα
628 845 765 899 κατά
820 849 928 899 τῶν
993 846 1068 918 μή
1134 843 1572 901 ἐπευδοκούντων
1603 852 1718 910 τοῖς
1751 847 1916 902 αὐτοῦ

263 934 548 1013 δόγμασι),
606 934 668 988 τὸ
724 932 779 988 δὲ
856 939 944 988 νῦν
1028 931 1276 998 τελεσθὲν
1334 941 1432 1003 τῆς
1501 935 1554 998 ἐς
1609 934 1769 991 αὐτὸν
1825 937 1916 992 τὸν

261 1022 493 1099 βασιλέα
543 1025 874 1100 ἀκραιφνοῦς
932 1027 1231 1098 τεκμήριον
1308 1025 1543 1086 πίστεως
1599 1026 1663 1080 τὸ
1717 1025 1916 1080 οἰκεῖον

254 1109 664 1186 ἐνδειξαμένων,
769 1113 1004 1183 ὁπηνίκα
1098 1113 1368 1188 εὐκαιρίας
1452 1109 1733 1171 ἐλάϐοντο.
1811 1114 1914 1172 Καὶ

254 1201 379 1274 ἤδει
416 1206 512 1277 μὶν
546 1205 574 1258 ὁ
610 1203 868 1278 βασιλεὺς
901 1199 1270 1278 παλιμϐόλων
1304 1201 1514 1278 ἀνδρῶν
1562 1205 1917 1282 τεχνάσματα

255 1297 430 1348 ταῦτα
503 1293 592 1347 καὶ
668 1293 1226 1367 κατεσχηματισμένα
1292 1289 1692 1368 προϐληματα,
1762 1292 1915 1349 ἔπαι-

254 1382 415 1444 νὲσας
470 1379 515 1436 δ’
573 1383 727 1454 ὅμως
781 1385 842 1437 τὸ
887 1383 1108 1458 γεγονὸς
1148 1383 1222 1445 ὸς
1279 1383 1428 1456 αὐτῷ
1472 1385 1770 1460 ξύμφορον,
1808 1388 1916 1438 τῶν

261 1473 360 1543 μὲν
397 1472 778 1547 συναραμένων
810 1476 910 1526 τοῦ
970 1467 1132 1548 ἔργου
1190 1477 1270 1544 τῷ
1302 1473 1694 1544 Κωνσταντίνῳ
1726 1470 1917 1527 οὐδένα

254 1561 318 1616 ἐκ
347 1565 444 1616 τοῦ
475 1558 765 1635 προδήλου
794 1559 1278 1637 παραλελύπηκεν,
1310 1561 1467 1616 αὐτὸν
1518 1559 1565 1615 δ’
1615 1560 1670 1623 ἐς
1708 1563 1770 1616 τὸ
1802 1566 1916 1640 φῶς

259 1648 600 1722 ἐλυμήνατο.
653 1652 924 1706 Τοσοῦτον
991 1648 1035 1705 δ’
1087 1651 1449 1727 εὐφράνθησαν
1483 1651 1534 1704 οἱ
1576 1648 1786 1725 Βλάχοι
1825 1651 1913 1704 καὶ

267 1739 682 1814 ἠγαλλιάσαντο
711 1740 910 1815 Πέτρος
967 1762 1024 1796 τε
1080 1742 1170 1796 καὶ
1231 1741 1388 1798 Ἀσὰν
1417 1741 1503 1796 ἐπὶ
1547 1746 1663 1802 τοῖς
1715 1735 1918 1815 συμϐε-

270 1826 472 1901 ϐηκόσι
525 1833 742 1894 τούτοις
795 1837 874 1904 τῷ
931 1831 1338 1904 Κωνσταντίνῳ,
1374 1832 1511 1886 ὥστε
1558 1832 1802 1886 κάκεῖνον
1830 1830 1916 1885 ἐπὶ

260 1924 362 1974 τοῦ
439 1921 642 1976 ἑαυτῶν
738 1915 918 1984 ἔθνους
980 1924 1050 1995 τῇ
1121 1921 1374 1996 βασιλείᾳ
1456 1917 1760 1993 ἐπιϐαλεῖν,
1825 1921 1919 1975 καὶ

265 2007 499 2083 βασιλέα
573 2013 648 2083 μή
709 2006 909 2085 ἔχοντα
969 2016 1233 2084 μειζονως
1295 2013 1662 2085 εὐεργετήσειν
1732 2008 1921 2073 ἄλλως

260 2098 388 2159 τοὺς
441 2096 692 2174 Βλάχους
723 2100 757 2169 ἢ
789 2099 882 2161 τὰς
938 2100 1103 2174 κόρας
1163 2099 1391 2175 ἐκκόψαι
1449 2105 1548 2156 τοῦ
1596 2097 1924 2155 Κωνσταντί-

256 2209 380 2255 νου,
414 2193 854 2265 θυμοσοφοῦντες
913 2187 964 2244 ἐν
1022 2195 1136 2250 τοῖς
1190 2189 1490 2256 τοιούτοις,
1550 2189 1640 2244 καὶ
1688 2190 1756 2244 τὰ
1787 2191 1922 2243 Ῥω-

261 2277 443 2350 μαίων
523 2277 946 2352 μυκτηρίζοντες
1003 2279 1295 2353 πράγματα
1373 2277 1458 2333 ἐπὶ
1533 2280 1596 2333 τὸ
1668 2280 1918 2340 κάταντες

259 2367 346 2422 ἀεὶ
407 2370 805 2443 προχωροῦντα
860 2368 950 2422 καὶ
1006 2373 1124 2430 τοῖς
1184 2368 1394 2443 χείροσι
1453 2367 1665 2443 μέρεσιν
1702 2367 1916 2424 ὑπενδι-

260 2455 445 2510 δὸντα.
481 2457 548 2513 Οἱ
581 2453 625 2510 δ’
657 2456 813 2510 αὐτοὶ
844 2456 933 2511 καὶ
981 2464 1097 2517 τοῖς
1161 2457 1221 2512 ἐκ
1253 2457 1464 2532 φύτλης
1494 2462 1602 2512 τῶν
1633 2456 1914 2534 ’Δγγέλων

261 2547 367 2614 τήν
434 2549 541 2599 τῶν
619 2544 910 2617 Ῥωμαίων
985 2547 1322 2623 χειρίζουσιν
1399 2546 1579 2622 ἀρχὴν
1655 2545 1916 2608 πολυετὶς
1995 2544 2305 2618 ἐπηύχοντο
2377 2547 2595 2619 κράτος,

2023 596 2140 635 rem
2175 579 2359 635 ullum
2402 582 2586 651 majus
2643 581 2989 637 beneficium
3039 585 3098 638 in
3151 586 3384 641 Blachos
3413 589 3673 645 conferre

2024 670 2274 741 potuisse
2321 671 2579 726 dicerent
2611 672 2985 727 exemeations
3015 673 3372 730 Constantini
3406 693 3420 731 :
3456 678 3674 749 quibus

2023 761 2175 816 573
2206 760 2390 816 verbis
2440 761 2752 815 iracundias
2795 779 2912 817 suae
2944 761 3423 834 blandiebantur,
3449 773 3506 821 et
3553 784 3672 824 rem

2023 852 2338 907 Romanam
2381 852 2634 907 subinde
2665 852 2722 907 in
2758 852 3010 908 deterius
3060 860 3322 908 ruentem
3355 856 3673 913 subsanna-

2024 941 2181 997 hanl.
2216 941 2515 1012 Iidsmqus
2566 940 2847 1013 Angelicas
2904 941 3130 996 familias
3183 959 3295 998 suae
3327 945 3670 1002 diuturnum

2025 1030 2330 1100 imperium
2392 1031 2790 1100 precabantur,
2836 1029 3137 1102 Deumque
3184 1033 3425 1089 orabant
3463 1051 3534 1092 ne
3565 1053 3674 1090 un-

2025 1135 2223 1190 quam,
2264 1119 2310 1177 si
2337 1119 2460 1175 ﬁeri
2491 1125 2707 1190 posset,
2756 1127 3116 1176 morerentur
3146 1127 3244 1177 aut
3271 1139 3523 1192 unquam
3558 1124 3677 1196 pri-

2023 1213 2213 1265 vatam
2244 1210 2417 1264 vitam
2450 1215 2707 1280 agerent.
2739 1212 2980 1265 Causam
3029 1210 3456 1282 subjungsbnat
3488 1212 3675 1270 homi-

2024 1315 2126 1354 nes
2172 1298 2551 1354 exsecrabiles
2605 1303 2662 1353 et
2709 1297 2883 1354 veluti
2941 1298 3238 1354 oraculum
3301 1301 3570 1369 edebant,
3604 1303 3676 1359 iis

2024 1387 2404 1459 regnantibus
2436 1387 2776 1442 Blachorum
2803 1403 3047 1460 regnum
3083 1405 3292 1460 magna
3320 1389 3676 1449 incrementa

2025 1485 2330 1548 capturum
2385 1485 2437 1533 st
2477 1478 2970 1548 anipliﬁcandum,
3020 1479 3224 1534 alienis
3281 1481 3593 1550 provinciis
3621 1488 3676 1537 st

2026 1567 2272 1622 urbibus
2314 1569 2670 1638 augendum,
2721 1567 3013 1639 principes
3043 1584 3109 1623 ex
3155 1569 3296 1640 ipsis
3347 1578 3403 1625 et
3443 1572 3614 1626 duces
3643 1585 3675 1626 s

2027 1657 2343 1713 femoribus
2381 1673 2580 1713 eorum
2614 1673 2951 1728 sgressuros
2981 1674 3130 1727 esse,
3164 1658 3317 1714 haud
3370 1660 3488 1715 scio
3520 1660 3676 1717 unde

2024 1751 2080 1801 st
2127 1747 2418 1816 quomodo
2467 1747 2692 1801 erudita
2733 1745 2853 1801 haec
2891 1747 3099 1803 edocti.
3159 1748 3408 1804 Proinde
3466 1753 3566 1804 aut
3604 1748 3677 1804 ad

2025 1835 2323 1890 castellum
2378 1835 2612 1906 aliquod
2661 1835 3009 1890 vastandum
3059 1843 3156 1890 aut
3209 1838 3279 1891 ad
3333 1853 3509 1909 pagos
3541 1838 3678 1892 diri-

2028 1924 2272 1994 piendos
2329 1929 2426 1979 aut
2476 1923 2550 1979 ad
2594 1925 2764 1980 urbes
2813 1926 3145 1980 evertendas
3200 1941 3334 1981 cum
3392 1926 3677 1998 phalange

2028 2013 2293 2085 Scythica
2336 2013 2854 2084 proﬁciscebantur
2879 2034 2893 2082 ;
2919 2023 2971 2069 et
3001 2015 3166 2069 obvia
3213 2032 3461 2086 qumque
3489 2033 3678 2088 popu-

2034 2103 2244 2171 lantes,
2289 2102 2432 2158 alias
2481 2102 2929 2174 Philippopolim
2967 2103 3333 2172 invadebant,
3368 2103 3508 2159 alias
3540 2106 3678 2160 Sar-

2030 2192 2171 2246 dicaa
2229 2192 2668 2256 insidiabantur,
2710 2190 2853 2247 alias
2907 2193 3337 2263 AdrianOpolim
3387 2195 3676 2263 petebant.

2030 2280 2270 2335 Romani
2300 2297 2432 2336 vero
2464 2281 2704 2352 segnius
2734 2295 2864 2336 cum
2923 2281 3008 2337 eis
3041 2283 3401 2354 pugnabant.
3435 2283 3594 2346 Quod
3628 2285 3679 2340 si

2027 2370 2259 2440 quando
2289 2369 2348 2424 in
2379 2369 2561 2424 aciem
2594 2369 3015 2425 descendebant
3047 2381 3100 2426 et
3141 2387 3396 2444 pugnam
3431 2373 3678 2444 inibant,

2026 2476 2229 2530 parum
2264 2459 2544 2514 nocebant
2576 2459 2858 2514 hostibus.

2677 2542 2817 2616 μηδὲ
2891 2543 3024 2601 ἰδεῖν
3101 2568 3234 2602 ποτε
3309 2549 3557 2618 θάνατον,
3633 2547 3682 2603 εί

263 2632 518 2703 δυνατὸν,
585 2632 934 2708 ἐξελιπάρουν
1006 2636 1067 2689 τὸ
1125 2641 1302 2704 Θεῖον,
1364 2633 1400 2704 ἤ
1452 2634 1732 2714 ἀφαίρεσιν
1787 2643 1887 2703 τῆς
1941 2630 2221 2695 ϐασιλείας
2286 2639 2498 2697 παθεῖν’
2558 2633 2647 2688 καὶ
2704 2636 2802 2702 τὴν
2865 2635 3038 2689 αἰτίαν
3085 2635 3459 2711 προστιθέντες
3510 2637 3680 2712 ἐχρη-

263 2724 560 2798 στηρὶαζον
636 2725 686 2778 οἱ
742 2726 1038 2799 κατάρατοι
1097 2726 1170 2787 ὡς
1233 2725 1406 2781 αὐτῶν
1466 2725 1869 2800 βασιλευόντων
1945 2720 2026 2779 ἔτι
2100 2724 2190 2779 καὶ
2244 2719 2324 2777 ἔτι
2395 2724 2462 2777 τὰ
2517 2727 2623 2777 τῶν
2703 2723 2939 2798 Βλάχων
2992 2723 3462 2794 προσεπιδώσουσί
3499 2748 3557 2781 τε
3585 2726 3678 2781 καὶ

277 2814 763 2889 μεγεθυνθήσεται,
828 2815 918 2868 καὶ
979 2816 1166 2891 χώρας
1219 2813 1275 2870 δὲ
1323 2815 1413 2870 καὶ
1461 2813 1654 2878 πόλεις
1699 2813 1994 2889 ἀλλοτρίας
2031 2813 2434 2883 ἐπικτήσονται,
2485 2812 2575 2865 καὶ
2625 2811 2884 2887 ἄρχοντες
2933 2812 2984 2883 ἐξ
3033 2815 3207 2869 αὐτῶν
3259 2816 3348 2869 καὶ
3378 2816 3681 2892 ἡγούμενοι

271 2900 336 2955 ἐκ
364 2906 470 2954 τῶν
507 2907 694 2974 μηρῶν
727 2901 900 2956 αὐτῶν
930 2902 1323 2972 ἐξελεύσονται,
1359 2903 1458 2958 οὐκ
1489 2901 1594 2958 οἶδ’
1625 2904 1718 2967 ’ὀθε
1775 2904 1863 2958 καὶ
1925 2902 2075 2964 ὅπως
2130 2902 2197 2956 τά
2251 2897 2659 2970 ἐσπουδασμένα
2690 2903 2770 2973 [Ρ.
2805 2904 2932 2974 280]
2960 2906 3127 2956 ταῦτα
3159 2899 3462 2972 διεξιόντες.
3493 2905 3679 2968 Ἔνθεν

274 3010 366 3043 τοι
422 2991 510 3043 καὶ
582 2991 631 3044 o't
709 2992 804 3064 μὲν
865 2991 940 3051 ὡς
994 2991 1083 3046 ἐπί
1139 3014 1190 3048 τι
1248 2991 1680 3067 ἐκπορθήσοντες
1747 2993 2005 3070 φρούριον
2071 2993 2105 3061 ἢ
2173 2993 2364 3063 κώμας
2430 2989 2804 3063 ἀναρπάστους
2837 2989 3414 3064 θησόμενοιῆπόλεις
3446 2992 3682 3049 ἀναστά-

269 3100 402 3142 τους
481 3077 734 3152 δείξοντες
794 3082 929 3156 μετά
1003 3082 1280 3158 φάλαγγος
1338 3083 1566 3159 ἐπῄεσαν
1648 3085 1941 3153 Σκυθικῆς,
2015 3081 2107 3137 καὶ
2179 3081 2273 3137 τὸν
2331 3084 2646 3158 προστυχὸν
2723 3083 2857 3137 ἅπαν
2933 3081 3189 3154 ἐσίνοντο,
3249 3085 3382 3138 ποτὶ
3459 3085 3554 3157 μὲν
3608 3089 3676 3159 τῇ

269 3169 554 3244 Φιλίρπου
626 3169 896 3240 ἐπιοντες,
973 3172 1108 3226 ποτὶ
1185 3169 1240 3226 δὲ
1313 3176 1382 3245 τῇ
1461 3170 1705 3249 Σαρδικῇ
1783 3169 2182 3248 ἐφεδρεύοντες,
2259 3169 2431 3226 ἐνίοτε
2505 3169 2562 3226 δὲ
2633 3173 2771 3227 κατὰ
2840 3173 2938 3240 τὴν
3019 3168 3472 3246 ’Δδριανούπολιν
3520 3172 3686 3251 ἔπερ-

262 3259 527 3332 χόμενοι·
597 3259 648 3312 οἱ
690 3256 747 3313 δὲ
813 3261 1079 3332 Ῥωμαῖοι
1147 3261 1473 3336 νωθέστερον
1545 3260 1857 3336 ἐπεξῄεσαν,
1901 3260 1946 3316 εἰ
1989 3258 2046 3316 δὲ
2083 3281 2217 3316 ποτε
2289 3261 2378 3316 καὶ
2452 3258 2853 3334 ἀντετάχθησαν
2926 3261 2961 3330 ἤ
3038 3259 3477 3334 συνεπλάκησαν,
3553 3263 3691 3319 κατὰ

263 3347 583 3421 μετρητοὺς
617 3346 841 3403 ἐκάκουν
873 3348 1000 3410 τοὺς
1029 3349 1379 3413 ἀντιπάλους.

337 3444 396 3494 ε’.
474 3438 536 3494 Ὁ
607 3434 664 3490 δὲ
722 3438 978 3512 βασιλεὺς
1040 3440 1200 3501 οὗτος
1256 3438 1652 3517 δολιχοδρόμῳ
1708 3439 1744 3510 ἤ
1807 3445 2009 3518 γοῦνα

268 3525 461 3581 σαδιεῖ
518 3528 859 3600 προσεοικὼς
911 3529 1070 3592 εὐθὺς
1131 3531 1265 3604 πρὸς
1315 3536 1384 3604 τῇ
1436 3529 1599 3605 νύσσῃ
1639 3529 1937 3586 κατέπαυσε

2119 3443 2174 3498 5.
2209 3441 2339 3512 Ipse
2365 3457 2500 3498 vero
2531 3441 2841 3514 imperator
2871 3457 3005 3497 cum
3065 3441 3296 3512 Optimae
3327 3442 3697 3514 gubernatio-

2045 3531 2134 3586 nis
2164 3547 2401 3586 cursum
2451 3531 2818 3598 instituisset,
2852 3531 3037 3585 instar
3075 3532 3263 3600 ignavi
3295 3533 3550 3588 cursoris
3581 3551 3696 3588 non

2045 3619 2242 3692 procul
2296 3621 2365 3674 ab
2421 3619 2564 3690 ipsis
2621 3619 2945 3675 carceribus
3001 3618 3242 3675 destitit.
3290 3620 3485 3689 Neque
3540 3621 3694 3676 enim

261 3619 366 3672 τὸν
431 3623 535 3685 τῆς
595 3616 822 3690 ἀρίστης
893 3617 1172 3691 βασιλείας
1243 3616 1447 3694 δρόμον
1501 3620 1714 3696 τρέχειν
1773 3621 1937 3694 ἀρξά-

279 3725 470 3779 μενος⁶
549 3703 674 3761 οὐδὲ
728 3708 829 3782 γὰρ
881 3709 948 3776 ἦν
1003 3707 1251 3771 πολλοὺς
1290 3710 1531 3789 ἀμφιιὼν
1571 3709 1806 3772 κύκλους
1837 3715 1937 3777 τῆς

273 3796 502 3870 ἀρετῆς,
562 3794 689 3850 ἀλλ’
733 3796 805 3858 ὡς
865 3796 1165 3870 ἄποκαμὼν
1224 3797 1581 3877 ὐπεχαλάσθη
1623 3802 1719 3854 τοῦ
1751 3797 1940 3852 συντό-

274 3907 378 3940 νου
418 3891 521 3954 τῆς
555 3885 736 3958 ὁρμῆς
765 3886 856 3940 καὶ
908 3888 1006 3957 τῆς
1062 3887 1348 3958 ἐπαινετῆς
1381 3887 1457 3950 είς
1503 3888 1638 3944 ἅπαν
1688 3885 1943 3961 ἒξενευρί-

277 3978 383 4044 σθη
426 3974 759 4048 προθέσεως.
817 3974 1026 4032 Οὐκοῦν
1081 3975 1320 4039 πολλοῖς
1376 3978 1444 4032 τὰ
1497 3977 1696 4053 χαλινὰ
1723 3977 1813 4032 καὶ
1844 3977 1940 4038 τὰς

282 4064 447 4134 ἡνίας
506 4063 820 4134 ὑπαλλάξας
879 4073 978 4135 τῆς
1034 4071 1140 4122 τῶν
1195 4072 1388 4122 κοινῶν
1463 4065 1808 4138 διοικήσεως,
1867 4066 1941 4128 ὡς

285 4153 444 4226 εἴπερ
474 4151 636 4213 αὐτὸς
684 4151 1018 4229 ἀποπεφύκει
1076 4155 1211 4228 πρὸς
1265 4152 1558 4209 σπουδαίαν
1591 4155 1771 4230 ἀρχῆς
1805 4151 1942 4208 διοί-

285 4262 473 4313 κησιν,
530 4240 690 4305 τελος
747 4241 923 4319 φέρων
978 4241 1268 4322 ἐνεχείρισι
1323 4245 1422 4311 τήν
1451 4245 1659 4299 τούτων
1691 4242 1946 4318 διεξαγω-

287 4333 394 4409 γὴν
432 4333 523 4387 καὶ
554 4327 876 4407 κυϐέρνησιν
933 4338 1014 4404 τῷ
1053 4335 1190 4408 πρὸς
1249 4335 1456 4408 μητρὸς
1508 4334 1634 4406 Θείῳ
1674 4331 1942 4406 Θεοδώρῳ

285 4425 369 4491 τῷ
405 4419 810 4495 Κασταμονίτῃ.
870 4426 972 4477 Ἦν
1033 4420 1080 4476 δ’
1139 4423 1298 4484 οὗτος
1346 4423 1468 4497 περὶ
1498 4423 1830 4497 πραγμάτων
1860 4422 1946 4498 ἐγ.

291 4508 542 4582 χείρησιν
585 4511 674 4564 καὶ
739 4511 980 4583 μάλιστα
1036 4511 1159 4586 περὶ
1218 4513 1312 4572 τὰς
1371 4508 1639 4584 δημοσίας
1673 4533 1947 4588 συνεισφο-

294 4598 390 4672 ράς
433 4595 750 4668 δεξιώτατος
806 4600 896 4655 καὶ
948 4599 1130 4677 λόγων
1193 4601 1516 4680 σοφωτέρων
1573 4605 1830 4677 μέτοχος,
1885 4602 1943 4655 ’ὀν

290 4687 384 4742 καί
443 4684 744 4762 λογοθὲτην
803 4694 908 4744 τῶν
977 4691 1240 4765 σεκρέτων
1297 4687 1711 4766 προϐαλόμενος
1777 4693 1944 4766 ἤγετο

293 4775 388 4830 ὑπ’
448 4775 614 4831 αὐτοῦ
681 4777 770 4833 καὶ
840 4781 1106 4854 μετήγετο
1191 4780 1428 4856 καθάπερ
1501 4778 1943 4855 βασιλευόμενος·

290 4867 413 4930 ὃθεν
449 4867 524 4928 ὡς
557 4868 616 4922 ἅν
663 4889 749 4930 τις
810 4869 862 4924 ἐν
923 4871 1196 4940 ὑπηρέτου
1258 4870 1423 4946 μοίρᾳ
1478 4873 1810 4945 καθήμενος,
1840 4875 1945 4925 πᾶν

287 4955 428 5028 ὅπερ
499 4956 584 5010 ὑπ’
649 4958 814 5012 αὐτοῦ
881 4959 1196 5014 ἐπιτάττετο
1301 4958 1646 5032 διεπράττετο
1750 4957 1946 5034 σχεδὸν

291 5042 467 5116 μηδὲν
528 5041 836 5118 διακρίνων.
887 5050 1078 5106 Νοσῶν
1130 5045 1186 5101 δὲ
1242 5048 1308 5102 τὰ
1363 5047 1535 5123 ἄρθρα
1599 5053 1706 5102 τῶν
1759 5045 1943 5104 ποδῶν

289 5135 346 5207 ὁ)
376 5136 791 5206 Κασταμονίτης
841 5134 1087 5215 φοράδην
1146 5139 1212 5190 τά
1268 5137 1454 5193 πολλά
1510 5139 1645 5211 πρὸς
1692 5140 1782 5192 τὸν
1813 5158 1944 5213 κρα-

284 5226 494 5277 τοῦντα
552 5222 820 5299 ετσνςγετο,
881 5226 985 5281 ὑπὸ
1045 5222 1191 5279 δυοῖν
1248 5226 1455 5302 φορέων
1514 5225 1806 5300 αἶ’ρόμενος
1858 5224 1945 5282 διὰ

287 5307 598 5382 σκίμποδος
640 5313 716 5374 ὡς
774 5314 826 5366 οἱ
888 5319 991 5368 τῶν
1053 5313 1214 5368 οἲνων
1266 5315 1551 5392 ἀμφορεῖς·
1596 5317 1685 5371 καὶ
1717 5336 1946 5389 συνομι-

289 5398 404 5455 λῶν
443 5400 754 5473 βασιλεῖτά
803 5402 1108 5481 πρόσφορα,
1160 5402 1193 5470 ἢ
1251 5403 1464 5474 μᾶλλον
1512 5402 1839 5474 καπηλεύων
1878 5406 1946 5459 τὰ

287 5487 582 5559 Ῥωμαίων
669 5491 961 5564 πράγματα
1028 5490 1118 5543 καὶ
1173 5490 1366 5566 ὀλίγου
1446 5491 1738 5555 ἀποδιδοὺς
1798 5491 1946 5556 αὖθις

292 5573 535 5648 ἔξήγετο.
569 5579 635 5635 Οἱ
668 5577 724 5632 δὲ
773 5599 834 5650 γε
867 5577 992 5634 λαοὶ
1049 5578 1140 5632 καί
1196 5581 1258 5634 τὸ
1305 5588 1405 5651 τῆς
1446 5581 1724 5644 πολιτείας
1755 5583 1944 5656 γερού-

294 5684 432 5735 σιον,
475 5667 563 5722 καὶ
623 5666 742 5721 ὅσοι
797 5672 876 5739 τῷ
937 5666 1154 5744 βασιλεῖ
1206 5671 1327 5734 καθ’
1383 5671 1520 5745 αἷμα
1587 5672 1944 5744 συνήπτοντο,

2048 3708 2265 3764 multos
2294 3707 2524 3763 virtutis
2553 3707 2800 3763 circulos
2831 3706 3098 3769 absolvit.
3129 3709 3228 3763 sed
3282 3706 3455 3763 veluti
3495 3707 3698 3779 fatiga-

2045 3803 2142 3852 tus
2174 3796 2328 3851 574
2370 3799 2426 3849 et
2474 3801 2781 3851 enervatus
2821 3796 2892 3851 de
2947 3795 3316 3851 contentione
3354 3795 3585 3851 honesti
3613 3797 3697 3852 in-

2048 3885 2234 3941 stituti
2279 3883 2598 3955 plurimum
2632 3885 2874 3951 remisit,
2909 3901 3143 3940 summa
3174 3901 3366 3941 rerum
3397 3884 3700 3942 Theodoro

2048 3973 2452 4030 Castamonita
2508 3973 2793 4028 avunculo
2851 3972 3102 4044 denique
3142 3975 3433 4029 mandata.
3467 3979 3604 4030 Erat
3653 3974 3703 4030 is

2052 4065 2224 4120 homo
2281 4062 2456 4118 rebus
2487 4062 2778 4132 gerendis,
2837 4063 3157 4133 praesertim
3205 4063 3580 4134 vectigalibus
3611 4079 3706 4119 rs-

2049 4152 2356 4224 oipiendis,
2412 4150 2750 4222 aptissimus
2806 4159 2860 4207 et
2921 4153 3096 4221 probs
3169 4154 3449 4208 eruditus.
3519 4154 3701 4218 Quare

2051 4243 2427 4315 Logothetam
2477 4245 2827 4298 secretorum
2886 4259 3018 4298 sum
3052 4242 3406 4314 dssignarat,
3439 4249 3498 4300 et
3543 4243 3704 4299 illius

2049 4333 2333 4390 arbitratu
2360 4332 2473 4387 huc
2514 4336 2689 4403 atque
2719 4331 2858 4386 illuc
2887 4331 3074 4387 instar
3106 4333 3380 4405 mancipii
3434 4332 3706 4388 traheba-

2048 4429 2165 4492 tur,
2197 4427 2254 4478 st
2300 4420 2586 4493 quidquid
2646 4419 2745 4476 ills
2775 4421 2950 4476 vellet
3000 4423 3229 4493 agebat,
3263 4439 3554 4492 nusquam
3591 4422 3705 4476 fere

2044 4513 2268 4583 judicio
2299 4528 2406 4567 suo
2436 4511 2802 4582 interposito.
2832 4511 2944 4565 Sed
2978 4511 3117 4582 quia
3159 4511 3360 4565 morbo
3412 4508 3707 4565 articulari

2051 4601 2360 4658 Iaborabat
2397 4599 2847 4670 Castamonites,
2879 4599 3084 4655 lectica
3117 4598 3462 4670 plerumque
3494 4616 3527 4653 a
3558 4598 3708 4652 duo-

2053 4692 2164 4747 bus
2195 4689 2432 4759 bajulis,
2465 4695 2531 4744 ut
2559 4688 2678 4744 vini
2710 4689 3007 4761 amphoras
3041 4689 3252 4758 solent,
3287 4690 3355 4743 ad
3397 4688 3711 4758 imperato-

2055 4797 2175 4837 rem
2230 4779 2524 4834 ferebatur
2555 4797 2568 4842 ;
2601 4793 2734 4833 cum
2783 4792 2898 4847 quo
2928 4792 2995 4832 ea
3027 4793 3154 4847 quas
3191 4787 3283 4831 res
3329 4774 3709 4847 postulabant

2056 4869 2401 4933 collocutus,
2436 4882 2502 4920 ac
2553 4865 2746 4936 potius
2795 4868 3088 4920 Romanas
3129 4881 3220 4922 res
3267 4865 3473 4936 exiguo
3523 4863 3708 4936 pretio

2055 4960 2441 5029 cauponatus,
2491 4969 2694 5009 rursus
2743 4953 3089 5010 efferebatur
3140 4962 3422 5026 sequente
3472 4952 3711 5024 populo,

2057 5045 2391 5118 proceribus
2421 5043 2559 5096 item
2591 5047 2648 5096 et
2676 5042 2943 5111 cognatis
2973 5043 3339 5112 imperatoris
3372 5041 3710 5113 phsretrum

2055 5135 2200 5189 illud
2233 5130 2676 5193 comitantibus,
2704 5135 2760 5183 et
2793 5147 2907 5186 non
2941 5130 3106 5186 illum
3142 5133 3240 5186 sed
3277 5132 3542 5185 fortunas
3574 5147 3712 5186 suas

2055 5219 2515 5293 deplorantibus.
2544 5217 2701 5275 Nihil
2733 5221 2885 5275 enim
2929 5220 3056 5274 sine
3089 5220 3188 5274 illo
3219 5221 3712 5286 constituebatur,

2057 5327 2240 5382 neque
2271 5309 2586 5380 quisquam
2619 5323 2689 5362 ex
2719 5307 3084 5380 principibus
3117 5310 3526 5365 Castamonitaa
3557 5308 3713 5362 assi-

2055 5403 2246 5470 debat,
2294 5400 2394 5456 ssd
2444 5413 2649 5453 omnes
2697 5398 2890 5454 servili
2933 5405 3098 5470 gestu
3133 5400 3421 5456 astabant.
3475 5400 3584 5453 Eas
3615 5413 3710 5454 res

2051 5491 2372 5563 imperator
2416 5504 2528 5541 non
2561 5503 2712 5559 aegre
2745 5489 2998 5556 ferebat;
3041 5505 3163 5556 nec,
3197 5506 3329 5543 curn
3383 5505 3547 5544 suam
3580 5488 3706 5557 glo-

2056 5582 2200 5638 riam
2243 5580 2313 5634 ad
2345 5577 2525 5631 alium
2557 5578 2805 5633 transire
2851 5578 3000 5634 515
3037 5583 3094 5632 et
3137 5577 3311 5647 diripi
3345 5592 3588 5648 regnum
3624 5575 3707 5629 vi-

2055 5673 2241 5734 deret,
2294 5665 2613 5740 quidquam
2661 5667 2731 5722 ds
2792 5665 3156 5722 absurditate
3202 5666 3316 5720 ista
3365 5661 3709 5734 corrigenda
