4098 6292
431 359 548 422 8οἵ

1739 357 2048 424 ΝΙΟΕΤιΕ
2087 354 2516 424 ΟΗΟΝῘΑΤΕ

3721 366 3846 426 808

432 492 745 564 cogitabat,
801 493 902 548 sed
933 493 1152 558 omnia,
1186 493 1350 551 nulla
1414 495 1698 568 probabili
1733 497 1957 553 ratione
1985 495 2074 552 ad-

2197 490 2414 547 e’irrovto
2489 490 2677 565 ἐκείνῳ
2748 491 2838 546 καὶ
2913 493 3328 568 προπέμποντες
3415 495 3680 554 ἐκύκλουν
3755 501 3848 554 τὸν

433 583 1044 654 ductus,approbabat.
1079 584 1342 656 Denique
1370 586 1542 641 etiam
1579 603 1904 660 purpureas
1936 585 2081 657 pha-

427 671 578 729 leras
599 673 686 740 ei,
713 689 1045 746 quanquam
1097 690 1166 728 ex
1195 691 1363 732 sacro
1393 682 1542 732 cmtu
1592 682 1766 742 esset,
1799 681 1857 732 et
1887 675 2080 732 simile

429 762 669 832 pallium
699 763 756 816 in
785 763 1099 832 equitando
1149 765 1536 836 eamdemque
1573 765 1828 822 colorem
1859 765 1916 820 in
1947 764 2082 820 sub-

425 851 716 908 cribendis
775 849 1025 922 publicis
1059 851 1274 908 libellis
1305 861 1360 909 et
1391 854 1602 910 litteris
1653 855 1964 912 concessit.
1997 855 2084 909 Ita

424 957 516 995 res
567 941 637 995 ad
689 940 1036 996 inusitatum
1099 957 1320 998 morem
1369 943 1650 1000 devolutae
1711 948 1932 998 natura;
1963 958 2082 997 sua

425 1034 850 1101 repugnarunt,
903 1031 1086 1086 donec
1145 1034 1386 1088 morbus
1435 1031 1744 1089 hominum
1803 1031 2082 1087 misertus

425 1118 642 1174 afﬂuxu
675 1118 982 1174 noxiorum
1013 1119 1328 1176 humerum
1380 1121 1658 1178 articulos
1687 1122 1817 1192 ejus
1845 1119 1999 1176 elisit
2027 1125 2083 1175 et

421 1207 662 1264 rationis
715 1208 892 1263 etiam
942 1224 1132 1264 arcem
1164 1209 1398 1266 invasit.
1461 1211 1696 1267 Decima
1751 1211 1958 1281 quinta
1988 1207 2082 1264 die

419 1295 635 1353 mensis
667 1298 900 1368 Augusti
935 1313 1068 1352 cum
1104 1297 1253 1353 fastu
1295 1303 1353 1354 et
1386 1297 1867 1370 frequentissimo
1899 1297 2080 1353 comi-

418 1389 540 1442 tatu
573 1401 674 1458 per
701 1386 888 1442 forum
922 1386 983 1442 in
1038 1386 1410 1442 Pantanassm
1441 1387 1724 1459 templum
1757 1387 1829 1443 ad
1863 1387 2078 1443 festum

421 1474 858 1546 Assumptionis
886 1474 984 1532 Dei
1013 1475 1323 1532 Genitricis
1359 1476 1774 1533 celebrandum
1805 1476 2080 1532 incedens

426 1566 684 1636 primum
738 1564 1005 1620 dominus
1042 1570 1100 1620 et
1150 1565 1466 1636 imperator
1492 1567 1711 1622 audivit
1759 1566 1920 1637 (nam
1947 1581 2080 1620 eum

425 1669 657 1726 quoque
690 1651 926 1709 titulum
957 1653 1288 1710 adulatores
1320 1658 1379 1710 et
1406 1656 1796 1727 potentiorum
1828 1663 2080 1710 assenta-

425 1745 578 1798 tores
633 1741 1036 1814 usurpabant),
1087 1747 1145 1798 et
1201 1747 1328 1798 tum
1387 1743 1639 1815 primum
1695 1743 2078 1800 cordatiorum

415 1831 640 1901 judicio
670 1831 742 1886 ad
801 1831 1142 1904 epilepsism
1199 1831 1482 1888 inclinare
1511 1833 1671 1888 visus
1700 1839 1788 1888 est
1834 1832 1908 1888 ob
1955 1832 2080 1901 ejus

426 1919 838 1992 appellationis
893 1920 1284 1978 insolentiam.
1346 1922 1502 1979 516
1543 1922 1654 1978 Sed
1725 1930 1780 1978 et
1837 1921 2078 1992 quidam

423 2009 764 2082 Belijudex,
826 2011 995 2080 cujus
1053 2027 1267 2068 nomen
1323 2011 1393 2067 de
1443 2010 1734 2066 industria
1781 2015 2078 2081 pratereo,

423 2104 580 2154 veste
610 2097 804 2154 laxata
851 2114 1016 2155 suras
1055 2099 1353 2170 logothetas
1385 2098 1621 2171 cingulo
1651 2114 1755 2156 suo
1785 2098 2076 2154 constrin-

424 2186 616 2257 gebat,
651 2195 710 2242 ut
741 2187 992 2244 obstaret
1038 2189 1352 2259 quominus
1399 2189 1670 2245 humores
1697 2203 1934 2245 sursum
1965 2187 2076 2242 fer-

428 2277 648 2330 rentur.
683 2275 792 2331 Sed
826 2276 874 2330 is
900 2292 972 2332 ne
1001 2277 1086 2332 sic
1107 2277 1345 2348 quidem
1377 2295 1410 2334 a
1439 2277 1642 2334 delirio
1673 2276 2027 2332 liberabatur
2059 2292 2074 2344 ;

427 2372 482 2422 et
509 2364 605 2421 ille
635 2365 706 2422 ab
735 2366 1012 2423 omnibus
1043 2383 1176 2424 cum
1209 2369 1280 2424 ob
1310 2369 1526 2424 ﬂuxam
1545 2373 1766 2425 vestem
1799 2373 1920 2424 tum
1953 2383 2080 2440 pro-

424 2459 552 2527 pter
583 2455 763 2511 animi
814 2456 1143 2513 facilitatem
1197 2458 1512 2514 ridebatur.
1569 2459 1687 2514 Etsi
1719 2463 1914 2514 autem
1949 2465 2074 2512 tum

423 2544 690 2600 nonnihil
731 2545 803 2600 ab
863 2547 1176 2603 acerbitate
1233 2546 1448 2604 doloris
1495 2546 1822 2618 respiravit,
1872 2562 2075 2602 rursus

421 2637 623 2689 tamen
657 2633 718 2690 in
750 2633 902 2690 idem
936 2635 1153 2692 malum
1177 2635 1404 2708 incidit,
1436 2640 1494 2694 et
1523 2642 1656 2708 post
1703 2636 1828 2692 dies
1854 2635 2076 2708 aliquot

421 2726 753 2796 exspiravit,
801 2726 977 2783 etiam
1024 2727 1244 2800 alioqui
1290 2743 1528 2800 corpore
1590 2727 1876 2794 morbido,
1925 2735 1980 2782 et.
2005 2743 2076 2782 ex

421 2818 620 2875 morbo
669 2818 822 2876 circa
851 2820 1044 2877 sedem
1089 2819 1294 2876 tistulis
1354 2825 1683 2877 excavatus.
1740 2819 1907 2875 Enim
1941 2835 2074 2875 vero

417 2907 712 2978 turpitudo
744 2923 879 2964 cum
914 2907 1346 2980 pulchritudine
1379 2917 1710 2978 comparata
1739 2907 1928 2980 magis
1955 2907 2078 2963 elu-

416 2999 610 3052 cescit.
639 2997 780 3052 Nam
814 2997 1195 3053 castamonita
1236 3001 1470 3054 mortuo
1502 2997 1866 3070 imperatoris
1898 2998 2070 3053 bene-

411 3087 664 3145 volentia
706 3089 766 3144 in
811 3089 1308 3146 adolescentulum
1359 3091 1688 3160 quemdam,
1725 3089 1820 3146 cui
1877 3089 2074 3145 adhuc

414 3175 730 3232 litteratore
759 3181 814 3232 et
843 3175 1058 3231 tabella
1085 3181 1214 3233 erat
1245 3192 1415 3249 opus,
1446 3177 1779 3233 tranfertur.
1814 3177 1891 3232 Eo
1927 3193 2074 3248 quo-

415 3280 530 3336 que
587 3264 876 3320 exstincto
911 3281 1117 3336 parvus
1169 3281 1326 3335 puer,
1359 3267 1460 3336 qui
1500 3282 1616 3321 non
1671 3265 1752 3320 ita
1783 3265 2006 3336 pridem
2039 3283 2072 3322 a

420 3352 643 3408 calamo
677 3357 732 3408 et
773 3356 1094 3408 atramento
1123 3354 1498 3421 discesserat,
1532 3371 1829 3410 summam
1880 3371 2072 3413 rerum

415 3440 872 3498 administrabat.
910 3446 1019 3498 Nec
1077 3441 1482 3512 imperatorem
1528 3445 1810 3501 duntaxat
1854 3461 1958 3502 suo
1989 3463 2078 3502 ar-

417 3529 652 3600 bitratu,
688 3537 749 3586 ut
779 3531 1098 3587 maximum
1151 3537 1276 3588 cete
1310 3531 1736 3589 minutissimus
1765 3533 1941 3605 piscis
1971 3534 2075 3605 qui

418 3636 776 3694 propompus
828 3621 1064 3690 dicitur,
1098 3621 1434 3678 traducebat
1467 3627 1526 3678 et
1581 3623 2026 3681 circumferebat
2056 3641 2071 3681 :

412 3709 513 3765 sed
549 3709 828 3766 militares
887 3709 1064 3766 etiam
1096 3709 1392 3784 catalogus
1435 3710 1740 3778 tractabat,
1774 3727 1889 3769 non
1917 3713 2068 3770 517

421 3814 592 3855 secus
620 3816 687 3856 ac
717 3799 768 3856 si
799 3817 830 3854 a
859 3799 1171 3857 cunabulis
1199 3801 1268 3855 ad
1324 3801 1711 3856 maximarum
1742 3818 1934 3858 rerum
1969 3803 2076 3858 ad-

423 3885 915 3944 ministrationem
959 3895 1113 3944 esset
1164 3888 1472 3957 enutritus,
1504 3895 1605 3944 aut
1648 3905 1835 3946 rerum
1871 3891 2071 3948 buma-

416 3997 625 4038 narum
683 3981 986 4036 scientiam
1042 3984 1180 4036 ante
1225 3979 1478 4036 natalem
1531 3996 1699 4037 suum
1750 3981 2070 4045 habuisset.

415 4069 900 4140 quemadmodum
957 4067 1261 4140 Sibyllam,
1293 4067 1462 4124 simul
1497 4083 1562 4123 ac
1593 4085 1623 4124 θ
1655 4073 1918 4125 materna
1946 4069 2072 4124 alvo

411 4158 714 4230 prodierit,
738 4159 808 4210 de
835 4157 1053 4212 fabrica
1083 4157 1474 4214 univcrsitatis
1503 4171 1692 4212 rerum
1725 4157 2073 4214 disseruisse

409 4248 630 4303 ferunt.
683 4245 862 4316 Igitur
909 4245 960 4300 is
991 4262 1220 4316 quoque
1251 4247 1650 4302 auctoritatem
1700 4246 1866 4316 longe
1893 4247 2071 4318 majo-

411 4353 528 4392 rem
557 4349 732 4407 quam
782 4335 1173 4391 Caetamonita
1201 4345 1574 4404 consecutus,
1610 4339 1670 4390 ut
1717 4341 1840 4390 erat
1871 4336 1929 4391 in
1958 4337 2073 4406 ρΙο-

411 4425 612 4498 risque
641 4425 815 4480 rebus
844 4429 1051 4480 acutus
1081 4429 1138 4480 et
1175 4423 1238 4479 in
1297 4424 1618 4480 tractandis
1658 4424 1900 4494 negotiis
1931 4425 2072 4480 dex-

411 4520 517 4581 ter,
571 4513 902 4587 imperatori
945 4513 1232 4586 quidquid
1286 4522 1404 4568 erat
1457 4513 1710 4579 libitum,
1757 4515 1983 4585 probat,
2013 4522 2067 4571 et

412 4621 707 4662 summum
741 4609 812 4661 ab
843 4621 910 4660 eo
940 4608 1113 4676 atque
1161 4603 1612 4674 incomparabile
1668 4605 1886 4660 bonum
1908 4603 2064 4675 judi-

411 4695 646 4753 cabatur
677 4711 693 4752 :
728 4711 843 4752 non
876 4693 1166 4750 absimilis
1217 4693 1456 4764 apiculas
1513 4699 1610 4748 aut
1643 4693 1814 4749 culici
1864 4709 2064 4750 aurem

407 4782 593 4840 leonis
625 4782 1106 4848 circumsonanti,
1127 4789 1224 4838 aut
1254 4785 1376 4839 atro
1408 4781 1716 4854 pumilioni
1747 4781 2064 4838 maximum

407 4879 570 4928 terrea
631 4873 858 4942 pondus
905 4871 1278 4944 elephantum
1335 4869 1706 4944 gubernanti,
1768 4877 1865 4927 aut
1908 4871 2069 4928 tenui

409 4960 670 5015 funiculo
700 4961 987 5017 camelum
1023 4977 1167 5016 naso
1199 4959 1476 5025 trahenti,
1508 4967 1605 5016 aut
1655 4961 1846 5032 potius
1876 4961 2068 5016 densis

412 5048 683 5104 sordibus
739 5065 904 5103 aures
949 5049 1336 5118 Imperatoris,
1384 5067 1456 5106 ne
1507 5051 1645 5119 quid
1701 5049 1854 5104 aliud
1901 5051 2065 5105 audi-

407 5145 561 5202 rent,
620 5136 1079 5202 obstruentibus,
1138 5147 1228 5194 aut
1289 5148 1549 5208 angustae
1621 5149 1796 5210 portae
1844 5147 1895 5195 et
1945 5147 2066 5195 arto

407 5224 634 5280 tramiti
673 5224 743 5278 ad
785 5224 1056 5294 palatium
1090 5226 1345 5282 ducenti.
1380 5227 1519 5282 Nam
1567 5227 1660 5281 luti
1698 5227 1838 5282 olim
1871 5227 2067 5284 aditus

412 5313 645 5385 penitu
676 5312 954 5367 obstructi
991 5314 1144 5370 fuere
1192 5331 1290 5384 per
1349 5331 1494 5386 quos
1524 5316 1616 5386 qui
1650 5316 1802 5372 578
1851 5317 2064 5374 intrare

411 5403 794 5469 conabantur,
827 5401 995 5472 plane
1021 5403 1192 5460 fatuis
1217 5403 1334 5459 illis
1363 5405 1687 5476 virginibus
1707 5415 1875 5462 erant
1900 5407 2065 5462 simi-

2185 581 2509 656 νεκροθόρον
2569 578 2819 656 ἄντικρυς
2877 580 3161 654 ὀκλαδίαν,
3226 584 3322 646 τὰς
3381 584 3586 650 οἰκείας
3643 587 3839 664 τύχας,

2190 669 2290 726 οὐκ
2347 668 2558 725 ἐκεῖνον
2615 669 3070 744 ἀποκλαιόμενοι.
3130 673 3207 729 Oi)
3291 674 3394 749 γὰρ
3473 674 3541 744 ἧν
3623 697 3677 732 τι
3734 681 3845 731 τῶν

2193 761 2498 837 γινομένων
2557 761 2681 814 ἄνευ
2737 759 2938 817 ἐκείνου
2993 760 3474 836 διαπραττόμενον,
3533 764 3662 820 ἀλλ’
3721 763 3845 821 οὐδέ

2188 870 2272 910 τις
2333 853 2441 904 τῶν
2502 849 2554 904 έν
2617 850 2917 924 ὑπεροχαῖς
2961 857 3298 926 συμμετεῖχε
3341 857 3421 926 τῷ
3469 856 3844 928 Κασταμονίτῃ

2191 935 2471 1012 καθέδρας,
2578 935 2724 992 ἀλλὰ
2799 939 3128 1011 παρίσταντο
3203 941 3400 1003 πάντες
3476 939 3846 1018 δουλοπρεπεῖ

2192 1029 2464 1102 σχήματι.
2497 1027 2604 1083 Καὶ
2635 1027 2664 1081 ὁ
2693 1032 2906 1098 κρατῶν
2951 1026 3038 1082 ἐπὶ
3085 1031 3304 1090 τούτοις
3335 1028 3434 1084 οὐκ
3471 1028 3838 1106 ἐδυσχέραινε,

2189 1116 2276 1170 καὶ
2332 1116 2431 1184 τήν
2490 1113 2694 1170 οἴκείαν
2754 1113 2909 1187 δόξαν
2967 1119 3112 1192 ὁρῶν
3179 1119 3444 1192 ἀναρσίως
3495 1121 3633 1194 πρὸς
3663 1115 3842 1194 ἕτερον

2194 1199 2623 1276 μεταϐαίνουσαν
2681 1205 2770 1260 καὶ
2837 1203 3277 1280 διαρπαζομένην
3351 1209 3450 1277 τὴν
3559 1210 3840 1284 βασιλείαν

2191 1291 2452 1366 ούμενοῦν
2501 1291 2660 1350 οὐδὲν
2705 1315 2758 1350 τι
2801 1297 2940 1370 πρὸς
2987 1298 3086 1364 τὴν
3141 1296 3367 1351 ἀτοπίαν
3395 1297 3598 1368 ταύτην
3627 1297 3838 1376 ἐφρόνει

2189 1380 2496 1456 ἐνδόσιμον,
2543 1383 2672 1439 ἀλλ’
2713 1385 2782 1454 ἦν
2841 1392 2957 1450 τοῖς
3005 1385 3360 1457 τελουμένοις
3391 1385 3698 1444 ὲπευδοκῶν
3729 1393 3843 1444 κατ’

2190 1472 2382 1531 οὐδένα
2436 1473 2722 1549 πρόδηλον
2783 1473 2990 1532 δίκαιον
3044 1479 3266 1534 σκοπόν.
3330 1479 3545 1553 Ηροϊὼν
3630 1478 3691 1536 δὲ
3753 1481 3841 1536 καὶ

2190 1564 2406 1642 φάλαρα
2463 1561 2705 1639 ὀξυϐαφῆ
2787 1564 2936 1640 αὐτῷ
3005 1565 3260 1623 ἐνέδωκεν
3314 1565 3460 1644 ἔχειν
3525 1573 3626 1625 τοῦ
3693 1571 3840 1644 ἱεροῦ

2189 1655 2584 1731 σχοινίσματος
2617 1654 2732 1710 ὄντι
2763 1655 3050 1732 πρότερον,
3109 1657 3198 1712 καὶ
3259 1655 3538 1732 ἐσεστρίδα
3576 1660 3834 1730 τοιαύτην

2187 1743 2240 1799 ἐν
2297 1749 2378 1817 τῷ
2433 1744 2680 1801 ἱππεύειν
2737 1749 3055 1817 κεκτῆσθαι.
3123 1748 3215 1802 καὶ
3275 1745 3364 1803 διὰ
3422 1750 3606 1823 βαφῆς
3645 1750 3841 1818 ὁμοίας

2189 1834 2654 1907 ὑποσημαίνεσθαι
2713 1835 2838 1898 τοὸς
2893 1834 3100 1909 τόμους
3157 1841 3264 1892 τῶν
3322 1833 3606 1910 δημοσίων
3651 1837 3834 1916 λόγων

2189 1924 2276 1979 καὶ
2335 1925 2402 1979 τὰ
2457 1925 2802 2000 γραμμάτια.
2863 1926 2968 1982 Καὶ
3041 1927 3110 1995 ἦν
3184 1922 3354 1988 ὅντως
3417 1928 3483 1982 τὰ
3539 1928 3838 2002 πράγματα

2189 2011 2621 2087 μετακεκλικότα
2676 2015 2812 2089 πρὸς
2863 2016 2926 2070 τὸ
2979 2015 3235 2085 ἀσύνηθες
3293 2017 3383 2070 καὶ
3429 2037 3496 2090 τῃ
3541 2015 3657 2088 ἰδίᾳ
3689 2015 3836 2093 φύσει

2185 2103 2628 2177 ἀντιτασσόμενα.
2696 2103 2802 2168 ἓως
2883 2125 2968 2166 τις
3043 2105 3199 2168 νόσος
3258 2105 3652 2182 φιλάνθρωπος
3717 2105 3838 2162 έπέ-

2184 2189 2340 2269 6ρισε
2367 2197 2450 2266 τῷ
2506 2193 2776 2269 ἀνθρώπῳ
2833 2193 2886 2264 ἐξ
2945 2191 3083 2264 ὕλης
3143 2195 3585 2270 μοχθηροτέρας,
3615 2196 3744 2265 ἣτις
3772 2194 3835 2250 τὰ

2185 2281 2356 2357 ἄρθρα
2402 2286 2498 2338 τοῦ
2557 2283 2813 2355 σώματος
2868 2279 3323 2358 ἀναμοχλεύουσα
3381 2283 3696 2356 ἐπενέμετο,
3747 2285 3836 2339 καὶ

2183 2369 2401 2426 ἐπέθετο
2451 2375 2530 2443 τῷ
2575 2369 2876 2446 λογιστικῷ
2941 2373 3348 2446 κραταιὸτερον.
3405 2374 3542 2446 Ἠγε
3597 2369 3659 2427 δὲ
3712 2372 3832 2428 τότε

2183 2458 2666 2531 πεντεκαιδεκάτην
2723 2462 2752 2514 ὁ
2811 2459 3126 2536 Αὔγουστος
3177 2463 3309 2533 μήν,
3369 2463 3834 2534 καὶὸΚασταμο-

2181 2553 2332 2622 νίτης
2368 2551 2503 2624 μετᾶ
2531 2552 2851 2627 φυσήματος
2910 2551 2999 2606 καὶ
3053 2548 3406 2626 πολυοχλξας
3447 2550 3832 2630 ἀρχικωτάτη(

2179 2643 2246 2712 τῇ
2281 2641 2426 2715 [281]
2464 2645 2605 2714 μονῇ
2635 2646 2735 2708 τῆς
2764 2639 3140 2709 παντανάσσης
3199 2637 3289 2694 διὰ
3345 2646 3444 2708 τῆς
3489 2641 3689 2715 ἀγορᾶς
3717 2638 3828 2694 έπε-

2181 2728 2428 2808 φοίτησε,
2458 2729 2525 2784 τὰ
2555 2727 2678 2783 ὅσια
2733 2727 2968 2784 τελέσων
3013 2727 3083 2802 τῇ
3129 2729 3450 2800 μεταστάσει
3481 2735 3584 2798 τῆς
3616 2731 3825 2798 Θεοιιή-

2178 2839 2362 2894 τορος,
2394 2818 2484 2873 ὅτε
2539 2819 2626 2872 καὶ
2681 2819 2915 2891 πρώτως
2972 2818 3204 2879 ἀκούσας
3238 2815 3507 2889 δεσπότης
3555 2818 3646 2873 καὶ
3671 2819 3814 2894 βασι-

2181 2906 2327 2976 λεὺς,
2375 2905 2492 2962 ἐπεὶ
2543 2905 2634 2962 καὶ
2697 2911 2861 2962 τοῦτο
2915 2912 3240 2984 προσεφεῖτο
3299 2905 3578 2980 ἐπιλέγειν
3605 2911 3713 2968 τοῖς
3733 2906 3822 2960 κὺ-

2181 2993 2300 3068 λαξι
2331 2995 2418 3050 καὶ
2451 3000 2568 3058 τοῖς
2599 2992 2880 3050 αἰκάλλειν
2933 2993 3154 3049 είωθοσι
3207 2993 3334 3057 τοὸς
3387 2991 3830 3060 δυναστεύοντας,

2180 3079 2328 3154 ἔδοξε
2381 3089 2500 3148 τοῖς
2557 3083 2926 3160 κομψοτέροις
2961 3088 3071 3139 τῶν
3119 3082 3486 3148 συνελθόντων
3519 3083 3598 3146 είς
3637 3083 3835 3154 ἐπιλη-

2101 3213 2144 3282 C
2181 3175 2306 3248 ψίαν
2354 3171 2646 3230 ἀποκλίναι
2705 3171 2794 3228 διὰ
2837 3175 2898 3228 τὸ
2954 3173 3266 3251 καινότερον
3315 3177 3414 3228 τοῦ
3470 3173 3834 3246 ἀκούσματος.

2183 3265 2194 3282 ἱ
2213 3268 2226 3282 Δ
2245 3263 2265 3282 \
2286 3261 2306 3282 Χ
2332 3263 2348 3282 \
2455 3263 2472 3282 \
2680 3266 2708 3278 -ο
2870 3267 2897 3278 ο
2961 3268 2996 3282 n
3022 3261 3065 3282 I‘
3333 3268 3359 3278 υ
3663 3265 3678 3282 \
3756 3267 3768 3282 Ι
3812 3264 3827 3282 ‘

2183 3261 2356 3320 Ἀλλὰ
2383 3263 2473 3319 καὶ
2503 3283 2588 3323 τις
2642 3266 2750 3318 τῶν
2803 3267 2901 3318 τοῦ
2959 3261 3145 3333 Βήλου
3201 3268 3402 3339 κριτῶν
3440 3265 3730 3337 παρεστὼς
3754 3264 3836 3332 (τὸ

2183 3351 2240 3408 δὲ
2313 3348 2490 3425 ὄνομα
2563 3349 2700 3407 ἔκὼν
2803 3345 3208 3427 ὑπερϐήσομαι)
3285 3349 3634 3428 διαχαλάσας
3735 3355 3833 3422 τήν

2181 3441 2380 3510 ἐσθῆτα
2437 3443 2551 3516 (38)
2611 3438 2825 3514 ἐδέσμει
2875 3440 2972 3504 τὰς
3027 3438 3506 3516 γαστροκνημῖδας
3534 3445 3634 3496 τοῦ
3665 3443 3832 3519 λογο-

2181 3529 2336 3595 θέτου
2386 3534 2456 3603 τῇ
2515 3531 2660 3604 ζώνῃ
2709 3536 2810 3599 τῆς
2867 3527 3087 3607 ὀσφύος,
3118 3527 3441 3605 ἐπισχήσειν
3472 3531 3536 3585 τὸ
3565 3529 3834 3609 ἀνωφερὲς

2177 3627 2277 3689 τῆς
2343 3617 2482 3690 ὕλης
2549 3619 2786 3684 ἐντεῦθεν
2855 3618 3218 3693 πειρώμενος.
3285 3617 3440 3688 Πλήν
3497 3621 3526 3674 ὁ
3591 3621 3684 3692 μὲν
3741 3620 3831 3674 καὶ

2181 3706 2354 3772 οὕτως
2391 3706 2607 3770 ἀλύτως
2665 3708 2785 3784 εἶχε
2837 3715 2938 3778 τῆς
2984 3713 3091 3762 τῶν
3149 3712 3353 3784 φρενῶν
3409 3714 3760 3783 παρακοπῆς,
3803 3709 3830 3764 ὁ

2180 3797 2238 3852 δὲ
2267 3798 2359 3853 τὸν
2389 3797 2534 3872 παρᾶ
2561 3817 2776 3852 παντων
2827 3794 2884 3850 εὖ
2945 3795 3094 3870 μάλα
3151 3793 3458 3876 ὠφλίσκανε
3487 3796 3712 3872 γέλωτα
3742 3793 3832 3851 διὰ

2177 3909 2235 3944 τε
2290 3888 2398 3942 τῶν
2457 3885 2694 3962 ἱματίων
2749 3885 2812 3942 τὸ
2869 3884 3050 3940 ἄνετον
3104 3887 3194 3940 καὶ
3233 3885 3296 3940 τὸ
3327 3892 3427 3955 τῆς
3458 3886 3687 3961 γνώμης
3719 3884 3836 3940 sui-

2179 3999 2386 4055 γωγον.
2417 3974 2596 4033 Ἀλλὰ
2638 3975 2761 4030 τότε
2813 3973 2880 4043 δὴ
2945 3975 3127 4050 βραχύ
3167 3997 3218 4030 τι
3275 3975 3367 4029 καὶ
3415 3974 3538 4030 εσον
3571 3971 3832 4049 ἡδυτέραν

2175 4067 2277 4134 τήν
2309 4067 2518 4140 ἡμέραν
2571 4063 3002 4139 ὑπολογίσασθαι
3059 4071 3160 4133 τῆς
3217 4063 3474 4142 καχεξιας
3519 4063 3830 4133 ἀνανεύσας,

2177 4153 2346 4209 πάλιν
2379 4152 2728 4226 ἐμπέπτωκεν
2780 4151 2857 4215 εἷς
2903 4149 3072 4221 αὐτὴν
3129 4151 3220 4206 καὶ
3285 4153 3399 4224 μεθ’
3431 4147 3641 4224 ἡμέρας
3671 4151 3836 4226 esse-

2181 4245 2308 4318 ῥγ,ξε
2337 4243 2436 4310 τήν
2467 4243 2678 4317 ψυχὴν,
2732 4241 2821 4294 καὶ
2878 4238 3066 4303 ἄλλως
3122 4239 3404 4304 ἆσθενικὸς
3461 4238 3534 4294 ὤν
3579 4242 3642 4294 τὸ
3673 4260 3833 4313 σωμα

2179 4335 2269 4388 καὶ
2324 4333 2393 4386 τὰ
2455 4331 2576 4406 περὶ
2654 4331 2754 4400 τὴν
2833 4327 2990 4403 ἕδραν
3073 4329 3177 4384 ὑπὸ
3237 4329 3400 4384 νόσου
3459 4329 3828 4401 πολύτρητος.

2180 4419 2574 4496 Ἐκδηλότερον
2635 4416 2693 4474 δι
2771 4420 2832 4474 τὸ
2921 4419 3117 4493 αἶσχος
3204 4417 3361 4494 ἐγγὺς
3436 4423 3535 4474 τοῦ
3591 4416 3831 4480 κάλλους

2182 4512 2482 4586 ὁρώμενον.
2537 4512 2647 4567 Τοῦ
2719 4509 2822 4582 γὰρ
2910 4508 3324 4580 Κασταμονίτου
3406 4507 3824 4578 τελευτήσαντος

2180 4597 2490 4678 διαδέχεται
2544 4598 2642 4666 τὴν
2703 4595 2974 4672 βασιλέως
3061 4592 3266 4651 εὔνοιαν
3353 4597 3719 4672 νεανισκάριύν
3769 4615 3816 4649 τι

2175 4691 2591 4767 γραμματιστοῦ
2645 4686 2738 4743 καὶ
2795 4683 3111 4742 πινακιδίου
3150 4683 3442 4758 δυόμενον.
3490 4686 3589 4744 Καὶ
3635 4686 3804 4741 τούτου

2173 4779 2265 4833 τὸν
2316 4777 2367 4832 ἐν
2423 4780 2558 4850 ἡμῖν
2625 4775 2740 4851 βίον
2777 4773 3147 4837 ἀπολιπόντος
3205 4773 3422 4832 παιδίον
3485 4772 3798 4853 μικρὸςοτήν

2172 4873 2282 4924 τῶν
2336 4871 2534 4922 κοινῶν
2597 4863 2866 4936 διοίκησιν
2939 4864 3326 4936 ἀναζώννυται,
3388 4862 3546 4920 οίίπω
3612 4863 3807 4938 πέρυσιν

2175 4956 2466 5034 ἀφειμένον
2560 4952 2883 5010 δονακίσκου
2965 4953 3056 5008 καὶ
3139 4953 3400 5027 μέλανος,
3466 4953 3528 5016 ὅς
3617 4955 3682 5008 οὗ
3733 4950 3817 5004 τὸν

2173 5050 2473 5120 κρατοῦντα
2537 5045 2696 5117 μόνον
2751 5043 2908 5098 αὐτὸν
2967 5041 3040 5104 ὡς
3096 5043 3158 5097 τὸ
3211 5049 3380 5112 κῆτος
3449 5043 3478 5098 ὁ
3536 5042 3826 5117 λεγόμενος

2173 5135 2537 5208 προπομπεὺς
2643 5139 2870 5206 μετῆγεν
2931 5131 3005 5194 ὡς
3059 5131 3248 5206 ᾑρεῖτο
3336 5133 3425 5186 καὶ
3491 5131 3827 5205 περιέφερεν,

2175 5225 2320 5284 ἀλλὰ
2373 5225 2559 5300 μετῄει
2614 5223 2705 5280 καὶ
2754 5223 2854 5278 ὅσα
2903 5227 3010 5277 τῶν
3062 5227 3467 5298 στρατιωτικῶν
3517 5222 3622 5277 εῗσι
3671 5240 3829 5277 κατα·

2173 5315 2376 5392 λόγων,
2434 5317 2508 5378 ὡς
2557 5312 2707 5386 εἶ’περ
2766 5333 2827 5368 εκ
2884 5315 3208 5386 σπαργάνων
3267 5311 3445 5368 αὐτῶν
3510 5316 3582 5386 τῇ
3651 5307 3833 5381 πηδα-

2172 5405 2402 5479 λιουχίᾳ
2454 5409 2560 5458 τῶν
2624 5401 2892 5478 μεγίστων
2981 5400 3331 5475 ἐνετέθραπτο
3396 5400 3737 5474 πραγμάτων
3790 5394 3826 5466 ἤ

1749 5522 1942 5592 Hier.
1976 5523 2232 5594 Wolfii
2271 5526 2487 5592 notae.

475 5658 588 5734 (38)
617 5655 780 5714 Alter
812 5654 1070 5712 materia
1098 5669 1408 5713 ascensum
1438 5657 1510 5714 ad
1543 5661 1714 5730 caput
1743 5658 2072 5731 prohibere,
2108 5661 2256 5720 alter
2283 5677 2411 5720 eam
2435 5660 2507 5717 ad
2537 5657 2714 5732 pedes
2737 5657 3038 5716 retrahere
3066 5655 3334 5713 instituit.
