4098 6292
214 354 330 416 809

1367 351 1470 410 DE
1515 349 1815 411 ISAACIO
1863 351 2170 413 ANGELO
2218 354 2360 415 LIB.
2409 356 2516 416 III.

3522 358 3644 419 810

214 488 309 546 τὰς
381 485 651 558 κοσμικὶς
732 481 1020 561 φροντίδας
1092 484 1363 552 ἠπίστατο
1420 485 1527 558 πρὸ
1595 482 1875 561 γενέσεως,

1994 486 2099 555 les,
2141 491 2295 562 quod
2331 506 2501 546 nemo
2532 494 2657 548 erat
2686 491 2787 562 qui
2834 490 2912 547 ibi
2946 490 3321 563 pulsantibus
3360 490 3632 563 aperiret.

217 577 356 630 καθὰ
385 574 474 629 καὶ
507 574 627 649 περῖ
665 568 950 644 Σιϐύλλης
1006 573 1165 648 φασὶν
1213 573 1290 634 ὡς
1338 573 1452 644 ἅμα
1481 579 1579 641 τῆς
1614 572 1874 645 μητρῴας

217 667 421 739 νηδύος
467 666 678 740 ἐξέθορε
733 666 822 718 καὶ
884 666 996 737 ἅμα
1053 665 1175 739 περὶ
1230 669 1332 732 τῆς
1391 668 1491 717 τοῦ
1529 664 1730 726 παντὸς
1758 661 1877 739 ἐφι-

221 754 448 833 λοσόφει
507 754 833 815 συστάσεως.
897 748 1357 807 Πολλαπλασίονα
1416 750 1510 807 οῦν
1569 752 1659 807 καὶ
1718 754 1877 813 οὗτος

217 850 315 900 τοῦ
375 842 788 916 Κασταμονίτου
844 843 944 912 τήν
1004 840 1162 916 ἰσχὺν
1218 838 1516 911 ἐνεδέδυτο,
1567 841 1878 919 θυμόσοφος

217 932 290 988 ὤν
347 934 399 988 ἐν
455 931 736 994 πλείστοις
791 932 881 986 καὶ
955 929 1256 1006 περιδέξιος
1312 931 1404 986 τὸν
1463 935 1588 986 νοῦν
1647 930 1699 985 ἐν
1759 935 1876 993 ταῖς

212 1019 508 1086 ἐπιϐολαῖς
569 1027 677 1078 τῶν
738 1021 1102 1096 πραγμάτων,
1177 1021 1399 1075 κάκεῖνα
1467 1024 1548 1093 τῷ
1603 1019 1877 1094 αὐτοκρά-

211 1132 332 1188 τορι
395 1112 594 1185 θεμιτὰ
657 1111 832 1166 ὁπόσα
889 1110 942 1164 οἱ
1000 1107 1205 1181 θελητα
1263 1105 1535 1164 ἐδέδοκτο·
1586 1109 1706 1164 ’ὀθεν
1739 1108 1878 1164 ἀπα-

213 1202 475 1280 ραίτητον
532 1198 671 1273 ᾤετο
740 1199 935 1275 ἀγαθὸν
1000 1198 1090 1253 καὶ
1166 1197 1454 1271 ἀσπάσιον,
1514 1195 1612 1252 ὅσα
1667 1197 1757 1252 καὶ
1816 1198 1878 1253 τὸ

210 1290 566 1369 παμῦότανον
594 1297 691 1350 τοῦ
719 1294 916 1371 ἀγροῦ,
948 1294 1119 1349 εἰπεῖν
1179 1291 1237 1349 δὲ
1292 1294 1384 1348 καὶ
1439 1294 1770 1370 τριπόθητον
1803 1294 1877 1356 ὡς

206 1387 275 1441 τὸ
335 1389 431 1440 τοῦ
488 1385 731 1459 Ηερόζου
793 1385 1068 1459 μάργαρον
1124 1384 1271 1460 παρὰ
1328 1380 1471 1455 τῷδε
1524 1386 1604 1455 τῷ
1660 1382 1881 1459 βασιλεῖ

210 1472 644 1548 συλλελόγιστο.
680 1472 782 1530 Καὶ
813 1475 878 1541 ἦν
911 1468 1219 1547 βομϐύλιος
1251 1473 1501 1550 ἀτεχνῶς
1538 1471 1648 1527 ε’ἒτε
1678 1473 1877 1547 κώνωψ

210 1564 384 1620 ὠτίον
413 1557 771 1639 περιϐομϐὧν
818 1561 1058 1631 λέοντος,
1116 1562 1152 1631 ἢ
1215 1562 1731 1637 μυρμηκάνθρωπος
1784 1584 1877 1636 με.

209 1653 500 1732 λάγχροος
548 1653 612 1708 τὸ
668 1659 769 1723 τῆς
820 1659 920 1727 γῆς
981 1652 1234 1727 μέγιστον
1295 1651 1468 1729 ἄχθος
1512 1646 1877 1726 διακυϐερνῶν

202 1743 508 1820 ἒλέφαντα,
567 1742 602 1811 ἢ
666 1743 931 1815 μήρινθος
991 1739 1165 1811 λεπτὴ
1223 1740 1330 1795 ἀπὸ
1390 1739 1532 1815 ῥινὸς
1575 1738 1879 1818 ἐφέλκουσα

198 1830 494 1906 κάμηλον,
550 1830 675 1904 ε’ἰπῃ
732 1828 775 1885 δ’
825 1828 887 1885 ἄν
937 1831 1021 1894 τίς
1077 1829 1176 1885 οὐκ
1229 1828 1495 1903 ἀκόμψως
1535 1830 1624 1884 καὶ
1675 1850 1878 1905 παχεια

197 1919 447 1995 κυψελῖς
505 1920 631 1993 περὶ
689 1920 753 1974 τὸ
815 1926 916 1988 ’.τῆς
987 1917 1281 1994 βασιλικῆς
1340 1918 1510 1988 ἀκοῆς
1569 1918 1877 1992 ἐνσκήψασα

198 2010 421 2085 ἐλιγμα
481 2009 571 2064 καὶ
627 2012 734 2064 τῶν
792 2009 1048 2082 ἑτέρωθεν
1108 2006 1495 2083 ἐνηχουμὲνων
1523 2010 1623 2078 την
1655 2008 1872 2083 εἷσροήν

1986 578 2043 633 8i
2076 580 2208 650 quis
2236 596 2368 636 vero
2411 596 2512 652 per
2563 580 2745 638 rimas
2797 579 3009 635 torium
3043 579 3115 636 iis
3151 580 3497 637 cernebatur
3526 598 3606 652 qu

1988 667 2225 739 pulsare
2282 686 2395 726 non
2430 669 2810 740 desistebant,
2845 667 3078 725 nullum
3118 674 3312 726 tamen
3346 668 3506 726 aliud
3540 684 3629 724 re-

1988 773 2268 829 sponsum
2305 760 2674 831 accipiebant
2707 761 2819 815 nisi
2860 763 2925 815 ut
2953 760 3215 831 exiguam
3252 764 3308 815 et
3337 759 3635 831 obliquam

1990 848 2279 919 portulam
2299 849 2527 905 adirent
2558 868 2573 919 ;
2606 867 2671 906 ac
2690 866 2762 906 ne
2792 849 3123 921 ibiquidem
3156 848 3385 922 patebat
3417 848 3638 921 ingres-

1990 954 2093 993 sus
2125 937 2239 994 nisi
2266 939 2611 995 muneribus
2650 938 2994 1012 aperiretur,
3026 939 3257 995 etiamsi
3288 938 3466 994 vestis
3499 954 3639 995 ven-

1989 1027 2181 1083 denda
2211 1032 2385 1084 esset.
2444 1027 2517 1084 Ut
2548 1032 2743 1084 autem
2791 1045 2966 1084 senex
2995 1027 3105 1084 iste
3135 1042 3280 1100 puer
3312 1027 3636 1100 plurimum

1990 1116 2061 1172 ab
2108 1117 2458 1188 imperatore
2517 1117 2861 1192 diligeretur
2908 1125 2959 1175 et
2992 1118 3152 1175 solus
3184 1117 3234 1173 ei
3265 1121 3423 1175 esset
3454 1117 3642 1173 instar

1989 1208 2279 1279 omnium,
2309 1207 2368 1264 id
2426 1212 2553 1265 tum
2607 1208 2930 1281 sophistico
2962 1212 3019 1265 et
3048 1209 3234 1266 faceto
3267 1225 3333 1264 ac
3365 1212 3641 1282 prompto

1989 1296 2245 1369 ingenio,
2308 1302 2432 1355 tum
2467 1298 2663 1355 animo
2695 1300 2922 1355 occulto
2953 1306 3004 1355 et
3036 1299 3285 1356 obscuro
3316 1314 3642 1370 conseque-

1990 1386 2180 1454 batur,
2212 1388 2367 1458 quod
2392 1387 2621 1444 hirsuta
2643 1388 2954 1460 supercilia
2975 1390 3216 1460 etjuxta
3240 1404 3449 1444 nasum
3476 1386 3639 1445 nullo

1987 1474 2301 1532 interstitio
2352 1476 2633 1533 distincta
2662 1477 3010 1550 arguebant.
3068 1478 3177 1533 Sed
3209 1477 3460 1533 maxime
3488 1474 3635 1531 illud

1989 1565 2041 1620 ei
2093 1566 2519 1634 commodabat,
2552 1567 2707 1639 quod
2741 1583 2988 1624 munera
3017 1566 3132 1623 sibi
3161 1567 3233 1623 ab
3266 1566 3396 1623 aliis
3440 1566 3637 1623 oblata

1988 1653 2322 1726 imperatori
2353 1655 2714 1713 restituebat.
2749 1657 2883 1713 Erat
2930 1657 3086 1714 enim
3119 1657 3259 1713 adeo
3290 1654 3636 1713 mercatorio

1987 1743 2243 1816 ingenio,
2276 1749 2394 1800 tam
2429 1744 3113 1820 inexplebiliaccipiendi
3143 1745 3293 1801 fame
3326 1745 3635 1818 ﬂagrabat,

1988 1840 2051 1888 ut
2084 1850 2197 1888 non
2231 1850 2439 1890 aurum
2486 1840 2543 1891 et
2572 1839 2761 1891 vestes
2793 1836 3074 1891 duntaxat
3104 1834 3412 1906 acciperet,
3445 1835 3549 1890 sed
3578 1838 3643 1888 et

1988 1921 2104 1978 alia
2134 1922 2381 1989 minuta,
2410 1940 2597 1995 usque
2629 1925 2699 1980 ad
2729 1940 2983 1997 pepones
3014 1929 3071 1980 et
3098 1927 3306 1980 catera
3334 1924 3636 1980 esculenta

1986 2015 2044 2066 et
2072 2011 2262 2068 omnis
2291 2012 2524 2083 generis
2557 2029 2747 2084 poma.

195 2097 675 2177 ἀποφπάττουσα,
735 2100 768 2166 ἦ
840 2098 930 2152 καὶ
1003 2096 1338 2171 τεθλιμμένη
1416 2099 1726 2172 παράθυρος
1802 2098 1890 2153 καὶ
1967 2101 2120 2169 στενή
2181 2097 2348 2163 πυλὶς
2404 2100 2493 2155 καὶ
2547 2101 2953 2177 συνεπτυγμὲνη
3014 2099 3139 2163 όδὸς
3182 2101 3469 2177 εἰσάγουσα
3498 2102 3634 2176 πρὸς

194 2190 281 2244 ’τά
362 2187 634 2261 βασίλεια.
712 2187 781 2242 Ai
858 2183 905 2240 δ’
980 2186 1182 2262 εὐρεῖαι
1242 2191 1347 2241 τῶν
1399 2185 1648 2255 εἰσόδων,
1707 2184 1774 2241 δι’
1834 2188 1906 2242 ὧν
1965 2186 2340 2267 προσεφοίτων
2396 2188 2658 2264 πρότερον
2723 2195 2842 2252 τοῖς
2899 2194 3185 2264 κρατοῦσιν
3248 2190 3301 2244 οἱ
3359 2186 3634 2263 δεόμενοι,

194 2277 404 2336 ’τέλεον
462 2278 905 2353 ἐπεζυγώθησαν,
964 2277 1054 2331 καὶ
1127 2282 1245 2339 ταῖς
1309 2282 1519 2351 μωραῖς
1592 2280 1701 2332 τῶν
1763 2276 2045 2353 παρθένων
2121 2280 2174 2333 oi
2250 2276 2318 2333 δι’
2377 2278 2592 2334 ἐκείνων
2671 2280 2928 2335 εἴσελθεῖν
2987 2280 3320 2354 πειρώμενοι
3397 2278 3633 2352 ἐῴκεσαν

202 2370 461 2444 ἀτεχνῶς
494 2368 579 2423 ὅτι
626 2364 756 2440 μηδ’
809 2370 874 2436 ’ἦν
935 2367 963 2420 6
1017 2372 1132 2421 κατ’
1183 2365 1389 2428 ἐκείνας
1444 2370 1524 2438 τῷ
1574 2367 1824 2441 κρούοντι
1885 2369 2033 2440 [282]
2094 2367 2425 2445 ὑπανοίγων.
2456 2369 2520 2425 Ei
2552 2368 2609 2424 δὲ
2634 2390 2717 2431 τις
2748 2370 2847 2444 ea:
2876 2390 3008 2425 ποτε
3039 2368 3128 2424 διὰ
3155 2373 3254 2436 τῆς
3286 2373 3393 2425 τῶν
3425 2367 3616 2426 πυλῶν

196 2456 544 2531 συμμύσεως
606 2460 723 2517 τοῖς
790 2453 1102 2527 ἐπιμένουσι
1154 2459 1233 2527 τῷ
1288 2454 1500 2529 κρούειν
1561 2453 1934 2526 ἐπαπταίνετο,
1995 2453 2148 2511 οὐδὲν
2211 2457 2392 2529 μέντοι
2450 2457 2585 2533 πρὸς
2658 2458 2756 2527 τὴν
2818 2462 3003 2513 πεῦσιν
3059 2457 3394 2532 ἀπεκρίνετο,
3455 2457 3515 2512 τὸ
3569 2454 3620 2511 δ’

194 2546 461 2604 ἀπελθεῖν
517 2546 789 2622 εἴσηγεῖτο
845 2545 979 2599 κατᾶ
1031 2546 1132 2613 τὴν
1190 2542 1541 2620 παραπυλίδα
1590 2547 1690 2615 την
1750 2544 2010 2621 πλάγιον.
2070 2543 2200 2602 Οὐδ’
2254 2545 2461 2615 ἐκείνης
2518 2547 2587 2615 ἦν
2647 2546 2861 2621 εὐμαρῆ
2913 2549 3013 2617 τὴν
3088 2544 3298 2602 εἷ’σοδον
3360 2546 3618 2620 εὕρασθαι

199 2640 282 2711 μὴ
335 2635 701 2709 καταθέμενόν
759 2656 809 2689 τι
871 2638 979 2689 τῶν
1038 2632 1089 2688 ἐν
1152 2639 1230 2706 τῷ
1283 2634 1480 2707 κόλπῳ
1612 2636 1710 2704 τήν
1769 2633 1911 2689 οἷ’κοι
1967 2632 2308 2707 ἀποδόμενον
2370 2632 2627 2694 δίπλακα.
2690 2635 3041 2711 Συνεμάχετο
3096 2633 3154 2690 δὲ
3204 2639 3282 2706 τῷ
3338 2632 3620 2710 παιδιογέ-

199 2747 354 2803 ροντι
403 2725 588 2798 τούτῳ
644 2725 779 2800 πρὸς
827 2724 889 2778 τὸ
965 2722 1379 2801 ὑπερφιλεῖσθαι
1439 2724 1585 2799 παρὰ
1641 2727 1739 2778 τοῦ
1813 2723 2217 2800 αὐτοκράτορος
2276 2724 2365 2779 καὶ
2397 2726 2479 2786 εἷς
2533 2724 2649 2780 ἀντὶ
2709 2725 2908 2787 παντὸς
2967 2724 3279 2798 λογίζεσθαι
3308 2723 3370 2778 τό
3395 2743 3454 2778 τε
3483 2724 3619 2791 ἦθος

203 2816 526 2894 σοφιστικὸν
599 2814 690 2869 καὶ
764 2812 1097 2887 εὐτράπελον
1174 2813 1231 2867 ὃν
1308 2812 1361 2867 ἐν
1433 2818 1551 2877 τοῖς
1622 2813 2064 2887 παρεμπίπτουσι
2165 2813 2444 2889 πράγμασι
2518 2814 2608 2868 καὶ
2681 2815 2744 2870 τὸ
2818 2811 3106 2878 πολυειδὲς
3179 2811 3438 2875 ὡσαύτως
3513 2819 3621 2883 τῆς

205 2908 440 2980 γνώμης
495 2905 583 2960 καὶ
641 2902 868 2984 ὕφαλον,
946 2902 1060 2959 ἐπεὶ
1111 2903 1201 2958 καὶ
1275 2903 1568 2978 κατηγόρει
1643 2908 1813 2959 ταῦτα
1862 2906 1897 2974 ἡ
1956 2909 2062 2959 τῶν
2131 2904 2346 2981 ὀφρύων
2397 2907 2627 2979 γραμμή
2689 2907 2922 2980 συνεχὴς
2980 2910 3170 2984 φυεῖσα
3222 2905 3313 2959 καὶ
3364 2901 3532 2978 μηδὲν
3564 2924 3618 2957 τι

214 2994 554 3069 μεταίχμιον
601 2990 824 3068 ἔχουσα.
885 2993 1008 3050 Ἐπὶ
1064 2991 1230 3048 πλέον
1292 2990 1338 3047 δ’
1396 2991 1572 3048 ἐποίει
1632 2992 1792 3049 αὐτὸν
1853 2995 2152 3069 ἀγαπᾶσθαι
2215 2994 2306 3048 καὶ
2364 2993 2695 3049 οἰκειοῦσθαι
2743 2996 2778 3063 ἡ
2819 2999 2926 3049 τῶν
2965 2990 3266 3067 διδομένων
3294 2992 3441 3065 αὐτῷ
3473 2992 3620 3067 παρά

212 3101 386 3137 τινων
417 3083 551 3158 πρὸς
583 3085 667 3138 τὸν
702 3080 932 3158 βασιλέα
961 3081 1222 3146 ἀπόδοσις
1250 3083 1338 3137 καὶ
1380 3082 1441 3136 τὸ
1488 3081 1788 3155 ἐμπορικὸν
1846 3083 2103 3161 φρόνημα
2201 3083 2288 3137 καὶ
2370 3082 2397 3136 6
2476 3081 2832 3157 ὑπεράπειρος
2895 3081 3311 3156 λημματισμύςο
3375 3080 3436 3137 οὐ
3511 3082 3614 3158 γὰρ

210 3171 383 3245 μόνον
454 3179 570 3235 τοῖς
647 3172 698 3246 ἐξ
774 3173 914 3244 ’ύλης
989 3174 1103 3246 (39)
1192 3170 1457 3235 παντοίας
1548 3178 1838 3246 στατῆρσιν
1932 3168 2412 3245 ἒνσκολιευόμενος
2506 3172 2729 3250 ὑφεῐρπε
2801 3173 2891 3227 καὶ
2967 3168 3217 3245 ἐνήδρευε
3287 3175 3407 3233 τοῖς
3482 3171 3619 3244 πρὸς

205 3257 444 3329 δίαιταν,
524 3260 668 3316 ἀλλὰ
740 3260 831 3316 καὶ
905 3260 1158 3323 ποτάνοις
1234 3258 1490 3316 ἐνελύττα
1562 3260 1652 3316 καὶ
1727 3256 1968 3334 ἐνέχαινε
2060 3259 2254 3316 πέποσι
2347 3260 2438 3316 καὶ
2523 3258 2738 3335 σύμπαν
2816 3259 2957 3317 ἄλλο
3032 3261 3442 3337 περιειργάζετο
3517 3265 3616 3329 τῆς

202 3357 311 3425 γῆς
388 3349 595 3426 ὡραῖον
630 3347 925 3423 ἐδώδιμον.

314 3441 324 3456 ,
381 3441 392 3462 ,
530 3441 543 3459 .
580 3438 594 3455 ς
748 3462 758 3472 ,
816 3439 833 3469 ι
993 3439 1008 3457 ε
1152 3438 1164 3459 ρ
1349 3462 1358 3472 ,
1609 3460 1622 3469 ,
1833 3443 1860 3454 η

280 3461 344 3504 ς.
396 3438 524 3496 Αλλ
576 3459 899 3495 επανακτεον
954 3461 1046 3495 τον
1100 3437 1267 3517 λογον
1320 3437 1718 3514 ἐκτραπόμενον
1768 3460 1864 3493 του

2040 3443 2095 3499 6.
2129 3442 2241 3499 Sed
2270 3442 2346 3498 ad
2397 3442 2735 3501 institutum
2769 3443 3135 3501 redeundum
3196 3446 3307 3512 est,
3340 3445 3396 3497 et
3438 3442 3626 3499 multa

202 3530 401 3606 ἴχνους
429 3527 512 3610 ἐφ’
544 3531 677 3603 ὅπερ
736 3526 991 3604 ὥρμησεν
1041 3527 1095 3600 ἐξ
1150 3528 1354 3603 ἀρχῆς.
1412 3528 1495 3587 Τὰ
1552 3526 1597 3583 δ’
1628 3529 1708 3606 ἐφ’
1741 3530 1865 3584 ὅσον

195 3618 460 3692 ἐνεδήμει
510 3618 713 3695 χρόνον
768 3624 838 3692 τῇ
901 3615 1143 3692 βασιλίδι
1195 3622 1304 3674 τῶν
1364 3617 1579 3675 πόλεων
1638 3618 1740 3673 ὑπὸ
1770 3621 1869 3674 τοῦ

198 3709 486 3787 βασιλέως
525 3708 723 3765 τούτου
763 3710 1125 3782 πραττόμενα,
1186 3708 1260 3770 ὡς
1316 3706 1377 3763 ἐκ
1429 3706 1658 3764 πολλῶν
1704 3706 1869 3782 ὀλίγα

196 3802 437 3869 εἰπεῖον,
470 3799 670 3855 οὐτωσί
729 3820 846 3861 πως
907 3795 1314 3873 διετετράνωτο.
1377 3803 1476 3854 Ἠν
1526 3798 1617 3852 οὗν
1646 3797 1713 3852 τὰ
1742 3797 1862 3871 περὶ

200 3889 312 3956 τήν
376 3883 582 3941 δίαιταν
645 3886 673 3940 ὁ
730 3884 985 3961 βασιλεὺς
1044 3885 1204 3948 οὗτος
1260 3882 1726 3946 πολυτελὲστατος
1775 3884 1863 3938 καὶ

204 3974 528 4038 διαδοτικὸς
586 3976 894 4050 βρωμάτων
962 3980 1078 4037 τοῖς
1136 3979 1495 4050 παρεστῶσιν.
1553 3974 1721 4048 Εἶχεν
1775 3971 1866 4027 οῦν

204 4070 464 4143 ατεχνῶς
548 4066 647 4134 τὴν
740 4066 1004 4141 τράπεζαν
1093 4063 1534 4138 Σολομώντειον,
1612 4062 1702 4118 καὶ
1775 4062 1873 4125 τὰς

206 4158 449 4226 ἐσθῆτας
516 4155 591 4216 ὡς
656 4154 854 4217 ἐκεῖνος
929 4159 1268 4230 καινοφανεῖς
1336 4154 1659 4227 περιέκειτο,
1741 4151 1873 4225 βου-

204 4247 376 4316 νίζων
414 4245 509 4317 μὲν
540 4245 668 4306 τοὺς
700 4240 918 4318 ἄρτους,
952 4242 1176 4317 λόχμην
1224 4240 1282 4296 δὲ
1333 4240 1628 4296 κνωδάλων
1666 4238 1874 4314 ἷχθύων

206 4357 269 4393 τε
301 4333 624 4390 διάπλευσιν
678 4334 769 4389 καὶ
825 4333 1018 4388 πόντον
1073 4330 1268 4387 οἷ’νοπα
1327 4329 1532 4394 δεικνὺς
1564 4332 1665 4400 τὴν
1696 4328 1874 4383 ἑστία-

212 4448 319 4481 σιν.
401 4425 506 4481 Ναὶ
584 4424 694 4497 μὴν
771 4421 1120 4498 ἕτερημὲροις
1212 4421 1504 4489 ἐνηυπάθει
1592 4418 1875 4493 λουτροῖς,

215 4513 558 4591 ὠσφραίνετό
631 4534 690 4568 τε
760 4514 1174 4589 μερεψουμένων
1253 4509 1518 4581 εὐωδιῶν,
1595 4509 1683 4563 καὶ
1758 4514 1876 4571 ταῖς

219 4608 480 4665 στακταῖς
536 4603 873 4680 ἐρῥαντίζετο
930 4604 1004 4665 ὡς
1063 4600 1325 4675 ὁμοίωμα
1379 4621 1439 4655 τε
1490 4604 1620 4655 ναοῦ
1652 4598 1874 4661 στολαῖς

221 4691 478 4765 ἐξάλλοις
542 4693 796 4749 ἐκέκαστο
892 4691 1413 4769 βοστρυχιζόμενος,
1481 4688 1878 4751 Ἐπιδεικτικός

217 4806 278 4840 τε
306 4784 374 4852 ἦν
406 4782 481 4846 ὡς
511 4784 656 4846 ταὼς
707 4784 736 4837 6
784 4782 1128 4858 φιλόκοσμος
1186 4779 1276 4833 καὶ
1338 4780 1412 4851 μὴ
1476 4774 1559 4840 δὶς
1588 4779 1679 4833 τὸν
1714 4776 1878 4832 αὐτὰν

220 4877 441 4951 χιτῶνα
497 4869 937 4944 ἐνδιδοσκόμενος
1014 4869 1196 4943 ὥσπερ
1261 4866 1321 4921 ἐκ
1376 4870 1584 4922 παστοῦ
1639 4866 1876 4943 νυμφίος

219 4963 315 5017 καὶ
370 4960 445 5020 ὡς
494 4958 552 5013 ἐκ
608 4959 809 5034 λίμνης
862 4956 1234 5035 περικαλλοῦς
1293 4954 1457 5025 ἣλιος
1516 4954 1713 5030 προῄει
1758 4954 1877 5018 καθ’

221 5050 468 5117 ἑκάστην
500 5052 605 5103 τῶν
663 5049 990 5125 ἀνακτόρων.
1045 5045 1270 5122 Χαίρων
1331 5042 1388 5099 δὲ
1441 5050 1561 5108 ταῖς
1618 5045 1881 5118 εὐτραπε-

226 5141 382 5203 λίαις
440 5138 531 5193 καὶ
586 5144 699 5205 τοῖς
778 5139 839 5196 ἐκ
910 5145 1011 5207 τῆς
1070 5138 1288 5206 ἀπαΛῆς
1369 5134 1594 5206 Μούσης
1652 5134 1883 5209 ᾅσμασιν

224 5229 620 5304 ἁλισκόμενος,
670 5226 1061 5307 ἰγερσιγέλωσί
1104 5246 1162 5280 τε
1211 5222 1606 5299 ἀνθρωπίσκοις
1666 5245 1885 5299 συμπα-

1970 3545 2040 3586 ex
2069 3530 2292 3602 paucis,
2327 3534 2390 3586 ut
2444 3532 2763 3604 imperator
2810 3532 2964 3590 579
2990 3531 3049 3587 in
3083 3531 3225 3587 urbe
3252 3546 3315 3585 se
3354 3530 3625 3601 gesserit,

1973 3619 2338 3691 explicanda.
2368 3620 2504 3676 Erat
2521 3620 2695 3693 igitur
2714 3621 2773 3675 in
2791 3620 2948 3677 victu
2969 3617 3545 3691 sumptuosissimus,
3567 3624 3626 3673 et

1974 3710 2046 3764 de
2076 3708 2313 3765 ferculis
2370 3710 2761 3767 distribuebat
2801 3711 2875 3767 iis
2904 3710 3005 3783 qui
3057 3726 3270 3766 mensae
3324 3708 3619 3763 astabant.

1976 3798 2240 3854 Mensam
2273 3799 2511 3855 omnino
2542 3798 2935 3855 Salomoniam
2969 3816 3075 3856 aur
3103 3796 3485 3868 Sybariticam
3509 3796 3625 3851 ba-

1975 3887 2170 3958 bebat,
2202 3890 2261 3943 et
2292 3888 2457 3944 novis
2488 3891 2553 3943 ut
2594 3887 2691 3944 ille
2723 3889 2979 3944 vestibus
3011 3886 3273 3958 quotidie
3306 3887 3576 3941 utebatur
3607 3903 3620 3951 ;

1978 3990 2085 4032 nec
2114 3980 2240 4033 erat
2268 3976 2394 4046 ejus
2423 3977 2753 4032 convivium
2786 3976 2942 4032 aliud
2974 3992 3151 4048 quam
3179 3973 3349 4032 collis
3382 3991 3624 4046 panum,

1980 4067 2164 4124 saltus
2188 4067 2464 4136 ferarum,
2485 4069 2731 4141 piscium
2756 4085 2939 4135 mare,
2971 4068 3090 4125 vini
3124 4083 3396 4123 oceanus.
3444 4067 3628 4123 Alter-

1981 4156 2072 4212 nis
2085 4156 2292 4215 diebus
2311 4158 2555 4215 laVacris
2571 4175 2634 4214 se
2649 4156 3227 4214 reﬁciebat.Pastillis
3244 4161 3300 4212 et
3314 4156 3627 4229 unguentis

1980 4247 2170 4303 omnis
2200 4248 2432 4320 generis
2479 4247 2773 4304 delibutus
2805 4247 2989 4303 instar
3021 4247 3263 4319 pavonis
3304 4246 3538 4317 superbi
3570 4261 3630 4301 se

1982 4338 2314 4395 ostentabat
2346 4356 2360 4406 ;
2392 4342 2452 4395 et
2482 4342 2548 4395 ut
2576 4354 2828 4411 sponsus
2857 4355 2887 4393 e
2913 4336 3166 4393 thalamo
3197 4340 3299 4393 aut
3333 4344 3393 4391 ut
3423 4336 3503 4391 sol
3556 4335 3628 4391 ab

1983 4427 2326 4497 Oriente,ita
2343 4427 2468 4500 ipse
2490 4443 2520 4484 e
2534 4427 2747 4500 palatio
2764 4426 3024 4500 quotidie
3036 4424 3632 4496 prodibat.Gaudebat

1983 4516 2207 4573 facetiis
2237 4521 2297 4574 et
2326 4516 2602 4575 mollibus
2622 4517 2954 4574 cantilenis.
2990 4513 3372 4581 Morionibus,
3396 4513 3630 4580 scurris,

1985 4605 2390 4677 histrionibus,
2433 4606 2727 4680 parasitis,
2759 4604 2985 4672 mimis,
3041 4601 3383 4661 cantoribus
3433 4600 3633 4673 palatii

1984 4695 2134 4752 fores
2157 4694 2433 4767 patebant
2453 4712 2618 4764 ;cum
2649 4695 2864 4766 quibus
2892 4693 3064 4750 rebus
3086 4696 3143 4749 et
3172 4689 3510 4747 hominibus
3524 4691 3634 4746 uti-

1912 4826 1954 4890 Ο
1986 4798 2099 4854 que
2131 4783 2341 4839 Bacchi
2379 4788 2437 4840 et
2466 4783 2712 4841 Veneris
2745 4780 3196 4854 intemperantia
3226 4778 3632 4852 coniungitur.

1986 4877 2309 4944 czeteraque
2338 4872 2558 4928 bonum
2592 4872 2722 4928 sani
2753 4871 2985 4943 imperii
3015 4872 3236 4927 statum
3264 4882 3642 4941 corrumpere

1989 4959 2180 5017 solita.
2213 4963 2355 5016 Cum
2387 4960 2705 5031 aliquando
2734 4960 2795 5016 in
2826 4975 2991 5016 coena
3012 4958 3127 5017 sibi
3150 4957 3265 5015 alia
3287 4957 3480 5015 afferri
3508 4958 3638 5029 jus-

1989 5049 2184 5117 sisset,
2244 5050 2562 5108 mimorum
2592 5048 2751 5106 illius
2798 5049 2988 5106 astatis
3019 5047 3455 5119 festivissimus,
3487 5048 3643 5105 580

1994 5142 2376 5210 cognomento
2424 5137 2750 5208 Calibures,
2782 5142 3086 5210 conspecto
3118 5140 3270 5195 cmtu
3330 5136 3643 5194 mulierum

1994 5228 2095 5300 qui
2148 5227 2381 5286 ancillis
2429 5231 2486 5284 et
2538 5227 2801 5301 cognatis
2856 5225 3228 5301 imperatoris
3286 5226 3643 5283 constabat:

1621 5404 1788 5468 Hier.
1820 5404 2037 5469 Wolﬁi
2066 5410 2256 5469 notas.

303 5577 420 5649 (39)
466 5571 543 5631 os
600 5573 669 5649 χά

554 5768 822 5829 Parnm.
872 5763 981 5822 Ga.
1017 5759 1330 5821 CXXXIX.

767 5570 1104 5659 Pi"°t.‘5°“
1162 5565 1213 5639 ἐξ
1253 5564 1424 5659 “iis:
1471 5564 1548 5659 0'3:
1581 5566 1695 5659 αάρ
1732 5566 1896 5659 μένεν

303 5593 420 5649 {69)
466 5593 543 5631 υυ
600 5594 669 5649 γα
767 5593 931 5645 μονον
986 5593 1104 5631 τοις
1162 5593 1213 5639 ες
1253 5593 1416 5637 υΛης.
1471 5593 1548 5624 υυ
1591 5593 1695 5642 γαρ
1732 5593 1891 5639 μονον

235 5650 501 5723 χρήματα
529 5646 618 5701 καὶ
675 5593 876 5721 βλατία
917 5640 1245 5715 ἓλάμοανεν,
1286 5636 1433 5695 ἀλλὰ
1463 5639 1550 5694 καὶ
1581 5637 1739 5714 ἳτερα
1773 5634 1891 5711 εἷ’δη

2007 5564 2192 5641 μικρά.
2226 5569 2341 5623 Νοη
2373 5570 2587 5641 tantum
2626 5568 2925 5640 pecuniam
2954 5577 3005 5626 et
3036 5571 3227 5640 vestes,
3262 5566 3356 5624 sed
3387 5563 3658 5623 minutio-

2003 5640 2067 5696 να
2095 5655 2305 5711 quoque
2333 5640 2659 5711 accipiebat.

3335 5755 3416 5813 26
