4098 6292
483 371 597 430 811

1765 363 2072 426 ΝΙΟΕΤᾸΞ
2127 361 2557 426 ΘΗΟΝΙΑΤΛῧ

3770 354 3878 430 812

486 528 514 556 ‹‹
567 503 1001 576 Cognoscamus
1034 499 1192 573 prius
1242 499 1348 557 has
1376 521 1404 549 ››
1449 501 1660 573 inquit,
1694 523 1722 551 «
1784 500 2121 572 imperator,

2243 498 2511 573 ραθύρων,
2553 497 2654 554 οὐκ
2709 497 2972 576 ἐπεζόγου
3029 498 3282 575 Κέρκωψί
3332 521 3392 556 τε
3433 500 3524 556 καὶ
3567 499 3761 575 μίμοις
3789 503 3871 556 καὶ

485 591 696 648 deinde
745 589 889 646 alias
943 589 1151 644 adduci
1180 588 1400 659 jubeto.
1440 607 1464 639 ι
1522 589 1678 654 Quod
1714 587 1935 643 dictum
1998 602 2127 642 cum

485 695 690 738 omnes
713 683 770 735 et
811 677 916 734 viri
948 681 1004 735 et
1034 677 1312 734 mulieres
1344 677 1462 734 risu
1493 678 1877 750 excepissent,
1906 676 2005 732 ille
2035 691 2134 731 co-

483 769 605 825 lore
636 773 852 826 mutato
884 772 940 824 et
993 767 1083 824 vix
1117 784 1384 840 repressa
1411 767 1718 825 iracundia
1749 767 2028 826 morionis
2060 765 2131 820 li-

485 858 735 914 centiam
767 857 946 914 minis
977 857 1301 930 castigavit.
1329 859 1476 914 Loca
1506 862 1563 914 et
1603 859 1720 914 situ
1766 861 1823 914 et
1854 855 2133 928 temperie

485 946 634 1003 aeris
689 963 919 1004 amoma
965 945 1432 1014 consectabatur,
1467 951 1522 1002 et
1577 962 1646 1002 ex
1703 945 2024 1002 intervallis
2071 944 2130 999 in

488 1037 689 1093 urbem
752 1035 995 1104 redibat,
1061 1039 1119 1090 et
1177 1039 1240 1092 ut
1297 1035 1530 1108 phoenix
1588 1035 1710 1092 avis
1743 1051 1874 1091 ‘non
1902 1048 2135 1106 semper

487 1125 976 1196 conspiciebatur.
1026 1125 1089 1181 In
1113 1124 1324 1197 primis
1353 1141 1486 1181 vero
1517 1124 1826 1181 immensis
1858 1123 2134 1180 substru-

487 1214 778 1270 ctionibus
833 1213 1254 1282 delectabatur,
1305 1219 1362 1270 et
1410 1214 1603 1270 furore
1651 1214 1902 1286 quodam
1944 1213 2012 1268 ad
2067 1228 2134 1270 ea

490 1304 696 1360 ruebat
748 1321 876 1376 quae
936 1303 1328 1371 desiderabat,
1389 1303 1578 1361 ofﬁcio
1613 1304 1671 1358 in
1706 1302 1999 1376 plerisque
2033 1317 2130 1358 ne-

489 1397 698 1466 glecto.
773 1392 841 1449 In
890 1400 1136 1465 utroque
1194 1392 1406 1465 palatio
1467 1392 1672 1449 balnea
1722 1399 1774 1448 et
1840 1390 2135 1448 conclavia

491 1480 973 1554 splendidissima
1017 1487 1074 1538 et
1102 1481 1160 1536 in
1193 1482 1546 1554 Propontide
1575 1485 1954 1554 sumptuosas
1985 1481 2136 1536 aades

491 1573 818 1644 mditlcavit,
839 1578 895 1628 et
925 1572 1152 1629 insulas
1173 1590 1380 1644 parvas
1409 1573 1555 1629 mari
1577 1573 1886 1646 aggeribus
1909 1571 2134 1643 expleto

489 1661 775 1718 excitavit.
835 1665 975 1716 Cum
1012 1661 1218 1718 turrim
1252 1664 1310 1717 in
1362 1661 1705 1718 Blachernio
1753 1661 1966 1732 palatio
1999 1675 2133 1716 cum

493 1750 860 1819 munitionis,
897 1755 959 1806 ut
990 1751 1198 1822 aiebat,
1229 1755 1354 1807 tum
1384 1768 1502 1806 sum
1543 1750 1922 1806 habitationis
1959 1765 2134 1805 causa

2236 587 2556 662 παρασίτοις
2587 589 2676 643 καί
2734 587 2942 651 ἀοιδοῖς
2999 589 3066 644 τά
3101 587 3396 662 δβασίλεια.
3449 592 3584 652 Τοῖς
3616 587 3674 645 δὲ
3698 591 3874 645 τοιού-

2234 695 2352 736 τοις
2413 676 2440 729 ὁ
2500 675 2759 750 πάροινος
2835 676 3046 750 κόσμος
3102 676 3440 747 συνέζευκται
3520 678 3736 740 πάντως
3789 677 3872 732 καὶ

2235 765 2270 833 ἡ
2347 764 2482 819 κατά
2560 767 2654 828 τὰς
2725 765 2910 828 κοίτας
2995 764 3252 843 ἀσέλγεια
3329 768 3734 844 συνεφάπτεται,
3793 769 3874 822 καὶ

2236 852 2335 908 ὅσα
2395 861 2646 929 χρηστῆς
2705 855 2794 910 καὶ
2864 857 3053 930 ὑγιοῦς
3141 854 3423 930 βασιλείας
3486 855 3874 936 συνδιαφθείρει

2235 943 2574 998 κατάστασιν.
2635 943 2794 1020 Ἀτάρ
2852 941 3037 1019 εἷ’ρηκέ
3091 965 3224 1000 ποτε
3281 943 3367 1000 ἔπὶ
3429 943 3670 1001 δείπνου.
3705 969 3733 996 ‹‹
3763 947 3874 1002 Ἑν-

2237 1031 2428 1107 ἐγκατέ
2462 1053 2555 1104 μοι
2589 1031 2725 1094 ’ἀλας
2757 1035 2888 1106 (40)”
2924 1057 2952 1085 ››
2999 1035 3282 1108 παρεστὼς
3315 1033 3373 1089 δὲ
3400 1038 3508 1090 τῶν
3539 1035 3665 1090 τότε
3696 1035 3871 1108 μίμων

2237 1122 2266 1176 ὁ
2305 1120 2688 1198 χαριέστατος,
2722 1125 2767 1196 ᾧ
2797 1125 2860 1179 τὸ
2891 1123 3181 1197 ἐπώνυμον
3212 1119 3591 1199 Χαλιϐοόρης,
3621 1120 3876 1199 περιϐλὲο

2237 1212 2476 1286 ψάμενος
2508 1214 2597 1268 τὸν
2629 1219 2736 1268 τῶν
2777 1219 3044 1289 γυναικῶν
3105 1215 3272 1290 χορὸν
3333 1209 3394 1270 ἔκ
3445 1235 3608 1270 τινων
3641 1215 3876 1288 προσπό-

2236 1299 2348 1358 λων
2377 1302 2467 1357 καὶ
2502 1308 2772 1378 συγγενῶν
2802 1307 2900 1358 τοῦ
2943 1302 3214 1378 βασιλέως
3245 1305 3646 1377 κεκρατημένον
3679 1325 3708 1355 ι(
3739 1309 3876 1358 Γνω-

2237 1387 2462 1462 σόμεθα,
2493 1411 2520 1437 »
2547 1389 2684 1458 εἶπε,
2720 1412 2749 1441 ‹‹
2780 1391 3012 1462 πρώτως
3060 1389 3278 1457 ταύτας,
3310 1389 3356 1444 ὦ
3391 1388 3634 1464 βασιλεῦ’
3666 1389 3765 1444 εἶθ’
3792 1387 3876 1443 cii-

2235 1497 2344 1539 τως
2377 1475 2551 1539 ἅλλας
2581 1477 2950 1554 εἰσενεχθῆναι
2979 1479 3256 1534 κέλευσον.
3285 1505 3312 1532 ››
3346 1479 3446 1534 Καὶ
3472 1479 3609 1551 πρὸς
3638 1479 3702 1534 τὸ
3733 1479 3877 1552 ῥῆμα

2232 1569 2394 1621 τοῦτο
2424 1566 2589 1622 πᾶσαί
2637 1588 2696 1622 τε
2751 1567 2839 1622 καὶ
2888 1567 3080 1630 πάντες
3132 1565 3520 1643 ἐξεκάγχασαν.
3553 1570 3652 1639 Τῷ
3678 1563 3736 1622 δὲ
3763 1567 3877 1642 τρέ-

2235 1675 2392 1710 πεται
2419 1655 2447 1710 ὁ
2477 1657 2652 1730 χρὼς,
2686 1653 2775 1711 καί
2811 1656 2974 1730 μόλις
3001 1657 3093 1712 τὸν
3145 1658 3320 1730 θυμὸν
3358 1653 3411 1711 ἔν
3440 1656 3615 1712 πείσει
3644 1654 3877 1718 κολάσας

2239 1740 2624 1818 ἐμϐριμήματι
2680 1747 2778 1815 τήν
2837 1750 2934 1801 τοῦ
2967 1745 3342 1822 γελωτοποιοῦ
3399 1743 3877 1820 ἐλευθεροστομίαν

469 1845 786 1896 exstruere
839 1839 1163 1907 statuisset,
1197 1846 1254 1896 et
1286 1845 1478 1896 vetera
1509 1840 1664 1908 fana,
1691 1856 1814 1910 quae
1847 1841 1905 1893 in
1936 1837 2121 1894 littore

2241 1831 2532 1888 ἀνέστειλε.
2570 1831 2940 1890 Μεταδιώκων
2994 1831 3050 1889 δὲ
3104 1835 3173 1889 τὰ
3210 1838 3315 1889 τῶν
3349 1833 3570 1908 χωρίων
3601 1833 3661 1888 εὖ
3692 1828 3881 1908 ἔχοιτα

491 1927 758 2000 neglecta
777 1929 1096 1996 stabant,et
1118 1928 1330 1984 multas
1355 1929 1616 1984 illustres
1639 1928 1800 1984 urbis
1821 1928 2023 1983 domos
2041 1926 2136 1982 de-

495 2018 734 2074 molitus
752 2017 898 2076 581
929 2026 1297 2089 est,quarum
1325 2018 1708 2074 fundamenta
1739 2032 1890 2072 nunc
1907 2030 2138 2088 quoque

493 2108 586 2162 vix
609 2109 732 2163 sine
750 2106 1022 2179 lacrymis
1035 2107 1283 2178 spectari
1316 2111 1568 2179 queunt;
1593 2105 2133 2178 splendidissimum

492 2195 780 2268 generalis
793 2195 1286 2268 aedilicium,quod
1303 2200 1489 2252 totum
1511 2195 1684 2252 latere
1705 2194 2134 2253 coctiliconsta-

498 2287 618 2356 bat,
641 2286 765 2342 solo
782 2285 1025 2356 aequavit
1053 2289 1109 2342 ct
1131 2291 1338 2358 printer
1353 2284 1465 2342 alia
1493 2285 1670 2343 multa
1688 2285 1962 2358 inclytam
1977 2287 2132 2340 Man-

494 2377 727 2448 ganiam
755 2376 995 2430 domum
1025 2375 1332 2444 destruxit,
1356 2391 1541 2446 neque
1573 2375 1764 2447 operis
1785 2375 2128 2447 elegantiam

486 2470 542 2520 et
577 2463 1036 2536 magnitudinem
1063 2463 1272 2520 veritus
1304 2479 1491 2536 neque
1512 2465 1779 2520 victorem
1802 2469 2131 2533 martyrem,

481 2551 576 2608 cui
607 2568 674 2606 ea
704 2551 964 2606 dedicata
1005 2555 1155 2618 erat,
1186 2549 1485 2608 reveritus.
1509 2552 1712 2606 jEdem
1743 2549 1867 2606 Divi
1889 2549 2133 2607 Michae-

479 2641 554 2697 lis
586 2639 910 2696 cmlestium
943 2640 1246 2712 copiarum
1277 2639 1630 2710 archiducis,
1655 2641 1713 2694 in
1751 2643 1912 2710 portu
1937 2639 2129 2705 sitam,

483 2733 944 2799 instauraturus,
979 2732 1028 2786 si
1060 2749 1178 2803 qua
1208 2731 1267 2786 in
1299 2731 1512 2803 palatio
1572 2749 1896 2788 marmorea
1929 2730 2131 2788 tabula

479 2821 793 2892 splendore
823 2825 879 2876 et
925 2828 1217 2890 guttarum
1251 2820 1529 2876 varietate
1560 2819 1808 2876 illustris
1853 2820 1937 2877 vel
1967 2820 2128 2892 pavi-

479 2917 742 2968 mentum
775 2911 1010 2982 tegebat
1050 2910 1135 2966 vel
1186 2910 1432 2980 parietes
1464 2911 1731 2978 ornubat,
1761 2927 1828 2966 eo
1878 2910 2128 2965 transfe-

479 3002 717 3058 rendam
749 2999 988 3056 curavit.
1021 2999 1131 3054 Sed
1169 3004 1224 3054 et
1268 2999 1602 3071 archangeli
1638 2999 1824 3069 pictas
1863 3003 1920 3055 et
1955 2999 2124 3056 fictas

478 3090 784 3160 imagines,
809 3087 897 3142 vel
929 3087 988 3142 in
1021 3088 1164 3143 urbe
1200 3087 1285 3143 vel
1315 3089 1447 3144 aliis
1479 3087 1617 3143 locis
1649 3088 1902 3158 praesidii
1950 3104 2124 3145 causa

477 3178 790 3240 dedicatas,
840 3180 1081 3231 vetustae
1111 3181 1168 3230 et
1205 3176 1564 3232 admiranda
1597 3193 1799 3234 manus
1829 3195 2024 3250 opera,
2059 3179 2114 3234 in

477 3267 632 3322 idem
667 3263 949 3334 templum
972 3265 1376 3335 congregabat,
1409 3265 1563 3322 582
1594 3281 1892 3322 summum
1941 3267 2112 3324 etiam

475 3356 740 3433 studium
818 3352 1107 3423 adhibuit,
1165 3357 1228 3408 ut
1303 3353 1704 3411 Monembasia
1783 3357 2122 3414 transferret

473 3444 790 3512 Christum,
823 3444 916 3514 qui
969 3443 1024 3498 in
1057 3459 1224 3500 cruce
1257 3443 1530 3514 trahitur,
1581 3461 1729 3516 opus
1781 3446 2116 3502 admirabili

471 3538 592 3590 arte
623 3538 678 3589 et
707 3532 1010 3605 elegantia,
1043 3533 1194 3603 quod
1231 3532 1520 3588 cruciatus
1573 3533 1795 3589 Domini
1826 3539 1882 3590 et
1911 3539 2119 3592 Serva-

467 3624 612 3678 toris
663 3623 846 3677 nostri
879 3621 1317 3677 evidentissime
1375 3626 1786 3694 repraesentat;
1848 3639 1953 3679 nec
1979 3640 2114 3680 con-

467 3710 688 3782 quievit
713 3711 1056 3781 priuspuam
1079 3725 1206 3764 eam
1238 3709 1555 3782 imaginem
1580 3709 1711 3766 dolo
1735 3711 2111 3769 abstulisset:

467 3817 601 3855 nam
627 3807 820 3871 aperte
852 3801 997 3856 citra
1028 3798 1351 3871 periculum
1386 3800 1440 3854 id
1473 3800 1668 3857 conari
1702 3801 1856 3857 haud
1889 3801 2110 3874 potuis-

464 3893 572 3942 set.
628 3890 821 3944 {Ereas
855 3892 1050 3960 portas
1108 3887 1254 3944 latus
1298 3893 1356 3944 et
1407 3889 1749 3946 altissimas.
1802 3907 1929 3962 quae
1969 3892 2109 3948 olim

463 3994 742 4049 magnum
777 3977 1060 4048 palatium
1109 3977 1479 4046 claudebant,
1537 3983 1735 4034 nostra
1775 3985 1940 4036 astate
1981 3997 2106 4035 car-

461 4081 674 4134 cerem,
707 4067 805 4136 qui
837 4067 973 4121 inde
998 4066 1206 4122 Chalce
1239 4066 1470 4135 dicitur,
1509 4067 1871 4136 muniebant,
1903 4070 2106 4126 eodem

462 4153 782 4210 transtulit.
850 4154 1146 4210 Celebrem
1204 4157 1353 4211 aulae
1419 4157 1625 4225 aedem,
1676 4158 1832 4227 quod
1891 4174 2103 4214 novum

461 4243 883 4298 monasterium
938 4244 1173 4315 dicitur,
1231 4244 1392 4300 omni
1442 4261 1608 4300 sacro
1657 4251 1893 4314 ornatu,
1945 4248 2102 4305 vasis

2241 1923 2330 1976 καὶ
2361 1919 2507 1996 ὥρας
2539 1924 2625 1978 καὶ
2661 1923 2879 1994 θέσεως,
2929 1923 2988 1979 ἐκ
3039 1921 3454 1998 διαλειμμάτων
3486 1923 3562 1985 εἷς
3584 1923 3685 1991 τήν
3720 1943 3879 1998 μεγα·

2243 2009 2478 2067 λόπολιν
2536 2012 2901 2088 ἐπανήρχετο,
2957 2012 3048 2068 καὶ
3105 2013 3242 2069 κατὰ
3293 2009 3581 2088 περιόδους
3632 2013 3711 2074 ὡς
3741 2013 3878 2086 ὅρνις

2242 2102 2270 2155 ὁ
2303 2103 2492 2174 Φοῖνιξ
2523 2102 2867 2159 ἐπωπτάνετο
2916 2105 3065 2178 [283]
3117 2104 3275 2178 Ὑπὲρ
3313 2109 3416 2158 πᾶν
3475 2101 3531 2158 δὲ
3577 2099 3763 2178 ἓτερον
3791 2103 3879 2164 τὰς

2238 2197 2346 2246 τῶν
2418 2193 2732 2270 ὑπερόγκων
2807 2192 3122 2266 οθκημάτων
3210 2193 3514 2268 ἀνεγέρσεις
3567 2191 3882 2268 περιεσποῦ-

2241 2277 2385 2352 δαζε,
2449 2284 2818 2358 μανικώτερον
2891 2279 2980 2337 ἐπὶ
3047 2283 3116 2337 τά
3192 2281 3388 2355 ἐραστά
3443 2279 3730 2354 ἐμπηδῶν,
3785 2280 3873 2336 κάν

2236 2375 2354 2432 τοῖς
2402 2369 2680 2432 πλείστοις
2735 2376 2831 2427 τοῦ
2877 2373 3212 2442 καθήκοντος
3260 2369 3642 2450 ἐκφερόμενος.
3704 2367 3878 2431 Ἐντός

2235 2479 2292 2514 τε
2323 2457 2415 2514 οὖν
2443 2463 2551 2514 τῶν
2587 2458 2882 2534 βασιλείων
2929 2459 3250 2538 ἀμφοτέρων
3302 2459 3508 2534 λουτρὰ
3545 2459 3640 2514 καὶ
3675 2457 3880 2530 διαιτή-

2239 2569 2349 2613 σεις
2388 2547 2780 2623 λαμπροτάτας
2829 2547 3103 2623 ἐδείματο,
3159 2551 3249 2604 καὶ
3305 2550 3441 2604 κατά
3491 2549 3593 2618 τὴν
3637 2549 3877 2622 Προπον-

2233 2634 2355 2693 τίδα
2410 2637 2732 2701 πολυτελεῖς
2779 2637 2982 2712 δόμους
3059 2637 3332 2715 ἀνήγειρε,
3392 2635 3612 2708 νησίδιά
3665 2659 3722 2693 τε
3783 2641 3878 2708 τήν

2235 2724 2504 2791 θάλασσαν
2597 2727 2945 2804 ἀπογαιώσας
3036 2728 3342 2805 εἰργάσατο.
3413 2729 3752 2802 Προθὲμενος
3816 2725 3870 2781 δι

2231 2818 2320 2873 καὶ
2372 2818 2580 2894 πύργον
2633 2821 2988 2890 τεκτήνασθαι
3044 2818 3180 2874 κατά
3254 2821 3318 2873 τὸ
3399 2817 3451 2872 ἐν
3540 2815 3861 2889 Βλαχέρναις

2230 2905 2516 2980 παλᾶτιον,
2585 2908 2697 2983 ἅμα
2765 2910 2857 2982 μὲν
2953 2907 3028 2971 εἷς
3120 2906 3294 2982 ἔρυμα
3367 2905 3699 2981 ἀνακτόρων,
3790 2904 3864 2966 ὣς

2231 2995 2446 3074 ἔφασκε,
2505 2999 2592 3052 καὶ
2653 2997 2970 3072 ὑπὲρεισμα,
3032 2998 3145 3072 ἅμα
3220 2993 3276 3052 δὲ
3330 2996 3422 3050 καὶ
3477 2995 3554 3058 εἷς
3609 2993 3874 3064 ἐνοίκησιν

2230 3086 2428 3160 ἒαῡτῷ,
2461 3087 2622 3151 ναούς
2677 3109 2734 3143 τε
2778 3088 2915 3143 κατά
2969 3089 3067 3156 τὴν
3126 3085 3294 3156 ἀκτὴν
3350 3085 3523 3141 παλαι
3556 3085 3878 3158 ἱσταμένους

2231 3174 2529 3249 ἀτημελεῖς
2583 3178 2879 3252 κατήρειψε
2941 3176 3032 3230 καὶ
3085 3173 3374 3236 πλείστους
3429 3179 3538 3229 τῶν
3601 3172 3742 3229 κατά
3787 3173 3882 3241 τήν

2231 3262 2488 3338 βασιλίδα
2545 3266 2704 3321 πόλιν
2757 3269 3066 3340 περιφανῶν
3121 3263 3285 3319 οἷ’κων
3344 3258 3492 3318 ἔθετο
3540 3263 3616 3324 εἰς
3658 3261 3880 3338 ἐρήμω-

2226 3374 2330 3424 σιν,
2361 3355 2436 3410 ὧν
2467 3352 2686 3431 ἐσδεῦρό
2743 3375 2881 3418 τινες
2937 3357 3108 3428 θέαμα
3162 3357 3280 3413 τοῖς
3337 3355 3595 3426 παριοῦσι
3629 3347 3876 3426 δακρύων

2222 3443 2372 3512 ἄξιον
2427 3444 2556 3507 τοὺς
2632 3443 2920 3518 θεμελίους
2971 3438 3411 3518 προϐάλλονται,
3495 3439 3588 3495 καί
3639 3441 3740 3509 τήν
3811 3439 3871 3496 ἐκ

2221 3531 2450 3596 πλίνθου
2527 3535 2707 3604 πάσης
2794 3533 2966 3603 ὀπτῆς
3051 3529 3446 3606 λαμπροτάτην
3503 3534 3603 3584 τοῦ
3661 3531 3874 3606 γενικοῦ

2222 3621 2523 3698 οἰκοδομήν
2583 3621 2940 3702 κατηδάφισεο
3024 3623 3126 3678 Σὺν
3217 3619 3454 3683 πολλοῖς
3522 3619 3582 3675 δὲ
3637 3621 3726 3674 καὶ
3784 3621 3877 3675 τὸν

2214 3713 2544 3788 περίκλυτον
2604 3714 2751 3768 οἶκον
2806 3717 2913 3770 τῶν
2997 3711 3300 3788 Μαγγάνων
3381 3703 3670 3778 κατέϐαλε,
3737 3709 3879 3780 μήτε

2214 3802 2277 3857 τὸ
2309 3807 2404 3858 τοῦ
2434 3799 2592 3879 ἔργου
2645 3801 2856 3862 κάλλος
2907 3801 2998 3856 καὶ
3037 3801 3097 3855 τὸ
3144 3801 3367 3876 μέγεθος
3411 3795 3699 3868 αἰδεσθεὶς,
3733 3799 3876 3870 μήτε

2213 3891 2306 3945 τὸν
2373 3892 2778 3969 τροπαιοφόρον
2856 3891 3102 3966 μάρτυρα
3171 3887 3449 3959 πτοηθεῖς,
3516 3887 3563 3958 ᾧ
3628 3883 3874 3940 ἀνέκειτο

2214 3982 2417 4040 οὑτοσί.
2480 3984 2859 4040 Ἐπισκευάσαι
2920 3979 2978 4037 δὲ
3037 3980 3330 4057 βουληθεὶς
3387 3978 3475 4034 καὶ
3531 3979 3622 4032 τὸν
3682 3978 3736 4030 ἐν
3785 3982 3874 4050 τῷ

2211 4070 2440 4144 ἀναπλῳ
2487 4072 2622 4126 νεὼν
2670 4077 2766 4126 τοῦ
2836 4071 3287 4146 ἀρχιστρατήγου
3353 4062 3456 4124 τῶν
3495 4065 3601 4120 ἄνω
3649 4065 3870 4134 τάξεων

2211 4159 2472 4235 Μιχαὴλ,
2509 4159 2668 4222 εἶ’τις
2700 4159 2752 4214 ἐν
2799 4158 2962 4228 πλαξὶ
3008 4164 3126 4218 τοῖς
3161 4156 3464 4232 βασιλείοις
3495 4152 3692 4226 δόμοις
3729 4153 3870 4210 ὑπὲ-

2209 4269 2418 4323 στρωτο
2474 4249 2565 4304 καὶ
2623 4253 3006 4326 περιημπῖσχε
3052 4247 3178 4310 τοὺς
3234 4245 3462 4321 τοίχους
3493 4241 3776 4314 καλλίστη
3808 4265 3870 4298 τε

458 4332 734 4388 omnibus
765 4331 1054 4405 spoliavit.
1090 4339 1279 4404 Atque
1318 4332 1412 4388 his
1455 4333 1628 4388 rebus
1658 4335 2016 4405 gloriabatur
2047 4341 2102 4392 et

2307 4336 2660 4408 στιλπνότητι
2691 4337 2781 4393 καὶ
2831 4337 3030 4414 ῥανίσιν
3079 4337 3371 4412 ἒστιγμὲνη
3412 4331 3870 4409 ποικιλοχρόοις,

455 4420 794 4477 cll‘erebatur
847 4421 1036 4493 magis
1067 4437 1240 4492 quam
1273 4421 1580 4492 quisquam
1626 4423 1778 4478 alius
1811 4423 2099 4480 mirabilia

2231 4433 2376 4483 κεῖσε
2429 4429 2873 4502 μετακεκόμικεν.
2922 4425 3103 4483 Ἀλλὰ
3151 4425 3240 4480 καὶ
3295 4425 3363 4479 τά
3426 4426 3525 4478 τοῦ
3579 4421 3862 4497 ἀρχαγγέ-

451 4527 627 4582 opera
651 4509 804 4567 laudi
841 4511 954 4568 sibi
997 4513 1250 4566 duceret.
1285 4510 1431 4566 Nam
1462 4527 1594 4566 cum
1651 4513 1918 4568 umbram
1949 4513 2096 4570 ima-

2228 4536 2307 4570 tOU
2338 4513 2427 4570 διὰ
2465 4519 2780 4592 χρωματων
2821 4513 2913 4570 καὶ
2961 4510 3214 4588 ψηφίδων
3253 4511 3584 4584 τυπώματα,
3615 4509 3786 4566 ὁπόσα
3815 4511 3849 4576 ἡ

449 4601 572 4672 gini
643 4601 958 4672 praeferret,
1019 4598 1478 4656 subtractionem
1539 4617 1642 4672 pro
1693 4601 1989 4658 additione
2039 4609 2098 4660 et

2228 4601 2368 4667 πόλις
2461 4584 2666 4682 ἔστεγεν
2733 4606 2768 4676 ἤ
2835 4584 3067 4678 κώμαις⁷
3113 4603 3204 4658 καὶ
3295 4603 3510 4678 χώραις
3585 4601 3846 4656 ἀνέκειντο

449 4690 964 4761 transpositionem
997 4705 1100 4760 pro
1131 4688 1490 4760 appositione
1529 4687 1802 4758 habebat,
1825 4693 2092 4762 quamvis

2228 4692 2565 4770 τυλακτήρια,
2625 4695 2814 4769 χειρὸς
2869 4694 3103 4770 ἀρχαίας
3151 4689 3282 4767 ἔργα
3355 4692 3446 4745 καί
3526 4688 3830 4763 θαυμασίας,

445 4796 508 4834 ea
543 4778 768 4833 nullum
823 4777 1218 4834 beneﬁcentiae
1259 4775 1664 4849 simulacrum,
1715 4795 1950 4850 parvam
1995 4785 2092 4836 aut

2228 4782 2333 4836 ,ατὰ
2386 4785 2446 4838 τὸ
2500 4783 2630 4838 αὐτὸ
2681 4786 3003 4858 συνήθροισε
3057 4780 3296 4855 τέμενος.
3351 4780 3418 4836 Ἥ
3475 4775 3536 4834 δὲ
3564 4782 3654 4836 τοῦ
3686 4776 3833 4850 βασι·-

447 4863 664 4920 nullam
723 4865 1021 4937 religionis
1072 4866 1324 4938 speciem
1387 4865 1666 4923 haberet:
1710 4883 1897 4940 neque
1957 4885 2088 4928 vero

2228 4871 2338 4934 ,έως
2394 4873 2591 4928 τούτου
2650 4870 2863 4941 σπουδή
2923 4872 3072 4934 ὅπως
3130 4869 3190 4926 ἐκ
3242 4876 3343 4940 τῆς
3389 4873 3477 4924 νῦν
3545 4862 3845 4945 λεγομένης

447 4956 624 5006 Deum
649 4951 842 5018 irasci,
875 4955 976 5008 sed
998 4954 1190 5024 potius
1217 4954 1486 5025 gaudere,
1527 4955 1576 5010 si
1608 4953 1766 5010 aliud
1799 4957 2085 5027 templum

2228 4955 2578 5034 ῐονεμϐασίας
2630 4961 2977 5035 ἀνακομίσειε
3021 4959 3112 5014 τὸν
3182 4957 3270 5014 ἐπὶ
3337 4957 3565 5033 σταυρὸν
3619 4953 3852 5026 ἑλκομε-

445 5039 687 5127 pxistino
743 5041 1050 5110 splendore
1105 5044 1384 5112 privatum
1436 5043 1773 5100 volucribus
1822 5045 1990 5102 nidos
2031 5055 2084 5102 et

2228 5067 2283 5102 ον
2313 5051 2548 5124 Χριστὸν
2603 5051 2678 5115 ὠς
2727 5047 2880 5127 ἔργον
2925 5049 3244 5125 ἀξιάγαστον
3281 5047 3370 5102 καῖ⁵
3399 5047 3499 5115 τὴν
3527 5045 3729 5123 τέχνην
3755 5040 3853 5097 καὶ

440 5125 720 5182 crinaceis
743 5128 934 5182 foveas
992 5131 1290 5199 praeberet,
1333 5131 1493 5186 aliud
1531 5147 1667 5188 vero
1690 5132 2083 5190 instauratum

2228 5137 2290 5205 ἣν
2347 5142 2509 5215 χάριν
2577 5137 2728 5194 οὐδὲν
2802 5125 3144 5194 ἀπελείπετο
3239 5140 3343 5191 τῶν
3435 5133 3853 5214 ἐκφανεστάτων

1821 5291 1988 5354 Hier.
2023 5291 2232 5354 Wolﬁi
2265 5301 2454 5357 notae.

505 5449 592 5482 (ΖΠ
642 5451 883 5482 Anna-"tl.
949 5451 1230 5482 n-:nn:r\:h
1252 5451 1556 5482 Ιιυνιηυιηκ.
1592 5452 1727 5482 1."..-
1781 5457 1796 5482 :

500 5451 592 5521 (40
631 5451 887 5523 Apparet
945 5451 1230 5524 principio
1252 5451 1558 5523 legendum
1591 5452 1748 5524 ἅλας,
1781 5457 1834 5513 id
1867 5464 1955 5516 est
1983 5478 2074 5518 sa-

425 5520 560 5596 lem.
595 5522 731 5596 Eam
782 5540 980 5580 vocem
1019 5525 1242 5596 accepit
1269 5528 1666 5596 scurraquasi
1697 5529 1938 5588 dixisset
1969 5527 2073 5588 ἅλ-

427 5590 550 5665 λας,
607 5590 1175 5676 δοῌίοθιγγυναῖκαςῖ
1217 5597 1404 5650 Locus
1433 5590 1537 5676 hic
1582 5600 1823 5670 exprimi
1873 5603 2074 5662 Latine

427 5684 540 5724 non
581 5669 729 5724 satis
775 5669 959 5740 potest
995 5684 1010 5738 ;
1064 5681 1396 5740 quanquam
1456 5669 1922 5742 Graece’quoque,
1955 5677 2070 5733 nisi

2183 5463 2669 5537 pronuntiatione
2719 5465 2965 5537 juvetur
3017 5462 3079 5516 τὸ
3129 5459 3360 5537 παλαιοὶ⁸
3403 5459 3602 5537 ἄλλοις,
3666 5457 3854 5537 paulo

2182 5530 2382 5591 minus
2413 5535 2688 5607 frigidum
2720 5530 2980 5604 'videtur,
3017 5550 3195 5606 quam
3227 5533 3272 5588 si
3307 5533 3466 5588 dicas
3493 5531 3610 5585 alia
3643 5537 3702 5584 et
3733 5530 3863 5584 alia

2181 5613 2376 5662 scorta
2397 5607 2870 5681 subintelligens.
