4098 6292
213 424 333 486 813

218 560 430 618 παθῶν*
501 552 629 613 ὅλος
694 551 796 627 γάρ
881 550 1153 623 ἀνήρτητο
1236 553 1356 610 ταῖς
1450 547 1682 617 ἐλπίσιν,

221 643 424 699 ἐκεῖθεν
479 642 571 697 σὺν
631 638 784 712 δόλῳ
840 639 1142 718 ἀφῄρηκεν·
1205 639 1274 692 οὗ
1326 637 1425 711 γὰρ
1484 636 1767 700 ἀκίνδυνος
1804 640 1880 707 ’ἦν

1347 418 1446 478 DE
1492 419 1799 480 lSAAClO
1843 420 2160 481 ANGELO
2207 423 2352 482 LIB.
2405 422 2508 482 lIl.

3518 425 3638 485 8M

1763 545 1867 612 ἕως
1902 559 1946 621 Α
1984 552 2305 624 peregrinis
2327 553 2583 610 donariis
2632 556 2690 609 et
2739 552 2947 610 alienis
2993 554 3376 610 ornamentiis
3433 555 3635 625 splen-

1992 643 2276 698 desceret.

226 735 563 789 παντάπασιν
626 733 661 798 ἡ
720 732 1000 807 προφανὴς
1057 726 1422 802 ἐπιχείρησις,
1483 726 1655 783 Ἀλλὰ
1713 729 1803 782 καὶ
1860 729 1954 791 τάς
2015 728 2227 804 χαλκᾶς
2302 729 2480 792 πύλας
2558 730 2728 786 ἐκεῖσε
2816 730 3125 803 μετέθηκεν,
3185 732 3241 786 αἳ
3295 734 3486 807 πρώην
3547 734 3641 806 μὲν

228 822 527 898 ἐπεζύγουν
582 824 680 874 τοῦ
741 818 982 895 μεγάλου
1037 816 1309 872 παλατίου
1367 818 1465 883 τήν
1539 814 1749 871 ε’ἰσοδον
1807 817 2007 890 εὐρεῖαι

2101 821 2260 873 οὖσαι
2342 821 2429 874 καὶ
2510 820 2752 894 ὕψισται,
2837 821 2891 881 ἐς
2959 818 3005 874 δ’
3062 823 3209 895 ἡμᾶς
3262 823 3361 889 τήν
3423 823 3639 898 εἱρκτὴν

229 917 484 986 συνεῖχον
531 909 675 984 ἥπερ
731 908 780 981 ἐξ
835 908 1015 962 αὐτῶν
1074 905 1277 972 Χαλκῆ
1333 905 1771 979 κατωνόμασται.
1830 908 1928 961 Καὶ
1985 909 2077 963 τὸν
2134 909 2186 963 ἐν
2246 911 2564 983 ἀνακτόροις
2622 910 2971 984 περιώνυμον
3025 912 3151 966 ναὸν
3212 911 3270 974 ὅς
3329 914 3439 969 Νέα
3500 915 3642 985 μονὴ

226 1001 613 1071 κικλήσκεται,
691 999 840 1061 θείου
891 997 1086 1058 παντὸς
1143 994 1377 1051 ἐπίπλου
1435 996 1532 1050 κπὶ
1591 996 1742 1069 ἱεροῦ
1799 995 2022 1059 σκεύους
2081 996 2338 1072 ἐψίλωσε.
2398 999 2543 1055 Κὰπὶ
2597 998 2821 1061 τούτοις
2898 1000 3358 1074 λαμπρυνάμενος
3428 1003 3496 1071 ἦν
3551 1003 3642 1059 καὶ

233 1088 614 1167 θρυπτόμενος
644 1087 718 1148 ὡς
771 1086 832 1140 οὕ
886 1106 969 1147 τις
1027 1083 1197 1146 ἄλλος
1252 1083 1336 1138 ἐπ’
1393 1078 1575 1160 ἔργοις
1635 1085 1970 1155 θαυμαστοῖς
2027 1081 2414 1161 ἀϐρυνόμενος.
2472 1089 2629 1165 ᾪετο
2684 1088 2786 1161 γὰρ
2844 1088 3149 1162 προσὲνεξιν
3207 1091 3307 1158 τήν
3361 1090 3644 1168 ἀφαίρεσιν

227 1180 316 1235 καὶ
372 1177 662 1253 πρόσθεσιν
718 1176 816 1243 τήν
879 1174 1180 1258 μετάθεσινο
1239 1173 1339 1241 τὴν
1398 1174 1713 1258 γαρῗσκιᾶν
1775 1171 2069 1248 προῦκρινε
2124 1182 2226 1244 τῆς
2313 1175 2546 1244 εἰκόνος,
2626 1173 2687 1230 οὒ
2762 1177 2863 1244 τὴν
2947 1177 3303 1254 ἀγαθοεργίας
3379 1199 3642 1258 σκιογρα-

238 1266 364 1344 φίαν
394 1264 480 1318 καὶ
518 1262 711 1337 μικρὸν
759 1262 795 1330 ἢ
855 1256 1007 1314 οὐδὲν
1063 1256 1343 1336 φιλοθελιας
1403 1254 1644 1330 ῖνδαλμα
1698 1259 1998 1327 σώζουσαν⁶
2053 1259 2205 1317 Ἀλλ’
2264 1258 2389 1316 οὐδὶ
2443 1262 2504 1316 τὸ
2559 1265 2702 1325 θεῖον
2756 1262 2958 1336 χολᾷν,
3011 1262 3223 1337 χαίρειν
3287 1263 3343 1319 δὲ
3404 1254 3665 1338 μᾶλλον,¹

233 1354 281 1409 εί
360 1350 514 1413 οὗτος
595 1351 688 1423 μὲν
766 1350 794 1403 6
868 1349 1002 1409 νεὼς
1074 1350 1176 1412 τῆς
1250 1347 1440 1421 πρώην
1519 1348 1836 1421 ἀχρειοῦται
1914 1348 2306 1423 λαμπρότητος
2380 1349 2455 1413 εἷς
2512 1348 2845 1407 ἐννόσσευσιν
2905 1357 3122 1420 πτηνῶν
3177 1353 3267 1408 καὶ
3329 1353 3645 1427 κατοίκησιν

222 1443 427 1518 ἐχίνων
457 1440 722 1514 ἐώμενος,
754 1437 1110 1514 ἐγκαινίζεται
1143 1433 1189 1490 δ’
1214 1434 1398 1509 ἓτερος
1427 1435 1657 1499 ὀθνείοις
1686 1437 2002 1509 κειμηλίοις
2027 1440 2115 1494 καὶ
2150 1440 2380 1513 κόσμοις
2409 1438 2731 1516 ἀλλοτρίοις
2760 1437 3211 1516 καταγλαὶζεται.

306 1581 386 1652 [Ρ.
423 1578 574 1650 284.]
599 1577 660 1645 ζ’.
692 1579 752 1627 Ὀ
795 1572 851 1628 δὲ
888 1572 1119 1645 ,τόλμης
1175 1576 1450 1649 μετεῖχεν,
1502 1572 1593 1625 ἳνα
1645 1570 1879 1647 μετρίως

2054 1576 2109 1630 7.
2142 1576 2222 1632 Ea
2253 1593 2484 1650 quoque
2516 1576 2626 1633 fuit
2657 1578 2904 1633 audacia
2950 1580 3047 1647 (ne
3078 1577 3215 1649 quid
3275 1579 3468 1637 dicam
3506 1597 3643 1654 gra-

224 1673 359 1746 γοῦν
392 1663 629 1739 εἷ’ποιμι,
663 1662 875 1719 ἐκοίνου
905 1663 971 1716 τα
1001 1661 1120 1735 ἱερᾶ
1170 1661 1358 1731 σκεύη,
1410 1660 1514 1715 κάκ
1567 1665 1674 1716 τῶν
1724 1659 1880 1715 θείων

227 1759 364 1814 αύτᾶ
394 1760 537 1812 ναῶν
594 1755 854 1810 ἀποσπῶν
914 1757 1033 1815 ταῖς
1080 1752 1268 1805 ἑαυτοῦ
1324 1748 1613 1824 τραπέζαις
1661 1770 1884 1824 παρεισ-

230 1851 441 1924 ἐφερεν,
472 1848 633 1921 ’Ὠχει
664 1843 720 1899 δὲ
757 1846 847 1898 καὶ
903 1848 1021 1905 τοῖς
1078 1840 1368 1902 δακτύλοις
1417 1841 1551 1895 κατὰ
1603 1841 1769 1895 πότον
1821 1841 1887 1894 τὰ

230 1939 286 1993 ἐν
318 1937 511 2016 τάφοις
548 1930 814 2008 βασιλέων
847 1931 1149 2007 ᾐωρημένα
1198 1929 1495 1985 κυπελλοει
1529 1926 1594 1998 δῆ
1643 1933 1721 2001 τῷ
1772 1932 1887 2000 Θεῷ

234 2026 583 2097 ἂναθτίματα,
616 2021 676 2076 ἐκ
705 2019 871 2075 λίθων
903 2023 1190 2097 τιμαλφῶν
1232 2019 1322 2074 καὶ
1370 2018 1598 2094 χρυσίου
1643 2016 1887 2096 ἀπέφθου

243 2112 634 2187 ἐσκευασμένα,
661 2112 750 2166 καὶ
808 2110 882 2173 εἶς
943 2104 1169 2188 χέρνιϐα
1200 2113 1401 2188 χειρῶν
1462 2105 1723 2182 ὑδροχόοι
1783 2128 1887 2163 πε-

237 2207 557 2281 ριεφέροντο
632 2199 843 2275 ἄμαχοι
918 2200 980 2253 τὸ
1055 2196 1263 2261 κάλλος
1339 2198 1429 2252 καὶ
1478 2196 1753 2266 ἄπληστοι
1791 2197 1888 2265 τήν

239 2298 405 2374 ὥραν,
440 2297 524 2357 οἷς
554 2294 965 2368 ἀπομόργυνται
1017 2285 1237 2345 Λεϐῖται
1288 2290 1375 2345 καὶ
1436 2291 1599 2365 ἱερεῖς
1650 2288 1715 2345 τὰ
1772 2290 1890 2343 θεῖα

231 2386 506 2463 μετίόντες
571 2384 863 2457 μυστήρια.
924 2381 1195 2457 Ἀφαιρῶν
1251 2379 1307 2433 δὲ
1378 2380 1469 2433 καὶ
1527 2379 1633 2433 ἀπὸ
1686 2376 1885 2452 τιμίων

233 2478 480 2544 σταυρῶν
537 2472 628 2527 καὶ
685 2474 910 2545 πτυχῶν
967 2473 1073 2524 τῶν
1134 2467 1423 2542 ἀκηράτων
1491 2470 1728 2542 Χριστοῦ
1785 2466 1887 2522 λοκ-

234 2566 372 2642 γίων
414 2562 661 2635 κόσμους
713 2556 1042 2618 πολυτελεῖς
1091 2553 1406 2632 περιδέραια
1449 2556 1539 2611 καὶ
1595 2556 1888 2630 στρεπτοὺς

233 2641 436 2707 ἐτίθετο
469 2649 519 2723 ἐξ
552 2649 752 2717 αὐτῶν,
783 2647 874 2703 καὶ
922 2645 1146 2707 τούτους
1196 2649 1261 2699 αὖ
1306 2644 1438 2700 κατά
1484 2645 1546 2698 τὸ
1594 2644 1740 2717 αύτῷ
1789 2641 1889 2699 δο-

240 2746 366 2798 κοῦν
406 2734 768 2814 μεταϐάλλων
827 2735 1032 2809 ἑτέραις
1080 2733 1377 2809 ἐνήρμοζεν
1433 2728 1893 2807 ἀπεριθαμϐητως

246 2831 560 2905 βασιλικαῖς
616 2826 860 2889 στολαῖς.
927 2827 1066 2902 Πρὸς
1123 2822 1181 2878 δὲ
1229 2823 1356 2885 τοὺς
1414 2823 1730 2900 εἰσάγοντας
1787 2843 1888 2878 πα-

1996 1665 2147 1739 vius)
2164 1670 2227 1722 ut
2259 1682 2426 1724 sacra
2445 1684 2585 1723 vasa
2601 1667 3001 1738 profanaretet
3020 1667 3255 1740 templis
3272 1669 3471 1727 avulsa
3486 1688 3614 1727 men
3627 1702 3644 1713 -

2000 1756 2080 1811 sis
2112 1755 2237 1811 suis
2258 1755 2649 1811 adhiberet.In
2681 1756 3214 1814 comessationibus
3234 1759 3388 1816 588
3416 1776 3649 1832 quoque

2000 1862 2068 1902 ex
2099 1846 2343 1915 gemmis
2368 1847 2641 1919 pretiosis
2674 1851 2731 1902 et
2756 1846 2945 1904 solido
2985 1865 3127 1904 auro
3179 1848 3427 1906 calicum
3460 1851 3650 1907 instar

2002 1936 2151 1990 facta
2185 1936 2445 2005 donaria,
2477 1951 2604 2006 qure
2636 1936 3251 2010 supraimperatorum
3285 1940 3649 1997 monimenta

2002 2022 2352 2093 pendebant,
2396 2023 2668 2078 manibus
2699 2024 3010 2091 versabat;
3044 2029 3101 2081 et
3156 2025 3422 2095 pelvibus
3478 2026 3649 2083 insu-

2002 2109 2276 2183 perabilis
2303 2111 2623 2183 elegantiae,
2657 2111 2875 2184 quibus
2906 2128 2967 2169 se
3006 2113 3206 2169 Levita:
3266 2117 3321 2169 et
3376 2116 3649 2173 sacerdo-

2003 2204 2112 2267 tes,
2149 2218 2283 2256 cum
2315 2217 2477 2257 sacra
2511 2200 2784 2275 mysteria
2815 2205 3084 2270 tractant,
3120 2203 3406 2261 mundare
3435 2205 3646 2273 solent,

2004 2305 2107 2361 pro
2141 2289 2438 2347 malluviis
2488 2292 2778 2349 utebatur.
2851 2293 3158 2349 Auferebat
3200 2293 3520 2365 particulas
3578 2295 3649 2350 de

2005 2380 2353 2435 venerandis
2386 2380 2676 2449 crucibus,
2711 2381 2847 2437 item
2886 2386 3156 2438 ornatum
3191 2383 3421 2439 maximi
3475 2383 3645 2455 pretii

2006 2467 2076 2523 de
2108 2467 2542 2525 immortalibus
2574 2469 2789 2525 Christi
2822 2471 3098 2538 oraculis,
3124 2471 3316 2543 iisque
3370 2489 3471 2543 pro
3528 2489 3644 2529 mo-

2007 2556 2228 2612 nilibus
2259 2561 2315 2613 et
2348 2557 2648 2629 torquibus
2683 2559 2988 2614 utebatur:
3043 2559 3202 2632 ipsos
3235 2577 3369 2616 vero
3417 2561 3648 2618 codices

2006 2647 2136 2704 aliis
2171 2648 2561 2719 imperatoriis
2585 2648 2771 2718 stolis,
2806 2666 2931 2722 quae
2963 2650 3105 2705 nihil
3139 2650 3420 2707 haberent
3468 2653 3652 2708 admi-

2009 2738 2275 2808 rationis,
2308 2737 2656 2794 involvebat.
2693 2740 2757 2795 Et
2788 2739 3035 2810 graviter
3090 2741 3468 2797 succensebat
3516 2742 3588 2798 iis
3620 2759 3655 2799 a

2008 2827 2221 2899 quibus
2255 2827 2596 2883 monebatur
2625 2842 2693 2883 ea
2716 2827 2868 2884 facta
2900 2845 3014 2883 non
3066 2829 3333 2901 expedire
3383 2829 3654 2902 religioso

249 2939 496 2996 ραιφασιν
556 2919 631 2992 μὴ
694 2915 984 2994 συμφέρειν
1044 2913 1188 2986 αύτῷ
1251 2914 1317 2969 τὰ
1392 2913 1646 2987 γινόμενα
1724 2917 1886 2968 ταῦτα

2007 2916 2364 2987 imperatori,
2414 2917 2513 2989 qui
2574 2916 2841 2987 pietatem
2874 2934 2903 2971 a
2939 2915 3263 2992 majoribus
3312 2918 3653 2992 accepisset,

250 3005 500 3081 θεοφιλεῖ
554 3006 909 3079 αὐτοκράτορι
964 3004 1079 3060 ὅντι
1126 3003 1216 3058 καὶ
1257 3001 1450 3057 ἂνωθεν
1497 3000 1556 3057 ἐκ
1606 3002 1893 3079 προγόνων

241 3098 346 3165 τήν
399 3091 664 3150 εὐσέϐειαν
724 3089 1238 3150 ἐπικαταϐαίνουσαν
1298 3090 1507 3167 ἔχοντι,
1562 3092 1652 3146 καὶ
1706 3094 1891 3147 θεοσυ-

241 3184 365 3242 λίαν
420 3186 557 3240 εἶναι
617 3191 867 3262 προφανῆ
924 3182 991 3239 τὰ
1045 3183 1323 3256 γινόμενα,
1382 3179 1614 3259 σφοδρὸς
1672 3181 1738 3250 ἦν
1803 3178 1891 3234 καὶ

236 3275 656 3351 παροξυντικὸς,
733 3274 823 3329 καὶ
899 3270 1235 3344 ἐπέπληττεν
1340 3270 1413 3331 ὡς
1510 3269 1891 3341 ἀνοηταίνουσι

236 3363 538 3441 προδήλως
570 3362 661 3417 καὶ
703 3360 1098 3439 δυσπραγοῦσιν
1130 3360 1351 3438 ἄγνοιαν
1408 3364 1505 3415 τοῦ
1552 3360 1727 3415 καλοῦ
1772 3363 1890 3423 τοῖς

236 3455 380 3511 οὕτω
413 3456 703 3534 φάσκουσι·
745 3455 917 3508 πάντα
972 3452 1078 3529 γὰρ
1127 3449 1316 3521 ἐξεῖναι
1370 3454 1488 3512 τοῖς
1543 3448 1888 3521 βασιλεύουσι

231 3550 410 3600 ποιεῖν
481 3541 791 3613 διετείνετο,
848 3542 939 3596 καὶ
997 3544 1129 3596 Θεοῦ
1180 3539 1269 3594 καὶ
1328 3539 1558 3602 ἂνακτος
1613 3539 1747 3595 κατᾶ
1825 3539 1889 3593 τὸ

232 3631 426 3709 ἄρχειν
457 3638 568 3688 τῶν
604 3631 857 3708 ἐπιγείων
892 3631 967 3704 μή
1001 3630 1074 3691 ὡς
1104 3627 1298 3684 ἐπίπαν
1358 3630 1498 3684 εἶναι
1550 3630 1611 3683 τὸ
1666 3626 1889 3689 διεστὼς

231 3718 548 3797 ἃσύμϐατον
610 3720 700 3775 καὶ
752 3720 1045 3789 ἀντίθετον,
1094 3720 1168 3781 ὡς
1226 3722 1294 3793 τῇ
1376 3718 1671 3797 καταφάσει
1746 3718 1885 3773 ἀπό-

230 3836 413 3883 φασις.
449 3815 726 3868 Συνιστῶν
768 3809 825 3866 δὲ
868 3811 941 3872 ὡς
997 3808 1157 3879 δῆθεν
1202 3809 1431 3883 ἀμεμφῆ
1492 3809 1580 3864 καὶ
1630 3809 1886 3874 ἀνεύθυνα

225 3878 296 3959 τά
326 3904 615 3979 γινόμενα,
648 3904 892 3975 παρῆγεν
945 3898 1024 3962 εἷς
1079 3878 1427 3975 παράδειγμα
1474 3899 1564 3952 τὸν
1618 3897 1669 3953 ἐν
1726 3900 1882 3972 βασι-

220 3995 383 4050 λεῦσι
441 3995 787 4067 Χριστιανοῖς
844 3992 1147 4065 πρώτιστον
1203 3991 1294 4044 καὶ
1376 3990 1666 4064 κράτιστον
1728 3995 1879 4044 Κων-

222 4088 530 4151 σταντῖνον,
560 4081 651 4136 τὸν
689 4082 781 4155 μὲν
812 4085 920 4135 τῶν
969 4078 1127 4149 ἥλων
1186 4077 1257 4134 δι’
1313 4076 1386 4131 ὧν
1445 4080 1472 4134 ὁ
1523 4080 1723 4153 Κύριος
1781 4080 1879 4148 τῆς

222 4173 391 4244 δόξης
422 4176 504 4244 τῷ
535 4170 683 4243 ξύλῳ
724 4177 823 4238 τῆς
875 4167 1108 4244 κατάρας
1160 4168 1496 4244 προσήλωτο
1546 4169 1624 4240 τῷ
1679 4166 1882 4240 ἱππείῳ

217 4262 443 4339 χαλινῷ
498 4258 962 4325 πατταλεύσαντα,
1020 4259 1113 4313 τὸν
1203 4254 1261 4311 δὲ
1318 4262 1387 4331 τῇ
1434 4258 1625 4331 κόρυθι
1679 4254 1883 4330 ἐνερεί-

2008 3023 2112 3062 nec
2135 3005 2291 3060 aliud
2321 3023 2448 3062 esse
2480 3023 2650 3078 quam
2677 3005 3052 3078 sacrilegium
3082 3023 3335 3080 ;eosque
3368 3015 3428 3064 ut
3460 3008 3650 3064 mani-

2004 3096 2144 3151 feste
2174 3094 2387 3151 deliros
2419 3102 2473 3151 et
2495 3095 2814 3151 honestatis
2845 3096 3080 3168 ignaros
3107 3097 3425 3169 arguebat:
3476 3097 3650 3154 licere

2002 3183 2156 3241 enim
2190 3184 2637 3259 imperatoribus
2664 3186 2906 3254 omnia;
2939 3189 2996 3242 et
3024 3185 3178 3243 inter
3225 3188 3406 3243 Deum
3465 3195 3520 3244 et
3551 3203 3644 3242 re-

2001 3291 2153 3348 gem,
2192 3275 2344 3347 quod
2377 3275 2447 3330 ad
2507 3277 2873 3332 terrenarum
2908 3291 3099 3332 rerum
3162 3277 3646 3347 gubernationem

2002 3364 2288 3432 attinere],
2323 3381 2437 3421 non
2469 3381 2596 3421 eam
2624 3381 2750 3422 esse
2779 3365 3230 3439 repugnantiam
3273 3384 3399 3439 quae
3432 3369 3510 3425 sit
3556 3368 3617 3424 in
3638 3395 3662 3410 -

2001 3457 2091 3510 ter
2113 3455 2482 3526 negationem
2514 3458 2573 3511 et
2618 3454 3065 3512 alﬁrmationcm
3124 3457 3532 3513 contendebat.
3566 3462 3648 3528 Ae

1992 3528 2060 3600 ἰιι
2092 3543 2364 3615 probaret
2394 3544 2614 3600 scilicet
2642 3561 2705 3601 se
2748 3562 2814 3601 eo
2873 3544 3109 3602 nomine
3140 3562 3255 3601 non
3297 3562 3426 3602 esse
3458 3563 3650 3618 repre-

2000 3633 2375 3689 hendendum
2452 3634 2624 3705 primi
2681 3638 2738 3690 et
2796 3634 3013 3690 summi
3070 3634 3218 3689 inter
3285 3634 3650 3693 Christianos

1998 3722 2370 3795 imperatoris
2400 3723 2766 3778 Constantini
2815 3722 3145 3796 exemplum
3202 3723 3358 3780 584
3391 3723 3648 3782 adduce-

1998 3812 2224 3882 bat,qui
2256 3810 2502 3868 alterum
2527 3810 2780 3880 clavum,
2804 3812 3019 3884 quibus
3039 3812 3331 3884 gloriosus
3365 3814 3649 3870 Dominus

1995 3900 2334 3956 exsecrabili
2372 3900 2528 3955 cruci
2561 3899 2671 3955 fuit
2701 3902 3105 3970 alfixus,t'reno
3137 3902 3272 3973 equi
3305 3902 3621 3958 inseruerit

1995 3989 2243 4045 alterum
2274 3988 2450 4061 galea:
2479 3988 2750 4045 inﬁxerit.
2776 3990 2883 4044 Sed
2934 4006 3171 4046 causam
3231 3991 3302 4046 de
3354 3991 3644 4047 industria

1994 4077 2428 4144 dissimulabat,
2461 4094 2565 4133 cur
2613 4077 2953 4134 Christiana:
3015 4077 3314 4150 religionis
3373 4080 3646 4153 princeps

1993 4168 2282 4239 ejusmodi
2313 4167 2486 4224 rebus
2517 4184 2579 4223 se
2608 4168 2851 4234 ornarit,
2876 4174 2942 4223 ut
2998 4167 3267 4225 videlicet
3322 4169 3640 4242 gentilibus

1993 4256 2327 4313 ostenderet
2399 4256 2866 4329 praedicationem
2932 4256 3126 4313 crucis
3186 4272 3316 4315 esse
3380 4258 3637 4315 divinam

226 4332 418 4419 σαντα,
459 4350 562 4404 Τὸν
615 4346 671 4403 δὲ
730 4349 930 4403 σκοπὸν
984 4346 1119 4402 ἐκὼν
1178 4341 1575 4421 παρεϐλέπιτο,
1634 4343 1704 4401 δι’
1762 4343 1818 4400 ὅν
1855 4346 1882 4400 6

2003 4332 2337 4420 potentiam,
2388 4363 2566 4419 quam
2624 4346 2739 4419 ipsi
2807 4352 2870 4402 ut
2941 4348 3299 4403 dementiam
3364 4365 3637 4419 asperna-

227 4445 332 4507 τῆς
369 4437 603 4498 πίστεως
654 4433 903 4509 ἀρχηγὸς
968 4432 1094 4505 ἅναξ
1148 4439 1269 4496 ταῖς
1328 4433 1611 4497 τοιαύταις
1665 4429 1886 4488 ἐνεκαλ·

1997 4437 2238 4493 bantur.

238 4526 516 4594 λωπίζετο
540 4525 785 4599 πράξεσι,
816 4522 1036 4598 δύναμιν
1067 4522 1335 4600 θειοτέραν
1369 4523 1458 4579 τὸν
1490 4528 1587 4579 τοῦ
1630 4526 1860 4598 σταυροῦ
1918 4521 2087 4601 λόγον
2137 4521 2347 4589 δεικνὺς
2390 4528 2508 4587 τοῖς
2554 4522 2791 4597 Ἕλλησι
2840 4523 2929 4580 καὶ
2978 4525 3280 4599 τιθέμενος,
3330 4522 3382 4579 ο⁰ί
3434 4524 3640 4598 μωρίαν

232 4617 300 4672 τὸ
333 4617 590 4692 κήρυγμα
615 4614 838 4689 ἥγηντο.

296 4749 476 4811 Ἀλλᾶ
503 4750 594 4806 καὶ
657 4752 720 4805 τὸ
778 4748 1036 4826 ἀργύριον
1095 4746 1462 4819 κιδδηλεύσας
1508 4746 1773 4821 ἀδόκιμον
1824 4749 1887 4803 τὸ

216 4843 475 4916 νόμισμα
498 4839 715 4918 κέκοφε,
755 4837 844 4892 καὶ
900 4838 999 4906 τὴν
1057 4843 1166 4892 τῶν
1224 4837 1533 4912 χρημάτων
1604 4835 1885 4911 συλλογὴν

224 4932 336 4986 οὐκ
366 4925 704 5002 ἀνέγκλητον
739 4927 975 4983 ἐποιεῖτο
1016 4925 1347 4996 παντάπασι,
1397 4926 1492 4988 τάς
1549 4946 1608 4981 τε
1635 4931 1744 4981 τῶν
1791 4923 1889 4997 δη-

232 5018 453 5094 μοσίων
510 5015 688 5091 φόρων
742 5016 1043 5088 εἰσπράξεις
1099 5015 1356 5086 ἐπέτεινε,
1431 5014 1523 5070 καὶ
1606 5017 1726 5090 περὶ
1785 5016 1885 5083 τὴν

218 5126 442 5165 τουτων
472 5104 784 5182 ἀπόχρησιν
815 5106 1144 5175 ἠσωτεύετο.
1192 5106 1295 5162 Καὶ
1344 5105 1441 5166 τὰς
1491 5104 1666 5179 ἀρχὰς
1714 5101 1884 5178 πρού-

225 5195 441 5273 βαλλεν
500 5193 577 5255 εἰς
629 5192 887 5265 ἐξώνησιν
944 5194 1018 5256 ὡς
1075 5193 1172 5255 τὰς
1232 5193 1453 5269 ὀπώρας
1511 5194 1563 5246 οἱ
1615 5194 1885 5268 ἀγοραῖοι.

218 5286 437 5344 Ἐνίοτε
480 5280 541 5338 δὲ
580 5283 670 5337 καὶ
728 5282 852 5357 ἄτερ
916 5281 1215 5357 βαλαπίου
1271 5282 1361 5336 καὶ
1416 5283 1594 5355 πήρας
1653 5280 1887 5336 ἀποστο-

218 5375 398 5436 λικώς
432 5373 637 5434 εἰςτὰς
686 5370 954 5450 ἐπαρχίας
1014 5369 1310 5443 ἐξέπεμπεν
1365 5368 1457 5432 οὕς
1514 5368 1635 5444 ᾔδει
1698 5367 1888 5444 μερίδα

218 5472 302 5540 τῷ
359 5463 563 5535 δικαίῳ
622 5460 870 5523 διδόντας
931 5462 1023 5517 καὶ
1083 5460 1591 5537 ἀκαταγοητεύτους
1652 5460 1884 5537 χρυσίῳ,

223 5553 362 5630 μηδ’
399 5551 546 5607 οἷ’κοι
575 5545 939 5615 καταϐύοντας
968 5552 1141 5605 πάντα
1180 5551 1247 5605 τὰ
1295 5547 1694 5624 συλλεγόμενα,
1741 5548 1888 5606 ana

215 5645 315 5700 καὶ
350 5644 436 5709 τῷ
462 5636 714 5712 δημοσίῳ
765 5641 979 5713 ταμείῳ
1028 5637 1481 5713 κατατιθεμένους
1528 5640 1590 5693 τὸ
1640 5638 1888 5718 ἐφάρμο-

220 5749 357 5787 στον
392 5722 646 5808 ὄςρλημα.
677 5729 845 5790 Ναοῖς
895 5726 953 5783 δὶ
999 5725 1088 5783 καί
1138 5723 1384 5802 τεμένεσι
1430 5728 1522 5783 καὶ
1568 5726 1884 5801 εὐκτηρίοις

2068 4757 2415 4825 Argenteam
2440 4756 2736 4809 monetam
2750 4752 3313 4824 adulteravit,neque
3332 4749 3642 4822 pecuniam

1998 4840 2167 4913 plane
2223 4841 2367 4896 citra
2408 4840 2918 4912 reprehensionem
2976 4840 3231 4912 collegit.
3267 4840 3641 4896 Publieorum

1995 4928 2371 5001 vectigalium
2406 4931 2736 4985 exactiones
2766 4929 2946 4997 auxit,
2968 4929 3184 5001 quibus
3217 4929 3287 4984 ad
3321 4929 3523 4984 luxum
3554 4933 3645 4985 est

1997 5019 2239 5074 abusus.
2274 5018 2739 5090 Magistratus,ut
2768 5018 3216 5075 circumforanei
3249 5034 3441 5090 poma,
3471 5033 3641 5074 vena-

1995 5106 2081 5162 les
2114 5108 2355 5177 habuit;
2388 5123 2605 5179 eosque
2636 5123 3081 5179 nonnumquam
3132 5108 3452 5180 apostolico
3484 5123 3641 5163 more

1997 5196 2125 5253 sine
2184 5213 2352 5252 sacco
2384 5201 2441 5251 et
2497 5212 2775 5252 crumena
2806 5197 2863 5252 in
2926 5197 3255 5269 provincias
3314 5197 3639 5270 ablegabat,

1997 5301 2143 5357 quos
2174 5286 2462 5358 aequitatis
2483 5286 2770 5343 rationem
2797 5287 3055 5359 aliquam
3084 5286 3319 5355 habere,
3348 5302 3455 5342 nec
3500 5302 3641 5343 auro

1996 5374 2205 5444 decipi,
2238 5391 2343 5431 nec
2374 5374 2653 5446 quicquid
2686 5376 3058 5447 collegissent
3112 5375 3269 5432 domi
3300 5374 3644 5431 abstrudere

1995 5469 2184 5531 norat,
2218 5467 2319 5522 sed
2350 5465 2510 5536 quod
2540 5465 2682 5523 fisco
2704 5468 3011 5523 deberetur
3037 5467 3193 5523 bona
3221 5465 3336 5522 tide
3370 5466 3641 5536 pendere.

1995 5555 2215 5610 Tamen
2248 5554 2592 5611 liberalitate
2623 5556 2685 5612 in
2716 5556 2933 5629 templa
2981 5560 3039 5613 et
3096 5554 3449 5613 monasteria
3478 5570 3648 5624 supe-

1996 5641 2176 5699 riores
2212 5644 2589 5715 imperatores
2620 5662 2826 5702 omnes
2857 5643 3172 5716 superavit.
3204 5644 3351 5699 Nam
3381 5647 3643 5713 tempore

1995 5731 2231 5790 ruinosa
2263 5734 2544 5805 suifulsit,
2578 5738 2868 5793 vetustate
2900 5733 3221 5790 deformata
3265 5727 3640 5787 incrustatio-
