4098 6292
451 442 570 502 815

1774 429 2086 492 ΝΙΕΕΤΛΕ
2127 430 2546 492 ΟΗΟΝΙΑΤΑΞ

3751 428 3868 490 816

451 573 628 630 nibus
659 574 716 627 et
747 567 988 642 picturis
1017 565 1353 623 illustravit.
1391 565 1492 621 Dei
1549 563 1902 621 Genitricem
1935 565 2096 619 tanta

2213 560 2388 623 οἳκοις
2419 561 2507 616 καὶ
2539 563 2716 635 ⁴ἱεροῖς
2762 557 3232 638 φροντιστηρῖοις,
3285 561 3358 620 ὡς
3412 559 3474 614 οὕ
3521 579 3604 620 τις
3661 559 3860 633 πρότε-

449 661 820 718 veneratione
849 657 1027 715 coluit
1057 656 1208 714 585
1242 661 1308 712 ut
1337 655 1406 712 ad
1441 655 1570 726 eius
1593 653 1875 724 imagines
1905 651 2100 708 animo

448 768 596 824 pene
627 751 1023 822 linqueretur;
1059 747 1304 818 ideoque
1339 745 1618 817 plurimas
1677 759 1818 800 auro
1849 746 1906 798 et
1941 757 2102 814 gem-

447 841 561 896 mis
589 849 824 896 ornatas
854 837 912 893 in
946 837 1017 892 iis
1057 836 1209 892 fanis
1242 833 1527 891 adorandi
1557 850 1734 890 causa
1791 831 2098 897 dedicavit,

449 929 549 985 ubi
580 926 1098 1000 frequentissimus
1127 929 1256 981 erat
1320 924 1550 996 piorum
1608 922 1915 979 hominum
1957 936 2101 977 con-

449 1033 680 1074 cursus.
711 1015 962 1072 Domum
1009 1013 1218 1070 Isaacii
1271 1010 1748 1069 sebastocratoris
1804 1009 1864 1066 in
1919 1009 2103 1065 ardua

451 1111 614 1180 parte
644 1104 922 1178 Sophiani
957 1109 1162 1177 portus
1192 1103 1366 1160 sitam
1391 1103 1450 1158 in
1483 1101 1890 1174 pandocheum
1915 1104 2103 1156 trans-

449 1195 742 1263 formavit,
778 1195 876 1251 ubi
909 1197 1146 1250 centum
1206 1192 1317 1248 viri
1360 1191 1558 1249 cibum
1599 1205 1827 1264 capere,
1858 1188 2101 1246 totidem

451 1286 622 1342 lectis
653 1285 887 1352 cubare,
919 1291 975 1340 et
1004 1282 1252 1339 totidem
1309 1281 1442 1354 equi
1505 1279 1784 1338 stabulari
1843 1281 2100 1350 possent.

455 1376 528 1431 Et
558 1375 661 1447 qui
684 1391 751 1431 eo
779 1372 1112 1439 veniebant,
1147 1370 1276 1427 sine
1306 1369 1555 1443 pecunia
1597 1368 1812 1425 diebus
1843 1365 2108 1440 complu-

451 1463 616 1520 ribus
651 1464 1064 1535 pascebantur.
1098 1460 1310 1533 Hegias
1345 1460 1496 1516 edes
1537 1475 1685 1532 quas
1733 1455 2104 1514 Andronicus

455 1554 527 1609 ad
586 1553 768 1608 (edem
822 1555 1167 1609 Sanctorum
1225 1550 1617 1622 Quadraginta
1675 1549 1986 1614 struxerat,
2044 1544 2104 1600 in

457 1641 860 1698 nosocomium
918 1639 1180 1696 mutavit.
1242 1639 1512 1695 Redemit
1567 1641 1623 1694 et
1676 1637 1914 1692 domum
1977 1649 2104 1706 quas

455 1731 654 1804 magni
685 1729 987 1802 drungarii
1010 1728 1226 1785 dicitur
1255 1743 1635 1800 apossessore
1659 1745 1672 1796 ;
1706 1729 1763 1782 et
1785 1725 1846 1780 in
1877 1739 2105 1796 eaque-

455 1838 568 1894 que
599 1820 750 1876 male
784 1819 1060 1875 habentes
1091 1817 1496 1874 rel'ocillendos
1555 1815 1799 1882 curavit,
1852 1811 2014 1870 nulla
2045 1827 2106 1867 re

2210 669 2328 723 ρον,
2388 650 2452 706 τὸ
2511 648 2810 729 φιλότιμον
2871 649 3184 723 ἐπεξέτεινε·
3243 649 3370 712 τοὺς
3426 648 3528 725 γὰρ
3595 647 3863 720 καμόντας

2212 738 2400 816 χρόνῳ
2435 739 2718 811 ὑπήρεισε,
2741 739 2831 795 καὶ
2865 741 3013 802 ’ὀσοις
3042 741 3105 795 τὸ
3135 737 3476 816 ἀγλαοφανὲς
3535 738 3859 810 ἡμαύρωτο,

2215 829 2430 892 τούτοις
2463 835 2578 892 τοῖς
2639 831 2698 885 ἐκ
2744 829 3000 909 ψηφίδων
3049 834 3140 884 καί
3188 828 3504 906 χρωμάτων
3563 829 3866 903 ὡρα·ίσμοῖς

2208 917 2609 994 κατεκόσμησε.
2664 923 2806 998 Πρὸς
2849 919 2906 976 δέ
2956 943 3017 997 γε
3066 923 3166 990 τήν
3218 923 3540 996 Θεομήτορα
3596 921 3862 989 τοσαύτην

2207 1004 2397 1088 ἔτρεφε
2429 1013 2611 1067 πίστιν
2661 1011 2736 1074 ὡς
2784 1009 2876 1066 καὶ
2922 1011 3022 1080 τὴν
3079 1012 3167 1082 [Ρ.
3217 1011 3344 1083 285]
3400 1010 3587 1084 ψυχὴν
3643 1007 3866 1082 ἐκκεχὺ-

2211 1111 2332 1165 σθαι
2377 1106 2497 1165 ταῖς
2563 1100 2763 1156 εἰκόσιν
2824 1098 3013 1166 αὐτῆς.
3073 1099 3178 1157 Καὶ
3237 1096 3329 1154 διὰ
3381 1103 3546 1154 τοῦτο
3611 1096 3866 1162 πλείστας

2212 1190 2426 1265 χρυσίῳ
2483 1189 2827 1266 περιστείλας
2893 1189 2983 1244 καὶ
3052 1187 3234 1254 λίθοις
3301 1185 3601 1268 τιμαλφέσι
3657 1208 3866 1264 περιαν-

2211 1280 2364 1344 θίσας
2405 1279 2632 1350 ἀνέθηκε
2687 1285 2838 1342 ναοῖς
2895 1279 2972 1343 εἷς
3021 1278 3411 1355 προσκΰνησιν,
3467 1280 3586 1333 καθ’
3644 1280 3740 1343 οὓς
3781 1277 3866 1354 γί-

2209 1391 2390 1426 νονται
2422 1368 2699 1432 πολλάκις
2729 1373 2838 1425 τῶν
2895 1364 3131 1424 εὐσεϐῶν
3179 1365 3499 1444 συνδρομαί.
3553 1365 3732 1426 Ἀλλᾶ
3775 1369 3862 1424 καὶ

2211 1461 2312 1528 τήν
2361 1457 2451 1514 ἐπὶ
2498 1459 2562 1515 τὸ
2627 1459 2883 1522 κάταντες
2953 1457 3008 1514 ἐν
3077 1463 3156 1532 τῷ
3228 1457 3411 1532 λιμένι
3475 1463 3583 1513 τῶν
3650 1461 3867 1535 Σοφιῶν

2215 1549 2392 1604 ἑστίαν
2461 1548 2730 1606 Ἰσαακίου
2806 1551 2902 1603 τοῦ
2960 1543 3461 1623 σεϐαστοκράτορος
3527 1545 3606 1610 εἷς
3665 1543 3867 1602 πανδο-

2213 1643 2368 1714 χεῖον
2429 1639 2850 1712 μετασκευασας,
2911 1634 3115 1712 ἀνδρῶν
3180 1637 3279 1710 μὲν
3336 1635 3524 1692 ἑκατὸν
3603 1636 3868 1709 παρέθηκε

2211 1727 2476 1803 τράπεζαν
2553 1728 2642 1783 καὶ
2719 1726 2908 1790 κλίνας
2982 1727 3330 1804 ἱσομέτρους,
3421 1726 3866 1800 τοσαυταρίθμων

2215 1815 2272 1872 δὲ
2337 1817 2653 1892 ὑποζυγίων
2717 1817 2970 1878 ἱππῶνας
3038 1816 3314 1888 ἀνέστησε·
3412 1815 3504 1870 καὶ
3589 1815 3864 1871 εἱστιῶντο

456 1915 668 1983 negata
697 1925 828 1980 quas
857 1909 1222 1965 sanationem
1255 1906 1678 1977 eorumjuvare
1709 1906 1923 1976 posset.
1957 1905 2102 1958 Cum

2214 1908 2331 1962 καθ’
2396 1904 2624 1976 ἑκάστην
2695 1907 2746 1960 οἱ
2814 1901 3266 1980 παραϐάλλοντες
3334 1904 3458 1972 ἄτερ
3535 1903 3868 1968 καταθέσεως

457 1999 623 2056 urbis
654 2015 784 2070 pars
814 1994 1288 2069 septentrionalis
1311 1993 1742 2066 conﬂagrasset,
1766 2009 1868 2048 eos
1900 1991 1998 2064 qui
2017 1989 2105 2047 vel

458 2089 671 2144 aedium
704 2086 787 2142 vel
807 2086 1091 2142 bonorum
1107 2087 1396 2156 jacturam
1423 2085 1672 2140 fecerant
1695 2080 2112 2138 distributione

465 2175 724 2248 pecunia:
755 2175 1096 2231 sublevavit.
1135 2173 1383 2245 Imperio
1416 2173 1657 2244 potitus,
1689 2171 1951 2243 quinque
1983 2169 2112 2226 auri

466 2265 825 2322 eentenarios
883 2263 1106 2320 civibus
1160 2262 1374 2318 divisit.
1443 2261 1654 2332 Magna
1729 2259 2108 2325 hebdomade,

463 2371 590 2427 qua:
619 2352 885 2426 supplicii
908 2352 1060 2424 quod
1093 2353 1242 2408 Deus
1281 2356 1340 2407 et
1369 2350 1543 2408 homo
1575 2365 1678 2422 pro
1734 2348 1902 2406 nobis
1934 2347 2111 2404 subiit

465 2443 749 2501 memoria
781 2441 1008 2508 colitur,
1039 2442 1244 2498 viduas
1285 2439 1690 2512 eleemosynis,
1722 2435 2109 2512 pauperculus

459 2534 714 2604 virgines
743 2534 875 2588 dote
901 2531 1057 2589 580
1115 2539 1167 2586 et
1198 2535 1435 2603 sumptu
1477 2529 1814 2600 nuptiarum
1838 2527 2104 2600 juvabat.

458 2623 657 2694 Neque
691 2615 820 2678 vero
851 2619 1108 2691 singulos
1135 2621 1420 2676 duntaxat
1440 2618 1728 2687 homines,
1757 2618 1984 2683 domos,
2018 2617 2104 2672 fa-

458 2711 648 2768 milias
699 2709 1108 2766 munificentia
1152 2726 1256 2765 sua
1305 2710 1623 2776 recreabat,
1664 2707 1763 2763 sed
1809 2706 2106 2762 interdum

457 2801 703 2856 urbibus
770 2799 1013 2871 integris
1063 2798 1347 2854 tributum
1401 2795 1746 2854 remittebat.
1786 2795 1858 2850 Ut
1907 2794 2108 2867 paucis

461 2890 838 2963 complectar,
873 2889 953 2944 ita
981 2905 1306 2961 propensus
1350 2895 1468 2944 erat
1523 2887 1593 2942 ad
1628 2884 2104 2954 misericordiam,

458 2979 924 3044 beneficentiam,
949 2983 1008 3032 et
1035 2977 1275 3048 inopum
1325 2973 1805 3042 sublevationem,
1838 2976 1904 3029 ut
1931 2973 2104 3044 quic-

462 3067 606 3140 quid
644 3067 1032 3137 undecunque
1064 3081 1167 3136 per
1205 3063 1320 3120 vim
1351 3070 1405 3119 et
1433 3062 1710 3134 injuriam
1744 3069 1971 3134 partum
2006 3078 2102 3118 ac-

463 3159 716 3228 ceperat,
749 3155 807 3210 id
839 3171 1047 3210 rursus
1081 3157 1326 3226 utraque
1354 3168 1530 3208 manu
1563 3151 2104 3224 ell‘underet.anue

463 3247 534 3301 de
567 3261 744 3299 causa
766 3242 878 3299 etsi
916 3241 1160 3314 pecunia
1189 3259 1224 3297 a
1278 3241 1628 3314 pauperibus
1665 3240 2014 3310 exigebatur,
2042 3239 2102 3297 in

463 3349 530 3390 eo
571 3346 762 3388 errore
795 3330 1128 3386 versabatur
1157 3334 1220 3385 ut
1248 3345 1311 3385 se
1348 3345 1464 3385 non
1497 3345 1737 3401 peccare
1767 3343 2110 3401 persuasum

459 3421 717 3490 haberet,
751 3420 902 3492 quod
936 3418 1046 3475 hoc
1077 3419 1248 3474 modo
1269 3417 1477 3474 iisdem
1508 3419 1932 3474 restitueretur.
1965 3417 2114 3476 Nam

460 3511 736 3568 immensi
769 3513 1046 3582 sumptus
1085 3507 1420 3565 efﬁciebant
1448 3514 1512 3564 ut
1541 3508 1600 3563 in
1636 3507 1956 3580 provincias
1986 3507 2117 3564 mit-

459 3610 602 3660 teret
631 3602 900 3659 homines
931 3605 1258 3674 corruptos,
1298 3601 1400 3673 qui
1453 3599 1854 3684 magistratus.
1889 3601 2112 3658 auctio-

458 3697 758 3750 narentur.
795 3694 932 3758 Quae
963 3706 1139 3748 causa
1193 3695 1320 3747 erat
1368 3696 1429 3746 ut
1487 3707 1578 3747 res
1609 3691 1840 3764 publica
1870 3707 2108 3763 pessum

457 3781 734 3838 ireI.Nam
761 3779 1008 3852 pecunia
1033 3797 1136 3852 per
1157 3779 1274 3836 vim
1295 3784 1352 3836 et
1379 3778 1644 3836 fraudem
1677 3779 2107 3852 qumsitaetiam

457 3871 604 3928 bene
636 3877 863 3943 partam
895 3886 1016 3926 una
1047 3869 1374 3941 corrumpit
1403 3875 1462 3924 et
1517 3868 1796 3926 absumit.
1829 3869 2108 3934 Quamvis

459 3965 657 4017 autem
690 3976 908 4032 pronus
939 3959 998 4014 in
1020 3957 1168 4014 iram
1195 3961 1370 4027 esset,
1393 3961 1590 4014 tamen
1625 3975 1727 4014 nec
1789 3975 1822 4013 a
1851 3957 2105 4014 clemen-

457 4049 540 4106 tia
569 4054 692 4104 erat
717 4049 966 4118 alienus,
1003 4052 1060 4104 et
1091 4048 1368 4104 saevitiam
1403 4047 1652 4103 subinde
1675 4047 2102 4114 moderabatur,

461 4143 518 4194 et
573 4135 970 4208 placabilitate
1021 4135 1330 4192 hominum
1391 4151 1683 4191 aerumnas
1740 4133 2099 4191 sublevabat.

460 4227 617 4293 Quae,
642 4223 870 4296 aliaque
899 4243 934 4280 a
972 4225 1140 4282 nobis
1171 4224 1320 4282 587
1385 4223 1756 4296 pretermissa
1786 4240 1919 4280 cum
1958 4225 2104 4282 face-

458 4318 567 4384 ret,
601 4329 663 4370 se
694 4315 900 4386 palmae
931 4313 1120 4369 instar
1147 4313 1221 4368 ad
1253 4311 1471 4368 ﬂumen
1507 4311 1630 4368 sitae
1653 4312 1874 4380 ﬂorere,
1906 4317 1964 4370 et
1993 4315 2101 4370 im-

455 4403 614 4477 perio
664 4402 913 4460 solidius
986 4402 1230 4458 inﬁxum
1285 4417 1416 4457 esse
1493 4417 1670 4473 quam
1727 4399 1906 4458 solem
1957 4403 2099 4460 coelo

451 4493 866 4563 arbitrabatur,
897 4496 956 4548 et
977 4496 1040 4549 ut
1071 4491 1251 4548 altam
1285 4492 1522 4547 cedr'um
1567 4489 1774 4547 Libani
1806 4491 1866 4547 in
1892 4491 2098 4565 longas

450 4588 646 4641 aetates
703 4583 1078 4639 duraturum.
1113 4580 1272 4636 Idem
1333 4583 1391 4634 et
1419 4579 1570 4635 alius
1619 4579 1964 4650 iudicasset,
1994 4581 2095 4653 qui

2219 1995 2476 2072 ἀργυρίου
2555 1995 2636 2072 ἐφ’
2711 1995 2945 2070 ἡμέραις
3019 1993 3259 2050 πλείοσι.
3339 1989 3624 2052 Μετέϐαλε
3699 1991 3756 2049 δὲ
3794 1993 3866 2054 είς

2219 2089 2574 2157 νοσοκομεῖον
2633 2084 2725 2139 καὶ
2784 2083 2912 2145 τοὺς
2974 2083 3298 2160 βασιλικοὺς
3349 2081 3559 2157 δόμους
3605 2082 3700 2146 οὕς
3740 2082 3869 2138 κατὰ.

2217 2174 2309 2230 τὸν
2341 2175 2472 2228 νεὼν
2534 2178 2642 2228 τῶν
2695 2175 3114 2245 Τεσσαράκοντα
3175 2175 3463 2248 μαρτύρων
3523 2174 3551 2228 ὁ
3616 2171 3868 2249 βασιλεὺς

2221 2260 2567 2338 Ἀνδρόνικος
2622 2261 2962 2338 ὲδομήσατο.
3020 2266 3140 2321 Ἔτι
3199 2283 3261 2339 γε
3319 2265 3429 2336 μὴν
3485 2263 3580 2317 τὸν
3629 2267 3731 2316 τοῦ
3785 2283 3872 2335 με·

2216 2351 2390 2428 γάλου
2449 2350 2816 2430 δρουγγαρίου
2865 2352 3282 2426 ὀνομαζόμενον
3344 2351 3490 2406 οἶκον
3536 2351 3598 2406 ἐκ
3644 2355 3744 2406 τοῦ
3799 2349 3875 2406 δε·

2221 2440 2516 2510 σπόζοντος
2547 2441 2924 2515 ὠνησάμενος,
2977 2441 3189 2514 ὁμοίως
3245 2441 3336 2496 καὶ
3391 2445 3583 2496 τοῦτον
3628 2440 3706 2502 εἷς
3753 2441 3874 2496 ἀνά-

2217 2552 2408 2605 παυμα
2453 2535 2558 2586 τῶν
2610 2531 3030 2606 καχεκτούντων
3093 2530 3366 2602 ἀπέταξεν,
3418 2527 3638 2590 οὐδενὸς
3687 2531 3868 2600 φεισά-

2221 2640 2378 2695 μενος
2429 2619 2603 2675 ὁπόσα
2659 2619 2794 2694 πρὸς
2848 2620 3012 2694 ῥῶσιν
3073 2621 3244 2695 ὁρῶσι
3298 2625 3405 2674 τῶν
3475 2617 3858 2676 ἀσθενούντων.

2219 2711 2320 2768 Καὶ
2349 2710 2518 2783 πυρὸς
2555 2711 2620 2766 τὸ
2676 2712 3038 2787 προσάρκτιον
3089 2709 3264 2784 κλίμα
3308 2716 3410 2780 τῆς
3467 2708 3684 2769 πόλεως
3729 2709 3860 2786 ἀφα-

2215 2798 2481 2868 νίσαντος,
2543 2796 2814 2854 διαδόσεσι
2863 2801 3169 2879 χρημάτων
3225 2801 3353 2862 τοὺς
3411 2798 3465 2860 ἐς
3525 2795 3720 2870 δόμους
3765 2797 3849 2850 καὶ

2213 2888 2281 2944 τὰ
2309 2884 2449 2961 ,ὄντα
2509 2889 2884 2962 ζημιωθέντας
2953 2887 3308 2965 παρεκάλεσε.
3378 2887 3476 2942 Καὶ
3549 2885 3856 2963 βασιλεὺσας

2212 2979 2328 3038 τοῖς
2395 2972 2654 3037 πολίταις
2719 2972 2959 3048 διένειμε
3024 2975 3254 3050 χρυσίου
3319 2977 3638 3048 κεντηνάρια
3691 2973 3864 3033 πέντε.

2213 3064 2430 3121 x‘~
2635 3062 2677 3120 ’>
2829 3060 3069 3120 t6‘“
3205 3065 3264 3120 ιν
3443 3067 3464 3098 ι

2269 3085 2322 3120 αι
2363 3087 2464 3135 της
2517 3087 2760 3140 μεγαεης
2897 3085 3136 3139 οομαοος
3233 3086 3570 3144 φισταμινης
3632 3077 3734 3129 καθ
3807 3086 3870 3134 ην

2217 3154 2284 3209 τὰ
2321 3153 2454 3230 ὑπὲρ
2515 3156 2678 3226 ἡμῶν
2736 3157 2834 3208 τοῦ
2893 3155 3254 3230 Θεανθρώπου
3317 3155 3466 3226 πάθη
3536 3149 3873 3224 σεϐάζονται,

2224 3241 2439 3305 πολλάς
2476 3263 2535 3298 τε
2576 3237 3002 3317 ἀποϐαλομένας
3057 3243 3268 3316 θανάτῳ
3317 3241 3446 3306 τοὺς
3499 3241 3717 3306 εὖνέτας
3765 3243 3875 3297 ἆνε-

2223 3336 2386 3388 κτᾶτο
2417 3339 2517 3402 τῆς
2550 3332 2782 3412 χηρείας
2833 3331 2902 3388 δι’
2955 3331 3201 3402 εὖποιας,
3257 3331 3347 3388 καὶ
3406 3334 3696 3408 παρθένοις
3751 3330 3875 3408 ἐχο-

2224 3427 2378 3502 ρήγει
2454 3424 2519 3480 τὰ
2593 3426 2730 3500 πρὸς
2799 3425 3082 3502 γαμήλιον
3139 3423 3282 3499 δόμα
3337 3425 3426 3480 καὶ
3481 3422 3735 3482 παστάδα
3789 3425 3876 3480 καὶ

2226 3513 2480 3587 ὑμέναιον
2509 3512 2813 3587 ἐπιτήδεια.
2849 3513 2926 3572 Οὐ
2969 3516 3136 3588 μόοον
3191 3511 3246 3570 δὲ
3302 3515 3420 3570 καθ’
3462 3511 3556 3570 ἕνα
3617 3515 3712 3570 καὶ
3760 3515 3876 3570 κατ’

2221 3603 2407 3667 οἷ’κους
2439 3603 2528 3660 καὶ
2588 3604 2900 3681 συγγενείας
2953 3603 3262 3679 ἐνεπίμπλα
3313 3600 3680 3684 φιλοδωρίας,
3735 3603 3874 3660 ἀλλὰ

2216 3693 2307 3748 καὶ
2338 3692 2528 3756 πόλεις
2561 3690 2702 3748 ἔστιν
2733 3694 2824 3749 ὅτε
2854 3691 2989 3758 ὅλας
3017 3693 3300 3771 εὐηργέτει
3349 3699 3470 3757 ταῖς
3527 3699 3640 3751 τῶν
3693 3693 3872 3769 φόρων

2216 3781 2474 3836 ἀνέσεσιν.
2507 3787 2592 3844 Ὡς
2623 3778 2666 3836 δ’
2701 3780 2829 3843 ἔπος
2871 3781 3064 3856 εἰπεῖν,
3125 3781 3300 3845 οὕτως
3357 3779 3547 3859 ἔχαιρε
3597 3787 3679 3856 τῷ
3733 3781 3870 3856 ἐλέῳ

2213 3872 2304 3926 καὶ
2362 3872 2497 3947 πρὸς
2550 3873 2650 3942 τήν
2711 3875 2818 3926 τῶν
2880 3872 3246 3948 ἀγειρομένων
3303 3873 3606 3944 ἀπόκτησιν
3659 3868 3868 3946 ἔῤῥωτο

2212 3961 2286 4022 ὡς
2317 3959 2607 4015 ἀπαντλεῖν
2635 3960 2968 4038 ἀμφοτέραις
3013 3961 3082 4016 τὰ
3134 3961 3500 4038 ἐπεισρέοντα³
3552 3963 3671 4016 ὅθεν
3717 3960 3870 4033 αὖτῷ

2213 4047 2464 4105 ὑπεισέδυ
2513 4051 2602 4105 καὶ
2657 4049 2913 4114 ὑπούλως
2963 4053 3366 4132 παρεισεφθάρη
3413 4052 3476 4107 τὸ
3526 4051 3598 4125 μή
3648 4050 3709 4105 ἐκ
3757 4051 3870 4104 πό-

2211 4161 2318 4214 ρων
2371 4138 2456 4194 ἀεί
2513 4161 2645 4195 ποτε
2703 4138 2926 4195 δικαίων
2983 4140 3050 4196 τὰ
3106 4143 3370 4216 χρήματα
3425 4138 3876 4216 συγκομίζεσθαι.

2209 4232 2320 4292 Τὰς
2351 4231 2454 4306 γὰρ
2499 4235 2605 4286 τῶν
2656 4227 2907 4287 δαπανῶν
2968 4232 3304 4308 ὑπερόγκους
3360 4237 3431 4308 τῇ
3491 4230 3728 4302 ἀσωτείᾳ
3783 4229 3875 4308 €1-

2205 4319 2459 4394 γιζοόσας
2521 4322 2572 4376 οἱ
2630 4319 2882 4377 πλεῖστοι
2949 4323 3025 4395 μή
3102 4322 3473 4400 ὑφορώμενοι,
3539 4321 3870 4398 εἰσπράξεων

2211 4408 2489 4484 ἐφευρεταῖ
2521 4414 2718 4464 καινῶν
2788 4411 3172 4483 καθιστάμενοι
3231 4411 3309 4474 ὡς
3365 4411 3619 4488 γεωργίῳ
3677 4410 3868 4484 ἡμέρῳ

2213 4495 2437 4570 μελίνην
2472 4499 2506 4569 ἢ
2539 4496 2684 4575 ῥόδῳ
2714 4499 2993 4574 ἀνεμώνην
3022 4500 3087 4554 τὰ
3149 4501 3226 4574 μὴ
3283 4498 3470 4563 καλῶς
3525 4497 3656 4574 μηδ’
3706 4499 3862 4560 ὁσίως

2203 4586 2575 4664 συλλεγόμενα
2650 4590 2988 4667 συμφόρουσι
3066 4591 3332 4668 χρήματα
3403 4596 3524 4653 τοῖς
3631 4587 3854 4649 δικαίοις

447 4675 728 4748 Optimam
759 4677 982 4745 partem
1029 4669 1303 4742 elegisset
1333 4677 1386 4725 et
1417 4667 1736 4740 dilexisset,
1769 4685 1873 4726 nec
1924 4687 2095 4727 mun-

2212 4675 2556 4750 πορίσμασιν.
2610 4680 2924 4753 Κατάφορος
2979 4676 3024 4732 δ’
3083 4676 3158 4733 ὥν
3213 4678 3291 4740 εἷς
3352 4681 3526 4752 θυμὸν
3589 4677 3842 4734 οὐδὲτοῦ

447 4765 599 4820 dana
631 4765 914 4819 duntaxat
943 4763 1230 4826 curasset,
1271 4759 1374 4815 scd
1421 4761 1479 4814 et
1529 4757 1787 4814 futurum
1820 4759 2100 4816 saeculum

449 4852 708 4923 quotidie
741 4867 856 4922 prae
897 4850 1084 4906 oculis
1125 4847 1450 4904 habuisset.
1476 4847 1620 4902 Nam
1655 4847 1872 4903 bonum
1895 4852 1953 4904 et
1982 4865 2101 4906 ma-

450 4940 572 4992 lum
600 4937 661 4993 in
707 4937 1170 5008 uniuscujusque
1217 4939 1507 5008 potestate
1565 4940 1622 4990 et
1657 4934 1881 5007 judicio
1919 4937 2094 4994 situm

449 5029 562 5091 est,
593 5029 659 5079 ut
687 5023 749 5079 id
797 5023 1014 5095 deligat
1079 5029 1138 5080 et
1183 5030 1314 5096 agat
1346 5023 1500 5096 quod
1551 5027 1664 5080 Deo
1723 5032 1952 5095 gratum
1984 5029 2094 5085 est.

449 5113 611 5180 Quod
643 5111 739 5182 qui
767 5113 924 5178 facit,
957 5113 1016 5167 in
1049 5113 1264 5168 multos
1289 5129 1474 5169 annos
1522 5111 1782 5181 durabit,
1817 5115 2093 5184 quemad-

445 5201 687 5258 modum
750 5208 950 5256 contra
999 5201 1399 5273 improborum
1457 5201 1630 5258 vitam
1685 5201 1914 5260 brevem
1973 5204 2093 5262 lore

442 5290 711 5358 dicimus,
773 5289 1066 5361 prephetm
1111 5290 1514 5346 auctoritatem
1543 5291 1750 5360 secuti,
1777 5293 1876 5364 qui
1934 5293 2091 5350 viros

439 5378 850 5451 sanguinarios
864 5377 1166 5434 etdolosos
1181 5377 1252 5434 ad
1271 5377 1581 5434 dimidium
1608 5379 1836 5436 dierum
1851 5398 2086 5439 suorum

438 5477 814 5542 perventuros
845 5483 972 5523 esse
1003 5475 1193 5540 negat.
1226 5467 1376 5522 Deus
1407 5483 1536 5524 vero
1577 5484 1694 5524 non
1751 5471 1831 5526 ita
1860 5473 2085 5529 statuit.

434 5557 575 5626 Quis
599 5573 733 5614 vero
766 5555 926 5613 novit
951 5566 1204 5613 mentem
1227 5555 1579 5622 Domini,aut
1610 5556 1682 5613 ab
1705 5574 1771 5616 eo
1803 5559 1863 5616 in
1895 5561 2085 5619 consi-

428 5651 576 5707 lium
596 5653 684 5704 est
719 5645 1020 5704 adhibitus
1053 5649 1077 5702 Ρ

2213 4766 2529 4837 συμπαθοῦς
2559 4763 2731 4835 ἤθους
2760 4765 3064 4840 ἀπῴκιστο,
3098 4765 3226 4824 ἀλλ’
3273 4765 3433 4830 αὐτὸς
3488 4769 3670 4823 ἑαυτὸν
3712 4763 3834 4836 πρὸς

2213 4851 2494 4926 εὐμένειαν
2546 4852 2820 4930 ἐπανάγων
2877 4852 3182 4929 σύνδρομον
3239 4855 3513 4919 πολλάκις
3576 4851 3849 4921 ἐπεποίητο

2208 4944 2278 5014 τῇ
2310 4941 2447 5018 ὀργῇ
2495 4941 2594 5011 τήν
2641 4941 3000 5016 συμπάθειαν,
3058 4943 3151 4999 καὶ
3203 4949 3326 5007 ταῖς
3388 4951 3703 5024 συμφοραῖς
3752 4946 3856 4997 τῶν

2210 5029 2508 5104 ἀνθρώπων
2568 5029 2947 5106 ἐπικλώμενος
2999 5034 3067 5088 τὰ
3124 5033 3261 5108 πρὸς
3319 5034 3600 5113 ὑφαίρεσιν
3658 5035 3864 5103 ἑκάστῳ

2205 5115 2491 5193 ἕπεμέτρει
2554 5124 2663 5174 τῶν
2742 5119 3025 5197 ἀλγεινῶν.
3085 5125 3268 5179 Ταῦτα
3325 5119 3384 5176 δὲ
3438 5124 3722 5197 πράττωνι
3777 5121 3864 5178 καὶ

2203 5207 2330 5263 ἄλλ’
2359 5208 2534 5264 ὁπόσα
2603 5210 2666 5265 τὸ
2725 5207 2900 5284 λέγειν
2951 5207 3316 5288 παρεδραμεν,
3359 5211 3567 5284 ᾤετοτῆ
3618 5211 3874 5288 βασιλείᾳ

2204 5295 2588 5378 ἐνεστηρίχθαι
2621 5299 2697 5362 ὠς
2755 5299 2880 5355 οὐδὲ
2920 5299 3154 5376 οὐρανίῳ
3203 5303 3554 5377 σφαιρώματι
3604 5302 3802 5372 ἣλιος,
3831 5297 3868 5370 ἤ

2200 5387 2290 5450 ὡς’
2358 5387 2622 5464 στέλεχος
2678 5389 2922 5467 φοίνικος
2990 5390 3094 5444 ὑπὸ
3179 5390 3358 5464 ὀσμῆς
3415 5389 3875 5464 ἀναθηλούμενος

2197 5474 2394 5540 ὕδατος
2425 5478 2518 5532 καὶ
2575 5476 2766 5552 κέδρος
2825 5473 3120 5549 Λιϐανίτης
3183 5479 3458 5554 ὑψίκομος
3516 5478 3571 5543 ἐς
3619 5479 3878 5542 κύκλους

2203 5563 2604 5642 διατηρηθῆναι
2674 5566 3030 5646 μακραιώνων
3097 5566 3381 5625 ἐνιαυτῶν.
3441 5571 3624 5627 Τοῦτο
3706 5566 3757 5624 δ’
3811 5568 3880 5624 ἄν

2201 5655 2294 5711 καὶ
2353 5654 2526 5719 ἄλλος
2594 5677 2676 5720 τις
2748 5657 3054 5714 ὑπετόπασε
3115 5659 3215 5730 τὴν
3277 5659 3486 5732 ἀγαθὴν
3559 5659 3876 5737 ἀποκρίνας

433 5735 628 5814 μερίδα
657 5736 747 5793 καὶ
777 5735 1180 5810 ἀσπασάμενος,
1213 5733 1304 5790 καὶ
1343 5733 1418 5808 μή
1445 5738 1560 5796 τοῖς
1616 5733 1750 5790 ἕπτᾶ
1809 5737 1974 5810 μόνον
2031 5740 2214 5808 διδοὺς
2274 5746 2338 5801 τὸ
2393 5744 2690 5822 ἀνάλογον,
2751 5746 2898 5804 ἀλλὰ
2954 5747 3044 5804 καὶ
3097 5748 3159 5804 τὸ
3228 5755 3328 5820 τῆς
3385 5747 3588 5824 ὀγδόης
3653 5733 3878 5827 μυστή-
