4098 6292
251 342 372 406 817
1383 343 1482 402 DE
1524 341 1837 405 ISAACIO
1876 341 1905 401 Α

2014 342 2190 403 iELO
2231 344 2388 404 LIB.
2435 341 2546 405 III.
3567 347 3688 407 818

258 498 379 553 ριον
431 474 580 557 ἔχων
636 477 744 553 πρὸ
805 474 1130 554 ὀφθαλμῶν,
1188 476 1277 531 καὶ
1333 481 1413 550 τῷ
1468 483 1569 547 τῆς
1625 474 1706 556 ἐφ’
1764 476 1989 549 ἑκάτερα
2044 475 2221 549 ῥοπῆς
2275 478 2362 551 [Ρ.
2427 479 2553 550 286]
2608 476 2810 553 Κύριος
2869 476 2999 531 εἶναι
3056 473 3382 553 προσρέπων
3444 482 3540 553 μὲν
3598 482 3681 537 ἀεὶ

250 576 371 631 τοῖς
428 567 733 643 ἀμείνοσιν,
800 573 917 629 τοῖς
974 565 1021 623 δ’
1082 566 1345 629 ἐναντίοις
1403 567 1808 643 ἐπινηχόμενος
1874 562 2119 642 βράδιον,
2181 565 2307 622 ἀλλ’
2368 567 2430 622 οὗ
2487 567 2771 644 γινόμενος
2833 564 3196 643 ὑποϐρύχιος.
3256 570 3385 632 Θεὸς
3444 568 3502 625 δὲ
3574 572 3677 650 οὐχ

260 658 405 713 οὕτω
441 640 800 733 βεϐούληται.
850 656 948 719 Τίς
1008 654 1053 711 δ’
1112 651 1252 732 ἔγνω
1300 660 1423 711 νοῦν
1475 640 1759 731 Κυρίου,ἢ
1793 640 1882 716 τίς
1933 653 2420 730 συμπαρείληπται
2482 640 2533 711 οἱ
2592 640 3231 730 σύμϐουλος;”Ᾱμέλει
3289 659 3379 713 καὶ
3436 640 3682 715 ἐκποδῶν

254 750 348 802 τὸν
400 744 567 821 ἄνδρα
623 746 803 801 θέσθαι
863 746 927 802 τὸ
987 747 1131 802 θεῖον
1188 746 1708 820 προμηθευσάμενον
1763 742 1956 819 ἀρίστῃ
2014 742 2202 818 πράξει
2259 745 2350 799 καὶ
2418 742 2690 819 καλλίστῃ
2777 745 3057 819 προθυμίᾳ
3132 751 3503 822 ωνεπεγεῖραν
3559 748 3677 802 οῖον

255 836 418 891 αὐτὸν
447 836 536 890 καὶ
569 833 879 910 έπιῤῥῶσαν
911 837 1220 910 χρήσασθαι
1250 835 1520 889 ἀσπαστὸν
1548 834 1636 889 καὶ
1672 832 1805 909 μετά
1835 832 1933 901 τὴν
1964 832 2216 887 ἀπόθεσιν
2246 839 2348 902 τῆς
2378 832 2559 909 ἀρχῆς
2588 840 2706 896 τοῖς
2736 832 2984 889 πλείοσιν
3013 829 3203 904 ἔδειξε.

333 926 403 993 ηπ
437 924 530 992 Μή
563 925 741 1001 φέρειν
770 924 874 999 γὰρ
902 917 1047 998 ἔχων
1078 925 1176 985 τὰς
1232 924 1367 995 μετά
1417 925 1639 977 Σκυθῶν
1693 919 1905 997 ἐπιδρο-

2097 924 2152 978 8.
2198 926 2479 980 Caeterum
2527 940 2662 980 cum
2720 940 2853 980 eum
2911 924 2983 980 ab
3038 924 3285 996 imperio
3346 930 3680 983 remoturus

254 1014 358 1086 μὰς
398 1013 489 1067 καὶ
523 1011 783 1087 λῃστείας
812 1018 921 1067 τῶν
974 1010 1232 1087 Βλάχων,
1283 1011 1667 1084 πληττόμενος
1715 1009 1774 1066 δὲ
1823 1011 1915 1065 καὶ

248 1108 331 1174 τῷ
363 1102 452 1157 τὸν
508 1099 661 1156 Γίδον
724 1100 966 1175 Ἀλέξιον
1008 1102 1100 1156 καὶ
1156 1102 1251 1156 τὸν
1300 1102 1541 1173 Βατάζην
1604 1099 1914 1167 Βασίλειον,

252 1194 328 1247 ὧν
359 1193 388 1247 6
425 1191 519 1264 μὲν
550 1195 659 1246 τῶν
693 1192 881 1264 Ἐῲων
915 1194 1107 1267 ἡγεῖτο
1135 1192 1447 1265 ταγμάτων,
1480 1193 1507 1246 ὁ
1540 1188 1596 1245 δὲ
1630 1189 1911 1260 Βατάτζης

252 1288 363 1338 τῶν
395 1281 696 1355 Ἑσπερίων
747 1278 1123 1354 προύκάθητο,
1173 1278 1589 1354 συμπλακέντας
1637 1284 1759 1341 τοῖς
1809 1299 1908 1333 πο-

252 1370 470 1444 λεμίοις
515 1363 738 1445 ἔγγιστά
795 1390 902 1424 που
952 1374 1048 1424 τοῦ
1115 1368 1461 1441 πολίσματος
1528 1367 1591 1423 οὗ
1646 1365 1909 1442 δομήτωρ

247 1455 544 1535 Ἀρκάδιος
595 1459 671 1532 μή
722 1458 885 1531 μόνον
939 1454 1093 1512 οὐδέν
1158 1478 1212 1513 τι
1279 1455 1697 1533 κατωρθωκέναι
1763 1477 1910 1533 χρη-

249 1549 401 1616 στὸν,
432 1546 576 1603 ἀλλᾶ
606 1549 699 1603 τὸν
760 1548 854 1621 μὲν
912 1544 1068 1602 Γίδον
1122 1548 1380 1622 ἀκόσμως
1436 1552 1628 1624 φυγεῖν
1681 1545 1910 1603 ἀπολω-

250 1638 452 1695 λεκότα
490 1638 554 1693 τὸ
601 1641 845 1710 κρεῖττον
898 1644 995 1706 τῆς
1062 1643 1337 1711 στρατιᾶς,
1393 1637 1483 1692 τὸν
1539 1633 1597 1691 δὲ
1664 1637 1909 1714 συμφθα-

254 1733 419 1802 ρῆνιι
448 1731 569 1787 ταῖς
629 1726 717 1780 ὑπ’
770 1725 927 1779 αὐτὸν
988 1725 1217 1796 τάξεσιν,
1275 1720 1411 1800 ἔγνω
1468 1723 1558 1778 καὶ
1614 1721 1779 1779 πάλιν
1839 1720 1910 1777 δι’

250 1816 449 1871 ἑαυτοῦ
482 1813 616 1868 κατά
671 1818 779 1867 τῶν
839 1810 1153 1868 ἀντιπάλων
1214 1812 1580 1889 ἐξενέγκασθαι
1634 1810 1904 1883 πόλεμον.

247 1902 535 1979 Συλλογαὶ
586 1903 677 1957 οὖν
737 1901 827 1957 καὶ
882 1901 1190 1979 ἀπογραφαὶ
1249 1905 1355 1956 τῶν
1413 1902 1741 1973 Ῥωμαϊκῶν
1796 1897 1906 1974 ἐγί-

245 2014 404 2051 νοντο
432 1992 873 2067 στρατευμάτων,
923 1990 1023 2045 οὐκ
1072 1992 1294 2066 ἀχρεῖον
1348 1988 1405 2047 δὲ
1451 1991 1542 2047 καὶ
1587 1990 1649 2046 τὸ
1712 1990 1902 2063 μισθο-

243 2084 472 2162 φορικὸν
507 2081 847 2156 συνελέγετο.
882 2084 1108 2153 Πεμψας
1142 2079 1198 2136 δὲ
1226 2082 1316 2136 καὶ
1365 2080 1502 2156 πρὸς
1549 2081 1644 2135 τὸν
1694 2078 1903 2135 ἐκείνου

242 2172 499 2247 πενθερὸν
528 2171 619 2226 τὸν
654 2171 796 2246 ῥῆγα
825 2174 931 2225 τῶν
984 2167 1198 2226 Οῧννων
1246 2167 1315 2224 δι’
1369 2168 1672 2240 ἐπικούρων
1717 2168 1903 2243 ᾐτεῖτο

2022 1013 2471 1081 esset,animum
2503 1015 2630 1084 ejus
2652 1014 2726 1069 ad
2751 1029 2843 1070 res
2870 1013 3181 1086 prmelaras
3217 1017 3393 1086 atque
3421 1016 3676 1087 optimas

2019 1101 2310 1168 excitavit,
2340 1107 2403 1159 ut
2431 1118 2497 1159 eo
2538 1102 2711 1159 etiam
2745 1102 2964 1159 amisso
3019 1102 3314 1175 plerisque
3344 1104 3561 1160 chartis
3613 1110 3672 1162 et

2020 1193 2257 1260 optatus
2304 1197 2475 1247 esset.
2509 1192 2655 1251 Nam
2705 1208 2840 1248 cum
2892 1191 3238 1248 Blacborum
3271 1208 3403 1248 cum
3436 1192 3668 1265 Scythis

2017 1278 2171 1335 588
2218 1279 2585 1337 incursiones
2624 1285 2681 1336 et
2735 1280 3042 1338 latrocinia
3092 1281 3237 1339 ferre
3269 1298 3385 1338 non
3443 1286 3661 1355 posset,

2015 1371 2192 1439 atque
2249 1368 2446 1425 animo
2505 1369 2924 1442 percelleretur
2980 1371 3135 1441 quod
3190 1371 3426 1427 Aleaius
3484 1371 3670 1427 Guido

2015 1456 2399 1514 Orientalium
2431 1462 2488 1515 et
2516 1459 2774 1517 Batatzes
2806 1459 3057 1516 Basilius
3098 1459 3563 1516 Occidentalium
3594 1460 3673 1517 le-

2014 1545 2256 1617 gionum
2307 1548 2447 1615 dux,
2483 1565 2663 1622 prope
2712 1548 3140 1621 Arcadiopolim
3197 1565 3332 1605 cum
3393 1549 3677 1606 hostibus

2013 1637 2329 1709 congressi,
2362 1655 2480 1695 non
2513 1639 2687 1696 modo
2735 1655 2859 1695 rem
2893 1639 3043 1695 male
3083 1639 3428 1711 gessissent,
3461 1655 3667 1695 verum

2011 1725 2185 1782 etiam
2234 1728 2417 1784 Guido
2448 1729 2669 1784 amissa
2698 1728 2921 1800 majore
2973 1729 3262 1785 exercitus
3294 1736 3455 1801 parte
3486 1729 3669 1786 effuse

2013 1814 2275 1887 fugisset,
2306 1815 2446 1873 alter
2481 1833 2609 1873 vero
2664 1834 2779 1873 una
2810 1833 2943 1873 cum
2997 1819 3119 1875 suis
3160 1818 3346 1890 copiis
3381 1817 3668 1889 periisset,

2011 1906 2203 1962 denuo
2257 1921 2362 1962 suo
2392 1907 2571 1962 ductu
2603 1906 2844 1979 suisque
2887 1907 3167 1978 auspiciis
3207 1922 3367 1963 arma
3404 1907 3670 1963 hostibus

2008 1994 2225 2052 inferre
2273 1997 2497 2053 statuit.
2527 1996 2897 2069 Colliguntur
2939 2003 2997 2053 et
3044 1997 3509 2054 conscribuntur
3539 1998 3669 2053 ubi~

2009 2100 2117 2156 que
2166 2085 2442 2141 Romanas
2496 2085 2778 2157 legiones,
2809 2102 3000 2157 neque
3050 2103 3225 2158 parva
3277 2087 3496 2142 auxilia
3522 2104 3671 2143 con~

2008 2174 2328 2230 ducuntur.
2372 2173 2653 2246 Implorat
2693 2178 2752 2228 et
2783 2174 2968 2231 soceri
3028 2173 3119 2229 sui
3171 2174 3482 2245 Hungarisa
3515 2175 3668 2245 regis

244 2262 523 2336 σόναρσιν.
580 2265 641 2317 Ὁ
699 2257 757 2314 δὲ
807 2259 1058 2331 ἀσμένως
1123 2259 1406 2334 ἐπαρήξειν
1491 2256 1761 2327 ἐπένευσε,
1813 2278 1903 2328 καί

2014 2279 2184 2335 opem
2220 2284 2234 2333 ;
2266 2268 2324 2320 et
2385 2263 2555 2320 facile
2595 2264 2873 2336 impetrat
2923 2269 2986 2319 ut
3042 2264 3093 2319 is
3146 2279 3209 2320 se
3255 2280 3359 2336 per
3389 2265 3667 2336 Bidyuam

246 2350 337 2407 διὰ
363 2358 466 2420 τῆς
523 2347 747 2420 Βιδίνης
802 2347 1099 2422 ἐκπέμψειν
1158 2347 1279 2411 ἴλας
1336 2348 1583 2413 συνέθετο
1636 2348 1905 2423 στρατιώ-

241 2439 421 2503 τιδας.
467 2443 836 2515 ’Ἃποχρῶσαν
892 2436 984 2493 οὖν
1042 2439 1140 2507 τὴν
1200 2443 1297 2493 τοῦ
1352 2436 1718 2511 στρατοπέδου
1777 2435 1904 2509 ξυλ-

244 2529 419 2606 λογὴν
449 2529 840 2606 ἐργασάμενος,
883 2528 975 2583 καὶ
1032 2528 1193 2583 πέντε
1252 2530 1353 2601 μὶν
1409 2528 1549 2605 πρὸς
1606 2533 1721 2590 τοῖς
1777 2524 1908 2583 δέκα

244 2620 478 2699 χρυσίου
544 2618 1003 2691 ἐνσκευασάμενος
1095 2616 1440 2692 κεντηνάρια,
1526 2616 1784 2692 ἀργυρίου
1853 2614 1897 2671 δ’

245 2711 533 2782 ἐνθέμενος
611 2708 740 2782 ὅπερ
814 2707 881 2762 τά
956 2707 1237 2778 ἑξήκοντα,
1313 2708 1404 2762 καὶ
1476 2706 1614 2781 ἕτερ’
1674 2705 1806 2761 ἄττα
1833 2709 1903 2779 τῇ

252 2804 476 2873 στρατιᾷ
535 2794 963 2874 ἐφοδιασάμενος
1021 2798 1296 2871 χρήσιμα,
1338 2794 1474 2850 κατά
1516 2796 1611 2857 τὰς
1664 2794 1908 2869 Μαρτίου

260 2891 472 2963 ἡμέρας
539 2895 637 2956 τῆς
709 2883 991 2963 βασιλίδος
1052 2889 1161 2941 τῶν
1226 2885 1441 2941 πόλεων
1490 2882 1698 2959 ἔξεισιν,
1754 2884 1906 2964 ἀφεὶς

260 2976 446 3032 ἑαυτὸν
490 2980 625 3046 Θεῷ,
684 2976 772 3031 καὶ
826 2976 965 3031 κατὰ
1015 2980 1124 3030 τῶν
1188 2970 1476 3051 βαρϐάρων
1534 2974 1791 3047 στηρίξας
1843 2974 1907 3030 τὸ

258 3064 396 3121 ἴδιον
426 3066 711 3140 πρόσωπον
752 3066 845 3121 καὶ
877 3065 986 3130 θεξς
1041 3064 1169 3120 ὡσεὶ
1218 3063 1426 3139 πέτραν
1485 3064 1614 3119 αὐτὸ
1666 3064 1905 3140 στερεὰν,

250 3165 341 3220 καί
371 3162 494 3239 ὅρον
547 3170 646 3234 τῆς
711 3162 1117 3237 ἐπαναστροφῆς
1178 3162 1400 3235 θέμενος
1455 3163 1517 3217 τὸ
1574 3161 1739 3236 πέρας
1797 3165 1905 3217 τῶν

248 3253 425 3330 ἔργων
469 3256 546 3309 ὧν
590 3252 752 3332 χάριν
803 3253 939 3308 κατὰ
989 3257 1094 3307 τῶν
1147 3252 1465 3307 ἀποστατῶν
1516 3250 1904 3327 ἐξεστράτευεν,

248 3344 299 3399 εἰ
330 3345 424 3417 μὲν
458 3341 633 3414 δεξιὸν
682 3341 766 3413 εἷ’-η
820 3340 1002 3412 τοῦτο,
1065 3342 1401 3405 ἐπανατιθεὶς
1448 3346 1531 3414 τῷ
1575 3346 1712 3414 Θεῷ,
1765 3340 1810 3395 εἰ
1859 3337 1907 3393 δ’

250 3434 529 3501 ἀπαίσιον,
599 3435 733 3508 ’ὅπερ
791 3432 1101 3507 ἀπηύχετο,
1185 3433 1273 3487 καὶ
1337 3429 1481 3487 οὕτω
1535 3435 1645 3486 τῶν
1704 3430 1906 3486 ἐκείνου

249 3527 537 3600 χριμάτων
591 3522 826 3597 ἒξαρτῶν
915 3520 1078 3577 εἰσέτι
1164 3519 1560 3595 δοκιμάζοντος
1641 3523 1741 3591 τὴν
1798 3524 1906 3576 τῶν

250 3613 600 3691 ἁμαρτωλῶν
664 3608 865 3687 ῥάϐδον
915 3612 1205 3667 πατάσσειν
1260 3612 1351 3666 τὸν
1395 3609 1602 3685 κλῆρον
1655 3614 1761 3666 τῶν
1822 3608 1903 3666 δι-

248 3705 443 3760 καίων.
477 3703 582 3759 Καὶ
611 3702 640 3756 ὁ
675 3702 768 3774 μὲν
818 3700 1035 3775 ἀπαίρει
1085 3705 1333 3756 τοιοῦτον
1383 3700 1592 3777 τρέφων
1652 3701 1714 3755 τὸ
1770 3700 1907 3775 πρό-

248 3806 422 3867 θυμον
455 3792 548 3848 καὶ
582 3790 753 3864 ὁμόσε
781 3793 851 3864 τῇ
898 3792 1049 3864 ἀκμῇ
1098 3793 1197 3844 τοῦ
1244 3787 1498 3844 κινδύνου
1542 3793 1763 3865 χωρῶν·
1796 3792 1831 3859 ἠ
1860 3786 1906 3843 δ’

248 3882 615 3959 ὑπερκειμένη
650 3880 865 3935 πάντων
924 3880 1050 3954 χεὶρ
1099 3878 1190 3933 καὶ
1243 3877 1389 3954 ῥοπὴ
1442 3872 1520 3933 ἔτι
1570 3878 1636 3947 ἧν
1693 3876 1907 3951 ὑψηλὴ,

247 3970 362 4028 οὐδ’
396 3974 423 4027 6
452 3976 552 4026 τοῦ
590 3970 898 4043 κρείττονος
951 3967 1266 4045 ἀπεστράφη
1323 3968 1515 4041 θυμὸς,
1570 3969 1643 4030 ὡς
1688 3965 1904 4038 ἔδειξεν,

244 4060 334 4117 ἐπὶ
366 4065 540 4116 πᾶσαν
593 4060 680 4118 οἷς
733 4059 787 4112 οἱ
848 4056 1073 4133 Βλάχοι
1129 4056 1548 4131 κραταιωθέντες
1605 4056 1910 4133 προηγωνί-

245 4172 423 4207 σαντο.
468 4150 569 4205 Καὶ
629 4147 778 4203 οὕτω
836 4148 931 4222 μὲν
989 4149 1041 4201 o't
1101 4147 1376 4225 ὀφθαλμοὶ
1429 4152 1527 4202 τοῦ
1580 4150 1904 4221 κρατοῦντος

243 4243 336 4298 ἐπὶ
365 4242 496 4302 τοὺς
545 4237 1086 4313 παραπικραίνοντας
1143 4230 1373 4291 ἔϐλεπον
1433 4236 1762 4307 ἀποστάτας,
1814 4236 1903 4291 καὶ

242 4338 324 4406 τῷ
351 4331 691 4402 διανοητικῷ
722 4327 927 4385 ἐκείνου
972 4327 1040 4381 τὰ
1087 4326 1369 4403 ἀφεστῶτα
1417 4326 1694 4404 πόῤῥωθεν
1740 4327 1905 4405 ἐφαν-

241 4425 494 4492 τάζοντο·
557 4421 610 4474 οἱ
654 4416 712 4475 δέ
755 4440 818 4494 γε
872 4422 1067 4473 τοῦτον
1125 4422 1225 4485 τῆς
1284 4416 1463 4491 ἀρχῆς
1522 4417 1905 4491 ἀνατρέψοντες

247 4514 336 4584 [Ρ.
396 4512 528 4582 287]
599 4506 762 4585 ἐγγὺς
818 4505 962 4568 ὄντες
1036 4500 1467 4578 παρεϐλέποντο,
1548 4505 1638 4560 καὶ
1694 4506 1758 4560 τὸ
1815 4504 1902 4584 ἀφ’

252 4599 431 4663 ἑστίας
464 4598 680 4656 σκῶλον
740 4597 815 4659 ὠς
875 4596 953 4670 μὴ
1011 4595 1396 4674 παρονοχλοῦν
1455 4595 1902 4670 ὑπεραλλόμενος

247 4688 337 4758 ἦν.
372 4690 474 4746 Καὶ
520 4687 703 4744 καινὸν
745 4682 921 4753 οὐδὲν,
970 4683 1085 4740 ἐπεὶ
1140 4685 1231 4739 καὶ
1285 4685 1384 4746 τὰς
1432 4680 1905 4759 παραϐλαστανού-

246 4799 342 4841 σας
398 4777 588 4840 κακίας
641 4776 763 4838 ταῖς
822 4774 1037 4849 ἂρεταῖς
1094 4772 1429 4849 ἀγχιθύρους
1483 4775 1517 4843 ἢ
1549 4773 1641 4828 καὶ
1702 4773 1902 4849 φεραλ-

247 4866 462 4938 λήλους
520 4864 760 4940 μάλιστα
799 4860 961 4925 οὔσας
1020 4861 1129 4937 οὐχ
1176 4863 1302 4938 ὁρᾷν
1354 4861 1429 4925 ὠς
1489 4860 1613 4918 δέον
1665 4865 1792 4937 ὁρᾷν
1849 4865 1901 4918 oi.

244 4961 500 5011 πλεῖστοι
552 4959 660 5010 τῶν
717 4953 1015 5028 ἀνθρώπων
1061 4950 1424 5027 αἱρούμεθαῆ
1458 4949 1742 5027 δυνάμεθα.
1792 4956 1901 5009 Ἐῶ

2015 2354 2332 2410 auxiliares
2388 2358 2611 2409 turmas
2684 2353 3005 2410 missurum
3065 2353 3425 2426 polliceatur.
3486 2354 3672 2425 Igitur

2010 2444 2167 2513 justo
2198 2442 2452 2499 exercitu
2485 2442 3145 2515 munitus,depromptis
3172 2443 3302 2499 auri
3332 2443 3668 2515 quindecim

2015 2540 2072 2591 et
2102 2534 2327 2605 argenti
2359 2532 2616 2605 amplius
2665 2532 2967 2605 sexaginta
2994 2533 3368 2606 centenariis,
3415 2534 3667 2590 caeteris-

2019 2639 2131 2695 que
2190 2624 2367 2679 rebus
2425 2622 2654 2679 idoneis
2700 2623 3045 2691 inslructus,
3097 2625 3375 2679 omnibus
3422 2625 3672 2694 negotiis

2019 2713 2144 2769 suis
2197 2712 2316 2768 Deo
2376 2711 2678 2783 permissis
2710 2727 2914 2768 mense
2953 2712 3157 2767 Martio
3190 2713 3332 2767 urbe
3355 2713 3670 2784 egreditur,

2016 2801 2211 2859 animo
2260 2804 2459 2857 contra
2512 2801 2799 2857 Barbaros
2830 2801 3058 2857 intento
3105 2805 3163 2856 et
3218 2801 3546 2870 obﬁrmato,
3579 2817 3666 2856 re-

2017 2891 2178 2946 ditus
2213 2904 2348 2946 vero
2390 2905 2506 2945 non
2558 2888 2670 2945 alio
2723 2890 2971 2946 termino
3030 2890 3264 2961 praeﬁxo
3324 2890 3438 2946 nisi
3473 2890 3571 2945 ubi
3603 2906 3675 2946 ea

2017 2979 2364 3037 confecisset
2397 2984 2629 3051 propter
2660 2995 2787 3050 quas
2825 2978 3255 3050 expeditionem
3288 2978 3665 3036 instituisset.

2018 3069 2239 3136 Quodsi
2290 3084 2535 3141 prosper
2562 3072 2715 3125 esset
2763 3075 3025 3136 eventus,
3076 3083 3214 3125 eum
3274 3070 3383 3126 Deo
3416 3085 3478 3126 se
3509 3085 3669 3127 acce-

2019 3170 2183 3232 ptum
2215 3157 2477 3215 laturum
2513 3174 2526 3212 :
2560 3158 2651 3214 sin
2683 3158 2958 3215 adversus
2991 3158 3188 3231 (quem
3217 3159 3668 3231 deprecaretur).

2016 3254 2074 3305 et
2126 3249 2283 3305 hunc
2336 3247 2501 3303 illius
2551 3247 2772 3319 judicio
2829 3248 3283 3319 permittendum
3345 3250 3499 3307 589
3571 3250 3669 3321 qui

2017 3351 2235 3405 sortem
2284 3347 2581 3418 justorum
2632 3346 2856 3403 diutius
2887 3346 3046 3417 virga
3100 3352 3469 3419 peccatorum
3526 3349 3668 3405 casdi

2016 3436 2205 3494 vellet.
2263 3437 2386 3501 Quo
2444 3435 2641 3491 animo
2673 3442 2728 3491 et
2758 3434 3001 3492 consilio
3061 3452 3194 3492 cum
3225 3437 3294 3492 ad
3371 3453 3669 3495 summum

2014 3525 2331 3582 discrimen
2385 3529 2670 3597 pergeret,
2703 3524 2804 3580 Dei
2839 3541 3052 3581 manus
3100 3533 3155 3580 et
3188 3530 3442 3595 potestas
3473 3527 3666 3582 adhuc

2015 3613 2246 3671 excelsa
2293 3620 2439 3682 erat,
2473 3629 2659 3684 neque
2701 3613 2963 3669 numinis
3016 3614 3101 3668 ira
3133 3613 3373 3685 placata,
3409 3620 3471 3669 ut
3500 3632 3672 3672 even-

2015 3706 2108 3758 tus
2140 3702 2358 3769 docuit,
2402 3702 2637 3757 Blaehis
2665 3701 2969 3758 victoriam
3019 3706 3220 3757 contra
3275 3718 3379 3757 nos
3412 3704 3665 3775 adeptis.

2013 3794 2153 3846 Cum
2188 3798 2384 3847 autem
2432 3790 2800 3861 imperatoris
2851 3790 3005 3846 oculi
3035 3790 3272 3846 acerbos
3306 3791 3497 3847 hostes
3528 3809 3663 3863 spe-

2014 3885 2259 3946 ctarent,
2291 3884 2347 3935 et
2402 3880 2673 3952 cogitatio
2723 3879 2894 3952 longe
2924 3884 3144 3935 remota
3190 3887 3662 3953 prosequeretur,

2014 3990 2131 4029 non
2188 3971 2422 4028 videbat
2452 3985 2585 4026 eum
2641 3987 2821 4042 aquo
2877 3970 3122 4043 imperio
3181 3971 3485 4043 pellendus
3516 3980 3661 4040 erat,

2011 4077 2187 4134 prope
2218 4064 2503 4117 astantem
2536 4065 2593 4116 et
2650 4076 2880 4116 summa
2914 4060 3094 4117 animi
3150 4062 3533 4119 consensione
3564 4079 3665 4133 per

2012 4152 2211 4208 omnia
2258 4152 2660 4222 conjunctum,
2701 4154 2758 4206 et
2806 4150 3189 4206 domesticum
3240 4151 3662 4209 otl‘ensaculum

2011 4245 2077 4296 ut
2107 4239 2279 4312 plane
2327 4239 2632 4296 innoxium
2674 4238 3061 4296 transiliehat.
3116 4240 3315 4312 Neque
3347 4241 3405 4297 id
3433 4246 3522 4298 est
3557 4242 3661 4298 mi-

2011 4332 2288 4395 randum,
2320 4330 2593 4401 quoniam
2647 4328 2925 4385 mortales
2972 4329 3112 4386 vitia
3136 4331 3302 4401 juxta
3331 4331 3572 4387 virtutes
3602 4331 3662 4387 in

2010 4420 2339 4493 propinquo
2366 4424 2422 4476 et
2455 4420 2515 4473 in
2549 4418 2747 4475 eadem
2782 4433 2962 4491 prope
3004 4419 3189 4489 stirpe
3218 4421 3515 4475 nascentia
3547 4436 3665 4475 cer-

2010 4526 2146 4567 nere
2176 4514 2277 4566 aut
2310 4510 2583 4566 nolumus
2615 4516 2713 4565 aut
2744 4507 3159 4579 nequimus.Ut
3188 4525 3303 4564 non
3336 4509 3526 4565 dicam
3569 4525 3667 4562 na-

2008 4606 2142 4657 tura
2170 4618 2205 4657 a
2234 4600 2402 4657 nobis
2430 4600 2868 4671 quodammodo
2900 4599 3241 4655 charitatem
3271 4615 3409 4671 erga
3440 4615 3531 4655 res
3564 4615 3663 4655 no-

2008 4695 2158 4746 stras
2189 4704 2319 4745 esse
2350 4690 2607 4760 insitam,
2642 4706 2757 4761 qua
2801 4687 3052 4744 devincti
3083 4692 3141 4743 et
3193 4688 3662 4745 remollescentes

2008 4777 2180 4835 malis
2239 4778 2543 4834 affectibus
2568 4787 2624 4834 et
2685 4778 3012 4835 actionibus
3069 4780 3189 4834 tam
3238 4778 3451 4835 nostris
3480 4796 3658 4850 quam

2007 4867 2488 4925 charissimorum
2541 4868 2781 4940 segnius
2826 4867 3187 4924 resistamus.
3221 4869 3342 4933 Quo
3373 4868 3435 4923 ﬁt
3466 4873 3527 4924 ut
3556 4884 3657 4924 ve-

2006 4957 2112 5013 luti
2147 4956 2339 5013 surdis
2389 4956 2629 5012 auribus
2657 4972 2858 5013 eorum
2888 4956 3061 5013 verba
3097 4961 3531 5027 prmtereamus,
3565 4959 3662 5030 qui

243 5047 351 5121 γάρ
384 5044 563 5120 λέγειν
616 5045 701 5100 ’ὀτι
758 5063 858 5117 περ
916 5040 1294 5114 ἐνεσημήνατό
1343 5062 1462 5104 πως
1509 5044 1644 5111 ἡμῖν
1676 5044 1711 5111 ἡ
1744 5042 1902 5122 φύσις

2018 5050 2353 5103 nostrorum
2393 5045 2657 5117 improba
2686 5046 2837 5103 facta
2867 5053 3347 5104 commemorant.
3376 5047 3471 5104 Sic
3508 5050 3665 5105 Isaa-

240 5136 335 5191 καί
412 5132 719 5211 ένεφότευσε
774 5132 913 5206 πρὸς
968 5130 1036 5186 τὰ
1115 5128 1290 5184 οἰκεῖα
1372 5132 1728 5203 συμπάθειαν,
1812 5130 1903 5186 καὶ

238 5222 556 5295 συνδήσασα
609 5220 691 5293 τῷ
749 5219 964 5296 φίλτρῳ
1015 5215 1280 5274 ἐνδιδόναι
1357 5220 1449 5274 καὶ
1510 5219 1902 5293 μαλακίζεσθαι

238 5316 379 5388 πρὸς
410 5315 509 5375 τὰς
568 5311 780 5389 φαύλας
829 5304 965 5378 ἔξεις
1022 5308 1112 5363 καὶ
1160 5307 1379 5384 πράξεις
1439 5309 1642 5365 ἑαυτῶν
1698 5331 1757 5365 τε
1813 5310 1902 5364 καὶ

236 5410 347 5461 τῶν
419 5402 601 5478 φίλων
663 5400 893 5477 ὲνιαχοῦ
948 5392 1365 5471 παραϐιάζεται,
1422 5397 1511 5452 καὶ
1574 5401 1648 5471 μὴ
1705 5396 1906 5473 ῥᾳδίως

245 5492 546 5569 ὑπάγεσθαι
578 5486 849 5557 διατίθησι
888 5490 1006 5549 τοῖς
1066 5485 1429 5541 ἒπαντλοῦσιν
1469 5487 1543 5549 ὠς
1587 5486 1663 5549 είς
1712 5507 1904 5561 τετρη-

248 5585 409 5658 μένον
437 5584 608 5646 πίθον
638 5581 703 5636 τὸ
754 5579 847 5643 οὖς
877 5578 968 5635 καὶ
1024 5578 1427 5655 ὑφηγουμένοις
1478 5582 1544 5635 τὰ
1601 5583 1676 5655 μή
1724 5582 1907 5645 καλῶς

246 5675 513 5752 δρώμενα
564 5673 648 5732 οἷς
705 5668 1211 5747 προσπεπόνθαμεν.
1272 5668 1480 5728 Οὐκοῦν
1541 5671 1630 5727 καὶ
1688 5669 1853 5735 οὗτος
1883 5673 1911 5727 ὁ

2017 5136 2145 5193 eius
2222 5151 2456 5208 quoque
2511 5150 2645 5190 cum
2708 5151 2739 5191 e
2806 5133 3071 5205 plurimis
3147 5138 3368 5194 audiret
3428 5138 3665 5195 fratrem

2017 5225 2277 5281 Alexium
2320 5240 2441 5279 suis
2472 5227 2530 5279 et
2557 5223 2690 5278 vitae
2715 5227 2774 5278 et
2803 5222 3049 5293 imperio
3079 5223 3369 5297 insidiari,
3403 5230 3459 5282 et
3501 5226 3665 5282 clan-

2018 5313 2315 5369 destinum
2364 5312 2520 5370 590
2559 5312 2758 5368 odium
2793 5311 3209 5367 benevolentia:
3240 5320 3517 5384 praetextu
3552 5316 3672 5370 dis-

2023 5405 2325 5472 simulare,
2356 5420 2423 5458 ac
2455 5405 2653 5474 plures
2683 5417 2811 5458 esse
2840 5400 3019 5457 Alexii
3051 5418 3223 5474 quam
3252 5406 3447 5461 lsaacii
3474 5421 3675 5461 aman-

2021 5492 2312 5559 tes,verba
2341 5491 2443 5547 illa
2476 5508 2578 5564 pro
2608 5492 2783 5564 nugis
2815 5492 3383 5562 aspernabatur,non
3414 5493 3676 5549 adhibito

2013 5582 2263 5656 judicio,
2295 5585 2359 5637 ut
2410 5580 2601 5653 lapide
2656 5577 2959 5648 Herculeo,
2993 5580 3063 5635 ad
3119 5581 3449 5639 adulterina
3479 5582 3674 5637 fratris

2020 5675 2156 5730 acta
2186 5670 2691 5743 deprehendenda.
2737 5669 2858 5725 Imo
2887 5683 3060 5740 asper
3104 5668 3165 5725 in
3200 5671 3485 5729 delatores
3523 5673 3668 5734 erat,
