4098 6292
469 324 586 388 819

1783 319 2102 382 ΝΙΟΕΊῈ
2143 317 2565 384 ΟΗΟΝΙΑΤιΕ

3759 328 3892 392 820

471 459 644 534 quasi
683 458 1026 516 charitatem
1070 473 1232 516 suam
1287 474 1426 531 erga
1479 457 1714 514 fratrem
1746 455 2114 512 indelebilem

2235 453 2493 528 βασιλεὺς
2538 459 2686 533 παρά
2736 456 3004 515 πλείστων
3063 459 3449 532 ἐνωτιζόμενος
3505 452 3888 515 ἐπιϐουλεύειν

473 555 531 608 et
584 549 940 606 firmissimis
976 549 1165 604 nixam
1211 548 1509 604 radicibus
1561 547 1791 603 abolere
1830 555 2000 616 alque
2031 560 2120 600 ex-

474 640 736 696 scindere
774 636 1189 709 vellent,quem
1219 637 1406 694 solum
1443 636 1702 693 omnium
1730 641 1980 691 vastator
2007 636 2122 690 An-

475 727 752 785 dronicus
785 742 901 783 non
946 725 1212 782 lississet.
1248 726 1433 798 Igitur
1465 727 1536 780 ad
1587 725 1918 782 Radaastum
1952 722 2124 779 mari-

475 818 675 872 timam
725 817 928 872 urbem
979 817 1274 888 profectus
1307 816 1626 872 maximum
1657 820 1716 870 et
1763 814 1984 871 nomini
2017 831 2122 870 suo

474 907 832 978 respondens
912 905 1353 962 resurrectionis
1429 907 1639 961 festum
1713 906 1989 971 celebrat,
2064 909 2123 960 et

474 995 694 1051 Pascha
726 993 1036 1064 mysticum
1068 995 1335 1050 immolat
1362 997 1422 1050 et
1449 994 1699 1051 comedit
1732 1013 1748 1062 ;
1784 994 1980 1066 ibique
2008 992 2122 1050 Ba-

473 1083 743 1140 silacium
789 1084 1076 1149 convenit,
1128 1083 1420 1141 inusitatae
1451 1085 1578 1140 vitae
1609 1083 1928 1152 hominem,
1961 1099 2120 1139 eam-

473 1190 584 1244 que
653 1174 988 1246 opinionem
1043 1175 1196 1245 apud
1269 1189 1473 1230 omnes
1527 1179 1902 1230 consecutum
1954 1173 2122 1244 quasi

472 1263 664 1319 futura
695 1264 1038 1334 praevideret
1077 1269 1252 1335 atque
1286 1263 1638 1332 praediceret.
1675 1263 1836 1320 Unde
1868 1263 2122 1318 maxima

473 1351 775 1408 hominum
812 1353 1139 1424 frequentia
1188 1353 1260 1408 ad
1293 1369 1449 1422 eum,
1483 1357 1550 1408 ut
1576 1351 1712 1408 olim
1745 1355 1815 1408 ad
1845 1354 2119 1408 Hammo-

471 1441 562 1496 nis
593 1445 650 1497 et
700 1441 1036 1512 Amphiarai
1096 1441 1418 1508 oraculum,
1450 1441 1802 1497 conﬂuebat.
1835 1444 2119 1498 Caeterum

472 1529 615 1585 nihil
647 1530 764 1584 veri
797 1534 852 1586 et
901 1529 1192 1600 perspicui
1241 1532 1310 1586 de
1344 1531 1516 1586 rebus
1577 1530 1789 1586 futuris
1841 1528 2118 1602 loqueba-

470 1622 583 1682 tur,
616 1619 715 1674 sed
747 1619 920 1673 verba
949 1619 1209 1688 confusa,
1251 1619 1408 1674 inter
1437 1636 1500 1675 se
1530 1619 1880 1675 dissidentia
1909 1624 1965 1676 et
1987 1634 2120 1690 per-

473 1706 640 1778 plexa
674 1707 984 1774 fundebat;
1017 1712 1074 1762 et
1102 1708 1364 1778 quamvis
1395 1724 1546 1780 saepe
1577 1707 1825 1764 ridicula
1855 1709 2118 1778 quaedam

472 1794 840 1861 admisceret,
880 1799 1074 1852 tamen
1108 1797 1335 1852 turbam
1396 1801 1699 1868 pastorum
1732 1797 2116 1868 agricolarum

467 1887 524 1938 et
553 1882 832 1953 remigum
889 1885 961 1939 ad
1011 1900 1076 1940 se
1105 1883 1451 1940 attrahebat.
1495 1883 1637 1939 Nam
1702 1885 2010 1940 mulierum
2044 1886 2116 1940 ad

463 1996 527 2037 se
581 1980 940 2036 venientium
991 1981 1139 2038 59l
1205 1981 1476 2038 mammis
1528 1981 1844 2052 exploratis
1887 1985 1945 2036 et
1989 1980 2122 2037 talis

466 2069 836 2126 contrectatis
883 2071 1130 2125 obscura
1161 2070 1468 2142 promebat
1515 2069 1771 2136 oracula,
1803 2074 1860 2125 et
1893 2072 1964 2127 ad
1997 2069 2118 2140 ple-

469 2175 680 2229 rasque
738 2159 1094 2230 quaestiones
1133 2159 1278 2214 nihil
1314 2159 1725 2230 repondebat,
1765 2163 1823 2214 et
1870 2176 2010 2215 suas
2035 2159 2118 2215 di-

467 2247 792 2303 vinationes
823 2247 1350 2303 discursutionibus
1371 2251 1428 2302 et
1459 2245 1678 2303 insanis
1707 2248 1966 2314 gestibus
2000 2264 2123 2319 per-

469 2335 696 2406 agebat.
775 2335 1064 2392 Astabant
1119 2335 1170 2390 ei
1239 2349 1466 2406 quoque
1537 2341 1794 2408 cognata:
1852 2336 2118 2405 aniculae,

469 2425 738 2481 vecordes
771 2432 820 2480 et
856 2424 1095 2495 insanae,
1127 2441 1258 2495 qua:
1298 2423 1724 2480 consultoribus
1752 2424 2122 2497 explicabant

472 2513 612 2586 quid
643 2513 727 2570 illi
761 2513 1024 2570 Basilaeii
1049 2519 1247 2586 gestus
1273 2529 1462 2568 rerum
1490 2512 1816 2570 futurarum
1847 2514 2121 2586 designa-

471 2609 620 2672 rent,
671 2609 730 2659 et
785 2602 1246 2658 taciturnitatem
1301 2606 1367 2658 ut
1418 2604 1736 2674 sapientem
1796 2605 2117 2662 orationem

468 2691 1024 2764 interpretabantur.
1076 2692 1131 2746 Is
1181 2690 1360 2762 igitur
1422 2690 1611 2763 homo,
1646 2695 1709 2747 ut
1763 2691 1902 2762 dixi,
1959 2701 2119 2750 vates

465 2781 638 2854 vulgo
695 2781 1017 2840 habebatur
1047 2790 1100 2838 et
1157 2783 1350 2838 futura
1379 2781 1686 2854 praadicere
1717 2783 2052 2854 putabatur,
2083 2800 2118 2839 a

471 2869 833 2928 mulierculis
879 2871 1228 2943 praesertim,
1262 2871 1477 2944 quibus
1523 2875 1728 2944 turpes
1760 2871 2116 2943 quaestiones

461 2963 518 3017 et
561 2960 862 3017 deformes
893 2961 1140 3016 vestium
1177 2960 1563 3032 implexiones
1609 2977 1714 3034 pro
1742 2961 1878 3017 ludo
1909 2969 1960 3017 et
1981 2963 2114 3031 joco

467 3049 630 3105 cordi
681 3055 868 3106 erant.
899 3051 1164 3106 Cordatis
1194 3065 1330 3106 vero
1387 3051 1718 3107 hominibus
1770 3051 1998 3122 ineptus
2025 3051 2116 3106 hi-

457 3138 609 3198 strio
641 3145 696 3194 et
739 3155 936 3194 vecors
991 3138 1349 3194 silicernium
1379 3138 1700 3195 videbatur.
1737 3139 1916 3194 Erant
1939 3140 2113 3196 etiam

461 3226 566 3298 qui
623 3241 754 3282 eum
786 3226 1103 3298 Pythonico
1161 3227 1372 3299 spiritu
1433 3243 1557 3284 esse
1612 3227 1918 3299 praeditum
1953 3228 2112 3286 haud
2145 3199 2188 3267 Ο

464 3317 719 3374 absurde
749 3317 1442 3390 conjectarent;qucrum
1465 3334 1568 3388 ego
1587 3319 1832 3390 judiciis
1863 3319 2114 3376 maxime

467 3404 778 3462 assentior.
825 3407 1244 3476 Imperatorem
1291 3422 1476 3478 neque
1536 3411 1600 3462 ut
1655 3413 1814 3463 tanta
1859 3409 2112 3480 potentia

468 3493 774 3567 praeditum
827 3495 1051 3567 excepit
1111 3512 1124 3564 ;
1175 3511 1362 3568 neque
1421 3495 1755 3552 salutationi
1813 3499 1938 3569 ejus
1985 3514 2112 3570 quae

471 3592 627 3642 erat:
673 3601 698 3628 α
741 3583 928 3652 Salve,
962 3589 1121 3656 pater
1149 3584 1409 3654 Basilaci,
1454 3607 1482 3636 »
1533 3587 1834 3658 respondit
1875 3605 1890 3654 ;
1925 3603 2113 3660 neque

470 3673 646 3731 tacito
677 3679 818 3730 nutu
850 3673 1055 3746 capitis
1075 3673 1286 3745 gratias
1308 3674 1462 3748 egit:
1495 3677 1596 3732 sed
1629 3675 1740 3732 huc
1769 3681 1940 3748 atque
1973 3677 2111 3733 illuc

469 3772 657 3830 instar
687 3772 834 3845 pulli
856 3771 1052 3845 equini
1074 3777 1174 3828 aut
1203 3773 1458 3829 hominis
1483 3774 1680 3830 furiosi
1711 3775 1933 3831 saltans
1957 3777 2110 3832 592

467 3861 879 3920 accedentibus
915 3861 1236 3933 maledixit,
1273 3865 1653 3921 Constantino
1710 3865 2112 3938 Mesopotatnio

466 3955 605 4009 tano
653 3951 713 4009 in
747 3951 975 4024 primis,
1027 3951 1124 4022 qui
1174 3955 1300 4008 tum
1333 3952 1552 4009 Isaacio
1618 3953 2111 4011 familiarissimus

465 4046 610 4099 erat.
661 4040 776 4098 Nee
830 4041 940 4113 ipsi
992 4041 1243 4113 denique
1300 4041 1632 4114 imperatori
1700 4061 1960 4116 parcens,
2018 4045 2109 4100 vix

467 4132 695 4185 tandem
749 4129 1026 4201 inquietis
1058 4129 1174 4186 illis
1234 4129 1651 4202 agitationibus
1692 4132 1945 4202 omissis,
1994 4132 2109 4188 sci-

467 4217 639 4290 pione
671 4233 844 4289 quem
876 4219 1148 4276 manibus
1189 4222 1472 4292 gestabat,
1496 4221 1772 4293 imaginis
1809 4225 2112 4292 imperato-

468 4307 570 4376 ris,
628 4323 752 4378 quaa
794 4306 852 4364 in
900 4309 1029 4378 ejus
1077 4310 1335 4366 oratorias
1389 4309 1544 4366 cellas
1607 4312 1825 4381 pariete
1881 4311 2112 4382 depicta

467 4398 614 4464 erat,
647 4394 832 4452 oculis
883 4396 1085 4466 erasis,
1118 4397 1295 4452 etiam
1345 4397 1561 4468 pileum
1623 4399 1696 4454 de
1738 4401 1922 4470 capite
1954 4399 2113 4456 illius

465 4483 694 4541 auferre
741 4485 1035 4541 studebat.
1086 4487 1220 4550 Quae
1253 4500 1383 4540 eum
1416 4485 1665 4553 fecisset,
1699 4487 2016 4558 imperator
2044 4505 2110 4546 eo

2227 547 2294 617 τῇ
2323 543 2490 602 αὐτοῦ
2519 549 2670 626 ἀρχῇ
2718 549 2810 604 καὶ
2869 554 2986 624 ζωῇ
3043 549 3140 604 τὸν
3198 547 3433 628 ἀδελφὸν
3494 547 3739 619 Ἀλέξιον
3795 555 3886 608 καὶ

2228 639 2686 709 παραπετάσματι
2745 637 2934 716 φιλίας
2990 637 3385 710 συγκαλύπτειν
3463 637 3728 714 πολλαχῆ
3828 638 3890 694 τό

2233 723 2594 800 μισάδελφον,
2624 727 2713 781 καὶ
2745 728 2818 789 ὡς
2851 725 3104 792 πλείονές
3144 727 3247 782 εἱσι
3301 727 3608 805 φιλαλέξιοι
3669 727 3890 802 μᾶλλον

2229 811 2368 886 ἢπερ
2412 813 2777 888 φιλισαακιοι,
2818 815 2895 877 ὡς
2963 814 3134 889 λῆρον
3191 815 3537 888 ἂπεπέμπετο
3593 815 3662 872 τὰ
3721 816 3892 891 λεγό-

2233 921 2393 974 μενα,
2464 900 2605 974 μηδὲ
2659 903 2722 958 τὸ
2774 901 3112 972 ἐξεταστικὸν
3180 904 3254 958 ὡς
3339 902 3492 968 λίθον
3563 904 3892 980 Ἡράκλειον

2229 990 2524 1066 προσάγων
2577 993 2668 1047 καὶ
2737 993 3038 1067 βασανίζων
3105 999 3213 1048 τῶν
3277 995 3424 1068 παρά
3479 999 3578 1050 τοῦ
3645 993 3894 1074 ἀδελφοῦ

2227 1079 2620 1153 πραττομένων
2649 1082 2710 1136 τὸ
2741 1076 3034 1152 κίϐδηλον,
3091 1081 3238 1138 ἀλλὰ
3288 1079 3482 1156 δριμὺς
3532 1081 3607 1136 ὥν
3657 1090 3781 1148 τοῖς
3827 1086 3893 1140 τὰ

2228 1173 2458 1225 τοιαῦτα
2523 1170 2937 1244 είσηγουμένοις
2996 1171 3072 1235 ὡς
3153 1167 3346 1246 ἔχουσι
3427 1174 3562 1246 πρὸς
3651 1172 3889 1246 ἐφέσεως

2229 1266 2481 1338 ἐξίτηλον
2511 1275 2686 1324 ποιεῖν
2719 1271 2820 1339 τὴν
2870 1269 3208 1326 ἀνέκπλυτον
3259 1273 3352 1326 καὶ
3401 1274 3520 1326 οἷον
3577 1273 3656 1334 εἷς
3717 1273 3892 1348 βάθος

2227 1355 2633 1430 ἐγκεκαυμένην
2665 1361 2734 1432 τῇ
2767 1359 2960 1414 ἑαυτοῦ
3017 1362 3170 1433 ψυχῇ
3227 1361 3361 1434 πρὸς
3411 1361 3506 1416 τὸν
3557 1361 3890 1436 κασίγνητον

2231 1447 2492 1520 στοργήν,
2523 1447 2580 1502 ὅν
2616 1447 2780 1518 μόνον
2811 1447 2918 1502 ἀπὸ
2967 1449 3180 1503 πάντων
3241 1451 3269 1504 ὁ
3329 1445 3595 1524 λωϐητὴρ
3647 1448 3892 1526 Ἀνδρό-

2233 1555 2384 1596 νικος
2419 1533 2518 1589 ούκ
2556 1535 2783 1591 έσίνατο.
2853 1538 3178 1615 ’Λφιγμένος
3235 1538 3412 1593 τοίνυν
3462 1537 3514 1600 ἐς
3559 1539 3660 1606 τήν
3708 1560 3888 1614 παρα-

2227 1621 2572 1679 θαλαττίδιον
2648 1622 2949 1682 Ῥαιδεστὸν
3014 1628 3114 1696 τήν
3191 1628 3454 1700 μεγίστην
3519 1626 3735 1683 ἐκτελεῖ
3804 1629 3892 1682 καὶ

2225 1712 2574 1788 κυριώνυμον
2607 1715 2972 1788 ἀναστάσιμον
3005 1715 3225 1788 ἑορτὴν,
3279 1717 3370 1770 καὶ
3411 1716 3524 1771 θύει
3569 1717 3664 1770 καὶ
3725 1715 3891 1772 ἐσθίει

2223 1802 2286 1857 τὸ
2348 1809 2541 1878 Πασχα
2593 1803 2654 1858 τὸ
2708 1803 2990 1876 μυστικόν.
3051 1805 3212 1860 Ἔνθα
3261 1807 3351 1860 καὶ
3407 1810 3488 1878 τῷ
3564 1804 3888 1878 Βασιλακίῳ

2229 1891 2556 1966 συγγίνεται,
2614 1893 2714 1949 Ἤν
2775 1890 2823 1947 δ’
2881 1892 3038 1956 οὗτος
3097 1893 3445 1966 ἀλλότροπόν
3501 1915 3622 1949 τινα
3695 1890 3885 1968 βίότον

2231 1979 2454 2050 μετιὼν,
2503 1981 2592 2034 καὶ
2651 1978 2806 2052 δόξαν
2864 1983 3009 2057 παρᾶ
3061 1983 3276 2038 πάντων
3335 1984 3602 2058 ἠνέγκατο
3657 2003 3890 2058 προφη-

2226 2068 2400 2123 τεύειν
2429 2071 2522 2124 καὶ
2553 2065 2884 2144 προϐλέπειν
2935 2073 3003 2127 τά
3053 2070 3377 2147 ἔμπροσθεν,
3419 2073 3541 2128 ὅθεν
3592 2072 3671 2137 εἷς
3725 2072 3883 2129 αὐτὸν

2224 2159 2294 2212 τὰ
2321 2157 2512 2230 πλήθη
2569 2160 2849 2236 συνέρῥεον
2898 2161 2972 2224 ὡς
3031 2159 3148 2216 οὐδ’
3196 2161 3250 2222 ἐς
3303 2162 3620 2236 μυρμηκιὰν
3679 2164 3739 2218 οἱ
3796 2162 3888 2218 ἐπ-

2227 2248 2466 2310 ανιόντες
2496 2269 2554 2304 τε
2583 2249 2673 2303 καὶ
2727 2249 2956 2322 ἐξιόντες
3017 2249 3311 2328 φιλόπονοι
3364 2251 3654 2325 μύρμηκες
3688 2252 3727 2321 ἢ
3761 2255 3884 2327 γοῦν

2227 2337 2280 2416 οἱ
2321 2335 2375 2399 ἐς
2413 2341 2716 2408 ’Ἄμμωνος
2769 2337 2939 2393 πάλαι
3007 2339 3099 2393 καὶ
3162 2341 3480 2414 Ἀμφιάρεω
3536 2339 3883 2416 ἀφικόμενοι.

2229 2411 2387 2481 Ἀλλ’
2435 2423 2586 2482 οὐδὲν
2643 2426 2844 2498 ἀληθὲς
2887 2429 2977 2485 καὶ
3046 2430 3206 2508 σαφὲς
3265 2430 3386 2504 περῖ
3443 2434 3551 2484 τῶν
3611 2428 3884 2504 ἐσομένων

2224 2513 2389 2577 οὗτος
2445 2513 2754 2592 ἐφθέγγετο,
2822 2515 3219 2591 πεπλανημένα
3286 2515 3345 2574 δὲ
3409 2519 3498 2573 καὶ
3585 2519 3882 2600 ἀσύμφωνα

2227 2604 2443 2667 ἑαυτοῖς
2475 2605 2564 2660 καὶ
2595 2603 2846 2686 γριφώδη
2879 2604 3082 2680 διεξῄει
3131 2607 3373 2682 ῥήματα·
3427 2607 3480 2662 ἐν
3529 2608 3774 2672 πολλοῖς
3829 2609 3880 2665 δὲ

2225 2693 2315 2749 καὶ
2347 2693 2592 2769 γέλωτος
2633 2691 3074 2771 διατεχνὼμενος
3134 2697 3276 2770 ἄξια,
3327 2697 3421 2752 τὸν
3481 2697 3874 2774 ἀγελαιοκόμον

2225 2793 2379 2867 ὅμως
2431 2796 2521 2850 καὶ
2579 2796 2714 2870 πρὸς
2783 2797 2928 2850 ὕννιν
2995 2797 3282 2874 ἀφορῶντα
3347 2797 3439 2852 καὶ
3509 2797 3702 2868 κώπην
3754 2798 3864 2854 ἐπε-

2227 2887 2398 2938 σπᾶτο
2443 2885 2603 2940 Λεών.
2658 2887 2780 2941 Τῶν
2829 2884 2934 2960 γὰρ
2994 2883 3406 2962 ἀφικνουμένων
3461 2883 3516 2947 ἐς
3572 2886 3722 2940 αὐτὸν
3775 2907 3866 2960 γα-

2225 2976 2425 3026 ναικῶν
2479 2971 2739 3044 ἐμάστευε
2794 2971 2921 3035 τοὺς
2984 2974 3242 3046 μαστοὺς,
3301 2974 3392 3028 καὶ
3450 2979 3759 3050 περιαθρῶν
3814 2975 3876 3029 τὰ

2225 3061 2406 3137 σφυρὰ
2436 3059 2624 3137 ληρῶν
2659 3061 2746 3117 ἐπὶ
2775 3063 2990 3124 τούτοις
3030 3063 3098 3132 ἦν
3145 3062 3238 3118 καὶ
3287 3059 3678 3136 ἀποφοιϐάζων
3730 3061 3878 3119 ἀδιά-

2227 3171 2444 3224 γνωστα
2490 3147 2676 3226 λόγια.
2722 3153 3041 3208 ’Λπεσιώπα
3100 3149 3158 3207 δὲ
3219 3151 3354 3207 κάπὶ
3411 3157 3534 3215 ταῖς
3600 3153 3882 3216 πλείσταις

2225 3244 2333 3295 τῶν
2392 3239 2632 3296 πεύσεων
2697 3242 2860 3316 αἳπερ
2934 3241 3083 3315 αύτῷ
3148 3241 3296 3317 παρὰ
3365 3245 3474 3296 τῶν
3542 3244 3878 3316 προσιόντων

2226 3327 2518 3404 ἐπήγοντο,
2593 3329 2685 3384 καὶ
2759 3331 2854 3392 τὰς
2931 3329 3132 3392 οἰκείας
3235 3329 3452 3405 πράξεις
3553 3327 3877 3404 μεταϐάσεσι

2222 3426 2476 3482 τοπικαῖς
2503 3421 2592 3475 καὶ
2637 3425 3054 3495 σχηματισμοῖς
3104 3419 3345 3496 ἐπέραινε
3392 3426 3678 3482 Πανικοῖς.
3737 3429 3879 3478 Συν-

2224 3513 2432 3565 εστῶτα
2485 3506 2542 3563 δὲ
2585 3507 2779 3584 γύναια
2839 3510 3036 3587 γραῖκά
3105 3531 3226 3565 τινα
3291 3508 3768 3587 οἰστρηλατοῦντά
3829 3533 3881 3567 τε

2222 3599 2310 3652 καὶ
2371 3599 2817 3671 κωθωνιζόμενα,
2876 3599 3012 3654 κατᾶ
3064 3598 3214 3674 γένος
3261 3597 3409 3672 αύτῷ
3481 3599 3877 3674 συναπτόμενα,

2225 3688 2533 3764 ben-{065110
2565 3692 2682 3748 τοῖς
2713 3683 3130 3763 παραϐάλλουσι
3161 3688 3228 3744 τὰ
3259 3689 3364 3744 ὑπὸ
3402 3692 3498 3744 τοῦ
3540 3689 3876 3746 Βασιλακίου

2221 3775 2550 3848 τελούμενα,
2605 3777 2635 3831 ὅ
2684 3799 2737 3833 τι
2802 3783 2910 3832 τῶν
2975 3777 3356 3856 γενησομένων
3421 3780 3875 3854 τεκμηριάζουσιι

2223 3867 2312 3922 καὶ
2360 3867 2460 3934 τὴν
2506 3869 2668 3940 σιγήν
2711 3867 2786 3930 ὥς
2833 3889 2888 3922 τι
2941 3865 3321 3944 φθεγγομένην
3359 3866 3450 3922 καὶ
3490 3866 3873 3939 ὑποδηλοῦσαν

2224 3955 2390 4034 σοφὸν
2423 3951 2798 4028 διεσήμαινον.
2841 3959 2929 4028 [Ρ.
2959 3959 3088 4030 288]
3123 3954 3326 4014 Ἐδόκει
3357 3955 3452 4030 οὖν
3485 3957 3513 4012 ὁ
3543 3957 3680 4032 ἀνὴρ
3713 3958 3875 4018 οὗτος

2221 4049 2339 4108 τοῖς
2371 4043 2464 4116 μέν
2513 4041 2772 4118 πολλοῖς,
2833 4045 2910 4110 ὡς
2953 4044 3069 4120 ἔχω
3126 4045 3318 4118 εἰπὼν,
3375 4046 3731 4123 προφητικὸς,
3781 4045 3875 4101 καὶ

2223 4131 2614 4207 προσημαίνων
2655 4134 2724 4188 τὰ
2776 4130 3192 4207 συμϐησόμενα,
3241 4135 3330 4189 καί
3388 4134 3604 4208 μάλισθ’
3647 4133 3875 4196 ὁπόσαις

2221 4227 2332 4278 τῶν
2379 4227 2648 4297 γυναικῶν
2709 4223 2766 4278 αἱ
2823 4227 2930 4278 τῶν
2989 4223 3228 4278 πεύσεων
3283 4222 3504 4298 ἂσεμνοι
3556 4224 3646 4278 καὶ
3703 4223 3878 4300 ἀσχή-

2229 4332 2387 4385 μονες
2445 4315 2554 4366 τῶν
2615 4311 2940 4384 ἐσθημάτων
2987 4307 3360 4386 ἐγκομϐώσεις
3419 4313 3494 4374 ὠς
3551 4310 3746 4369 παιδιά
3796 4333 3874 4374 τις

2224 4407 2687 4486 περιεσπούδαστο
2741 4410 2944 4487 γέλωτι
3003 4410 3332 4484 σύμμικτος,
3383 4419 3499 4474 τοῖς
3548 4408 3592 4466 δ’
3653 4411 3707 4473 ἐς
3751 4415 3868 4466 νοῦν

2231 4501 2496 4574 βάπτουσι
2526 4498 2810 4574 περίεργόν
2837 4521 2889 4554 τι
2919 4501 3010 4556 καὶ
3041 4499 3440 4574 γελωτοποιῶν
3470 4501 3562 4555 καὶ
3621 4498 3862 4576 ληρῶδες

463 4574 646 4630 deliro
676 4573 946 4644 despecto
981 4573 1239 4639 recessit,
1264 4574 1514 4646 populus
1544 4591 1679 4630 vero
1733 4577 1827 4647 qui
1858 4593 1923 4632 ea
1953 4577 2108 4634 vide-

2224 4571 2498 4666 γεφόντιον
2529 4571 2738 4666 ἥγητοξ
2787 4588 2906 4645 Εἰσὶ
2961 4585 3008 4642 δ’
3056 4571 3112 4644 οἱ
3158 4589 3248 4644 καὶ
3301 4589 3570 4662 πνεύματι
3624 4571 3860 4649 Πύθωνος

462 4662 727 4734 rat,nihil
759 4663 893 4720 boni
937 4662 1330 4718 ominabatur.
1364 4662 1435 4718 Ut
1465 4679 1598 4719 vero
1629 4665 1802 4720 etiam
1835 4671 2106 4724 eventum

463 4769 580 4810 non
614 4752 783 4825 plane
815 4753 886 4808 ab
918 4751 1035 4807 illis
1061 4751 1244 4823 signis
1269 4751 1580 4809 abhorrere
1610 4754 1891 4826 constitit,
1916 4757 2108 4827 cujus-

465 4867 581 4922 que
626 4850 820 4921 opinio
872 4851 944 4907 de
989 4849 1276 4908 Basilaeio
1321 4852 1661 4910 conﬁrmata
1708 4861 1812 4923 est,
1868 4871 2016 4927 qure,
2047 4860 2111 4912 ut

465 4938 606 5003 dixi,
639 4954 852 5010 anceps
883 4939 1043 5010 prius
1072 4943 1129 4997 et
1153 4940 1211 4996 in
1245 4940 1534 5013 plerisque
1563 4943 1744 4999 dubia
1776 4943 1982 5000 fuerat.
2036 4944 2110 5000 Ut

466 5030 662 5082 autem
719 5027 1035 5098 imperator
1093 5030 1356 5101 Cypsella
1412 5034 1695 5103 pervenit,
1755 5033 2106 5088 exercituum

467 5119 690 5185 partem
748 5115 1114 5182 centuriavit,
1167 5124 1412 5188 partem,
1445 5137 1572 5192 quas
1631 5121 1889 5176 nondum
1939 5122 2108 5177 adve-

468 5208 654 5270 nerat,
721 5205 1092 5272 exspectavit.
1143 5205 1254 5261 Sed
1315 5209 1636 5264 nobilitatis
1708 5226 1917 5281 magna
1975 5227 2108 5280 pars

468 5305 618 5362 aegre
679 5290 826 5346 ferre
883 5307 946 5347 se
994 5292 1280 5350 simulans
1339 5299 1493 5366 quod
1527 5296 1698 5370 longo
1730 5306 1984 5370 tempore
2033 5299 2108 5354 ab

469 5382 818 5450 imperatore
873 5379 1132 5452 neglecta
1185 5389 1362 5451 esset,
1413 5388 1686 5456 quodque
1736 5403 1828 5443 res
1877 5387 2110 5458 publica

468 5469 622 5526 598
664 5483 963 5539 perperam
998 5479 1049 5524 et
1089 5479 1299 5528 temere
1330 5475 1853 5544 administraretur,
1885 5493 2015 5532 eum
2049 5493 2110 5532 re

467 5573 601 5613 vera
632 5556 772 5612 illud
807 5565 1112 5627 spectaret,
1148 5563 1300 5631 quod
1335 5578 1401 5617 ex
1431 5565 1659 5634 imperii
1693 5566 2109 5622 mutationibus

468 5665 531 5706 se
558 5645 803 5719 plurima
836 5646 1220 5706 emolumenta
1254 5651 1546 5723 percipere
1583 5655 2106 5724 animadvertebat,

2216 4681 2454 4753 κάτοχον
2515 4678 2796 4754 εὐστόχως
2882 4677 3180 4751 εἰρήκασιν,
3239 4679 3323 4742 οἷς
3376 4677 3578 4753 ἐθέμην
3639 4679 3847 4753 μάλιστα

2216 4769 2306 4825 καί
2351 4769 2534 4828 αὐτός.
2585 4769 2727 4826 Τότε
2800 4771 2934 4842 γοῦν
3007 4767 3283 4823 ἐπιστάντι
3357 4773 3438 4840 τῷ
3513 4767 3838 4842 αὐτοκράτορι

2219 4856 2341 4914 οὔτε
2395 4855 2696 4933 προσέσχεν
2756 4853 2904 4919 ὃλως
2963 4856 3038 4920 ὡς
3087 4852 3552 4932 περιϐεϐλημένῳ
3605 4856 3846 4924 τοσαύτην

2217 4948 2303 5001 καὶ
2337 4945 2596 5017 τοιαύτην
2640 4946 2826 5024 ἱσχὺν,
2887 4942 3010 5000 οὔτε
3040 4945 3176 5022 πρὸς
3229 4946 3327 5015 τὴν
3376 4945 3542 5002 αὐτοῦ
3598 4965 3861 5024 προσηγο-

2221 5034 2339 5110 ρίαν
2372 5035 2428 5106 (ἡ
2465 5031 2520 5088 δὲ
2549 5037 2614 5103 ἦν
2649 5058 2678 5087 ι(
2709 5033 2957 5109 Χαίροις,
3002 5035 3052 5110 ὦ,
3099 5035 3268 5109 πάτερ
3323 5035 3624 5092 Βασιλάκιε
3657 5059 3682 5090 ι
3717 5039 3734 5110 )
3775 5036 3868 5104 τήν

2219 5122 2506 5196 ἀπόκρισιν
2551 5119 2698 5180 ἔθετο
2845 5128 2973 5196 γοῦν
3035 5125 3412 5194 ἁντησπάσατο
3473 5131 3658 5202 σιωπῇ
3715 5146 3871 5182 κατα-

2218 5211 2408 5274 νεύσας
2439 5217 2505 5287 τῇ
2538 5213 2773 5294 κεφαλῇ,
2826 5214 2954 5270 ἀλλ’
3003 5213 3112 5270 ὦδε
3163 5215 3380 5270 κάκεῖσε
3426 5219 3562 5289 μετὰ
3614 5217 3870 5274 πωλικῶν

2220 5304 2516 5378 φερόμενος
2577 5305 2960 5376 σκιρτημάτων
3020 5303 3110 5358 καὶ
3161 5307 3494 5383 παραφόρων
3575 5308 3870 5377 μετακινήο

2219 5411 2352 5445 σεων
2380 5389 2696 5467 ἐκακολόγει
2759 5391 2884 5454 τοὺς
2937 5393 3284 5468 προσιόντας,
3341 5395 3432 5450 καὶ
3489 5393 3730 5468 μάλιστα
3779 5394 3870 5451 τὸν

2220 5480 2682 5554 Μεσοποταμίτην
2761 5487 3180 5556 Κωνσταντῖνον,
3264 5484 3324 5544 ὅς
3398 5486 3463 5552 ἦν
3538 5486 3665 5539 τότε
3740 5485 3863 5540 λίαν

2218 5568 2561 5642 ᾠκειωμένος
2594 5575 2672 5640 τῷ
2707 5569 2942 5644 βασιλεῖ,
2987 5569 3118 5644 μηδ’
3179 5570 3344 5627 αὐτοῦ
3396 5570 3719 5652 φειδόμενος
3763 5577 3861 5628 τοῦ

2219 5659 2565 5733 κραττῦντος.
2603 5659 2738 5736 ³0ψέ
2771 5657 2828 5715 δὲ
2884 5661 2970 5716 καὶ
3017 5659 3188 5736 μόλις
3241 5665 3352 5719 τῶν
3401 5660 3642 5720 ἀτάκτων
3692 5661 3863 5735 λήξας
