4098 6292
318 339 434 401 821

1446 340 1547 400 DE
1590 336 1905 399 ISAACIO
1947 335 2260 395 ANGELO
2307 333 2451 392 LIB.
2501 332 2603 393 Ill.

3618 338 3737 398 822

321 474 611 545 κινήσεων,
660 473 762 543 τὴν
815 478 975 550 χεῖρα
1024 471 1258 533 ἐκτείνας
1312 473 1533 551 ἀχρειοῖ
1571 469 1658 526 δια
1686 474 1783 526 τοῦ
1814 468 1947 543 σκίμ

2088 484 2215 540 quae
2248 467 2348 523 diu
2381 466 2612 523 caelarat
2636 465 2872 531 animis,
2905 472 3027 521 tum
3061 464 3118 520 in
3155 468 3422 536 apertum
3469 469 3733 540 protulit.

322 569 531 635 πωνος,
564 564 621 618 ὅν
648 559 801 641 ἔφερε
856 569 974 617 ταῖν
1044 569 1252 641 χεροῖν,
1299 564 1398 631 τήν
1460 559 1639 616 εῗκόνα
1678 563 1775 615 τοῦ
1817 561 1975 633 βασι-

325 650 495 719 λέως,
527 648 650 720 ἤτις
701 651 838 705 κατα
884 651 945 705 τὸ
994 650 1069 713 εἰς
1131 651 1305 729 εὐχὴν
1364 648 1510 721 αὐτῷ
1539 648 1972 723 ἀποτεταγμένον

327 736 556 793 οἶ“κέδιον
589 739 882 813 χρώμασιν
914 736 1001 792 ἐπὶ
1038 737 1241 813 τοίχου
1284 735 1586 807 έστῆλωτο,
1619 737 1742 799 τοὺς
1772 733 1975 811 ὀφθαλ-

329 826 468 901 μοὺς
523 821 1030 900 διαλωϐησάμενος.
1080 827 1346 901 Ὠρμήκει
1396 824 1451 881 δὲ
1498 825 1589 880 καὶ
1638 825 1729 879 τὸν
1758 829 1859 893 τῆς
1888 843 1975 877 κει

322 915 506 995 φαλξς
560 918 656 969 τοῦ
708 914 1106 989 αὐτοκράτορος
1166 914 1330 970 πῖλον
1393 913 1625 987 ἁρπάσαι
1675 912 1764 967 καὶ
1796 910 1974 990 χαμαὶ

318 1009 680 1081 κατενεγκεῖν.
736 1006 838 1061 Καὶ
886 1008 1053 1059 ταῦτα
1103 1005 1197 1077 μὲν
1248 1005 1405 1065 οὗτος
1454 1000 1827 1076 διεπεπράχει·
1863 997 1975 1054 ὁδὶ

320 1089 577 1156 ϐασιλεὺς
626 1093 934 1171 ἀφροσύνην
981 1093 1283 1169 καταγνοὺς
1324 1098 1420 1148 τοῦ
1455 1089 1746 1166 ἀνδραρίου
1777 1088 1973 1144 ἐκεῖθεν

320 1186 664 1258 μεθισταται.
724 1182 921 1245 Αύτοῖς
984 1179 1165 1256 μέντοι
1223 1204 1287 1257 γε
1341 1188 1456 1245 τοῖς
1518 1179 1970 1254 συνειλεγμένοις,

318 1272 630 1353 ὀφθαλμοῖς
666 1268 1050 1349 παραλαόοὖσι
1077 1274 1147 1327 τὰ
1175 1273 1433 1348 γεγονότα
1483 1270 1583 1325 οὐκ
1629 1263 1970 1342 εὒσύμϐολος

317 1367 425 1419 τῶν
459 1360 733 1436 ἔσομένων
791 1362 985 1425 οἰωνὸς
1038 1359 1458 1437 συλλελόγιστο.
1510 1360 1585 1422 ὡς
1644 1356 1701 1413 δὲ
1756 1357 1969 1420 καὶτὰς

316 1447 617 1516 ἀποϐάσεις
666 1451 728 1506 οὐ
773 1452 949 1522 πάντη
1008 1448 1317 1523 ἀπᾳδούσας
1374 1454 1491 1513 τοῖς
1549 1442 1852 1521 συμϐόλοις
1882 1467 1971 1503 τε-

317 1544 554 1614 θέανται,
589 1541 673 1596 ἐπὶ
711 1539 881 1596 πλέον
934 1533 1158 1602 ἕκαστος
1213 1538 1297 1594 ’ἐτι
1348 1541 1447 1609 τήν
1506 1538 1630 1611 περὶ
1675 1541 1770 1592 τοῦ
1803 1542 1971 1592 Βασι-

317 1628 513 1686 λακίου
575 1628 733 1699 δόξαν
790 1627 1106 1703 ἒκράτυναν,
1164 1626 1480 1704 ἀμφιρῥεπῆ
1539 1646 1597 1681 τε
1650 1625 1834 1694 οὖσαν,
1892 1624 1965 1685 ὡς

314 1718 426 1790 ἤδη
491 1741 587 1792 μοι
645 1716 918 1786 λέλεκται,
979 1719 1242 1792 πρότερον
1300 1717 1431 1771 κάπί
1497 1720 1614 1777 τοῖς
1678 1713 1963 1775 πλείστοις

2086 558 2232 614 Cum
2269 563 2463 614 autem
2510 557 2823 628 imperator
2879 570 3198 611 conscenso
3249 572 3398 628 equo
3457 564 3730 617 venatum

2085 647 2275 702 iturus
2310 646 2547 701 fratrem
2582 644 2871 712 Alexium,
2896 648 2960 699 ut
2978 659 3172 699 secum
3205 646 3388 700 exiret
3418 650 3475 701 et
3508 646 3562 701 in
3597 648 3730 705 her-

2088 736 2240 793 bidis
2273 740 2327 791 et
2353 735 2576 790 floridis
2601 733 2719 789 illis
2745 733 2888 790 locis
2917 751 3033 789 una
3064 733 3476 803 obiectaretur,
3509 747 3730 797 accersi

2076 826 2378 898 jussisset,
2412 824 2462 879 is
2497 824 2807 879 destinatis
2838 824 3223 895 exsequendis
3247 824 3527 893 intentus,
3562 830 3727 901 aegri-

2084 914 2288 971 tudine
2319 919 2377 968 et
2406 929 2562 969 venas
2608 913 2867 969 sectione
2918 910 3226 981 simulata,
3286 916 3558 973 comitari
3594 932 3727 975 eum

2086 1002 2396 1060 recusavit.
2422 1002 2516 1058 Sic
2539 1001 2635 1057 ille
2657 999 2821 1057 solus
2861 1005 3119 1073 ereptum
3172 1004 3282 1057 iter
3328 1007 3723 1076 prosequitur.

2086 1092 2273 1149 Alexii
2306 1107 2440 1147 vero
2462 1090 2777 1161 conjurati,
2809 1090 3080 1146 homines
3114 1090 3293 1161 leves,
3326 1094 3724 1163 conscelerati,

2082 1181 2283 1253 euripo
2318 1178 2743 1247 mutabiliores,
2777 1179 2929 1235 fucis
2947 1183 3005 1234 et
3040 1178 3190 1235 dolis
3222 1180 3442 1249 referti,
3472 1182 3572 1237 ubi
3614 1184 3727 1239 im-

2081 1277 2406 1345 peratorem
2437 1285 2571 1324 cum
2626 1268 2980 1324 satellitibus
3031 1272 3088 1324 et
3118 1268 3348 1337 amicis,
3380 1287 3631 1341 quorum
3666 1273 3721 1328 in

2080 1359 2546 1416 administranda
2577 1374 2637 1415 re
2664 1356 2900 1428 publica
2929 1362 2985 1413 et
3022 1357 3441 1429 cupiditatibus
3476 1360 3599 1416 suis
3622 1377 3723 1417 ex-

2080 1449 2308 1522 plendis
2339 1464 2514 1521 opera
2550 1448 2843 1511 utebatur,
2879 1446 2988 1502 tria
3007 1445 3450 1503 circiterstadia
3479 1451 3723 1506 ataber-

2079 1539 2289 1596 naculo
2321 1537 2634 1595 recessisse
2650 1536 2940 1601 viderunt,
2960 1535 3480 1592 Alexiuminvitum
3495 1536 3719 1595 scilicet

2078 1630 2382 1700 abreptum
2402 1624 2988 1697 etinimperatorium
3012 1626 3331 1681 tentorium
3364 1628 3712 1697 perductum

2075 1719 2483 1791 imperatorem
2517 1714 2862 1771 salutarunt.
2916 1715 3095 1769 Erant
3153 1714 3211 1769 hi
3267 1716 3487 1772 Branas
3528 1717 3713 1774 Theo-

311 1804 830 1889 ἀμφισϐητήσιμον.
871 1808 958 1869 Ὦς
1010 1803 1057 1860 δ’
1105 1806 1181 1869 εἰς
1235 1806 1301 1860 τὰ
1360 1802 1615 1878 Κύψελλα
1666 1804 1693 1857 6
1752 1808 1954 1877 κρατῶ-ι

2077 1809 2277 1875 dorus,
2310 1805 2592 1877 Georgius
2650 1803 3031 1875 Palaeologus,
3081 1804 3227 1860 Raul
3277 1804 3714 1873 Constantinus,

313 1898 563 1975 ἀφίκετο,
618 1898 683 1952 τὰ
745 1897 837 1969 μὲν
891 1901 999 1951 τῶν
1069 1894 1488 1968 στρατευμάτων
1559 1892 1611 1955 ἐς
1684 1892 1964 1968 φάλαγγας

308 1988 402 2043 καὶ
460 1986 588 2049 ἲλας
646 1985 945 2055 ξυνέταττε,
1009 1985 1074 2039 τά
1146 1982 1202 2038 δὲ
1258 1979 1574 2058 καραδοκῶν
1638 1980 1962 2056 προσέμενεν

304 2075 613 2157 ἀφικέσθαι.
644 2078 759 2129 Τῶν
812 2072 859 2129 δ’
907 2071 963 2129 εὖ
1012 2072 1317 2149 γεγονότων
1354 2071 1542 2146 συχνοὶ
1570 2074 1640 2145 τῇ
1672 2071 1964 2144 ἅκομιστίᾳ

302 2171 404 2223 τοῦ
469 2162 740 2242 βασιλέως
797 2161 857 2218 ἐκ
918 2166 1126 2237 μακροῦ
1181 2160 1556 2240 δυσχεραίνειν
1594 2159 1961 2233 πλαττόμενοι

303 2256 396 2311 καὶ
429 2259 506 2326 τῷ
557 2254 633 2328 μή
684 2254 821 2307 κατά
866 2252 957 2307 τὸν
1007 2250 1186 2306 εἰκότα
1226 2249 1393 2326 λόγον
1437 2249 1504 2304 τὰ
1549 2249 1703 2303 κοινὰ
1735 2245 1961 2303 διοικεῖ-

304 2357 431 2410 σοαι
487 2343 801 2419 πράγματα,
859 2341 1027 2396 εἰπεῖν
1112 2337 1157 2394 δ’
1234 2338 1590 2411 ἀληθέστερον
1642 2338 1737 2398 τὰς
1798 2357 1959 2409 μετα-

304 2428 479 2493 ϐολὰς
525 2436 633 2487 τῶν
706 2430 1042 2505 πραγμάτων
1104 2429 1238 2483 κατά
1294 2427 1436 2482 πολὺ
1496 2420 1959 2500 συμϐαλλομένας

304 2524 496 2583 αὐτοῖς
554 2518 607 2582 ἐς
667 2517 1059 2594 χρηματισμὸν
1115 2518 1558 2587 κατανοήσαντες,
1613 2515 1737 2569 τότε
1778 2516 1842 2568 τὰ
1873 2514 1960 2569 ἐν-

305 2609 568 2666 δεδυκότα
624 2612 694 2683 τῇ
755 2611 910 2683 ψυχῇ
967 2607 1055 2663 καὶ
1116 2605 1544 2678 ὑποοαλπόμενα
1595 2608 1692 2658 τοῦ
1724 2606 1955 2673 στήθους

301 2698 706 2772 ἀναμηρύοντες
770 2698 848 2757 εἷς
907 2701 1020 2774 φῶς
1072 2697 1435 2769 προήνεγκαν.
1496 2692 1688 2751 Τοίνυν
1757 2694 1785 2747 6
1860 2694 1955 2765 μὲν

304 2791 660 2863 αὐτοκράτωρ
717 2786 793 2847 εἷς
852 2784 1175 2862 κυνηγέσιον
1236 2784 1501 2857 ὁρμηθεὶς
1554 2782 1643 2837 καὶ
1701 2782 1836 2855 πρὸς
1876 2786 1955 2854 τῷ

302 2872 541 2953 ἔφιππος
604 2877 834 2954 ὀφθῆναι
916 2876 1196 2951 γινόμενος
1285 2871 1656 2946 μετεπέμπετο
1711 2870 1803 2925 καὶ
1859 2872 1952 2926 τὸν

305 2962 541 3041 ἀδελφὸν
611 2964 848 3035 Ἀλέξιον
919 2964 1205 3033 συνεξιέναι
1269 2963 1321 3016 οἱ
1380 2962 1467 3016 καὶ
1529 2958 1950 3036 συνδιαχυοῆναι

299 3055 439 3111 κατὰ
466 3057 572 3109 τῶν
619 3052 783 3109 ἐκεῖσε
838 3050 1037 3109 πεδίων
1098 3052 1162 3106 τὰ
1217 3048 1409 3121 ποώδη
1445 3049 1533 3106 καὶ
1570 3048 1798 3122 ἀνθηράν
1832 3050 1860 3104 ὁ
1892 3046 1948 3104 δὲ

292 3148 436 3222 πρὸς
484 3146 544 3200 τὸ
602 3144 653 3201 ἐν
713 3146 901 3225 χερσὶν
958 3142 1111 3220 ἔργον
1169 3142 1595 3217 ἑτοιμασάμενος
1630 3140 1942 3197 ἐπισπέσθαι

292 3237 347 3291 oi.
380 3234 673 3307 ἀπείπατο,
731 3234 867 3309 πρὸς
918 3233 1110 3309 σχάσιν
1168 3228 1369 3310 φλεϐὸς
1428 3230 1812 3304 ἑτοιμασοῆναι
1854 3229 1950 3286 λέ-

291 3346 431 3401 γων,
496 3324 837 3397 μσλακισμὸν
885 3323 1307 3398 ὑποκρινάμενος
1360 3322 1631 3394 σώματος.
1693 3319 1793 3377 Καὶ
1842 3319 1944 3375 οὕ-

293 3435 406 3475 τως
465 3414 494 3467 6
552 3414 646 3487 μὲν
706 3408 863 3485 ἔξείσι
913 3412 1004 3467 καὶ
1066 3410 1227 3484 μόνος
1286 3412 1376 3465 καὶ
1430 3418 1530 3479 τῆς
1577 3411 1943 3481 προγειμένης

293 3498 502 3578 ἔχεται,
539 3502 590 3555 οἱ
618 3499 676 3555 δὲ
704 3498 801 3555 τοῦ
832 3501 1148 3574 σκέμματος
1193 3504 1579 3560 κοινωνοῦντες
1608 3503 1686 3570 τῷ
1715 3496 1943 3569 Ἀλεξίῳ

291 3591 489 3665 λοιμοί
546 3589 637 3645 καὶ
686 3585 845 3645 κύϐοι
903 3592 994 3644 καὶ
1053 3585 1265 3664 εὔριποι
1324 3588 1412 3642 καὶ
1468 3591 1551 3661 [Ρ.
1586 3591 1712 3661 289]
1744 3594 1944 3658 σκηνῆς

290 3682 556 3759 γέμοντες
589 3677 865 3753 ἄνθρωποι
924 3678 1054 3733 ὡσεὶ
1114 3676 1364 3739 σταδίους
1418 3683 1564 3751 τρεῖς
1596 3678 1686 3732 τὸν
1719 3678 1945 3753 βασιλέα

290 3770 559 3846 προϊόντα
617 3765 816 3829 ἰδόντες
874 3774 977 3837 τῆς
1035 3773 1236 3837 σκηνῆς
1300 3767 1434 3840 μετά
1485 3772 1592 3821 τῶν
1646 3764 1817 3827 πέλας
1856 3764 1943 3821 καὶ

292 3860 472 3937 φίλων
534 3859 615 3921 οἷς
670 3854 1033 3912 πεπολίτευτο
1092 3856 1182 3909 καὶ
1235 3854 1288 3909 οἳ
1340 3851 1670 3926 συνδιῲκουν
1700 3854 1850 3925 αύτῷ
1879 3855 1944 3908 τὰ

288 3950 407 4005 κατ’
452 3943 653 4024 ἔφεσιν,
700 3945 1125 4020 συναρπάζουσιν
1178 3942 1475 4018 εἷρωνίκῶς
1533 3943 1625 3997 τὸν
1676 3940 1943 4014 Ἀλέξιον,

289 4042 381 4095 καὶ
443 4038 519 4100 εἷς
572 4040 675 4108 τὴν
734 4036 1010 4111 βασίλειον
1065 4037 1269 4107 σκηνὴν
1325 4039 1516 4090 τοῦτον
1556 4033 1944 4109 εῒσάγουσικαὶ

291 4129 711 4203 ἀναγορεύουσιν
760 4125 1151 4201 αὐτοκράτορα.
1201 4126 1367 4181 Ἦσαν
1417 4122 1464 4179 δ’
1512 4125 1663 4178 οὗτοι
1714 4125 1741 4178 6
1802 4126 1947 4198 Βρα-

290 4225 387 4283 νᾶς
448 4216 751 4293 Θεόδωρος,
810 4217 838 4271 6
898 4216 1279 4291 Παλαιολιόγος
1342 4216 1631 4290 Γεώργιος,
1668 4216 1695 4269 6
1741 4220 1948 4291 Πετρα-

294 4306 459 4385 λίφας
492 4307 746 4376 Ἰωάννης
801 4306 891 4360 καὶ
951 4306 979 4359 6
1036 4303 1233 4361 Ῥαοὺλ
1293 4307 1711 4366 Κωνσταντῖνος,
1747 4304 1943 4361 ὁΚανο

294 4396 628 4467 τακουζηνὸς
659 4391 895 4468 Μιχαὴλ
954 4391 1043 4447 καὶ
1103 4390 1298 4466 συχνοὶ
1354 4389 1528 4465 ’έτεροι
1582 4390 1944 4467 ἀνάρσιοικαῖ

297 4482 510 4558 εὔριποι
540 4484 841 4561 ἅνθρωποι,
884 4482 1019 4539 κατᾶ
1066 4481 1215 4558 γένος
1265 4485 1343 4554 τῷ
1408 4479 1628 4557 βασιλεῖ
1676 4483 1944 4537 συναπτό-

2076 1896 2515 1951 Cantacuzcnus
2544 1891 2811 1958 Michael,
2844 1897 2900 1947 et
2942 1891 3039 1946 alii
3071 1894 3403 1965 complures
3460 1894 3711 1966 improbi

2071 1988 2128 2040 et
2149 1982 2300 2039 leves
2331 1980 2624 2046 homines,
2671 1980 3010 2052 imperatori
3073 1984 3361 2055 sanguine
3413 1984 3624 2053 juncti,
3659 1988 3716 2040 et

2072 2088 2280 2144 agmen
2317 2086 2517 2126 eorum
2543 2069 2642 2140 qui
2666 2070 2820 2126 594
2853 2085 3110 2125 mensam
3128 2072 3710 2129 sehastocratoricam

2069 2160 2581 2226 consectabantur,
2615 2157 2778 2213 novis
2797 2158 2974 2212 rebus
3006 2160 3351 2229 gaudentes.
3373 2160 3552 2214 Totus
3576 2160 3713 2215 item

2067 2248 2356 2304 exercitus
2390 2247 2488 2302 illo
2512 2251 2673 2303 motu
2725 2248 3007 2302 duntaxat
3039 2248 3239 2303 audito
3295 2248 3603 2329 turmatim
3636 2250 3705 2304 ad

2063 2339 2327 2395 Alexium
2388 2336 2604 2406 deﬁcit,
2656 2336 2965 2392 domestici
3024 2342 3301 2409 praeterea
3357 2342 3416 2393 et
3452 2338 3707 2393 ministri

2064 2429 2268 2486 Isaacii
2297 2445 2519 2495 omnes,
2552 2432 2611 2483 et
2633 2428 2731 2499 qui
2765 2428 2833 2482 ab
2868 2444 2934 2483 eo
2953 2427 3239 2499 dignitate
3290 2429 3582 2484 senatoria
3612 2445 3705 2484 or-

2067 2521 2187 2575 nati
2213 2526 2397 2575 erant.
2423 2522 2495 2574 At
2546 2519 2865 2589 imperator
2922 2518 3190 2574 obscuris
3231 2518 3519 2591 principio
3553 2521 3701 2576 voci-

2060 2609 2172 2664 bus
2203 2606 2479 2678 acceptis,
2513 2606 2722 2662 deinde
2746 2622 2803 2660 in
2837 2607 3152 2661 tentorium
3186 2623 3359 2663 suum
3413 2624 3701 2664 concursu

2061 2696 2449 2770 plurimorum
2495 2695 2618 2751 viso
2672 2699 2729 2750 et
2785 2695 2980 2750 fratris
3031 2694 3423 2751 declarations
3480 2696 3700 2762 audita,

2060 2803 2167 2844 nec
2196 2786 2381 2843 multo
2415 2790 2549 2858 post
2594 2785 2953 2842 facinoribus
3000 2784 3131 2842 istis
3165 2786 3470 2852 nuntiatis,
3527 2801 3703 2842 cursu

2059 2892 2348 2950 represso,
2392 2878 2558 2945 signo
2601 2873 2792 2931 crucis
2838 2890 2901 2929 se
2932 2873 3161 2944 muniit,
3221 2879 3277 2929 et
3319 2874 3534 2931 Christi
3565 2893 3704 2947 pace

2056 2965 2368 3038 implorata
2394 2964 2577 3021 Deum
2614 2964 2826 3035 saepius
2859 2963 3044 3018 oravit
3066 2979 3127 3018 se
3149 2979 3219 3019 ex
3240 2963 3338 3019 illo
3362 2961 3708 3020 discrimine

2051 3055 2327 3122 liberari;
2369 3060 2425 3111 et
2456 3053 2557 3110 Dei
2585 3052 2896 3110 Genitricis
2929 3053 3247 3125 imaginem
3281 3069 3348 3109 ex
3378 3054 3511 3109 sinu
3571 3071 3706 3126 pro-

2014 3195 2029 3219 ,
2059 3146 2232 3201 latam
2266 3144 2467 3199 crebro
2501 3142 2864 3214 amplectens
2891 3141 3101 3215 partim
3145 3141 3533 3208 collaudabat,
3570 3161 3701 3215 par-

1980 3196 2029 3257 U

2061 3235 2163 3291 tim
2190 3230 2707 3305 supplexefﬂictim
2722 3232 2927 3288 orabat
2959 3231 3351 3287 utimminens
3373 3232 3698 3303 periculum

2056 3324 2308 3397 effugere
2341 3322 2559 3378 liceret.
2603 3321 2744 3377 Cum
2780 3328 2972 3378 autem
3005 3321 3286 3393 quosdam
3321 3323 3699 3395 comprehen-

2055 3414 2229 3471 dendi
2260 3413 2349 3469 sui
2376 3428 2555 3469 causa
2603 3411 2750 3468 laxis
2809 3412 3054 3468 habenis
3114 3412 3332 3468 irruere
3380 3429 3486 3470 nec
3533 3414 3691 3470 aliud

2053 3510 2275 3575 spirare
2298 3507 2400 3559 aut
2420 3507 2680 3573 spectare
2710 3502 2824 3558 nisi
2852 3502 3247 3572 captivitatem
3291 3521 3460 3559 suam
3492 3521 3690 3562 cerne-

2055 3600 2162 3663 ret,
2203 3594 2400 3665 fugam
2455 3591 2696 3663 arripit;
2725 3596 2783 3647 et
2830 3591 3115 3647 vorticoso
3172 3592 3370 3660 fluvio,
3432 3593 3531 3663 qui
3574 3595 3694 3650 illic

2054 3682 2414 3757 praeterﬂuit,
2474 3697 2587 3736 non
2639 3681 2765 3737 sine
2826 3681 3083 3751 periculo
3151 3686 3424 3753 superato
3482 3683 3691 3755 pergit.

2053 3771 2328 3837 Quamvis
2355 3769 2510 3824 enim
2550 3769 2776 3823 nullum
2810 3773 3001 3824 tutum
3038 3774 3333 3840 receptum
3379 3770 3529 3826 595
3565 3786 3697 3827 cer-

2055 3864 2237 3929 neret,
2276 3862 2472 3914 tamen
2505 3862 2570 3910 ut
2599 3856 2837 3912 exitium
2901 3874 2934 3911 a
2994 3856 3192 3928 populi
3236 3858 3426 3913 furore
3465 3875 3697 3914 summa

2059 3947 2434 4006 festinatione
2469 3944 3210 4016 perscquentisimminens
3266 3947 3523 4013 evitaret,
3569 3949 3696 4003 Sta-

2018 4030 2177 4109 'gira
2209 4034 2487 4109 pervenit,
2521 4052 2651 4107 quae
2682 4051 2839 4090 nunc
2869 4038 3060 4091 Macra
3088 4034 3338 4105 dicitur,
3370 4036 3470 4090 ubi
3499 4038 3694 4092 aPan-

2054 4131 2305 4200 teugeno
2341 4126 2594 4197 quodam
2627 4125 3088 4197 comprehensus
3120 4131 3177 4183 et
3222 4127 3696 4200 persecutoribus

2058 4216 2323 4290 proditus
2353 4212 2475 4270 sole
2502 4217 2860 4287 postremum
2891 4214 3039 4282 viso,
3066 4215 3234 4282 paulo
3276 4220 3409 4288 post
3439 4216 3507 4271 ad
3542 4217 3696 4272 Pera

2057 4304 2477 4362 monasterium
2505 4304 2576 4359 ab
2610 4303 2977 4375 imperatoris
3011 4305 3324 4361 Andronici
3346 4309 3507 4376 patre
3540 4307 3694 4361 Isaa-

2053 4396 2143 4452 cio
2205 4394 2505 4450 conditum
2558 4397 2901 4448 excaecatur.
2970 4394 3167 4450 Utrum
3241 4411 3371 4449 vero
3424 4395 3697 4450 Numinis

2055 4484 2313 4540 vindicta
2335 4498 2535 4555 pinnas
2568 4481 2698 4537 illas
2740 4482 2819 4537 ibi
2848 4482 3091 4549 dederit,
3124 4481 3257 4537 aliis
3319 4483 3695 4538 consideran-

304 4592 475 4645 μενοι,
506 4574 595 4627 καὶ
642 4559 862 4645 σμῆνος
921 4568 1062 4627 ἄλλο
1116 4568 1376 4647 ἀγελαῖον
1435 4570 1558 4644 περὶ
1602 4571 1663 4625 τὸ
1697 4566 1944 4625 σεϐαστο·

2063 4574 2196 4629 dum
2234 4572 2518 4643 relinquo.
2551 4570 2690 4627 Vult
2720 4571 2880 4626 enim
2919 4570 3298 4639 Providentia,
3342 4587 3467 4641 quas
3499 4572 3698 4627 omnia

296 4662 614 4737 κρατορικὸν
662 4659 834 4717 πάλαι
891 4659 1159 4730 ἀλητεῦον
1214 4658 1306 4713 καὶ
1365 4663 1555 4734 χαῖνον
1610 4658 1943 4736 ἓστιατόριον

293 4749 384 4806 καὶ
415 4755 613 4827 χαῖρον
665 4754 783 4811 ταῖς
844 4753 951 4805 τῶν
1001 4748 1337 4823 πραγμάτων
1388 4745 1733 4823 ἐξαλλαγαῖς.
1770 4754 1948 4822 Προσ-

296 4845 473 4916 χωρεῖ
503 4837 562 4894 δέ
592 4841 644 4894 οἱ
673 4840 762 4894 καὶ
792 4841 929 4913 πρὸς
967 4839 1140 4912 μόνην
1196 4839 1296 4906 τήν
1351 4842 1460 4894 τῶν
1516 4840 1944 4913 νεοχμωθέντων

296 4928 563 5003 ἐνήχησιν
622 4924 758 4983 ἅπαν
810 4929 875 4984 τὸ
939 4927 1326 5003 στρατιωτικὸν
1385 4924 1591 4998 ἰλαδὸν,
1624 4929 1713 4983 καὶ
1751 4922 1949 4983 ὁπόσον

296 5018 551 5089 Ἰσαακίῳ
593 5016 928 5094 προσέῤῥεπε
981 5016 1366 5090 θεραπευτικὸν
1418 5017 1506 5071 καὶ
1561 5014 1812 5088 οἰκίδιον,
1859 5016 1948 5072 καὶ

295 5108 454 5181 οἵπερ
494 5106 570 5168 εἷς
633 5104 841 5181 βουλῆς
894 5105 1110 5179 ἀξίωμα
1165 5105 1429 5179 ἤρθησαν.
1479 5106 1540 5163 Ὀ
1591 5103 1648 5161 δὲ
1688 5105 1946 5169 Βασιλεὺς

293 5199 546 5271 ἀσήμους
601 5195 697 5258 τὰς
750 5200 938 5271 πρῶτα
995 5196 1177 5273 φωνὰς
1232 5195 1308 5257 εἰς
1359 5195 1527 5264 ἀκοήν
1582 5196 1748 5252 ὠτίου
1806 5194 1949 5269 δεξά-

296 5308 474 5361 μενος,
508 5286 626 5341 εἶτα
654 5286 741 5341 καὶ
775 5285 908 5340 κατά
960 5286 1062 5354 τὴν
1119 5283 1353 5360 ἀρχικῆν
1386 5283 1617 5341 αὐλαίαν
1649 5290 1754 5340 τῶν
1785 5284 1942 5342 πλεί-

293 5398 436 5432 στων
506 5375 778 5449 θεὼμενος
836 5372 1150 5449 συνδρομὴν
1227 5375 1316 5429 καὶ
1386 5376 1484 5443 τὴν
1554 5379 1651 5431 τοῦ
1706 5374 1946 5453 ἀδελφοῦ

296 5465 592 5540 ἀνάρρησιν
645 5462 1036 5539 ἑνηχούμενος,
1100 5465 1211 5537 μετ’
1272 5463 1335 5518 οὐ
1393 5465 1536 5520 πολὺ
1578 5463 1636 5521 δὲ
1681 5468 1769 5521 καὶ
1815 5465 1946 5530 τοὺς

300 5550 673 5625 ἀγγέλλοντας
699 5546 844 5626 ἔχων
876 5550 1031 5606 ταυτὶ
1087 5550 1154 5604 τὰ
1212 5548 1571 5623 τολμώμενα,
1604 5547 1728 5624 ἔστη
1758 5574 1815 5608 τε
1843 5559 1944 5608 τοῦ

299 5641 477 5708 ’ἰεσυαι
531 5642 742 5719 πρόσω,
799 5642 889 5698 καὶ
954 5642 1014 5697 τὸ
1072 5644 1168 5697 τοῦ
1228 5646 1458 5717 σταυροῦ
1513 5649 1739 5718 σημεῖον
1772 5646 1944 5719 ἑαυτῷ

2060 4662 2281 4735 optime
2302 4662 2611 4733 gubernat,
2641 4660 2815 4716 etiam
2867 4660 2925 4716 in
2977 4660 3527 4716 inimicissimorum
3552 4677 3694 4732 sup-

2057 4750 2251 4824 pliciis
2287 4750 2741 4806 moderationem
2768 4750 3053 4820 adhiberi,
3088 4754 3145 4806 et
3182 4766 3413 4821 semper
3458 4750 3516 4804 in
3564 4766 3695 4805 con-

2057 4845 2259 4913 spectu
2286 4857 2415 4896 esse
2444 4840 2748 4912 potestatis
2801 4840 3094 4895 lubricum
3128 4843 3184 4894 et
3234 4839 3464 4910 imperii
3516 4840 3694 4896 amis-

2058 4929 2305 4996 sionem,
2355 4945 2446 4998 ne,
2493 4931 2558 4983 ut
2620 4927 2883 4984 omnium
2944 4944 3140 4984 rerum
3199 4928 3537 4984 vicissitudo
3583 4933 3697 4997 est,

2058 5018 2547 5091 quemadmodum
2585 5015 2833 5089 quisque
2873 5017 3135 5073 tractarit
3185 5021 3445 5085 caeteros,
3504 5020 3585 5076 ita
3639 5025 3697 5076 et

2057 5109 2184 5182 ipse
2215 5108 2411 5163 divino
2435 5106 2660 5177 judicio
2703 5107 2774 5161 ab
2834 5106 2963 5163 aliis
3017 5111 3315 5164 tractetur.
3375 5113 3510 5165 Post
3547 5110 3695 5166 hanc

2057 5198 2475 5263 calamitatem,
2496 5196 2568 5250 ob
2591 5196 2886 5267 ingentem
2933 5197 3260 5252 cruciatum
3294 5198 3501 5270 diebus
3532 5216 3694 5256 com-

2059 5288 2329 5361 pluribus
2362 5287 2489 5341 cibo
2522 5302 2637 5340 non
2671 5290 2926 5358 gustato,
2961 5285 3217 5357 palatino
3248 5288 3465 5344 carceri
3510 5288 3698 5345 inclu-

2056 5378 2235 5433 ditur.
2273 5374 2451 5431 Paulo
2492 5390 2628 5430 vero
2677 5377 2809 5446 post
2856 5373 2914 5428 in
2960 5374 3200 5432 alteram
3259 5377 3420 5432 urbis
3471 5382 3696 5449 partem

2054 5468 2125 5523 ad
2157 5463 2972 5536 Diplocioniumtransfertur,
3008 5480 3111 5519 nec
3142 5465 3463 5536 quidquam
3490 5471 3701 5536 prater

2053 5554 2170 5612 vini
2203 5558 2261 5610 et
2291 5551 2457 5625 panis
2496 5552 2864 5619 demensum,
2914 5556 2981 5607 ut
3048 5553 3222 5610 homo
3281 5553 3542 5624 plebeius
3574 5556 3695 5610 ruri

2057 5647 2294 5718 degens,
2334 5641 2565 5713 accipit.
2628 5642 2827 5698 Frater
2877 5656 3015 5697 vera
3064 5643 3191 5711 eius
3248 5641 3399 5699 590
3449 5641 3692 5712 imperio
