4098 6292
281 332 403 395 825

1206 329 1307 389 DE
1352 328 1646 389 ALEXIO
1689 327 1977 389 ISAAtLII
2023 324 2319 390 ANGELI
2365 330 2483 390 FB.
2534 331 2683 391 LIB.
2728 332 2779 391 Ι.

3584 333 3704 393 826

280 467 533 538 ται,τίνι
587 465 651 522 ἄν
722 463 1297 543 συναρμολογηθέντες
1365 466 1696 539 (nummum;
1764 464 1854 519 καὶ
1907 466 1942 534 ἡ

2060 461 2292 532 quidem
2323 480 2419 520 ars
2449 481 2519 519 ex
2545 463 2854 520 contrariis
2888 464 3061 521 rebus
3100 464 3354 522 salutare
3376 466 3703 524 antidotum

291 557 385 629 μὲν
438 553 831 635 φιλάνθρωπος
879 554 1044 629 τέχνη
1100 554 1152 625 ἐξ
1205 554 1494 618 ἀντιθέτων
1546 557 1760 630 σαρκῶν
1811 551 1950 607 ἀντί-

288 645 446 706 δοτον
511 646 898 718 συνεκεράσατο
988 645 1292 714 σώζουσαν,
1352 639 1486 699 ἔνιοι
1573 640 1629 698 δὲ
1683 647 1790 698 τῶν
1845 650 1945 712 τῆς

294 737 508 814 φύσεως
567 735 775 807 σεμνῶν
836 731 1026 806 δώρων
1114 731 1499 805 ἐπιλαθόμενοι
1584 732 1943 802 ἐπανέστησαν

291 847 350 882 τε
408 824 706 894 ἀλλήλοις,
767 824 856 877 καὶ
915 823 1047 898 ὅπερ
1096 822 1255 892 εἰσὶν,
1305 825 1611 898 ἠγνοήκασι
1661 822 1945 900 μοχθηρίᾳ

291 917 516 991 γνώμης
546 914 636 970 καὶ
695 912 856 984 δόξης
913 912 1074 986 ἔρωτι
1134 913 1398 986 μείζονος.
1453 916 1553 969 Ἦν
1609 913 1787 968 τοίνυν
1819 914 1943 986 παρ’

288 1001 461 1068 ἔθνεσι
521 1005 610 1059 καὶ
672 1007 832 1059 τοῦτο
889 1004 1180 1076 Ῥωμαίων
1234 1002 1310 1065 εἰς
1364 1002 1718 1076 ἐξουθενημα,
1769 1022 1945 1077 παρα-

285 1092 617 1166 κολούθημά
674 1114 733 1148 τε
781 1092 869 1147 καὶ
928 1088 1289 1165 ἐπισύμϐαμά
1343 1113 1395 1147 τι
1464 1090 1759 1167 λελόγιστο
1833 1097 1939 1146 τῶν

289 1184 767 1260 προηγησαμὲνων
867 1179 1113 1237 ἁπάντων
1182 1180 1402 1257 αἶ’σχιον
1476 1180 1564 1236 ἐπὶ
1639 1186 1756 1241 ταῖς
1831 1185 1941 1235 τῶν

288 1271 622 1347 πραγμάτων
698 1272 1143 1345 μεταπεττεύσεσι
1187 1272 1278 1326 καὶ
1335 1276 1454 1333 ταῖς
1501 1277 1607 1326 τῶν
1680 1269 1940 1345 κρατούν-

285 1383 394 1416 των
468 1362 777 1435 μεταθέσεσί
845 1382 903 1416 τε
964 1360 1054 1415 καὶ
1129 1359 1511 1418 ἀλλοιώσεσιν.
1586 1362 1754 1417 Ἦσαν
1797 1358 1843 1415 δ’
1884 1358 1938 1415 ο’ί

286 1453 377 1506 καὶ
442 1459 543 1520 τῆς
586 1448 639 1510 ἒς
676 1452 802 1511 τοὺς
843 1450 1013 1513 πέλας
1055 1447 1243 1524 φιλίας
1281 1451 1637 1529 ἀφιστάμενοι
1702 1448 1942 1506 ἀπολυό-

291 1542 448 1614 μενοί
503 1562 562 1595 τε
619 1541 719 1608 τήν
776 1539 946 1594 πάλαι
1006 1542 1311 1609 συνήθειαν,
1356 1553 1389 1590 τι
1435 1537 1700 1616 Ἀδελφδς
1742 1538 1800 1593 ού
1843 1538 1939 1594 λυ-

286 1634 534 1703 τροῦται·
602 1627 934 1703 λυτρώσεται
994 1627 1315 1702 ἅνθρωποςς
1360 1652 1388 1678 ››
1448 1624 1654 1699 ἔλεγον.
1707 1625 1809 1680 Καὶ
1852 1626 1938 1687 οἷς

285 1720 355 1774 τά
417 1716 777 1794 μυστηριώδη
836 1722 943 1772 τῶν
1024 1716 1414 1792 βουλευμάτων
1473 1717 1613 1779 τινὲς
1671 1716 1939 1772 ἀπεκάλυ-

283 1829 446 1872 πτον,
493 1807 699 1863 τούτων
765 1811 1063 1877 τηνικαῦτα
1129 1807 1219 1862 καὶ
1283 1808 1382 1876 τὴν
1446 1805 1821 1882 προσηγορίαν
1864 1807 2013 1902 dign

278 1893 577 1953 ἐπίϐουλον
646 1890 1044 1966 ὑπεϐλέποντο,
1101 1894 1237 1968 πρὸς
1294 1892 1642 1971 παράδειγμα
1689 1896 1750 1949 τὸ
1789 1915 1942 1970 γεγο-

273 1988 370 2050 νὸς
438 1987 769 2064 ἀφορῶντες.
839 1984 1014 2048 Αύτὸς
1079 1982 1135 2039 δὲ
1193 1985 1221 2039 6
1273 1990 1374 2053 τῆς
1434 1985 1612 2059 ἀρχῆς
1662 1978 1942 2057 ἐπιϐήτωρ

275 2086 547 2155 Ἀλέξιος,
620 2086 698 2159 μὴ
776 2084 829 2140 ἐν
900 2088 976 2155 νῷ
1047 2082 1392 2159 βαλλόμενος
1455 2084 1529 2144 ὡς
1587 2083 1772 2138 ἑαυτὸν
1813 2093 1946 2147 καθ-

277 2177 457 2251 ῄρηκε
496 2181 597 2244 τῆς
666 2174 849 2249 ἀρχῆς
917 2174 1012 2228 τὸν
1083 2170 1320 2250 ἀδελφὸν
1387 2172 1653 2241 καθελὼν,
1721 2172 1798 2234 ὡς
1852 2173 1944 2227 τὸν

286 2266 572 2343 βασιλικὸν
631 2264 823 2321 αὐτίκα
885 2263 1071 2340 θρόνον
1128 2263 1217 2318 ἐπὶ
1270 2267 1349 2336 τῷ
1399 2268 1586 2337 θερμῷ
1629 2264 1812 2335 τούτῳ
1853 2264 1943 2318 άν-

289 2354 561 2427 επήδησεν
618 2355 959 2428 ἀνομήματι,
1020 2353 1109 2409 καὶ
1166 2354 1294 2415 τοὺς
1343 2351 1676 2426 ἱματισμοὺς
1733 2352 1823 2407 καὶ
1879 2354 1943 2408 τὸ

287 2446 485 2520 στέφος
562 2444 796 2522 διφήσας
858 2448 955 2499 τοῦ
1031 2445 1359 2518 κασιγνήτου
1425 2442 1517 2497 καὶ
1592 2441 1945 2517 περιθέμενος

296 2536 401 2592 ὑπὸ
439 2536 640 2597 παντὸς
702 2538 799 2589 τοῦ
876 2536 1278 2607 στρατιωτικοῦ
1352 2532 1654 2607 τάγματος,
1693 2531 1783 2586 καὶ
1824 2529 1942 2586 ὅσοι

295 2627 460 2701 μέρος
508 2626 643 2695 ἦσαν
719 2626 817 2693 τῆς
893 2622 1202 2698 γερουσίας,
1273 2619 1528 2698 βασιλεὺς
1591 2620 1939 2695 αὐτοκράτωρ

293 2714 699 2789 ἀναγορεύεται.
771 2712 874 2771 Καὶ
923 2716 992 2786 τῇ
1037 2711 1130 2785 μὲν
1188 2710 1403 2785 γυναικὶ
1448 2710 1540 2765 καὶ
1600 2714 1715 2771 τοῖς
1780 2708 1831 2763 ἐν
1872 2711 1940 2781 τῇ

284 2804 457 2860 πόλει
495 2806 792 2874 καθήκουσι
835 2800 980 2871 δῆλα
1045 2800 1112 2855 τὰ
1169 2799 1539 2876 ξυνενεχθέντα
1599 2805 1944 2874 παραχρῆμα

290 2899 460 2948 ποιεῖ·
512 2893 670 2955 αὐτὸς
710 2890 766 2947 δὲ
806 2892 932 2954 τοὺς
995 2891 1394 2965 συναραμένους
1430 2890 1584 2962 αὖτῷ
1619 2896 1719 2959 τῆς
1761 2890 1940 2964 ἀρχῆς

291 2980 637 3055 δεξιούμενος
695 2989 794 3052 τῆς
852 3003 910 3036 τε
970 2977 1210 3050 σπουδῆς
1288 2974 1676 3053 ἀμειϐόμενος,
1729 2979 1823 3033 καὶ
1878 2978 1941 3034 τὸ

291 3070 486 3127 λοιπὸν
562 3070 694 3125 ἅπαν
767 3069 981 3135 πλῆθος
1056 3067 1366 3144 θεραπεύων
1409 3067 1492 3122 ὅτι
1568 3088 1626 3122 τε
1700 3064 1944 3140 ἀσμένως

281 3161 680 3236 προσεχώρησε
717 3161 806 3214 καί
869 3156 1019 3214 οὐδὲν
1078 3180 1133 3214 τι
1195 3156 1578 3229 διεστασίασεν,
1619 3154 1818 3231 ἤρξατο
1862 3158 1936 3231 μή

282 3252 376 3306 σὺν
441 3248 595 3327 λόγῳ
651 3252 740 3305 καὶ
798 3248 941 3320 τάξει
996 3248 1127 3312 τινὶ,
1188 3246 1335 3303 ἀλλά
1383 3247 1522 3322 πρὸς
1573 3248 1674 3317 τὴν
1713 3246 1938 3301 ἑκάστου

283 3339 501 3409 αἶ’τησίν
540 3360 601 3395 τε
637 3340 727 3394 καὶ
765 3334 944 3411 ἔφεσιν
986 3331 1285 3392 διαδιδόναι
1325 3337 1391 3392 τὰ
1430 3339 1715 3412 χρήματα,
1772 3337 1946 3390 ὁπόσα

281 3429 653 3503 ἕκστρατεύων
697 3429 931 3504 ἐπήγετο
974 3425 1264 3488 Ἰσαάκιος.
1313 3426 1534 3485 Τούτων
1587 3424 1634 3481 δ’
1683 3425 1944 3502 ὑπορῥευ-

287 3522 491 3575 σάντων
521 3517 622 3593 ττῇ
657 3516 851 3590 ἀσώτῳ
912 3518 1003 3573 καὶ
1050 3516 1295 3590 ἀνομοίῳ
1343 3513 1576 3591 διανομῇ
1620 3514 1790 3591 γήδια
1818 3536 1946 3592 καρ-

285 3612 504 3687 ποφόρα
567 3608 658 3663 καὶ
727 3605 1029 3680 δημοσίους
1096 3607 1448 3684 συνεισφορὰς
1522 3611 1755 3681 παρεῖχε
1827 3609 1945 3667 τοῖς

285 3700 343 3755 αἱ
372 3699 684 3771 τουμὲνοις.
736 3696 823 3758 Ὠς
865 3693 910 3751 δ’
960 3693 1299 3751 ἐπιλελοίπει
1331 3695 1420 3752 καὶ
1450 3694 1640 3767 ταῦτά,
1677 3700 1795 3758 τοῖς
1831 3701 1940 3750 τῶν

284 3798 610 3870 ἀξιωμάτων
654 3793 858 3872 ἐπεφύη
912 3795 1215 3868 λαμπροῖς,
1256 3793 1346 3849 καὶ
1405 3798 1497 3848 νῦν
1556 3794 1687 3849 κάπὶ
1725 3793 1942 3856 τούτοις

284 3886 510 3962 ἐξαίρων
553 3885 618 3940 οὐ
658 3880 814 3939 τόνδε
852 3883 886 3953 ἥ
926 3880 1083 3938 τόνδε
1120 3886 1227 3938 τῶν
1271 3881 1614 3958 ἐλλογίμων,
1651 3880 1686 3952 ἤ
1728 3882 1941 3957 ἀνάγων

284 3975 362 4039 εἷς
403 3976 494 4031 τὸν
532 3981 783 4051 προσεχῆ
828 3973 1037 4050 βαθμὸν
1088 3972 1180 4027 καὶ
1220 3971 1511 4048 ἀνάλογον,
1562 3969 1709 4026 ἀλλά
1744 3972 1939 4039 πάντα,

286 4066 381 4121 καὶ
420 4067 511 4121 τὸν
555 4062 794 4142 βραχέος
829 4064 1146 4136 τιμώμενον
1184 4062 1285 4130 τὴν
1331 4062 1501 4133 τιμήν
1551 4059 1641 4115 καὶ
1689 4060 1783 4115 τὸν
1817 4058 1942 4115 ούδέ

288 4176 422 4211 ποτε
467 4161 567 4225 τῆς
614 4156 842 4229 πρώτης
882 4150 1186 4225 ἠξιωμένον
1228 4146 1516 4223 ϐαθμῖδος,
1556 4147 1644 4203 ἐπὶ
1672 4151 1773 4219 τὴν
1806 4150 1941 4203 ἀνω-

286 4248 435 4302 τάτω
492 4244 581 4299 καὶ
656 4244 954 4321 κορυφαίαν
1032 4240 1376 4315 μετεωρίζων
1453 4233 1789 4308 ἀνεϐίϐαζεν,
1867 4239 1942 4302 ὡς

284 4334 511 4391 εἶναιτὸ
554 4331 865 4406 πολύτιμον
910 4328 1102 4403 ἇίτιμον
1155 4329 1245 4383 καὶ
1290 4329 1353 4385 τὸ
1400 4328 1696 4406 φιλότιμον
1749 4325 1936 4403 ἄχαρι,

284 4420 501 4478 Πολλοὶ
556 4417 739 4475 δὲκαὶ
794 4412 1172 4491 ὑποϐιϐασμὸν
1226 4419 1327 4486 τήν
1380 4413 1572 4471 ἄνοδον
1618 4413 1812 4486 ᾤοντο,
1864 4415 1938 4477 ὡς

287 4511 390 4585 ὀψὲ.
436 4531 567 4565 ποτε
628 4508 853 4571 δικαίως
903 4509 1200 4583 ἠξιωμένοι
1249 4508 1324 4561 ὦν
1375 4505 1540 4562 ἄλλοι
1602 4507 1726 4580 παρ’
1784 4504 1933 4576 ἀξίαν

285 4604 857 4678 προηυμοιρήκεισαν,
916 4598 1186 4661 κακείνοις
1230 4599 1328 4667 τὴν
1380 4597 1546 4665 αὐτὴν
1594 4598 1763 4672 τιμὴν
1816 4576 2006 4670 συγ-Ι)

283 4688 655 4766 κληρούμενοι
718 4692 793 4744 ὧν
859 4689 1174 4761 ἠξιωμένων
1240 4693 1410 4760 τιμῆς
1461 4684 1615 4740 αὐτοὶ
1665 4679 1938 4759 παράϐλε-

281 4783 511 4858 πόμενοι
564 4780 747 4855 ἄδοξοι
806 4780 1092 4856 ἐκρίθησαν
1150 4778 1521 4852 τιμηέστεροι.
1575 4777 1678 4833 Ἦν
1742 4773 1797 4830 δὲ
1844 4776 1934 4830 καὶ

276 4877 313 4945 ἡ
348 4881 541 4943 κτῆσις
573 4872 897 4946 πρόχειρος·
953 4870 1011 4924 δν
1055 4868 1157 4943 γάρ
1202 4889 1285 4931 τις
1336 4869 1671 4944 προσήνεγκε
1719 4868 1931 4942 χάρτην

276 4968 360 5036 τῷ
431 4960 670 5038 βασιλεῖ,
747 4957 938 5014 αὐτίκα
1014 4956 1431 5032 ὕπεσημαίνετο,
1495 4957 1593 5012 κᾶν
1662 4956 1933 5018 σολαίκως

278 5052 400 5128 εἶχε
449 5058 552 5120 τῆς
611 5048 878 5126 φράσεως,
930 5044 1026 5102 κᾶν
1075 5048 1104 5101 6
1167 5045 1465 5121 προτείνων
1520 5043 1693 5101 ἐδεῖτο
1722 5045 1936 5101 ναυτίλ-

280 5141 469 5206 λεσθαι
505 5139 600 5212 μὲν
630 5139 729 5207 τὴν
764 5137 952 5211 ξηρὰν,
999 5136 1260 5210 ἀροῦσθαι
1310 5133 1367 5190 δὲ
1414 5136 1512 5203 τήν
1556 5135 1854 5212 (θάλασσαν,
1895 5130 1932 5204 ἤ

273 5232 342 5287 τά
372 5227 476 5306 ὅρη
512 5227 564 5283 ἐν
607 5223 853 5300 καρδίαις
897 5223 1178 5279 Θαλασσῶν
1229 5225 1314 5299 [Ρ.
1356 5226 1482 5297 293]
1535 5223 1932 5296 μετατίθεσθαι,

272 5321 379 5377 εἴτε
432 5321 563 5394 μὴν,
624 5315 697 5379 ὠς
755 5316 783 5369 6
845 5319 1014 5387 μῦθος
1092 5313 1377 5389 βούλεται,
1433 5314 1697 5386 Ὀλύμπῳ
1755 5315 1934 5369 ’Ἄθων

274 5408 714 5470 ἐπανατίθεσθαι.
766 5403 926 5461 Οὕτω
993 5400 1049 5457 δὲ
1116 5407 1282 5458 ταῦτα
1348 5405 1519 5457 πάντα
1565 5401 1928 5472 τετελεκὼςῆ

272 5498 487 5573 μᾶλλον
537 5493 958 5559 συντετελεκὼς,
1009 5491 1356 5567 οἰκειότερον,
1412 5492 1598 5562 εἰπεῖν,
1648 5491 1723 5554 ὠς
1772 5493 1933 5567 χαρί-

269 5595 446 5656 ζεσθαι
503 5591 584 5654 τῷ
637 5587 818 5659 καιρῷ
876 5582 967 5636 καὶ
1043 5586 1159 5643 τοῖς
1237 5582 1520 5657 πράγμασι
1602 5582 1928 5656 βιαζόμενος

267 5674 544 5753 διαφίησιν
578 5667 762 5727 ἔπειτα
807 5671 873 5724 τά
924 5669 1306 5744 στρατεύματα
1354 5668 1430 5731 εἰς
1482 5669 1589 5741 ἤθη
1639 5670 1705 5725 τά
1754 5668 1928 5724 οἰκεῖα

2059 551 2309 608 conﬁcit.
2367 553 2612 617 Quidam
2672 571 2806 609 vero
2857 554 3133 627 praeclara
3205 559 3421 611 natura:
3465 572 3706 613 munera

2059 639 2221 695 obliti
2256 646 2457 699 mutuo
2524 660 2587 699 se
2626 642 2943 714 exagitant,
2976 647 3031 699 et
3062 660 3174 713 prie
3216 644 3581 715 improbitate
3611 647 3701 701 in-

2055 729 2210 800 genii
2242 737 2298 784 et
2335 734 2565 801 majoris
2613 733 2805 803 gloriae
2846 732 3162 802 capiditatc
3190 750 3248 788 se
3281 734 3548 790 homines
3577 751 3702 791 esse

2057 836 2171 875 non
2213 822 2619 878 meminerunt.
2656 824 2887 894 Peperit
2936 823 3044 879 hoc
3074 839 3301 894 quoque
3332 825 3554 879 facinus
3587 826 3698 881 Ro.

2055 910 2245 967 manis
2292 914 2444 983 apud
2497 920 2722 969 exteras
2781 914 3045 969 nationes
3100 920 3512 986 contemptum,
3574 932 3701 971 om-

2054 999 2224 1057 nibus
2253 1000 2384 1058 aliis
2431 1020 2558 1075 qua:
2597 1005 2656 1059 in
2709 1003 2998 1059 mutandis
3048 1004 3492 1075 imperatoribus
3551 1006 3699 1062 acci-

2054 1094 2189 1147 dere
2242 1093 2431 1149 solent
2480 1095 2707 1165 turpius
2742 1100 2797 1149 et
2828 1094 3188 1165 ﬂagitiosius.
3231 1094 3486 1150 Fuerunt
3517 1103 3571 1151 et
3601 1097 3700 1167 qui

2054 1182 2237 1252 ruptis
2268 1182 2530 1238 amicitiae
2573 1184 2819 1239 vinculis
2851 1190 3097 1239 veterem
3133 1184 3578 1241 familiaritatem
3610 1186 3698 1240 di-

2051 1273 2348 1330 timerent.
2408 1277 2599 1329 Frater
2632 1274 2882 1341 fratrem,
2936 1274 3229 1346 inquiunt,
3272 1291 3389 1330 non
3443 1275 3698 1332 liberat:

2052 1371 2185 1442 quid
2254 1370 2427 1426 faciat
2456 1371 2683 1429 alienus
2713 1372 2741 1427 ‘I
2780 1372 3003 1436 Quibus
3033 1377 3167 1429 ante
3206 1389 3416 1429 arcana
3446 1372 3699 1430 commi-

2049 1465 2268 1527 serant,
2327 1476 2529 1517 eorum
2580 1460 2662 1515 vel
2722 1461 3075 1533 colloquium
3134 1465 3292 1517 metu
3356 1462 3692 1518 insidiarum

2048 1549 2393 1616 devitabanl,
2471 1549 2529 1604 in
2590 1548 2729 1605 illud
2790 1550 3023 1606 fraterni
3083 1550 3320 1606 sceleris
3366 1551 3692 1621 exemplum

2049 1637 2363 1694 intuentes.
2398 1639 2525 1709 Ipse
2544 1655 2679 1695 vero
2710 1638 2937 1711 imperii
2968 1644 3274 1709 occupator
3302 1638 3553 1707 Alexius,
3576 1656 3692 1695 non

2048 1726 2305 1797 cogitans
2370 1743 2434 1783 se
2482 1728 2652 1783 fratre
2700 1744 2899 1785 everso
2957 1727 3337 1800 semetipsum
3395 1729 3694 1798 evertisse,

2053 1817 2242 1872 statim
2298 1816 2733 1888 imperatorium
2785 1818 3015 1888 solium,
3050 1818 3331 1889 flagrante
3369 1817 3561 1874 adhuc
3627 1834 3695 1874 eo

2052 1902 2281 1969 delicto,
2330 1904 2694 1972 conscendit,
2751 1907 2807 1961 et
2868 1905 3059 1961 fratris
3111 1906 3321 1961 vestitu
3368 1922 3697 1978 coronaque

2052 1995 2315 2059 ornatus,
2347 1991 2416 2047 ab
2438 1992 2595 2048 omni
2630 1992 2865 2048 militari
2914 1995 3081 2050 turba
3110 2001 3164 2049 et
3203 1994 3508 2051 senatoriis
3556 1995 3696 2052 viris

2050 2082 2361 2152 imperator
2422 2084 2719 2153 Augustus
2792 2083 3203 2151 consalutatus,
3246 2100 3481 2141 uxorem
3531 2101 3692 2142 suam

2052 2175 2110 2226 et
2141 2171 2498 2243 propinquos
2537 2172 2596 2226 in
2658 2172 2801 2228 urbe
2832 2173 3104 2242 degentes
3136 2190 3205 2229 ea
3226 2175 3294 2229 de
3325 2191 3386 2230 re
3427 2174 3696 2231 certiores

2052 2261 2182 2316 facit
2216 2281 2230 2329 ;
2274 2262 2426 2318 599
2459 2266 2517 2316 et
2558 2265 2621 2317 ut
2651 2278 2750 2317 eos
2781 2278 3027 2333 quorum
3056 2279 3163 2331 ope
3206 2267 3263 2319 et
3292 2264 3483 2319 studio
3512 2264 3692 2336 impe-

2052 2350 2202 2406 rium
2251 2355 2599 2407 consecutus
2649 2359 2766 2407 erat
2799 2358 3287 2421 remuneraretur,
3320 2357 3378 2408 et
3408 2352 3698 2425 reliquum

2050 2439 2279 2510 vulgus,
2341 2442 2494 2513 quod
2545 2441 2789 2498 libenter
2836 2450 2889 2498 et
2937 2444 3080 2499 citra
3129 2443 3466 2500 seditionem
3514 2460 3704 2501 acces-

2053 2532 2247 2597 sisset,
2309 2531 2366 2585 in
2439 2531 2630 2587 officio
2687 2532 2978 2600 retineret,
3030 2533 3153 2587 sine
3199 2533 3421 2589 ratione
3467 2533 3583 2589 ulla
3639 2539 3698 2590 et

2052 2620 2254 2676 ordine
2282 2620 2382 2676 sed
2414 2636 2518 2691 pro
2566 2620 2852 2691 cujusque
2911 2620 3188 2691 petitione
3221 2626 3277 2677 et
3322 2621 3566 2677 libidine
3597 2638 3690 2693 pe-

2051 2709 2286 2765 cuniam
2317 2708 2578 2781 dilargiri
2620 2711 2808 2779 coepit,
2842 2725 3016 2781 quam
3049 2711 3108 2765 in
3141 2709 3404 2766 militiam
3436 2711 3694 2767 Isaacius

2048 2798 2373 2854 advexerat.
2414 2799 2548 2863 Quae
2597 2813 2728 2854 cum
2777 2799 3151 2855 immoderata
3204 2802 3262 2854 et
3290 2798 3561 2870 inaequali
3608 2798 3695 2853 di-

2050 2887 2389 2943 stributione
2443 2887 2752 2958 dilapidata
2807 2891 2980 2953 esset,
3030 2888 3243 2959 praedia
3300 2889 3594 2944 fructuosa
3641 2892 3699 2943 et

2054 2984 2283 3057 publica
2338 2985 2639 3058 vectigalia
2669 2987 2998 3057 petentibus
3042 2987 3291 3043 donavit.
3353 2987 3427 3043 Iis
3468 3003 3697 3059 quoque

2052 3075 2473 3143 deficientibus,
2526 3075 2847 3131 illustribus
2894 3076 3269 3147 dignitatibus
3319 3093 3434 3134 non
3485 3093 3698 3148 paucos

2055 3181 2266 3237 eosque
2296 3182 2410 3223 non
2442 3166 2622 3223 claros
2665 3168 2817 3223 viros
2846 3168 3087 3238 ornavit,
3136 3175 3231 3224 aut
3260 3169 3332 3224 ad
3375 3169 3695 3239 proximum

2052 3263 2106 3312 et
2147 3256 2583 3313 convenientem
2615 3256 2852 3326 gradum
2900 3258 3121 3313 evexit:
3156 3258 3252 3313 sed
3302 3259 3550 3330 quosvis,
3597 3258 3697 3330 qui

2054 3362 2183 3403 eum
2236 3347 2505 3403 honorem
2552 3363 2711 3418 parvt
2761 3348 3114 3404 mstimabant
3164 3356 3219 3404 ct
3266 3349 3514 3418 primum
3566 3365 3699 3419 gra-

2052 3439 2189 3492 dum
2247 3438 2506 3494 nondum
2564 3438 3036 3507 conscenderant,
3083 3438 3139 3493 in
3190 3453 3414 3493 summo
3473 3439 3698 3510 fastigio

2054 3527 2374 3595 collocavit,
2425 3530 2485 3582 ut
2540 3528 2882 3597 dignitatum
2937 3527 3252 3597 frequentia
3300 3528 3697 3597 indignitatem

2055 3615 2282 3673 haberet
2304 3620 2360 3672 ct
2384 3615 2541 3672 omni
2574 3618 2754 3687 gratia
2784 3620 3023 3683 careret,
3058 3615 3234 3686 aliqui
3264 3616 3437 3671 etiam
3470 3633 3572 3672 suo
3598 3618 3697 3672 ho.

2052 3706 2178 3762 neri
2229 3706 2565 3775 derogatum
2625 3709 2896 3775 putarent
2941 3705 3039 3761 illo
3083 3703 3313 3759 honoris
3366 3705 3700 3762 incremen-

2051 3800 2130 3862 to,
2181 3800 2241 3851 ut
2271 3812 2396 3851 sero
2443 3796 2672 3851 tandem
2727 3798 2860 3868 jure
2916 3796 2971 3850 id
3023 3796 3317 3852 consecuti
3367 3797 3518 3867 quod
3568 3796 3699 3852 aliis

2052 3891 2252 3955 praeter
2293 3884 2561 3940 meritum
2611 3890 2742 3940 ante
2773 3890 3002 3953 tempus
3033 3882 3383 3954 contigisset,
3416 3884 3698 3956 dignitate

2051 3990 2247 4031 secum
2271 3973 2579 4044 exaequatis
2597 3973 2687 4039 iis,
2706 3974 2940 4045 quibus,
2966 3973 3335 4044 quantumvis
3357 3975 3571 4031 honore
3590 3991 3696 4031 au-

2048 4064 2175 4129 ctis,
2199 4063 2306 4133 ipsi
2340 4077 2575 4134 prorsus
2601 4062 2844 4135 neglecti
2867 4063 3146 4130 dignitate
3176 4064 3696 4135 praestarejudica-

2049 4165 2264 4218 rentur.
2312 4162 2508 4233 Neque
2546 4177 2675 4217 vero
2719 4160 2977 4217 difficilis
3007 4168 3126 4216 erat
3171 4161 3403 4219 honoris
3448 4164 3695 4235 adoptio.

2049 4251 2209 4317 Quod
2227 4250 2381 4305 enim
2406 4250 2680 4321 scriptum
2702 4252 3028 4321 imperatori
3052 4251 3306 4320 offerres,
3331 4252 3384 4309 id
3408 4269 3438 4309 ο
3461 4254 3695 4325 vestigio

2048 4339 2513 4411 subsignabatur,
2562 4339 2679 4394 sive
2717 4340 2912 4411 inepta
2957 4341 3111 4396 600
3159 4341 3410 4399 dictione
3466 4352 3694 4400 consta-

2049 4432 2155 4496 ret,
2188 4428 2308 4484 sive
2366 4434 2424 4483 ut
2459 4445 2613 4483 mare
2641 4445 2824 4495 arare,
2856 4433 3009 4484 terra
3038 4430 3307 4499 navigare
3356 4440 3409 4487 et
3466 4436 3693 4489 montes

2048 4520 2109 4577 in
2140 4518 2389 4575 medium
2422 4535 2576 4575 mare
2610 4521 2939 4589 transferre,
2999 4521 3115 4578 sive
3144 4522 3233 4592 (ut
3263 4527 3351 4578 est
3404 4522 3463 4578 in
3521 4524 3691 4579 fabu-

2044 4609 2135 4683 lis)
2172 4617 2231 4665 ut
2257 4608 2444 4665 Athon
2476 4610 2717 4681 Olympo
2748 4610 3042 4681 imponere
3073 4609 3293 4681 liceret,
3328 4621 3567 4682 peteres.
3591 4613 3692 4669 His

2046 4698 2218 4754 rebus
2273 4698 2543 4753 omnibus
2600 4698 2679 4753 ita
2730 4700 2997 4770 perfectis
3063 4699 3150 4755 vel
3215 4700 3405 4770 potius
3457 4702 3688 4757 confec-

2045 4788 2143 4855 tis,
2194 4787 2350 4857 quasi
2398 4791 2720 4859 temporum
2781 4795 2832 4843 et
2883 4804 3072 4844 rerum
3114 4789 3429 4847 conditioni
3477 4792 3695 4851 servire

2044 4883 2299 4944 coaetus,
2335 4875 2589 4947 legiones
2623 4877 2858 4932 domum
2909 4877 3064 4932 abire
3095 4877 3257 4949 sinit,
3290 4879 3439 4936 nihil
3480 4896 3691 4940 curans

2044 4962 2195 5033 quod
2229 4960 2422 5015 Blachi
2457 4976 2587 5017 cum
2648 4961 2891 5030 Scytliis’
2920 4962 3087 5019 ol-via
3120 4980 3356 5035 quaeque
3380 4973 3691 5025 vastarent.

2045 5051 2113 5105 Et
2142 5050 2265 5120 ipse
2317 5066 2430 5104 non
2465 5048 2661 5105 statim
2693 5051 2753 5105 in
2800 5050 3001 5105 urbem
3034 5058 3325 5123 properat,
3360 5057 3458 5111 sed
3518 5056 3689 5115 fratre

2043 5142 2207 5209 capto
2239 5142 2295 5193 et
2342 5146 2623 5193 exerceato
2668 5138 2817 5194 nihil
2865 5139 3103 5209 periculi
3154 5146 3442 5211 metuens,
3505 5148 3688 5218 pede-

2043 5227 2246 5281 tentim
2301 5243 2365 5281 ac
2416 5242 2514 5299 per
2556 5228 2732 5282 otium
2786 5229 2844 5283 in
2896 5227 3229 5285 diversoriis
3275 5238 3691 5292 commorando

2042 5315 2450 5386 proficiscitur.
2510 5315 2637 5370 Jam
2687 5316 2845 5371 enim
2880 5333 2912 5369 a
2955 5318 3173 5373 civibus
3223 5337 3455 5391 quoque
3494 5324 3692 5380 decla-

2040 5411 2199 5458 ratus
2235 5404 2545 5475 imperator
2572 5412 2625 5457 ct
2665 5422 2697 5459 a
2726 5404 2972 5474 conjuge
3032 5406 3415 5477 Euphrosyna
3465 5412 3691 5482 ingres-

2039 5508 2141 5549 sus
2171 5493 2224 5547 ei
2291 5495 2653 5565 praeparatus
2720 5496 2847 5548 erat
2904 5497 2961 5546 et
3021 5499 3279 5563 senatus,
3360 5498 3495 5554 licet
3580 5516 3697 5555 non

2040 5587 2216 5646 totus,
2269 5584 2391 5653 ejus
2424 5582 2792 5638 successibus
2828 5579 3166 5637 laetabatur:
3199 5598 3389 5653 neque
3421 5587 3584 5657 plebs
3616 5590 3687 5641 ad

2036 5670 2197 5727 illius
2232 5669 2567 5728 mutationis
2611 5672 2830 5728 famam
2862 5671 3148 5726 concitata
3200 5672 3288 5728 vel
3321 5676 3487 5731 novis
3519 5674 3696 5731 rebus
