4098 6292
433 327 550 390 827

1739 323 2044 386 NICE’l‘AE
2085 321 2515 384 CHONIATIE

3716 329 3842 390 828

431 461 654 518 studuit
709 460 798 518 vel
823 460 979 532 justa
1025 457 1326 516 iracundia
1353 457 1587 527 exarsit,
1643 456 1798 530 quod
1829 456 2081 526 impera-

2193 450 2536 523 ἐπανελθεῖν,
2597 451 2806 527 μηδένα
2857 451 3082 528 θέμενος
3136 453 3302 531 λόγον
3359 455 3404 510 εἷ
3460 457 3528 511 τὰ
3585 454 3636 511 ἐν
3680 458 3844 513 ποσὶν

432 552 570 608 toris
601 550 834 607 creandi
895 549 1260 620 privilegium
1295 565 1327 603 a
1350 548 1639 604 militibus
1669 547 1780 604 sibi
1813 550 2074 617 ereptum

432 649 581 699 esset
599 658 618 694 :
645 641 746 696 sed
774 641 1121 712 quieverunt
1149 644 1208 694 et
1235 645 1363 693 acta
1392 638 2076 709 eomprobaruntomnes.

433 732 708 786 Ceterum
769 744 898 785 cum
931 727 1148 798 conjux
1178 727 1307 798 ejus
1333 727 1566 782 ducissa
1615 725 1993 797 Euphrosyna
2022 725 2078 778 in

435 833 714 888 magnum
758 817 1032 887 palatium
1066 816 1270 882 abiret,
1305 821 1429 870 tum
1489 831 1618 870 vero
1649 814 1922 870 colluvies
1955 812 2080 883 opio

433 908 608 964 ﬁcum
640 909 700 962 et
731 905 1200 960 turbulentorum
1234 904 1380 959 σοι
1419 903 1726 958 hominum
1769 901 2079 972 quemdam

433 995 788 1067 astrologum
817 993 1078 1049 Alexium
1113 993 1672 1063 Contostephanum,
1703 991 2080 1062 imperiojam

431 1087 571 1144 olim
605 1085 1000 1152 insidiantem,
1035 1085 1093 1139 in
1127 1084 1244 1140 foro
1275 1083 1682 1156 imperatorem
1714 1081 2078 1138 consalutat:

435 1173 896 1248 negabantenim
913 1189 977 1230 se
988 1173 1415 1229 Comnenorum
1432 1172 1653 1228 laturos
1666 1171 1889 1227 diutius
1903 1170 2083 1244 impe-

433 1265 610 1332 rium,
644 1279 896 1336 quorum
930 1267 1240 1334 pertaesum
1264 1267 1438 1317 esset.
1458 1260 1829 1334 Imperatrice
1850 1276 1982 1316 vero
2001 1259 2084 1314 ita

433 1369 568 1409 cum
588 1351 845 1426 periculo
867 1367 1146 1423 magnum
1167 1351 1444 1424 palatium
1461 1353 1750 1423 ingressa,
1769 1350 2084 1405 comitatus

436 1441 725 1498 nobilium
788 1440 1092 1495 hominum
1127 1441 1415 1496 audacius
1443 1456 1616 1511 quam
1650 1439 1992 1510 prudentius
2022 1439 2081 1493 in

435 1528 973 1601 Contostephanum
1043 1529 1194 1586 facto
1257 1530 1478 1601 impetu
1547 1528 1855 1584 factionem
1920 1525 2084 1581 illam

438 1618 709 1690 dissipat,
739 1623 798 1674 et
825 1619 1364 1689 Contostepbanum
1399 1620 1456 1674 in
1489 1633 1775 1674 carcerem
1828 1615 2081 1686 conjicit.

2187 541 2242 596 οῖ
2299 539 2515 616 Βλάχοι
2573 539 2850 612 λοίζονται
2913 545 3053 616 μετὰ
3129 549 3349 610 Σκυθῶν
3423 544 3683 607 ἐπιόντες.
3741 547 3847 601 Καὶ

2189 632 2352 694 αὐτὸς
2417 631 2513 704 μὲν
2575 632 2674 688 οὐκ
2739 632 2897 698 εὐθὺς
2954 633 3147 709 ῥυτῆρι
3215 637 3370 689 παντί
3435 641 3535 704 τῆς
3600 635 3675 696 εἰς
3738 637 3844 704 τὴν

2187 719 2351 776 πόλιν
2397 720 2600 794 ἥψατο,
2653 719 2779 776 ἀλλ’
2830 722 2904 784 ὡς
2951 727 3048 778 τοῦ
3089 721 3328 801 ἀδελφοῦ
3367 727 3719 799 συσχιθέντος
3748 727 3845 780 καὶ

2187 812 2538 887 πηρωθέντος
2644 810 2844 886 μηδένα
2945 815 3293 889 ὑφορώμενος
3375 812 3580 884 κίνδυν,
3669 814 3848 890 βάδην

2187 902 2277 956 καὶ
2358 905 2476 963 τοῖς
2557 903 2820 974 σταθμοῖς
2907 897 3265 977 ἐμϐραδύνων
3325 903 3634 977 ἐπορεύετο.
3693 902 3845 976 Ἤδη

2188 990 2292 1067 γὰρ
2345 989 2434 1044 καὶ
2492 990 2554 1046 τὸ
2612 997 2713 1060 τῆς
2767 988 3054 1052 πολιτείας
3123 993 3286 1047 αὐτὸν
3361 991 3626 1070 ἆνευφήσε
3694 993 3848 1064 πλή-

2190 1099 2372 1154 ρωμα,
2404 1079 2493 1133 καὶ
2546 1079 2682 1151 πρὸς
2738 1082 2834 1148 τῆς
2889 1080 3140 1156 γυναικὸς
3196 1081 3613 1158 Εὐφροσύνηςὴ
3645 1082 3849 1138 τούτου

2189 1167 2602 1242 προητοίμαστο
2656 1166 2890 1236 εἷ’σοδος,
2937 1169 3000 1224 τό
3047 1190 3104 1225 τε
3151 1174 3251 1235 τῆς
3305 1169 3619 1245 συγκλήτου
3655 1169 3850 1244 μέρος,

2191 1258 2238 1312 εἰ
2268 1257 2357 1312 καὶ
2393 1258 2469 1329 μὴ
2501 1256 2665 1327 ἆπαν,
2697 1257 2905 1332 ἱλαρῶς
2956 1259 3054 1313 ὃσα
3113 1260 3166 1314 οἱ
3223 1259 3590 1330 ξυνενῆνεκται
3621 1262 3849 1334 ἤνεγκε,

2189 1347 2277 1400 καὶ
2317 1351 2426 1401 τῶν
2459 1345 2518 1400 ὲκ
2571 1350 2668 1402 τοῦ
2727 1344 2909 1417 δῆμου
2966 1347 3104 1422 πρὸς
3156 1349 3256 1416 τήν
3305 1349 3474 1416 άκοήν
3504 1353 3612 1404 τῶν
3639 1347 3854 1425 ἠγγελ-

2194 1435 2370 1509 μένων
2431 1431 2584 1490 οὐδέν
2639 1456 2723 1498 τις
2781 1435 3084 1500 ἀτάσθαλον
3141 1436 3504 1512 ἐνεόχμωσεν,
3555 1437 3682 1493 ἀλλ’
3714 1437 3854 1512 ἠρέ-

2197 1545 2373 1598 μησαν
2434 1525 2532 1598 μὲν
2589 1522 2784 1590 πάντεξ
2837 1525 2928 1580 καὶ
2981 1523 3441 1598 συνεπευδόκησαν
3498 1532 3617 1590 τοῖς
3674 1526 3852 1582 ἄκου-

2195 1616 2386 1684 σθεῖσι,
2420 1615 2560 1686 μήτε
2616 1613 3033 1690 βατταρίσαντες
3097 1617 3236 1689 μήτε
3290 1616 3675 1694 ἀναφλεγέντες
3705 1617 3850 1688 πρὸς

445 1705 653 1762 δικαίαν
685 1706 854 1782 ὀργὴν
889 1708 972 1769 οἷς
1032 1707 1222 1770 εἷωθὸς
1280 1705 1464 1770 αὐτοῖς
1519 1704 1747 1781 βασιλέα
1803 1723 2136 1780 χειροτονειν
2193 1702 2298 1758 ὑπὸ
2347 1707 2453 1758 τῶν
2505 1701 2882 1778 στρατοπέδων
2918 1705 3009 1760 καὶ
3036 1709 3204 1760 τοῦτο
3235 1705 3564 1784 ἀφῄρηνται.
3599 1705 3760 1762 Ἐπεὶ
3792 1703 3850 1760 δὲ

435 1797 573 1872 πρὸς
599 1797 663 1850 τὸ
698 1799 949 1872 μέγιστον
1008 1796 1234 1870 ἀρχεῖον
1291 1799 1326 1866 ἡ
1387 1793 1647 1850 δούκαινα
1699 1793 2018 1872 Εὑφροσύνη
2077 1789 2248 1866 ἄρασα
2309 1789 2530 1861 ἤλαυνε,
2580 1794 2703 1848 τότε
2734 1790 2800 1864 δὴ
2832 1798 2942 1850 τῶν
2979 1793 3258 1869 βαναύσων
3288 1795 3378 1850 καὶ
3408 1792 3735 1870 ξυγκλύδων
3763 1817 3851 1852 τι-

437 1887 522 1950 νὶς
583 1885 950 1964 φιλοτάραχοι
1003 1885 1226 1963 φατρίαν
1286 1887 1644 1961 κροτήσαντες
1703 1883 1793 1938 καὶ
1852 1881 2173 1957 σύστρεμμα
2231 1882 2596 1954 ποιησάμενοί
2650 1903 2773 1937 τινα
2828 1883 3260 1959 Κοντοστέφανον
3313 1884 3542 1958 ὀνόματι
3574 1885 3850 1956 ἈΛὲξιον,

435 1974 492 2037 ἐς
519 1975 582 2030 τὸ
618 1975 875 2049 μέγιστον
936 1973 1288 2051 ξὺλλεγέντες
1342 1975 1589 2046 τέμενος,
1646 1972 2064 2048 ἀναγορεύουσιν
2119 1967 2516 2044 αὐτοκράτορα,
2575 1969 2986 2047 ἀστροθεάμονα
3015 1965 3143 2027 ὅντα
3167 1971 3257 2027 καὶ
3289 1973 3458 2026 πάλαι
3489 1975 3558 2046 τῇ
3594 1972 3853 2048 βασιλείᾳ

433 2059 802 2138 ἐνεδρεύοντα,
835 2063 1013 2118 οὐκέτι
1049 2062 1299 2138 λέγοντες
1360 2060 1536 2127 θέλειν
1589 2062 1693 2117 ὑπὸ
1751 2064 2054 2133 Κομνηνῶν
2116 2057 2496 2132 βασιλεύεσθαι
2555 2061 2936 2136 γεγενημένων
2993 2061 3177 2124 αὐτοῖς
3236 2060 3314 2124 είς
3343 2061 3702 2136 πλησμονήν.
3736 2065 3851 2134 Τῆς

434 2149 492 2207 δὲ
525 2151 850 2226 βασιλίσσης
911 2151 1266 2226 Εοφροσύνης
1326 2150 1682 2214 ἐπικινδύνως
1737 2151 1910 2210 οὓτως
1953 2147 2017 2204 τὸ
2081 2145 2220 2222 μέγα
2278 2147 2544 2203 παλάτιον
2604 2148 2902 2220 εἰσιούσης,
2945 2147 3080 2205 ἔνιοι
3119 2155 3226 2206 τῶν
3256 2151 3347 2206 ἀπ’
3376 2149 3623 2225 εὐσήμου
3653 2153 3849 2226 γένους

426 2240 757 2314 ἐφεπόμενοι
787 2239 964 2315 ἐκείνῃ
1001 2240 1138 2295 κατὰ
1193 2245 1290 2295 τοῦ
1355 2240 1794 2313 Κοντοστεφάνου
1853 2237 2115 2314 ὥρμησαν
2175 2233 2586 2312 τολμηρότερον
2645 2235 2859 2311 μᾶλλον
2892 2239 2928 2308 ἢ
2961 2241 3283 2315 συνετώρον,
3335 2241 3425 2295 καὶ
3480 2241 3543 2296 τὸ
3583 2239 3847 2316 χυδαίζον

431 2335 622 2408 στῖφος
651 2337 752 2399 τῆς
785 2329 1000 2391 πόλεως
1030 2327 1222 2384 αὐτίκα
1253 2326 1712 2398 διασκεδάννυται,
1743 2328 1832 2384 καὶ
1863 2329 1892 2382 ὁ
1923 2325 2352 2404 Κοντοστέφανος
2392 2324 2728 2403 συλληφθεὶς
2758 2333 2966 2403 φρουρᾷ
2994 2326 3374 2404 παραδίδοται.

503 2423 555 2474 2.
585 2423 662 2475 Eo
685 2419 878 2492 populi
915 2423 1069 2476 motu
1101 2435 1462 2491 compresso,
1499 2421 1674 2476 etiam
1699 2418 2074 2476 ecclesiastici

2260 2415 2334 2472 a'.
2366 2415 2478 2470 Τοῦ
2527 2413 2584 2470 δε
2633 2412 2929 2489 δημώδους
2969 2414 3219 2488 πλήθους
3263 2417 3434 2480 οὕτως
3467 2421 3838 2495 ἠρεμηκ⁶τ⁰ε’

436 2525 646 2564 novum
673 2509 1080 2580 imperatorem
1108 2509 1433 2580 approbant
1467 2525 1481 2577 ;
1515 2512 1572 2564 et
1602 2507 1842 2580 quidam
1865 2506 2082 2562 sacriﬁ-

2192 2502 2278 2556 καί
2323 2503 2459 2558 αὐτὸ
2517 2509 2794 2568 συναπτῶς
2850 2507 2914 2561 τὸ
2971 2513 3072 2576 τῆς
3131 2505 3428 2578 ἐκκλησίας
3457 2507 3747 2584 πλήρωμα
3772 2515 3834 2583 τῇ

433 2595 604 2654 culus
637 2596 838 2668 paucis
889 2596 1149 2651 nummis
1179 2603 1488 2669 corruptus
1534 2597 1756 2668 (eodem
1807 2595 1978 2650 modo
2027 2601 2082 2650 et

2192 2590 2280 2662 νέᾳ
2335 2589 2608 2668 τυραννίδι
2675 2589 2982 2666 συμϐαίνει,
3060 2595 3150 2650 καὶ
3243 2617 3328 2661 τις
3381 2601 3490 2653 τῶν
3557 2601 3835 2673 νεωκόριυν

433 2701 566 2742 cum
597 2685 895 2743 seditiosis
947 2685 1432 2742 circumforaneis
1465 2691 1522 2743 et
1552 2687 1754 2756 paucis
1784 2700 1851 2740 ex
1876 2683 2080 2740 ordine

2192 2677 2404 2758 ὀλίγοις
2452 2681 2781 2758 ὑποφθαρείς
2827 2685 3071 2758 κάρμασι
3119 2687 3304 2760 (τοῦτο
3347 2683 3404 2741 δὲ
3453 2686 3681 2742 καὶτῶν
3709 2689 3831 2764 ἆγο-

425 2774 719 2846 judicum,
751 2790 998 2846 quorum
1049 2774 1391 2833 nominibus
1424 2791 1618 2847 parco,
1652 2774 1895 2847 actum),
1941 2791 2076 2844 sug-

2192 2771 2359 2846 ραίων
2405 2771 2458 2825 οἳ
2509 2769 2853 2848 ταραχώδεις
2914 2774 3210 2830 πεπόνθασι
3261 2776 3352 2830 καὶ
3387 2777 3615 2850 βραγεῖς
3637 2782 3738 2830 τῶν
3767 2776 3820 2830 ἐκ

435 2867 599 2935 gesto
647 2878 968 2919 conscenso
1024 2862 1209 2918 Alexii
1262 2862 1781 2935 proclamationem
1830 2863 2079 2934 orditur,

433 2953 560 3009 sine
603 2953 949 3024 patriarchas
993 2968 1278 3009 consensu
1325 2971 1340 3021 ;
1393 2953 1492 3024 qui
1541 2957 1737 3010 tamen
1783 2952 2084 3024 paulisper

431 3042 783 3115 refragatus,
845 3059 918 3098 ne
947 3058 1057 3098 sua
1123 3041 1421 3098 voluntate
1479 3047 1717 3098 coactus
1765 3042 2081 3107 videretur,

431 3137 486 3187 et
515 3133 640 3202 ipse
695 3130 753 3184 in
789 3131 1160 3201 imperatoris
1192 3135 1384 3202 partes
1417 3129 1728 3187 concessit.
1777 3131 1900 3194 Quo
1932 3131 2082 3186 facto

435 3235 595 3274 remo
627 3218 882 3290 amplius
909 3223 1000 3273 est
1037 3219 1402 3288 adversatus,
1432 3219 1537 3275 sed
1567 3219 1821 3275 universi
1867 3219 1925 3274 in
1959 3235 2079 3274 ma-

435 3321 618 3378 gnum
649 3305 927 3377 palatium
973 3311 1251 3377 tanquam
1287 3307 1576 3376 mancipia
1600 3307 2080 3379 transfugerunt;

435 3399 492 3451 et
539 3395 880 3466 priusquam
943 3411 1156 3450 novum
1209 3394 1614 3466 imperatorem
1658 3395 1932 3465 viderent,
1983 3400 2084 3452 aut

434 3483 578 3555 quid
614 3483 792 3538 veteri
844 3482 1152 3539 accidisset
1209 3487 1570 3556 compertum
1604 3483 1902 3552 haberent,
1954 3485 2081 3554 ejus

435 3573 599 3629 uxori
659 3573 757 3644 qui
817 3588 1008 3628 rerum
1087 3573 1256 3644 potiri
1328 3572 1623 3629 ferebatur
1677 3572 2081 3640 obediverunt,

436 3663 590 3718 002
620 3669 678 3718 et
734 3665 964 3717 tantum
999 3677 1113 3718 non
1170 3662 1368 3734 capita
1397 3678 1499 3734 pro
1553 3661 1821 3718 scabellis
1865 3677 2079 3736 suppo-

2186 2862 2284 2915 τοῦ
2315 2856 2632 2916 δικαστικοῦ
2685 2859 2988 2936 τάγματος
3049 2861 3116 2917 τὰ
3166 2859 3224 2918 δὲ
3279 2864 3525 2937 ὀνόματα
3556 2865 3823 2940 προφέρειν

2189 2946 2250 3004 οὐ
2285 2947 2542 3024 δύναμαι)
2573 2954 2673 3017 τῆς
2723 2955 2820 3006 τοῦ
2879 2950 3132 3022 Ἀλεξίου
3192 2953 3464 3029 εὐφημίας
3511 2955 3838 3030 κατάρχεται

2189 3039 2266 3101 εἰς
2321 3041 2416 3096 τὸν
2469 3041 2614 3116 ἱερὸν
2669 3040 3010 3115 ἀνάσταθμὸν
3071 3043 3253 3109 ἀνιὼν,
3309 3045 3384 3116 μὴ
3444 3044 3743 3117 ἀναμείνας
3788 3043 3843 3099 έκ

2189 3133 2286 3184 τοῦ
2339 3130 2739 3204 ἆρχιποιμένος
2806 3131 2868 3185 τὸ
2927 3128 3232 3205 ἐνδόσιμον,
3294 3131 3471 3188 Ἀλλὰ
3535 3134 3627 3188 καὶ
3691 3135 3839 3195 οὗτος

2192 3217 2384 3292 μικρόν
2416 3238 2468 3270 τι
2500 3217 2710 3289 ἐνστὰς,
2741 3221 2833 3274 καὶ
2864 3219 2993 3274 ὅσον
3029 3223 3122 3275 τὸν
3175 3221 3251 3294 μή
3297 3221 3640 3292 αὐτόκλητον
3672 3223 3838 3295 ὐπεμο

2188 3309 2375 3383 φῆναι,
2419 3307 2518 3376 τήν
2573 3308 2806 3382 γνώμην
2864 3309 2940 3370 εἰς
2995 3309 3087 3364 τὸν
3155 3307 3382 3384 ἄρξαντα
3418 3311 3702 3384 μετέθηκε.
3740 3312 3834 3368 Καὶ

2185 3399 2282 3451 τοῦ
2337 3397 2686 3476 πατριάρχου
2739 3397 2918 3452 τοίνυν
2999 3399 3480 3473 ὑποχαυνωθέντος
3539 3398 3721 3464 οὐδεὶς
3778 3403 3838 3469 ἧν

2187 3484 2247 3540 ἐκ
2295 3484 2492 3540 τούτου
2550 3491 2948 3562 γνωσιμαχῶν,
3006 3487 3154 3543 ἀλλὰ
3208 3489 3400 3551 πάντες
3450 3490 3514 3544 τὸ
3587 3492 3834 3564 μέγιστον

2187 3573 2411 3648 ἀρχεῖον
2461 3571 2971 3648 καταλαμϐάνοντες
3047 3576 3398 3649 ηὐτομόλουν
3467 3578 3717 3658 ἀτεχνῶς

2191 3660 2438 3737 βασιλίδι
2469 3663 2545 3724 ὡς
2575 3661 2908 3739 ἀνδράποδα,
2964 3666 3055 3720 καὶ
3111 3667 3238 3741 πρῖν
3299 3664 3503 3722 ἰδέσθαι
3532 3668 3624 3723 τὸν
3652 3690 3843 3742 τυρανο

436 3755 721 3808 suerunt:
753 3755 808 3808 et
839 3750 1172 3806 catellorum
1242 3751 1425 3806 instar
1454 3750 1712 3807 calceum
1772 3753 1902 3822 eju
1941 3752 2081 3808 deo-

2195 3752 2431 3819 νησαντα
2487 3748 2523 3820 ἤ
2585 3755 2787 3828 γνῶναι
2842 3748 3084 3826 ἀκριϐῶς
3142 3754 3305 3810 ὁποῖα
3349 3756 3417 3810 τὰ
3473 3755 3849 3834 ξυνενεχθέντα

435 3839 671 3908 sculati,
727 3837 1168 3897 formidantium
1203 3839 1427 3908 habitu,
1458 3840 1790 3911 conjunctis
1835 3841 2082 3912 pedibus

439 3933 497 3985 et
525 3928 847 4000 complexis
901 3929 1196 3998 manibus,
1228 3928 1337 3984 soli
1369 3929 1536 3984 fama
1588 3929 2083 4001 obtemperantes,

436 4019 762 4074 astiterunt.
793 4024 864 4072 At
926 4016 1258 4088 imperatrix
1312 4016 1524 4073 callida
1573 4021 1630 4073 et
1662 4019 1908 4090 tempori
1963 4034 2082 4074 ser-

435 4105 557 4160 vire
595 4105 801 4160 edocta
849 4103 1058 4160 mulier
1090 4106 1280 4160 fatuos
1312 4107 1614 4176 Byzantios
1657 4107 1970 4162 verborum
2002 4106 2082 4162 le-

436 4193 668 4250 nocinio
699 4192 1109 4261 demulcebat;
1141 4196 1244 4266 qui
1273 4202 1331 4250 ut
1363 4193 1520 4266 porci
1553 4195 1832 4268 resupini,
1867 4196 2083 4268 quibus

436 4286 669 4338 ventres
729 4281 1034 4349 fricantur,
1095 4282 1389 4338 blanditiis
1447 4282 1700 4354 deliniti,
1752 4283 1896 4340 nihil
1968 4301 2080 4342 non

439 4379 640 4420 eorum
677 4380 805 4436 quas
851 4368 975 4419 acta
1006 4367 1173 4419 erant
1204 4363 1626 4435 approbabunt.
1690 4365 1960 4436 Ingressu
2011 4367 2080 4422 ad

439 4455 599 4510 hunc
632 4455 872 4510 modum
919 4452 1044 4508 sine
1073 4453 1360 4524 sanguine
1390 4457 1449 4508 et
1481 4453 1870 4525 publicatione
1903 4455 2086 4512 bono-

441 4558 570 4599 rum
628 4547 981 4615 cujusquam
1015 4545 1353 4614 praaparato,
1401 4547 1532 4613 post
1559 4543 1685 4599 dies
1710 4543 1932 4616 aliquot
1961 4545 2086 4616 ipse

441 4633 674 4690 Alexius
705 4633 762 4688 in
809 4633 1014 4688 urbem
1046 4631 1244 4699 venit;
1287 4635 1346 4686 et
1375 4647 1576 4686 recens
1601 4631 1756 4688 lotus
1787 4632 1848 4688 in
1881 4641 2086 4691 aurato

437 4718 582 4777 lecto
613 4722 670 4776 in
703 4721 988 4778 exteriore
1033 4719 1362 4792 Philopatio
1391 4720 1600 4776 sedens
1644 4719 1891 4778 libenter
1917 4727 1974 4778 et
2001 4722 2086 4779 bi-

442 4810 631 4865 lariter
663 4812 808 4866 adiri
860 4827 922 4866 se
971 4809 1210 4881 patitur,
1239 4808 1436 4864 animo
1481 4813 1720 4882 propter
1760 4811 2084 4869 admissum

442 4895 502 4950 in
535 4899 765 4951 fratrem
799 4897 987 4953 scelus
1018 4913 1130 4952 non
1164 4901 1552 4954 consternato.
1587 4898 1831 4964 Quidam
1865 4917 1998 4957 vero
2019 4918 2088 4958 ex

449 4984 564 5038 Beli
600 4984 926 5055 judicibus,
946 4986 1100 5041 σοι
1129 4986 1549 5059 intempestivis
1572 4987 1744 5058 jocis,
1777 5005 1922 5061 quos
1942 4991 2089 5058 adq-

445 5070 587 5127 latio
661 5074 1028 5144 suggerebat,
1105 5075 1250 5130 risui
1309 5092 1370 5131 se
1432 5082 1846 5148 exposuerunt.
1917 5079 2092 5136 Erant

444 5161 615 5215 etiam
637 5161 738 5230 qui
769 5161 828 5215 id
859 5161 1256 5231 spectaculum
1281 5165 1549 5234 suspiriis
1581 5173 2092 5241 prosequerentur,

447 5263 578 5302 cum
609 5252 820 5315 vestes,
853 5265 998 5320 quas
1045 5249 1156 5303 sibi
1186 5250 1515 5308 confecerat
1540 5254 1819 5324 lsaacius,
1851 5258 2086 5315 fratrem

445 5337 574 5406 ejus
598 5336 860 5393 induisse
889 5336 1170 5406 viderent,
1213 5342 1272 5393 et
1301 5339 1607 5412 indignum
1641 5344 1703 5400 id
1732 5345 1955 5404 facinus
1991 5349 2090 5404 de-

2195 3843 2274 3910 τῷ
2327 3839 2521 3913 πρώην
2577 3839 2788 3908 ἄνακτι,
2869 3845 2939 3915 τῇ
3014 3846 3112 3898 τοῦ
3169 3840 3472 3920 λεγομένου
3532 3842 3850 3922 βασιλεῦσαι

2195 3926 2602 3990 καθυπέκυπτον
2671 3929 2907 4002 γυναικὶ,
2965 3930 3054 3985 καὶ
3125 3930 3408 3995 ὑπετίθουν
3463 3933 3537 3996 ὡς
3594 3932 3846 4008 θρανίδας

2193 4015 2290 4078 τὰς
2317 4014 2577 4091 κεφαλὰς,
2631 4018 2722 4071 καὶ
2779 4019 2876 4086 τήν
2938 4017 3060 4094 ῥῖνα
3115 4022 3183 4092 τῇ
3244 4015 3441 4091 ὲμϐάδι
3491 4018 3640 4090 δίκην
3667 4041 3845 4096 προσ-

2192 4104 2526 4176 κνιζομένων
2581 4102 2834 4160 κυνιδίων
2893 4103 3194 4182 ἐνήρειδον,
3260 4107 3352 4163 καὶ
3411 4107 3645 4184 περιδεεῖ
3698 4129 3843 4185 παρ-

2198 4190 2409 4247 ίσταντο
2459 4197 2539 4266 τῷ
2586 4196 2858 4269 σχήματι,
2918 4195 2996 4250 τὼ
3054 4193 3191 4251 πόδε
3249 4200 3605 4262 συνάπτοντες
3651 4201 3744 4256 καὶ
3769 4199 3842 4254 τὼ

2191 4285 2347 4356 χεῖρε
2381 4276 2814 4354 συμϐάλλοντες.
2872 4282 2968 4338 Καὶ
3021 4285 3074 4339 οἱ
3128 4287 3220 4358 μὶν
3271 4281 3555 4363 ἀϐέλτεροι
3601 4289 3687 4359 [Ρ.
3724 4288 3843 4361 294]

2195 4371 2370 4432 οὕτως
2432 4368 2482 4440 ἐξ
2563 4371 2731 4440 ἀκοῆς
2818 4371 3197 4445 ἀνασσόμενοι,
3255 4377 3291 4444 ἡ
3351 4372 3408 4430 δὲ
3464 4379 3572 4449 (43)
3635 4377 3842 4452 βασιλὶς

2195 4459 2395 4533 χρῆμά
2441 4479 2490 4513 τι
2540 4460 2672 4514 οὖσα
2719 4460 2975 4517 ποικίλον
3015 4460 3106 4517 καί
3154 4463 3471 4539 πράγμασιν
3506 4466 3838 4542 εὐμεθάρμο·

2195 4568 2318 4603 στον
2374 4555 2674 4628 προσφυεῖς
2728 4555 2848 4613 ταῖς
2920 4550 3136 4607 πεύσεσι
3207 4553 3304 4618 τὰς
3355 4553 3671 4631 ἀποκρίσεις
3729 4557 3837 4632 ἐμέ-

2197 4642 2334 4710 ριζε,
2393 4637 2486 4692 καὶ
2543 4637 2671 4702 τοὺς
2752 4640 2970 4710 εὐήθεις
3029 4638 3209 4716 διέχεε
3265 4643 3596 4712 Βυζαντίους
3653 4646 3708 4702 ὲν
3760 4647 3826 4706 οἷς

2197 4723 2518 4782 ἐκώτιλλεν·
2566 4729 2619 4783 οἱ
2651 4725 2710 4783 δὲ
2766 4728 2840 4791 ὡς
2893 4729 2978 4792 ὕες
3031 4728 3091 4784 α⁹ἰ
3149 4731 3246 4794 τὰς
3297 4734 3564 4809 γαστέρας
3594 4735 3821 4810 καταφώ-

2201 4835 2356 4889 μεναι
2408 4815 2778 4888 ὑπτιάζουσιν,
2838 4819 3224 4893 ὕποκνώμενοι
3290 4822 3358 4876 τὰ
3423 4821 3538 4878 ὦτα
3603 4831 3720 4888 τοῖς
3763 4821 3834 4879 εὐ·-

2196 4905 2570 4981 προσηγόροις
2599 4906 2910 4981 ἀσπασμοῖς
2969 4905 3122 4963 οὐδέν
3176 4929 3230 4963 τι
3285 4914 3392 4966 τῶν
3425 4908 3836 4987 συμϐεϐηκότων

2201 4993 2307 5048 ὑπὸ
2355 4995 2568 5067 νέμεσιν
2615 4995 2818 5060 ἔθεντο.
2873 4996 2971 5052 Καὶ
3013 4998 3240 5069 τοιαύτη
3293 5001 3388 5072 μὲν
3431 5005 3466 5070 ἡ
3511 5001 3842 5077 προεισόδιος

2201 5083 2489 5157 έτοιμασία
2558 5089 2656 5140 τοῦ
2743 5085 3012 5162 βασιλέως
3068 5086 3136 5156 ἦν
3195 5086 3458 5162 Ἀλεξίου,
3520 5091 3840 5166 ἀναίμακτος

2203 5173 2380 5243 πάντη
2427 5175 2516 5228 καὶ
2571 5175 2784 5248 μηγένα
2835 5179 2946 5230 τῶν
2995 5173 3141 5230 ὅλων
3200 5175 3253 5240 ἒς
3313 5179 3500 5235 οὐσίαν
3529 5178 3840 5254 ἀδικήσασα.

2199 5259 2406 5332 Εἴσεισι
2463 5259 2520 5317 δὲ
2577 5264 2640 5318 τὸ
2724 5264 3014 5334 Βυζάντιον
3103 5269 3220 5338 μεθ’
3295 5268 3506 5343 ἡμέρας
3555 5273 3708 5335 τινὰς
3761 5269 3843 5326 καὶ

2201 5348 2384 5422 αὐτὸς,
2441 5352 2531 5406 καὶ
2588 5351 2754 5428 κλίνῃ
2835 5355 3204 5432 χρυσοπάστῳ
3261 5355 3552 5422 νεόλουτος
3607 5361 3844 5433 ἐνιζήσας

1803 5472 1991 5543 Hier.
2039 5477 2278 5547 Wolﬁi
2317 5487 2519 5548 notas.

529 5612 642 5686 (43)
668 5611 731 5668 Ἢ
764 5607 840 5666 δὲ.
873 5611 1125 5683 Apparet
1156 5608 1343 5665 ironia
1371 5626 1440 5666 ex
1467 5611 1872 5677 similitudine.
