4098 6292
303 388 423 448 829

1231 389 1330 448 DE
1372 386 1665 448 ALEXIO
1711 386 1993 447 ISAACII
2038 388 2327 449 ANGELI
2371 389 2493 449 FB.
2545 390 2692 449 LIB.
2733 390 2780 450 Ι.

3594 384 3714 449 830

304 519 442 574 κατὰ
490 518 552 573 τὸ
602 516 904 595 λεγόμενον
957 516 1056 590 ἔξω
1097 518 1438 574 Φιλοπάτιον
1494 522 1810 593 περιχαρῶς
1866 519 1955 574 καὶ

2073 521 2386 592 plorarent,
2432 526 2491 578 et
2548 538 2675 578 eam
2726 522 3089 594 principatus
3141 521 3519 578 mulationem
3552 520 3713 579 brevi

309 609 561 682 ἀσμένως
623 606 752 667 τοὺς
818 607 872 670 ἐς
944 607 1105 662 αὐτὸν
1180 608 1609 684 ἀφικνουμένους
1688 607 1963 683 προσίετο,

321 699 399 771 μή
429 696 873 760 καταπεπτωκὼς
944 698 1044 764 τήν
1119 695 1440 751 κατάστασιν
1496 704 1597 765 τῆς
1673 701 1859 770 ψυγῆς
1914 695 1965 767 ἐξ

317 789 391 840 ὧν
434 787 508 849 εἰς
566 786 659 841 τὸν
718 784 951 864 ἀδελφὸν
991 783 1330 860 διεπράξατο.
1392 788 1551 847 Τινὲς
1610 784 1667 840 δὲ
1703 791 1811 840 τῶν
1869 787 1966 841 τοῦ

310 878 500 946 Βήλου
533 881 732 950 κριτῶν
773 877 846 948 μή
881 875 1144 950 εὐκαιρως
1197 876 1290 930 τὸν
1335 876 1523 948 καιρὸν
1577 873 1964 936 κολακεύοντες

308 963 687 1040 βωμολόχους
753 962 1036 1043 ἐπαφῆκαν
1098 964 1299 1041 φωνὰς,
1359 964 1411 1019 ἐν
1468 966 1552 1026 αίς
1619 963 1707 1019 καί
1776 963 1962 1042 ὦφλον

304 1052 647 1129 κατάγελων.
683 1056 852 1109 Ἦσαν
906 1052 951 1108 δ’
1002 1051 1053 1107 ο’ί
1094 1054 1184 1108 καὶ
1242 1053 1589 1126 ἐπεστέναξαν
1644 1059 1761 1115 τοῖς
1819 1055 1959 1128 ὁρω-

308 1142 514 1215 μένοις,
573 1143 662 1197 καὶ
721 1144 849 1206 τοὺς
908 1141 1221 1218 βασιλείους
1273 1145 1520 1216 κόσμους
1576 1144 1962 1199 κατωπτευκό-

306 1252 419 1301 τες,
454 1231 547 1294 οῦς
599 1233 775 1304 ἐαυτῷ
825 1231 1126 1307 ὑπέῤῥαψεν
1178 1234 1467 1300 Ἰσαάκιος,
1525 1233 1962 1312 περιαμπίσχον.

299 1342 398 1383 τας
444 1321 568 1393 ἄρτι
628 1322 720 1376 τὸν
780 1320 984 1375 ἐκείνου
1032 1324 1362 1397 κασίγνητον
1424 1319 1799 1395 ἐπωδύραντο,
1857 1324 1959 1392 τὴν

306 1410 536 1464 ἀτοπίαν
590 1409 950 1486 ἐκπλαγέντες
1005 1414 1102 1465 τοῦ
1149 1413 1490 1486 πράγματος,
1549 1412 1637 1465 καὶ
1687 1412 1783 1479 τήν
1843 1433 1956 1467 τοι-

302 1500 476 1568 αύτην
511 1496 810 1553 ἀλλοίωσιν
841 1507 943 1568 τῆς
991 1499 1171 1574 ἀρχῆς
1221 1501 1399 1577 ἀρχὴν
1449 1502 1775 1579 προσφάτων
1825 1501 1953 1554 οἴω-

304 1590 525 1658 νίζοντο
583 1594 899 1665 συμφορῶν,
964 1591 1032 1644 τά
1094 1610 1151 1644 τε
1217 1586 1484 1662 Ὀσίριδος
1550 1589 1637 1643 καὶ
1702 1592 1960 1665 Τυφῶνος

302 1672 571 1731 ἐϐάλοντο
614 1676 749 1732 κατὰ
811 1681 953 1742 νοῦν,
1016 1678 1100 1756 ὑφ’
1159 1679 1232 1731 ὧν
1289 1675 1728 1752 ἒκακοπράγησεν
1787 1677 1956 1751 Α’ἰγυ-

252 1832 257 1835 ς
300 1786 460 1826 πτος.
495 1764 771 1829 Εἰσελθὼν
815 1763 872 1821 δὲ
917 1768 979 1821 τὸ
1022 1773 1123 1836 τῆς
1186 1771 1319 1821 Θεοῦ
1376 1766 1579 1844 Σοφίας
1628 1767 1956 1840 περίπυστον

293 1856 387 1909 καὶ
460 1853 709 1928 μέγιστον
777 1855 1020 1928 τέμενος,
1089 1856 1238 1918 ὅπως
1303 1858 1440 1911 κατά
1502 1858 1565 1911 τὸ
1641 1851 1831 1927 ἔθιμον
1897 1854 2029 1953 ἐςΒ

296 1942 528 2019 βασιλέα
582 1947 787 2022 χρισθῇ
845 1945 935 2000 καὶ
988 1940 1360 2019 περιϐαλεῖται
1420 1945 1485 2000 τὰ
1534 1949 1633 2000 τοῦ
1719 1945 1948 2017 κράτους

296 2029 575 2106 σῦμϐολα,
627 2038 818 2109 πρῶτα
888 2036 982 2107 μὲν
1048 2035 1356 2110 ὀψιαίτερον
1416 2036 1477 2090 τὸ
1544 2041 1644 2103 τῆς
1711 2035 1948 2096 πίστεως

294 2118 866 2199 ἐγγράφεισύμϐολον
917 2126 1061 2203 βαφῆ
1120 2129 1189 2198 τῇ
1255 2123 1532 2198 βασιλικῆ,
1590 2118 1774 2178 ἔπειτα
1827 2128 1946 2185 ταῖς

295 2212 527 2287 ὡραίαις
560 2210 886 2288 λεγομέναις
924 2218 1020 2267 τοῦ
1078 2214 1180 2267 νεὼ
1237 2212 1434 2277 πόλαίς
1491 2212 1708 2289 ἐγγίσας
1763 2213 1944 2267 ἱκανὸν

297 2300 473 2356 ἐκεῖσε
550 2301 749 2375 χρόνον
824 2298 1083 2376 διέτριψε,
1162 2298 1605 2377 προσδεχόμενος
1679 2303 1811 2356 πότε
1887 2300 1947 2356 ἄν

300 2388 627 2464 ἐπιταχθείη
687 2392 785 2458 τὴν
845 2388 1057 2445 εἷ’σοδον
1110 2390 1258 2466 παρά
1309 2395 1416 2445 τῶν
1469 2385 1835 2464 ἀκριϐούντων
1883 2392 1946 2445 τὸ

298 2487 400 2548 τῆς
432 2478 581 2556 ὥρας
631 2478 840 2553 καίριον
899 2484 1009 2535 τῶν
1065 2481 1228 2553 ἱερῶν
1279 2480 1757 2555 κατηχουμενείων
1814 2482 1949 2534 ἄνω-

302 2580 412 2632 θεν.
444 2570 634 2640 Ἐξιὼν
678 2567 735 2623 δὲ
789 2568 886 2623 τοῦ
944 2569 1048 2623 νεὼ
1108 2569 1196 2623 καὶ
1259 2567 1480 2640 μέλλων
1537 2563 1792 2638 ἐπιϐῆναι
1847 2574 1946 2623 τοῦ

301 2658 614 2733 ὀχήματος,
650 2659 678 2712 6
714 2659 806 2731 μὲν
861 2658 1031 2720 ’ίππος
1080 2659 1163 2729 (ἦν
1213 2655 1269 2712 δὲ
1317 2659 1476 2720 οὗτος
1535 2660 1790 2734 φανιστὸς
1856 2658 1947 2711 καὶ

295 2743 584 2820 Ἀράϐιος)
656 2746 987 2823 προσάγεται
1067 2748 1215 2821 παρὰ
1288 2752 1386 2801 τοῦ
1459 2747 1946 2823 πρωτοπράτορος

292 2836 398 2890 ἀπὸ
428 2840 524 2889 τοῦ
555 2835 792 2911 χαλινοῦ
824 2834 1124 2906 ἑλκυσθεὶς,
1164 2837 1375 2913 γίνεται
1423 2833 1480 2890 δέ
1517 2857 1571 2891 τι
1601 2840 1711 2891 τῶν
1768 2837 1948 2907 ἀήθων

292 2923 389 2977 καὶ
462 2923 620 2992 ἀξίων
695 2924 989 2997 θαύματος.
1068 2925 1146 2982 Οὐ
1222 2925 1504 3000 προσίεται
1561 2927 1590 2980 ὁ
1635 2925 1806 2985 ἳππος
1851 2925 1945 2980 τὸν

297 3006 593 3083 ἀναϐάτην,
658 3012 801 3069 ἀλλά
854 3014 1174 3092 φριμάσσων
1226 3012 1465 3092 ῦφαιμος
1516 3017 1579 3070 τὸ
1644 3016 1800 3087 όμμα
1852 3014 1946 3069 καὶ

291 3101 357 3156 τὸ
389 3101 482 3163 οὖς
515 3100 783 3176 μετέωρος
833 3105 923 3157 καὶ
972 3104 1149 3182 συχνά
1204 3105 1419 3159 κόπτων
1464 3104 1527 3158 τὸ
1576 3100 1802 3159 δάπεδον
1849 3095 1946 3158 καἱ

283 3190 383 3251 τὰς
414 3188 776 3266 ἐμπροσθίους
817 3186 1144 3247 ἀναϐάλλων
1197 3192 1371 3253 ὁπλάς
1418 3194 1511 3248 καὶ
1556 3191 1724 3270 ῥύδην
1776 3192 1939 3267 φερό-

2075 612 2353 667 malorum
2410 614 2526 668 fore
2582 612 2924 683 principiu‘m
2976 620 3411 683 augurarentur,
3471 611 3716 668 Osiridis

2072 708 2125 756 et
2197 701 2487 772 Typhonis
2550 703 2844 769 recordati,
2926 720 2959 757 ιι
3017 702 3228 773 quibus
3302 701 3516 758 afﬂicta
3572 708 3721 758 esset

2071 793 2355 861 Egyptus.
2400 793 2846 847 Celeberrimum
2895 796 2951 847 et
2990 791 3303 846 maximum
3345 791 3447 847 Dei
3477 792 3717 861 Sapien-

2067 881 2157 934 tiae
2191 880 2466 951 templum
2520 880 2810 952 ingressus
2873 888 2932 935 ut
2970 881 3039 936 de
3074 897 3232 936 more
3284 881 3719 952 inauguraretur

2068 976 2122 1024 et
2173 969 2396 1038 imperii
2456 970 2701 1041 insignia
2733 978 3064 1036 assumeret,
3115 970 3359 1040 primum
3394 970 3525 1025 ﬁdei
3558 986 3711 1043 sym-

2068 1057 2259 1113 bolum
2320 1060 2684 1129 imperatorio
2735 1058 2923 1115 colore
2978 1060 3191 1115 tardius
3249 1058 3570 1129 perscribit.
3605 1059 3719 1115 De-

2067 1147 2199 1202 inde
2231 1149 2298 1203 ad
2354 1149 2674 1217 Speciosam
2709 1149 2906 1219 templi
2940 1154 3158 1219 portam
3209 1149 3423 1204 diutius
3451 1165 3716 1206 commo-

2069 1243 2247 1302 ratur,
2307 1247 2663 1307 exspectans,
2724 1239 2859 1293 dum
2920 1239 3140 1308 ingredi
3189 1238 3490 1308 juberetur
3517 1237 3587 1293 ab
3646 1236 3717 1292 iis

2066 1326 2158 1398 qui
2220 1333 2604 1398 opportunam
2662 1327 2858 1382 horam
2910 1327 2968 1382 in
3000 1345 3065 1383 eo
3114 1327 3259 1394 loco,
3295 1327 3393 1382 ubi
3442 1326 3714 1382 catechu—

2067 1417 2221 1473 mcni
2254 1417 2653 1484 instituuntur,
2712 1417 3111 1473 observabant.
3163 1418 3397 1487 Temple
3428 1432 3712 1488 egressus,

2065 1522 2197 1562 cum
2260 1506 2565 1563 sublimem
2615 1522 2823 1577 equum
2878 1506 3183 1562 Arabicum
3236 1524 3267 1560 a
3306 1512 3710 1576 prolostralore

2064 1596 2373 1650 adductum
2403 1611 2825 1652 conscensurus
2870 1602 3036 1663 esset,
3069 1611 3158 1651 res
3188 1603 3505 1650 memoratu
3534 1594 3709 1665 digna

2064 1685 2290 1740 accidit.
2346 1686 2531 1753 Equus
2579 1685 2734 1741 enim
2778 1700 3053 1740 sessorem
3107 1700 3221 1740 non
3274 1683 3575 1739 admittit:
3610 1684 3705 1740 sed

2063 1773 2248 1830 oculis
2302 1774 2582 1844 sanguine
2640 1774 2893 1839 suffusis,
2945 1773 3176 1829 auribus
3222 1772 3476 1844 arrectis,
3509 1774 3709 1829 crebro

2063 1863 2248 1918 solum
2302 1864 2553 1932 pulsans,
2598 1867 2655 1918 et
2683 1862 3065 1918 anterioribus
3125 1862 3355 1932 ungulis
3408 1877 3542 1916 cum
3594 1862 3705 1917 fre-

2062 1953 2203 2007 mitu
2264 1952 2525 2018 sublatis,
2577 1966 2707 2007 eum
2769 1953 2925 2007 604
2990 1951 3344 2008 ferocissime
3398 1954 3709 2021 aversatur,

2060 2042 2217 2112 quasi
2270 2050 2423 2111 tergo
2475 2041 2734 2111 recipere
2780 2042 3199 2112 dedignaretur.
3261 2042 3441 2111 Atque
3484 2040 3563 2094 ita
3592 2056 3710 2095 sae-

2059 2131 2187 2200 pius
2219 2129 2276 2185 in
2312 2132 2653 2200 posteriores
2707 2131 2878 2200 pedes
2908 2137 3159 2186 arrectus
3203 2136 3257 2186 et
3286 2129 3501 2184 aversis
3530 2129 3712 2185 oculis

2056 2219 2321 2275 Alexium
2357 2219 2601 2291 repellit.
2638 2219 2703 2275 Ut
2733 2227 2919 2276 autem
2966 2223 3094 2288 post
3124 2218 3332 2274 multos
3360 2234 3710 2290 poppysmos

2056 2313 2113 2365 et
2167 2309 2404 2365 cervicis
2459 2308 2811 2378 palpationes
2868 2309 3126 2379 placatus
3182 2313 3235 2363 et
3292 2307 3520 2376 crebros
3576 2306 3705 2363 illos

2056 2414 2223 2470 gyros
2278 2406 2330 2453 et
2369 2397 2791 2454 calcitrationes
2829 2398 3141 2453 emissurus
3172 2396 3490 2463 videbatur,
3523 2396 3704 2465 impe-

2058 2494 2211 2543 rator
2241 2485 2301 2541 in
2330 2501 2459 2541 eum
2497 2485 2698 2540 insiliit
2741 2494 2795 2540 et
2826 2485 3074 2540 habenas
3104 2484 3424 2555 prehendit.
3487 2484 3536 2539 I:
3572 2500 3701 2539 vero

2063 2583 2121 2630 ut
2178 2575 2475 2644 deceptus,
2536 2590 2753 2630 sessore
2783 2589 2949 2644 quem
3006 2574 3185 2630 nollet
3242 2577 3490 2643 recepto,
3545 2588 3707 2641 aeque

2057 2681 2122 2721 ac
2154 2665 2309 2735 prius
2359 2666 2582 2730 ferocit,
2620 2681 2746 2720 cum
2785 2665 2939 2721 claro
3002 2665 3226 2719 hinnitu
3263 2667 3432 2733 pedes
3476 2665 3705 2728 attollit,

2059 2769 2165 2810 nec
2217 2754 2381 2824 prius
2416 2754 2746 2824 importune
2802 2754 3012 2808 saltare
3064 2753 3283 2809 desistit
3335 2767 3500 2822 quam
3546 2766 3705 2821 gem-

2058 2851 2209 2897 mata
2256 2857 2466 2899 corona
2495 2842 2678 2912 capite
2726 2843 2850 2912 ejus
2879 2856 3113 2897 excussa
3151 2852 3209 2896 et
3256 2856 3321 2896 ex
3359 2843 3515 2909 parte
3543 2854 3701 2895 com-

2056 2932 2278 2988 minuta
2329 2930 2522 2997 ipsum
2572 2946 2794 3001 quoque
2841 2931 3166 3000 dejecisset.
3209 2929 3334 2985 Alio
3395 2944 3538 3000 equo
3594 2929 3700 2984 ad-

2054 3022 2251 3087 ducto,
2293 3022 2472 3075 fracta
2502 3034 2712 3075 corona
2766 3019 3188 3089 inauspicatum
3247 3032 3413 3074 omen
3464 3019 3583 3072 visa
3614 3022 3698 3073 est

2056 3110 2277 3180 imperii
2309 3108 2559 3164 cladium
2593 3125 2706 3164 non
2738 3110 2985 3177 expertis
3032 3114 3088 3163 et
3116 3107 3480 3163 imminentis
3522 3106 3705 3161 ruinas

2054 3204 2109 3254 et
2139 3214 2298 3254 noxas
2350 3197 2596 3252 hostilis.
2630 3197 3067 3252 Comitabantur
3121 3211 3251 3251 eum
3300 3196 3359 3251 in
3390 3195 3554 3266 equis
3586 3195 3701 3249 duo

285 3300 446 3352 μενος
504 3281 668 3335 αὐτὸν
727 3283 1111 3356 ἀπεστρέφετο,
1165 3279 1369 3354 ἀδοξῶν
1433 3280 1616 3355 ὥσπερ
1678 3281 1765 3335 ἐπὶ
1822 3285 1931 3336 τῶν

2058 3286 2269 3357 generi,
2345 3287 2838 3356 Contostephanus
2902 3284 3268 3340 Andronicus
3335 3292 3386 3340 et
3441 3260 3700 3339 lsaacius

280 3369 470 3423 νώτων
500 3369 653 3444 ὀχεῖν
701 3378 788 3423 καί
837 3371 955 3425 κατ’
1002 3370 1170 3425 αὐτοῦ
1218 3370 1600 3447 ἀγριούμενος.
1658 3369 1933 3433 Πολλάκις

283 3456 375 3512 οὗν
436 3459 573 3531 πρὸς
639 3459 699 3513 τὸ
752 3459 996 3513 ἱππεύειν
1044 3458 1335 3534 γενόμενον
1389 3460 1481 3513 τὸν
1537 3459 1777 3531 Ἀλέξιον
1834 3459 1931 3514 ἀπ-

281 3546 603 3620 εκρούσατο,
635 3548 728 3608 τὰς
769 3546 1135 3622 ἐμπροσθίους
1192 3548 1406 3602 ένσείων
1466 3547 1645 3623 χηλὰς
1702 3549 1790 3602 καὶ
1837 3551 1931 3610 τὰς

275 3634 433 3711 ὄψεις
465 3635 799 3714 ἐπιστρέφων
840 3637 1038 3692 ὀπίσω.
1093 3639 1182 3699 Ὠς
1236 3634 1293 3692 δέ
1339 3658 1473 3693 ποτε
1524 3639 1660 3711 μετά
1704 3637 1934 3693 πλεῖστα

279 3726 784 3800 περιποππύσματα
841 3727 933 3780 καὶ
988 3724 1331 3799 διομαλίσεις
1387 3730 1484 3781 τοῦ
1537 3727 1763 3801 αὐχένος
1812 3724 1932 3781 ἔδοι

278 3819 361 3887 ξεν
402 3818 703 3890 ἠρεμήσειν
749 3817 838 3870 καὶ
896 3818 1199 3880 παύσασθαι
1256 3821 1363 3871 τῶν
1431 3816 1736 3891 ἀγερώχων
1793 3815 1936 3870 ἐκεῖ-

277 3927 387 3960 νων
428 3904 646 3978 έλίξεων
686 3905 778 3960 καὶ
832 3913 932 3974 τῆς
989 3910 1097 3960 τῶν
1158 3902 1343 3959 ποδῶν
1403 3906 1705 3979 ἀερώσεως,
1756 3906 1784 3958 ὁ
1843 3905 1936 3977 μὲν

286 3993 546 4070 βασιλεὺς
578 3994 661 4049 ἐπ’
709 3994 871 4050 αὐτὸν
920 3992 1226 4064 ἀνεπήδησε
1276 3995 1367 4049 καὶ
1419 4000 1527 4049 τῶν
1580 3994 1750 4063 ἠνίων
1807 3991 1935 4049 έλά-

284 4079 431 4138 ϐετοο
469 4087 496 4137 ὁ
529 4082 587 4138 δῖε
639 4083 817 4159 ὣσπιρ
876 4082 1253 4156 ήπατημένος,
1312 4084 1402 4138 καὶ
1461 4080 1746 4156 δεξάμενος
1803 4082 1933 4138 ἀνα-

285 4168 458 4243 ϐάτην
492 4175 550 4228 ὃν
585 4173 684 4228 οὐκ
714 4171 927 4242 ἤθελεν,
958 4172 1181 4243 ἠτάκτει
1212 4194 1272 4227 τε
1322 4175 1396 4234 ὡς
1446 4173 1640 4246 πρώην
1688 4172 1777 4226 καὶ
1807 4172 1934 4232 τοὺς

278 4260 450 4323 πόδας
508 4262 696 4333 ἀνίστη
761 4264 875 4336 μετ’
952 4260 1286 4332 ἐξακούστων
1357 4264 1465 4315 τῶν
1540 4260 1929 4339 χρεμετίσεων’

2045 3376 2392 3443 Comnenus,
2454 3382 2505 3430 et
2561 3381 2792 3445 patruus
2849 3374 2972 3445 ejus
3029 3374 3278 3431 Joannes
3339 3373 3552 3438 Ducas,
3607 3372 3692 3426 vir

2047 3470 2310 3538 provecta
2355 3470 2539 3529 astate,
2575 3465 2664 3520 cui
2696 3465 2755 3520 in
2806 3481 2869 3519 ea
2901 3480 3108 3534 pompa
3158 3463 3367 3518 mirum
3412 3462 3689 3533 quiddam

2042 3554 2271 3612 accidit.
2309 3554 2450 3610 Nam
2481 3568 2612 3609 cum
2650 3552 2799 3607 mula
2830 3552 2982 3607 (ὒθῦ
3016 3554 3143 3620 ejus
3172 3569 3203 3605 a
3245 3551 3473 3606 nemine
3504 3555 3692 3607 exter-

2045 3645 2150 3698 rita
2197 3650 2361 3710 esset,
2396 3657 2607 3697 corona
2653 3639 3162 3696 sebastocratorica
3218 3643 3419 3707 sponte
3461 3639 3529 3692 de
3566 3638 3694 3707 ejus

2046 3731 2253 3787 vertice
2303 3730 2464 3785 humi
2523 3729 2749 3785 cecidit.
2802 3728 2967 3784 Unde
3020 3726 3264 3798 populus
3294 3726 3519 3782 calvitio
3567 3727 3692 3796 ejus

2044 3819 2195 3890 quod
2255 3820 2436 3873 instar
2494 3819 2675 3886 plenae
2731 3815 2879 3871 lunae
2939 3814 3245 3883 relucebat,
3288 3816 3497 3871 nudato
3556 3830 3687 3870 cum

2045 3911 2160 3963 risu
2194 3905 2550 3963 exclamavit.
2596 3910 2780 3961 Ducas
2810 3921 2962 3974 vero,
2995 3903 3090 3973 qui
3123 3905 3296 3960 etiam
3327 3903 3541 3974 alioqui
3575 3919 3692 3959 non

2048 3996 2212 4052 facile
2271 3995 2440 4050 rebus
2507 3994 2757 4050 adversis
2824 3996 3301 4062 commoveretur,
3358 3992 3696 4049 necessitate

2043 4085 2103 4140 in
2130 4085 2325 4155 jocum
2355 4089 2413 4138 et
2462 4084 2720 4138 festivum
2753 4081 2952 4137 ludum
2986 4097 3280 4148 conversa,
3342 4080 3690 4137 hilaritatem

2045 4173 2241 4245 populi
2287 4172 2429 4228 adeo
2462 4187 2575 4227 non
2625 4169 2860 4240 indigne
2891 4169 3026 4225 tulit
3056 4174 3119 4225 ut
3165 4170 3336 4226 etiam
3367 4185 3482 4226 una
3512 4167 3693 4225 lmtari

2043 4264 2345 4319 videretur.

279 4376 396 4433 οὐδ’
426 4374 616 4451 ἔληξεν
648 4374 1121 4455 ἐκϐακχευόμενος
1172 4379 1368 4448 οὓτως,
1430 4375 1539 4439 ἕως
1584 4380 1647 4433 τὸ
1700 4378 1796 4453 μὲν
1852 4378 2223 4454 λιθόστρωτον
2277 4360 2470 4451 στέφος
2522 4378 2581 4433 ἐκ
2640 4361 3029 4457 τῆςνκεφαλῆς
3084 4381 3169 4450 [Ρ.
3222 4382 3348 4452 295]
3392 4383 3488 4435 τοῦ
3539 4378 3689 4451 βασι¹⁵

286 4466 425 4530 λέως
492 4468 567 4531 εἷς
633 4476 734 4546 γῆν
794 4471 1146 4545 κατήνεγκεν,
1203 4468 1279 4530 ὡς
1335 4467 1425 4522 καὶ
1482 4468 1678 4523 τούτου
1737 4465 2163 4542 διαθραυσθῆναι
2233 4468 2370 4541 μέρη

288 4555 466 4611 τοίνυν
521 4557 706 4633 ἑτέρου
764 4557 1237 4632 προσενεχθέντος,
1326 4556 1456 4631 οὐχὶ
1543 4557 1660 4627 μεθ’
1741 4556 1928 4631 ὑγιοῦς

2465 4467 2606 4537 τινὰ,
2674 4468 2836 4525 αὐτὸν
2905 4467 2952 4522 δ’
3017 4468 3418 4543 ἀπεσφαίρισεν.
3495 4469 3695 4522 Ἰππου

2032 4554 2375 4612 ἐπωπτεύετο
2456 4557 2896 4632 στεφανώματος,
2954 4558 2985 4610 6'
3040 4556 3125 4610 καὶ
3194 4556 3268 4628 μὴ
3346 4553 3527 4608 αἶ’σιον
3583 4555 3694 4607 τῶν

293 4644 561 4719 ἐσομένων
617 4641 763 4717 ἔδοξε
821 4640 1124 4719 σύμϐολον·
1190 4642 1331 4720 μηδὲ
1384 4646 1489 4719 γάρ
1546 4645 1608 4699 ἄν
1675 4640 2058 4717 ἀδιαλώϐητόν
2120 4647 2176 4699 οἱ
2232 4647 2635 4721 συντηρηθῆναι
2691 4648 2789 4715 τήν
2832 4643 3136 4720 βασιλείαν,
3203 4641 3349 4699 ἀλλά
3386 4646 3482 4697 τοῦ
3521 4638 3695 4714 ὕψους

285 4736 571 4791 ἀποπεσεῖν
601 4736 691 4790 καὶ
748 4738 1081 4812 προσπαθεῖν
1136 4735 1296 4789 αὺτὸν
1352 4734 1458 4789 ἀπὸ
1517 4739 1625 4789 τῶν
1693 4733 1947 4790 ἐναντίων
2006 4739 2207 4798 κακῶς.
2265 4737 2685 4806 Συνεπόμπευον
2743 4734 2799 4790 δὲ
2853 4740 2933 4807 τῷ
3002 4731 3219 4809 βασιλεῖ
3271 4730 3411 4805 τῷδε
3466 4730 3691 4808 ἔφιπποι

278 4825 369 4879 καὶ
427 4826 482 4880 οἱ
536 4824 634 4880 δύο
692 4824 781 4879 ἐπὶ
840 4825 1138 4900 θυγατράσι
1195 4824 1372 4896 τούτῳ
1447 4817 1688 4899 γαμϐροὶ
1771 4824 1798 4878 6
1876 4823 2313 4896 Κοντοστέφανος
2385 4822 2733 4895 Ἀνδρόνικος
2807 4823 2898 4878 καὶ
2956 4825 2983 4877 6
3044 4822 3325 4895 Κομνηνὸς
3395 4821 3689 4890 Ἰσαάκιος,

278 4916 369 4969 καὶ
404 4914 601 4989 ὁπρὸς
630 4915 834 4989 πατρὸς
891 4913 1080 4986 ἐκείνῳ
1139 4918 1283 4977 θεῖος
1335 4913 1591 4982 Ἰωάννης
1652 4912 1680 4966 6
1739 4911 1966 4980 Δούκας,
2025 4910 2349 4985 πεπαίτερος
2406 4911 2477 4965 ὥν
2533 4912 2632 4980 τὴν
2689 4909 2936 4980 ἠλικίαν,
2969 4909 3135 4983 ᾦγαί
3190 4910 3330 4966 κατά
3382 4911 3480 4980 τὴν
3535 4929 3693 4982 πομ-

281 5004 447 5059 παίαν
512 5003 720 5072 ἐκείνην
784 5001 1019 5079 πρόοδον
1083 4998 1281 5073 συνέϐη
1347 5022 1400 5056 τι
1467 5004 1716 5056 τοιοῦτον
1783 4999 2123 5077 παράλογον·
2199 5000 2273 5072 μὴ
2340 5001 2442 5074 γάρ
2523 5020 2668 5061 τινος
2755 4998 3170 5075 διαταράξαντος
3257 5002 3356 5070 τήν
3424 4999 3694 5074 κόλουρον

286 5093 517 5166 ἡμίονον
664 5088 870 5168 ἔποχος
931 5093 1023 5161 ἦν,
1107 5091 1199 5146 τὸν

1294 5085 1849 5165 σεϐαστοκρατορικὸν
1927 5084 2231 5145 ἀπεϐάλετο
2321 5090 2580 5165 στέφανον
2666 5090 3036 5160 ἀνατραπέντα
3114 5098 3213 5160 τῆς
3296 5096 3539 5166 κορυφῆς
3605 5088 3696 5142 καὶ

280 5180 604 5255 αὐτομάτως
659 5179 1029 5234 καταπεσόντα
1084 5177 1158 5242 εἷς
1217 5172 1435 5255 ἔδαφος.
1497 5179 1641 5252 Πρὸς
1698 5176 1829 5253 ὅπερ
1890 5179 1943 5233 o't.
2001 5178 2096 5249 μὲν
2157 5177 2428 5249 θεώμενοι
2487 5170 2775 5246 ἐξεϐόησαν
2833 5178 2923 5231 καὶ
2983 5179 3060 5240 εἰς
3145 5179 3323 5253 γέλων
3384 5177 3696 5248 διεκινήθη-

279 5294 394 5342 σαν,
462 5272 561 5340 τήν
622 5267 1129 5344 ἐγκρυφιαζομένην
1186 5271 1266 5338 τῷ
1326 5268 1570 5344 στεφάνῳ
1627 5267 1893 5341 πρότερον
1945 5265 2225 5345 φαλάκραν
2288 5266 2360 5325 ὡς
2415 5263 2773 5340 πλησίφωτον
2856 5264 3093 5337 σελήνην
3173 5267 3301 5323 τότε
3380 5285 3695 5322 κατωπτευ-

270 5364 445 5423 κέτες·
485 5362 512 5414 ὁ
546 5357 605 5414 δὲ
638 5357 840 5420 Δούκας
872 5359 973 5428 τὴν
1018 5358 1251 5432 ἀνάγκην
1316 5355 1621 5427 μετατιθεὶς
1672 5354 1747 5417 εἰς
1800 5355 1864 5409 τὸ
1916 5355 2111 5429 εὔχαρι
2170 5354 2259 5407 καὶ
2326 5353 2611 5426 μείλιχον,
2671 5354 2861 5416 ἂλλως
2919 5375 2977 5409 τε
3034 5357 3130 5410 κάν
3186 5364 3305 5418 τοῖς
3363 5352 3697 5423 ἀϐουλήτοις

275 5452 350 5522 μή
418 5447 656 5519 ἑτοίμως
727 5444 1095 5521 χολούμενος,
1158 5439 1340 5521 ἔφερεν
1409 5445 1481 5503 ὡς
1548 5443 1855 5516 σύμμικτον
1919 5440 2092 5515 ἡδονῇ
2161 5439 2381 5496 παιδιὰν
2446 5440 2545 5507 τήν
2612 5447 2722 5497 τῶν
2792 5442 3068 5498 πλείστων
3135 5444 3224 5499 ἐπὶ
3288 5449 3368 5517 τῷ
3447 5442 3699 5519 γεγονότι

276 5536 546 5609 διάχυσιν,
576 5536 822 5611 γεγηθὼς
852 5534 903 5590 ἐν
941 5532 1092 5608 μέρει
1125 5534 1211 5589 καὶ
1242 5532 1402 5594 αὐτὸς
1431 5533 1517 5587 καὶ
1557 5531 1829 5605 μηδαμῶς
1857 5533 1948 5587 τὸν
1978 5531 2386 5604 ἀγανακτοῦντα
2419 5529 2873 5604 ὑποκρινόμενος,

344 5627 412 5680 ιν.
443 5627 504 5682 Ὀ
545 5622 603 5680 δέ
665 5622 918 5700 βασιλεὺς
975 5623 1074 5691 τὴν
1122 5620 1535 5697 ἀγγελωνυμίαν
1590 5622 1916 5695 παρωσάμε-

2099 5620 2152 5673 3.
2200 5622 2518 5691 Imperator
2573 5634 2708 5677 vero
2765 5620 2968 5688 Angeli
3017 5625 3406 5693 cognomento
3455 5619 3572 5675 sive
3630 5624 3696 5675 ut
