4098 6292
418 370 533 431 831

1739 362 2055 425 ΝΙΟΕΤᾸΞ
2097 361 2518 423 (ΙΗΟΝΙΑΤΛΕ

3711 367 3836 424 832

422 505 729 563 humiliore
784 501 1107 572 repudiato,
1141 500 1256 556 sive
1304 501 1369 556 ut
1406 513 1521 555 una
1549 513 1682 556 cum
1742 497 1917 553 fratre
1945 494 2067 552 abo-

2187 514 2280 558 νος
2321 495 2606 568 Κομνηνὸς
2667 491 2976 570 ἐπελέγετο,
3029 490 3137 556 εἷετς
3189 494 3252 548 τὸ
3298 493 3585 568 ἐπώνυμον
3631 491 3838 568 ἀδοξῶν

421 596 614 666 lentio,
667 593 1011 651 Comnemus
1069 589 1340 660 appellari
1422 587 1623 645 voluit.
1677 588 1820 644 Cum
1883 589 2072 642 autem

417 701 615 740 omnes
667 685 930 755 putarent
986 694 1116 738 eum
1170 681 1300 751 post
1363 675 1844 742 declarationem,
1903 674 2076 731 rebus

417 772 654 844 pacatis,
703 771 894 827 statim
946 769 1006 825 in
1037 766 1214 822 armis
1261 766 1378 822 fore
1439 781 1546 822 nec
1601 764 1863 837 urgentia
1927 765 2072 820 dun-

417 865 570 916 taxat
629 859 776 914 mala
833 857 1230 926 depulsurum,
1290 853 1389 910 sed
1472 853 1844 926 superiorum
1903 851 2074 908 etiam

417 959 744 1022 temporum
801 949 1009 1004 delicta
1085 947 1336 1002 fraterna
1412 951 1830 1014 correcturum,
1886 943 2074 1000 clades

423 1037 736 1111 praesertim
797 1055 828 1092 a
866 1035 1126 1091 Barbaris
1174 1037 1476 1106 prepterea
1531 1033 1720 1089 illatas
1776 1033 1928 1104 quod
1988 1032 2074 1088 eis

417 1145 590 1186 nemo
669 1125 978 1184 restitisset
1031 1131 1126 1179 aut
1184 1138 1375 1179 rerum
1451 1137 1646 1178 curam
1707 1120 2071 1191 suscepisset,

420 1218 516 1274 ille
547 1221 764 1284 contra,
801 1223 858 1270 ut
900 1215 1020 1286 jam
1068 1219 1332 1269 votorum
1391 1211 1653 1268 omnium
1706 1215 1764 1266 et
1819 1209 1978 1265 unici
2009 1223 2075 1266 ac

419 1305 672 1364 diuturni
723 1303 992 1361 desiderii
1027 1317 1269 1373 compos
1317 1301 1522 1371 factus,
1577 1299 1794 1358 corolia
1825 1299 2072 1369 insignis

415 1399 655 1472 ignaviae
685 1413 810 1454 sese
839 1395 1245 1466 dedidit,quasi
1276 1410 1394 1450 non
1417 1392 1736 1465 legitimam
1774 1391 2071 1448 hominum

417 1489 776 1546 curationem
793 1484 1166 1552 sortitus,sed
1182 1483 1524 1540 deliciarum
1541 1487 1598 1538 et
1611 1481 1714 1539 otii
1731 1479 2070 1537 facultatem

421 1593 549 1636 esse
582 1576 894 1648 imperium
935 1574 1292 1646 opinaretur.
1329 1573 1513 1644 Igitur
1543 1573 1764 1642 abjecta
1807 1570 1961 1626 006
1991 1569 2073 1625 rei

420 1666 668 1740 publica:
699 1681 860 1730 cura,
886 1668 951 1718 ut
979 1663 1333 1732 gubernator
1382 1660 1660 1716 ﬂuctibus
1692 1659 2068 1731 defatigatus,

420 1757 480 1812 in
513 1772 688 1811 aureo
719 1753 930 1810 vestitu
963 1767 1026 1808 se
1074 1750 1409 1808 ostentabat
1439 1769 1454 1819 ;
1482 1753 1539 1804 et
1585 1749 1802 1821 apertis
1827 1747 2070 1803 auribus

2188 586 2276 640 οἷα
2354 585 2606 660 ὑφιζάνον
2683 585 2820 659 πρὸς
2893 583 2956 640 τὸ
3032 583 3379 656 Κομνηνικὸν
3423 581 3682 656 κλὲϊσμα,
3729 583 3844 639 εἴτε

2187 679 2536 747 συναφαντῶν
2591 678 2670 745 τῷ
2727 672 2992 747 ὁμαίμονι
3049 673 3139 728 καὶ
3192 675 3290 743 τήν
3352 671 3558 728 ἐγείνου
3610 671 3842 744 ἐπίκλη-

2187 785 2293 820 σιν.
2363 765 2645 822 Ἀπαντων
2705 761 2752 818 δ’
2809 763 3079 836 οἰομένων
3140 763 3276 836 μετᾶ
3331 765 3430 833 τὴν
3486 763 3843 839 ἀναγόρευσιν

2185 853 2377 910 αὐτίκα
2429 855 2520 909 καὶ
2560 855 2660 924 τήν
2719 857 2828 909 τῶν
2877 853 3208 927 πραγμάτων
3262 851 3532 928 ἠρέμησιν
3583 849 3846 908 ὁπλιτεύ-

2185 965 2312 998 οντα
2379 951 2610 1024 φανῆναι
2677 942 2766 998 καὶ
2821 941 3197 1018 θυραυλοῦντα
3271 944 3362 998 τὸν
3422 941 3695 1016 Ἀλέξιον,
3751 944 3847 998 καὶ

2185 1032 2294 1108 οὐχ
2351 1033 2504 1095 ὃπως
2543 1032 2922 1103 ἀντιστήσεται
2989 1037 3112 1095 τοῖς
3179 1030 3231 1086 ἐν
3288 1033 3448 1108 χερσὶ
3507 1031 3850 1112 δυσχερέσιν,

2184 1122 2332 1180 ἀλλὰ
2363 1124 2452 1180 καὶ
2495 1125 2564 1179 τὰ
2611 1126 2875 1199 πρότερον
2935 1125 3304 1200 ἡμαρτημένα
3360 1126 3496 1200 πρὸς
3540 1130 3640 1180 τοῦ
3690 1145 3852 1180 κασι-

2181 1217 2384 1289 γνήτου
2417 1217 2492 1288 μὴ
2526 1213 2586 1270 ἄν
2619 1235 2753 1270 ποτε
2781 1213 3107 1290 ἀνασχέσθαι
3157 1216 3504 1291 παροφθῆναί
3563 1216 3616 1270 o't
3661 1215 3852 1270 ὁπωσ-

2185 1309 2279 1358 οῦν
2313 1302 2644 1378 ἀδιόρθωτα,
2703 1303 2794 1358 καὶ
2859 1301 3076 1377 μάλισθ’
3137 1302 3237 1358 ὅσα
3296 1309 3476 1368 κακῶς
3534 1303 3639 1360 ὑπὸ
3697 1305 3850 1378 Βαρ-

2183 1390 2365 1468 ϐάρων
2394 1388 2588 1449 ἔπαθον
2623 1395 2698 1466 μὴ
2731 1393 2825 1448 τὸν
2859 1392 3249 1467 ἀνθιστάμενον
3299 1389 3501 1468 ἔχοντα
3553 1391 3697 1466 μηδὲ
3755 1395 3850 1448 τὸν

2182 1481 2342 1552 ὅτεδή
2420 1481 2824 1556 παθηνάμενον,
2903 1483 2931 1536 ὁ
3007 1479 3066 1536 δὲ
3138 1483 3277 1558 πρὸς
3336 1483 3476 1538 ἅπαν
3528 1481 3850 1538 τούναντίον

2185 1574 2560 1649 μεθήρμοστο,
2589 1572 2681 1626 καὶ
2731 1571 2805 1634 ὡς
2850 1572 2914 1626 τὸ
2965 1571 3262 1646 ἀκρότατον
3311 1570 3422 1644 ἤδη
3470 1577 3580 1628 τῶν
3641 1572 3850 1650 ἐφετῶν

2182 1661 2428 1738 εἰληφὼς
2478 1663 2567 1716 καὶ
2620 1663 2757 1737 πρὸς
2789 1659 3021 1716 ὅπάλαι
3069 1661 3131 1716 τὸ
3183 1665 3287 1715 πᾶν
3343 1659 3580 1717 ἐπέτεινε
3633 1661 3850 1738 πρόθυ-

2183 1773 2287 1826 μον
2363 1749 2634 1826 ἐφθακὼς,
2709 1749 2934 1805 ἀνέπεσε
3009 1751 3449 1826 στεφηφορησας,
3525 1749 3601 1812 ὡς
3695 1751 3851 1825 ε’ἰπερ

417 1846 681 1904 omnium
742 1859 944 1900 eorum
995 1841 1377 1914 petitionibus
1419 1840 1732 1908 annuebat,
1767 1855 1914 1911 quos
1944 1841 2067 1896 adi-

2183 1839 2283 1896 οὐκ
2321 1837 2634 1896 ἐπιστασίαν
2707 1837 2928 1912 ἔννομον
3008 1838 3312 1913 ἀνθρώπων
3389 1837 3522 1894 ἀλλ’
3589 1840 3854 1916 εὐποριαν

2227 1925 2247 1942 ς
2295 1925 2356 1942 κ-
2503 1925 2519 1942 .
2588 1925 2602 1942 ς
2651 1927 2662 1942 .
3052 1926 3066 1942 ε
3219 1927 3234 1942 ς
3343 1926 3372 1942 η
3473 1923 3493 1942 ς
3547 1924 3558 1942 .
3699 1927 3724 1942 ..

415 1936 678 2010 pisccndi
741 1933 970 2008 imperii
1028 1933 1321 2004 adjutores
1353 1930 1654 1999 habuerat,
1711 1935 1770 1986 et
1822 1935 2071 2003 utraque

415 2041 594 2082 manu
645 2024 954 2096 pecuniam
1000 2021 1072 2078 ab
1122 2019 1342 2077 Isaacio
1389 2018 1697 2075 collectam
1751 2020 2068 2089 profunde-

416 2116 540 2182 bat,
601 2131 716 2170 non
789 2111 1170 2168 considerans
1230 2125 1364 2164 cum
1441 2111 1660 2180 quanta
1717 2107 2070 2164 difﬁcultate

417 2209 622 2277 postea
679 2201 1071 2272 recolligenda
1119 2203 1273 2255 esset
1322 2202 1378 2254 et
1425 2213 1600 2270 quam
1652 2201 1874 2255 temere
1915 2215 2071 2255 nunc

417 2294 820 2364 dissiparetur.
893 2294 1041 2348 Cum
1100 2289 1282 2361 igitur
1355 2289 1545 2344 instar
1622 2287 1918 2360 palearum
1975 2293 2073 2346 aut

418 2383 600 2442 estivi
657 2380 912 2454 pulveris
980 2379 1245 2435 celeriter
1302 2379 1544 2448 disjecla
1619 2382 1678 2434 et
1728 2377 1787 2434 in
1843 2383 2069 2435 ventres

421 2472 684 2544 ignavos,
738 2487 883 2542 quos
917 2485 988 2524 ne
1046 2473 1211 2524 norat
1266 2468 1526 2538 quidem,
1561 2467 1865 2538 insumpta
1893 2479 2064 2537 esset,

417 2567 634 2618 temere
665 2559 979 2616 muniﬁcus
1009 2559 1323 2631 imperator
1355 2558 1480 2628 ipse
1507 2557 1741 2613 tandem
1776 2558 2064 2630 profusio-

418 2667 553 2708 nem
601 2666 770 2706 suam
811 2649 1091 2705 damnare
1119 2647 1310 2720 coepit,
1361 2661 1494 2702 cum
1555 2645 1803 2720 pecunia
1849 2651 2068 2718 egeret.

413 2741 555 2812 Ejus
608 2754 740 2794 vero
790 2753 950 2804 uxor,
1006 2735 1160 2792 virili
1219 2734 1416 2791 animo
1456 2733 1670 2791 mulier
1715 2738 1774 2790 et
1830 2734 1901 2791 ab
1941 2735 2070 2808 ipsa

417 2833 624 2886 natura
682 2826 910 2883 dicendi
969 2824 1250 2882 suavitate
1307 2831 1360 2880 et
1419 2822 1616 2896 lepore
1671 2827 1898 2892 ornata,
1960 2839 2067 2880 nec

413 2920 484 2976 ad
537 2917 839 2990 praesentia
871 2916 1149 2971 duntaxat
1189 2914 1408 2986 optime
1465 2913 1930 2971 administranda
1961 2916 2064 2972 sed

414 3015 470 3066 et
500 3009 570 3065 ad
620 3007 814 3062 futura
859 3005 1212 3077 providenda
1267 3001 1680 3073 solertissime,
1731 3002 1863 3059 aliis
1895 3003 2066 3060 rebus

412 3095 711 3155 teterrima
771 3095 953 3166 pestis
993 3093 1121 3148 fuit.
1185 3093 1382 3163 Neque
1444 3107 1602 3147 nunc
1657 3092 1730 3148 de
1775 3092 2066 3164 exquisito

409 3189 617 3242 ornatu
681 3188 736 3238 et
790 3183 930 3238 luxu
962 3180 1118 3251 regio
1176 3180 1407 3252 loquor,
1443 3195 1626 3251 neque
1679 3181 1750 3236 de
1809 3195 1876 3237 eo
1906 3183 2062 3252 quod

408 3273 632 3346 ingenii
702 3271 969 3326 felicitate
1022 3271 1084 3326 in
1149 3271 1424 3326 mutando
1484 3273 1714 3341 recepto
1774 3275 1929 3326 statu
2005 3276 2064 3328 et

413 3365 586 3422 rebus
645 3362 923 3420 novandis
981 3361 1261 3418 maritum
1323 3360 1636 3432 superabat
1701 3361 1859 3432 (nam
1916 3359 2060 3426 haec,

417 3457 530 3513 etsi
587 3470 699 3509 non
767 3454 974 3508 decora
1025 3450 1394 3521 mulieribus,
1446 3449 1661 3522 reginis
1719 3449 2062 3522 praesertim,

413 3549 612 3602 tamen
673 3541 1071 3616 praetereunda
1130 3539 1382 3611 censeo),
1417 3539 1520 3595 sed
1561 3539 1632 3595 de
1689 3539 2064 3612 impudicitiae

415 3635 624 3708 probro
663 3637 834 3704 atque
885 3630 1126 3687 infamia
1174 3630 1321 3686 607
1383 3645 1498 3700 qua
1555 3629 1823 3686 maritum
1881 3627 2063 3685 deho~

419 3724 703 3781 nestabat.
777 3721 882 3786 Qui
941 3737 1074 3776 cum
1141 3718 1307 3775 initio
1385 3717 1445 3772 id
1503 3717 1748 3774 dedecus
1803 3716 1954 3774 scire
2011 3725 2066 3774 et

418 3813 790 3870 dissimulare
867 3811 939 3868 ab
999 3809 1276 3866 omnibus
1345 3811 1669 3880 putaretur,
1747 3812 1942 3865 tamen
2001 3825 2066 3866 ea

418 3903 671 3960 facinora
750 3917 814 3958 se
889 3901 1210 3972 ignorasse,
1291 3901 1492 3970 postea
1561 3913 1694 3955 cum
1779 3897 2067 3969 publicata

413 3996 630 4061 essent,
691 3990 1022 4056 declaravit,
1083 3991 1145 4044 ut
1201 4003 1306 4044 suo
1366 3995 1628 4057 tempore
1674 3987 2064 4044 narrabimus.

415 4083 558 4137 Cum
644 4080 818 4153 igitur
893 4076 1230 4148 imperatrix
1304 4076 1522 4133 limites
1610 4075 1930 4132 transiliret
2011 4080 2068 4131 et

415 4169 784 4240 superiorum
859 4169 1248 4238 Augustarum
1309 4165 1581 4222 instituta
1645 4167 2064 4232 contemneret,

417 4257 732 4329 imperium
783 4255 953 4326 plane
996 4254 1058 4310 in
1109 4254 1257 4310 duos
1289 4253 1650 4324 principatus
1683 4255 1774 4308 est
1801 4252 2063 4308 divisum.

417 4345 613 4417 Neque
671 4345 828 4400 enim
888 4345 1209 4416 imperator
1265 4345 1550 4398 duntaxat
1607 4341 1884 4414 quicquid
1946 4345 2070 4398 erat

417 4435 648 4494 libitum
681 4434 998 4490 mandabat
1025 4450 1038 4489 :
1066 4435 1166 4489 sed
1204 4431 1307 4488 illa
1337 4432 1510 4487 etiam
1545 4432 1669 4504 pari
1701 4430 2067 4502 auctoritate,

417 4543 545 4600 qua;
598 4525 716 4581 visa
773 4529 958 4588 erant,
1013 4521 1346 4596 peragebat,
1415 4521 1534 4576 imo
1593 4520 1906 4592 aliquando
1964 4537 2067 4594 pro

2182 1925 2389 2002 χλιδῆς
2429 1925 2521 1981 καὶ
2577 1925 2807 1989 ἀνέσεως
2847 1926 3107 2004 παροχήν
3173 1927 3275 1995 τήν
3343 1923 3623 2001 βασιλείαν
3683 1927 3847 1998 ᾤετο.

2179 2018 2392 2076 Οὐκοῦν
2457 2017 2546 2072 καὶ
2605 2018 2704 2085 τήν
2763 2020 2872 2071 τῶν
2927 2019 3128 2071 κοινῶν
3191 2013 3462 2086 διοίκησιν
3541 2017 3847 2091 παρεικὼς,

2181 2107 2257 2170 ὠς
2287 2107 2350 2162 τὸ
2401 2104 2675 2177 πηδάλιον
2718 2107 2745 2161 ὁ
2777 2101 3123 2180 κυϐερνήτης
3180 2105 3239 2169 ὅς
3288 2105 3552 2179 ἀπείρηκε
3600 2108 3743 2181 πρὸς
3781 2107 3850 2162 τὰ

2177 2197 2416 2268 κύματα,
2475 2200 2840 2272 χρυσοφορῶν
2889 2195 2954 2264 ἦν
3006 2195 3098 2249 καὶ
3147 2196 3250 2264 τὴν
3299 2193 3468 2264 ἀκοὴν
3520 2193 3660 2264 ὅλην
3719 2195 3846 2252 ἀνα-

2181 2287 2444 2348 πεταννὺς
2507 2283 2599 2340 καὶ
2661 2288 2834 2339 πᾶσαν
2903 2278 3134 2356 ἔντευξιν
3196 2283 3564 2361 χαριζόμενος
3620 2291 3745 2347 τοῖς
3793 2285 3849 2342 ἐκ

2178 2381 2278 2445 τῆς
2317 2370 2536 2450 μερίδος
2586 2378 2693 2429 τῶν
2755 2372 3212 2452 συνεφαψαμένων
3271 2373 3418 2447 αὐτῷ
3471 2380 3572 2444 τῆς
3640 2375 3847 2451 ἀρχῆς,

2177 2463 2270 2520 καὶ
2300 2462 2537 2542 ἀφειδῶς
2566 2463 2903 2540 ἀμφοτέραις
2959 2462 3228 2533 ἆπήντλει
3277 2463 3342 2518 τὰ
3391 2465 3659 2538 χρήματα
3710 2467 3842 2542 ἅπερ

2181 2552 2452 2624 συνέλεξεν
2503 2553 2794 2624 Ἰσαάκιος,
2853 2548 2982 2608 οὔτε
3039 2555 3142 2622 τήν
3191 2549 3409 2629 ἐργώδη
3467 2549 3677 2608 τούτων
3736 2553 3843 2610 εἴσ-

2180 2643 2368 2699 ἐπειτα
2425 2642 2739 2717 συναγωγήν
2788 2640 3162 2714 σκοπούμενος
3219 2639 3343 2696 οὐδὲ
3424 2643 3522 2711 τήν
3584 2639 3833 2712 διακενῆς

2181 2733 2482 2804 ἂπὸκτησιν
2561 2725 2985 2805 εὐλαϐούμενος.
3062 2733 3158 2804 Τῷ
3231 2751 3316 2786 τοι
3394 2729 3831 2810 διαφορηθέντων

2178 2820 2338 2895 δίκην
2379 2823 2656 2898 ἆχυρμιᾶς
2700 2821 2791 2876 καὶ
2843 2822 2978 2876 κατᾶ
3038 2821 3253 2894 θερινὴν
3310 2820 3457 2876 κόνιν
3516 2819 3820 2894 ἐσκεδασμέ-

2175 2934 2279 2968 νων
2356 2910 2574 2990 ταχέως
2649 2911 2788 2984 πρὸς
2863 2909 3028 2985 ἀργὰς
3104 2908 3364 2986 γαστέρας
3441 2909 3504 2973 ’ὰς
3582 2907 3687 2966 οὐδ’
3758 2909 3822 2979 ἧν

2177 3001 2559 3076 ἐπιστάμενος,
2637 3001 2666 3056 ὁ
2739 3007 2808 3076 τῇ
2885 2997 3198 3078 φιλοδωρίᾳ
3269 3001 3664 3076 προσκείμενος
3713 3001 3831 3076 εἰκῇ

2175 3093 2528 3168 αὐτοκράτωρ
2576 3091 2766 3147 ἐαυτὸν
2808 3098 2907 3162 τῆς
2965 3091 3202 3153 ἀσωτίας
3263 3091 3536 3172 ἐμέμφετο
3593 3091 3829 3167 ὕστερον,

2175 3182 2338 3253 ἡνίκα
2395 3179 2704 3256 χρημάτων
2749 3180 3016 3256 ἐχάτιζεν.
3069 3183 3166 3236 Ἢν
3228 3177 3284 3235 δὲ
3338 3181 3428 3235 καὶ
3458 3185 3493 3250 ἡ
3524 3185 3623 3236 τοῦ
3674 3182 3828 3256 βασι·-

2178 3270 2318 3334 λέως
2348 3267 2509 3326 τοῦδε
2537 3269 2746 3333 ἄκοιτις
2769 3271 2832 3326 τὸ
2863 3269 2958 3344 μέν
2998 3267 3257 3346 φρόνημα
3303 3271 3393 3324 καὶ
3448 3268 3571 3326 λίαν
3615 3268 3830 3347 ἀνδρώ-

2173 3359 2274 3432 δης
2351 3360 2442 3416 καὶ
2516 3359 2766 3436 γλῶτταν
2843 3358 3124 3437 αὐτοφυῶς
3201 3358 3447 3434 αὐχοῦσα
3488 3362 3831 3440 σοφιστικὴν,

2171 3453 2361 3526 χάρισι
2420 3448 2813 3523 ὀιηνθισμένην
2871 3449 2962 3504 καὶ
3057 3448 3447 3525 περιθεομένην
3508 3449 3832 3525 γλυκύτητι,

2173 3543 2261 3614 [Ρ.
2303 3541 2429 3612 296]
2473 3539 2566 3594 καὶ
2626 3542 2934 3614 προγνῶναι
2990 3539 3052 3593 τὸ
3121 3537 3327 3612 μέλλον
3385 3538 3697 3610 ἱκανωτάτη
3743 3541 3828 3595 καὶ

2171 3631 2234 3685 τὸ
2293 3627 2518 3690 ἐνεστὼς
2576 3627 2808 3701 ἀρίστως
2876 3625 3176 3698 διοικήσειν
3247 3627 3604 3702 ἐπισταμένη,
3661 3629 3732 3685 τὰ
3787 3627 3831 3684 δ’

2173 3715 2318 3773 ἄλλα
2349 3716 2510 3772 κακὸν
2539 3714 2852 3794 διωλύγιον,
2909 3718 2971 3772 οὕ
3027 3738 3171 3793 φημι
3227 3718 3322 3781 τὰς
3371 3719 3694 3792 κομμώσεις
3743 3719 3831 3774 καὶ

2178 3805 2456 3883 βασιλείας
2499 3804 2961 3876 καθηδυπάθησιν.
3015 3805 3108 3862 καὶ
3165 3807 3228 3862 τὸ
3288 3805 3497 3882 ἰσχύειν
3551 3808 3682 3880 ὑπὲρ
3741 3809 3830 3863 τὸν

2175 3894 2471 3970 ὁμευνέτην
2520 3895 2710 3971 εὐροίᾳ
2747 3896 2956 3974 φύσεως
3018 3901 3354 3969 μετενεγκεῖν
3411 3897 3478 3950 τὰ
3523 3899 3835 3952 καθεστῶτα

2174 3986 2263 4039 καὶ
2297 3985 2374 4058 μή
2408 3980 2536 4040 ὅντα
2586 3984 2883 4058 ἐπεξευρεῖν
2924 3987 3111 4054 (ταῦτα
3157 3985 3263 4060 γὰρ
3306 3982 3368 4039 οὐ
3418 3983 3508 4040 διὰ
3553 3984 3718 4058 λόγου
3760 3989 3830 4050 τῆ

2173 4073 2409 4148 ἱστορίᾳ,
2455 4073 2553 4129 κᾶν
2597 4075 2696 4130 εἶεν
2755 4073 2996 4150 γυναιξὶν
3053 4073 3158 4147 οὐχ
3211 4069 3472 4148 ἁρμόδια,
3529 4075 3610 4129 καὶ
3671 4075 3832 4148 βασι-

2175 4162 2392 4226 λίσσαις
2466 4165 2577 4236 (44)
2654 4159 2871 4232 οἱαισδή
2948 4162 3345 4238 προσεγένετο),
3419 4161 3544 4220 ἀλλ’
3619 4164 3704 4219 ὅτι
3769 4165 3832 4220 τὸ

2175 4251 2443 4326 κάλυμμα
2472 4255 2571 4318 τῆς
2601 4249 2790 4316 αἰδοῦς
2831 4252 3141 4324 ἀτιμᾶσασα
3191 4251 3470 4323 είλκύζετο
3522 4253 3612 4308 καὶ
3661 4251 3834 4309 διεσυ-

2178 4341 2388 4416 ρίττετο
2415 4342 2504 4396 καὶ
2548 4340 2624 4404 εἰς
2670 4337 2876 4404 ὄνειδος
2927 4342 2996 4410 ἦν
3055 4345 3134 4413 τῷ
3179 4341 3385 4413 ταύτην
3443 4341 3829 4417 ἁρμοσαμένῳ.

2173 4432 2237 4489 Ὁ
2283 4427 2339 4486 δὲ
2386 4431 2455 4486 τὰ
2503 4431 2596 4502 μὲν
2656 4433 2848 4504 πρῶτα
2901 4426 3098 4484 εἰδέναι
3158 4429 3224 4485 τὰ
3283 4431 3635 4506 ἀτοπούμενα
3689 4433 3830 4508 παρὰ

2174 4524 2336 4578 πᾶσιν
2395 4519 2657 4595 ἐκρίνετο,
2729 4523 2846 4582 τοῖς
2923 4517 2971 4573 δ’
3029 4519 3283 4594 ἀγνοοῦσι
3370 4523 3824 4596 σχηματίζεσθαι·

420 4632 529 4674 sua
583 4613 829 4670 libidine
882 4611 1042 4669 illius
1105 4609 1284 4683 jussis
1338 4609 1753 4667 intercedebat.
1807 4611 1878 4667 Et
1935 4625 2066 4666 cum

2178 4609 2226 4682 ἒξ
2285 4611 2357 4664 ὧν
2412 4606 2459 4664 δ’
2515 4607 2736 4682 ὕστερον
2797 4605 3176 4684 διεπεπράχει,
3245 4610 3334 4664 ὅτε
3393 4611 3463 4664 τὰ
3542 4611 3678 4666 κατὰ
3731 4612 3820 4678 τήν

418 4704 682 4762 maximae
741 4702 1057 4775 legationes
1085 4699 1389 4758 audiendas
1448 4703 1634 4766 erant,
1665 4699 1780 4756 duo
1811 4699 2064 4772 pretiosa

417 4796 566 4852 solia
613 4793 1138 4865 eonjungebantur,
1192 4797 1248 4846 et
1305 4787 1405 4844 illa
1437 4787 1642 4845 marito
1673 4804 1804 4846 cum
1853 4805 2067 4862 magno

417 4884 728 4955 splendore
784 4898 849 4939 ac
892 4881 1100 4954 pileolo
1152 4876 1399 4951 gemmis
1429 4882 1488 4934 et
1544 4877 1866 4951 perspicuis
1910 4895 2068 4934 mar-

417 4970 615 5042 garitis
643 4975 845 5024 ornato
883 4969 1204 5040 assidebat,
1231 4971 1292 5024 et
1323 4971 1562 5039 torques
1612 4967 2070 5040 pretiosissimos

420 5061 490 5116 de
549 5056 694 5113 callo
752 5056 1166 5128 suspendebat.
1223 5056 1554 5127 Aliquando
1602 5057 1777 5113 etiam
1836 5056 1895 5112 in
1938 5055 2070 5111 aliis

418 5145 649 5218 palatiis
693 5144 939 5213 sejunoti
999 5161 1096 5215 per
1141 5145 1298 5202 vices
1356 5143 1764 5214 adorabantur,
1817 5144 2068 5202 subditis

419 5236 490 5294 ab
535 5235 881 5305 imperatore
936 5234 1004 5288 ad
1039 5233 1196 5290 illam
1227 5232 1590 5291 salutandam
1635 5234 2070 5294 transeuntibus

419 5331 478 5383 et
506 5339 692 5396 genua
747 5321 1094 5378 submissius
1138 5323 1524 5380 ﬂectentibus.
1565 5323 1846 5381 Nonnulli
1897 5325 2068 5381 etiam

419 5411 784 5486 imperatoris
813 5411 1250 5483 consanguinei,
1277 5412 1377 5484 qui
1407 5429 1668 5470 summos
1709 5413 2070 5486 magistratus

2173 4699 2422 4754 σύνοικον
2482 4697 2762 4774 γεγόνασιν
2818 4692 3077 4769 ἔκπυστα,
3155 4703 3339 4776 σαφῶς
3430 4696 3700 4772 ὑπέδειξεν
3753 4699 3816 4760 ὠς

2176 4785 2332 4844 οὐδὲν
2363 4791 2472 4842 τῶν
2504 4783 2882 4860 τολμωμένων
2913 4785 3206 4856 ἠπίστατο.
3267 4784 3519 4857 Δηλώσει
3569 4786 3629 4844 δὲ
3669 4792 3814 4845 ταῦτα

2173 4877 2235 4934 τὸ
2267 4875 2446 4952 λέγειν
2476 4876 2611 4931 κατὰ
2636 4875 2729 4932 τὸν
2769 4875 2968 4931 οἰκεῖον
3017 4877 3230 4950 καιρόν.
3281 4877 3388 4946 Τῆς
3439 4876 3624 4933 τοίνυν
3678 4881 3822 4954 βασι-

2177 4964 2332 5030 λίδος
2389 4965 2516 5030 τοὺς
2569 4965 2728 5040 ὅρους
2783 4959 3216 5040 ὑπερϐαινούσης
3264 4965 3356 5020 καὶ
3403 4966 3470 5022 τὰ
3527 4973 3647 5030 ταῖς
3703 4967 3821 5043 πρὶν

2177 5053 2514 5130 Αὐγούσταις
2589 5054 2880 5128 Ῥωμαίων
2947 5049 3110 5128 ἔθιμα
3204 5051 3525 5126 ἀδοξούσης,
3595 5057 3670 5119 εἰς
3734 5053 3824 5112 δύο

2178 5144 2423 5219 ἄτεχνῶς
2470 5143 2646 5221 ἂρχὰς
2676 5146 2712 5214 ἠ
2749 5141 3000 5220 βασιλεία
3053 5141 3312 5218 διῄρητοο
3365 5142 3429 5198 οὐ
3477 5143 3580 5220 γὰρ
3629 5147 3656 5200 ὁ
3697 5165 3824 5220 κρα-

2175 5237 2282 5289 τῶν
2337 5228 2502 5307 μόνον
2550 5235 2723 5289 ὁπόσα
2771 5233 2962 5308 ᾑρεῖτο
3011 5229 3370 5304 διεκελεύετο,
3422 5231 3569 5288 ἂλλᾶ
3635 5255 3823 5290 ταυτο-

2179 5317 2435 5395 δυνάμως
2490 5323 2668 5396 τούτῳ
2715 5321 2938 5393 κάκείνη
3001 5322 3068 5376 τὰ
3121 5321 3256 5395 πρὸς
3307 5319 3516 5396 βουλῆς
3577 5319 3826 5396 διεπράτ-

2180 5431 2322 5482 τετο,
2371 5411 2424 5467 ἐν
2467 5409 2702 5475 πολλοῖς
2755 5408 2812 5467 δὲ
2856 5413 2946 5468 καὶ
3006 5408 3199 5468 ἀνέλυε
3263 5411 3398 5488 πρὸς
3453 5413 3514 5467 τὸ
3587 5416 3829 5488 θυμῆρες

1817 5517 1984 5578 Hier.
2011 5516 2224 5579 Wolfii
2248 5523 2438 5579 notae.

1817 5537 1984 5578 uter.
2021 5537 2224 5579 WOllll
2248 5537 2438 5579 noras.

488 5613 793 5698 (ti).Alte'r
827 5615 940 5698 ‘('A)
972 5615 1042 5698 de
1081 5612 1472 5698 impudicitia,
1507 5613 1675 5698 alter.
1706 5615 1926 5698 (tilde
1948 5615 2312 5687 impudentia
2339 5624 2394 5673 et
2444 5615 2814 5675 immodestia
2868 5615 2927 5672 in
2959 5614 3315 5687 singultibus
3373 5623 3424 5672 et
3459 5615 3718 5673 ructibus
3745 5615 3834 5672 vi-

414 5683 587 5750 detur
610 5685 793 5758 loqui.
827 5683 968 5743 Nam
1000 5683 1244 5743 barbara
1275 5683 1397 5742 haec
1422 5700 1540 5742 non
1571 5683 1722 5742 satis
1741 5683 2026 5758 intelligo.
