4098 6292
281 387 402 448 833
1197 381 1301 442 DE
1343 381 1634 444 ALEXIO
1679 380 1948 444 lSAACI]

2058 385 2314 448 .NGELI
2369 389 2493 450 FB.
2544 392 2688 452 LIB.
2737 391 2786 450 Ι.
3593 396 3713 456 834

298 522 441 594 αὐτῇ
504 512 911 592 μεταμείϐουσα
969 514 1106 590 ἅπερ
1164 513 1415 572 ἐδέδοκτο
1467 517 1704 590 βασιλεῖ.
1776 513 1948 575 Ἀλλᾶ

2070 521 2369 594 gerebant,
2400 522 2790 598 imperatricis
2823 525 3164 597 splendidas
3195 528 3251 582 et
3297 524 3448 583 altas
3477 526 3712 586 lecticas

295 609 391 666 καὶ
448 603 734 684 πρεσϐείας
797 607 1056 684 μεγίστης
1113 604 1284 661 ἐθνῶν
1350 606 1662 678 μελλούσης
1739 604 1948 682 βασιλεῖ

2065 610 2328 670 humeris
2359 618 2642 688 tanquam
2675 617 2966 688 mancipia
2995 617 3295 673 subibant.

301 699 718 768 ἐποπτάνεσθαι,
777 699 960 772 θρόνοι
1028 719 1291 776 συμφυως
1348 696 1674 759 πολυτελεῖς
1732 698 2101 771 παρετίθεντο,
2185 703 2276 756 καὶ
2363 703 2752 782 συνεδρεύουσα
2835 707 3176 781 προεκάθητο
3263 708 3533 785 )αμπρως
3631 709 3713 765 δι-

297 789 689 862 εσκευασμένη,
753 785 895 850 λίΟις
945 808 1004 841 τε
1057 789 1149 842 καὶ
1212 789 1511 864 μαργάροις
1561 785 1838 862 διαφανέσι
1887 787 1950 843 τὸ
2005 791 2307 863 τυμπάνων
2363 793 2657 851 ἄναδέουσα
2713 797 2804 852 καὶ
2889 803 2979 852 τὸν
3066 797 3350 874 τράχηλον
3423 801 3712 875 ὁρμίσκοις

295 879 630 952 πολυτίμοις
683 871 1148 950 διαλαμϐάνουσα.
1211 876 1417 934 Ἐνίοτε
1475 875 1531 932 δὲ
1584 877 1702 932 κατ’
1759 876 1934 940 ἄλλας
2013 879 2324 953 βασιλείους
2399 883 2694 961 οἰκοδομὰς
2780 885 3133 961 διιστάμενοι,
3209 889 3298 944 καὶ
3371 891 3471 946 ὀινὰ
3549 890 3711 970 μέρος

300 970 606 1046 ἀμφότεροι
663 968 1113 1044 προφαινόμενοι,
1171 965 1247 1028 είς
1305 965 1489 1022 ἐαυτὸν
1546 965 1794 1040 ἐμέριζον
1853 967 1916 1022 τὸ
1977 968 2238 1039 ὑπήκοον·
2297 973 2333 1042 ἢ
2403 975 2492 1030 καὶ
2575 977 2810 1052 πρώτως
2872 977 3170 1051 ἃπονεῖμκν
3250 978 3466 1054 βασιλεῖ
3541 965 3712 1054 προσζ

295 1058 544 1130 κύνησιν,
605 1057 806 1121 ἐκεῖθεν
864 1055 1092 1131 ἂπαῖρον
1152 1055 1288 1130 πρὸς
1344 1057 1444 1126 τήν
1503 1053 1758 1132 βασιλίδα
1821 1056 2211 1131 μετεπορεύετο
2271 1061 2360 1116 καὶ
2429 1064 2723 1139 βαθυτέραν
2779 1065 2915 1140 αὐτῇ
2999 1072 3230 1142 παρεῖχε
3309 1072 3406 1122 τοῖ’)
3487 1069 3710 1144 γόνατος

296 1147 632 1223 σύγκαμψιν.
665 1147 741 1204 Οὐ
778 1147 1004 1222 βραχεῖς
1037 1143 1094 1200 δὲ
1139 1145 1230 1200 καὶ
1287 1149 1395 1200 τῶν
1452 1147 1572 1200 καθ’
1630 1145 1746 1218 ’ἅμα
1807 1144 2022 1220 βασιλεῖ
2078 1143 2431 1225 ἐγγιζόντων,
2483 1153 2574 1208 καὶ
2633 1155 2718 1216 οἷς
2775 1155 2840 1210 τὰ
2897 1155 3214 1234 ὑπερήφανα
3268 1160 3377 1212 τῶν
3435 1143 3706 1235 doceri:le

292 1237 596 1308 ἂνέκειντο,
653 1234 782 1299 τοὺς
837 1233 1026 1308 ὤμους
1076 1234 1150 1295 ὡς
1191 1231 1444 1310 θρανίδας
1491 1229 1900 1294 ὑποϐάλλοντες
1945 1232 2182 1291 ἐπὶτῶν
2244 1237 2514 1318 λαμπρῶν
2563 1245 2651 1298 καὶ
2707 1245 2992 1320 μετεώρων
3048 1246 3236 1300 θώκων
3290 1247 3388 1314 τήν
3453 1245 3710 1322 βασιλίδα

296 1328 357 1381 ἂν
366 1325 572 1407 ἔφερον.

364 1423 545 1484 Ἀλλὰ
605 1421 758 1479 οὔπω
815 1429 982 1497 μῆνες
1037 1427 1187 1499 τρεῖς
1281 1421 1768 1498 παριππεύκεισαν,
1861 1421 1952 1476 καὶ

295 1517 460 1594 φήμη
495 1533 580 1576 τις
608 1512 851 1589 πρόεισιν
907 1509 1147 1584 ἀψευδὴς
1195 1509 1255 1567 ἐκ
1301 1511 1539 1568 Κιλίκων
1591 1511 1712 1566 τινὰ
1759 1510 1951 1584 ὁρμώ-

303 1623 468 1678 μενον
501 1600 748 1672 Ἀλέξιον
795 1597 1060 1674 τοῦνομα,
1109 1605 1188 1674 τῷ
1237 1605 1335 1656 τοῦ
1392 1599 1660 1676 βασιλέως
1707 1597 1950 1670 Ἀλεξίου

289 1692 524 1766 ὀνόματι
582 1689 960 1766 ἐποχούμενον
1035 1691 1094 1745 ’ὀν
1155 1691 1182 1745 ὁ
1241 1691 1497 1766 βασιλεὺς
1553 1688 1789 1766 ἐγείνατο
1830 1691 1948 1746 Μα-

291 1780 492 1851 νουήλ,
529 1785 608 1852 τῷ
637 1783 734 1849 τῆς
767 1779 984 1844 πόλεως
1011 1778 1284 1856 Ἀγκύρας
1333 1780 1722 1854 σατραπεύοντι
1776 1799 1947 1853 προσ-

301 1874 499 1946 ρυῆναι
529 1872 620 1924 καὶ
673 1870 758 1924 ὑπ’
807 1869 972 1924 αὐτοῦ
1025 1866 1432 1943 προσδεχοῆναι
1483 1869 1557 1929 ὡς
1607 1869 1720 1923 υἱὸν
1771 1867 1952 1938 ἀληθῆ

292 1963 394 2014 τοῦ
451 1957 848 2033 αὐτοκράτορος
891 1956 1176 2030 Μανουήλ,
1233 1957 1341 2036 οὐχ
1396 1958 1544 2020 ’ὁπως
1597 1958 1952 2032 περατώσειεν

309 2049 462 2121 αὐτῷ
491 2049 560 2102 τὰ
588 2048 706 2102 κατ’
746 2045 922 2126 ἔφεσιν
977 2045 1118 2122 (ᾔδει
1167 2045 1271 2123 γὰρ
1319 2052 1566 2110 κακεῖνος
1617 2047 1692 2109 ὡς
1733 2048 1761 2101 6
1795 2048 1952 2120 βασι-

292 2135 423 2198 λεὺς
475 2136 721 2206 Ἀλεξιος
783 2132 876 2190 διὰ
933 2143 1244 2213 πνιγμονῆς
1303 2137 1390 2192 ὑπ’
1457 2135 1804 2211 ’Λνδρονίκου
1861 2135 1953 2191 τὸν

289 2226 412 2302 βίον
441 2227 842 2302 κατέστρεψεν),
881 2224 1034 2292 ξάλλ³
1077 2223 1152 2278 ἵν’
1211 2226 1240 2280 6
1299 2225 1604 2300 βασιλεύων
1661 2225 1950 2299 Ῥωμαίων

298 2311 756 2368 συνδιαπλέκοιτο
796 2311 1077 2388 πράγμασι
1123 2317 1244 2373 τοῖς
1297 2318 1643 2376 στασιασταῖς
1688 2311 1950 2376 ἀντικαθ-

295 2403 604 2476 ιστάμενος,
670 2401 762 2455 καὶ
831 2399 989 2464 αὐτὸς
1083 2400 1320 2465 ἐντεῦθεν
1387 2397 1787 2476 παρακερδαίνῃ
1873 2423 1950 2468 τι,

290 2491 604 2570 χρημάτων
645 2488 806 2545 ὢνιον
863 2491 961 2559 τήν
1023 2491 1156 2564 μετὰ
1216 2491 1508 2566 Ῥωμαίων
1569 2488 1757 2566 φιλίαν
1817 2492 1952 2546 κτώ-

301 2603 484 2656 μενος.
519 2581 672 2637 Ἐπεὶ
717 2577 773 2634 δὲ
831 2580 906 2641 εἰς
957 2573 1112 2654 ἔργον
1163 2584 1332 2636 ταῦτα
1384 2577 1449 2650 δὴ
1507 2583 1574 2634 τὰ
1629 2578 1952 2657 ἀγγέλματα

296 2667 604 2742 ἐκϐεϐήκει,
653 2669 743 2723 καὶ
805 2669 832 2723 ὁ
893 2666 1246 2743 ψευδώνυμος
1306 2667 1462 2732 οὗτος
1531 2667 1778 2740 Ἀλὲξιος
1832 2674 1950 2731 τοῖς

299 2763 529 2837 ὁμόροις
558 2763 629 2835 τῇ
661 2759 896 2836 Ἀγκύρᾳ
923 2760 1256 2834 Ῥωμαϊκοις
1305 2758 1640 2833 πολίσμασιν
1692 2759 1950 2838 ἐπεφύετο

301 2849 686 2926 ἒνισχυόμενος
747 2849 894 2924 παρᾶ
951 2853 1047 2905 τοῦ
1116 2847 1322 2924 Πέρσου
1376 2849 1466 2904 καὶ
1525 2851 1948 2924 κρατυνάμενος,

307 2938 588 2994 στέλλεταί
626 2961 708 3002 τις
757 2939 1015 3013 ἐκτομίας
1071 2938 1117 3012 ᾦ
1162 2937 1472 3010 τούπίκλην
1525 2937 1950 3011 Ἡονοπολίτης,

306 3031 430 3106 ἄρτι
463 3030 610 3103 [297]
641 3030 775 3105 πρὸς
813 3028 1082 3106 βασιλέως
1129 3030 1627 3106 παρακοιμώμενος
1675 3029 1950 3102 τιμηθείς.

305 3115 552 3188 Μηδένει
586 3116 640 3174 δὲ
668 3124 766 3174 τοῦ
797 3115 1022 3174 θλαδίου
1052 3120 1443 3194 κατορθοῦντος
1473 3119 1610 3193 πρὸς
1663 3120 1762 3189 τὴν
1816 3117 1948 3173 ὑπό-

2135 1426 2287 1483 608
2322 1431 2538 1487 Verum
2574 1431 2854 1490 trimestri
2889 1435 3147 1491 nondum
3175 1435 3373 1507 elapso
3407 1437 3561 1492 fama
3595 1453 3710 1493 non

2062 1513 2238 1572 fallax
2267 1519 2524 1590 all'ertur,
2557 1521 2792 1578 Cilicem
2828 1525 3142 1597 quemdam
3188 1529 3494 1597 assumpto
3527 1525 3710 1582 Alexii

2061 1603 2160 1660 filii
2194 1605 2482 1666 Manuelis
2515 1610 2746 1667 nomine
2771 1612 2842 1667 ad
2873 1615 3111 1685 Ancyrae
3133 1613 3297 1670 urbis
3329 1619 3620 1686 satrapam
3645 1631 3709 1672 se

2060 1693 2403 1767 contulisse,
2449 1699 2521 1754 ab
2579 1716 2762 1772 eoque
2821 1705 2885 1757 ut
2939 1718 3138 1759 verum
3195 1701 3480 1761 Manuelis
3513 1703 3704 1761 ﬁlium

2063 1791 2400 1858 susceptum
2434 1806 2584 1856 esse,
2631 1808 2744 1848 non
2797 1795 2861 1846 ut
2906 1793 3036 1864 ejus
3085 1793 3398 1866 postulatis
3427 1800 3710 1851 annueret

1983 1853 2319 1944 B(noverat
2347 1878 2503 1934 enim
2563 1884 2619 1935 et
2670 1881 2796 1952 ipse
2852 1884 3265 1954 imperatorem
3331 1884 3595 1940 Alexium
3633 1885 3704 1941 ab

2059 1965 2392 2022 Andronico
2433 1969 2868 2041 strangulatum
2922 1973 3072 2043 esse)
3110 1973 3213 2028 sed
3273 1977 3336 2028 ut
3390 1973 3712 2047 imperator

2058 2049 2228 2110 bellis
2260 2055 2656 2127 distineretur,
2713 2060 2852 2114 dum
2913 2061 3210 2117 seditiosis
3269 2062 3588 2131 resisteret,
3648 2067 3706 2120 et

2056 2140 2183 2214 ipse
2213 2145 2435 2216 aliquid
2465 2145 2855 2204 emolumenti
2895 2148 3031 2205 inde
3063 2149 3405 2222 perciperet,
3446 2152 3708 2209 amicitia

2059 2247 2162 2288 sua
2194 2233 2476 2291 Romanis
2505 2237 2757 2294 vendita.
2811 2241 3130 2310 Postquam
3191 2245 3386 2296 autem
3450 2241 3712 2297 Pseuda-

2058 2318 2244 2380 lexius
2274 2321 2386 2380 iste
2417 2329 2726 2382 Persarum
2751 2327 2958 2398 opibus
2982 2327 3221 2400 adjutus
3250 2331 3486 2402 Ancyra:
3519 2331 3708 2386 vicina

2057 2413 2321 2468 Romana
2375 2415 2589 2486 oppida
2647 2416 3060 2488 populabatur,
3103 2418 3407 2475 eunuchus
3465 2419 3704 2490 quidam

2059 2507 2441 2573 cognomento
2474 2504 3031 2578 Eonopolita,nuper
3053 2508 3124 2562 ab
3157 2507 3508 2579 imperatore
3531 2525 3703 2566 accu-
3757 2524 3764 2528 ‘

2057 2589 2264 2646 bitoris
2315 2592 2600 2663 dignitate
2643 2599 2908 2662 ornatus,
2959 2597 3026 2650 ad
3074 2613 3209 2651 eum
3259 2597 3697 2668 reprimendum

2061 2678 2330 2736 mittitur.
2363 2680 2469 2746 Qui
2520 2697 2653 2737 cum
2687 2699 2805 2737 rem
2866 2682 3020 2739 male
3075 2689 3317 2756 gereret,
3383 2685 3704 2758 imperator

2058 2769 2172 2840 ipsi
2204 2769 2314 2824 sibi
2347 2771 2677 2826 exeundum
2708 2787 2836 2827 esse
2877 2771 3127 2839 censuit,
3179 2774 3500 2845 eademque
3529 2791 3704 2847 opera

2059 2857 2130 2912 de
2162 2857 2371 2913 lmdere
2403 2857 2626 2914 Persico
2656 2860 2966 2928 agendum,
3017 2860 3172 2916 haud
3221 2861 3461 2928 ignarus
3513 2863 3706 2934 impo-

2057 2950 2273 3002 storem
2305 2945 2468 3001 illum
2501 2962 2570 3002 ea
2615 2947 2842 3004 ratione
2871 2947 3148 3004 facillime
3198 2949 3478 3006 debellari
3511 2968 3702 3022 posse.

2055 3033 2272 3091 Verum
2298 3039 2470 3092 Persa
2485 3037 2788 3093 occasione
2806 3053 2949 3094 usus
2969 3038 3428 3110 pacificationem
3455 3056 3516 3097 se
3541 3040 3702 3100 nulla

2059 3123 2173 3182 alia
2201 3125 2428 3182 ratione
2461 3125 2862 3184 admissurum
2925 3127 3257 3196 afﬁrmavit,
3312 3128 3426 3184 nisi
3477 3130 3704 3202 argenti

301 3211 446 3264 θεσιν
477 3205 604 3276 δεῖν,
644 3207 698 3262 ἐν
735 3212 814 3280 τῷ
871 3207 1022 3283 μέρει
1076 3205 1134 3262 δὲ
1180 3209 1270 3264 καὶ
1318 3212 1427 3264 τῶν
1479 3209 1616 3282 μετὰ
1653 3212 1750 3264 τοῦ
1809 3208 1943 3284 Πέρ-

2067 3213 2282 3286 signati
2313 3215 2632 3270 centenarii
2671 3215 2933 3287 quinque
2991 3217 3051 3272 in
3109 3216 3314 3288 primis
3344 3222 3400 3274 et
3429 3219 3708 3292 deinceps

301 3320 400 3355 σου
442 3296 691 3354 σπονδῶν
723 3297 1146 3374 ἐπιμεληθῆναι,
1191 3297 1348 3362 εῗδὼς
1399 3299 1472 3362 ὡς
1523 3299 1664 3354 οὕτω
1716 3296 1954 3373 μάλιστα

299 3384 506 3464 ῥᾳδίως
552 3387 978 3462 καταγωνίσεται
1021 3388 1110 3442 τὸν
1169 3386 1397 3462 ὀνόματι
1449 3385 1634 3463 ἑτέρου
1685 3386 1776 3442 καὶ
1821 3385 1954 3442 τού-

291 3506 393 3542 του
422 3485 595 3540 πάλαι
651 3488 966 3556 τεθνεῶτος,
1018 3483 1393 3560 ἐπερχόμενον
1441 3484 1588 3558 αὐτῷ
1633 3482 1948 3542 ἀντίπαλον.

296 3575 461 3646 Πλὴν
499 3576 526 3630 6
559 3573 769 3650 Πέρσης
825 3578 907 3646 τῷ
935 3579 1109 3648 καιρῷ
1137 3575 1564 3652 καταχρώμενος
1619 3572 1716 3630 οὐκ
1762 3573 1950 3638 ἄλλως

293 3666 400 3734 τήν
433 3663 656 3738 εῗριςνην
691 3661 934 3739 ἐδέχετο,
966 3663 1013 3718 εἷ
1049 3665 1124 3736 μή
1159 3663 1348 3720 αὐτίκα
1392 3661 1698 3739 δωρήσετάί
1745 3665 1796 3720 οἱ
1849 3667 1952 3740 βα-

295 3751 484 3816 σιλεὺς
538 3753 798 3830 ἂργυρίου
857 3753 1178 3828 κεντηνάρια
1250 3753 1409 3809 πέντε
1480 3753 1789 3826 κεκομμένα
1873 3753 1952 3817 είς

295 3845 570 3917 νόμισμα,
602 3841 834 3914 ἐτησίως
868 3839 914 3897 δ’
965 3837 1150 3898 ἔκτοτε
1199 3843 1372 3918 τρισὶν
1437 3841 1496 3897 ἐκ
1540 3842 1747 3898 τούτων
1797 3841 1952 3921 ιριλο-

290 3939 538 4006 τιμεῖται
579 3933 668 3990 καὶ
725 3939 990 4008 Σηρικοῖς
1044 3934 1440 4010 τεσσαράκοντα
1493 3935 1753 4006 νήμασιν,
1813 3933 1948 4008 ἅπερ

300 4023 363 4078 ἐκ
395 4019 590 4094 Θηϐῶν
625 4021 951 4078 ἕπταπύλων
1009 4023 1226 4098 βασιλεῖ
1270 4024 1670 4098 κεχορήγηται.
1725 4024 1948 4101 Ἀᾳικό-

303 4133 460 4188 μενος
520 4115 613 4168 οὖν
671 4115 807 4168 κατα
859 4113 922 4167 τὸ
1000 4109 1249 4185 πόλισμα
1311 4113 1378 4167 τὰ
1435 4109 1753 4188 Μελάγγεια
1809 4113 1948 4187 πρὸς

294 4206 404 4257 τῶν
477 4200 649 4257 ἐκεῖσε
750 4199 1006 4276 βασιλεὺς
1108 4201 1458 4276 αὐτοκράτωρ
1547 4200 1948 4276 ἀναγορεύεται,

295 4291 448 4363 πλὴν
488 4292 616 4368 ούχί
664 4290 754 4345 καὶ
812 4289 1060 4366 γενναίαν
1121 4291 1219 4359 τὴν
1273 4291 1410 4344 κατᾶ
1475 4293 1573 4345 τοῦ
1629 4289 1948 4345 ἀντιστάτου

291 4379 541 4451 Ἀλεξίου
593 4379 842 4454 σύναρσιν
901 4377 1162 4455 εὕρισκεν,
1219 4378 1347 4434 ἀλλ’
1413 4379 1488 4441 ὡς
1547 4376 1766 4453 βασιλεῖ
1810 4379 1951 4434 Ῥω-

297 4469 468 4542 μαίων
531 4471 682 4542 αὐτῷ
746 4468 1179 4547 προσανέχοντες
1241 4466 1366 4523 οὐδὲ
1421 4469 1514 4524 τὸν
1576 4465 1946 4542 Ψευδαλέξιον

2063 3304 2215 3360 609
2249 3303 2564 3376 quotannis
2595 3304 2768 3374 terni,
2801 3310 2860 3362 et
2909 3305 3293 3380 quadragenas
3341 3311 3528 3365 vestes
3559 3310 3708 3365 seri-

2063 3409 2166 3461 cae,
2197 3411 2326 3466 quae
2375 3393 2592 3450 Thebis
2643 3395 2910 3451 Bceoticis
2960 3395 3298 3467 imperatori
3348 3399 3524 3470 pendi
3555 3398 3704 3456 sole-

2062 3488 2212 3556 rent,
2245 3483 2358 3540 sibi
2397 3483 2786 3540 donarentur.
2840 3483 2948 3542 Ubi
2981 3485 3052 3540 ad
3103 3485 3392 3559 Melangia
3419 3488 3702 3560 oppidum

2061 3573 2344 3646 pervenit,
2393 3573 2466 3630 ab
2513 3572 2671 3629 illius
2725 3573 2839 3630 loci
2895 3573 3103 3630 incolis
3147 3573 3464 3646 imperator
3508 3582 3704 3650 Augu-

2012 3728 2022 3736 ,
2061 3667 2190 3719 stus
2221 3662 2532 3728 solutatur,
2585 3663 2686 3718 sed
2731 3679 2938 3734 parum
2990 3661 3260 3718 alacriter
3306 3673 3504 3721 contra
3546 3667 3700 3722 sedi-

2061 3751 2278 3808 tiosum
2311 3751 2659 3823 adjuvatur;
2691 3751 2960 3824 quamvis
2989 3752 3145 3808 enim
3179 3769 3313 3809 eum
3345 3770 3450 3826 pro
3483 3755 3706 3812 Roma-,

2061 3857 2269 3896 norum
2300 3839 2652 3911 imperatore
2709 3839 2986 3908 colerent,
3041 3845 3236 3896 tamen
3292 3857 3399 3898 nec
3447 3843 3702 3900 Pseuda-

2060 3927 2276 3985 lexium
2307 3928 2480 4000 plane
2526 3929 3013 3998 contemnebant;
3075 3933 3131 3984 et
3187 3931 3328 3986 dum
3387 3935 3706 4004 utrumque

2061 4017 2280 4088 colunt,
2337 4017 2580 4072 minime
2633 4034 2750 4088 pra
2799 4035 2861 4074 se
2921 4017 3118 4074 ferunt
3165 4017 3279 4074 utri
3311 4036 3552 4092 prorsus
3581 4023 3703 4079 sint

2059 4107 2296 4164 addicti.
2331 4105 2494 4162 Unde
2515 4106 2703 4177 quivis
2734 4105 3022 4178 conjicere
3072 4111 3298 4178 poterat
3345 4125 3443 4166 eos
3474 4111 3701 4168 duabus

2061 4197 2262 4252 sedere
2291 4194 2474 4265 sellis,
2507 4199 2564 4250 et
2593 4195 2650 4249 in
2684 4195 2994 4268 praesentia
3025 4197 3190 4252 neuri
3245 4214 3414 4271 opem
3449 4199 3696 4268 laturos,

2061 4287 2161 4342 sed
2213 4301 2314 4358 per
2346 4284 2710 4341 occasionem
2737 4284 2798 4340 in
2857 4291 3046 4356 partes
3105 4285 3340 4343 victoris
3389 4306 3698 4346 concessu-

2060 4391 2177 4432 ros.
2239 4377 2362 4431 Imo
2414 4375 2591 4430 etiam
2653 4373 2882 4446 quoties
2957 4373 3361 4446 imperatorem
3441 4379 3703 4449 adibant,

2059 4462 2319 4519 Alexium
2349 4461 2622 4520 extollere
2653 4480 2769 4519 non
2811 4462 3188 4532 desistebant,
3240 4465 3492 4521 subinde
3521 4467 3706 4522 inter-

293 4559 494 4612 ἐκεῖνον
527 4558 936 4640 φιλοφροσύνης
986 4558 1112 4614 εἲων
1161 4558 1337 4630 ἓκτὸς,
1386 4557 1566 4630 τούτῳ
1616 4578 1675 4613 τε
1716 4559 1948 4633 κάκείνῳ

2058 4555 2324 4626 jicientes
2355 4553 2465 4624 ipsi
2495 4553 2676 4608 etiam
2729 4551 3012 4608 miraculo
3061 4567 3194 4607 eum
3229 4553 3370 4620 fore,
3403 4553 3454 4609 si
3485 4553 3704 4611 videret

296 4647 362 4702 τὰ
437 4645 730 4723 βλέμματα
803 4645 1164 4726 χαριζόμενοι
1238 4647 1374 4720 πρὸς
1450 4647 1737 4720 ἑκατέρους
1823 4653 1942 4712 ταῖς

293 4739 538 4814 γνώμαις
560 4736 812 4815 ἔῤῥεπον,
847 4734 1119 4812 μηδαμῶς
1148 4735 1503 4814 ἐμφαίνοντες
1549 4737 1660 4810 ὅτῳ
1709 4734 1948 4812 προσρέ-

288 4849 486 4884 πουσιν
537 4827 795 4904 ἀτεχνῶς·
849 4826 963 4882 ὅθεν
1027 4825 1186 4881 παντὶ
1247 4831 1326 4900 τῷ
1383 4823 1708 4900 βουλομένῳ
1755 4831 1946 4900 παρεῖ-

294 4937 398 4993 χον
441 4921 722 4974 κατανοεῖν
781 4917 856 4980 ὡς
914 4915 1254 4994 ἀμφίρῥοποι
1313 4911 1462 4978 ὄντες
1521 4913 1791 4988 οὐδετέρῳ
1853 4917 1946 4989 μὲν

292 5005 354 5062 ἐκ
411 5009 508 5061 τοῦ
565 5005 754 5062 αὐτίκα
809 5005 1248 5080 προσκείσονται,
1300 5004 1438 5060 κατᾶ
1495 5001 1551 5058 δὲ
1621 5005 1810 5080 καιρὸν
1866 5009 1947 5078 τῷ

290 5099 516 5152 νικῶντι
546 5096 968 5170 προσθήσονται.
1003 5091 1181 5152 Ἀλλᾶ
1208 5093 1304 5148 κάν
1349 5097 1470 5154 ταῖς
1517 5091 1657 5168 πρὸς
1717 5090 1946 5168 βασιλέα

281 5184 584 5256 ἐντεύξεσιν
689 5184 1064 5254 ὑπεξαίροντες
1153 5183 1246 5238 τὸν
1343 5180 1586 5254 Ἀλέξιον
1685 5178 1942 5254 οὐδαμῶς

283 5274 509 5353 ἔληγον.
545 5271 826 5337 Πολλάκις
854 5277 982 5349 γοῦν
1017 5268 1204 5349 ἔλεγον
1259 5273 1333 5334 ὡς
1383 5295 1412 5324 κ
1459 5271 1559 5326 Καὶ
1605 5269 1668 5326 σὺ
1711 5268 1941 5347 ἆγάσαιο

280 5363 341 5422 ἄν
369 5367 460 5422 τὸν
520 5362 714 5440 ἄνδρα,
764 5362 810 5418 εἰ
871 5363 1110 5432 θεάσαιο,
1182 5357 1417 5418 δέσποτα
1475 5360 1722 5435 βασιλεῦ.
1779 5359 1942 5418 Οὕτω

281 5459 514 5530 πυρσαῖς
545 5452 638 5508 καὶ
670 5451 902 5508 ἐκτενέσι
959 5446 1158 5525 κὸμαις
1213 5447 1516 5528 ἠγλάϊσται
1575 5449 1650 5510 ὡς
1705 5447 1750 5502 εί
1797 5467 1941 5524 ’χρυ-

284 5541 404 5596 σίου
476 5542 612 5612 ἦσαν
689 5539 1131 5617 ἀποῤῥιντςματα.
1209 5535 1398 5599 Οὕτως
1479 5535 1624 5594 ἐστὶν
1724 5534 1938 5610 εὐῆλιξ,

288 5628 462 5691 οὕτως
519 5631 758 5701 ἱππότης
815 5627 1145 5706 ἀκράδαντος
1203 5628 1278 5690 ὡς
1337 5625 1486 5702 εἷ’περ
1534 5629 1606 5701 τῇ
1663 5623 1935 5703 ἐφεστρίδι

285 5715 712 5796 ἐμπεπερόντ,το.
747 5740 774 5774 ι
803 5718 944 5792 Πρὸς
997 5714 1054 5772 δὲ
1101 5719 1268 5772 ταῦτα
1305 5719 1403 5770 τοῦ
1452 5711 1723 5790 βασιλέως
1778 5713 1937 5770 ἀνθυ-

2055 4649 2113 4700 ut
2147 4644 2274 4699 rufo
2338 4645 2396 4697 et
2451 4641 2744 4712 promisso
2801 4639 3012 4714 capillo
3053 4644 3207 4696 esset
3259 4645 3524 4712 ornatus,
3585 4659 3702 4698 non

2059 4749 2228 4789 secus
2259 4747 2326 4786 ac
2358 4730 2407 4786 si
2441 4728 2567 4786 auri
2600 4729 2844 4786 bractcaa
2875 4733 3092 4795 essent,
3129 4733 3190 4786 ut
3220 4737 3370 4786 esset
3401 4747 3698 4802 procerus,

2061 4825 2124 4876 ut
2152 4819 2428 4876 robustus
2459 4834 2659 4889 eques,
2687 4818 2857 4890 quasi
2907 4817 3107 4874 ﬁbulis
3155 4817 3310 4874 sella:
3341 4817 3571 4877 alﬁxus.
3604 4821 3698 4876 Ad

2057 4927 2179 4981 quae
2212 4925 2346 4964 cum
2370 4907 2684 4978 imperator
2705 4906 3022 4978 aliquando
3049 4909 3448 4980 respondisset
3469 4909 3704 4967 Manus-

2057 4998 2130 5055 lis
2161 4997 2350 5053 ﬁlium
2384 4995 2456 5051 ab
2488 4995 2824 5052 Andronico
2847 4996 2974 5068 jam
3023 4995 3163 5054 olim
3215 4998 3535 5068 sublatum,
3567 5017 3705 5056 eum

2053 5105 2186 5146 vero
2218 5088 2320 5156 qui
2360 5100 2519 5141 nunc
2544 5083 2704 5140 illius
2745 5099 2960 5142 nomen
2993 5092 3242 5159 usurpet
3281 5103 3548 5146 erronem
3575 5105 3707 5147 esse

2054 5182 2112 5234 et
2143 5193 2176 5232 ο.
2205 5173 2523 5232 Comnenia
2575 5172 2802 5230 familia
2847 5173 3124 5244 alienum,
3159 5181 3216 5232 et
3247 5181 3311 5233 ut
3356 5177 3453 5235 ille
3486 5179 3706 5236 viveret

2051 5275 2225 5338 atque
2253 5263 2305 5320 is
2335 5263 2489 5319 610
2521 5261 2647 5333 ipse
2676 5266 2826 5318 esset
2855 5261 2958 5334 qui
3005 5279 3170 5320 arma
3215 5265 3473 5338 inferret,
3515 5284 3576 5323 se
3607 5271 3702 5324 ta-

2053 5372 2186 5412 men
2215 5351 2448 5410 meliore
2471 5351 2606 5422 jure
2659 5351 2969 5423 imperare,
3028 5353 3130 5424 qui
3184 5371 3342 5412 nunc
3401 5361 3699 5428 sceptrum

2053 5451 2264 5508 teneat,
2296 5441 2382 5498 illi
2412 5439 2539 5512 ejus
2569 5439 2829 5496 oratione
2857 5439 3230 5512 interpellata
3259 5451 3314 5499 et
3343 5461 3411 5501 ex
3441 5449 3702 5516 tempore

2049 5535 2304 5593 refutatu
2333 5531 2766 5602 responderunt
2799 5546 2813 5586 :
2856 5550 2886 5582 ‹‹
2937 5529 3119 5589 Vides
3166 5550 3326 5604 ergo,
3357 5535 3698 5608 imperator,

2050 5633 2102 5680 te
2133 5639 2368 5696 quoque
2398 5618 2470 5676 de
2499 5617 2598 5676 illo
2631 5618 2924 5684 dubitare,
2957 5625 3016 5675 et
3064 5626 3312 5678 mortem
3345 5625 3473 5694 ejus
3505 5623 3702 5678 incer-

2049 5721 2168 5772 tam
2198 5707 2579 5770 existimare?
2610 5725 2786 5782 quare
2819 5705 2939 5764 noli
2965 5723 3315 5768 succensere
3345 5710 3418 5768 iis
3447 5709 3548 5780 qui
3567 5708 3704 5763 ado-
