4098 6292
438 335 554 396 835

1744 332 1865 394 NIG
1875 330 2048 393 ETJE
2091 331 2336 394 CHONI
2345 331 2520 394 ATzE

3717 333 3846 396 836

435 465 710 524 lescentis
723 467 1192 535 miserentur,cui
1208 482 1452 539 regnum
1470 467 1796 540 proavitum
1813 466 2070 532 debetur,

2195 464 2542 540 πενεγκὸντος
2587 465 2718 520 ποτὶ
2761 465 2836 527 ὡς
2887 465 2916 519 6
2968 467 3066 520 τοῦ
3113 462 3514 538 αὐτοκράτορος
3561 463 3676 526 υἱὸς
3732 468 3853 521 Μα-

440 571 556 628 quo
589 561 780 612 tamen
813 572 928 612 una
955 571 1090 612 cum
1123 557 1309 626 patria
1339 573 1441 628 per
1473 556 1750 628 injuriam
1782 559 1871 612 est
1894 553 2085 627 priva-

440 650 560 702 tus.
597 668 625 695 »
657 646 858 718 Itaque
901 646 1106 701 videns
1155 645 1471 716 imperator
1514 663 1576 702 se
1621 645 1767 700 nihil
1801 661 1909 700 sua
1939 659 2086 714 prae-

438 735 629 790 sentia
659 735 956 806 proﬁcere,
999 733 1262 789 castellis
1317 734 1638 805 praeteritis,
1687 749 1940 806 quorum
1972 729 2087 787 alia

445 824 518 881 ab
569 822 766 878 Alexio
806 823 1047 878 dimovit
1097 822 1212 878 alia
1259 823 1519 879 incendit
1566 829 1628 879 ut
1676 822 1954 879 seditioso
1985 820 2085 876 ad-

439 913 614 978 dicta,
647 913 708 967 in
741 912 944 968 urbem
978 913 1168 980 rediit,
1203 911 1568 983 expeditione
1596 912 1830 969 duobus
1862 909 2085 966 mensi-

440 1003 550 1058 bus
573 1002 972 1071 terminata,et
991 1000 1204 1056 Ciliciae
1219 1001 1391 1058 rebus
1411 1001 1662 1058 Manueli
1687 1001 2086 1057 Cautacuzeno

441 1091 874 1147 mandatis.Sed
909 1078 1046 1146 eum
1081 1107 1150 1146 ue
1170 1093 1218 1146 is
1247 1090 1484 1163 quidem
1517 1096 1717 1163 aperte
1748 1091 1829 1146 illi
1865 1089 2084 1146 bellum

440 1180 702 1246 inferret,
732 1178 1002 1250 quamvis
1034 1178 1224 1235 Persas
1255 1179 1488 1234 auxiliis
1519 1178 1768 1235 subinde
1798 1175 2082 1234 crescenti

436 1274 493 1327 et
522 1287 556 1325 a
586 1267 838 1324 castellis
867 1269 1104 1339 Ancyrae
1140 1268 1410 1324 ﬁnitimis
1447 1269 1723 1325 omnibus
1753 1278 1850 1324 aut
1879 1270 2084 1323 saltem

438 1357 710 1431 pluribus
739 1357 967 1413 tributa
1016 1357 1287 1428 exigenti,
1336 1357 1635 1414 diuturnis
1683 1358 1880 1429 utique
1911 1357 2085 1412 malis

438 1448 731 1504 Romanos
759 1446 1203 1502 all‘ecturusille
1261 1446 1392 1514 fuit,
1449 1445 1564 1502 nisi
1628 1446 1743 1502 Deo
1803 1463 1948 1502 nova
1993 1445 2084 1502 hic

438 1555 670 1611 quoque
700 1535 925 1593 ratione
954 1537 1137 1593 nostri
1179 1536 1443 1604 miserto,
1475 1538 1534 1593 in
1584 1535 1823 1594 castello
1853 1538 2084 1610 Zungra

438 1633 613 1684 noctu
639 1625 949 1698 jugulatus
981 1644 1014 1681 a
1046 1627 1301 1699 quodam
1331 1625 1558 1682 fuisset.
1595 1626 1688 1682 Sic
1723 1626 1972 1699 fulguris
1993 1627 2083 1682 in-

439 1724 564 1775 star
595 1717 793 1773 subito
850 1721 907 1773 et
963 1717 1205 1772 emicuit
1259 1721 1316 1772 et
1374 1716 1631 1785 evanuit,
1679 1723 1782 1773 aut
1815 1723 1878 1772 ut
1904 1717 2084 1774 ﬂatus

437 1808 754 1864 vehemens
795 1825 864 1864 ex
911 1815 1078 1864 antro
1135 1809 1371 1880 Corycio
1402 1825 1740 1880 erumpens,
1775 1809 1876 1878 qui
1909 1807 2082 1879 paulo

433 1902 566 1968 post
599 1897 654 1953 in
688 1903 915 1969 partem
968 1896 1216 1952 Romani
1266 1897 1492 1968 imperii
1526 1898 1938 1952 conturbatum
1971 1914 2078 1953 saa-

433 1987 554 2042 vire
585 1987 774 2042 desiit.

2193 551 2366 621 νουήλ
2396 551 2567 608 πάλαι
2615 549 2824 609 ἁπεϐίω
2872 553 3082 626 Θανάτῳ
3115 553 3160 625 ᾧ
3193 551 3258 623 δὴ
3311 553 3444 627 πρὸς
3495 549 3854 626 Ἀνδρονίκου

2193 641 2638 714 καταδεδίκαστο,
2673 645 2700 698 6
2733 641 2790 698 δὲ
2849 649 2939 698 νῦν
2989 644 3230 718 προσιὼν
3280 642 3435 704 οὗτος
3485 641 3689 704 πλάνος
3735 641 3854 697 ἐστὶ

2192 733 2281 788 καὶ
2314 738 2409 787 τοῦ
2438 739 2548 788 τῶν
2581 739 2875 806 Κομνηνῶν
2903 735 3093 808 γένους
3135 731 3452 807 ἀλλότριος,
3507 731 3552 786 εἰ
3607 728 3655 784 δ’
3705 729 3855 787 ἐκεῖ·

2191 842 2280 876 νον
2314 819 2436 893 δοίη
2469 844 2549 884 τις
2583 825 2675 894 ζῇν
2703 823 2791 878 καὶ
2853 825 3045 878 τουτον
3096 823 3234 877 εἶναι
3281 823 3370 877 τὸν
3423 821 3668 893 ἐπιόντα,
3717 819 3856 876 ἀλλ’

2192 909 2354 974 αὐτὸς
2412 913 2602 987 ἄρχειν
2663 911 2933 983 δήπουθέν
2993 910 3330 986 δικαιότερος
3375 913 3403 966 6
3453 911 3542 966 καὶ
3591 913 3658 964 τα
3701 911 3857 968 Ῥω-

2200 1003 2379 1073 μαίων
2411 1005 2662 1076 σκῆπτρα
2703 1002 2960 1078 χειρίζων
3007 1002 3140 1072 νυνί,
3190 997 3520 1056 ἐπελάϐοντο
3581 1004 3690 1054 τῶν
3743 999 3856 1055 λό-

2193 1111 2306 1164 γων
2341 1091 2397 1144 οἱ
2428 1091 2794 1165 ἀκροώμενοι,
2827 1091 2918 1146 καὶ
2967 1090 3058 1146 ἀπ’
3109 1091 3285 1145 αὐτῶν
3335 1091 3697 1166 πορισάμενοι
3746 1090 3857 1158 τὴν

2193 1178 2454 1234 ἀντίθεσιν
2481 1204 2508 1232 ‹‹
2543 1185 2679 1256 Δρᾷς
2710 1204 2739 1232 ››
2789 1177 2995 1254 ἔλεγον,
3047 1205 3074 1232 (ι
3113 1177 3364 1254 βασιλεῦ,
3415 1180 3491 1241 ὡς
3542 1178 3626 1252 ἂρ’
3675 1179 3860 1256 ἀμ’ξι-

2193 1275 2375 1343 γνοεῖς
2405 1270 2496 1324 καὶ
2528 1268 2590 1323 σὺ
2633 1269 2756 1345 περί
2816 1273 2912 1324 τοῦ
2969 1265 3187 1338 παιδὸς,
3231 1271 3322 1324 καί
3365 1269 3458 1324 τὸν
3509 1266 3713 1322 ἐκείνου
3766 1268 3854 1331 θέο

2194 1379 2350 1414 νατον
2395 1359 2737 1436 ἀμφήριστον
2791 1358 3038 1434 ﬂvunt;
3089 1360 3181 1426 Μή
3235 1359 3326 1412 οὗι
3381 1354 3682 1432 χαλέπαινε
3728 1361 3857 1417 τοῖς

2191 1447 2284 1504 τὸν
2323 1448 2533 1503 νεανίαν
2563 1447 2924 1523 οἷκτείρουσιν
2959 1447 3018 1502 ἐκ
3065 1447 3162 1520 μὶν
3213 1447 3490 1522 τριγονίας
3541 1447 3641 1515 τήν
3696 1447 3860 1521 βασι-

2193 1535 2344 1593 λείαν
2375 1535 2427 1598 ἐς
2460 1536 2617 1592 αὐτὸν
2653 1531 3074 1592 καταϐαίνουσαν
3100 1535 3320 1611 ἔχοντα,
3352 1535 3530 1612 ἀρχῆς
3592 1533 3640 1590 δ’
3702 1536 3856 1608 ὁμοῦ

2191 1625 2282 1680 καὶ
2337 1623 2600 1698 πατρίδος
2659 1626 2803 1700 παρὰ
2861 1623 3018 1696 δίκην
3075 1622 3548 1697 ἆποπλαζὸμενον,
3593 1647 3621 1676 »
3689 1623 3856 1678 Ἰδὼν

2190 1714 2364 1770 τοίνυν
2399 1717 2427 1770 ὁ
2481 1714 2734 1789 βασιλεὺς
2788 1716 2863 1778 ὡς
2913 1712 3070 1770 οὐδὲν
3121 1712 3345 1793 ὠφελεῖ,
3393 1714 3483 1768 καὶ
3529 1715 3630 1783 τήν
3680 1713 3856 1776 αὐτὸς

2193 1805 2358 1860 αὐτοῦ
2423 1807 2717 1876 παρουσίαν
2785 1805 2869 1860 ἐπ’
2947 1803 3126 1860 οὐδενὶ
3216 1801 3494 1878 κερδαλὲῳ
3569 1809 3858 1860 κατανοῶν

2189 1895 2452 1972 γίνεσθαι,
2507 1897 2574 1951 τὰ
2610 1896 2842 1975 φρούρια
2899 1895 3209 1970 παρελθὼν,
3269 1895 3359 1949 καὶ
3407 1895 3441 1949 ἃ
3493 1895 3588 1968 μὶν
3634 1895 3855 1949 τούτων

2189 1986 2502 2056 ἀποστήσας
2545 1990 2641 2040 σοῦ
2695 1984 2947 2057 Αλεξίου,
3007 1987 3040 2040 ἅ
3104 1984 3164 2041 δὲ
3229 1986 3360 2060 πυρὶ
3427 1983 3709 2060 παραδοὺς
3780 1986 3859 2046 ὡς

427 2072 507 2146 τῷ
564 2074 797 2149 ἂντάρτῃ
859 2075 1253 2150 προσρὲποντα,
1307 2071 1599 2152 ἐπανόδου,
1631 2073 1928 2147 ἐμνήσατο,
1991 2071 2110 2128 δυσὶ
2161 2077 2261 2145 τήν
2303 2073 2640 2150 ἐκστρατείαν
2689 2077 3035 2152 περιγράψας
3083 2077 3218 2148 μησὶ
3285 2076 3374 2130 καὶ
3443 2074 3512 2130 τὰ
3563 2075 3702 2130 κατᾶ
3757 2076 3851 2130 τὸν

434 2163 630 2222 Κίλικα
682 2165 929 2234 Ἀλέξιον
987 2164 1275 2240 ἐπιτρέψας
1330 2169 1412 2238 τῷ
1469 2170 1900 2237 Καντακουζηνῴ
1959 2163 2242 2235 Μανουὴλ.
2306 2165 2456 2235 Πλήν
2517 2164 2630 2222 οὐδ’
2690 2167 2848 2230 οὗτος
2914 2165 3167 2241 ἐξήνεγκε
3210 2166 3456 2239 πόλεμον
3505 2168 3619 2221 κατ’
3676 2167 3853 2221 αὐτοῦ

436 2260 710 2332 προφανῆ,
761 2255 953 2329 καίπερ
999 2252 1488 2326 ἐμπλατυνομένου
1548 2252 1627 2309 ἀεὶ
1677 2260 1746 2328 τῇ
1802 2254 2085 2330 ἐπικουρίᾳ
2141 2259 2237 2311 τοῦ
2293 2255 2519 2329 Πέρσου,
2571 2257 2660 2310 καὶ
2717 2261 2826 2311 τῶν
2893 2258 2973 2329 [Ρ.
3034 2258 3159 2328 298‘,
3216 2257 3340 2331 περὶ
3398 2257 3494 2324 τήν
3573 2257 3853 2331 Ἀγκυραν

437 2342 712 2418 φρουρίων
763 2341 1200 2418 φορολογοῦντος
1247 2344 1313 2398 τὰ
1362 2342 1533 2399 πάντα
1580 2345 1614 2414 ἢ
1659 2344 1726 2398 τὰ
1771 2343 2019 2402 πλείονα.
2080 2350 2178 2401 Ἢν
2229 2342 2274 2400 δ’
2321 2343 2382 2400 ἅν
2431 2345 2519 2400 καὶ
2580 2345 2737 2407 οὗτος
2794 2343 2882 2400 ἐπὶ
2943 2346 3147 2422 μακρὸν
3206 2346 3494 2420 ἀμήχανον
3550 2341 3855 2418 Ῥωμαίοις

440 2430 628 2501 κακὸν,
689 2430 734 2486 εἰ
794 2432 872 2504 μή
933 2430 1062 2493 Θεὸς
1119 2436 1388 2496 κανταῦθα
1445 2432 1627 2509 φανεὶς
1694 2434 2020 2510 καινουργὸς
2091 2436 2159 2488 τὰ
2241 2433 2529 2506 Ῥωμαίων
2592 2431 2817 2509 ᾤκτειρε
2893 2435 3208 2510 πράγματα·
3276 2435 3339 2488 τὸ
3415 2431 3520 2509 γὰρ
3585 2435 3850 2510 φρούριον

445 2523 624 2578 εἰσιὼν
650 2521 679 2576 6
710 2523 991 2598 Τζούγγρα
1020 2522 1466 2596 κατονομάζεται,
1497 2525 1686 2585 νυκτὸς
1719 2522 2114 2598 ἀποσφάττεται
2147 2527 2394 2599 μαχαίρᾳ
2445 2525 2589 2599 παρᾶ
2633 2546 2800 2587 τινος.
2843 2524 3000 2582 Οὕτω
3051 2525 3146 2598 μὲν
3187 2525 3277 2578 οὑν
3328 2525 3417 2578 καὶ
3467 2522 3628 2587 οὗτος
3675 2525 3848 2603 ἠφαν-

439 2629 630 2683 τωται,
661 2612 797 2666 κατὰ
826 2611 996 2686 τάχος
1027 2609 1302 2684 ἀστραπῆς
1337 2609 1540 2684 διαὶξας
1571 2611 1662 2666 καὶ
1693 2610 1859 2666 πάλιν
1890 2607 2218 2690 ἂποκρυϐεἱς
2267 2611 2301 2682 ἤ
2355 2617 2486 2687 γοῦν
2536 2611 2610 2674 ὠς
2667 2613 2726 2668 ἐκ
2769 2612 3021 2669 Κιλικίου
3071 2613 3353 2687 Κωρυκίου
3402 2617 3618 2684 πνεῦμα
3674 2613 3845 2688 βίαιον

433 2697 776 2763 διεκπνεύσας
805 2701 895 2756 καὶ
925 2701 1086 2776 μέρος
1112 2710 1212 2772 τῆς
1247 2703 1350 2757 ὑπὸ
1399 2703 1705 2776 Ῥωμαίους
1757 2701 2106 2773 διακυκήσας,
2161 2704 2292 2776 μετὰ
2346 2705 2524 2779 βραχὺ
2575 2701 2949 2780 διεκιρυσηϐεὶς
2993 2703 3258 2759 ἐπαύσατο
3307 2711 3408 2773 τῆς
3455 2701 3838 2784 σφοδρότητος.

501 2797 621 2847 Hoc
657 2792 878 2849 malum
911 2809 942 2849 e
971 2794 1212 2864 vestigio
1243 2794 1402 2850 aliud
1450 2795 1772 2865 pessimum
1828 2800 1919 2850 est
1952 2811 2088 2850 con-

433 2885 738 2948 secutum;
789 2885 845 2936 et
897 2898 1031 2938 cum
1091 2883 1240 2938 611
1305 2883 1601 2939 exaruisse
1657 2883 1849 2939 visum
1906 2886 2081 2950 esset,

431 2969 622 3025 instar
651 2969 900 3026 letbiferi
957 2971 1170 3027 aconiti
1217 2972 1498 3027 reﬂoruit.
1559 2972 1703 3028 Nam
1746 2972 2080 3028 Comnenus

2270 2793 2392 2848 Ἐπὶ
2472 2791 2528 2848 δὲ
2602 2799 2683 2866 τῷ
2758 2797 2912 2865 κακῷ
2985 2796 3164 2868 τούτῳ
3236 2795 3382 2866 παρὰ
3457 2793 3630 2856 πόδας
3667 2792 3832 2868 ἕτερον

2198 2880 2556 2958 ἐπεισέφρησε
2587 2883 2882 2957 χείριστον,
2941 2880 2976 2952 ἤ
3012 2881 3226 2956 μᾶλλον
3266 2880 3423 2953 δόξαν
3471 2884 3611 2958 πρὸς
3651 2884 3832 2957 καιρὸν

2195 2970 2522 3047 ὑποῤῥεῦσαι
2581 2970 2748 3026 πάλιν
2809 2966 3104 3027 ἁνέϐλαστε
3160 2971 3294 3026 κατὰ
3353 2972 3578 3026 κώνειον
3647 2985 3840 3046 φθορο-

433 3059 712 3123 Isaacius,
741 3075 774 3113 a
800 3075 916 3131 quo
944 3065 1232 3115 vastatam
1275 3076 1404 3115 esse
1452 3063 1700 3132 Cyprum
1750 3076 1930 3131 supra
1964 3076 2070 3116 me-

2190 3060 2369 3130 ποιὸν,
2402 3061 2429 3114 6
2463 3062 2742 3134 Κομνηνὸς
2774 3062 2928 3123 οὗτος
2965 3061 3251 3132 Ἰσαάκιος,
3283 3061 3342 3126 ὃς
3378 3059 3431 3116 ἐν
3470 3067 3589 3123 τοῖς
3634 3058 3844 3134 ἔμπου-

431 3147 810 3210 moravimus,
843 3151 1050 3218 captus
1081 3147 1313 3218 quidem
1361 3149 1471 3204 fuit
1519 3166 1552 3204 a
1578 3165 1713 3220 rege
1760 3149 1986 3220 Anglia
2017 3148 2077 3205 in

437 3233 808 3289 Palaestinam
842 3235 1172 3306 navigante,
1207 3242 1262 3291 et
1293 3253 1397 3308 pro
1427 3237 1743 3294 verberone
1774 3254 1937 3293 servo
1961 3238 2080 3293 cui-

431 3321 568 3377 dam
619 3322 883 3394 populari
915 3323 1043 3394 ejus
1087 3324 1361 3391 donatus,
1417 3327 1575 3382 fama
1627 3326 1843 3398 ubique
1873 3343 2080 3398 sparsa

431 3409 652 3464 malum
686 3409 980 3465 hominem
1014 3409 1166 3466 male
1226 3411 1491 3482 periisse.
1524 3411 1636 3467 Sed
1664 3417 1727 3467 ut
1758 3428 1849 3468 res
1878 3419 2078 3484 postea

431 3497 764 3564 declaravit,
797 3497 923 3554 sola
950 3499 1102 3556 fama
1154 3504 1422 3556 mortuus
1466 3499 1696 3566 revixit,
1744 3505 1802 3557 et
1830 3501 2075 3558 vinculis

431 3589 490 3642 et
517 3601 745 3643 carcere
776 3588 953 3660 (quod
989 3589 1212 3644 utinam
1256 3589 1468 3644 factum
1513 3605 1624 3644 non
1657 3591 1832 3661 esset)
1863 3588 2075 3646 libera-

428 3679 525 3732 tus
575 3675 883 3747 pristinam
941 3676 1162 3749 imperii
1219 3678 1599 3748 cupiditatem
1658 3686 1910 3734 renovat.
1967 3680 2070 3743 Qui

428 3778 560 3818 cum
590 3765 982 3837 imperatricis
1013 3765 1406 3837 Euphrosynaa
1427 3765 1710 3836 impulsu,
1744 3783 1918 3839 quam
1948 3785 2075 3840 pro-

425 3851 644 3925 pinqua
675 3857 1020 3925 cognatione
1053 3854 1623 3926 attingebat,crebris
1650 3857 1830 3910 Alexii
1865 3856 2074 3914 litteris

426 3946 812 4008 revocaretur,
847 3942 1005 3997 illam
1057 3943 1453 3999 conditionem
1505 3961 1636 3999 cum
1671 3945 2073 4016 indignatione

422 4049 666 4104 prorsus
699 4033 1029 4103 respuebat,
1063 4049 1124 4088 se
1177 4033 1487 4106 imperare,
1541 4051 1652 4090 non
1685 4051 1884 4106 parere
1915 4037 2070 4092 didi-

419 4121 594 4188 cisse,
618 4125 676 4175 et
706 4121 938 4188 ducem,
973 4137 1087 4176 non
1139 4121 1391 4177 militem
1442 4139 1615 4194 agere
1657 4125 1883 4179 novisse
1909 4127 2069 4180 affir-

420 4223 616 4264 mans.
651 4208 901 4263 Proinde
933 4209 1265 4280 frequentes
1295 4211 1520 4266 litteras
1553 4213 1622 4266 ad
1659 4211 1902 4268 Asianos
1937 4233 2070 4286 pro-

421 4313 581 4352 ceres
631 4297 828 4365 mittit,
867 4314 994 4368 qua
1045 4298 1191 4353 nihil
1241 4315 1352 4354 non
1412 4300 1657 4356 vetitum
1718 4303 2065 4369 suadebant,

2185 3150 2300 3204 σθεν
2339 3145 2581 3225 βιϐλίοις
2611 3149 2801 3225 ἐρῥέοη
2844 3171 2936 3223 μοι
2968 3149 3052 3205 ὅτι
3101 3149 3368 3226 ἐγκρατής
3419 3153 3532 3224 ἅμα
3580 3149 3670 3205 καὶ
3727 3151 3844 3206 ὀλε-

2180 3241 2286 3313 τήρ
2337 3246 2439 3308 τῆς
2495 3244 2604 3294 τῶν
2652 3239 2905 3314 Κυπρίων
2963 3241 3132 3310 νήσου
3190 3239 3482 3316 γενόμενος
3538 3239 3690 3294 ἒαλω
3753 3239 3840 3314 μὲν

2182 3328 2318 3403 πρὸς
2349 3333 2446 3383 τοῦ
2493 3327 2662 3403 ῥηγὸς
2715 3327 3005 3406 Ἰγγλινίας
3053 3327 3106 3391 ἐς
3153 3325 3522 3397 Παλαιστίνην
3587 3330 3841 3408 ἆφικνου.

2185 3417 2348 3490 μένου
2401 3415 2742 3489 διαποντίου,
2810 3418 2900 3472 καὶ
2968 3418 3044 3480 ὡς
3111 3414 3306 3478 δοῦλος
3374 3418 3666 3492 μαστιγίας
3733 3418 3833 3474 τινὶ

2178 3510 2285 3561 τῶν
2337 3505 2634 3584 ὁμοφύλων
2685 3505 2868 3580 ἐκείνῳ
2918 3504 3340 3581 ἆποκεχάριστο.
3394 3506 3497 3562 Καὶ
3558 3508 3626 3576 ἦν
3675 3509 3835 3562 ἁπαν.

2177 3605 2324 3676 ταχῇ
2389 3595 2712 3671 διαδόσιμος
2771 3598 2845 3660 ὡς
2904 3596 3232 3672 κατέστρεψε
3318 3599 3409 3652 τὸν
3473 3599 3592 3674 βίον
3653 3604 3834 3662 κακῶς

2180 3686 2208 3740 6
2265 3686 2454 3748 κακός·
2517 3688 2676 3763 φήμῃ
2739 3684 2808 3756 δ’,
2889 3689 2963 3749 ὡς
3038 3684 3302 3742 δέδεικται
3371 3687 3617 3762 ὕστερον,
3696 3689 3833 3763 μόνῃ

2177 3771 2440 3838 ἀποϐιοὺς
2486 3775 2574 3830 καὶ
2608 3773 2820 3848 δεσμῶν
2873 3774 3211 3852 ἀπαλλαγεὶς
3267 3775 3355 3830 καὶ
3406 3781 3646 3853 φρουρᾶς
3694 3776 3832 3833 ἀπο-

2181 3862 2329 3919 λνθ-“
2435 3865 2492 3898 ⁸-
2601 3867 2614 3884 ‘
2692 3860 2829 3919 "~)t
2970 3865 2984 3882 ‘
3159 3861 3191 3918 λ
3262 3864 3276 3882 ‘
3382 3865 3396 3882 ’
3478 3863 3578 3919 θ’λ
3776 3873 3802 3883 ”

2225 3887 2248 3916 .›
2286 3886 2386 3930 εις,
2419 3887 2491 3925 ως
2548 3887 2622 3935 μη
2679 3885 2792 3942 ωερε
2837 3884 2882 3934 ε,
2929 3885 3023 3919 τον
3079 3885 3155 3919 πα
3199 3885 3314 3919 αιον
3372 3885 3474 3919 ανα
3512 3887 3542 3919 α
3585 3885 3674 3919 πει
3734 3887 3832 3935 της

2176 3951 2491 4025 τυραννίδος
2553 3951 2746 4028 ἔρωτα.
2811 3952 3158 4013 Ἀνεκαλεῖτο
3220 3957 3316 4026 μὲν
3376 3952 3468 4008 οὗν
3540 3956 3671 4027 πρὸς
3726 3959 3826 4009 τοῦ

2179 4041 2447 4115 βασιλέως
2497 4041 2744 4116 Ἀλεξίου
2793 4039 2881 4097 διὰ
2928 4043 3266 4119 γραμμάτων
3320 4047 3556 4118 συχνῶν,
3599 4040 3823 4116 ἐναγού-

2177 4151 2276 4202 σης
2303 4131 2459 4186 αὐτὸν
2493 4131 2570 4194 εἰς
2639 4137 2800 4187 τοῦτο
2856 4139 2956 4201 τῆς
3017 4129 3302 4193 βασιλίδος
3360 4132 3709 4210 Εὐφροσύνης
3773 4129 3822 4188 δ’

2175 4218 2241 4290 ἤν
2272 4220 2334 4275 ἓκ
2378 4221 2682 4296 συγγενείας
2741 4220 3006 4296 ἐγγύτητα
3054 4223 3203 4296 εἶχεν
3248 4222 3383 4292 αὕτη
3446 4222 3582 4296 πρὸς
3647 4222 3823 4278 Ἰσαά-

2175 4329 2312 4365 κιον.
2345 4312 2406 4367 Ὀ
2439 4306 2495 4364 δὲ
2546 4307 2900 4365 ἀπεδυσπέτει
2951 4309 3043 4364 καὶ
3099 4310 3237 4385 πρὸς
3297 4310 3470 4382 μόνης
3528 4310 3820 4384 ἠγανάκτει

418 4385 567 4441 nihil
603 4403 717 4442 non
750 4386 1142 4457 a'majoribus
1191 4387 1527 4444 institutum
1573 4389 1878 4461 abrogant,
1913 4391 2058 4446 nihil

2181 4403 2278 4452 τῶν
2333 4398 2805 4472 ἐπιστελλομένων
2866 4397 3153 4474 ἐνήχησιν,
3207 4397 3533 4475 βασιλευειν,
3607 4398 3668 4454 οὗ
3719 4402 3822 4474 μήν

413 4492 528 4532 non
561 4476 1099 4546 obtemperantibus
1151 4477 1586 4548 promittebant,
1639 4477 1688 4534 si
1737 4495 1854 4550 quo
1887 4479 2058 4536 modo

410 4563 643 4636 imperii
675 4566 912 4622 titulum
946 4571 1426 4636 consequeretur.
1479 4566 1694 4622 Verum
1731 4575 1788 4623 ut
1818 4567 1957 4624 olim
1991 4585 2058 4625 ea

409 4655 745 4712 sectabatur
775 4671 906 4726 quis
932 4653 1168 4726 assequi
1200 4671 1316 4710 non
1375 4659 1620 4727 poterat,
1653 4660 1708 4712 et
1739 4673 1805 4712 ea
1838 4658 2057 4714 frustra

409 4744 761 4800 moliebatur
791 4761 918 4816 quae
959 4745 1017 4799 in
1067 4744 1202 4800 fatis
1234 4760 1348 4800 non
1397 4751 1583 4814 erant,
1614 4745 1695 4801 ita
1724 4751 1845 4802 tum
1877 4747 2052 4803 etiam

405 4831 600 4888 irritos
629 4839 874 4890 conatus
905 4835 1034 4904 ejus
1065 4837 1308 4888 eventus
1339 4833 1494 4890 612
1525 4835 1803 4906 coarguit.
1857 4839 2052 4908 Neque

405 4921 559 4975 enim
593 4922 766 4976 Persa
798 4923 1108 4993 postulatis
1138 4925 1268 4995 ejus
1291 4923 1499 4980 annuit
1528 4923 1822 4996 (cupiebat
1854 4933 2050 4982 autem

402 5023 537 5064 eum
573 5007 852 5064 Romanis
899 5010 1118 5066 bellum
1170 5014 1515 5068 inferentem
1581 5029 1714 5068 cum
1772 5015 2051 5072 omnibus

401 5097 587 5168 copiis
618 5097 744 5151 suis
775 5099 962 5168 sequi,
995 5105 1050 5154 et
1081 5101 1208 5171 ejus
1231 5103 1422 5172 jussis
1453 5102 1732 5158 omnibus
1754 5105 2050 5176 obtempe-

401 5183 772 5255 rare),neque
801 5187 1115 5256 quisquam
1147 5205 1347 5245 eorum
1379 5191 1447 5245 ad
1481 5207 1629 5262 quos
1657 5191 1803 5246 clam
1827 5194 2046 5250 scribe-

401 5273 502 5329 bat
533 5273 818 5344 benignas
847 5289 1019 5329 aures
1048 5276 1098 5329 ei
1132 5277 1395 5348 praebuit.
1429 5278 1569 5342 Quis
1600 5281 1755 5336 enim
1790 5282 2044 5339 belluam

399 5359 836 5434 sanguinariam
873 5361 1042 5433 paulo
1092 5369 1220 5434 post
1269 5365 1327 5420 in
1380 5367 1585 5422 faciem
1621 5368 1956 5427 invasuram
1988 5378 2046 5428 et

397 5451 786 5507 laceraturam
835 5454 1352 5522 sequeretur?aut
1421 5471 1552 5510 cum
1593 5464 1874 5514 venenato
1921 5478 2042 5517 ser-

397 5545 571 5614 pente
599 5539 924 5596 amicitiam.
967 5541 1368 5613 constitueret,
1402 5545 1526 5613 qui,
1573 5545 1694 5602 sive
1725 5547 2040 5621 amplecte-

395 5646 542 5701 rere,
579 5628 790 5686 lethale
821 5629 978 5686 virus
1029 5637 1338 5700 evomeret,
1391 5633 1510 5688 sive
1557 5632 1616 5688 in
1651 5634 1782 5690 sinu
1818 5638 2038 5698 foveres

2173 4486 2548 4562 βασιλεύεσθαι
2588 4487 2762 4563 λὲγων
2815 4485 3033 4555 είδέναι,
3099 4488 3190 4542 καὶ
3247 4485 3440 4543 ἄλλων
3499 4488 3816 4564 ἐξηγεῖσθαι,

2168 4575 2362 4652 ἢγοῦν
2421 4575 2624 4653 ἐτὲροις
2682 4575 2977 4633 πείθεσθαι.
3037 4577 3227 4652 Συχνᾶ
3280 4577 3462 4632 τοίνυν
3526 4577 3813 4654 γράμματα

2167 4665 2422 4720 συνετίθει
2471 4665 2606 4739 πρὸς
2663 4667 2790 4728 τοὺς
2840 4671 2942 4735 τῆς
2997 4663 3302 4726 Ἀσιάτιδος
3357 4673 3460 4742 γῆς
3517 4666 3804 4741 πρωτεύον-

2163 4775 2283 4824 τας,
2333 4756 2386 4810 τί
2432 4755 2526 4827 μὶν
2569 4758 2676 4809 τῶν
2731 4751 3112 4830 ἀπειρημένων
3173 4753 3270 4810 οὐκ
3323 4754 3704 4831 είσηγούμενα,
3750 4752 3794 4807 τί

2165 4839 2222 4896 δέ
2263 4846 2367 4896 τῶν
2405 4843 2757 4898 καθεστώτων
2811 4841 2942 4916 οὐχὶ
2996 4847 3266 4911 κινοῦντα,
3321 4843 3409 4897 καὶ
3470 4843 3648 4898 πάντα
3701 4844 3802 4901 τοῖς

2161 4932 2511 5005 πειθομένοις
2547 4927 2905 5007 βραϐεύοντα,
2972 4931 3020 4986 εἲ
3070 4952 3188 4994 πως
3235 4935 3332 4986 τοῦ
3379 4937 3480 5001 τῆς
3542 4930 3807 5009 βασιλείας

2161 5017 2431 5092 ὀνόματος
2486 5019 2836 5094 ἐπιτεύξεται.
2917 5019 3092 5078 Ἀλλὰ
3170 5021 3264 5075 καὶ
3348 5023 3542 5095 πρώην
3601 5018 3807 5075 διώκων

2159 5108 2226 5178 ἦν
2255 5108 2322 5164 τὰ
2351 5109 2610 5184 ἀκίχητα,
2669 5109 2757 5164 καὶ
2807 5109 2840 5163 ἃ
2894 5111 2968 5182 μὴ
3021 5110 3148 5171 Θεὸς
3200 5104 3584 5184 βεϐούλευται,
3635 5107 3808 5164 διακε-

2159 5203 2259 5266 νῆς
2295 5199 2719 5274 μηχανώμενος·
2755 5198 2846 5252 καὶ
2877 5199 3001 5252 τότε
3054 5199 3264 5271 ὁμοίως
3313 5196 3588 5276 ⁴ἠλέγχετο
3639 5197 3807 5272 μάτην

2160 5283 2599 5365 διατεχνώμενος
2656 5287 2722 5342 τὰ
2779 5289 3032 5358 ἂνήνυτα.
3089 5285 3226 5344 Οὔτε
3283 5287 3383 5362 γὰρ
3443 5287 3592 5360 αὐτῷ
3642 5305 3808 5362 προσ-

2160 5375 2315 5450 ἑσχεν
2348 5378 2376 5430 6
2407 5379 2616 5451 Πέρσης
2675 5374 2855 5449 ὥσπερ
2917 5376 3160 5452 ἱμείρετο
3221 5374 3498 5452 (ἐγλίχετο
3557 5373 3624 5444 δή
3697 5375 3809 5448 μεθ’

2156 5463 2294 5536 ’ὀλης
2339 5472 2442 5534 τῆς
2492 5465 2694 5527 οἶκείας
2736 5465 2928 5540 ἰσχύος
2973 5461 3190 5520 ἕπεσθαί
3241 5466 3293 5520 οἱ
3343 5466 3477 5521 κατᾶ
3523 5465 3806 5538 Ῥωμαίων

2155 5555 2521 5631 στρατεύοντι,
2573 5555 2663 5609 καὶ
2718 5556 2874 5610 πάνθ’
2927 5555 3099 5609 ὁπόσα
3157 5551 3460 5611 ἐπιτάττειν
3513 5550 3634 5630 ἔχει
3693 5573 3806 5609 ποι·

2153 5646 2280 5722 εῖν),
2315 5641 2438 5700 οὔτε
2483 5646 2564 5706 οἷς
2616 5643 2908 5702 ἐπέστελλε
2951 5639 3194 5720 κρύϐδην
3251 5644 3342 5708 οὓς
3395 5665 3479 5708 τις
3538 5643 3802 5721 ὑπέσχετο
