4098 6292
271 398 394 460 837
1199 399 1300 459 DE
1347 396 1632 460 ALEXIO
1680 396 1970 461 ISAACII
2016 395 2311 457 ANGELI
2355 397 2482 457 FB.
2533 397 2672 457 LIB.
2723 400 2772 459 Ι.
3566 407 3684 467 838

271 529 537 598 εὕεικτον,
601 526 751 582 ἀλλὰ
808 529 1002 590 πάντες
1057 528 1132 591 ὡς
1191 526 1412 591 ἀσπίδες
1491 530 1578 591 οἷς
1637 526 1805 601 ἐπῇδε
1833 528 1928 590 τὰς

2052 528 2346 600 pestiferos
2378 529 2581 586 dentes
2613 530 2877 602 inﬁgeret
2899 530 2924 586 ?
2946 531 3254 590 Enimvero
3286 540 3336 590 el
3362 535 3455 591 hic
3506 539 3685 609 paulo

270 620 437 681 ἀκοὰς
470 617 817 695 ἑπὲφραττον.
852 618 947 679 Τίς
998 619 1102 693 γὰρ
1156 614 1218 671 ἄν
1269 619 1448 691 θηρίῳ
1509 617 1924 689 κατηκολούθη-

2052 623 2171 688 post
2202 624 2467 674 mortuus
2495 620 2565 674 ad
2590 623 2828 676 caeteros
2862 625 3141 692 tyrannos
3170 622 3272 679 Dei
3308 629 3448 681 nutu
3484 627 3684 684 subla-

277 730 365 765 σεν
394 703 701 783 αἱμοϐόρῳ,
738 707 856 779 μετ’
885 706 947 761 οὐ
980 705 1130 762 πολὺ
1170 713 1289 769 ταῖς
1322 705 1508 782 ὄψεσιν
1548 706 1926 783 ἐμπηδήσοντί

2052 724 2126 763 μοε
2149 707 2313 774 abiit,
2345 707 2687 765 mirabiliter
2708 709 2971 780 quidem,
3000 712 3100 765 sed
3135 728 3249 768 non
3296 713 3422 771 sine
3462 717 3685 774 instru-

274 819 337 854 τε
379 798 468 853 καὶ
535 798 927 870 ἀναιρήσοντι;
978 794 1014 865 ἠ¹
1068 799 1183 869 μετ’
1233 793 1408 876 ὄφεως
1458 792 1685 852 ίοϐόλου
1739 795 1926 875 φιλίαν

2052 797 2251 852 mentis
2283 796 2531 853 salutem
2567 798 2771 854 afferre
2793 798 2970 854 soliti.
3004 802 3313 858 Ferebatur
3340 809 3531 860 autem
3570 825 3683 863 non

269 885 544 956 συνέθετο,
570 885 666 953 κᾶν
724 885 1133 962 προσπλέκοιτό
1182 906 1263 947 τις
1313 885 1482 958 αὐτῷ,
1531 887 1623 942 τὸν
1683 888 1765 941 ἰὸν
1817 886 1925 956 ἐξε-

2052 885 2383 942 ῖιιιῐιιτειίιειι
2402 889 2499 942 sed
2534 904 2750 943 veneno
2793 905 2893 960 per
2933 889 3268 960 pincernam
3305 895 3536 966 magnis
3566 895 3681 952 lar-

272 979 511 1048 μοῦιτος
546 977 863 1048 θανάσιμον,
897 972 992 1030 κᾶν
1019 975 1070 1029 ἐν
1102 974 1298 1048 κόλπῳ
1358 973 1656 1050 διαθάλπῃ,
1706 974 1930 1050 ὀλέθρια

2052 974 2356 1046 ςίιίοηίὺυε
2386 976 2455 1031 ab
2498 977 2625 1048 ipso
2681 976 3029 1049 imperatore
3077 987 3419 1054 corruptum
3480 987 3676 1058 propi-

274 1063 566 1127 δάκνοντος
594 1084 608 1134 ;
643 1064 794 1134 Πλὴν
828 1061 973 1120 ἀλλὰ
1003 1064 1095 1119 καὶ
1126 1065 1287 1128 οὗτος
1318 1066 1457 1121 κατά
1486 1066 1627 1119 θεῖον
1681 1062 1929 1139 ἐξέῤῥηξε

2052 1071 2178 1122 nato
2206 1067 2523 1124 interiisse.

280 1157 418 1230 μετὰ
453 1155 635 1231 βραχὺ
664 1156 727 1211 τὸ
758 1152 1016 1231 ψυχίδιον
1063 1156 1151 1211 καὶ
1203 1162 1321 1216 τοῖς
1382 1154 1600 1217 λοιποῖς
1649 1153 1946 1230 προσετέθη
1995 1154 2277 1230 τυράννοις
2328 1155 2417 1219 οὕς
2466 1158 2589 1232 χεὶρ
2638 1158 2841 1232 Κυρίου
2894 1159 3147 1233 ἠφάνισε,
3197 1161 3293 1215 κᾶν
3345 1162 3448 1218 οὐκ
3501 1162 3688 1229 εἷ’ωθεν

279 1247 501 1319 ἀμέσως
554 1251 730 1301 ποιεῖν
783 1246 815 1301 ἅ
852 1250 1139 1301 καινοποεῖ
1200 1243 1476 1308 πολλάκις
1526 1247 1795 1321 σωτήρια.
1849 1240 2044 1313 ’ᾘδετο
2094 1242 2152 1299 δὲ
2213 1242 2355 1318 μηδὲ
2414 1252 2627 1326 φυσικῷ
2684 1250 2892 1321 θανάτῳ
2946 1247 3184 1323 δαμῆναι
3242 1252 3333 1307 τὸν
3388 1252 3682 1327 ἀλιτήριον

275 1333 427 1391 ἄλλά
469 1335 742 1412 φαρμάκῳ
803 1336 885 1407 [Ρ.
947 1337 1074 1407 299]
1131 1332 1481 1390 ἀπολωλέναι
1539 1333 2031 1411 κυλικοφορηθέντι
2088 1334 2236 1410 παρά
2291 1356 2433 1397 τινος
2492 1336 2752 1413 μεγάλοις
2814 1336 3012 1413 δώροις
3064 1338 3488 1414 ἐπιρῥωσθὲντος
3548 1345 3687 1419 πρὸς

275 1423 507 1499 τοῦργον
542 1424 646 1479 ὑπὸ
677 1427 772 1478 τοῦ
807 1422 1076 1499 βασιλέως
1109 1425 1296 1481 αὐτοῦ.

351 1511 414 1571 δ’.
450 1514 570 1569 Ἐπὶ
604 1517 735 1568 πᾶσι
766 1511 811 1567 δ’
844 1513 926 1576 οἷς
959 1512 1204 1586 Ἀλέξιος
1230 1512 1551 1589 ἐπειράσατο
1582 1512 1926 1590 βασιλεύσας,

2110 1515 2162 1571 4.
2197 1517 2473 1572 Caeterum
2497 1517 2736 1573 Alexius
2762 1518 3263 1592 potitusimperio,
3286 1522 3679 1580 missisadPe-

280 1600 335 1657 εἷ’
379 1623 498 1664 πως
558 1603 837 1657 σπείσαιτο
899 1600 1168 1677 Βλάχοις,
1227 1603 1318 1657 καὶ
1365 1598 1617 1679 πρέσϐεις
1674 1603 1930 1678 πέπομφε

2052 1619 2195 1658 :rum
2226 1609 2283 1659 et
2314 1605 2559 1661 Asanem
2590 1605 2822 1677 legatis,
2849 1622 3052 1677 pacem
3084 1624 3216 1664 eum
3239 1608 3471 1666 Blaebis
3495 1611 3681 1668 facere

284 1693 424 1766 πρὸς
455 1691 547 1745 τὸν
608 1692 812 1766 Πέτρον
873 1689 961 1745 καί
1017 1692 1109 1747 τὸν
1170 1692 1357 1751 Ἀσάν.
1409 1689 1667 1767 Ἐπέράνε
1715 1689 1761 1745 δ’
1821 1687 1936 1746 οὐδ’

2052 1692 2292 1747 studuit.
2327 1693 2437 1749 Sed
2462 1675 2677 1749 frustra
2708 1693 2756 1749 is
2786 1675 3034 1752 conatus
3063 1696 3171 1752 fuit
3192 1697 3265 1752 ob
3297 1700 3618 1770 superbum
3637 1705 3697 1757 et

275 1779 429 1844 ὅλως
456 1782 555 1850 τὴν
586 1781 808 1854 εἰρήνην
854 1780 947 1835 καὶ
993 1781 1089 1842 τὰς
1143 1777 1395 1848 σπονδάςς
1429 1782 1522 1835 οἶα
1566 1784 1675 1835 τῶν
1727 1777 1938 1851 ἀνδρῶν

273 1870 491 1924 τούτων
561 1868 896 1945 ὑπερόγκους
974 1868 1068 1930 τὰς
1169 1868 1488 1944 ἀποκρίσεις
1547 1867 1936 1941 ποιησαμένων

278 1958 502 2012 κάκεῖνα
576 1957 962 2030 προσθεμένων
1038 1957 1172 2032 ὑπὲρ
1247 1957 1469 2032 εἰρήνης
1543 1958 1577 2012 ὀί
1640 1955 1938 2029 Ῥωμαίοις

278 2045 522 2103 ἀδύνατά
576 2067 634 2100 τε
690 2045 781 2101 καὶ
840 2046 1008 2119 ἃτιμα
1076 2044 1343 2116 δήπουθεν
1406 2050 1496 2116 ἦν.
1568 2045 1791 2119 Ἀμέλει
1855 2067 1940 2101 τοι

282 2140 384 2192 τοῦ
420 2133 690 2211 βασιλέως
721 2136 859 2191 κατά
886 2139 984 2203 τὴν
1014 2132 1088 2189 ἕω
1122 2130 1494 2211 διατρίϐοντος
1524 2131 1942 2210 προσϐάλλουσι

289 2230 411 2287 τοῖς
441 2224 567 2301 περὶ
614 2225 711 2286 τὰς
753 2220 960 2300 Σέῥρας
1016 2223 1411 2299 Βουλγαρικοῖς
1464 2224 1681 2297 θὲμασι,
1735 2225 1825 2279 καὶ
1880 2225 1941 2279 τὸ

291 2314 654 2386 αὐλιζόμενον
716 2310 885 2368 ἐκεῖσε
940 2313 1244 2385 Ῥωμαϊκὸν
1306 2314 1584 2388 σύνταγμα
1647 2312 1944 2382 ἡττηκότες

289 2401 500 2464 ἀλλους
529 2423 589 2456 τε
630 2400 918 2465 πλείστους
972 2406 1151 2464 κακῶς
1200 2400 1537 2476 εἴργάσαντο,
1586 2402 1675 2457 καὶ
1730 2399 1796 2471 δὴ
1850 2402 1942 2457 καὶ

288 2498 455 2552 αὐτὸν
534 2494 683 2550 εἷλον
760 2495 989 2569 ζωγρίαν
1065 2495 1158 2549 τὸν
1234 2494 1526 2564 Ἀσπιὲτην
1572 2492 1841 2566 ’Λλέξιον,
1882 2493 1940 2556 ὅς

291 2589 559 2661 ἀρχηγεῖν
597 2584 901 2657 Ῥωμαίοις
956 2578 1373 2656 προύϐἑϐλητο.
1432 2586 1701 2658 Κρατοῦσι
1757 2581 1814 2637 δὲ
1851 2584 1942 2638 καὶ

289 2674 517 2732 πολλῶν
551 2672 611 2728 ἔκ
640 2678 747 2729 τῶν
795 2672 963 2727 ἐκεῖθι
1016 2673 1313 2750 φρουρίων,
1368 2674 1456 2727 καὶ
1519 2671 1655 2727 αὐτά
1711 2672 1807 2745 μὲν
1863 2671 1941 2734 εἷς

292 2766 359 2821 τὸ
398 2762 683 2839 ἐπικρατὲς
732 2760 1126 2839 ἠσφαλίσαντο,
1178 2760 1331 2815 αὐτοὶ
1363 2759 1409 2815 δ’
1439 2758 1710 2830 ἔπανῆκον
1761 2758 1945 2815 οῗόιαδε

295 2852 448 2910 λείαν
483 2852 819 2923 ἐληλακότες
849 2849 909 2905 οὐ
942 2851 1279 2924 σταθμητήν.
1321 2848 1585 2911 Βασιλεὺς
1616 2847 1675 2904 δὲ
1727 2850 1802 2922 μή
1850 2849 1938 2904 καὶ

304 2941 589 3014 μετέπειτα
632 2942 880 2996 τοιοῦτόν
927 2961 978 2995 τι
1039 2938 1401 3013 διαπραχθείη
1454 2937 1938 3012 προμηθούμενος,

2050 1780 2206 1837 ferox
2236 1781 2624 1839 Barbarorum
2659 1799 3005 1854 responsum
3037 1789 3095 1840 et
3151 1785 3518 1843 conditiones
3584 1791 3690 1844 Ro-

2051 1869 2616 1941 manisjnhonestas
2644 1876 2702 1927 et
2723 1871 3140 1931 intolerabiles.
3188 1880 3336 1930 Dum
3361 1879 3554 1932 autem
3592 1877 3698 1933 im-

2050 1959 2348 2030 peratorin
2380 1961 2613 2016 Oriente
2644 1966 2933 2031 versatur,
2968 1962 3025 2017 in
3071 1963 3450 2036 Bulgaricum
3484 1982 3691 2037 agrum

2041 2048 2796 2118 juxtaSerrasinoursione
2851 2051 3023 2121 facta,
3082 2052 3348 2126 victaque
3397 2056 3550 2111 613
3606 2055 3691 2112 le-

2048 2137 2220 2208 gione
2239 2138 2519 2204 Romana,
2553 2143 2677 2194 tum
2721 2138 2865 2196 alios
2932 2140 3220 2211 plurimos
3281 2142 3428 2199 male
3476 2149 3691 2200 tracta-

2050 2230 2206 2295 runt,
2232 2230 2361 2282 tum
2392 2226 2585 2298 ipsum
2621 2227 2839 2284 Ducam
2871 2228 3137 2285 Alexium
3195 2231 3488 2303 Aspietem
3522 2248 3692 2304 cepe-

2050 2319 2208 2382 runt,
2268 2314 2566 2387 multaque
2640 2316 2884 2374 castella
2965 2329 3410 2390 expugnarunt;
3476 2321 3694 2392 quibus

2049 2403 2300 2459 firmatis
2330 2420 2458 2460 cum
2494 2404 2909 2461 innumerabili
2960 2409 3150 2478 praeda
3219 2408 3459 2464 domum
3509 2410 3697 2466 redie-

2052 2500 2203 2547 runt.
2238 2494 2556 2563 Imperator
2584 2510 2718 2550 vero
2752 2499 3064 2550 utcaveret
3094 2512 3165 2551 ne
3188 2497 3328 2567 quid
3385 2497 3578 2554 simile
3634 2499 3692 2554 in

2050 2585 2342 2653 posterum
2407 2582 2717 2653 accideret,
2802 2583 3091 2640 Isaacium
3167 2585 3693 2642 sebastocratorem

2050 2686 2330 2742 generum
2365 2687 2538 2726 suum
2560 2687 2695 2727 cum
2736 2670 2916 2741 justis
2948 2671 3131 2743 cepiis
3190 2672 3438 2744 ablegat.
3473 2676 3596 2739 Qua
3623 2676 3694 2730 de

2050 2775 2375 2816 causacum
2390 2758 2587 2814 Blacbi
2602 2760 3381 2831 aquibusdammonerentur
3397 2778 3467 2818 ne
3481 2765 3695 2818 temere

2048 2852 2108 2905 et
2127 2847 2562 2904 conﬁdenterin
2594 2848 2888 2905 Romanos
2910 2847 3223 2917 irruerent,
3259 2850 3360 2905 sed
3422 2849 3694 2907 militaris

2049 2937 2226 2994 etiam
2256 2935 2502 2992 solertiae
2545 2940 2602 2992 et
2618 2937 2735 2992 doli
2769 2936 3176 2993 meminissent
3218 2937 3376 3007 (nam
3412 2938 3614 2994 audire
3634 2955 3697 2995 se

305 3032 425 3104 μεθ’
454 3032 637 3100 ἱκανῆς
690 3029 956 3104 ἐξέπεμψε
1010 3033 1260 3104 στρατιᾶς
1308 3029 1400 3083 τὸν
1454 3030 1648 3083 ἑαυτοῦ
1696 3023 1943 3105 γαμϐρὸν

2057 3027 2348 3098 imperare
2377 3028 2563 3081 virum
2580 3025 2993 3083 bellicorumet
3022 3028 3200 3082 fratre
3221 3025 3392 3099 longe
3422 3035 3697 3099 praestan-

297 3120 565 3177 Ἰσαάκιον
622 3123 713 3178 τὸν
781 3118 1273 3195 σεϐαστοκράτορα,
1343 3119 1433 3174 ὅτε
1499 3116 1564 3189 δὴ
1627 3119 1716 3173 καὶ
1784 3120 1946 3176 Ἀσὰν

292 3210 435 3286 πρὸς
482 3210 607 3273 τοὺς
676 3211 985 3285 εἰσάγοντας
1046 3208 1351 3283 παραίνεσιν
1423 3206 1677 3283 Βλάχους
1749 3206 1945 3281 μηκὲτι

290 3301 392 3364 τάς
462 3301 602 3355 κατά
675 3299 962 3372 Ῥωμαίων
1038 3296 1346 3360 ὲπελεύσεις
1424 3300 1559 3370 μετά
1605 3296 1943 3373 θερμότητος

286 3392 559 3460 τίθεσθαι,
620 3390 924 3463 μεμνῆσθαι
984 3384 1041 3443 δὲ
1097 3386 1187 3442 καὶ
1258 3385 1503 3459 μεθόδων
1571 3391 1944 3462 στρατηγικῶν

291 3479 513 3555 (ἄρχειν
550 3479 677 3555 γὰρ,
718 3479 793 3538 ὡς
832 3478 1211 3544 πυνθάνονται,
1262 3473 1429 3551 ἄνδρα
1488 3474 1792 3550 πολεμικὸν
1853 3476 1945 3531 καὶ

296 3567 422 3623 λίαν
450 3572 548 3623 τοῦ
579 3564 818 3645 ἀδελφοῦ
852 3566 1323 3643 προφερέστερον),
1358 3566 1491 3638 μετὰ
1516 3565 1736 3639 κόμπου
1775 3565 1943 3620 ἀπεκ-

296 3657 482 3733 ρίνατο
517 3656 594 3729 μή
621 3653 730 3710 δεῖν
753 3655 835 3709 ἀεὶ
857 3660 975 3716 ταῖς
1001 3655 1211 3729 φήμαις
1245 3651 1538 3709 ἐπικλίνειν
1561 3654 1624 3709 τὸ
1656 3652 1771 3725 οὖς,
1805 3656 1946 3727 μήτε

289 3745 338 3802 δ’
370 3748 428 3800 δν
459 3743 706 3819 ἀνδρεῖον
738 3742 872 3813 αὕτη
906 3740 1206 3817 διαθρυλεῖ,
1241 3743 1315 3804 ὡς
1333 3740 1441 3811 ἤδη
1478 3742 1567 3797 καὶ
1592 3741 1839 3798 τοιοῦτον
1856 3743 1944 3797 ὅν-

285 3856 356 3892 τα
384 3839 577 3890 τοῦτον
616 3830 1039 3910 κατεπτηχέναι,
1073 3832 1188 3885 οὔθ’
1240 3832 1299 3885 ’ὀν
1358 3828 1572 3901 διέξεισι
1626 3828 1806 3887 δειλὸν
1853 3831 1944 3886 καὶ

290 3922 579 3989 ἀνάλκιδα,
623 3924 729 3997 πρὸ
786 3929 887 3989 τῆς
948 3920 1110 3994 πείρα
1165 3919 1430 3995 ἀθερίζειν
1484 3921 1571 3975 καὶ
1622 3919 1945 3993 ἀποπέμπε-

297 4026 442 4085 σθαι,
500 4010 650 4067 ἀλλά
705 4012 806 4081 τήν
871 4010 965 4082 μὲν
1020 4011 1211 4088 φήμην
1272 4011 1347 4081 μὴ
1406 4008 1634 4082 πάμπαν
1693 4010 1949 4085 ἀποστρέ-

293 4104 509 4182 φεσθαι,
559 4101 643 4156 ’ὁτι
692 4096 822 4173 μηδ’
869 4099 921 4160 ἐς
979 4094 1119 4152 ἅπαν
1170 4095 1502 4166 ἀπόλλυται,
1559 4099 1651 4153 καὶ
1713 4098 1949 4172 μάλιστα

293 4187 360 4256 ἦν
394 4188 645 4245 πλεῖστοι
706 4187 831 4243 λαοὶ
889 4189 1241 4264 φημίζουσιν,
1298 4183 1516 4261 ἐπάγειν
1567 4184 1614 4240 δ’
1659 4186 1732 4249 ὠς
1790 4184 1944 4250 λίθον

294 4282 628 4354 Μαγνησσαν
689 4278 784 4339 τὰς
843 4276 1059 4351 πράξεις
1115 4279 1223 4330 τῶν
1276 4270 1779 4347 ἐνδιαϐαλλομένων
1840 4275 1949 4330 εἲτε

301 4368 378 4439 μὴ
429 4365 816 4443 κροτουμένων
893 4365 1019 4438 παρ’
1083 4362 1251 4433 αὐτῆς
1317 4359 1545 4437 ἀνδρῶν,
1612 4361 1666 4417 ἐν
1707 4361 1947 4426 πολλοῖς

291 4451 1247 4510 δ““·δθλ“”ε“

326 4477 469 4511 εκαι
498 4476 591 4510 τον
659 4476 695 4529 φ
734 4475 766 4508 α
815 4476 912 4526 μον
947 4458 1140 4523 ιζανειν
1181 4473 1290 4507 των
1341 4454 1735 4528 φημιζομὲθωδ
1792 4463 1945 4508 δικα-

296 4545 454 4614 στὴν,
484 4544 574 4598 καὶ
622 4542 765 4598 οὕτω
809 4541 1127 4617 προσίεσθαι
1171 4542 1271 4610 τήν
1322 4542 1515 4616 φήμην
1572 4540 1646 4603 ὡς
1691 4540 1874 4612 ἂληθῆ
1906 4544 1941 4611 ἢ

297 4636 427 4708 γοῦν
491 4632 684 4708 μόροις
724 4631 965 4708 ἀλείφειν
1033 4631 1107 4693 ὠς
1174 4626 1345 4703 ψευδῆ
1415 4629 1505 4684 καὶ
1571 4626 1773 4685 ἄλλοθί
1838 4651 1944 4686 που

294 4721 510 4800 ἀφιέναι
539 4719 815 4777 πέτεσθαι.
849 4744 876 4772 κ
925 4719 1006 4776 Τά
1050 4721 1152 4793 γὰρ
1203 4719 1317 4773 ὦτα
1372 4716 1472 4773 οὐκ
1522 4714 1642 4772 οἶδε
1688 4717 1752 4773 τὰ
1802 4716 1943 4795 δρώ-

296 4830 455 4884 μενα,
508 4809 659 4865 ἀλλά
713 4807 970 4884 γλώττης
1026 4807 1199 4884 ὄχλον
1256 4806 1658 4880 εἷσοικιζόμενα
1705 4806 1943 4885 φύλακές

289 4900 426 4954 εἰσιν
461 4897 798 4972 ἀλλοτρίων,
831 4897 920 4952 καὶ
950 4897 1159 4951 τούτων
1188 4895 1442 4951 ἐναντίων
1492 4894 1760 4957 πολλάκις
1809 4894 1942 4968 ἐνη-

293 4986 595 5061 χημάτων,
628 4984 912 5065 Ἀσφαλής
946 4985 1003 5040 δέ
1046 4984 1159 5041 ἐστι
1212 4989 1319 5041 τῶν
1371 4985 1676 5059 γινομένων
1729 4982 1946 5055 διαιτη-

288 5076 395 5145 τής
462 5073 763 5151 ὀφθαλμὸς,
823 5076 913 5131 καὶ
975 5076 1178 5152 μάρτυς
1230 5074 1305 5128 ὧν
1360 5074 1603 5139 τεθὲαται
1667 5073 1946 5148 ἀπαραλό-

286 5184 496 5242 γιστος,
532 5163 638 5237 οὐχ
699 5164 954 5240 ἑτέρωθεν
1012 5164 1368 5240 εἰσχεομένην
1416 5160 1562 5240 ἔχων
1610 5164 1710 5233 τήν
1761 5165 1941 5219 πίστιν

289 5254 368 5316 ὠς
400 5254 504 5322 τὴν
533 5256 641 5307 τῶν
670 5251 979 5327 λεγομένων
1012 5253 1087 5316 είς
1142 5252 1412 5323 ἐνοίκησιν
1457 5252 1644 5323 ἀκοήν.
1701 5253 1788 5322 Μὴ
1850 5253 1941 5307 οὖν

286 5341 315 5401 ὃ
336 5344 349 5359 1
469 5342 483 5361 π
519 5341 540 5362 (-
623 5346 647 5358 ν
833 5347 857 5358 υ
1012 5341 1027 5363 9
1191 5344 1215 5357 ο
1298 5342 1312 5359 ο
1389 5362 1399 5376 1
1492 5340 1505 5360 Ι
1844 5341 1855 5359 Ι

322 5364 359 5412 η
391 5362 485 5397 και
518 5362 675 5414 υμεις
708 5352 952 5418 θροεισθε
994 5363 1068 5405 ως
1099 5343 1127 5397 ὁ
1158 5363 1248 5397 νυν
1320 5346 1394 5395 Pu
1410 5361 1584 5414 μαιων
1636 5337 1942 5415 βασιλευων

285 5435 537 5506 γενναῖος
595 5429 699 5484 ὐπὸ
755 5433 954 5509 φήμης
1007 5431 1353 5506 κηρύττεται,
1412 5427 1540 5485 ἀλλ’
1600 5429 1645 5484 εἰ
1694 5431 1941 5492 τοιοῦτός

286 5518 434 5573 ἐστιν
509 5519 698 5580 ὁποῖος
751 5517 930 5589 ᾅδεται
987 5521 1164 5595 χρεὼν
1226 5517 1538 5592 σκέψασθαι.
1596 5514 1834 5591 Ὀδηγὸς
1887 5516 1944 5573 δὲ

291 5606 435 5677 ὑμῖν
466 5605 541 5666 εἷς
568 5611 730 5662 τοῦτο
775 5602 910 5662 ἔστω
968 5610 1085 5681 βίος
1139 5609 1167 5663 ὁ
1214 5607 1498 5684 πρότερος,
1543 5608 1635 5662 καὶ
1692 5606 1942 5682 καθηγης

291 5692 397 5763 τὴς
448 5689 677 5766 ἀκριϐὴς
723 5699 818 5749 τοῦ
874 5692 1063 5772 ἀνδρὸς
1120 5697 1479 5752 καθιστάσθω.
1542 5695 1712 5768 Ἀτὰρ
1764 5695 1812 5747 εἰ
1859 5717 1943 5772 φι-

2052 3116 2301 3184 tiorem),
2356 3121 2514 3172 Asan
2562 3114 2883 3171 insolenter
2938 3115 3243 3187 respondit
3296 3132 3412 3171 non
3471 3132 3703 3189 semper

2054 3206 2220 3261 famae
2246 3204 2582 3277 praebendas
2594 3220 2722 3261 esse
2739 3221 2934 3275 aures,
2951 3221 3056 3260 nec
3086 3204 3135 3261 si
3154 3222 3330 3277 quem
3354 3222 3421 3263 ea
3440 3222 3541 3269 pro
3564 3207 3700 3262 forti

2055 3293 2328 3362 celebret,
2359 3309 2495 3351 cum
2527 3294 2729 3350 statim
2761 3298 2824 3349 ut
2853 3293 3029 3350 talem
3058 3310 3187 3350 esse
3218 3294 3651 3352 formidandum
3678 3315 3693 3365 ;

2054 3400 2160 3442 nec
2176 3384 2377 3457 siquis
2395 3400 2497 3456 pro
2530 3384 2733 3440 timido
2756 3388 2813 3441 et
2826 3384 3034 3457 ignavo
3053 3385 3407 3454 traducatur,
3426 3402 3700 3458 spernen-

2052 3477 2193 3531 dum
2224 3480 2280 3531 et
2292 3474 2674 3546 rejiciendum
2696 3490 2826 3531 esse
2849 3476 2985 3531 :sed
3002 3476 3219 3530 famam
3239 3479 3304 3531 ut
3327 3493 3442 3532 non
3460 3478 3701 3533 omnino

2052 3583 2284 3635 vanam,
2317 3566 2639 3639 praesertim
2662 3565 3105 3633 tamoelebrem,
3124 3582 3238 3621 non
3260 3568 3495 3637 quidem
3530 3567 3701 3638 plane

2053 3655 2558 3722 contemnendam,
2591 3655 2691 3709 sed
2709 3655 2780 3710 ad
2794 3670 2886 3710 res
2897 3658 3095 3725 gestas
3114 3670 3315 3709 eorum
3334 3653 3435 3725 qui
3454 3652 3541 3709 vel
3558 3654 3705 3709 bene

2058 3742 2301 3798 audiant
2329 3747 2611 3813 tanquam
2644 3742 2718 3797 ad
2770 3742 3017 3811 Lydium
3051 3740 3302 3812 lapidem
3332 3741 3698 3812 exigendam,

2053 3846 2204 3901 saepe
2218 3831 2396 3886 etiam
2411 3830 2578 3886 oculo
2598 3828 2879 3900 iudicium
2897 3829 3250 3900 permittend
3263 3846 3380 3896 um,
3395 3833 3451 3886 et
3465 3829 3550 3885 sic
3571 3845 3700 3886 eam

2053 3918 2142 3974 vel
2167 3924 2436 3974 utveram
2457 3918 2814 3989 probandam
2828 3916 2914 3973 vel
2935 3923 2998 3972 ut
3030 3917 3233 3974 falsam
3256 3918 3695 3989 repudiandum.

2055 4009 2237 4062 Aures
2266 4007 2421 4063 enim
2450 4023 2564 4062 non
2611 4005 2800 4062 videre
2837 4005 3024 4077 ipsam
3058 4022 3204 4075 rem,
3237 4006 3561 4062 alienarum
3585 4006 3699 4061 lin-

2053 4111 2300 4168 guarum
2332 4096 2490 4150 614
2518 4100 2575 4151 et
2599 4110 2756 4172 saepe
2787 4094 3159 4151 adversarum
3220 4094 3528 4167 strepitum
3558 4111 3699 4152 con-

2054 4200 2305 4240 servare.
2350 4183 2551 4240 Visum
2581 4199 2713 4239 vero
2744 4187 2968 4240 certum
2992 4200 3121 4240 esse
3143 4200 3339 4241 rerum
3372 4184 3657 4241 arbitrum
3683 4204 3699 4253 ;

2063 4275 2122 4327 et
2153 4270 2334 4343 pluris
2363 4287 2512 4337 esse,
2543 4274 2604 4326 ut
2633 4268 2715 4325 ait
2742 4269 3024 4339 comicus,
3054 4286 3233 4327 unum
3285 4272 3584 4329 oculatum
3622 4279 3702 4327 te-

2059 4363 2209 4415 stem
2243 4375 2419 4428 quam
2448 4358 2667 4414 auritos
2699 4358 2926 4426 decam,
2956 4358 3053 4430 qui
3075 4375 3189 4415 non
3221 4360 3410 4439 alieno
3441 4361 3703 4416 testimo-

2053 4449 2168 4514 nio,
2202 4449 2303 4504 sed
2333 4464 2441 4504 suo
2472 4446 2866 4520 experimento
2900 4446 3137 4503 nitatur.
3190 4447 3319 4503 Non
3372 4449 3548 4518 igitur
3602 4463 3702 4505 eos

2059 4537 2271 4593 moveri
2298 4540 2584 4607 oportere,
2611 4536 2762 4607 quod
2810 4534 2901 4591 hic
2960 4535 3357 4591 Romanorum
3386 4535 3701 4605 imperator

2054 4628 2139 4684 vir
2169 4627 2337 4684 fortis
2367 4626 2739 4698 perhibeatur
2761 4640 2776 4681 :
2802 4626 2903 4681 sed
2931 4641 3008 4681 an
3029 4623 3163 4680 talis
3193 4624 3297 4695 sit,
3330 4641 3397 4680 ex
3426 4632 3558 4680 ante
3579 4629 3706 4681 acta

2054 4717 2183 4787 ejus
2215 4715 2737 4785 vitanonjeeturam
2771 4712 3133 4785 capiendam.
3185 4712 3365 4777 Quam
3424 4711 3474 4767 si
3526 4727 3701 4769 accu-

2056 4804 2237 4860 ratius
2267 4802 2624 4869 intueantur,
2658 4800 2808 4857 nihil
2842 4817 3094 4872 unquam
3129 4800 3197 4856 ab
3217 4816 3283 4856 eo
3315 4816 3443 4857 esse
3465 4803 3697 4872 gestum

2055 4893 2223 4948 laude
2243 4890 2505 4963 dignum.
2540 4894 2741 4961 Neque
2798 4891 2955 4946 enim
3011 4890 3182 4946 bellis
3229 4893 3289 4946 et
3344 4889 3556 4961 preliis
3588 4907 3693 4962 pro

2052 4982 2311 5037 Romana
2340 4995 2399 5035 re
2422 4978 2652 5051 publica
2696 4977 2874 5050 gestis
2932 4979 3294 5049 interfuisse,
3356 4994 3541 5050 neque
3584 4996 3704 5037 una

2053 5086 2184 5126 cum
2224 5069 2395 5124 fratre
2441 5067 2667 5124 labores
2699 5074 2753 5123 et
2798 5066 3058 5138 pericula
3086 5067 3323 5137 adiisse,
3373 5067 3525 5139 quod
3576 5067 3701 5139 ipse

2053 5157 2290 5231 quidem
2322 5156 2518 5221 sciret,
2551 5155 2648 5225 qui
2677 5154 2943 5211 hostilem
2994 5170 3200 5227 agrum
3233 5159 3509 5227 perpetuo
3552 5155 3703 5212 infe-

2053 5247 2221 5304 sturit
2248 5251 2307 5303 et
2360 5244 2653 5314 victorias,
2687 5242 2946 5301 victoriis
3004 5243 3329 5314 triumphos
3387 5243 3701 5313 triumphis

2053 5334 2385 5393 cumularit.
2421 5333 2622 5404 Neque
2652 5332 2738 5388 illi
2778 5348 3099 5403 purpuram
3126 5336 3183 5387 et
3227 5333 3500 5388 diadema
3527 5329 3695 5386 labo-

2053 5439 2183 5481 rum
2209 5422 2512 5495 praamium
2532 5436 2662 5478 esse
2681 5422 2838 5490 data,
2861 5419 2965 5475 sed
2998 5419 3243 5475 fortunae
3277 5419 3524 5476 ludibrio
3558 5435 3699 5474 con-

2055 5512 2279 5584 tigisse.
2314 5534 2342 5562 ‹‹
2377 5513 2430 5567 Is
2451 5525 2581 5579 ergo
2613 5511 2717 5583 qui
2748 5523 3048 5579 nunquam
3081 5508 3140 5563 in
3189 5524 3385 5579 pugna
3413 5507 3570 5563 visus
3602 5507 3704 5576 sit,

2054 5600 2150 5674 qui
2183 5617 2306 5658 non
2325 5612 2478 5664 voce,
2510 5613 2628 5651 non
2642 5612 2846 5662 manu,
2871 5608 2987 5648 non
3011 5594 3258 5650 consilio
3281 5612 3375 5651 res
3405 5597 3705 5665 Mysorum

2056 5706 2314 5761 unquam
2346 5684 2694 5752 labéfeeerit,
2727 5700 2842 5755 qua
2873 5682 3097 5739 ratione
3116 5681 3307 5739 subito
3339 5685 3595 5739 mutatus
3620 5679 3705 5735 sit
