4098 6292
421 405 540 464 839

1704 399 2020 462 NlCET/E
2061 395 2478 458 CHONIATIE

3711 407 3827 468 840

422 537 485 592 in
517 534 1066 606 contrarium,plane
1088 533 1506 605 nonintelligo.
1537 533 1606 590 Ut
1635 531 2047 602 autem,inquit

2189 527 2562 606 λοκριντςσετε,
2619 528 2718 582 οὐκ
2777 527 2836 582 ἂν
2894 529 2976 604 ἐφ’
3035 531 3218 585 ὁτιοῦν
3303 529 3710 607 εὐδοκιμηκότα
3763 539 3835 592 εἴ-

422 627 613 683 virum
645 625 832 693 illum,
865 624 1012 682 6l5
1045 627 1324 694 quantum
1357 623 1489 680 licet
1545 622 1932 680 similitudine
1965 622 2066 676 de-

423 717 656 786 pingam
687 721 741 770 et
770 729 950 784 genus
980 715 1105 782 ejus
1136 712 1448 782 dcc-larem,
1481 713 1691 770 videtis
1725 713 1822 769 {ila
1855 709 2066 767 diversi

418 805 645 870 coloris,
667 805 774 861 etsi
804 821 918 860 non
951 804 1189 860 diversa:
1206 803 1352 871 telae,
1373 807 1443 861 de
1467 804 1632 862 hasta
1649 821 1776 860 mea
1805 803 2067 877 penden—

419 893 546 949 tia?
574 897 706 950 Haec
738 910 854 949 una
887 893 1206 966 eademque
1239 895 1484 950 materia
1508 897 1798 962 constant,
1846 895 1917 948 ab
1951 907 2066 948 uno

418 986 637 1040 textore
666 983 926 1039 confecta
953 989 1108 1038 sunt.
1139 983 1251 1039 Sed
1301 985 1441 1056 quia
1498 983 1790 1040 coloribus
1848 984 2066 1039 discre-

418 1079 576 1145 pant,
607 1089 675 1130 ex
701 1073 816 1128 alia
851 1072 1090 1129 materia
1119 1077 1176 1130 ct
1205 1073 1277 1128 ab
1335 1075 1450 1130 alio
1509 1073 1734 1129 artiﬁce
1791 1073 2066 1130 confecta

419 1166 719 1234 putantur,
751 1179 888 1219 cum
919 1178 1010 1218 res
1039 1162 1208 1219 aliter
1238 1178 1362 1220 sese
1387 1163 1615 1220 habeat.
1651 1163 1861 1218 Eodem
1895 1161 2065 1218 modo

415 1251 665 1310 lsaaeius
694 1260 746 1308 et
787 1251 1020 1308 Alexius
1053 1252 1280 1322 fratres,
1312 1267 1560 1322 quorum
1603 1251 1747 1308 alter
1809 1249 2056 1320 imperio

413 1341 672 1412 dejectus
701 1345 812 1409 est,
837 1340 980 1397 alter
1007 1341 1282 1413 ipurpnra
1337 1346 1395 1398 et
1437 1341 1764 1398 diademate
1813 1338 2062 1410 insignis

411 1432 789 1502 conspicitur,
849 1432 1108 1488 eumdem
1181 1435 1402 1503 patrem
1455 1431 1796 1498 habuerunt,
1857 1429 2060 1486 eodem

413 1525 574 1578 utero
597 1527 731 1576 sunt
769 1521 927 1592 editi,
977 1522 1177 1577 eadem
1212 1524 1365 1576 terra
1407 1520 1548 1590 nati,
1609 1518 1801 1575 omnia
1859 1518 2060 1574 eadem

410 1613 552 1664 sunt
584 1610 900 1679 consecuti,
935 1609 1200 1680 quamvis
1243 1607 1477 1666 Alexius
1525 1608 1606 1664 sit
1651 1611 1792 1664 natu
1853 1606 2055 1676 major.

407 1698 609 1766 Quare,
633 1713 762 1754 mea
793 1698 1023 1770 quidem
1068 1697 1371 1766 sententia,
1425 1713 1530 1754 nec
1583 1697 1643 1752 in
1703 1711 1763 1752 re
1820 1694 2060 1751 militari

409 1789 729 1859 quidquam
762 1787 1022 1844 intereos
1045 1787 1308 1844 intererit
1333 1804 1346 1856 ;
1369 1788 1610 1858 jamque
1629 1784 1828 1857 reipsa
1851 1800 2056 1841 omnes

407 1891 844 1948 cognoscemus.
882 1877 1075 1948 Itaque
1098 1877 1378 1933 rationem
1412 1875 1547 1930 belli
1607 1873 1916 1946 pristinam
1964 1888 2054 1929 se-

409 1967 693 2038 quendam
727 1982 855 2023 esse
887 1967 1053 2023 nobis
1085 1968 1334 2032 afﬁrmo,
1369 1981 1498 2021 cum
1531 1965 1731 2020 iisdem
1776 1962 2055 2020 armain-

405 2055 643 2112 ferenda
671 2055 790 2112 sint
819 2073 964 2128 quos
1009 2057 1173 2128 prius
1232 2054 1722 2128 oppugnavimus,
1756 2069 1828 2108 ne
1894 2052 2055 2108 dele.

407 2144 661 2200 rioribus
711 2147 918 2201 dicam.
971 2150 1116 2201 Nam
1178 2144 1576 2200 Romanorum
1631 2142 1816 2198 animi
1840 2139 2056 2198 crebris

407 2233 672 2288 cladibus
694 2234 860 2288 fracti
891 2237 947 2290 et
977 2233 1232 2289 enervati
1264 2240 1423 2304 sunt,
1457 2238 1513 2289 et
1545 2233 1748 2288 crebro
1808 2247 1841 2286 a
1886 2229 2054 2286 nobis

407 2322 469 2376 in
489 2321 683 2394 fugam
716 2321 863 2380 versi
895 2337 969 2378 ne
998 2322 1176 2378 semel
1235 2321 1468 2392 quidem
1499 2320 1648 2376 vires
1706 2337 1839 2376 suas
1888 2335 2054 2376 recu-

407 2426 608 2482 perare
664 2418 989 2484 potuerunt.
1036 2411 1151 2467 Nec
1208 2409 1348 2466 illud
1411 2409 1898 2482 praetereundum,
1959 2424 2054 2465 eos

403 2501 552 2556 iram
586 2501 686 2556 Dei
707 2506 908 2558 centra
939 2518 1000 2558 se
1031 2500 1376 2569 concitasse,
1408 2500 1648 2571 Isaacio,
1673 2500 1841 2571 cujus
1880 2514 2054 2571 opera

404 2589 560 2659 gravi
591 2590 911 2646 Andronici
950 2590 1261 2660 tyrannide
1289 2589 1514 2646 liberati
1556 2590 1735 2656 fuere,
1796 2587 2052 2659 legitimo

400 2678 642 2750 imperio
675 2680 866 2752 pulso.
903 2679 1046 2738 Nam
1082 2679 1184 2752 qui
1233 2685 1556 2736 servatores
1597 2693 1734 2734 suos
1795 2678 1874 2733 ita
1933 2683 2050 2732 tra-

399 2777 642 2837 ctarunt,
678 2771 860 2842 ptimo
891 2786 1124 2842 quoque
1149 2774 1402 2840 tempore
1421 2767 1492 2824 ab
1524 2767 1776 2824 inimicis
1798 2768 1954 2823 610
1986 2771 2050 2822 ut

403 2862 664 2919 homines
696 2861 898 2932 perﬁdi
930 2860 1286 2916 occidantur.
1321 2857 1706 2929 »Hujusmodi
1737 2855 2044 2912 sententiis

401 2951 690 3008 Barbarus
721 2966 956 3005 suorum
983 2949 1194 3004 animis
1225 2946 1854 3018 excitatis,pr0vincias
1875 2946 2046 3016 juxta

401 3041 768 3113 Strymonem
801 3047 854 3096 et
883 3037 1269 3109 Amphipolim
1294 3037 1512 3107 maiore
1553 3035 1770 3092 saevitia
1811 3035 2043 3092 invasit.

397 3133 540 3186 Cum
599 3133 796 3184 autem
856 3127 1300 3194 sebastocrator,
1351 3125 1519 3182 homo
1600 3125 1936 3180 adolescens
1991 3129 2046 3180 et

398 3218 618 3274 recenti
651 3216 814 3272 clade
845 3215 1197 3270 Blachorum
1229 3213 1432 3282 elatus,
1473 3215 1672 3270 hostes
1721 3215 2038 3269 Serranum

2177 621 2328 672 σεσοε
2357 617 2591 674 τουτονί·
2629 615 2754 672 οὕτε
2784 617 2886 693 γάρ
2914 617 3184 692 πολέμοις
3213 619 3471 695 ὡμίλησε
3515 623 3606 678 καὶ
3657 621 3831 680 κινδύ-

2173 728 2287 771 νοις
2335 707 2466 781 ὑπὲρ
2533 707 2818 780 Ῥωμαίων
2886 703 3269 783 παρενεϐληθη
3339 713 3824 787 συστρατευόμενος

2174 797 2264 850 καὶ
2310 796 2630 871 συγκάμνων
2658 801 2736 869 τῷ
2768 793 3010 875 ἀδελφῷ,
3043 799 3141 853 ὃσα
3187 821 3248 875 γε
3298 799 3464 865 αὐτὸς
3505 801 3666 876 ἴσημι
3719 803 3829 858 κεί-

2177 905 2285 960 ρων
2320 885 2403 938 ἀεὶ
2433 885 2524 939 καὶ
2555 888 2641 958 [Ρ.
2685 889 2812 958 300]
2861 886 3213 962 κατατρέχων
3265 891 3366 960 τήν
3414 887 3688 963 πολεμίαν
3739 893 3828 947 καὶ

2174 975 2327 1034 νίκας
2387 973 2476 1028 ἐπὶ
2535 973 2706 1037 νίκαις
2766 975 3154 1050 ἀναιρούμενος
3205 977 3296 1032 καὶ
3349 978 3637 1054 τροπαίοις
3713 979 3832 1036 ἐπι-

2176 1056 2487 1131 σποιϐάζων
2526 1062 2594 1118 τὰ
2648 1063 2906 1138 τρόπαια,
2957 1061 3081 1120 οὕτε
3133 1067 3241 1138 μῆν
3315 1067 3508 1139 μισθὸν
3571 1071 3829 1141 καμάτων

2171 1153 2270 1220 τήν
2303 1149 2608 1228 ἁλουργίδα
2655 1153 2746 1208 καὶ
2788 1153 2880 1208 τὸν
2945 1153 3222 1230 βασίλειον
3279 1153 3480 1232 εἴληχε
3537 1157 3830 1231 στέφανον,

2174 1237 2406 1300 ἀλλ’ὡς
2440 1239 2500 1296 ἐκ
2546 1244 2654 1296 τῶν
2713 1237 2884 1317 ἔργων
2947 1240 3208 1314 ὑπέδειξε,
3267 1244 3444 1320 τύχης
3500 1246 3828 1320 ἀγνώμονος

2171 1329 2446 1403 πεττευμα
2502 1330 2568 1386 τὰ
2625 1338 2875 1406 σκῆπτρα
2933 1332 3324 1408 παρείληπται.
3385 1335 3561 1398 Οὗτος
3619 1336 3824 1409 τοίνυν,

2173 1419 2231 1480 ὅς
2309 1419 2370 1476 οὐ
2445 1419 2685 1476 τεθέαται
2766 1441 2860 1495 μοι
2941 1419 3258 1497 μαχόμενος
3336 1421 3462 1479 οὐδὲ
3537 1429 3695 1505 φωνῇ
3741 1427 3830 1482 καὶ

2171 1510 2317 1584 χειρὶ
2379 1509 2472 1566 καὶ
2534 1509 2714 1586 βουλῇ
2768 1512 2834 1566 τὰ
2893 1513 3094 1569 Μυσῶν
3153 1513 3556 1589 παραλυπῆσας
3631 1515 3828 1587 ἐνίοτε,

2170 1599 2318 1660 ὅπως
2361 1599 2607 1676 ἐξαίφνης
2665 1600 2740 1662 εἷς
2797 1601 2934 1655 ἅπαν
2992 1601 3307 1657 τούναντίον
3365 1605 3827 1676 μεταπεποίηται,

2168 1686 2280 1764 ἐγὼ
2313 1689 2406 1762 μὲν
2441 1689 2540 1744 οὐκ
2569 1685 2684 1765 ἔχω
2730 1691 2822 1745 καὶ
2881 1688 3132 1749 συνιδεῖν.
3187 1696 3297 1748 Ἰνα
3347 1691 3404 1748 δὲ
3450 1693 3542 1748 καὶ
3595 1691 3642 1749 δ’
3695 1695 3833 1750 ὑπο-

2169 1773 2482 1852 δείγματος,
2515 1779 2633 1832 καθ’
2665 1779 2787 1833 ὅσον
2821 1775 3008 1852 ἔξεστι,
3039 1780 3106 1835 τὰ
3151 1782 3288 1836 κατά
3333 1780 3427 1836 τὸν
3475 1779 3641 1857 ἄνδρα
3689 1805 3823 1839 του-

2166 1867 2279 1922 τονὶ
2309 1867 2399 1922 καὶ
2429 1869 2492 1922 τὸ
2525 1865 2720 1923 λοιπὸν
2769 1868 2916 1942 αὐτῷ
2977 1871 3132 1945 γενος
3193 1869 3611 1948 ὃιασαφήσαιμι,
3659 1874 3827 1950 ὁρᾶτε

2162 1955 2227 2010 τὰ
2257 1953 2345 2010 ἐπὶ
2376 1961 2472 2011 τοῦ
2504 1956 2639 2030 ἐμοῦ
2677 1954 2937 2032 δόρατους
2968 1958 3396 2035 ἀπαιωρούμενα
3443 1961 3532 2015 καὶ
3583 1961 3825 2035 ἀνεμοό·

2165 2067 2300 2119 μενα
2341 2044 2575 2126 διάφορα
2623 2054 2744 2110 ταῖς
2794 2055 3036 2123 χροιαῖς,
3087 2051 3134 2105 εἰ
3191 2049 3280 2106 καὶ
3334 2053 3408 2126 μή
3450 2057 3569 2114 ταῖς
3630 2053 3822 2126 ὑιραῖς,

2161 2137 2398 2210 νήματα.
2431 2139 2616 2193 Ταῦτα
2649 2143 2774 2212 μιᾶς
2829 2141 2923 2212 μὶν
2973 2139 3348 2214 προελήλυθεν
3393 2139 3554 2212 ὕλης,
3605 2143 3701 2197 καὶ
3751 2144 3824 2205 εἴς

2165 2225 2399 2304 ὑφάντης
2431 2227 2564 2282 αὐτᾶ
2593 2225 2924 2304 ἐμηρύσατο·
2967 2235 3083 2292 τοῖς
3133 2227 3188 2285 δὲ
3235 2231 3498 2306 χρώμασι
3543 2228 3817 2288 διαλλάτ·

2163 2335 2322 2370 τοντα
2353 2313 2623 2372 διεστάναι
2654 2314 2874 2373 δοκοῦσι
2904 2319 2995 2373 καὶ
3025 2318 3158 2374 κατὰ
3189 2322 3250 2376 τὸ
3279 2320 3454 2375 τὸτοῦ
3477 2321 3615 2376 εἶναι
3645 2343 3820 2395 ποιη-

2161 2405 2312 2459 τικὸν
2345 2401 2541 2461 αἶ’τιον.
2578 2404 2737 2461 Ἀλλ’
2767 2405 2864 2461 οὐκ
2894 2405 3004 2462 ἔστι
3036 2412 3220 2480 τοῦτο,
3273 2407 3370 2463 οὐκ
3413 2406 3578 2468 ἔστιν.
3632 2412 3819 2466 Ἰσαά-

2161 2514 2278 2556 κιος
2326 2492 2415 2548 οὖν
2461 2495 2550 2549 καὶ
2610 2495 2853 2564 Ἀλέξιος
2909 2497 2960 2551 οἱ
3021 2497 3340 2571 ὁμαίμονες,
3393 2499 3465 2552 ὧν
3496 2500 3524 2554 ὁ
3560 2499 3658 2572 μὲν
3705 2508 3812 2571 τῆς

2164 2584 2442 2659 βασιλείας
2469 2583 2576 2657 ἤδη
2611 2587 2939 2662 καθῄρηται,
2971 2589 2998 2641 ὁ
3051 2587 3105 2642 δὲ
3149 2583 3542 2666 τηῧεννοφορεῖ
3581 2593 3671 2646 νῦν
3720 2589 3814 2646 καὶ

2161 2671 2422 2730 διαδεῖται
2454 2675 2672 2751 ἀρχικῷ
2705 2678 3107 2754 στεφανώματι,
3137 2677 3226 2734 ἕνα
3267 2680 3428 2734 τοκέα
3477 2674 3662 2758 ἔσχον,
3709 2683 3812 2749 τῆς

2159 2765 2330 2834 αὐτῆς
2353 2762 2548 2836 νηδύος
2579 2765 2895 2838 ἐξώλισθον,
2926 2766 3060 2822 κατά
3087 2769 3186 2838 τὴν
3235 2767 3402 2838 αὐτὴν
3453 2769 3795 2844 γεγέννηνται

2157 2860 2280 2928 γῆν,
2311 2855 2379 2909 τά
2407 2855 2562 2910 πάνθ’
2592 2853 2760 2928 ὅμοια
2789 2854 3199 2930 ἐκληρώσαντο,
3232 2855 3327 2912 κάν
3362 2857 3554 2932 ἅτερος
3600 2857 3794 2913 τούτων

2157 2941 2401 3012 Ἀλέξιος
2443 2949 2523 3017 τῷ
2573 2945 2760 3019 χρόνῳ
2827 2948 3086 3020 προήκων
3149 2946 3402 3020 ἑώραται.
3467 2948 3628 3005 Ὅθεν
3687 2945 3812 3002 οὒδὶ

2155 3031 2290 3086 κατὰ
2318 3032 2444 3094 τούς
2494 3031 2774 3104 πολέμους
2824 3033 3126 3112 διαφέροιεν
3175 3029 3260 3106 ἀν,
3311 3035 3386 3098 ὠς
3437 3030 3632 3111 ἔμοιγε
3676 3039 3816 3112 γοῦν

2156 3119 2324 3192 δοκεῖ,
2354 3122 2444 3176 καὶ
2495 3122 2569 3184 ὠς
2617 3122 2668 3177 ἐν
2717 3122 2877 3198 πείρᾳ
2935 3125 3128 3186 πάντες
3188 3124 3531 3200 γνωσόμεθα.
3594 3131 3816 3203 Χρῆναι

2153 3211 2332 3267 τοίνυν
2362 3211 2506 3289 φημὶ
2559 3213 2692 3286 μετά
2747 3215 2846 3282 τῆς
2907 3213 3074 3284 αὐτῆς
3139 3212 3229 3269 καὶ
3288 3215 3557 3289 προτέρας
3614 3216 3820 3292 προθὲο

397 3324 602 3379 agrum
634 3306 930 3362 incursare
959 3303 1288 3371 audivisset,
1343 3319 1456 3360 non
1516 3303 1680 3375 prius
1729 3301 2044 3374 exploratis

2161 3323 2295 3365 σεως
2327 3302 2419 3357 καὶ
2450 3302 2616 3358 πάλιν
2648 3308 2755 3358 τῶν
2789 3302 2923 3358 κατά
2970 3302 3217 3378 πόλεμον
3267 3305 3545 3375 ἅπτεσθαι,
3597 3303 3824 3368 εἰδότας

400 3411 604 3452 eorum
634 3393 876 3458 viribus,
936 3393 1128 3447 statim
1185 3391 1350 3462 signo
1407 3390 1548 3448 tuba
1605 3393 1762 3458 dato,
1819 3390 2044 3463 primus

398 3485 462 3540 in
496 3482 668 3539 armis
696 3495 844 3554 equo
873 3495 1188 3538 conscenso
1208 3478 1440 3535 hastam
1473 3479 1530 3534 in
1558 3479 1752 3536 hostes
1784 3478 2042 3548 vibravit,

401 3573 570 3646 quasi
601 3573 670 3629 ad
699 3576 966 3645 paratam
1002 3585 1301 3627 cervorum
1341 3570 1703 3626 venationem
1737 3580 1836 3626 aut
1885 3569 2043 3625 ludi-

397 3679 558 3720 crum
594 3662 824 3733 aliquod
857 3660 1060 3717 exiret.
1094 3661 1239 3715 Cum
1271 3659 1443 3730 igitur
1483 3659 1628 3715 laxis
1661 3658 1904 3716 habenis
1935 3659 2046 3715 eir-

2153 3393 2228 3456 ὠς
2273 3394 2361 3455 οἷς
2419 3393 2507 3448 καὶ
2569 3392 2834 3469 πρότερον
2892 3392 2943 3464 ἐξ
3013 3391 3254 3457 ἐναντίας
3317 3393 3512 3471 μοίρας
3566 3394 3658 3450 καὶ
3721 3400 3814 3450 νῦν

2152 3481 2482 3556 στησόμεθα,
2515 3482 2601 3536 ἳνα
2631 3482 2708 3556 μή
2743 3485 2832 3538 καὶ
2875 3481 3121 3557 χείροσιν
3173 3481 3389 3556 εἷ’ποιμι
3436 3483 3658 3561 ἀφορῶν
3716 3485 3816 3556 μὶν

2149 3573 2237 3628 καὶ
2299 3571 2436 3648 πρὸς
2489 3571 2552 3627 τὸ
2612 3565 3094 3646 καταϐεϐλημένον
3152 3575 3244 3628 καὶ
3304 3575 3638 3647 ἀτονώτερον
3699 3573 3812 3645 ἤδη

2149 3663 2405 3739 φρόνημα
2430 3665 2534 3716 τῶν
2567 3660 2878 3733 Ῥωμαίων,
2911 3663 2962 3716 o't
2995 3659 3270 3725 πολλάκις
3320 3662 3407 3741 ὑφ’
3451 3664 3613 3736 ἡμῶν
3673 3684 3810 3737 τρο-

2146 3747 2412 3804 *(οέ“·“
2704 3753 2724 3793 ι
2793 3751 2824 3805 ὰ
2985 3750 3242 3786 ἠρ
3295 3751 3342 3806 ἀι
3399 3749 3420 3806 >
3475 3746 3561 3805 ex
3633 3750 3780 3806 ια

2152 3776 2231 3806 itu
2275 3774 2410 3814 ..μσς
2444 3769 2538 3806 000
2589 3769 2724 3823 απα,
2757 3771 2784 3806 τ
2880 3772 2980 3807 κατ
3047 3773 3240 3812 αυτου..
3339 3772 3468 3806 δαια
3512 3773 3587 3806 ειν
3663 3772 3815 3827 σχη-

2143 3860 2266 3896 κασι
2296 3841 2609 3916 πράγματα,
2643 3840 2836 3894 ἐννοῶν
2871 3838 2928 3895 δὲ
2957 3840 3046 3896 καὶ
3077 3841 3144 3912 ἣν
3197 3841 3376 3906 θεόθεν
3429 3839 3816 3897 ἐπεσπάσαντο

2144 3927 2259 3986 ο’ἶδε
2301 3937 2491 4002 μῆνιν,
2563 3931 2655 3985 τὸν
2733 3929 2930 3993 αὐτοὺς
3012 3931 3231 4006 βαρείας
3269 3927 3584 4002 τυραννίδος
3621 3930 3810 4002 ἀπηλ-

2146 4017 2361 4094 λαχότα
2419 4019 2680 4074 Ἱσαάκιον
2751 4019 3030 4094 βασιλείας
3119 4019 3350 4092 ἐννόμου
3403 4021 3809 4095 καθῃρηκότες·

2147 4110 2197 4164 οἱ
2229 4110 2328 4184 γάρ
2362 4107 2504 4162 οὕτω
2553 4108 2690 4164 κατᾶ
2735 4113 2842 4163 τῶν
2899 4109 3219 4164 σεσωκότων
3281 4107 3644 4182 ὁπλισάμενοι
3705 4111 3810 4165 οὐκ

2145 4198 2204 4254 ἄν
2239 4199 2491 4276 φθάνοιεν
2526 4197 2630 4252 ὕπὸ
2662 4201 2769 4252 τῶν
2803 4196 3019 4276 ἐχθρῶν
3053 4197 3127 4262 ὠς
3151 4196 3806 4276 παράσπονδοιάναιροῦ-

2149 4308 2320 4362 μενοι.
2357 4308 2385 4338 ››
2417 4285 2704 4351 Τοιαόταις
2753 4287 2999 4363 γνώμαις
3048 4287 3075 4341 ὁ
3129 4282 3408 4364 βάρϐαρος
3450 4289 3516 4344 τὰ
3558 4293 3667 4343 τῶν
3722 4289 3808 4344 ὑπ’

2145 4376 2307 4432 αὐτὸν
2351 4375 2654 4447 ἀναστήσας
2703 4377 3030 4452 φρονήματα
3081 4376 3212 4449 μετὰ
3269 4377 3493 4451 κόμπου
3555 4378 3805 4450 μείζονος

389 4469 468 4524 tis
499 4483 732 4524 suorum
762 4468 998 4524 amissis
1033 4465 1264 4522 tandem
1294 4473 1350 4520 et
1381 4465 1501 4535 ipse
1551 4482 1586 4521 a
1629 4464 1860 4536 Scythis
1891 4465 2044 4536 capi-

2158 4464 2470 4540 ὲπῄεικατά
2519 4469 2626 4519 τῶν
2685 4465 2810 4540 περὶ
2872 4464 3157 4540 Στρυμόνα
3209 4485 3268 4520 τε
3324 4467 3410 4521 καὶ
3473 4466 3803 4546 Ἀμφίπολιν

391 4566 503 4614 tur.
537 4557 703 4614 Unde
735 4557 976 4614 Barbari
1007 4557 1078 4612 ad
1107 4553 1472 4610 incursiones
1495 4557 1551 4610 et
1603 4554 1832 4622 rapinas
1883 4569 2041 4610 more

2158 4555 2446 4630 ἐπαρχιῶν.
2473 4554 2628 4610 Ἐπεὶ
2671 4553 2728 4608 δὲ
2759 4554 2849 4610 καὶ
2881 4560 2998 4617 ταῖς
3029 4555 3259 4632 Σέῥραις
3313 4551 3577 4629 ἐμϐαλεῖν
3633 4562 3802 4614 Ἰσαα-

391 4648 701 4704 leonumin
745 4651 1012 4706 armenta
1056 4644 1402 4700 irruentium
1463 4643 1844 4699 animosiores
1903 4643 2040 4700 facti

2158 4645 2255 4717 ticp
2284 4645 2547 4714 ἢκουσται
2577 4649 2655 4716 τῷ
2688 4637 3167 4720 σεϐαστοκράτορι,
3209 4645 3332 4708 νέος
3385 4643 3458 4699 ὢν
3512 4646 3672 4711 οὗτος
3717 4644 3792 4701 κεῖ

395 3753 536 3810 citer
555 3751 792 3824 triginta
838 3749 1026 3806 stadia
1080 3749 1480 3821 processisset,
1530 3754 1586 3806 et
1637 3750 1952 3822 equitatum
1990 3755 2044 3806 et

390 3842 712 3912 peditatum
747 3841 827 3896 ita
853 3839 1117 3910 fatigavit
1149 3846 1210 3894 ut
1241 3853 1444 3910 pugna
1497 3843 1760 3910 tempore
1807 3837 2043 3895 inutiles

393 3939 609 3988 essent.
661 3929 735 3986 Ut
789 3929 1022 4001 propius
1085 3929 1333 3984 hostium
1391 3937 1588 3985 castra
1641 3935 1882 3984 ventum
1931 3935 2040 3996 est,

393 4023 645 4077 maxima
675 4019 1048 4091 etpotissima
1079 4035 1210 4089 pars
1231 4019 1526 4090 copiarum
1559 4018 1767 4074 Asanis
1798 4019 1858 4074 in
1894 4018 2039 4074 insi-

393 4111 519 4166 dias
550 4108 857 4165 distributa
881 4115 982 4164 est.
1017 4111 1140 4172 Quo
1172 4111 1576 4178 stratagcmate
1620 4113 1676 4162 et
1701 4106 1832 4163 dolo
1893 4107 2042 4163 Isaa-

393 4199 517 4254 cius
543 4214 660 4254 non
689 4197 1110 4265 animadverso,
1143 4203 1300 4252 certa
1331 4213 1434 4266 spe
1462 4197 1710 4252 victoriae
1761 4201 2041 4268 concepta

393 4288 598 4344 insano
629 4287 847 4357 impetu
873 4301 968 4342 cos
987 4287 1221 4342 invasit.
1243 4290 1381 4342 Cum
1398 4295 1586 4342 autern
1604 4285 1687 4340 illi
1716 4303 1784 4340 ex
1813 4287 2042 4342 insidiis

390 4376 911 4446 consurrexissem,
946 4385 1006 4432 ut
1028 4376 1234 4432 mediis
1261 4375 1518 4431 cassibus
1549 4377 1854 4446 irrretitus,
1890 4376 2040 4431 mul-

391 4745 547 4804 sunt,
579 4737 790 4809 quippe
822 4753 953 4792 cum
987 4750 1154 4791 nemo
1190 4734 1580 4790 Romanorum
1615 4733 1700 4789 eis
1735 4749 2038 4790 occurrere

390 4828 537 4882 6l1
572 4828 830 4896 auderet,
879 4826 976 4881 sed
1019 4839 1226 4880 omnes
1286 4823 1468 4879 territi
1513 4821 1655 4878 laxis
1706 4822 1944 4880 habenis
1976 4823 2037 4879 in

390 4916 596 4970 urbem
624 4919 821 4970 Serras
856 4913 1256 4984 confugerent,
1293 4913 1396 4984 qui
1429 4911 1489 4968 in
1548 4911 1651 4968 illa
1700 4912 1863 4968 clade
1921 4929 2036 4968 non

387 5002 798 5058 occubuerant.
849 5003 1061 5073 Scytha
1122 5019 1256 5058 vero
1306 5003 1821 5059 sebastoeratorem
1889 5019 1924 5058 a
1977 5019 2037 5060 se

390 5096 624 5161 captum
681 5091 886 5163 quovis
917 5090 1089 5145 modo
1145 5090 1332 5147 celare
1389 5095 1634 5148 conatus
1693 5096 1806 5159 est,
1870 5107 1944 5148 ne
1974 5091 2037 5148 id

390 5181 542 5236 Asan
567 5180 922 5247 rescisceret,
953 5195 1054 5250 spe
1106 5182 1354 5237 maxime
1411 5182 1670 5252 pecuniae
1721 5182 1852 5252 ejus
1881 5182 2038 5238 redi-

392 5269 588 5324 mendi
619 5285 792 5326 causa
831 5267 1180 5339 accipiendas
1219 5278 1516 5340 concepta,
1561 5269 1608 5326 si
1646 5269 1941 5328 hominem
1974 5273 2034 5328 in

391 5357 684 5430 Scythiam
715 5356 1003 5414 abducere
1033 5356 1252 5413 liceret.
1284 5357 1396 5413 Sed
1427 5375 1556 5414 cum
1585 5359 1738 5415 fama
1795 5364 2032 5432 captum

395 5463 522 5503 esse
535 5447 740 5503 ducem
757 5447 1015 5504 hostium
1052 5445 1753 5519 vulgasset,inquisitione
1768 5450 2031 5522 diligenti

390 5537 718 5606 compertus
751 5537 822 5592 ad
855 5537 1104 5592 Asanem
1131 5534 1476 5607 perducitur.

2143 5021 2203 5056 τε
2310 5008 2655 5077 παραχρῆμα

2141 5178 2312 5236 ἵππον
2387 5185 2609 5257 πρῶτος
2684 5175 2884 5242 ἀναϐὰς
2957 5181 3048 5237 καὶ

2149 4737 2416 4808 προσεχεῖ
2443 4753 2550 4788 τινι
2600 4737 2708 4788 τῶν
2769 4731 3005 4808 Βλάχων
3055 4732 3304 4808 ἐπαρθεὶς
3351 4734 3670 4809 πταίσματι,
3713 4735 3778 4806 μή

2147 4821 2504 4898 προεξετάσας
2575 4824 2675 4892 τήν
2752 4827 2860 4877 τῶν
2935 4819 3221 4896 πολεμίων
3299 4821 3550 4897 δύναμιν,
3743 4819 3782 4874 δ’

2147 4911 2285 4982 ἀκοῆ
2319 4911 2550 4985 συνάψας
2579 4911 2680 4980 τὴν
2739 4917 2856 4965 κατ’
2918 4910 3092 4966 αὐτῶν
3165 4912 3502 4988 ἐξώρμησιν,
3564 4909 3797 4984 ἀνίστησί

2975 5003 3225 5079 στρατιάν
3303 5009 3401 5073 τῆς
3495 5003 3796 5079 σάλπιγγος

3182 5094 3273 5149 τὸν
3369 5093 3803 5168 πολεμιστήριον

3150 5184 3593 5258 ϐωρακισάμενος
3691 5181 3804 5237 κατ’

2145 5269 2484 5346 ἒπειγωλήν,
2563 5269 2692 5346 οὐχὶ
2772 5269 2965 5346 βάδην,
3040 5271 3102 5328 τὸ
3183 5268 3313 5348 δόρυ
3387 5273 3525 5328 κατά
3563 5278 3673 5328 τῶν
3713 5271 3808 5326 ἄν-

2145 5359 2396 5415 τιπάλων
2455 5359 2710 5416 τιταίνων
2769 5356 2961 5432 ἔξεισιν
3021 5360 3096 5422 ὠς
3151 5359 3301 5436 εἴπερ
3363 5359 3581 5441 ἐλάφων
3662 5361 3810 5431 αὖτῷ

2763 5003 2828 5071 τὴ
2835 5021 2863 5054 v

2147 5090 2404 5164 ἐνδούσης
2481 5093 2544 5148 τὸ
2620 5091 2893 5165 σύνθημα,
2995 5094 3087 5148 καὶ

2143 5451 2463 5526 κυνηγέσιον
2529 5451 2970 5527 προηυτρέπιστο
3037 5449 3073 5520 ἢ
3144 5452 3438 5526 ϐηρευτικὰ
3525 5449 3639 5508 ἐκεῖ
3702 5470 3810 5504 που

2143 5539 2429 5614 ἀθύρματα
2469 5539 2906 5617 προητοίμαστο.
2958 5539 3194 5596 Διελθὼν
3245 5537 3338 5596 οὖν
3379 5539 3554 5614 ἀνέτῳ
3601 5541 3772 5614 ῥυτῆρ

389 5623 517 5679 ώσεὶ
579 5622 824 5687 σταδίοος
880 5626 1170 5702 τριάκοντα
1221 5625 1283 5680 τό
1339 5644 1397 5678 τε
1452 5623 1677 5680 ἱππικὸν
1741 5627 2064 5686 ἅποκναῖσαι
2121 5633 2444 5704 πεποίηκεν,
2503 5633 2578 5697 ὡς
2637 5633 2862 5708 ἀχρεῖον
2921 5632 3054 5688 εἶναι
3115 5631 3250 5687 κατά
3303 5633 3403 5702 τήν
3480 5630 3624 5706 ὣραν
3704 5633 3806 5696 τῆς

389 5708 732 5789 προσϐολῆς,
762 5717 852 5772 καὶ
881 5718 940 5772 τὸ
972 5715 1188 5784 πεζικὸν
1225 5711 1440 5768 ἐκλυοέν
1471 5713 1522 5774 ἐς
1554 5711 1706 5768 οὐδὲν
1741 5718 1954 5796 γέγονε.
