4098 6292
203 406 322 466 841

1123 407 1223 467 ΒΕ
1268 406 1562 468 ΛΙ.ΕΧΙΟ
1604 400 1895 466 lSAAClI
1942 397 2225 461 ANGEL!
2273 401 2400 460 FB.
2451 402 2598 461 LIB.
2647 405 2698 462 Ι.

3517 411 3640 469 842

203 564 293 598 ναι
340 541 626 615 μετέπειτα
676 545 980 616 χρήσιμον.
1032 545 1124 607 Ὠς
1177 541 1234 598 δὲ
1282 544 1507 619 ἤγγισεν
1554 536 1681 604 ἔνθα
1713 530 2047 613 παρενέϐαλε
2089 538 2175 607 [Ρ.
2226 535 2353 605 301]
2398 535 2462 588 τὸ
2509 533 2800 607 πολέμιον,
2850 540 2948 591 τοῦ
3005 539 3097 609 μὲν
3142 540 3300 596 Ἀσᾶιν
3354 541 3417 596 τὸ
3474 540 3635 597 πλεῖ-

207 653 336 686 στον
367 632 456 685 καὶ
492 631 780 703 κράτιστον
818 632 1125 706 στράτευμα
1158 632 1234 693 εἷς
1267 630 1480 706 ἐνέδρας
1521 631 1612 686 καὶ
1674 627 1881 703 λόχους
1931 622 2323 698 διαμερίζεται,
2357 620 2455 677 ὁδ’
2507 624 2773 689 Ἰσαάκιος
2825 627 2900 697 μή
2955 626 3017 681 τὸ
3062 631 3421 706 στρατήγημα
3474 636 3636 686 τοῦτο

209 721 303 775 καὶ
370 720 461 775 τὸν
521 717 685 774 δόλον
751 723 1114 790 κατανοήσας,
1169 722 1243 782 ὡς
1310 722 1564 791 ἠττήσων
1632 717 1722 772 καὶ
1786 713 2207 791 τροπωσόμενος
2276 716 2627 787 βακχευτικῷ
2710 713 2942 782 ἐπῆλθεν
3028 716 3334 790 ὁρμήματι’
3395 716 3480 774 διὸ
3539 721 3630 774 καὶ

216 814 326 864 τῶν
361 809 414 863 ἐν
446 815 566 872 τοῖς
595 808 794 884 λόχοις
852 809 1211 884 ἐπεθεμένων,
1274 811 1347 872 ὡς
1406 810 1458 864 ἐν
1521 807 1704 880 μέσοις
1755 801 2035 882 συσχεθεὶς
2085 802 2298 875 ἄρκυσι,
2351 799 2598 864 πολλοὺς
2654 802 2749 875 μὶν
2790 798 3032 859 ἀπέϐαλε
3081 810 3189 859 τῶν
3243 803 3419 875 ἰδίων,
3475 807 3635 869 τέλος

211 897 269 954 δὲ
318 898 407 952 καὶ
468 896 632 961 αὐτὸς
688 896 839 953 ἒάλω
900 899 1135 974 ζο.γρίας
1194 900 1297 954 ὑπὸ
1358 901 1603 965 Σκυθῶν,
1661 898 1756 952 Ἐκ
1815 890 1873 947 δὲ
1927 890 2137 946 τούτων
2197 884 2538 963 συμϐέϐηκεν
2596 890 2670 952 ὡς
2727 890 2778 947 ἐν
2842 894 3056 963 κτήνεσι
3125 891 3318 949 λέοντα
3382 897 3519 969 πρός
3575 917 3634 952 τε

207 988 305 1050 τὰς
363 985 674 1049 ἐπελεύσεις
730 984 1064 1051 ἀδεεστάτως
1122 990 1212 1043 καὶ
1269 989 1364 1051 τὰς
1422 986 1706 1062 προνομὰς
1763 985 1857 1038 τὸν
1920 975 2190 1058 βάρϐαρον
2249 978 2515 1057 ἐφορμᾷν,
2570 982 2663 1034 οἷα
2722 979 2955 1053 μηδενὸς
3015 983 3350 1059 ἀντεξιόντος
3432 982 3509 1041 ἔτι
3566 988 3623 1039 ἐκ

204 1083 312 1133 τῶν
370 1077 683 1151 Ῥωμαίων,
744 1078 891 1134 ἀλλά
942 1076 1705 1135 πάντωνάποδειλιασάντων
1756 1074 1843 1128 καὶ
1908 1076 1977 1143 τῇ
2033 1071 2195 1125 πόλει
2252 1075 2372 1133 ταῖς
2432 1068 2660 1146 Σέῤῥαις
2721 1073 2837 1145 μετ’
2892 1071 3091 1128 ἀνέτων
3150 1076 3320 1144 ἡνιῶν
3390 1075 3626 1148 εἶσρυέν-

205 1188 337 1237 των,
397 1168 516 1222 ὅσοι
575 1168 715 1229 τέως
778 1171 856 1241 μή
915 1168 1100 1244 ξίφους
1157 1163 1415 1248 ὤφθησαν
1470 1169 1742 1242 πάρεργον
1799 1162 1850 1218 ἐν
1899 1164 1968 1225 τῆ
2034 1155 2312 1233 συμϐολῇ.
2373 1160 2428 1214 Ὀ
2488 1157 2544 1214 δὲ
2602 1159 2942 1231 συνειληφὼς
3007 1164 3096 1218 τὸν
3158 1160 3627 1240 σεϐαστοκράτορα

218 1257 437 1325 Σκύθης
496 1256 767 1321 παντοίως
821 1255 981 1312 αὐτὸν
1040 1257 1458 1333 περιέκρυππεν,
1516 1257 1590 1317 ὡς
1648 1255 1733 1325 ε’ἱη
1781 1252 2066 1329 ἀφώρατος
2112 1253 2192 1321 τῷ
2242 1249 2418 1318 Ἀσάν,
2471 1250 2893 1322 ὑποσαινόμενος
2944 1250 3123 1307 ἐλπίσι
3188 1256 3263 1327 μή
3325 1277 3490 1311 τινων
3548 1254 3632 1311 ἔν-

207 1344 537 1420 δεεστέραις,
579 1346 655 1408 ὠς
714 1348 759 1400 si
814 1347 944 1410 τοὺς
1001 1345 1256 1422 Βλάγους
1314 1345 1543 1410 διελθων
1600 1348 1672 1406 εἰς
1731 1342 1797 1398 τὰ
1853 1339 2027 1395 οἰκεῖα
2082 1335 2190 1407 ἤδη
2249 1342 2438 1393 τοῦτον
2493 1339 2798 1415 ἀπενέγκαι,
2858 1341 3089 1397 πλεῖστα
3146 1343 3204 1397 ἃν
3256 1343 3405 1417 αύτῷ
3460 1347 3625 1400 κατά-

210 1448 366 1499 θοιτο
400 1433 575 1509 λύτρα
607 1435 634 1488 ὁ
669 1435 949 1509 βασιλεύς.
985 1440 1095 1505 Τῆς
1127 1433 1183 1490 δὲ
1231 1438 1424 1513 φήμης
1466 1432 1829 1502 κατειπούσης
1878 1426 2262 1504 συλληφθῆναι
2315 1426 2407 1482 τὸν
2449 1428 2862 1501 στρατηλάτην,
2919 1430 3217 1504 ἐπιμελοῦς
3263 1434 3625 1510 γεγενημένης

205 1524 432 1599 ἐρεύνης
465 1521 638 1594 δῆλος
671 1523 873 1599 γίνεται
905 1525 993 1579 καὶ
1024 1529 1104 1597 τῷ
1132 1525 1294 1582 Ἀσὰν
1328 1523 1701 1604 ἐμφανίζεται.

282 1617 340 1671 ε’.
375 1614 473 1669 Καὶ
524 1612 658 1688 τῇδε
704 1615 797 1687 μὲν
857 1610 1033 1685 ἀπέϐη
1093 1620 1278 1671 ταῦτα’
1335 1615 1460 1670 τότε
1516 1611 1572 1668 δὲ
1619 1614 1707 1668 καὶ
1758 1614 1865 1666 τῶν
1896 1620 1945 1684 Α

208 1702 580 1779 δορυαλώτων
611 1724 693 1763 τις
738 1704 954 1778 ἱερέων,
1005 1704 1080 1766 εἰς
1128 1705 1220 1759 τὸν
1275 1705 1447 1776 Αἶμον
1504 1701 1868 1777 αἰχμάλωτος

204 1792 584 1868 ἀπαγόμενος,
621 1789 789 1846 δεῖται
840 1796 937 1847 τοῦ
999 1794 1156 1847 ’Δσάν
1215 1792 1500 1871 ἀφεθῆναι,
1554 1788 1599 1844 δ’
1645 1790 1865 1866 ὁμοφω-

201 1882 319 1941 νίας
352 1879 428 1941 ὠς
458 1877 597 1953 ἴδρις
630 1887 730 1949 τῆς
761 1884 869 1935 τῶν
901 1879 1136 1954 Βλάχων
1168 1888 1354 1957 φωνῆς
1385 1880 1462 1942 εἲς
1496 1874 1647 1934 ἔλεον
1702 1876 1860 1931 αὐτὸν

201 1967 634 2043 ἐκκαλούμενος.
705 1971 760 2023 '0
828 1967 874 2023 δ’
950 1970 1237 2033 ἀνανεύσας
1330 1968 1492 2049 ἔφατο
1589 1966 1866 2041 μηδέποτε

204 2055 503 2133 προθέσθαι
579 2060 886 2132 Ῥωμαίους
962 2058 1245 2128 ἀπολύειν,
1328 2057 1456 2113 ἀλλ’
1540 2054 1863 2125 ἀπολλύειν,

202 2150 371 2203 τοῦτο
401 2148 505 2222 γὰρ
553 2147 641 2201 καὶ
703 2148 832 2203 Θεὸν
897 2147 1208 2221 βούλεσθαι,
1272 2148 1410 2222 Πρὸς
1465 2145 1494 2201 ὅ
1545 2147 1637 2200 τὸν
1695 2145 1861 2213 Θύτην

206 2235 423 2309 λέγεται
526 2235 952 2312 ἀνθυπξνεγκεῖν»
1067 2236 1384 2306 στενάξαντ²
1488 2235 1670 2306 βύθιον
1769 2233 1860 2286 καὶ

203 2321 464 2398 δακρύοις
514 2326 583 2379 τὰ
641 2323 863 2398 ὄμματα
916 2325 1198 2398 τέγξαντα,
1264 2321 1395 2397 μηδ’
1489 2321 1637 2394 αἱ)τῷ
1730 2321 1857 2376 Θεὸν

207 2412 603 2467 ὑπολείπεσθαι
682 2413 1007 2487 οἰκτίρμονα
1082 2413 1196 2476 ἀνθ’
1272 2413 1345 2466 ὧν
1427 2412 1526 2466 οὐκ
1616 2409 1857 2482 ἐμνήσθη

198 2508 430 2571 ποιῆσαι
476 2497 631 2563 ἕλεος
685 2501 818 2574 μετᾶ
872 2501 1103 2572 πένητος
1165 2499 1358 2576 ἀνδρὸς
1415 2498 1505 2555 διαὶ
1560 2498 1858 2574 ἱερωσύνης

198 2595 317 2661 θεῷ
350 2591 777 2661 πλησιάζοντος,
833 2589 996 2665 ἐγγυς
1053 2587 1110 2644 δέ
1168 2591 1220 2644 οἳ
1280 2590 1607 2664 παρεστάναι
1654 2586 1744 2642 καὶ
1795 2587 1857 2641 τὸ

195 2687 299 2749 τῆς
335 2686 480 2749 ζωῆς
510 2681 707 2754 τέρμα,
740 2681 829 2736 καὶ
860 2686 1021 2736 τούτο
1057 2682 1134 2753 μή
1182 2680 1257 2743 ὠς
1307 2683 1361 2735 ἓν
1420 2679 1651 2753 μαλακῴ
1705 2677 1856 2749 ὕπνῳ

202 2774 280 2840 τῷ
309 2775 522 2848 φυσικῷ
584 2770 738 2843 μόρῳ
786 2768 1236 2842 ἐπελευσόμενον,
1289 2768 1413 2824 ἀλλ’
1463 2768 1538 2830 ὠς
1586 2765 1744 2829 εἷ’ωθε
1791 2765 1858 2820 τὰ

203 2857 435 2913 πλεῖστα
490 2864 606 2920 τοῖς
664 2858 913 2932 σφάττειν
976 2858 1027 2913 ἐν
1100 2857 1349 2933 μαχαίρᾳ
1411 2855 1852 2931 προτιθεμένοις.

2048 1612 2100 1664 5.
2137 1608 2238 1663 Hic
2270 1607 2428 1663 illius
2456 1610 2842 1681 expeditionis
2875 1612 3067 1669 exitus
3101 1613 3227 1669 fuit.
3263 1615 3409 1672 Tum
3439 1614 3615 1671 etiam

1970 1699 2208 1769 quidam
2258 1699 2521 1770 captivus
2571 1700 2865 1771 sacerdos,
2902 1701 3182 1757 Blacbicaz
3228 1703 3442 1776 lingua
3475 1705 3620 1776 peri-

1972 1792 2087 1850 tus,
2125 1804 2255 1842 cum
2301 1789 2360 1842 in
2401 1788 2662 1843 Haemum
2711 1790 3117 1857 abduceretur,
3149 1794 3398 1849 Asanem
3448 1795 3619 1848 mise-

1971 1877 2136 1930 rabili
2185 1878 2447 1932 oratione
2477 1878 2806 1934 obtestatus
2840 1883 2905 1933 ut
2954 1896 3015 1935 se
3045 1881 3388 1947 dimitteret,
3424 1883 3523 1936 ubi
3561 1882 3617 1938 id

1969 1965 2067 2020 ille
2101 1966 2310 2031 renuit,
2344 1982 2531 2037 neque
2571 1966 2725 2022 enim
2760 1967 2871 2022 sibi
2930 1971 3294 2040 propositum
3337 1987 3466 2027 esse
3498 1972 3608 2027 Ro-

1970 2070 2174 2109 manos
2223 2055 2513 2109 dimittere
2560 2058 2657 2110 sed
2709 2057 2970 2127 perdere,
3022 2058 3197 2128 idque
3259 2061 3369 2114 Deo
3428 2061 3603 2116 etiam

1969 2144 2219 2212 probari,
2250 2143 2347 2199 ille
2390 2159 2523 2200 cum
2574 2143 2692 2199 alto
2741 2146 2993 2216 suspirio
3041 2151 3099 2201 et
3142 2148 3414 2219 lacrymis
3463 2151 3597 2205 sub-

1962 2233 2173 2302 jecisse
2223 2234 2403 2289 fertur
2450 2249 2553 2289 nec
2595 2234 2705 2304 ipsi
2753 2234 3035 2305 reliquam
3078 2253 3203 2292 esse
3252 2238 3351 2294 Dei
3385 2238 3610 2293 miseri-

1966 2323 2249 2389 cordiam,
2282 2323 2438 2395 quod
2468 2322 2571 2378 viri
2612 2324 2909 2395 pauperis,
2940 2325 3056 2380 Deo
3103 2326 3176 2381 ob
3221 2328 3607 2383 sacerdotium

1966 2410 2291 2477 familiaris,
2327 2427 2439 2465 non
2465 2411 2541 2465 sit
2573 2410 2865 2481 misertus,
2894 2429 2960 2467 ac
2993 2413 3210 2469 instare
3231 2415 3281 2469 ci
3310 2427 3611 2471 cruentum

1965 2498 2092 2553 vitae
2124 2500 2364 2567 exitum,
2398 2498 2553 2570 quali
2578 2500 2845 2555 homines
2878 2502 3235 2571 sanguinarii
3272 2503 3608 2574 plerumque

1967 2587 2152 2656 perire
2195 2587 2441 2643 soleant.
2488 2587 2601 2642 Nec
2654 2588 2857 2643 fefellit
2904 2606 2972 2644 ea
3016 2591 3326 2646 sacriticuli
3378 2593 3609 2647 divinu-

1964 2678 2078 2745 tio;
2130 2692 2263 2731 nanl
2323 2675 2490 2745 paule
2537 2680 2666 2746 post
2723 2676 2876 2731 6l8
2938 2677 2994 2731 in
3055 2679 3300 2749 Mysiam
3347 2696 3609 2735 reversus

1965 2784 1998 2821 a
2046 2765 2418 2821 familiarium
2466 2781 2706 2820 suorum
2760 2767 3013 2838 quodam
3057 2768 3383 2835 occiditur;
3436 2770 3610 2841 idque

1962 2854 2070 2910 hoc
2118 2855 2285 2909 modo
2339 2854 2553 2909 factum
2610 2860 2717 2909 est.
2769 2856 3013 2919 Quidam
3074 2861 3282 2912 natura
3321 2862 3379 2913 et
3434 2860 3613 2915 mori-

206 2946 311 3000 Καὶ
345 2945 407 2999 ού
452 2942 654 3001 διέπεσε
693 2952 791 3002 τοῦ
848 2947 1132 3016 θυηπόλου
1188 2949 1252 3001 τὸ
1301 2944 1617 3021 πρόρῥημα·
1674 2946 1853 3018 μικρῷ

1966 2946 2073 3000 bus
2112 2945 2160 2999 ei
2194 2943 2425 3011 similis,
2459 2949 2516 2998 et
2545 2942 2754 2998 intima
2804 2944 3195 3003 familiaritate
3232 2947 3608 3017 conjunotus,

206 3033 311 3107 γὰρ
355 3032 568 3109 ὕστερον
622 3036 698 3099 είς
747 3038 845 3107 την
906 3036 1113 3093 Μυσία)
1162 3034 1448 3106 ἐπανηκὼς
1506 3034 1650 3109 παρὰ
1706 3052 1852 3092 τινος

202 3126 312 3177 τῶν
374 3122 585 3178 οἰκείων
643 3122 1055 3200 διαχειρίζεται.
1115 3128 1212 3181 Ἢν
1270 3121 1327 3179 δὲ.
1381 3123 1640 3198 ὁτρόπος
1694 3119 1850 3183 οὗτος

198 3214 302 3276 τῆς
360 3213 529 3265 αὐτοῦ
586 3213 929 3288 ἀναιρέσεως.
999 3215 1165 3287 Ἀνήρ
1250 3233 1333 3273 τις
1394 3212 1645 3289 ὁμοφυὴς
1704 3211 1851 3282 αὐτῷ

191 3299 282 3352 καὶ
340 3298 654 3374 ὁμότροπος
712 3302 801 3355 καὶ
860 3302 905 3373 ᾧ
963 3302 1102 3356 πάνυ
1189 3296 1558 3374 προσέϐλεπεν
1641 3301 1850 3371 ἢμερον

198 3381 469 3463 (Ὶϐαγκός
530 3384 705 3459 ὄνομα
768 3387 929 3462 τῷδε·
1021 3389 1275 3461 σημαίνει
1354 3386 1410 3443 δὲ
1467 3390 1502 3457 ἡ
1558 3386 1701 3457 λέξις
1762 3388 1851 3441 τὸν

194 3476 496 3551 Ἰωάννην),
526 3481 596 3551 τῇ
627 3480 726 3547 τῆς
773 3480 1031 3553 γυναικός
1091 3478 1260 3533 αὐτοῦ
1317 3479 1627 3553 κασιγνήτῳ
1677 3475 1852 3551 λάθρα

194 3568 532 3641 συνήρχετο.
589 3567 898 3639 Πυθόμενος
960 3569 1051 3622 οὖν
1105 3567 1170 3622 τὰ
1234 3574 1334 3636 τῆς
1396 3568 1592 3641 μίξεως
1651 3565 1852 3625 ἐκεῖνος

187 3655 257 3709 τὰ
296 3656 393 3727 μὲν
449 3659 641 3728 πρῶτα
698 3654 774 3717 εἷς
833 3656 1056 3720 εὐθύνας
1103 3657 1207 3731 ἦγε
1264 3657 1365 3725 τὴν
1420 3656 1718 3727 ὁμευνέτιν,
1760 3654 1852 3709 καὶ

186 3742 423 3797 θανάτου
454 3742 617 3815 ἐτίμα
662 3744 763 3811 τήν
826 3742 913 3798 ἐπὶ
962 3750 1077 3807 τοῖς
1128 3742 1430 3818 δρωμένοις
1490 3744 1850 3818 παρασιώπη-

189 3849 299 3885 σιν·
364 3830 438 3893 ὠς
508 3828 555 3885 δ’
615 3829 811 3895 ἄλλοις
866 3853 925 3887 τε
989 3831 1145 3887 αὐτὸν
1202 3835 1238 3902 ἡ
1294 3833 1429 3908 γυνή
1500 3833 1688 3908 λόγοις
1752 3836 1850 3887 τοῦ

189 3918 383 3993 φονίου
442 3920 744 3991 κατηύναζε
796 3919 1117 3995 βλέμματος
1169 3920 1260 3975 καὶ
1307 3923 1656 3994 ὁρμήματος,
1706 3920 1854 3976 ἀλλὰ

190 4007 261 4076 δὴ
296 4009 497 4079 καὶτῷ
540 4009 834 4085 προσάγειν
894 4008 1111 4083 ὕστερον
1143 4008 1218 4071 ὠς
1269 4008 1484 4071 εἰκαίως
1527 4010 1676 4084 χολᾷ
1725 4030 1851 4076 κατ,

199 4096 397 4166 αὶτῆς,
456 4092 698 4172 ἀκριϐῶς
753 4098 854 4173 γὰρ
912 4103 1159 4153 κακεῖνον
1242 4098 1309 4153 τὰ
1366 4099 1488 4172 περὶ
1546 4100 1646 4167 τὴν
1711 4098 1850 4171 μίξιν

195 4187 427 4255 ταυτηνὶ
460 4183 778 4255 συνειδέναι,
809 4187 901 4241 τὸν
954 4188 1090 4242 κατὰ
1132 4193 1232 4255 τῆς
1285 4183 1628 4261 ὁμολέκτρου
1677 4188 1849 4262 χόλον

199 4275 277 4336 εἷς
311 4270 557 4348 Ἰϐαγκὸν
617 4275 959 4349 μετατίθησι,
1016 4275 1107 4330 καὶ
1167 4272 1232 4345 δή
1297 4276 1701 4348 μεταπέμπεται
1757 4275 1847 4329 τὸν

194 4362 367 4435 ἀνδρα
397 4368 506 4419 τῶν
533 4369 740 4418 νυκτῶν
775 4364 935 4438 ἀωρὶ,
980 4362 1149 4437 μηδὲν
1183 4364 1434 4442 καθυφεὶς
1481 4371 1584 4433 τῆς
1645 4364 1845 4437 ὁρμῆς.

193 4454 254 4508 Ὀ
289 4450 347 4507 δὲ
375 4454 438 4507 τὸ
465 4460 565 4521 τῆς
618 4454 808 4528 χρείας
859 4450 1059 4528 ἔξωρον
1115 4452 1215 4507 ούκ
1259 4452 1498 4508 ἀναίτιον
1549 4452 1638 4507 καὶ
1694 4453 1846 4506 ἀνεύ-

198 4544 355 4595 θυνον
390 4541 597 4611 οἰηθεὶς
627 4541 679 4605 ἐς
724 4544 823 4610 τὴν
871 4542 1056 4616 αὔριον
1106 4543 1204 4611 τήν
1253 4540 1425 4620 ἄφιξιν
1481 4542 1846 4617 ὑπερτίθεται.

200 4632 287 4702 [Ρ.
342 4632 466 4703 302]
514 4630 754 4686 Ἐκείνου
814 4628 859 4685 3'
911 4629 975 4685 αὖ
1034 4629 1201 4686 πάλιν
1252 4629 1565 4704 ἐγκειμένου
1620 4629 1709 4684 καί
1771 4631 1845 4703 μὴ

198 4716 383 4795 ῳέρειν
443 4712 668 4791 ἔχοντος
734 4719 832 4786 τήν
885 4717 1166 4791 ῥᾳστώνην
1228 4717 1303 4781 ὠς
1352 4713 1672 4792 παρόρασιν,
1732 4738 1853 4771 κοι-

193 4811 385 4861 νοῦται
440 4810 557 4866 τοῖς
614 4813 729 4869 καθ’
786 4810 925 4880 αἷμα
978 4807 1068 4861 καὶ
1128 4805 1310 4883 φίλοις
1368 4808 1429 4861 τὸ
1503 4809 1763 4876 ποιητέον
1824 4808 1851 4861 ὁ

195 4892 470 4970 Ἰϐαγκὸς,
504 4894 577 4955 εἷς
619 4899 743 4949 νοῦν
796 4895 895 4970 ὀψέ
938 4917 1070 4951 ποτε
1121 4894 1304 4970 βαλὼν
1346 4897 1409 4951 τὸ
1466 4903 1566 4966 τῆς
1622 4896 1853 4974 ἀφίξεως

191 4980 397 5038 αἶ’τιον.
433 4983 496 5034 Οἱ
554 4980 599 5036 δ’
649 4984 966 5050 ὑποτιθέασι
1012 4986 1192 5056 τούτῳ
1248 4986 1348 5055 τήν
1403 4992 1639 5059 προτενῆ
1699 5006 1853 5060 περι-

192 5072 477 5143 ζώσασθαι
546 5092 842 5149 μσχαιραν,
898 5074 987 5130 καὶ
1054 5074 1255 5144 ταύτην
1309 5079 1388 5147 τῷ
1445 5076 1649 5148 ἱματίῳ
1705 5074 1855 5130 ἐνθά-

196 5166 383 5238 ψαντα
415 5158 691 5231 εἰσελθεῖν,
743 5164 832 5218 καὶ
888 5168 984 5219 τοῦ
1047 5165 1140 5236 μέν
1198 5164 1359 5219 Ἀσάν
1416 5164 1596 5238 ἠρέμα
1659 5185 1854 5240 προσε-

193 5249 613 5319 πιπλήττοντος
644 5251 731 5305 καέ
763 5252 825 5307 τὸ
873 5258 969 5308 τοῦ
1022 5256 1198 5325 θυμοῦ
1245 5254 1360 5306 κατ’
1403 5252 1570 5307 αὐτοῦ
1623 5254 1851 5329 βράττον

196 5334 394 5412 ὕϐρεσι
424 5343 888 5411 συμιαετροῦντος,
916 5340 1005 5395 καὶ
1045 5345 1164 5401 τοῖς
1223 5338 1440 5402 λοιποῖς
1474 5342 1508 5395 ἅ
1539 5343 1614 5414 μή
1668 5340 1854 5412 λυμή-

200 5447 370 5497 νηται
428 5427 491 5480 τὸ
551 5432 710 5499 σῶμα
764 5433 862 5500 τὴν
915 5429 1143 5484 κόλασιν
1226 5428 1601 5506 ἁφορίζοντος,
1680 5428 1855 5505 φέρειν

202 5513 470 5587 γενναίως
499 5513 587 5569 καὶ
644 5517 740 5585 τήν
802 5515 881 5593 ἐφ’
937 5518 1023 5578 οἷς
1081 5516 1226 5571 ἑάλω
1285 5516 1670 5589 παραλύπησιν
1729 5538 1853 5593 συγ-

209 5600 444 5674 γνώμην
476 5600 660 5656 αἰτεῖν’
705 5608 754 5659 εἴ
809 5603 854 5660 δ’
914 5604 1117 5666 ἐκεῖνος
1171 5602 1351 5678 διφῲη
1409 5607 1471 5660 τὸ
1527 5606 1680 5684 ξίφος
1740 5607 1855 5660 κατ’

212 5685 407 5754 αὐτοῦ,
460 5696 743 5758 τηνικαῦτα
801 5692 1046 5750 κάκεῖνον
1105 5690 1466 5769 ἀνδρίζεσθαι,
1545 5694 1634 5750 καὶ
1695 5693 1856 5748 σπεύ-

462 5804 722 5873 ΡΔτιιοι..
770 5814 877 5876 Ga.
926 5810 1247 5873 CXXXIX.

1962 3034 2199 3089 nomine
2244 3034 2495 3088 Ibancus
2542 3031 2644 3095 (sic
2688 3032 2945 3088 Joannes
2993 3051 3026 3089 a
3074 3034 3305 3090 Blacbis
3353 3036 3609 3105 dicitur),

1957 3124 2109 3180 clam
2162 3141 2292 3180 cum
2353 3123 2551 3180 uxoris
2597 3125 2723 3194 ejus
2780 3141 2974 3181 sorore
3031 3132 3433 3184 consueverat.
3481 3129 3603 3193 Quo

1958 3219 2165 3285 stupro
2210 3218 2525 3283 comperto,
2578 3213 2860 3285 principio
2910 3231 3145 3271 uxorem
3194 3217 3504 3273 accusabat
3553 3224 3611 3275 et

1958 3308 2188 3375 propter
2256 3304 2385 3373 ejus
2462 3302 2734 3357 facinoris
2810 3303 3334 3360 dissimulationem
3401 3307 3609 3377 capitis

1958 3391 2295 3447 damnabat.
2333 3392 2377 3444 A
2403 3405 2519 3461 quo
2570 3390 2788 3444 crudeli
2825 3390 3119 3461 proposito
3150 3409 3283 3447 cum
3315 3393 3446 3449 aliis
3479 3411 3607 3449 ver-

1958 3484 2047 3538 bis
2076 3482 2273 3538 uxoris
2305 3498 2426 3537 suae
2457 3480 2790 3550 deterritus,
2826 3486 2948 3538 tum
2981 3500 3047 3538 eo
3081 3484 3235 3554 quod
3270 3484 3609 3542 affirmabat

1956 3570 2153 3644 ipsum
2188 3585 2421 3642 quoque
2451 3571 2578 3639 ejus
2616 3569 2696 3625 rei
2730 3570 2909 3643 probe
2940 3587 3186 3642 gnarum
3217 3587 3366 3641 esse,
3400 3572 3548 3630 iram
3579 3592 3612 3631 a

1957 3661 2202 3716 muliere
2235 3660 2295 3714 in
2333 3660 2609 3713 lbaccum
2634 3659 2935 3725 transfert,
2970 3675 3224 3731 eumque
3253 3659 3417 3715 nulla
3448 3677 3614 3717 mora

1957 3749 2295 3818 interposita
2342 3747 2696 3819 intempesta
2740 3754 2907 3806 nocte
2956 3752 3220 3806 accersit.
3257 3750 3312 3805 Is
3362 3766 3495 3806 vero
3551 3768 3617 3807 se

1956 3836 2145 3892 alieno
2190 3841 2450 3907 tempore
2498 3853 2612 3891 non
2663 3837 2787 3891 sine
2831 3837 2986 3907 gravi
3036 3854 3212 3894 causa
3258 3842 3316 3893 et
3362 3838 3608 3894 crimine

1955 3924 2145 3980 voeari
2179 3929 2362 3991 ratus,
2387 3924 2699 3979 adventum
2732 3942 2908 3980 suum
2943 3926 2998 3980 in
3032 3926 3355 3982 crastinum
3389 3927 3600 3983 differt.

1956 4015 2061 4068 Sed
2120 4012 2216 4067 illo
2264 4028 2470 4067 rursus
2512 4012 2765 4067 instante
2795 4019 2852 4069 et
2883 4014 3463 4085 procrastinationem
3512 4017 3604 4071 sui

1957 4104 2357 4172 contemptum
2418 4099 2859 4171 interpretante,
2918 4102 3167 4158 Ibancus
3223 4102 3312 4158 vix
3370 4104 3604 4160 tandem

1958 4206 2135 4245 causa
2166 4205 2268 4245 cur
2312 4192 2613 4244 vocaretur
2660 4189 2976 4255 intellecta,
3010 4206 3143 4246 cum
3184 4192 3388 4249 amicis
3435 4200 3491 4249 et
3520 4210 3611 4250 co-

1959 4278 2143 4349 gnatis
2190 4277 2491 4334 deliberat.
2543 4277 2585 4332 Ii
2637 4282 2879 4333 monent
2929 4284 2989 4334 ut
3035 4279 3208 4354 longo
3257 4281 3447 4353 gladio
3497 4283 3607 4339 sub

1960 4372 2115 4425 veste
2136 4366 2421 4423 occultato
2454 4366 2747 4421 accinctus
2776 4365 3162 4439 ingrediatur.
3186 4370 3402 4434 Quodsi
3449 4373 3606 4428 Asan

1958 4473 2091 4511 eum
2127 4455 2348 4511 modice
2378 4455 2647 4525 obiurget
2702 4459 2760 4509 et
2796 4454 3107 4510 iracundia:
3159 4458 3439 4527 impetum
3471 4476 3608 4515 con-

1961 4544 2125 4600 viciis
2172 4543 2445 4598 terminet
2491 4544 2618 4598 sine
2666 4544 2927 4599 cruciatu
2973 4545 3248 4615 corporis,
3285 4551 3347 4600 ut
3387 4547 3612 4603 fortiter

1964 4635 2102 4688 ferat
2150 4636 2208 4687 et
2250 4630 2483 4702 culpam
2534 4634 2894 4702 deprecetur.
2927 4631 3030 4688 Sin
3082 4648 3278 4689 ensem
3327 4635 3607 4706 postulet,

1962 4728 2083 4777 tum
2115 4726 2173 4775 et
2199 4722 2323 4790 ipse
2352 4719 2540 4774 virum
2572 4734 2634 4774 se
2667 4721 2935 4790 praebeat,
2969 4726 3026 4776 et
3062 4738 3292 4793 operam
3326 4723 3424 4778 det
3452 4724 3607 4780 6l9

1964 4812 2373 4864 utantevertat
2404 4807 2699 4862 hominem
2744 4808 3146 4879 impudentem
3189 4816 3247 4865 et
3288 4812 3610 4882 sanguina-

1966 4901 2139 4962 rium,
2175 4912 2277 4951 nec
2308 4895 2497 4951 ullum
2528 4896 2713 4951 ictum
2746 4896 2859 4952 nisi
2893 4897 3165 4954 lctbalem
3198 4899 3250 4956 ei
3282 4899 3511 4956 inferat.
3548 4900 3610 4956 Id

1966 4985 2279 5041 consilium
2332 4984 2578 5039 Ibancus
2622 4983 2824 5039 statim
2870 4986 3228 5059 exsequitur.
3277 4986 3422 5044 Nam
3471 5004 3606 5045 cum

1966 5075 2248 5129 Barbarus
2280 5071 2429 5127 nihil
2461 5072 2747 5128 moderati
2790 5072 2848 5128 in
2881 5090 3016 5131 eum
3062 5076 3365 5149 cogitaret,
3396 5078 3500 5134 sed
3532 5080 3604 5134 ad

1968 5162 2220 5235 primum
2252 5161 2381 5229 ejus
2412 5164 2788 5230 conspectum
2837 5164 3109 5220 etferatus
3140 5181 3337 5222 ensem
3386 5183 3610 5238 quaere-

1967 5252 2075 5317 ret,
2107 5248 2202 5305 ille
2234 5249 2459 5305 facinus
2488 5258 2736 5321 occupat
2786 5258 2842 5307 et
2870 5268 3009 5308 ense
3051 5254 3108 5309 in
3144 5253 3380 5325 inguine
3422 5256 3612 5313 deﬁxo

1968 5343 2214 5397 Asanem
2250 5338 2484 5395 occidit.
2519 5339 2663 5393 Inde
2692 5340 2927 5413 elapsus
2946 5343 3139 5398 statim
3166 5344 3239 5400 ad
3268 5346 3533 5403 conscios
3553 5364 3618 5404 se

1969 5426 2193 5497 recipit,
2221 5443 2287 5482 ac
2302 5426 2453 5481 cmde
2476 5424 2729 5483 indicata
2752 5445 2886 5484 cum
2921 5429 3005 5485 eis
3025 5430 3331 5486 consilium
3355 5433 3624 5489 defectio-

1968 5517 2058 5571 nis
2107 5514 2258 5570 init:
2293 5529 2483 5578 neque
2513 5513 2670 5570 enim
2723 5518 2949 5583 fratres,
2983 5524 3263 5592 cognatos
3313 5525 3371 5575 et
3401 5522 3621 5577 amicos

1967 5603 2258 5660 interfecti
2291 5603 2605 5675 quieturos.
2634 5606 2851 5671 Quodsi
2876 5623 2964 5663 res
2994 5624 3059 5664 ex
3090 5609 3376 5664 sententia
3398 5625 3628 5664 succes-

1966 5694 2128 5760 serit,
2152 5710 2222 5749 se
2253 5689 2476 5767 regioni
2509 5691 2589 5746 illi
2621 5700 2679 5749 et
2712 5699 2815 5755 toti
2845 5699 3035 5767 Mysiae
3062 5698 3275 5769 justius
3310 5702 3361 5751 et
3400 5697 3623 5767 aequius

3321 5812 3393 5867 2⁵1
