4098 6292
281 300 402 360 819

1203 307 1307 365 DE
1347 305 1636 365 ALEXIO
1678 303 1963 364 ISAACII
2010 303 2302 364 ANGELI
2350 306 2473 363 FB.
2526 305 2668 364 LIB.
2718 304 2767 365 Ι.

3584 307 3705 366 850

284 439 469 508 ροῖντο
531 435 869 506 στείλασθαι,
930 437 1045 492 ἐπεὶ
1109 435 1241 512 μηδ’
1299 435 1543 513 εὕρισκον
1601 437 1694 491 τὸν
1751 430 2022 511 βάρϐαρον
2083 436 2259 508 μένειν
2307 437 2504 500 αὐτοὺς
2561 438 2698 493 κατὰ
2756 434 2944 515 γώραν
2977 438 3147 495 ἐῶντα
3199 439 3289 495 καὶ
3317 440 3518 515 φόρους
3552 441 3700 512 αὖτῷ

285 525 661 580 κατατίθεσθαι
721 528 974 581 ὁπωσοῦν
1041 527 1435 601 συντιθέμενον.
1496 531 1640 584 Ταῦτ
1699 526 1799 601 ἄρα
1874 526 1964 580 καὶ
2014 525 2189 600 ὅρκων
2246 527 2629 602 γεγενημὲνων
2687 529 2715 581 ὁ
2778 530 2872 600 μὲν
2941 526 3152 603 Πέρσης
3208 532 3329 604 εἶχε
3381 532 3479 599 civ
3529 531 3692 586 πόλιν

287 614 377 666 καὶ
411 620 526 676 τοῖς
588 613 647 670 ἐκ
704 620 799 670 τοῦ
856 615 1043 689 γένους
1103 613 1322 671 δίδωσιν
1382 617 1553 684 αὐτ-ἧν
1610 615 1688 678 εἷς
1745 614 2043 684 ἐνοίκησιν,
2102 615 2259 670 αὐτοὶ
2290 613 2347 670 δὲ
2404 617 2820 690 μεταναστάντες
2881 616 3077 673 ἐκεῖθεν
3142 619 3259 674 καθ’
3289 618 3470 695 ὲτὲρας
3509 620 3698 696 χώρας

285 702 377 756 καὶ
435 702 627 766 πόλεις
687 701 1073 781 διεσπάρησαν⁸
1135 704 1341 760 πολλοὶ
1404 702 1460 760 δὲ
1512 712 1617 774 τῆς
1663 702 1920 779 πατρίδος
1978 704 2216 778 ἄγχιστα
2274 707 2578 778 πηξάμενοι
2625 707 2854 780 μόσυνα,
2915 706 3057 763 οὕτω
3111 705 3303 763 δοκοῦν
3366 713 3445 780 τῷ
3517 712 3695 785 Πέρσῃ

285 790 652 865 προσέμειναν
714 792 964 848 δούλειον
1046 792 1336 855 ὕποδύντες
1404 795 1585 867 ζυγὸν,
1645 797 1727 856 οἷς
1785 797 1819 862 ἡ
1892 797 1993 857 τῆς
2049 791 2413 870 ἒνεγκαμένης
2479 793 2758 869 γλυκύτης
2822 799 2891 869 τῇ
2948 799 3140 870 μνήμῃ
3201 794 3515 873 προσίζανεν
3571 799 3696 853 ἀνα-

281 883 569 941 πόνιπτος.
634 880 738 936 Καὶ
786 884 1038 935 τοιοῦτον
1098 880 1192 952 μὲν
1251 884 1319 953 τῇ
1379 880 1537 935 πόλει
1594 875 1831 953 Δαδίϐρῃ
1900 877 2063 940 τέλος
2120 879 2448 949 ἀπήντησεν·
2494 883 2521 936 ὁ
2580 878 2638 936 δὲ
2699 879 2955 955 βασιλεὺς
3007 884 3138 955 μετὰ
3180 878 3358 959 ϐραχὺ
3407 889 3487 955 τῷ
3520 884 3697 958 Πέρσῃ

282 969 647 1041 σπεισάμενος
704 967 981 1024 ἀπέδωκεν
1068 967 1347 1031 ἀσπασίως
1418 969 1516 1024 ὅσα
1596 971 1703 1045 πρὸ
1750 974 1847 1024 τοῦ
1928 966 2135 1024 ἁλῶναι
2195 965 2462 1045 Δάδιϐραν
2516 970 2780 1043 ἀπῃτεῖτο
2838 973 3122 1045 χρήματα,
3181 973 3256 1034 ὡς
3315 973 3366 1042 ἐξ
3424 971 3690 1046 ὄμμάτων

281 1059 447 1114 οὖσαν
476 1060 577 1127 τῆν
617 1057 741 1113 τότε
771 1058 1035 1133 αἰσχύνην
1054 1060 1265 1132 ταχέως
1299 1059 1759 1134 ἀποτριψάμενος.

351 1175 514 1235 Ἀλλ’
546 1172 608 1230 οὔ
627 1198 712 1230 πω
739 1178 774 1245 ἡ
801 1176 1090 1249 Ῥωμαίων
1137 1176 1283 1250 ἀρχῆ
1324 1177 1423 1244 τὴν
1487 1175 1670 1248 ἅλμην
1728 1174 1929 1243 ταύτην

2119 1177 2266 1233 627
2304 1177 2413 1232 Vix
2446 1181 2834 1234 Romanorum
2884 1179 3196 1250 imperium
3255 1181 3327 1235 ab
3382 1180 3493 1237 hoc
3542 1182 3697 1237 malo

268 1266 572 1321 ἆπὲπτυσεν
650 1264 894 1319 ἀνένευσέ
981 1285 1039 1319 τε
1120 1270 1370 1339 καθαρῶς
1453 1264 1544 1319 καὶ
1629 1263 1933 1333 ἀνέπνευσε,

269 1355 366 1409 καὶ
428 1351 741 1407 δεινοτέοων
813 1352 1152 1427 ἀγγέλμασιν
1214 1352 1577 1425 ἀκουσμάτων
1670 1352 1932 1428 βάλλεται

269 1444 601 1512 ἄλλων,καί
629 1448 736 1498 τῶν
775 1443 1082 1499 ἐνεστώτων
1141 1446 1224 1516 [Ρ.
1285 1446 1413 1515 ΒΟίῖ]
1457 1443 1592 1512 ἦσαν
1648 1443 1714 1497 τά
1763 1462 1934 1516 προσ-

273 1531 574 1605 δοκώμενα
655 1529 1077 1610 δυσαχθέστερα,
1152 1531 1204 1586 εἷ’
1256 1553 1319 1606 γε
1375 1532 1439 1587 τά
1501 1532 1593 1605 μὲν
1648 1532 1930 1585 ύπὲσαινον

268 1621 588 1696 ἐλευθερίας
620 1618 1119 1695 ἐγκαταλείμμασιν
1179 1620 1286 1675 ἀπὸ
1348 1620 1543 1694 μέρους
1610 1618 1930 1695 ἀλγύνοντα,

264 1711 340 1765 τά
401 1708 446 1764 δ’
506 1710 567 1764 ἐκ
620 1714 726 1764 τῶν
794 1710 1057 1785 ἐσπερίων
1117 1708 1284 1773 ἐθνῶν
1343 1708 1623 1784 βάλλοντα
1678 1707 1928 1763 δουλείαν

264 1803 543 1873 παρεῖχον
620 1797 976 1869 φαντάζεσθαι
1039 1799 1295 1875 παγγενεί
1357 1792 1782 1872 προϐησομένην
1840 1794 1929 1851 καὶ

261 1887 756 1943 δυσαπάλλακτον.
790 1888 850 1944 Ὁ
876 1887 979 1963 γὰρ
1036 1885 1101 1957 δὴ
1161 1887 1284 1943 τότε
1335 1892 1548 1962 κρατῶν
1605 1892 1711 1941 τῶν
1760 1885 1928 1942 Ἀλα-

262 1983 456 2049 μτς-ιῶν
517 1976 823 2049 Ἀμερίγος
884 1976 912 2029 ὁ
961 1980 1063 2030 τοῦ
1134 1972 1475 2050 Φρεδερίχου
1538 1975 1678 2042 υἱὸς,
1745 1973 1803 2037 ὅς
1878 1972 1930 2028 ἐν

372 2068 510 2121 uti:
545 2065 909 2136 Παλαιστίνην
942 2063 1120 2138 ἀνόδῳ
1174 2066 1243 2120 τὰ
1308 2065 1508 2120 ὕστατα
1583 2065 1779 2139 νίπτρα
1828 2064 1928 2120 λέ-

259 2156 464 2212 λουται
516 2155 776 2229 ποταμίῳ
850 2154 1185 2228 ἐναποψύξας
1278 2155 1527 2228 ῥεύματι,
1611 2153 1792 2217 γαθὼς
1877 2153 1928 2208 ἐν

256 2250 382 2309 τοῖς
416 2245 553 2299 κατὰ
579 2242 673 2299 τὸν
732 2243 1001 2320 ’Ἄγγελον
1062 2241 1251 2318 λόγοις
1307 2244 1613 2319 ἱστόρηται,
1674 2244 1773 2313 τήν
1823 2264 1925 2297 πα-

261 2336 448 2411 τρῴαν
506 2332 752 2412 εἰληφὼς
808 2330 1090 2408 βασιλείαν
1146 2329 1403 2386 Σικελίαν
1460 2353 1517 2386 τε
1574 2331 1926 2405 παραστησά-

266 2445 435 2499 μενος
503 2423 593 2476 καὶ
638 2421 875 2479 Ἰταλίαν
940 2420 1373 2496 ὑπαγαγόμενος,
1468 2419 1555 2475 ἐπὶ
1634 2418 1776 2492 τῷδε
1832 2421 1923 2475 καὶ

2044 1265 2375 1336 respiraral,
2418 1281 2555 1321 cum
2613 1266 2712 1322 alii
2752 1267 2944 1323 nuntii
2997 1268 3290 1338 graviores
3350 1269 3695 1339 afferuntur,

2044 1359 2099 1410 et
2135 1357 2328 1409 l'utura
2378 1358 2654 1425 majorem
2704 1355 2961 1411 dolorem
3024 1357 3274 1412 aﬂ'crunt
3323 1376 3498 1430 quam
3551 1376 3696 1430 pra:-

2043 1445 2256 1498 sentia.
2289 1444 2430 1498 Nam
2483 1445 2603 1498 hac
2634 1445 2896 1515 quidem,
2939 1447 3213 1516 quamvis
3243 1462 3312 1501 ex
3365 1457 3530 1518 parte
3571 1465 3692 1505 mo-

2042 1531 2271 1587 lestiam
2318 1534 2618 1598 baberent,
2670 1538 2863 1588 tamen
2913 1533 3197 1589 libertatis
3248 1536 3545 1592 nonnullis
3603 1556 3677 1594 re.

2041 1620 2239 1692 liquiis
2292 1621 2765 1676 blandiebantur.
2801 1623 2935 1686 Quae
3001 1630 3193 1677 autem
3228 1624 3299 1678 ab
3325 1626 3693 1680 occidentali-

2041 1710 2151 1764 bus
2208 1711 2478 1779 gentibus
2525 1710 2925 1777 imminebant,
2966 1728 3033 1767 ea
3084 1711 3425 1767 servitutem
3468 1715 3697 1770 univer-

2040 1816 2163 1854 sam
2180 1806 2232 1853 et
2252 1808 2587 1872 perpetuam
2608 1801 3050 1855 minitabantur.
3073 1801 3215 1857 Nam
3235 1802 3627 1860 Alemannoru
3639 1822 3691 1859 m

2039 1902 2134 1941 rex
2168 1888 2494 1957 Amerigus,
2555 1887 2833 1942 Friderici
2868 1887 3044 1955 ﬁlius,
3081 1888 3181 1960 qui
3212 1888 3271 1943 in
3323 1891 3692 1961 expeditione

2037 1974 2342 2029 Palaestina
2374 1975 2717 2029 submersus
2751 1980 2861 2041 est,
2907 1983 2973 2031 ut
2998 1978 3055 2031 in
3106 1977 3310 2033 Isaacii
3341 1979 3543 2051 Angeli
3589 1981 3695 2038 im.

2037 2064 2192 2134 perio
2215 2064 2491 2131 diximus,
2525 2069 2767 2134 paterno
2799 2065 3127 2136 principatu
3154 2072 3443 2138 suscepto,
3492 2069 3694 2125 Sicilia

2033 2158 2089 2207 et
2157 2152 2321 2208 italia
2391 2153 2673 2220 subactis,
2753 2155 3040 2209 Romanos
3106 2153 3265 2226 ipsos
3343 2156 3687 2223 lacessebat,

2034 2257 2319 2296 novarum
2354 2257 2545 2297 rerum
2589 2241 2925 2313 importune
2968 2242 3241 2313 cupidus,
3303 2248 3360 2299 et
3392 2251 3691 2314 grassator

2033 2328 2408 2386 inevitabilis.
2441 2330 2638 2402 Neque
2670 2335 2868 2386 tamen
2904 2331 3101 2387 statim
3128 2332 3423 2389 Romanos
3449 2334 3684 2400 invasit,

2033 2419 2110 2474 rei
2141 2418 2488 2474 ditlicultate
2544 2419 2885 2491 deterritus,
2920 2421 3128 2491 positis
3158 2422 3349 2477 adhuc
3379 2423 3451 2478 ob
3483 2422 3686 2478 oculos

258 2512 569 2584 Ῥωμαίοίς
618 2510 807 2571 αὐτοῖς
873 2508 1134 2586 ἐπεφύετο
1220 2512 1558 2584 πραγμάτων
1646 2507 1921 2584 νεωτέρων

2039 2513 2374 2564 nostrorum
2443 2513 2644 2563 contra
2709 2508 2935 2564 Siculos
2995 2510 3243 2565 fortibus
3303 2512 3683 2578 facinoribus,

262 2600 470 2663 ἄτοπος
504 2598 575 2654 ὥν
635 2599 861 2675 ἐραστὴς
918 2599 1008 2653 καὶ
1068 2599 1256 2672 ῥέκτης
1314 2603 1495 2652 κακῶν
1564 2594 1922 2653 δυσαπάλλα-

261 2710 419 2751 κτος.
453 2689 566 2745 Ούκ
606 2686 800 2758 ἀνέδην
849 2685 906 2742 δὲ
948 2687 1038 2742 καὶ
1075 2685 1265 2741 αύτίκα
1319 2687 1616 2759 Ῥωμαίοις
1671 2687 1736 2755 ἦν
1793 2686 1921 2765 ἐφε-

266 2777 496 2854 δρεύων,
521 2780 583 2832 τὸ
626 2781 727 2843 τῆς
790 2775 1162 2855 ἐγχειρήσεως
1226 2773 1462 2850 ἐργῶδες
1533 2770 1922 2847 ὑποϐλεπόμε-

267 2888 387 2936 νος,
409 2866 496 2919 καὶ
523 2862 599 2920 ἔτι
630 2860 776 2941 ἔχων
808 2872 925 2925 τοῖς
974 2862 1290 2942 ὀφθαλμοῖς
1350 2863 1685 2939 προκείμενα
1750 2863 1923 2917 ὁπόσα

266 2954 534 3027 Ῥωμαῖοι
559 2955 698 3009 κατὰ
759 2953 1060 3009 Σικελικῶν
1115 2950 1439 3027 ἠνδρίσαντο
1509 2950 1563 3014 ἐς
1620 2952 1720 3020 τήν
1781 2954 1919 3023 ἡμε-

265 3044 421 3117 τέραν
461 3044 656 3117 πρώην
688 3038 1170 3118 παρευόαλόντων,
1226 3042 1317 3096 καὶ
1372 3042 1518 3117 παρά
1571 3044 1668 3095 τοῦ
1725 3040 1920 3095 πάππα

261 3129 315 3186 δὲ
346 3135 453 3196 τῆς
501 3126 869 3205 πρεσϐυτέρας
921 3131 1143 3198 Ῥώμης
1195 3129 1295 3183 οὐκ
1359 3123 1585 3183 ἔλαττον
1644 3129 1919 3203 ἀνασειρά-

261 3221 494 3295 ζόμενος
525 3227 623 3289 τῆς
656 3218 982 3293 προθέσεως.
1030 3219 1253 3293 Πέμψας
1304 3220 1395 3273 οὖν
1458 3214 1714 3291 πρεσϐεις
1782 3220 1917 3293 πρὸς

256 3311 345 3364 τὸν
381 3308 760 3382 αὐτοκράτορα
790 3308 1056 3364 Ἰσαάκιον
1115 3304 1202 3380 (οἷ)
1262 3307 1365 3382 γὰρ
1426 3328 1512 3361 πω
1567 3313 1667 3376 τῆς
1734 3306 1916 3381 ἀρχῆς

257 3398 685 3472 ἐξωστράκιστο)
744 3396 916 3459 αἰτίας
991 3394 1217 3470 συνείρει
1302 3395 1560 3450 ἀναιτίου
1647 3392 1912 3465 δήπουθεν

258 3485 613 3547 διαστάσεως.
647 3487 857 3557 Ἐαυτῷ
886 3485 987 3562 γὰρ
1047 3485 1339 3557 ἀπεμέριζε
1400 3486 1489 3539 καὶ
1545 3485 1912 3560 προσῳκείου,

257 3574 476 3648 ὠςῆδη
523 3575 781 3636 Σικελίας
826 3575 1213 3645 ἐξουσιάζοντι,
1270 3574 1363 3636 τὰς
1426 3574 1475 3647 ἐξ
1531 3575 1702 3643 αὐτῆς
1763 3576 1917 3630 Ἐπι-

256 3664 468 3741 δάμνοτ
503 3664 668 3739 μέχρι
700 3664 791 3718 καὶ
832 3666 931 3733 τῆς
994 3663 1395 3737 μεγαλωνύμου
1456 3663 1674 3727 πόλεως
1721 3670 1916 3718 Θεσσα-

255 3756 491 3825 λονίκης
549 3755 865 3826 Ῥωμαϊκὰς
925 3752 1276 3823 ἁπαξαπάσας
1338 3753 1525 3828 χώρας
1594 3753 1667 3815 ὡς
1759 3752 1915 3826 νόμῳ

258 3842 616 3918 ὑπεκυψάσας
666 3839 917 3914 πολέμου
972 3846 1050 3913 τῷ
1103 3846 1210 3897 τῶν
1270 3839 1512 3896 Σικελῶν
1558 3846 1663 3915 πρὸ
1720 3840 1911 3915 τρίτης

2038 2613 2169 2652 cum
2205 2597 2427 2667 pridem
2489 2598 2546 2650 in
2584 2596 2910 2665 provincias
2941 2604 3172 2653 nostras
3202 2599 3485 2670 impetum
3519 2601 3684 2656 fecis-

2032 2692 2185 2749 sent,
2210 2690 2267 2741 et
2296 2703 2329 2741 a
2358 2686 2568 2741 veteris
2602 2690 2794 2741 Romae
2840 2691 2994 2759 Papa
3027 2687 3096 2741 ab
3130 2688 3395 2744 instituto
3426 2689 3686 2744 retrahe-

2033 2788 2211 2830 retur.
2246 2774 2443 2829 Missis
2482 2774 2661 2845 igitur
2711 2776 2779 2828 ad
2818 2775 3101 2830 lsaacium
3149 2775 3355 2849 legatis
3395 2777 3682 2846 (nondum

2030 2866 2184 2920 enim
2224 2863 2274 2918 is
2341 2863 2588 2934 imperio
2647 2864 2959 2934 exciderat)
3014 2881 3255 2919 causam
3296 2865 3681 2921 dissensionis

2031 2954 2265 3008 inanem
2300 2952 2640 3022 quaeritans,
2673 2953 2968 3008 Romanas
3001 2954 3326 3020 provincias
3370 2971 3573 3010 omnes
3607 2957 3678 3010 ab

2028 3043 2352 3115 Epidamno
2418 3059 2605 3113 usque
2636 3043 2708 3097 ad
2750 3043 3024 3115 inclytam
3070 3045 3271 3099 urbem
3304 3045 3684 3101 Thessaloni-

2027 3131 2285 3188 censium
2316 3130 2427 3186 sibi
2459 3136 2526 3185 ut
2556 3130 2769 3186 Siciliae
2830 3133 2951 3204 regi
3009 3133 3364 3201 vindicabat,
3424 3139 3488 3188 ut
3543 3131 3679 3188 belli

2019 3224 2156 3294 jure
2187 3236 2373 3291 nuper
2403 3237 2437 3275 a
2468 3220 2663 3276 Siculo
2708 3220 2960 3276 exercitu
2995 3222 3290 3278 subactas.
3330 3223 3482 3279 628
3531 3224 3675 3278 Nam

2027 3310 2175 3382 quod
2222 3311 2271 3365 is
2318 3309 2553 3364 tandem
2591 3326 2622 3363 a
2653 3309 2933 3365 Romanis
2999 3310 3345 3383 proﬂigatus
3392 3320 3564 3382 esset,
3615 3312 3674 3367 id

2024 3398 2227 3454 fraude
2258 3400 2473 3455 factum
2527 3401 2848 3469 asserebat,
2880 3399 2940 3454 in
2972 3401 3097 3456 suis
3134 3403 3553 3472 cupiditatibus
3585 3402 3671 3458 fu-

2025 3488 2225 3544 cantlis
2255 3488 2550 3545 fabulator
2570 3489 2841 3560 insignis.
2864 3491 3369 3545 Commemorabat
3396 3491 3595 3556 etiam,
3618 3496 3676 3547 et

2026 3575 2248 3648 iniquis
2309 3575 2581 3633 lancibus
2640 3576 3305 3649 ponderabatpaternas
3363 3579 3676 3648 offensas;

2027 3681 2131 3720 nec
2165 3681 2261 3719 eas
2292 3673 2554 3720 recentes
2594 3665 2897 3732 duntaxat,
2949 3666 3047 3719 sed
3080 3670 3300 3720 veteres
3331 3666 3529 3732 etiam,
3562 3669 3676 3721 Ma—

2029 3752 2218 3808 nuelis
2267 3753 2505 3808 solertia
2557 3753 2763 3808 veteris
2823 3753 3017 3807 Romae
3063 3756 3214 3823 Papa
3263 3758 3467 3808 contra
3507 3754 3676 3809 illum

2029 3842 2342 3909 concitato,
2375 3841 2547 3910 cujus
2596 3840 2886 3896 Manuelis
2920 3858 3095 3911 opera
3144 3842 3317 3897 etiam
3370 3842 3530 3898 Italia
3555 3862 3680 3899 exa-

264 3932 648 4011 στρατεύματι’
704 3932 802 3999 τῆν
862 3931 967 4005 γάρ
1023 3930 1189 3998 ἧτταν
1246 3929 1453 3985 τούτων
1503 3931 1593 3984 καὶ
1650 3930 1913 4000 κατατρό-

2031 3934 2157 3985 ctus
2188 3900 2344 3986 esset
2376 3900 2553 4002 pater.
2603 3933 2688 3985 lta
2719 3900 2999 3985 obsoletis
3030 3928 3375 3985 criminibus
3407 3933 3685 4002 pertricta

258 4044 435 4077 πωσιν
486 4021 602 4075 κατ’
663 4017 872 4088 ἀπάτην
937 4014 1093 4091 ἔλεγε
1167 4016 1462 4091 Ῥωμαίων
1531 4023 1919 4091 προσυπαντῆ-

259 4103 370 4181 σαι,
407 4111 517 4190 οὐχ
573 4112 772 4181 ἣκιστα
824 4110 1044 4165 πάντων
1110 4109 1415 4184 λογοποιὸς
1471 4109 1523 4162 ἐν
1578 4114 1695 4169 τοῖς
1752 4107 1914 4163 ἁνδά-

259 4222 442 4256 νουσιν
486 4199 895 4274 εὑρισκόμενος.
936 4197 1287 4272 Ἐλογίστευε
1331 4195 1386 4251 δὲ
1442 4197 1532 4251 καὶ
1589 4196 1765 4259 λύπας
1821 4197 1917 4258 τὰς

257 4288 610 4364 τοῦπατρὸς,
666 4287 756 4341 καὶ
809 4285 1091 4358 σταθμίοις
1160 4284 1221 4339 ού
1281 4282 1514 4343 δικαίοις
1571 4286 1736 4345 αὐτὰς
1795 4283 1916 4339 ἒτα-

260 4376 533 4447 λάντευεν,
574 4376 636 4431 οὗ
662 4377 757 4437 τὰς
789 4376 1137 4452 προσυείτους
1172 4374 1361 4446 μόνον,
1412 4371 1558 4428 ἀλλὰ
1616 4375 1707 4428 καὶ
1767 4372 1918 4435 ὅσαις

262 4464 458 4528 ἐκεῖνος
537 4465 597 4520 ἐκ
656 4464 874 4521 πολλοῦ
934 4462 1370 4533 προσεπάλαισε,
1427 4470 1526 4531 τῆς
1584 4460 1915 4539 παλαιτὲρας

266 4552 464 4624 Ρώμης
518 4552 922 4626 ἐκδιιστάμενος
978 4559 1099 4614 ταῖς
1152 4556 1251 4607 τοῦ
1311 4552 1581 4626 βασιλέως
1643 4552 1913 4621 Μανουὴλ

266 4641 567 4717 ἀγχινοίαις
607 4644 696 4698 καὶ
755 4640 991 4705 Ἰταλίας
1047 4642 1306 4703 ὡσαύτως
1368 4638 1910 4718 ἐκσιξενδονούμενος.

264 4733 361 4785 Καὶ
394 4735 560 4787 ταῦτα
600 4730 668 4802 δὴ
714 4733 780 4785 τὰ
836 4732 941 4807 πρὸ
1004 4727 1305 4787 Εὐκλείδου
1362 4728 1750 4793 ἀνυποστόλως
1790 4731 1915 4785 ἀνα-

260 4823 426 4872 κινῶν
455 4818 615 4887 ἥθελε
657 4820 965 4893 Ῥωμαίους
999 4820 1254 4897 χρήμασι
1316 4818 1597 4894 μεγίστοις
1655 4817 1914 4893 πρίασθαι

260 4908 362 4972 τὴν
395 4904 615 4978 εἰρήνην
653 4907 688 4976 ἤ
726 4907 1172 4980 πολεμησείοντα
1196 4911 1387 4962 τοῦτον
1446 4906 1504 4962 ἐκ
1552 4912 1649 4962 τοῦ
1726 4906 1915 4962 αὐτίκα

265 4990 417 5059 μάλα
474 4994 992 5071 καθυπεκδέχεσθαι.
1045 4998 1390 5071 Προσαπήτει
1445 4994 1521 5069 δὲ,
1590 4997 1665 5058 ὡς
1712 4996 1758 5050 εἰ
1816 5017 1908 5052 κυ⁴

2028 4018 2214 4073 fronte
2248 4019 2622 4087 renovandis,
2659 4018 2937 4073 Romanis
2970 4024 3287 4087 autpacem
3312 4019 3567 4076 maxima
3589 4038 3684 4093 pe-

2028 4107 2201 4162 cunia
2234 4107 2658 4169 redimendam,
2692 4112 2795 4160 aut
2829 4105 3044 4161 bellum
3081 4106 3279 4161 statim
3313 4108 3680 4165 tolerandum

2026 4194 2434 4252 arbitrabatur.
2507 4195 2786 4250 Praeterea
2862 4200 3140 4265 tanquam
3212 4212 3308 4251 rex
3363 4214 3560 4265 regum
3624 4206 3683 4256 et

2028 4283 2345 4355 imperator
2418 4284 2832 4355 imperaturum
2885 4283 3235 4355 postulabat,
3287 4291 3350 4341 ut
3404 4289 3682 4345 Romanis

2028 4374 2153 4428 suis
2206 4374 2262 4428 in
2324 4373 2630 4429 Palmstina
2712 4373 3091 4445 popularibus
3167 4376 3397 4430 navalia
3467 4378 3683 4434 auxilia

2025 4464 2334 4519 mitterent.
2365 4464 2445 4519 Ad
2480 4480 2610 4536 quae
2639 4480 2771 4518 cum
2824 4462 3144 4535 imperator
3171 4465 3592 4537 rescripsisset,
3625 4473 3684 4523 et

2025 4553 2215 4608 virum
2251 4568 2366 4607 non
2428 4554 2745 4608 obscurum
2778 4553 2849 4606 ad
2893 4568 3023 4607 eum
3073 4550 3453 4624 ablegassct:
3505 4554 3679 4626 legati

2028 4643 2098 4697 ab
2135 4658 2200 4697 eo
2244 4646 2549 4710 venerunt,
2581 4656 2829 4711 quorum
2864 4640 3010 4696 alter
3037 4640 3213 4695 homo
3257 4642 3680 4713 superciliosus

2026 4734 2169 4798 erat,
2202 4734 2258 4785 et
2279 4732 2604 4785 eonomine
2637 4729 2946 4801 superbus,
2980 4731 3132 4801 quod
3164 4729 3397 4802 regisin
3430 4732 3679 4801 pueritia

2026 4835 2224 4875 curam
2296 4819 2597 4889 gessisset.
2652 4818 2792 4887 Ejus
2851 4818 3164 4891 legationis
3236 4835 3473 4874 summa
3531 4827 3681 4890 erat,

2026 4907 2412 4980 plurimorum
2469 4906 2822 4962 talentorum
2878 4907 3208 4977 postulatio,
3259 4910 3594 4981 arrogantia
3622 4916 3678 4966 et

2024 4994 2337 5052 insolentia
2368 4996 2564 5061 verba,
2622 5010 2813 5050 rerum
2846 4995 2919 5049 ab
2970 4995 3313 5052 Alemannis
3372 5002 3674 5070 gestarum

266 5054 273 5059 .
781 5054 813 5071 α
888 5054 906 5060 -
1094 5054 1103 5071 .
1293 5054 1302 5066 .
1507 5054 1521 5069 ι
1653 5054 1662 5058 -

262 5078 400 5151 ρίων
437 5087 620 5160 κύριος
684 5088 1026 5156 καθειστήκει
1085 5084 1172 5139 καὶ
1236 5084 1491 5159 βασιλεὺς
1545 5084 1909 5141 ἀναδέδεικται

2031 5084 2274 5157 gloriosa
2314 5082 2816 5148 commemoratio,
2875 5085 3090 5155 quibus
3140 5085 3437 5143 auditores
3488 5088 3682 5161 decipi

252 5166 551 5241 βασιλέων,
599 5175 927 5247 συνάρασθαι
982 5183 1098 5235 τοῖς
1147 5175 1286 5229 κατᾶ
1344 5174 1712 5243 Παλαιστίνην
1770 5175 1910 5247 ὁμο·

2022 5173 2230 5229 solent.

246 5254 459 5328 γενέσιν
498 5261 686 5334 ἐκείνῳ
721 5259 791 5317 δι’
822 5262 1137 5331 ἀποστολῆς
1169 5270 1523 5339 ναυμαχικῆς
1555 5267 1828 5338 στρατιᾶς.
1862 5260 2397 5321 ’Λντεπιστείλαντος
2429 5257 2486 5315 δὲ
2515 5260 2651 5333 πρὸς
2689 5263 2859 5313 ταῦτα
2888 5263 2988 5313 τοῦ
3032 5260 3299 5324 βασιλέως
3356 5264 3445 5318 καὶ
3504 5261 3675 5338 ἄνδρα

255 5347 364 5397 τῶν
401 5343 507 5401 οὐκ
532 5350 762 5422 ἀσήμων
795 5346 1129 5422 πρεσϐευτήν
1166 5350 1497 5417 στείλαντος,
1529 5347 1782 5427 πρεσϐεις
1814 5351 2012 5415 ἐκεῖθεν
2041 5347 2319 5427 ἀφίκοντο,
2348 5351 2423 5403 ὧν
2456 5347 2646 5422 ἅτερος
2682 5347 2850 5420 βαρὺς
2908 5348 2977 5415 ἦν
3038 5349 3138 5416 τήν
3196 5349 3362 5425 ὀφρὺν
3428 5351 3519 5404 καὶ
3576 5373 3673 5406 πε-

266 5435 446 5504 ριττὸς
479 5441 553 5509 τῷ
583 5435 991 5509 παιδοκομῆσαι
1014 5440 1105 5494 τὸν
1139 5440 1301 5515 ῥῆγα.
1332 5443 1431 5495 Ἦν
1464 5438 1521 5494 δὲ
1549 5441 1639 5495 καὶ
1665 5441 1734 5495 τὰ
1764 5438 1831 5495 δι’
1865 5440 2040 5494 αὐτῶν
2078 5432 2481 5511 πρεσϐευόμενοι
2538 5437 2845 5510 χρημάτων
2912 5432 3201 5497 ἀποδόσεις
3242 5436 3670 5493 πολυταλάντων

266 5518 566 5589 ἀλαζονεϊαί
605 5545 664 5579 τε
701 5525 790 5578 καὶ
820 5525 1025 5596 κόμποι
1060 5528 1143 5580 καὶ
1184 5526 1523 5601 αὐχημάτων
1554 5527 1844 5603 ἐγχωρίων
1874 5525 2199 5601 κατάλογοι,
2225 5523 2294 5580 δι’
2325 5526 2399 5579 ὧν
2429 5544 2565 5579 κατα
2596 5519 2977 5577 πολιτεύονται
3012 5523 3063 5576 οἱ
3095 5520 3405 5585 ἀκούοντες.
