4098 6292
518 360 636 418 855

1829 337 2133 400 NICETJE
2176 335 2603 398 ΟΗΟΝῙΑΤΛΕ

3765 347 3858 405 856

524 499 678 568 ptor,
737 498 799 549 ut
831 487 1219 547 monarchiam
1254 483 1627 539 constitueret
1657 487 1707 536 et
1741 477 2159 546 circumiacen-

2294 469 2361 526 ἱεὶ
2406 491 2703 546 μεριμναις
2754 465 3203 544 κατατεινόμενος
3255 469 3346 526 καὶ
3399 469 3529 546 πρὸς
3581 472 3760 530 ἅπασαν
3794 476 3900 532 ἀνι·

525 566 685 640 tibus
738 581 930 651 regnis
993 575 1268 634 omnibus
1329 572 1742 639 dominaretur,
1787 566 2069 622 Antonios
2124 571 2177 619 et

532 676 814 746 Augustos
854 671 1102 724 Caesares
1131 663 1379 720 subinde
1431 659 1752 726 somnians,
1781 665 1836 712 et
1865 657 1934 710 ad
1982 668 2178 710 eorum

531 761 918 834 principatum
951 755 1327 826 cupiditatem
1355 749 1690 815 extendens,
1725 755 1776 802 et
1809 750 2030 801 tantum
2065 759 2178 800 non

532 859 594 906 ut
631 849 950 904 Alexander
979 845 1294 900 dictitans:
1335 845 1392 896 et
1425 839 1544 894 hac
1575 841 1633 894 et
1663 837 1758 892 illa
1804 851 1931 890 mea
1962 841 2115 898 sunt,
2151 853 2179 882 ››

530 937 784 1010 pallidus
815 941 872 992 et
903 949 1156 990 severus.
1191 931 1332 986 Cum
1381 933 1574 984 autem
1607 942 1734 982 sero
1765 925 1958 980 cibum
2011 939 2178 992 cape-

530 1031 636 1094 ret,
669 1031 727 1082 et
758 1028 1089 1082 moneretur
1137 1021 1458 1077 cavendum
1491 1032 1614 1072 esse
1655 1031 1727 1071 ne
1757 1031 1822 1070 ea
1852 1031 1910 1070 re
1958 1012 2178 1068 valetu-

531 1115 729 1172 dinem
771 1113 1030 1181 laederet,
1063 1109 1368 1181 respondit
1415 1105 1637 1162 homini
1671 1105 1891 1176 privato
1937 1101 2182 1172 quodvis

531 1210 768 1276 tempus
798 1204 869 1258 ad
900 1201 1093 1257 cibum
1147 1198 1304 1254 634
1337 1194 1850 1268 oapiendum'ﬁase
1881 1191 2178 1257 idoneum,

533 1295 591 1350 id
629 1291 946 1366 praesertim
1009 1290 1103 1345 cui
1135 1286 1492 1344 assueverit:
1541 1283 1661 1354 regi
1721 1298 1850 1338 vero
1881 1286 1967 1338 tot
2025 1281 2182 1336 curis

533 1385 833 1447 distracto,
890 1379 939 1437 si
972 1377 1197 1434 nomini
1237 1393 1344 1432 suo
1398 1373 1752 1444 respondere
1805 1371 1994 1438 vellet,
2037 1371 2179 1426 satis

534 1487 661 1528 esse
691 1470 742 1526 si
773 1467 999 1541 vesperi
1031 1481 1230 1522 curare
1279 1479 1488 1535 corpus
1520 1461 1718 1518 liceret
1765 1459 1974 1516 Verum
2024 1459 2178 1530 quod

536 1560 680 1627 dixi,
696 1557 851 1630 regis
881 1555 1240 1612 Alemanniaa
1265 1569 1424 1608 mors
1446 1567 1577 1606 cum
1600 1549 1872 1605 omnibus
1900 1547 2030 1603 aliis
2053 1564 2174 1618 gen-

537 1652 699 1706 tibus
731 1652 928 1721 optata
960 1645 1154 1712 fuerit,
1178 1649 1304 1700 tum
1327 1641 1509 1699 Siculi
1539 1658 1607 1697 ea
1633 1645 1794 1696 tanto
1827 1639 2016 1710 magis
2045 1642 2186 1693 sunt

539 1737 864 1803 exbilarati,
925 1735 1078 1808 quod
1114 1733 1306 1788 insula
1365 1735 1536 1803 capta
1581 1728 1940 1802 gravissimis
1995 1728 2068 1782 ab
2115 1743 2182 1782 eo

2283 559 2466 631 τίξους
2519 559 2802 632 ὁρώμενος
2839 556 3192 629 ἡδυπάθειαν,
3235 559 3384 618 ’ὁπως
3421 561 3700 634 μοναρχίαν
3744 584 3860 637 περι-

2287 642 2536 702 ϐαλεῖται
2565 647 2658 702 καὶ
2714 648 2904 722 κύριος
2951 647 3152 702 ἐσεῖταί
3197 651 3306 702 τῶν
3351 646 3534 719 κύκλῳ
3580 645 3865 725 δυναστειῶν,

2282 736 2411 799 τοὺς
2445 738 2764 800 Ἀντωνίους
2811 737 2902 794 καί
2961 735 3311 812 Αύγούστους
3369 736 3629 810 Καίσαρας
3673 744 3742 810 τῷ
3780 739 3866 796 δια-

2287 830 2528 897 νοητικῷ
2557 827 2982 904 φανταζόμενος,
3013 825 3102 880 καὶ
3153 825 3294 897 πρὸσ
3339 826 3436 894 τῆν
3486 825 3682 880 ἐκείνων
3729 830 3868 906 ἀςγὴν

2285 913 2532 970 ἐκτείνων
2569 899 2672 984 τήν
2727 899 2928 994 ἔφεσιν,
2987 916 3078 970 καὶ
3140 918 3339 989 μικροῦ
3396 899 3871 989 φθεγγόμενοςηκεέ

2285 1001 2641 1080 Ἀλέξανδρον
2685 1006 2819 1062 ιΤὰ
2873 1001 3008 1078 τῇδε
3064 1004 3154 1058 καὶ
3211 1005 3276 1058 τὰ
3335 1001 3461 1076 τῇδε
3524 1004 3682 1058 πάντα
3730 1003 3869 1078 ἐμὲῳ

2292 1091 2479 1168 ὠχρός
2509 1115 2566 1148 τε
2594 1093 2686 1148 καὶ
2713 1093 2936 1156 σύννους
2971 1091 3268 1168 ὁρώμενος,
3297 1092 3389 1146 καὶ
3434 1099 3534 1162 τῆς
3577 1091 3762 1166 ἡμέρας
3802 1095 3874 1168 ἐύέ

2289 1183 2499 1256 τροφήν
2546 1181 2924 1256 προσιέμενος,
2975 1180 3064 1235 καὶ
3109 1181 3246 1256 πρὸς
3290 1181 3420 1241 τοὺς
3467 1178 3754 1253 εἰσάγοντας
3795 1204 3872 1236 πα-

2297 1270 2530 1344 ραίνεσιν
2561 1270 2634 1332 ὡς
2669 1271 2848 1346 χρεὼν
2899 1268 2961 1325 ἑκ
3011 1275 3109 1325 τοῦ
3168 1268 3312 1324 οὕτω
3371 1273 3621 1333 σιτεῖσθαι
3671 1273 3873 1344 καχεξίαν

2291 1354 2694 1415 ὑποϐλέπεσθαι
2747 1360 3022 1433 σώματος,
3075 1357 3503 1436 ἀποφαινόμενός
3551 1377 3606 1412 τε
3646 1357 3728 1412 καὶ
3768 1381 3875 1434 γνω-

2293 1446 2540 1520 ματεύων
2593 1443 2786 1517 ἰδιώτῃ
2837 1447 2929 1519 μὲν
2985 1442 3294 1516 ἐπιτήδειον
3344 1445 3482 1498 εἶναι
3532 1445 3690 1499 πάντα
3731 1448 3874 1518 καιρὸν

2289 1533 2366 1596 εἰς
2425 1534 2682 1604 ἑστίασιν,
2742 1533 2832 1590 καὶ
2894 1533 3134 1608 μάλιστα
3194 1533 3264 1602 ἣν
3319 1532 3499 1596 εἰώθει
3576 1533 3876 1602 τονθεύεσθαι,

2293 1621 2510 1698 βασιλεῖ
2535 1619 2593 1677 δὲ
2639 1620 3034 1698 πολυφρόντιδι
3093 1627 3180 1694 [Ρ.
3241 1624 3368 1695 310]
3423 1618 3560 1694 μηδὲ
3615 1619 3877 1698 βουλίιμένῳ

2289 1711 2390 1778 τήν
2420 1711 2616 1779 κλῆσιν
2647 1707 2934 1784 ψεύδεσθαι
2965 1711 3243 1786 ἀγαπητὸν
3295 1709 3342 1765 εἰ
3388 1711 3512 1764 κααὶ
3560 1711 3673 1784 περὶ
3718 1709 3878 1784 βουλος

541 1827 711 1882 malis
741 1797 1228 1889 all'ecti.fuerant,
1258 1835 1388 1891 quae
1435 1797 1523 1874 vis
1555 1797 1697 1872 satis
1745 1815 1996 1872 describi
2047 1830 2182 1886 pos-

2294 1801 2383 1856 τὸν
2417 1799 2782 1875 ἐνευκαιρήσει
2809 1803 2880 1871 τῆ
2911 1799 3082 1855 ἀνέσει
3133 1803 3231 1854 τοῦ
3280 1800 3552 1872 σώματος.
3595 1797 3738 1856 Ἀλλ’
3777 1800 3874 1874 ὅπερ

539 1917 701 1972 sunt.
737 1913 860 1970 Non
894 1911 1048 1968 enim
1092 1914 1318 1964 tantum
1363 1906 1639 1976 caedibus,
1674 1903 1918 1976 rapinis,
1972 1902 2182 1973 exiliis,

540 2001 895 2058 cruciatibus
953 1996 1416 2054 intolerabilibus
1473 1999 1529 2050 et
1583 1997 1767 2050 morte
1823 1992 2184 2064 gravioribus

537 2091 738 2147 afﬂicti
798 2089 1047 2154 fuerant,
1098 2086 1196 2142 sed
1257 2083 1459 2140 multae
1509 2083 1682 2138 etiam
1735 2081 1906 2137 urbes
1949 2095 2182 2148 eversis,

542 2179 730 2235 multa
785 2183 1112 2250 Opportuna
1164 2172 1396 2229 castella
1428 2173 1619 2227 diruta
1667 2176 1850 2226 erant.
1900 2171 2188 2224 Metuebat

547 2269 721 2324 etiam
755 2265 1125 2322 rebellionem
1159 2279 1384 2331 eorum,
1415 2267 1471 2317 et
1501 2276 1617 2332 quo
1645 2259 1927 2314 libertatis
1959 2258 2185 2330 cupidi-

546 2360 720 2414 tatem
753 2354 1131 2427 opprimeret,
1171 2366 1405 2408 omnem
1435 2350 1678 2406 fortuna:
1712 2347 1968 2404 melioris
2000 2363 2186 2419 spem,

548 2460 723 2516 quam
751 2442 842 2500 vel
903 2440 1150 2514 pecunia
1179 2440 1264 2494 vel
1299 2454 1505 2495 currus
1562 2443 1616 2492 et
1648 2437 1781 2508 equi
1815 2437 1900 2492 vel
1947 2435 2190 2491 munitae

547 2535 725 2589 urbes
768 2531 858 2587 vel
887 2530 993 2585 viri
1027 2528 1250 2585 nobiles
1277 2527 1364 2583 vel
1409 2532 1534 2583 tuta
1561 2525 1793 2582 castella
1823 2525 2191 2598 suppeditare

549 2629 788 2694 queunt,
817 2621 900 2677 eis
920 2618 1158 2676 ademit.
1187 2623 1328 2674 Dum
1352 2622 1548 2672 autem
1579 2617 1838 2670 futurum
1865 2613 2186 2686 periculum

548 2719 824 2784 tanquam
849 2710 968 2781 jam
1021 2723 1230 2780 urgens
1262 2706 1618 2771 reformidat,
1667 2709 1725 2760 et
1770 2704 1826 2759 id
1857 2705 2012 2776 quod
2047 2719 2188 2759 non-

548 2799 690 2854 dum
721 2801 920 2853 aderat
950 2793 1268 2868 propulsat,
1293 2793 1681 2866 quorumdam
1715 2791 1943 2848 insidiis
1973 2795 2061 2847 est
2089 2807 2190 2862 ap-

547 2887 805 2959 petitus;
837 2900 1084 2958 quorum
1124 2887 1368 2940 conatus
1399 2897 1529 2937 cum
1581 2883 1731 2939 635
1767 2881 2190 2948 antevertisset,

547 2975 920 3031 insidiatores
969 2989 1085 3029 non
1115 2971 1304 3044 gladio
1365 2970 1612 3044 punivit,
1645 2971 1745 3026 sed
1780 2970 1954 3026 variis
2003 2968 2192 3024 modis

545 3061 961 3120 miserabiliter
1013 3060 1374 3116 excruciatos
1433 3058 1744 3114 interfecit.
1805 3058 1946 3113 Nam
2010 3058 2190 3112 alium

547 3153 787 3208 ferventi
831 3168 980 3223 aqua
1011 3155 1313 3205 excoctum
1363 3147 1424 3202 in
1455 3147 1712 3202 canistro
1745 3163 1847 3218 pro
1904 3145 2088 3202 missu
2120 3147 2189 3200 ad

547 3259 688 3299 suos
740 3242 987 3302 remisit.
1023 3239 1202 3294 alium
1237 3241 1292 3293 in
1343 3241 1636 3310 ingentem
1672 3252 1872 3307 rogum
1923 3237 2192 3308 coniecit,

551 3329 729 3386 alium
760 3329 924 3385 culeo
955 3329 1216 3383 insutum
1249 3327 1306 3382 in
1342 3328 1583 3381 fundum
1623 3325 1797 3380 maris
1825 3325 2057 3395 abjecit.
2095 3327 2196 3382 Fa-

560 3419 770 3475 ctionis
827 3435 958 3474 vero
1017 3417 1334 3488 principem
1391 3419 1450 3472 et
1482 3431 1671 3487 regem
1725 3414 2014 3470 delectum
2069 3431 2196 3486 gra-

558 3506 704 3564 viori
753 3506 1037 3579 supplicio
1094 3505 1429 3560 destinavit.
1489 3504 1672 3560 Jussit
1717 3503 1871 3559 enim
1921 3519 2194 3559 coronam

552 3612 770 3651 aaneam
805 3594 929 3650 fieri
959 3609 1092 3649 cum
1127 3597 1380 3664 quatuor
1409 3591 1816 3661 foraminibus,
1861 3607 2030 3662 quam
2068 3592 2196 3662 ejus

549 3684 722 3758 capiti
754 3683 996 3740 totidem
1049 3681 1280 3754 magnis
1319 3681 1494 3736 clavis
1523 3679 1728 3747 afﬁxit,
1759 3685 1933 3752 atque
1982 3680 2059 3734 ita
2090 3679 2192 3736 ho-

547 3773 766 3830 minem
788 3773 947 3830 abire
968 3772 1156 3844 jussit
1177 3770 1266 3826 his
1287 3769 1515 3826 verbis:
1546 3769 1798 3836 «Habes,
1823 3769 2016 3835 homo,
2039 3785 2195 3826 coro-

543 3879 680 3918 nam
713 3877 887 3934 quam
946 3865 1191 3916 venatus
1221 3875 1304 3914 es.
1348 3857 1530 3916 Nemo
1580 3857 1687 3914 tibi
1719 3858 1970 3914 invidet:
2006 3859 2193 3915 fruere

542 3967 727 4022 usque
754 3952 899 4006 adeo
921 3949 1244 4005 desiderata
1274 3964 1355 4004 re.
1388 3970 1416 3997 »
1441 3949 1494 4004 Is
1525 3963 1656 4002 vero
1681 3945 1963 4019 vertigine
1992 3948 2192 4003 oborta

539 4041 702 4096 humi
739 4039 1042 4112 prolapsus
1074 4036 1242 4110 paulo
1275 4043 1404 4108 post
1433 4036 1491 4091 in
1527 4035 1846 4092 miserabili
1876 4035 1976 4092 illo
2003 4037 2192 4092 diade-

545 4139 692 4186 mate
720 4129 1057 4200 exspiravit.
1109 4127 1286 4198 Capta
1339 4125 1560 4194 Sicilia,
1614 4141 1728 4181 una
1777 4141 1906 4180 cum
1970 4127 2192 4180 caeteris

538 4217 702 4273 Irene
753 4215 962 4272 lsaacii
996 4213 1366 4287 imperatoris
1398 4215 1514 4269 tilia
1557 4213 1778 4284 captiva
1808 4216 1894 4268 est
1943 4213 2192 4270 abducta

539 4311 598 4360 et
627 4305 916 4376 desponsa
957 4303 1136 4359 notho
1167 4303 1325 4358 fratri
1360 4302 1510 4374 regis
1553 4301 1907 4356 Alemannis;
1963 4301 2188 4373 Philip-

540 4411 636 4466 po,
653 4395 872 4450 amisso
896 4392 1086 4464 priore
1106 4393 1374 4463 conjuge,
1396 4377 1492 4462 qui
1511 4395 1642 4462 post
1667 4391 1886 4446 obitum
1909 4391 2190 4446 Tancrcdi

541 4483 720 4554 patris
746 4481 958 4538 Siciliae
988 4480 1323 4551 imperaret.

2291 1887 2501 1970 ἔλεγον,
2532 1894 2622 1948 καί
2653 1899 2784 1950 πᾶσι
2829 1893 2924 1966 μὶν
2981 1895 3228 1956 εὗκταῖος
3290 1896 3496 1958 ἐθνεσιν
3548 1893 3574 1947 ὁ
3620 1896 3706 1948 τοῦ
3748 1894 3876 1968 me;

2287 1981 2622 2055 Ἀλαμανίας
2655 1984 2878 2048 θάνατος
2912 1983 3104 2061 ἐφάνη,
3148 1983 3408 2045 Σικελοῖς
3457 1981 3515 2037 δὲ
3558 1981 3642 2037 καὶ
3687 1980 3874 2055 μάλιστα

2289 2074 2363 2134 ὡς
2397 2070 2520 2128 οὐδὲ
2547 2093 2684 2127 τισιν
2719 2071 2918 2136 ἄλλοις
2947 2075 2982 2144 ἡ
3023 2071 3250 2142 τελευτὴ
3313 2072 3504 2127 τούτου
3552 2071 3871 2138 ἀσπασιωτάτη

2288 2161 2592 2237 γεγένηται,
2669 2161 2783 2236 ὅσῳ
2855 2163 2945 2217 καὶ
3028 2163 3124 2231 τῆς
3202 2163 3376 2232 νήσου
3449 2159 3643 2230 ταύτης
3693 2157 3877 2227 ἁλούσης

2287 2251 2568 2315 πλείστοις
2634 2253 2721 2307 ὑπ’
2789 2251 2955 2307 αύτοῦ
3017 2257 3204 2314 κακοῖς
3264 2249 3714 2325 προσεπάλαισαν,
3780 2249 3876 2322 ’ἅπερ

2291 2338 2417 2396 οὓδὲ
2451 2339 2635 2416 ῥᾴδιον
2667 2345 2850 2420 γραφῇ
2899 2339 3257 2416 παραδοῦναι.
3315 2341 3394 2399 Οὐ
3436 2341 3536 2417 γὰρ
3585 2340 3730 2414 μόνον
3775 2339 3875 2407 ὑπή-

2291 2450 2490 2507 νεγκαν
2567 2431 2718 2486 οὗτοι
2791 2431 3000 2505 σφαγὰς
3076 2431 3167 2485 καὶ
3242 2429 3552 2509 χρημάτων
3642 2427 3878 2497 ὑπέστησαν

2294 2521 2543 2596 ἁρπαγὰς
2598 2522 2686 2576 καὶ
2740 2517 3005 2595 πατρίδος
3064 2517 3454 2598 ἐδυστύχησαν
3530 2515 3767 2574 ἔκπτωσιν
3820 2517 3880 2569 καὶ

2294 2609 2583 2664 κολάσεσιν
2633 2609 2984 2672 ἀνυποίστοις
3038 2605 3567 2679 καθυπεϐλπίθησαν,
3610 2607 3772 2662 ὁπόσαι
3812 2607 3877 2658 τοῦ

2297 2704 2394 2773 ζῇν
2417 2701 2774 2775 αἱρετώτερον
2813 2703 3020 2764 τιθὲασι
3069 2701 3132 2754 τὸ
3182 2701 3390 2771 θανεῖν,
3437 2697 3578 2754 ἀλλὰ
3624 2697 3702 2752 καὶ
3740 2697 3873 2755 πόλεις

2297 2787 2517 2845 Σικελαὶ
2559 2789 2768 2845 πολλαὶ
2825 2789 3205 2865 καθῃρέθησαν
3262 2789 3362 2844 καὶ
3425 2787 3648 2865 φρούρια
3689 2784 3863 2857 ἐπίκαιρα

2293 2879 2727 2953 κατεσκάφησαν.
2789 2876 3015 2936 Ἐδεδίει
3099 2879 3203 2954 γὰρ
3257 2881 3366 2948 τήν
3425 2879 3478 2942 ἐς
3543 2876 3730 2933 τούπιὸν
3771 2873 3864 2928 ἐτα-

2295 2967 2568 3037 νάστασιν,
2604 2968 2694 3023 καὶ
2737 2969 2811 3030 ὡς
2865 2971 2939 3040 μή
3001 2987 3133 3022 ποτε
3199 2967 3428 3024 Σικελοὶ
3485 2975 3582 3038 τῆς
3641 2963 3869 3036 ἐλευθερίας

2298 3057 2570 3134 ἐρασθεῖεν
2629 3055 3092 3133 προμηθούμενος
3149 3063 3321 3112 πᾶσαν
3375 3057 3562 3119 αὐτοῖς
3607 3055 3781 3130 ἀγαθήν
3819 3051 3872 3104 ii.-

2303 3143 2435 3202 πίδα
2489 3147 2780 3220 ἀπέκοψεν,
2839 3146 2937 3217 ’ὀση
3007 3167 3065 3201 τε
3122 3145 3174 3201 ἐν
3251 3149 3510 3222 χρήμασι
3571 3145 3656 3200 καὶ
3699 3142 3798 3210 ὅση,
3841 3137 3872 3192 ἓν

2306 3231 2511 3311 ἅρμασι
2541 3236 2631 3290 καὶ
2655 3233 2852 3298 ’ίπποις
2881 3235 3148 3305 τεθέαται,
3197 3237 3289 3290 καὶ
3343 3236 3446 3306 ὅση
3491 3229 3774 3310 περιϐόλοις
3808 3228 3876 3280 πό·

2305 3327 2442 3384 λεων
2477 3329 2840 3403 εὐτειχιστοις
2873 3326 2966 3382 καὶ
3005 3323 3260 3401 ἀνδράσιν
3307 3327 3544 3404 εὖγενέσι
3588 3325 3670 3381 καί
3714 3322 3878 3397 ἐχυρῡῑς

2304 3415 2564 3492 ἐρύμασιν
2617 3417 3021 3491 ἓμπερικροτεῖ.
3074 3415 3226 3485 Πλὴν
3277 3416 3371 3470 καί
3415 3417 3479 3472 τὸ
3531 3413 3716 3488 μὲλλον
3759 3408 3882 3466 δεινὸν

2302 3505 2378 3570 ὡς
2405 3504 2548 3580 ὧραι
2581 3505 2935 3582 ὑφορώμενος
2968 3506 3058 3560 καί
3112 3505 3190 3577 μὴ
3239 3505 3428 3580 παρὸν
3478 3498 3885 3575 προαποκρούὸμε-

2299 3615 2392 3656 νος
2424 3589 2792 3664 ἐπεϐουλεύθη
2825 3593 2974 3669 παρά
3002 3614 3166 3649 τινων
3214 3593 3305 3649 καὶ
3353 3595 3620 3670 κρείττων
3663 3597 3748 3660 τῆς
3789 3585 3886 3642 ἐκεί-

2299 3704 2405 3738 νων
2439 3684 2620 3760 φανεῖς
2653 3682 2938 3748 ἐπιθέσεως
2967 3683 3029 3738 ού
3059 3684 3138 3756 τῷ
3187 3679 3274 3738 διὰ
3323 3683 3519 3760 ξίφους
3573 3684 3754 3754 θανάτῳ
3792 3675 3882 3733 τοὺς

2300 3771 2616 3834 ἀντιστάτας
2646 3771 2918 3846 ἠμύνατο,
2952 3769 3099 3828 ἀλλὰ
3127 3771 3504 3849 πολυτρόπως
3553 3771 3780 3848 πρότερον
3815 3768 3882 3838 βα·

2301 3861 2516 3924 σανίσας
2549 3861 2868 3937 οἰκτρότατα
2899 3860 3041 3916 οὕτω
3081 3859 3179 3916 τοῦ
3236 3859 3333 3935 ζῇν
3395 3860 3682 3938 ἐστέρησενο
3725 3859 3772 3912 ὃν
3814 3853 3881 3926 μὲν

2296 3951 2396 4026 γὰρ
2457 3948 2874 4024 διακεχαλακὼς
2925 3947 3262 4024 καχλάζοντι
3313 3947 3514 4022 λέϐητι
3559 3949 3642 4005 καὶ
3685 3945 3775 4011 θεὶς
3821 3939 3882 3994 ἐπὶ

2298 4035 2464 4093 κανοῦ
2494 4039 2732 4113 καθάπερ
2763 4044 2911 4094 σῖτον
2970 4036 3285 4116 ἒκπέπομφε
3325 4045 3450 4102 τοῖς
3499 4037 3722 4100 οἰκείοις,
3759 4032 3804 4086 ὃν
3839 4025 3883 4081 δὲ

2303 4125 2608 4196 ἠκοντικὼς
2653 4126 2731 4189 είς
2787 4127 2959 4202 πυρὰν
3047 4128 3366 4182 ἆνακαεῖσαν
3441 4123 3802 4186 ἐπταπλασίως,
3844 4117 3882 4169 δν

2301 4213 2360 4270 δὲ
2393 4215 2747 4278 ἐνσακκεύσας
2802 4215 2891 4271 καὶ
2947 4220 3027 4287 τῷ
3089 4217 3239 4290 βυοῷ
3293 4221 3398 4284 τῆς
3459 4215 3714 4282 θαλάσσης
3759 4225 3881 4278 παρι-

2302 4301 2524 4378 πέμψας
2554 4303 2815 4380 ἐξέτριῴε,
2847 4304 2950 4359 Τὸν
2980 4303 3038 4359 δέ
3067 4325 3131 4381 γε
3159 4305 3521 4380 πρωτουργὸν
3551 4325 3642 4358 του
3681 4296 3880 4370 συστρέμ-

2303 4415 2472 4468 ματος
2501 4393 2762 4468 καὶπρὸς
2809 4393 3109 4467 ἠγεμονίαν
3176 4391 3500 4468 ἐπιλεγὲντα
3556 4387 3788 4466 βαρυτέρᾳ
3824 4403 3874 4435 τι·

2304 4482 2486 4557 μωρίᾳ
2513 4487 2620 4538 τῶν
2649 4480 2862 4538 λοιπῶν
2892 4479 3197 4538 ὑπεδίκασεο
3244 4483 3440 4560 στέφος
3489 4483 3594 4557 γὰρ
3636 4481 3690 4534 ἐκ
3723 4472 3873 4554 Xalt/.55

535 4569 786 4643 ἔπιτάξας
845 4571 1116 4647 γενέσθαι,
1176 4567 1494 4644 ἐγκαρσίους
1553 4565 1683 4643 ἔχον
1743 4567 1881 4630 ὀπὰς
1963 4567 2086 4630 ’ἰσας
2163 4575 2276 4634 τοῖς
2333 4572 2550 4647 πέρασι,
2626 4573 2935 4645 περιτίθησι
3013 4577 3174 4627 τοῦτο
3249 4577 3330 4644 τῷ
3416 4573 3686 4648 ἀντάραντι
3745 4569 3870 4640 χεῖρπζ

535 4660 746 4736 ἐκείνῳ,
808 4655 992 4716 ἔπειτα
1036 4657 1252 4732 τέτρασι
1323 4657 1602 4734 μεγίστοις
1658 4655 1909 4724 ἓστορσιν
1965 4657 2019 4720 ἐς
2076 4660 2138 4714 τὸ
2197 4657 2491 4737 διαμπερὲς
2583 4657 3048 4734 διαϐεϐλημένοις
3119 4664 3188 4735 τῇ
3265 4659 3480 4740 κεφαλῇ
3552 4647 3783 4736 ἐνερείσας
3827 4647 3860 4702 τί

535 4749 780 4826 διάδημα
809 4752 954 4806 οὕτω
996 4747 1228 4826 διαφῆκε
1287 4745 1548 4822 βαδίζειν,
1609 4771 1637 4798 ((
1699 4749 1908 4823 Ἔχεις,
1968 4771 1995 4800 ν
2057 4747 2247 4819 εἰπὼν,
2308 4774 2338 4802 ‹‹
2399 4750 2455 4806 ὅν
2515 4749 2756 4822 ἐδίωκες,
2815 4749 3084 4825 ἄνθρωπε,
3146 4737 3429 4828 στέφανον·
3498 4751 3690 4824 φθόνος
3737 4737 3854 4801 οίδεῖει

537 4844 778 4899 ἀπόλαυε
827 4847 923 4898 τοῦ
981 4840 1171 4919 ἐφετοῦ
1211 4860 1296 4893 σοι
1347 4835 1470 4894 λίαν
1531 4838 1622 4893 καὶ
1676 4835 2147 4912 περισπουδάστου
2207 4843 2521 4914 χρήματος.
2557 4865 2585 4892 ›)
2653 4842 2714 4898 Ὁ
2772 4837 2830 4896 δὲ
2883 4838 3203 4910 σκοτοδίνης
3252 4827 3532 4912 inluceat;
3591 4842 3676 4898 καὶ
3727 4827 3862 4908 πρηνῇ

535 4932 712 4986 πεσὼν
777 4931 910 5003 μετᾶ
971 4931 1148 5006 βραχὺ
1206 4927 1496 4998 ἐτεθνήκει,
1549 4931 1630 5000 τῷ
1697 4927 1866 4998 ιιίκτῷ
1913 4925 2102 5001 ἐκείνῳ
2159 4926 2530 5004 ἒναποῤῥήξας
2583 4932 2964 5008 στεφανώματι
3042 4931 3142 4998 τήν
3231 4933 3445 5005 ψυχήν.
3533 4930 3672 4987 Κατά
3732 4921 3775 4979 δὲ
3811 4917 3872 4978 τίεν

537 5017 746 5074 ἅλωσιν
801 5025 902 5088 τῆς
955 5003 1206 5080 Σίκελίας
1265 5019 1491 5092 ἀπήχθη
1557 5019 1670 5090 μεθ’
1720 5012 1916 5090 ἑτέρων
1977 5016 2342 5096 αἰχμάλωτος
2387 5018 2478 5072 καὶ
2535 5020 2571 5087 ἡ
2631 5003 2867 5092 θυγάτηρ
2931 5017 3198 5074 Ἰσαακίου
3248 5003 3352 5074 τού
3409 5019 3794 5095 αὐτοκράτορος,
3832 5003 3874 5070 ἧς

537 5109 572 5177 ἡ
604 5105 802 5176 κλῆσις
834 5105 1066 5179 Εἰρήνη,
1092 5107 1184 5161 καὶ
1212 5107 1654 5181 προσαρμόζεται
1687 5106 1956 5178 Φιλίππῳ
1985 5107 2064 5177 τῷ
2092 5111 2190 5162 τοῖ’)
2223 5105 2394 5184 ῥηγὸς
2443 5107 2778 5180 Ἀλαμανίας
2823 5104 3066 5187 ἀδελφῷν
3115 5107 3177 5162 ἐκ
3225 5114 3500 5180 πορνικῶν
3560 5109 3724 5186 φυέντι

541 5198 746 5272 μάτων,
777 5189 1132 5250 ἀποϐαλοῦσα
1173 5195 1307 5263 α’ύτη
1363 5197 1578 5269 θανάτῳ
1629 5196 1720 5251 τὸν
1779 5195 1838 5251 ἐκ
1903 5194 2202 5270 παρθενίας
2260 5195 2350 5251 καὶ
2405 5197 2668 5272 πρότερον
2729 5181 3005 5266 σύνευνον,
3063 5195 3122 5259 ὅς
3177 5197 3270 5252 καί
3327 5181 3645 5272 ἐτυράννησε
3697 5181 3886 5246 Σικελίας

538 5285 675 5360 μετά
698 5283 865 5357 μόρον
893 5279 991 5338 τοῦ
1019 5283 1268 5345 τεκόντος
1299 5281 1460 5340 αὺτὸν
1489 5285 1726 5360 Ταγκρὲ.

607 5374 763 5431 ωο
791 5372 1072 5428 Caeterum
1102 5372 1212 5430 hoc
1258 5389 1486 5444 quoque
1520 5375 1670 5430 malo
1701 5375 1972 5444 maximo,
2005 5393 2036 5430 a
2067 5392 2182 5448 quo

2359 5373 2520 5432 ’Δλλ’
2551 5373 2798 5431 ἐκποδὼν
2827 5374 2919 5430 καὶ
2967 5372 3126 5430 τοῦδε
3181 5381 3278 5432 τοῦ
3341 5380 3514 5433 κακοῦ
3571 5373 3733 5430 θεόθεν
3779 5377 3884 5436 γεγε·

536 5479 740 5520 omnes
788 5459 1098 5534 provincia!
1134 5461 1406 5516 Romanae
1464 5464 1707 5532 pessima
1739 5481 1984 5537 quisque
2024 5465 2190 5520 time-

539 5555 698 5618 bant,
732 5550 1013 5607 divinitus
1060 5548 1290 5605 sublato
1320 5548 1478 5604 aliud
1535 5551 1925 5608 infortunium
1959 5571 1989 5608 e
2041 5554 2183 5609 mari

539 5641 781 5699 exstitit.
813 5639 958 5695 Nam
983 5639 1311 5696 Genuensis
1343 5639 1582 5710 quidam
1614 5643 1845 5697 nomine
1867 5643 2184 5713 Capbures,

2296 5464 2560 5538 νημένου,
2597 5467 2856 5540 μεγίστου
2886 5486 2945 5522 τε
2975 5461 3132 5529 ὄντος
3177 5465 3269 5521 καὶ
3320 5466 3408 5546 ὑφ’
3463 5463 3525 5520 οὗ
3573 5469 3704 5519 πᾶσα
3729 5459 3758 5525 ἦ
3784 5453 3881 5506 Ῥω·

2301 5556 2475 5628 μαίων
2537 5552 2851 5632 ἐκαραδόκει
2907 5555 2976 5610 τὰ
3045 5551 3323 5611 δεινότατα
3365 5542 3685 5620 ”πείσεσθαι,
3743 5542 3880 5612 ἕτερον

2298 5645 2603 5718 ὑπεκύμανε
2659 5638 2994 5705 κυνοϐλαϐὲς
3050 5645 3171 5700 καθ’
3237 5643 3344 5700 ἄλα
3415 5643 3596 5700 κακόν.
3653 5629 3881 5692 Γενουῗτῃς
