4098 6292
330 277 453 338 857

1219 275 1319 337 DE
1363 275 1653 337 ALEXIO
1696 274 1977 338 ISAACII
2021 273 2313 335 ANGELI
2366 275 2492 336 FR.
2542 274 2692 335 LIB.
2740 273 2817 334 Ῑῐ.

3620 275 3740 336 858

331 411 435 487 γαρ
462 431 545 472 τις
578 410 866 486 Καφοῦρης
896 405 1161 482 τοῦνομα,
1217 415 1350 477 νῆας
1410 406 1694 483 δικρότους
1735 409 1823 462 καὶ
1857 427 1974 482 τρι-

2093 406 2414 464 biremibus
2447 412 2503 463 et
2534 407 2868 463 triremibus
2900 407 3215 475 fabricatis,
3253 409 3519 465 rotundis
3558 410 3735 466 etiam

330 501 560 574 κρότους
609 498 920 569 πηξάμενος
973 499 1062 552 καὶ
1113 496 1334 558 πὶοίοις
1388 496 1749 573 στρογγύλοις
1783 497 1983 572 φραξά-

334 610 521 663 μενος,
574 591 669 650 τάς
722 588 1197 663 παραθαλαττίους
1255 584 1427 665 ἔκειρε
1483 588 1673 651 πόλεις
1733 589 1822 644 καὶ
1887 591 1983 651 τὰς

331 680 535 749 νήσους
593 675 760 732 ἐπιὼν
795 680 945 751 [311]
995 676 1153 732 ἐτίθει
1212 682 1391 742 κακῶς
1421 679 1476 732 αἳ
1504 678 1638 733 κατὰ
1664 678 1727 733 τὸ
1759 677 1981 755 Αἰγαῖον

329 766 615 841 ἀνίσχουσι
647 765 912 841 πέλαγος.
945 765 1119 823 ’Λλλὰ
1174 768 1265 821 καὶ
1322 772 1402 839 τῷ
1435 768 1781 842 Ἀτραμυτίῳ
1812 787 1983 842 προσ-

326 851 513 910 ϐαλὼν
546 854 698 911 λείαν
749 856 949 910 ἐκεῖθεν
997 854 1170 924 ἤλασε
1221 855 1311 909 καὶ
1365 854 1609 925 συνέλεξε
1647 855 1885 912 πλοῦτον
1916 857 1979 912 οὐ

323 944 659 1015 σταθμητόν.
691 945 778 1006 Ὠς
840 941 897 998 δὲ
956 945 1235 1020 ῥέγκοντες
1297 944 1501 1019 βαθέως
1544 944 1855 1020 ἐξανὲθορον
1883 944 1982 1019 ὀψέ

320 1054 455 1089 ποτε
510 1033 602 1087 καὶ
658 1034 928 1106 ἀνένηψαν
1009 1030 1232 1109 βράδιον
1319 1035 1402 1097 οἷς
1460 1033 1581 1103 ἐξῆν
1635 1033 1701 1088 τὰ
1754 1038 1980 1089 τοιαῦτα

320 1123 664 1193 σκέπτεσθαι,
742 1121 1025 1178 στέλλεται
1099 1124 1235 1177 κατά
1324 1128 1421 1178 τοῦ
1510 1123 1766 1202 Καφοῦρη
1847 1124 1980 1195 μετά

318 1212 612 1284 τριάκοντα
675 1216 820 1280 νηῶν
890 1213 917 1265 6
977 1213 1298 1286 Στειρνόνης
1366 1212 1646 1283 Ἰωάννης,
1715 1214 1978 1287 πειρατὴς

323 1303 420 1374 μὲν
494 1321 629 1355 ποτε
702 1301 942 1376 γεγονὼς
1013 1301 1103 1355 καὶ
1177 1305 1447 1376 πειρατῶν
1504 1303 1531 1356 6
1589 1301 1864 1377 γείριστος
1919 1301 1979 1357 ἐκ

318 1383 636 1464 Καλαϐρίας
713 1389 1067 1462 ὁρμώμενος,
1143 1390 1398 1463 Ἰσαακίῳ
1474 1388 1531 1445 δὲ
1603 1395 1683 1463 τῷ
1760 1391 1978 1465 βασιλεῖ

319 1479 614 1553 προσρυεὶς
689 1477 777 1532 ἐπὶ
856 1477 1133 1553 μεγίστοις
1211 1477 1624 1556 φιλοτιμήμασι
1698 1481 1787 1533 καὶ
1837 1480 1969 1536 Ῥω-

325 1569 519 1642 μαίους
551 1566 870 1630 πλειστάκις
912 1567 1220 1647 ὠφεληκὼς
1277 1568 1327 1623 ἐν
1382 1576 1500 1632 τοῖς
1543 1572 1679 1626 κατά
1708 1570 1971 1626 θάλατταν

318 1656 702 1730 ἀεθλεύμασιν.
760 1657 952 1727 Ἐξιὼν
1013 1658 1105 1712 οὖν
1157 1659 1292 1713 κατά
1347 1664 1444 1714 τοῦ
1504 1659 1765 1734 Καφούρη
1809 1679 1974 1715 κακο-

317 1743 575 1840 δαιμονεῖ
630 1746 777 1820 παρὰ
834 1743 1028 1840 δόξαν¹
1077 1742 1219 1823 ἔχων
1278 1747 1380 1840 γάρ
1440 1745 1528 1802 διὰ
1585 1746 1817 1840 μελέτης
1874 1769 2049 1840 δια-Β

305 1834 702 1912 τασοφίσασθαι
760 1836 852 1889 τὸν
910 1833 1234 1905 ἀντίπαλον,
1294 1835 1473 1891 πλείω
1510 1831 1964 1911 προϐεϐλημένον

309 1925 494 2000 ἰσχὺν,
568 1925 659 1979 ὑπ’
733 1922 937 1979 ἒκείλου
1011 1931 1536 2004 καταναυμαχεῖται,
1577 1927 1861 1989 πεπονθὼς
1936 1926 1965 1980 6'

309 2010 528 2087 δράσειν
585 2012 791 2068 ἐκεῖνον
848 2013 1040 2068 ἐνενόει
1098 2011 1187 2068 διὰ
1242 2014 1468 2077 παντός.
1525 2020 1655 2077 Ταῖς
1694 2015 1797 2091 γὰρ
1826 2017 1968 2071 Ῥω-

316 2106 541 2175 μαϊκαῖς
600 2103 749 2157 ναυσὶ
818 2102 942 2176 περὶ
1002 2103 1212 2173 Σηστὸν
1272 2101 1625 2164 σαλευούσαις
1688 2102 1963 2178 λαθρηδὸν

308 2191 533 2255 ἐπιστὰς
564 2195 592 2249 6
624 2194 936 2271 Καφούρης,
994 2193 1068 2255 ὡς
1130 2193 1251 2268 εὗρε
1300 2195 1422 2268 περὶ
1459 2190 1802 2269 μεσημϐρίαν
1832 2198 1967 2251 κατά

308 2283 403 2338 τὸν
436 2283 598 2357 Σιγὸν
628 2284 875 2355 ποταμὸν
909 2283 1275 2355 κεκενωμένας
1330 2288 1433 2338 τοῦ
1487 2290 1764 2355 ναυτικοῦ,
1799 2287 1966 2354 ἀπαξ-

314 2372 524 2435 απάσας
556 2372 828 2443 μετὰτῶν
886 2371 1075 2427 ὅπλων
1134 2372 1224 2427 καὶ
1288 2373 1360 2427 ὧν
1420 2373 1573 2447 εἶχον
1615 2369 1796 2428 ἔνδοθι
1834 2375 1966 2447 βιω-

314 2459 494 2534 σίμων
528 2460 690 2535 αἱρεῖ.
725 2462 820 2516 Ἐκ
867 2458 925 2516 δὲ
974 2460 1169 2516 τούτου
1226 2461 1320 2524 τὰς
1364 2464 1562 2532 νήσους
1596 2460 1765 2525 ἀδεῶς
1799 2464 1965 2518 ἐπιὼν

312 2551 405 2604 καὶ
458 2570 642 2628 χωρια
693 2550 761 2604 τὰ
813 2547 1033 2623 πάραλα
1090 2549 1421 2624 ληϊζόμενος
1476 2550 1675 2626 φόρους
1717 2551 1969 2607 ἐπέταττε

309 2639 402 2694 καὶ
438 2638 724 2714 συνέλεγεν
784 2639 861 2702 ὡς
913 2634 1210 2710 ἠϐούλετο.
1270 2637 1533 2703 Βασιλεὺς
1559 2642 1741 2695 τοίνυν
1770 2640 1966 2712 ἐξηπο-

313 2728 496 2802 ρηκὼς
532 2728 619 2782 ἐπὶ
650 2727 873 2790 τούτοις
922 2724 1033 2783 δεῖν
1084 2723 1228 2804 ἔγνω
1260 2727 1572 2793 σπείσασθαι
1601 2734 1680 2801 τῷ
1710 2736 1963 2806 πειρατῇ.

313 2818 535 2889 Ἀμέλει
583 2817 676 2872 καὶ
727 2815 945 2879 στείλας
1000 2838 1152 2880 τινας
1208 2821 1314 2872 τῶν
1367 2819 1613 2887 συνήθων
1647 2815 1834 2892 ἐκείνῳ
1866 2826 1964 2875 Γε-

312 2910 540 2961 νουΐτῶν
592 2904 884 2977 (πολλακις
935 2906 1038 2982 γάρ
1096 2908 1212 2961 κατ’
1275 2905 1541 2981 ἐμπορίαν
1571 2903 1678 2962 ὧδε
1707 2909 1962 2982 κατήχθη

312 2995 370 3057 ἐς
423 2997 485 3051 τὸ
543 2998 849 3068 Βυζάντιον*
908 2997 998 3052 καὶ
1055 2997 1085 3052 6'
1140 2994 1419 3072 δέδρακεν,
1461 2996 1512 3060 ἐς
1575 3000 1836 3073 χρήματα
1867 3004 1967 3071 ζη-

310 3087 540 3159 μιωθεὶς
596 3089 742 3161 παρὰ
797 3091 892 3142 τοῦ
948 3086 1072 3142 τότε
1123 3084 1317 3151 δουκὸς
1363 3091 1459 3141 τοῦ
1490 3087 1690 3143 στόλου
1722 3089 1961 3166 Μιχαήλ

300 3180 405 3231 τοῦ
458 3180 737 3253 Στρυφνοῢ
788 3175 1100 3251 εἷργάσατο)
1154 3176 1380 3232 ὰνεκίνει
1458 3177 1552 3250 μὲν
1616 3178 1706 3231 καὶ
1764 3176 1960 3253 λόγους

417 3265 431 3284 ς
633 3263 695 3281 δαν
867 3266 880 3285 9
927 3266 939 3283 \
1045 3263 1087 3283 λλ
1440 3266 1451 3278 ι
1772 3267 1783 3285 Ι

304 3286 435 3340 περι
488 3280 761 3334 σπονοων,
823 3263 980 3321 ουδεν
1041 3278 1099 3321 οε
1144 3269 1307 3335 ἧττον
1365 3286 1456 3320 και
1512 3267 1647 3340 πρὸς
1713 3265 1962 3340 πολεμον

302 3354 668 3427 ἡτοιμάζετο,
699 3356 943 3430 τριήρεις
994 3353 1168 3417 ἄλλας
1222 3356 1681 3430 καταρτισάμενος
1711 3357 1799 3412 καὶ
1832 3355 1959 3412 ταύ-

300 3462 404 3502 τας
432 3439 592 3502 αὗθις
623 3446 704 3514 τῷ
744 3442 1030 3515 Στειριόνῃ
1091 3439 1390 3516 παραδούς.
1438 3443 1525 3503 Ὡς
1557 3440 1613 3497 δὲ
1644 3438 1960 3513 συνέϐησαν,

300 3532 331 3586 6
389 3531 512 3603 ’μὲν
558 3529 814 3606 βασιλεὺς
853 3527 903 3603 ἕξ
948 3533 1272 3606 κεντηνάρια
1331 3531 1564 3606 χρυσίου
1617 3532 1825 3587 στεῖλαι
1881 3535 1959 3603 τῷ

305 3619 568 3696 Rapo-59p
645 3619 736 3675 καὶ
812 3624 999 3695 χώραν
1076 3618 1447 3675 ἀποδάσασθαί
1522 3621 1573 3675 οἱ
1647 3621 1956 3694 Ῥωμαϊκὴν

298 3707 709 3770 ὲπταπλασίους
784 3706 1017 3782 ἔχουσαν
1113 3708 1325 3786 τρέφειν
1414 3710 1694 3785 ὁμογενεῖς
1770 3709 1959 3782 ἐκείνῳ

2092 497 2339 552 navibus
2397 496 2736 566 instructus,
2800 497 3119 552 maritimas
3177 498 3350 552 urbes
3406 503 3463 553 et
3515 498 3737 555 insulas

2088 585 2260 656 ΛΞδωὶ
2294 586 2466 642 maris
2498 586 2735 641 vexavit.
2769 585 2878 641 Sed
2924 592 2979 640 et
3009 587 3370 658 Adramyttio
3418 596 3537 642 acta
3588 605 3732 660 pra:-

2088 677 2163 729 da
2195 676 2501 731 immensis
2530 675 2742 746 opibus
2771 680 2861 730 est
2889 676 3127 747 potitus.
3157 676 3223 731 Ut
3252 693 3382 732 vero
3414 677 3486 732 iis
3517 678 3733 749 quibus

2086 764 2223 819 talia
2254 780 2404 820 curas
2436 765 2863 820 essedebebant
2893 764 3126 819 tandem
3160 770 3432 820 veternus
3454 783 3732 823 excussus

2085 857 2191 921 est,
2224 851 2475 907 Joannes
2507 852 2790 908 Stiriones
2819 867 2949 907 cum
2983 851 3222 923 triginta
3257 853 3502 909 navibus
3533 860 3733 910 contra

2085 939 2250 994 illum
2284 940 2555 994 mittitur.
2591 945 2800 995 Fuerat
2849 940 2899 995 is
2930 940 3213 996 Stiriunes
3264 942 3448 1010 pirata
3479 944 3733 997 suavissi—

2085 1045 2239 1091 mus,
2293 1044 2324 1084 e
2380 1028 2644 1085 Calabria
2695 1029 2980 1084 oriundus
3025 1046 3038 1083 :
3099 1031 3197 1084 sed
3260 1032 3330 1085 ab
3384 1031 3735 1102 imperatore

2084 1120 2303 1176 Isaacio
2355 1120 2624 1175 maximis
2658 1120 3001 1175 muneribus
3042 1121 3259 1176 ascitus
3309 1121 3590 1177 Romanis
3623 1140 3731 1177 sas-

2085 1208 2328 1280 pissime
2356 1209 2414 1265 in
2448 1208 2750 1264 navalibus
2784 1208 2950 1264 bellis
2981 1210 3398 1265 commodaret.
3441 1212 3495 1265 Is
3528 1219 3731 1267 contra

2083 1297 2402 1369 Capharem
2455 1299 2740 1368 profectus
2798 1304 3006 1369 praeter
3061 1300 3549 1370 exspectationem
3627 1304 3728 1355 ad-

2081 1403 2246 1442 versa
2279 1389 2507 1443 fortuna
2539 1387 2752 1443 utitur:
2788 1403 2918 1444 nam
2956 1403 3093 1443 cum
3125 1389 3345 1444 viribus
3397 1390 3727 1445 adversario

2081 1476 2321 1532 inferior
2375 1476 2540 1531 illum
2591 1481 2712 1532 arte
2752 1492 3028 1547 superare
3079 1479 3475 1544 contenderet,
3536 1482 3608 1534 ab
3659 1497 3725 1535 eo

2078 1565 2262 1622 victus
2314 1572 2422 1633 est,
2457 1565 2515 1621 id
2548 1582 2855 1636 perpessus
2903 1566 3056 1637 quod
3091 1572 3367 1638 perpetuo
3413 1568 3596 1622 facere
3627 1569 3725 1622 de-

2079 1654 2344 1709 stinarat.
2378 1654 2671 1726 Capbures
2702 1656 2871 1710 etiam
2904 1660 3193 1711 Romanas
3240 1672 3409 1712 naves
3441 1656 3589 1711 circa
3621 1657 3722 1712 Se-

2078 1748 2231 1799 stum
2262 1745 2408 1800 clam
2453 1746 2716 1810 adortus,
2746 1761 2876 1800 cum
2912 1746 3021 1800 sub
3065 1745 3361 1801 meridiem
3394 1747 3464 1800 ad
3521 1746 3719 1817 Sigum

2074 1835 2292 1891 ﬂumen
2326 1834 2642 1891 classiariis
2673 1851 2885 1891 vacuas
2915 1836 3245 1906 reperisset,
3265 1837 3566 1891 universas
3591 1854 3721 1892 cum

2073 1925 2254 1979 armis
2285 1929 2341 1979 et
2397 1929 2725 1980 commeatu
2783 1926 2956 1995 capit.
2992 1926 3072 1980 Ex
3130 1943 3195 1981 eo
3227 1925 3439 1981 insulis
3471 1930 3530 1979 et
3578 1925 3720 1981 locis

2073 2015 2223 2069 631
2260 2014 2589 2082 maritimis,
2622 2031 2751 2086 quas
2777 2017 3019 2086 impune
3051 2015 3267 2086 passim
3303 2015 3715 2086 p0puiabatur,

2072 2103 2290 2158 tributa
2338 2121 2440 2174 pro
2494 2120 2603 2159 sua
2650 2103 2893 2159 libidine
2950 2104 3275 2175 imperabat
3332 2108 3389 2158 et
3431 2104 3715 2172 exigebat.

2074 2195 2260 2259 Quare
2290 2194 2604 2263 imperator
2637 2193 2806 2264 inops
2837 2192 3063 2249 consilii
3115 2209 3317 2263 pacem
3365 2209 3498 2247 cum
3536 2192 3727 2264 pirata

2076 2282 2404 2337 faciendam
2437 2282 2708 2349 censuit;
2744 2287 2800 2337 et
2822 2281 3175 2352 quibusdam
3204 2281 3607 2337 Genuensibus
3641 2280 3725 2336 illi

2074 2368 2459 2426 familiaribus
2487 2371 2557 2425 ad
2591 2387 2724 2426 eum
2759 2369 2956 2425 missis
2989 2371 3162 2442 (saepe
3200 2369 3353 2425 enim
3389 2369 3727 2440 negotiandi

2074 2461 2264 2529 gratia
2296 2461 2631 2532 Byzantium
2685 2462 3014 2532 appulerat,
3059 2464 3116 2515 et
3148 2460 3301 2530 quod
3352 2460 3618 2523 iaciebat,
3654 2476 3721 2514 ea
3785 2529 3788 2532 p

2075 2547 2145 2603 de
2177 2565 2354 2603 causa
2385 2549 2631 2603 faciebat
2652 2547 2807 2619 quod
2838 2565 2871 2601 a
2901 2546 3176 2601 Michaele
3196 2546 3490 2617 Stryphno
3513 2546 3721 2601 classis

2075 2640 2344 2710 praefecto
2379 2642 2622 2710 pecunia
2657 2639 2941 2694 multatus
2978 2638 3211 2708 fuerat),
3244 2638 3515 2709 quamvis
3545 2639 3721 2692 verba

2073 2728 2145 2784 de
2175 2745 2314 2800 pace
2367 2731 2602 2797 faceret,
2638 2723 3028 2783 nihilominus
3057 2728 3233 2783 etiam
3277 2727 3347 2781 ad
3402 2726 3619 2781 bellum
3659 2743 3721 2780 se

2075 2818 2337 2889 parabat,
2371 2819 2500 2874 aliis
2533 2818 2877 2874 triremibus
2907 2816 3260 2888 comparatis
3291 2820 3349 2871 et
3378 2832 3585 2872 rursus
3615 2814 3723 2868 Sti-

2073 2907 2222 2963 rioni
2259 2908 2509 2965 traditis.
2545 2909 2657 2964 Sed
2689 2912 2749 2963 ut
2777 2907 2933 2963 inter
2961 2922 3059 2962 eos
3108 2906 3400 2974 convenit,
3433 2915 3487 2960 et
3536 2907 3723 2976 impe-

2073 3001 2232 3051 rator
2290 3014 2350 3052 se
2408 2997 2460 3052 ei
2518 3013 2617 3052 sex
2681 2997 2808 3052 auri
2869 2995 3233 3050 centenarias
3288 2995 3607 3049 missurum
3663 2998 3721 3048 et

2075 3090 2403 3146 Romanum
2439 3106 2645 3161 agrum
2674 3091 3135 3161 assignaturum,
3158 3089 3256 3159 qui
3290 3086 3563 3159 septuplo
3593 3086 3715 3157 plu-

2074 3195 2167 3235 res
2216 3179 2435 3235 milites
2468 3185 2669 3250 posset
2716 3179 2868 3235 alere
2915 3193 3090 3250 quam
3125 3179 3253 3249 ipse
3302 3177 3562 3245 haberet,
3620 3176 3718 3232 ille

2073 3277 2276 3324 contra
2306 3285 2367 3324 se
2398 3267 2740 3338 imperatori
2772 3269 2925 3324 dicto
2958 3268 3294 3322 audientem
3328 3267 3446 3322 fore
3476 3275 3561 3321 est
3595 3265 3717 3337 pol-

2071 3356 2291 3413 licitus.
2329 3358 2611 3413 Stiriones
2671 3374 2804 3412 cum
2853 3358 2998 3425 suis,
3049 3357 3274 3412 Pisanis
3328 3354 3536 3426 copiis,
3584 3371 3723 3425 pace

2074 3446 2271 3502 adhuc
2321 3446 2606 3517 ambigua,
2639 3463 2705 3502 ex
2737 3447 3051 3518 improviso
3100 3446 3428 3516 Caphurem
3461 3445 3727 3499 adoritur

2070 3536 2506 3608 commissaque
2524 3552 2721 3608 pugna
2743 3541 2975 3608 captum
2994 3534 3288 3599 occidit,et
3310 3535 3434 3602 ejus
3453 3534 3720 3602 navibus,

2069 3629 2319 3694 quatuor
2362 3625 2639 3697 exceptis,
2690 3626 2927 3697 potitur,
2960 3624 3019 3678 in
3065 3623 3281 3694 quibus
3330 3623 3719 3680 consobrinus

2069 3713 2193 3783 ejus
2222 3719 2366 3768 erat.

301 3796 561 3869 ὁπλίτας,
597 3798 624 3852 ὁ
657 3796 715 3851 δὲ
747 3797 983 3852 ὑπείκειν
1015 3797 1094 3870 τῷ
1129 3797 1369 3874 βασιλεῖ,
1403 3797 1814 3872 ἀπροσδόκητος
1844 3801 1872 3854 6
1904 3800 2220 3874 Στειριόνης
2267 3801 2402 3873 μετά
2456 3804 2555 3865 τῆς
2593 3802 2864 3872 ἑπομένης
2896 3801 3044 3870 αὐτῷ
3079 3803 3373 3868 Πισσαϊκῆς
3407 3796 3712 3873 δυνάμεως,

298 3883 390 3943 ’ἐτι
422 3886 590 3959 οὔσης
619 3896 719 3957 τῆς
749 3887 972 3963 εἰρήνης
1003 3889 1381 3967 ἀμφιπαλοῦς,
1414 3889 1504 3943 καὶ
1539 3890 1726 3968 μάχην
1786 3890 2043 3963 συνάψας,
2091 3888 2254 3944 αὐτόν
2308 3912 2367 3947 τε
2408 3891 2499 3946 τὸν
2534 3892 2824 3967 Καιρούρην
2859 3890 2997 3944 ἑλὼν
3031 3889 3240 3965 ἀναιρεῖ
3265 3888 3355 3943 καὶ
3385 3888 3478 3950 τάς
3510 3887 3715 3943 ἐκείνου

303 3984 442 4046 νῆας
474 3975 621 4047 πλὴν
653 3977 922 4033 τεττάσων
954 3979 1115 4049 αἱρεῖ·
1146 3979 1301 4033 αὗται
1336 3975 1392 4032 δὲ
1421 3978 1512 4032 τὸν
1546 3978 1751 4033 ἐκείνου
1781 3979 1918 4053 ἦγον
1948 3978 2181 4053 ἀνεψιόν.
2264 3992 2269 3997 ’

382 4068 449 4141 β’.
509 4064 682 4123 Ἀλλὰ
729 4066 819 4120 καὶ
849 4064 1018 4122 τῶνδε
1075 4071 1181 4121 τῶν
1240 4072 1422 4122 κακῶν
1454 4064 1698 4122 ἐκποδὼν
1730 4066 1958 4141 γενομέ-

300 4177 410 4209 νων
466 4155 494 4210 6
552 4153 604 4209 ἐν
654 4160 769 4215 τοῖς
826 4155 1074 4233 ἀρχείοις
1131 4153 1457 4231 ἐπεγείρεται
1490 4154 1760 4232 τάραχος,
1793 4156 1852 4218 ὅς
1891 4155 1954 4210 τὰ

302 4245 439 4299 κατᾶ
462 4244 554 4298 τὸν
591 4241 817 4316 βασιλέα
847 4239 1053 4317 ᾔσχυνὲ
1108 4263 1167 4298 τε
1205 4243 1272 4299 τὰ
1327 4245 1450 4316 περὶ
1504 4244 1723 4315 μέγιστα
1751 4245 1839 4297 καὶ
1873 4242 1955 4320 ἐφ’

300 4333 483 4387 ἱκανὸν
516 4329 824 4402 διεκύκησε.
866 4331 1100 4388 Μέλλων
1152 4329 1210 4386 δὲ
1253 4333 1321 4386 τά
1368 4330 1489 4404 περὶ
1520 4331 1726 4386 τούτων
1762 4329 1951 4401 διεξιέ-

303 4443 409 4487 ναι,
442 4422 515 4482 ὡς
548 4420 625 4481 εἷς
655 4421 836 4495 ἀρχὴν
888 4422 978 4475 τὸν
1032 4420 1199 4495 λόγον
1248 4420 1464 4495 ἀνάγειν
1498 4421 1824 4493 πειράσομαι
1859 4442 1953 4475 σα-

2134 4071 2190 4124 2.
2254 4071 2350 4126 llis
2410 4086 2644 4142 quoque
2703 4069 2871 4125 malis
2919 4069 3136 4125 amotis
3191 4068 3469 4125 Palatinae
3527 4069 3713 4126 turbae

2064 4159 2355 4227 oriuntur,
2389 4176 2519 4230 qua:
2565 4158 2965 4228 imperatorem
3000 4163 3052 4212 et
3087 4159 3298 4230 probro
3330 4163 3387 4214 et
3418 4159 3711 4215 diuturnis

2065 4247 2349 4303 molestiis
2399 4248 2734 4303 affecerunt.
2786 4249 2912 4312 Qua
2945 4247 3013 4301 de
3071 4264 3129 4303 re
3162 4248 3385 4304 dicturo
3443 4248 3587 4304 mihi
3635 4249 3706 4303 ad

2064 4336 2416 4406 principium
2450 4341 2538 4391 est
2559 4336 3001 4399 recurrendum,
3028 4341 3091 4389 ut
3122 4338 3375 4391 narratio
3409 4336 3508 4391 ﬁat
3540 4353 3702 4407 aper.

2061 4424 2215 4497 tior.
2257 4424 2409 4479 638
2467 4424 2785 4496 Imperator
2833 4425 3088 4490 Alexius,
3149 4429 3214 4479 ut
3272 4442 3451 4496 supra
3517 4426 3706 4491 innui,

310 4509 530 4585 φηνείας
566 4507 720 4565 ἕνεκα
757 4514 865 4564 τῶν
922 4508 1338 4586 ῥηθησομένων.
1394 4508 1655 4570 Βασιλεὺς
1686 4509 1953 4580 Ἀλέξιος,

2072 4518 2371 4583 antequam
2408 4530 2600 4569 rerum
2656 4514 2954 4583 potiretur,
2989 4530 3023 4567 a
3068 4512 3361 4584 plerisque
3399 4530 3514 4567 non
3550 4516 3706 4582 paci-

307 4596 384 4660 ὥς
445 4620 538 4672 μοι
593 4596 793 4661 ἄνωθεν
853 4595 1115 4672 ἀμυδρῶς
1174 4596 1450 4663 λέλεκται,
1514 4596 1617 4651 οὐκ
1679 4598 1951 4671 εἰρηνικὸς

299 4689 439 4760 ᾤετο
471 4693 590 4749 τοῖς
640 4687 919 4749 πλείστοις
982 4688 1088 4761 πρὸ
1145 4694 1246 4756 τῆς
1279 4687 1485 4762 ἀρχῆς,
1530 4684 1677 4742 ἀλλὰ
1705 4688 1794 4742 καὶ
1828 4687 1949 4745 λίαν

294 4777 626 4850 πολεμικὸς,
658 4775 777 4831 ὅθεν
811 4775 863 4830 ἐν
893 4775 1108 4831 ἐλπίσιν
1160 4771 1334 4831 ἔκειτο
1382 4780 1541 4830 πᾶσιν
1579 4776 1653 4837 ὡς
1688 4777 1749 4830 οὗ
1785 4777 1946 4848 μόνον

300 4873 418 4928 τοῖς
451 4869 676 4942 ἐχθροῖς
705 4867 993 4939 Ῥωμαίων
1040 4867 1138 4934 τήν
1173 4866 1392 4943 λόγχην
1421 4867 1660 4922 ἀνατενεῖ
1693 4865 1950 4941 βασιλεύ-

300 4977 417 5023 σας,
450 4955 577 5011 ἀλλ’
609 4954 735 5010 οὐδὲ
762 4962 876 5016 τοῖς
901 4954 1231 5030 ἀρχομένοις
1281 4956 1466 5017 αὐτοῖς
1517 4955 1712 5010 ἐσεῖται
1753 4977 1944 5014 παντε-

300 5044 416 5107 λῶς
451 5045 689 5117 μέτριος.
723 5045 918 5118 "Apfw:
949 5043 994 5099 δ’
1027 5043 1117 5099 οὖν
1164 5046 1399 5119 ἑτεροῖος
1438 5044 1590 5099 ὦπτο
1620 5046 1944 5114 παντάπασι,

294 5135 387 5192 καὶ
441 5134 645 5194 πάντας
700 5137 815 5194 τοῖς
872 5135 992 5187 καθ’
1049 5133 1212 5189 αὐτὸν
1265 5134 1650 5206 είκαιομύθους
1705 5133 1946 5206 ἀπέδειξε

291 5225 627 5298 πράγμασιν.
660 5223 757 5278 ”Ιν’
814 5223 905 5277 οὗν
962 5223 1030 5278 τά
1085 5221 1265 5278 πλείω
1312 5223 1832 5300 παραγκωνίσωμαι,
1863 5227 1939 5298 μή

291 5335 412 5375 πως
465 5313 533 5366 τά
578 5309 756 5365 πλείω
811 5311 1188 5387 καταγορεύων
1245 5311 1363 5367 ἁλῶ
1419 5314 1507 5366 καὶ
1535 5313 1610 5375 εἷς
1641 5315 1806 5389 ψόγον
1841 5314 1941 5382 τήν

290 5399 535 5473 ἲστορίαν
588 5394 978 5471 διατιθέμενος,
1036 5397 1197 5473 ἄρξας
1256 5403 1339 5475 [Ρ.
1375 5404 1501 5475 312]
1547 5402 1700 5464 εὐθὺς
1747 5403 1939 5473 ἀνεκή-

290 5492 414 5563 ρυξε
476 5488 552 5558 μὴ
611 5487 914 5558 χρημάτων
974 5488 1166 5550 ὠνίους
1221 5491 1319 5550 τὰς
1374 5489 1550 5568 ἀρχὰς
1579 5490 1934 5559 ἀνατίθεσθαι,

289 5574 418 5631 ἀλλ’
452 5570 764 5647 ἀριστίνδην
817 5576 907 5630 καὶ
971 5574 1146 5651 δῶρον
1195 5578 1358 5640 αὖτάς
1414 5574 1788 5653 βραϐεύεσθαι.
1835 5580 1936 5637 Καὶ

2062 4603 2205 4657 ficus
2237 4604 2336 4658 sed
2363 4605 2681 4659 admodum
2710 4603 3023 4659 bellicosus
3046 4603 3385 4657 habebatur.
3410 4602 3574 4658 Unde
3599 4618 3712 4657 om-

2061 4708 2168 4748 nes
2194 4694 2644 4764 augurabantur
2674 4709 2806 4749 eum
2833 4711 2947 4749 non
2982 4692 3155 4748 modo
3188 4694 3577 4747 Romanorum
3614 4692 3713 4748 bo-

2060 4787 2179 4837 stes
2214 4782 2363 4837 bello
2407 4783 2747 4851 petiturum,
2778 4783 2878 4838 sed
2915 4799 3020 4837 nec
3078 4782 3137 4836 in
3169 4781 3432 4837 subditos
3465 4781 3706 4836 omnino

2057 4876 2403 4931 clementem
2435 4875 2710 4928 futurum.
2733 4873 2945 4929 Verum
2981 4872 3151 4943 plane
3180 4872 3540 4927 contrarium
3574 4888 3701 4927 ενοι

2057 4965 2165 5033 nit,
2215 4965 2459 5035 decepta
2508 4961 2772 5017 omnium
2824 4962 3142 5032 Opinione;
3205 4965 3261 5016 et
3316 4967 3378 5015 ut
3429 4960 3701 5031 pleraque

2055 5053 2340 5121 omittam,
2366 5067 2438 5106 ne
2460 5051 2934 5121 vituperationem
2964 5052 3153 5122 potius
3179 5067 3351 5121 quam
3388 5050 3699 5105 historiam

2054 5142 2309 5199 scribere
2337 5142 2556 5205 videar,
2581 5140 2745 5195 initio
2777 5140 3137 5211 principatus
3172 5140 3707 5211 proclamarijussit

2053 5248 2116 5286 se
2166 5231 2542 5302 magistratus
2597 5245 2710 5283 non
2761 5229 3153 5293 venditurum,
3211 5230 3307 5283 sed
3357 5230 3583 5284 delectu
3634 5243 3703 5283 ex

2050 5318 2289 5388 optimis
2350 5316 2547 5371 habito
2599 5317 2861 5386 gratuito
2912 5318 3349 5372 mandaturum.
3404 5320 3591 5388 Atque
3639 5316 3698 5371 id

2049 5406 2359 5463 consilium
2414 5403 2650 5459 liberale
2698 5408 2755 5458 et
2786 5405 3129 5474 praeclarum
3184 5410 3325 5470 erat,
3356 5412 3408 5460 et
3457 5406 3693 5473 optimm

2048 5493 2483 5567 gubernationis
2536 5494 2940 5547 ﬁrmissimum
2993 5495 3461 5550 fundamentum.
3495 5494 3693 5564 Neque

2047 5582 2354 5654 quisquam
2380 5585 2466 5635 cst
2501 5586 2694 5636 nostro
2716 5587 2997 5652 tempore,
3031 5582 3129 5652 qui
3163 5581 3219 5635 id
3252 5580 3582 5651 exemplum
3605 5580 3693 5634 vel
