4098 6292
444 391 559 452 371
1753 378 2056 440 NICETZE
2099 379 2526 440 CHONIATE
3694 395 3790 452 372

447 522 632 583 οῖκους
688 515 995 592 διαφθεῖρον
1049 511 1138 566 καὶ
1197 512 1331 586 πρὸς
1407 509 1580 588 χρόας
1653 509 1946 584 ἀνομοίους
2028 507 2560 583 μεταλλαττόμενον,
2637 512 2803 567 ὁποῖα
2875 514 2942 568 τά
2999 509 3207 568 Λιϐυκά
3261 536 3436 585 φασιν,
3493 515 3526 586 ἤ
3589 521 3615 572 ὁ
3674 524 3793 578 mei

447 613 526 686 τῷ
571 605 696 669 Ἰὼϐ
737 607 1010 667 ἀνάλωτος
1039 603 1250 678 δράκων
1298 600 1652 672 συνείληπτο,
1709 601 1799 656 καὶ
1858 602 1888 656 ὁ
1957 599 2122 675 βορδς
2183 600 2591 675 μυρμηκολέων
2667 601 2942 670 ἀπώλετο,
3018 603 3126 660 εἶ’τε
3187 579 3290 678 μὴν
3359 609 3392 676 ἡ
3466 578 3794 676 πολυθῦσανιος

449 702 594 776 αἰγὶς
642 699 733 754 καὶ
791 691 1137 770 δειματώδης
1192 691 1418 756 ἐκείνοις
1475 691 1551 754 εἰς
1601 692 1737 766 χάος
1797 688 2068 761 ἐλήλαται
2123 691 2212 746 καὶ
2271 689 2606 748 διέσπασται.
2651 692 2747 746 Καὶ
2807 693 2950 747 οὕτω
2994 694 3088 765 μέν
3141 696 3170 750 ὁ
3209 698 3642 770 Μεσοποταμίτης
3668 707 3800 755 Κων-

451 794 727 850 σταντῖνος
765 785 855 842 καὶ
896 785 948 840 οἱ
987 782 1182 838 τούτου
1229 778 1322 836 δύο
1372 781 1693 855 κασίγνητοι
1738 785 1845 834 τῶν
1897 784 2095 834 κοινῶν
2162 778 2515 854 ἐκκρούονται
2566 778 2908 850 διοικήσεων,
2970 781 3337 860 ἀντεισάγεται
3403 782 3448 839 δ’
3500 782 3666 860 ἕτερος
3699 795 3801 867 περὶ

451 882 539 943 τάς
613 877 801 939 κοινάς
879 872 1180 944 διοικήσεις
1257 871 1359 926 οὐκ
1431 867 1630 925 ἐνδέων
1705 874 1802 924 τοῦ
1876 863 2162 942 ἀκριϐοῦς,
2241 871 2455 947 χαρίεις
2527 871 2608 926 τό
2681 872 2816 941 ⁹ἦθος
2887 871 3036 945 μάλα
3109 894 3166 928 τε
3240 874 3363 936 τοὺς
3438 873 3624 952 λόγους
3691 863 3802 934 ἀπὸ.

439 968 714 1045 τορνεύειν
749 965 908 1026 εἰδὼς
940 963 1029 1018 καὶ
1062 959 1432 1036 ἀπομηκύνειν
1468 959 1544 1022 εἷς
1572 956 1863 1034 περιόδοῦς
1896 957 2218 1034 ῥητορικῶς·
2255 961 2281 1012 ὁ
2315 959 2608 1030 Εἰρηνικὸς
2639 961 2706 1030 ἦν
2733 961 2888 1023 οὗτος
2921 960 3224 1037 Θεόδωρος,
3256 965 3344 1018 καὶ
3373 970 3618 1040 παρεῖγεν
3647 967 3804 1024 ἑαυτὸν

513 1029 522 1045 I
1177 1029 1187 1036 τ
1243 1029 1252 1032 -
1645 1029 1653 1034 -
1897 1029 1904 1034 -
2385 1029 2392 1030 ί
2443 1029 2446 1030 ν
2666 1029 2672 1030 ί
3108 1029 3117 1037 -
3213 1029 3222 1034 -
3451 1029 3460 1040 .
3536 1029 3570 1040 ι.

440 1067 558 1124 τοῖς
615 1063 748 1116 πᾶσι
807 1049 1188 1122 κατάλληλον.
1259 1050 1607 1119 Ευνέζευκται
1663 1046 1721 1104 δέ
1778 1070 1862 1110 τις
1915 1047 2104 1122 ἐκείνῳ
2170 1049 2259 1104 καὶ
2332 1056 2440 1105 τῶν
2507 1053 2686 1107 πόνων
2741 1049 3177 1127 συνελαμϐάνετο
3243 1059 3662 1132 φιλογρηματῶν
3705 1061 3804 1114 ἱκα-

439 1155 545 1212 νῶς
591 1150 682 1204 καὶ
735 1145 874 1224 βηχὶ
926 1147 1142 1218 συνεχεῖ
1185 1141 1446 1216 κάτοχος.
1491 1137 1828 1218 Ἀμφότεροι
1856 1139 1974 1192 -οὗν
2020 1144 2139 1200 ταῖς
2215 1137 2530 1202 πολιτικαῖς
2582 1140 2901 1198 ἐπεστάτουν
2953 1145 3193 1219 πράξεσι.
3242 1119 3416 1215 ίΙλὴν⁵
3443 1119 3504 1201 τό
3545 1149 3807 1204 105M500-

441 1237 752 1312 ποταμίτου
801 1235 1004 1308 πτώμα
1057 1229 1329 1306 μηδαμῶς
1374 1228 1427 1284 ἐν
1481 1227 1684 1306 γέλωτι
1737 1227 1976 1303 ἔχοντες,
2025 1225 2170 1282 ἀλλά
2220 1225 2308 1283 διὰ
2347 1231 2545 1293 παντὸς
2576 1233 2961 1308 προορώμενοι
3010 1233 3192 1288 καὶτὸ
3235 1239 3334 1289 τοῦ
3362 1235 3584 1309 κράτους
3612 1233 3804 1292 εὔκολον

448 1330 791 1404 ὑφορώμενοι
842 1323 938 1381 οὒγ
986 1319 1164 1396 ὅρθιοι
1213 1321 1305 1376 καὶ
1355 1319 1617 1390 ἀκλινεῖς,
1669 1320 1743 1380 ὡς
1793 1319 1845 1373 οἱ
1895 1315 2217 1392 ἀκράδαντοι
2266 1324 2374 1374 τῶν
2423 1323 2670 1376 ἱπποτῶν
2719 1323 2854 1377 κατά
2906 1345 2964 1379 τε
3007 1329 3224 1398 πρανῶν
3257 1325 3346 1379 καὶ
3378 1328 3460 1398 [Ρ.
3491 1328 3610 1398 319]
3639 1326 3804 1400 ὀρθίων

443 1419 718 1500 ἐφέροντο,
751 1414 898 1472 ἀλλά
923 1415 985 1470 τὸ
1020 1410 1334 1466 δυναστετίον
1367 1407 1797 1480 ὑποποιούμενοι
1828 1406 2072 1485 ἀνεῖργόν
2101 1427 2159 1462 τε
2188 1408 2278 1463 καὶ
2310 1407 2644 1484 ἀνεσείραζον
2683 1410 2762 1465 ἀεὶ
2803 1412 2904 1481 τὴν
2939 1411 3122 1490 ἰσχὺν,
3153 1413 3244 1466 καὶ
3274 1409 3458 1468 πολλά
3484 1417 3586 1468 τῶν
3613 1411 3808 1470 δεόντων

441 1495 776 1584 παρέτρεχον
804 1507 904 1574 τὴν
935 1497 1201 1558 ἀπόϐασιν
1237 1495 1652 1572 εὐλαϐούμενοι.

511 1639 562 1692 5.
599 1635 701 1691 His
746 1642 801 1689 et
849 1629 1188 1702 hujusmodi
1233 1631 1404 1686 rebus
1463 1627 1700 1683 Alexius
1749 1630 2078 1681 Comnenus
2111 1635 2155 1699 Α

441 1724 759 1782 triennium
790 1723 848 1778 in
879 1719 1123 1793 imperio
1154 1719 1358 1790 exegit.
1390 1717 1634 1789 Reliqua
1657 1717 1728 1772 ab
1754 1716 1952 1772 eadem
1987 1730 2084 1768 ra-

438 1817 598 1871 tione
629 1813 774 1870 nihil
797 1814 1181 1867 recesserunt.
1221 1807 1594 1863 Consuetudo
1631 1803 2084 1870 mansiteadem,

438 1905 556 1962 vita
619 1901 812 1958 mollis
865 1905 921 1956 et
958 1903 1236 1972 perpetuo
1287 1913 1488 1952 socors
1545 1894 1870 1967 ingenium.
1927 1895 2084 1945 Tunc

439 1992 629 2049 fmdus
679 1989 980 2046 lconiense
1029 1986 1308 2043 violatum
1339 1990 1449 2041 est.
1497 1985 1642 2040 Nam
1683 1983 2084 2048 Caichosroes,

440 2084 568 2152 ejus
599 2081 763 2136 urbis
785 2078 1080 2145 sultauus,
1114 2078 1263 2132 duos
1293 2090 1476 2146 equos
1507 2073 1608 2145 qui
1649 2071 1988 2144 imperatori
2012 2071 2084 2126 ab

437 2169 828 2226 Alexandrino
858 2168 1086 2224 sultano
1139 2165 1518 2221 mittebantur
1555 2162 1800 2234 eripuit;
1834 2176 2082 2233 quorum

437 2259 673 2316 alterius
705 2273 855 2328 genu
901 2257 958 2312 in
1011 2271 1183 2310 cursu
1215 2253 1434 2321 luxato,
1484 2269 1585 2324 per
1625 2252 1845 2323 legatos
1871 2251 1941 2305 ab
1970 2249 2084 2303 im-

437 2354 702 2421 peratore
733 2347 888 2404 054
936 2345 1164 2400 veniam
1199 2343 1364 2414 petiit
1415 2341 1566 2412 quod
1611 2342 1738 2410 ejus
1781 2356 1960 2412 equos
1991 2339 2081 2395 in-

437 2438 776 2510 tercepisset
803 2441 861 2491 et
891 2435 1044 2506 quod
1078 2437 1311 2504 prapter
1341 2430 1581 2487 alterius
1613 2428 1913 2485 lmsionem
1938 2428 2076 2484 alte-

441 2543 566 2581 rum
601 2541 831 2596 quoque
883 2525 1112 2578 mittere
1144 2538 1258 2577 non
1311 2519 1514 2576 fuisset
1544 2536 1744 2575 ausus.
1798 2521 2079 2574 Ceterum

437 2630 500 2668 se
559 2613 796 2669 omnino
863 2616 1208 2667 curaturum
1244 2625 1313 2664 ne
1343 2609 1527 2664 amico
1583 2616 1734 2663 esset
1777 2605 2077 2672 molestus,

440 2720 577 2759 neve
609 2705 707 2757 diu
747 2701 916 2773 cquis
947 2704 1188 2756 careret.
1234 2703 1396 2754 Hanc
1430 2697 1754 2768 speciosam
1788 2696 2076 2752 defensio-

437 2809 568 2848 nem
603 2792 920 2862 imperator
948 2796 1154 2852 non,ut
1185 2787 1629 2859 magnanimum
1651 2785 1832 2840 virum
1862 2785 2074 2850 decuit,

437 2898 602 2954 aequo
635 2880 828 2945 animo
859 2877 1100 2948 accepit,
1137 2892 1324 2947 neque
1358 2875 1685 2930 necessitati
1719 2872 2074 2938 voluntatem

2258 1625 2316 1680 ε’.
2355 1626 2446 1681 Ἐν
2477 1627 2693 1688 τούτοις
2754 1626 2850 1698 μὲν
2911 1627 3003 1682 οὗν
3061 1628 3151 1682 καὶ
3201 1627 3474 1690 τοιούτοις
3539 1627 3806 1702 παραπλη-

2192 1711 2333 1808 σίοις
2407 1713 2646 1776 ἐνιαυτὸς
2720 1713 2923 1786 ἐξίκετο
2997 1715 3179 1791 τρίτος
3263 1716 3491 1796 ἄρχοντι
3553 1717 3806 1790 Ῥωμαίων

2209 1801 2418 1875 Αλεξίῳ
2459 1807 2537 1874 τῷ
2589 1807 2869 1877 Κομνηνῷ.
2923 1806 3006 1862 Ti
3053 1802 3100 1859 δ’
3160 1804 3354 1884 ἐφεξῆς
3393 1803 3542 1862 οὐδὲν
3583 1806 3806 1860 ἀντιστα-

2189 1895 2380 1946 τοῦντα
2437 1898 2554 1955 τοῖς
2611 1891 2919 1968 προτέροις·
2982 1893 3162 1950 δίαιτα
3213 1897 3317 1972 γάρ
3374 1896 3444 1965 ἧν
3483 1897 3516 1965 ἡ
3559 1894 3682 1964 αὐτὴ
3728 1896 3803 1949 καὶ

2191 1980 2354 2036 πάλιν
2387 1982 2478 2036 καὶ
2532 1982 2652 2058 βίος
2697 1983 2944 2062 χαλαρὸς
3001 1984 3088 2040 καὶ
3147 1980 3556 2058 ἐξημϐλυμένον
3587 1984 3806 2062 φρόνημα

2191 2069 2293 2128 ἀεί.
2326 2071 2460 2126 Τότε
2491 2069 2547 2126 δὲ
2585 2073 2675 2127 καὶ
2725 2074 2781 2128 αἱ
2821 2073 3088 2148 εἰρηνικαὶ
3137 2072 3369 2130 σπονδαὶ
3418 2075 3803 2150 παρεωράθησάν

2190 2180 2248 2216 τε
2279 2161 2367 2214 καὶ
2400 2163 2774 2237 συνεχύθησαν
2822 2162 2884 2225 ἃς
2931 2165 3052 2242 εἶχε
3103 2161 3360 2238 βασιλεὺς
3392 2162 3664 2226 ἐκτελέσας
3695 2165 3805 2234 μετᾶ

2191 2249 2398 2324 Πέρσου
2453 2255 2550 2306 τοῦ
2600 2247 2879 2314 διέποντος
2936 2253 2999 2308 τὸ
3058 2252 3302 2310 Ἰκόνιον.
3365 2254 3424 2308 Ὀ
3458 2254 3550 2327 μὲν
3573 2253 3666 2329 γάρ
3692 2257 3803 2310 Καϊ-

2188 2339 2431 2413 χοσρόης
2491 2340 2674 2412 (τοῦτο
2733 2341 2838 2417 γὰρ
2895 2341 2961 2409 ἦν
3021 2337 3197 2410 ὄνομα
3263 2346 3347 2412 τῷ
3419 2337 3684 2417 βαρϐάρῳ)
3725 2338 3801 2395 δύο

2188 2421 2430 2499 ’Ἄραϐας
2485 2425 2691 2491 ’ίππους
2729 2427 2787 2482 ἐκ
2843 2433 2938 2483 τοῦ
2998 2429 3227 2484 σουλτάν
3279 2437 3385 2500 τῆς
3416 2433 3529 2486 κατ’
3563 2429 3803 2504 Λ“ἰγυπτον

2186 2513 2590 2590 Ἀλεξανδρείας
2663 2521 2742 2588 τῷ
2820 2515 3036 2586 βασιλεῖ
3096 2516 3504 2591 στελλομένους
3569 2517 3802 2574 ἀφείλετο.

2184 2605 2372 2659 Τοίνυν
2435 2603 2525 2659 καὶ
2593 2607 2802 2678 θατέρῳ
2865 2605 3072 2662 τούτων
3141 2609 3204 2662 τὸ
3257 2606 3397 2683 γόνυ
3453 2607 3800 2682 ἐξαρθρωθέντι

2185 2691 2236 2746 ἒν
2295 2697 2376 2764 τῷ
2439 2693 2578 2766 πρὸς
2645 2691 2848 2767 δρόμον
2913 2694 3148 2749 ἀνίεσθαι
3201 2691 3430 2768 πέμψας
3483 2695 3557 2758 εἷς
3608 2693 3798 2772 βασιλέι

2185 2782 2519 2856 συγγνώμην
2551 2781 2761 2856 ᾐτεῖτο,
2799 2781 2881 2836 ὅτι
2928 2804 2987 2838 τε
3034 2783 3183 2845 ’ὀλως
3229 2783 3307 2846 εἷς
3342 2783 3506 2840 αὺτὸν
3537 2779 3800 2839 διαϐαίνον-

2181 2891 2276 2932 τας
2317 2867 2524 2933 ’ίππους
2582 2866 2738 2946 ἔσχεν
2801 2868 3184 2944 ίδιιυσάμενος,
3238 2870 3331 2926 καὶ
3387 2873 3471 2928 ὅτι
3517 2892 3612 2946 περ
3660 2873 3800 2940 ἢτοῦ

436 2968 916 3035 accommodavit,
955 2981 1140 3038 neque
1173 2971 1496 3036 temporum
1555 2964 1837 3018 rationem
1874 2961 2075 3016 habuit

2185 2960 2303 3021 ἐνὸς
2333 2957 2631 3032 ἀγρείωσις
2685 2960 2772 3014 καὶ
2818 2963 2915 3030 τήν
2963 2961 3148 3036 ἐτέρου
3191 2959 3514 3031 ἀποστολὴν
3543 2960 3798 3028 πεποίηκεν

2193 3051 2206 3068 ρ
2395 3049 2431 3068 ,η
2517 3053 2542 3068 ,ι
2743 3050 2754 3066 ρ
2964 3051 3002 3068 κ,
3295 3057 3316 3068 ..
3471 3057 3496 3068 -
3597 3057 3622 3068 ..
3726 3051 3756 3068 η

437 3075 687 3132 quorum
722 3057 1164 3114 difﬁcultatibus
1199 3057 1456 3126 undique
1479 3055 1812 3124 urgebatur,
1833 3053 1930 3106 sed
1965 3061 2077 3108 sta-

439 3150 544 3202 tim
589 3149 999 3203 ell'ervescente
1049 3143 1159 3199 bile
1215 3142 1508 3197 fulminat.
1543 3141 1656 3196 Nec
1689 3147 1880 3195 tamen
1918 3141 2080 3212 quid-

438 3253 610 3308 quam
646 3235 782 3290 facit
836 3250 948 3304 quo
981 3233 1213 3288 Persam
1264 3231 1601 3295 ulciscatur,
1662 3230 1761 3286 sed
1795 3230 1909 3284 sibi
1963 3229 2076 3300 ipsi

437 3324 606 3393 plane
640 3322 851 3378 bellum
876 3323 1049 3376 infert
1071 3325 1127 3376 et
1148 3319 1407 3391 gladium
1431 3323 1634 3376 contra
1665 3335 1790 3374 sese
1820 3317 2074 3386 stringit.

433 3414 612 3469 Jubet
641 3411 699 3466 in
739 3427 1027 3466 carcerem
1063 3410 1192 3465 duci
1227 3417 1280 3464 et
1311 3409 1588 3464 omnibus
1638 3408 1806 3462 bonis
1840 3408 2075 3462 multari

435 3501 825 3574 negotiatores
871 3516 1075 3556 omnes
1123 3503 1240 3554 tam
1289 3498 1582 3553 Romanos
1631 3513 1806 3569 quam
1838 3497 2074 3562 Turcos,

437 3591 539 3664 qui
562 3590 756 3647 Iconio
780 3589 1121 3660 Byzantium
1139 3587 1431 3644 venissent
1457 3602 1682 3656 ;eorum
1709 3603 1840 3641 vero
1856 3602 2076 3640 merces

438 3685 496 3735 et
518 3681 794 3752 jumenta
829 3693 936 3734 nec
966 3678 1084 3749 ipso
1139 3682 1203 3732 ut
1233 3677 1425 3733 decuit
1456 3675 1569 3730 sibi
1600 3674 1938 3740 vindicavit,
1971 3691 2074 3730 nec

435 3768 552 3824 illis
582 3767 856 3839 reliquit:
915 3768 1070 3822 unde
1101 3765 1214 3822 alia
1244 3763 1384 3820 alibi
1434 3763 1718 3836 dissipata
1758 3761 2072 3836 perierunt.

433 3858 554 3922 Quo
589 3859 876 3913 barbarus
927 3855 1126 3912 audito
1175 3855 1366 3910 denuo
1411 3853 1629 3924 legatos
1659 3853 1889 3907 mittere
1921 3853 2070 3909 655

430 3947 642 4012 noluit,
675 3947 775 4002 sed
809 3944 990 4000 armis
1039 3942 1308 3998 alacriter
1344 3942 1594 4013 arreptis
1637 3941 1956 4012 improvisa
1989 3943 2074 3996 in-

435 4037 706 4092 cursione
763 4034 990 4089 Cariam
1018 4039 1076 4090 et
1127 4031 1436 4088 Tantalum
1487 4030 1700 4103 oppida
1743 4031 1816 4084 ad
1867 4035 2073 4086 Maean-

429 4127 599 4181 drum
650 4124 766 4178 sita
813 4123 1073 4179 vastavit.
1121 4123 1260 4176 Inde
1299 4123 1364 4176 ad
1395 4120 1656 4192 Phrygia:
1706 4117 2074 4174 Antiochiam

426 4213 751 4278 contendit,
807 4227 1051 4283 eamque
1081 4211 1348 4267 fortassis
1400 4225 1561 4280 atque
1608 4225 1674 4264 ae
1708 4208 1828 4264 heri
1850 4207 2073 4264 Cariam

429 4307 486 4357 et
512 4301 828 4357 Tantalum
860 4301 1129 4372 cepisset,
1183 4299 1294 4355 nisi
1328 4315 1498 4354 casus
1525 4298 1764 4370 quidam
1799 4297 2074 4353 fortuitus

2188 3049 2622 3105 ὑποστείλασθαι·
2684 3050 2900 3114 πάντως
2960 3051 3016 3106 δὲ
3073 3057 3346 3125 φροντιεῖν
3403 3057 3500 3108 τοῦ
3557 3057 3634 3124 τῷ
3685 3051 3798 3130 φίλῳ

2184 3140 2526 3215 ἀνεπαχθοῦς
2568 3139 2658 3194 καὶ
2713 3143 2810 3194 τοῦ
2872 3141 2947 3212 μή
3006 3144 3114 3194 τῶν
3167 3138 3360 3195 ’ίππων
3393 3139 3450 3203 ἐς
3486 3141 3682 3214 μακρὸν
3710 3139 3795 3194 στί-

2221 3251 2237 3259 _
2549 3229 2563 3248 ε
2630 3229 2643 3248 ρ
2744 3229 2760 3248 \
2881 3227 2894 3246 ν
2944 3233 2956 3251 9
3193 3225 3248 3249 ,Μ
3527 3229 3541 3250 ν
3639 3229 3650 3246 ο

2186 3231 2382 3302 ρεσθαι.
2463 3233 2564 3286 Και
2623 3249 2650 3282 ο
2703 3251 2799 3302 μεν
2876 3249 2938 3308 ac?
3033 3230 3116 3292 οἱς
3191 3248 3418 3304 εορασεν
3492 3247 3802 3304 ευπροσωπον

2183 3319 2358 3383 οῧτῶς
2387 3316 2620 3394 ἠγόρευε
2659 3319 2751 3372 τὸν
2801 3317 3104 3393 ἀπολογον·
3159 3320 3186 3374 ὁ
3241 3317 3298 3374 δὲ
3335 3322 3479 3390 μήτε
3506 3319 3566 3374 τὸ
3600 3315 3804 3392 μεγαλό-

2182 3411 2359 3482 ψυχον
2393 3406 2676 3468 ἐπαινέσας
2736 3409 2876 3479 μήτε
2937 3408 3044 3481 μὴν
3103 3409 3204 3476 τήν
3265 3407 3512 3483 ἂνάγκην
3539 3406 3720 3482 τρέψας
3748 3402 3805 3462 εἰς

2183 3496 2244 3550 τὸ
2275 3494 2593 3574 φιλτςτιμον,
2644 3495 2677 3565 ἢ
2722 3499 2849 3571 γοῦν
2905 3495 2956 3550 ἐν
3016 3501 3092 3569 νῷ
3151 3495 3508 3572 βαλλόμενος
3537 3498 3627 3554 τὸν
3655 3493 3807 3568 καιρὸν

2187 3583 2352 3658 βαρὺν
2408 3583 2661 3656 ἐνστάτην
2737 3585 2818 3640 ἀεὶ
2891 3585 3038 3659 αὐτῷ
3115 3585 3481 3661 ἐφιστάμενον
3559 3585 3641 3642 καὶ
3697 3583 3805 3656 πρὸς

2181 3673 2394 3747 πνίγμα
2467 3673 2553 3728 ἐπί
2629 3678 2757 3728 πᾶσι
2826 3675 3192 3750 κατασχόντα,
3254 3675 3330 3736 ὡς
3399 3681 3588 3754 πρῖνος
3647 3671 3804 3729 αὐτίκα

2181 3763 2470 3834 καιόμενος
2525 3767 2604 3836 τῷ
2659 3767 2814 3836 θυμῷ
2874 3759 3194 3838 ὑπεϐρόντα.
3269 3762 3430 3836 Πλὴν
3509 3763 3677 3839 ἕτερον
3728 3761 3806 3832 μὲν

2182 3849 2339 3906 οὐδὲν
2389 3873 2497 3906 τινι
2555 3857 2793 3926 γενναῖον
2851 3852 2988 3926 πρὸς
3055 3851 3422 3922 ἀντιλῦπησιν
3483 3858 3578 3909 τοῦ
3631 3850 3802 3924 Πέρσου

2183 3942 2485 4016 συνεώρακέ
2543 3939 2958 4016 διαπράξασθαι,
3016 3943 3132 3998 καθ’
3189 3943 3386 3998 ἑαυτοῦ
3457 3942 3514 3999 δὲ
3562 3937 3805 4017 στρατεύε-

2181 4051 2270 4085 ται
2299 4027 2544 4108 ἀτεχνῶς
2594 4031 2684 4085 καὶ
2731 4031 2794 4085 τὸ
2843 4031 2996 4108 ξίφος
3025 4036 3105 4104 τῷ
3135 4032 3275 4092 τὲως
3304 4033 3676 4106 κρυπτόμενον
3697 4028 3802 4082 ἀνα-

2183 4115 2440 4176 δείκνυσι.
2539 4119 2738 4176 Τοίνυν
2803 4119 3074 4175 ἐπιτάττει
3141 4119 3416 4196 φυλακαῖς
3496 4121 3804 4195 ἐνειρχθῆναι

2179 4208 2269 4262 καὶ
2327 4209 2392 4263 τὰ
2431 4206 2559 4264 ὅντα
2615 4207 2788 4264 πάντα
2849 4209 3204 4288 ἀφαιρεθῆναι
3263 4211 3463 4266 ὁπόσοι
3489 4205 3736 4282 Ῥωμαῖοί
3759 4223 3802 4256 τε

2183 4297 2270 4351 καὶ
2325 4299 2560 4372 Τοῦρκοι
2617 4299 3028 4374 πραγματευταὶ
3085 4298 3184 4352 τοῦ
3248 4299 3484 4356 Ἰκονίου
3541 4298 3803 4371 ἀπάραντες

425 4390 710 4462 impetum
744 4389 873 4458 ejus
929 4387 1127 4444 divina
1150 4387 1343 4458 potius
1383 4403 1555 4457 quam
1601 4385 1867 4441 humana
1888 4387 2072 4458 provi-

2185 4385 2237 4440 τὸ
2291 4385 2580 4455 Βυζάντιον
2631 4385 2968 4460 ἐπεισῄεσαν.
3030 4385 3128 4442 Καὶ
3189 4388 3256 4443 τὰ
3315 4388 3413 4460 μὲν
3470 4387 3680 4444 ἐκείνων
3719 4380 3800 4452 ἐμ-

424 4478 623 4535 dentia
667 4478 948 4548 fregisset.
997 4477 1143 4533 Nam
1179 4493 1294 4547 qua
1326 4481 1492 4530 nocte
1533 4475 1606 4530 ad
1635 4473 1838 4529 urbem
1871 4475 2066 4544 oppri-

426 4571 695 4624 mendam
759 4567 1128 4639 properabat,
1187 4565 1423 4636 quidam
1480 4563 1650 4618 homo
1701 4567 1905 4634 potens
1941 4561 2068 4617 tiliae

421 4659 658 4728 nuptias
718 4656 1065 4712 celebrabat.
1103 4654 1236 4708 Erat
1277 4651 1474 4724 igitur,
1521 4655 1588 4706 ut
1645 4650 1703 4706 in
1763 4651 2067 4721 bujumodi

420 4745 830 4801 festivitatibus
863 4745 1032 4814 solet,
1073 4742 1362 4798 tumultus
1421 4740 1723 4796 hominum
1761 4740 2066 4795 convivan-

417 4833 577 4889 tium.
615 4834 911 4905 Cymbala,
965 4839 1267 4904 tympana,
1317 4829 1622 4887 saltatores
1663 4835 1720 4884 et
1754 4827 2066 4884 mulierum

417 4927 603 4975 coetus
650 4920 1013 4988 hymenaaum
1064 4919 1428 4976 cantantium
1484 4936 1583 4992 per
1613 4924 1795 4974 totam
1837 4923 2066 4976 noctem

425 5008 885 5078 perstrepebant.
938 5009 1011 5064 Ut
1041 5016 1238 5065 autem
1294 5009 1364 5064 ad
1401 5009 1605 5064 urbem
1662 5009 1910 5064 accessit
1939 5009 2068 5064 Cai-

422 5096 720 5162 cbosroes,
753 5097 954 5151 audita
973 5113 1325 5168 organorum
1343 5097 1648 5153 harmonia
1678 5101 1734 5152 et
1763 5097 2066 5153 hominum

421 5188 728 5250 concentu,
785 5201 902 5239 non
933 5201 1054 5240 rem
1103 5184 1291 5257 ipsam
1353 5186 1692 5256 conjectura
1739 5191 2066 5256 assecutus,

421 5273 520 5326 sed
557 5270 806 5326 militum
851 5277 1104 5326 tesseras
1158 5291 1308 5340 esse,
1373 5275 1475 5344 qui
1533 5289 1706 5328 suum
1756 5275 2068 5330 adventum

421 5364 908 5432 praeeognossent,
969 5369 1179 5430 putans
1227 5363 1296 5416 ad
1330 5365 1586 5432 Lampon
1618 5363 1912 5428 discessit,
1954 5363 2067 5418 ibi-

421 5465 534 5520 que
589 5449 848 5520 captivos
905 5447 1320 5505 describendos
1377 5449 1634 5518 curavit;
1696 5455 1752 5505 et
1781 5453 2068 5524 cujusque

419 5537 662 5608 patriam
703 5544 760 5594 et
788 5553 1027 5606 nomen,
1058 5543 1115 5592 et
1144 5555 1177 5594 a
1213 5556 1326 5608 quo
1357 5543 1564 5608 captus
1615 5544 1788 5610 esset,
1821 5541 1958 5598 item
1994 5561 2067 5598 an

417 5626 642 5700 aliquid
677 5643 918 5684 suarum
952 5642 1146 5682 rerum
1185 5627 1338 5684 656
1377 5626 1690 5692 amisisset,
1733 5633 1787 5682 et
1813 5646 1882 5684 an
1919 5631 2069 5688 ﬁlius

2177 4475 2496 4549 πορεύματά
2550 4495 2608 4530 τε
2673 4477 2758 4530 καὶ
2833 4475 3101 4550 ὑποζύγια
3164 4475 3274 4529 οὔτ’
3331 4476 3498 4540 αὐτὸς
3553 4476 3688 4554 εἶχεν
3743 4470 3802 4523 ὥς

2179 4561 2300 4619 ὃέον
2335 4563 2777 4638 οἰκειωσάμενος,
2839 4562 2951 4618 οὔτ’
3009 4561 3352 4638 ἐναπέλειψεν
3410 4565 3654 4625 ἐκείνοις·
3685 4556 3797 4616 ἃ).λᾶ

2176 4657 2279 4729 γὰρ
2309 4651 2504 4714 ἄλλοις
2534 4654 2625 4708 καὶ
2680 4653 2838 4716 πάνθ’
2903 4654 3044 4725 ὁμοῦ
3105 4649 3453 4708 διεσκέδαστο
3514 4654 3606 4708 καὶ
3652 4647 3792 4724 ἠφάν-

2175 4761 2341 4796 τωτο’
2403 4743 2429 4796 ὁ
2485 4739 2541 4796 δέ
2589 4736 2860 4816 βάρϐαρος
2911 4740 2974 4794 τὸ
3028 4735 3240 4815 συμϐὰν
3270 4739 3783 4814 ἐνωτισάμενος,μη-

2179 4827 2264 4886 δέν
2311 4851 2364 4884 τι
2414 4832 2511 4898 τῆς
2555 4829 2866 4904 προθυμίας
2923 4831 3182 4906 καθυφεὶς
3239 4831 3381 4902 μήτε
3437 4833 3547 4904 μὴν
3598 4829 3668 4890 εἰς
3696 4822 3787 4879 itu-

2177 4917 2332 4994 τὲραν
2412 4917 2614 4993 βλέψας
2689 4912 2998 4992 πρεσϐείαν,
3083 4917 3218 4973 κατά
3320 4918 3611 4992 Ῥωμαίων
3682 4911 3794 4969 ὅπλα

2183 5008 2458 5082 βαστάζει,
2525 5007 2615 5062 καὶ
2671 5007 2989 5082 προσπεσὼν
3048 5003 3462 5082 ἀπροσδόκητος
3505 5012 3623 5069 ταῖς
3689 4995 3798 5058 uti

2177 5094 2486 5170 Μαίανδρον
2549 5094 2906 5170 κωμοπόλεσι
2981 5095 3182 5170 Καρίαν
3253 5117 3312 5150 τε
3385 5097 3473 5152 καὶ
3553 5087 3798 5152 Τάνταλον

2177 5186 2296 5240 καθ’
2325 5183 2548 5255 ἡλικίαν
2605 5181 3069 5259 ἠνδραποδίσατο,
3120 5185 3210 5239 καὶ
3269 5184 3462 5248 πόλεις
3521 5181 3691 5243 ἄλλας
3733 5175 3800 5230 δτι

2178 5271 2392 5336 πολλὰς
2451 5271 2786 5346 ληϊσάμενος
2842 5274 2978 5349 πρὸς
3028 5271 3194 5340 αὐτὴν
3253 5273 3513 5350 ἠπείγετο
3568 5272 3660 5339 τήν
3689 5263 3803 5323 κατᾶ

2182 5363 2424 5439 Φρυγίαν
2457 5363 2820 5438 Ἀντιόχειαν.
2866 5361 2972 5418 Καὶ
3024 5363 3152 5436 τάχ’
3199 5360 3259 5417 ἂν
3306 5361 3478 5432 ἐξεῖλε
3507 5361 3596 5416 καὶ
3627 5357 3800 5422 ταότην

2180 5450 2362 5527 ὥσπερ
2431 5451 2594 5526 χθιζά
2660 5451 2861 5527 Καρίαν
2927 5451 3016 5506 καὶ
3095 5449 3400 5521 Τάνταλον,
3443 5451 3488 5506 εἰ
3551 5450 3625 5524 μὴ
3679 5439 3804 5516 παρὰ

2181 5539 2335 5612 δόξαν
2369 5539 2565 5612 ἐπέστη
2596 5545 2677 5614 τῷ
2713 5535 2970 5615 βαρϐάρῳ
3021 5539 3155 5615 πρὸς
3201 5539 3264 5594 τὸ
3310 5540 3401 5611 ὀξὺ
3447 5545 3548 5609 τῆς
3597 5528 3802 5592 σκυλεά.

2180 5651 2315 5692 σεως
2367 5629 2468 5685 οὖκ
2524 5627 2574 5684 ἐν
2633 5631 2892 5704 προνοίας
2949 5628 3100 5692 τινὸς
3157 5627 3496 5704 ἀνθρωπίνης
3529 5623 3665 5683 ἀλλά
3703 5639 3802 5680 πως
