4098 6292
236 356 354 423 873

1148 359 1248 420 DE
1290 357 1580 421 ALEXIO
1625 353 1912 419 ISAACII
1957 356 2246 420 ANGELI
2291 359 2416 421 FB.
2460 358 2605 422 LIB.
2651 360 2733 422 II.

3529 359 3651 423 874

240 491 565 566 αὐτομάτως
622 490 659 563 ἤ
714 492 805 547 καὶ
864 493 1045 557 θεόθεν
1104 493 1459 567 παρεισπεσόν
1514 513 1565 547 τι
1617 491 1890 567 συγκύρη-

2003 499 2098 548 aut
2132 492 2253 549 tilia
2282 503 2377 549 aut
2409 512 2553 551 uxor
2580 494 2831 565 alicujus
2862 510 2895 550 a
2925 497 3101 550 Persa
3131 492 3330 566 aliquo
3360 493 3651 550 occultata

241 600 338 653 μα.
370 582 433 638 Ὁ
468 581 560 654 μὲν
603 580 702 657 γὰρ
759 581 972 657 ν’5κτωρ
1028 582 1310 652 ἐξαναστὰς
1368 581 1505 637 κατὰ
1560 580 1754 655 κράτος
1812 580 1890 641 εἷς

236 668 581 744 ’Δντιόχειαν
657 667 913 741 ἤλαυνεν,
999 669 1389 744 ἐπιθησόμενος
1488 666 1707 743 ὄρθριος
1798 668 1889 722 καὶ

234 760 527 832 πορθήσων
556 761 617 814 τὸ
649 757 917 832 πόλισμα·
968 754 1129 834 ἔτυχε
1177 756 1225 813 δ’
1272 758 1481 834 ἡμέρας
1522 756 1733 827 ἐκείνης
1782 762 1890 812 τῶν

234 846 385 921 παρὰ
427 850 496 920 τῇ
554 847 715 903 πόλει
775 844 1084 921 δυναμένων
1139 847 1262 902 τινὰ
1317 846 1460 902 θύειν
1517 847 1727 920 γάμους
1785 846 1887 899 θυ-

234 936 415 1013 γατρί.
447 938 545 994 Ἦν
579 938 695 1009 οὖν,
741 937 815 999 ὡς
857 938 909 992 ἐν
958 943 1077 1000 ταῖς
1132 937 1408 998 τοιαύταις
1462 934 1690 991 εἴθισται
1734 933 1891 990 τελε-

233 1031 377 1094 ταῖς,
435 1023 643 1098 δμαδος
700 1027 1000 1101 ἀνθρώπων
1055 1024 1448 1097 θαλιαζόντων,
1511 1019 1772 1098 κύμϐαλά
1831 1045 1890 1079 τε

234 1112 305 1170 δι’
338 1116 478 1186 ὅλης
505 1122 602 1178 τῖς
630 1117 820 1177 νυκτὸς
852 1114 1058 1187 ἐκείνης
1100 1115 1447 1184 ἀλαλάζοντα
1497 1114 1587 1169 καὶ
1634 1114 1889 1185 τύμπανα

233 1207 708 1281 περικτυποὺμενα
746 1206 835 1261 καὶ
893 1207 1164 1282 ὀρχησταὶ
1213 1205 1293 1260 τὼ
1341 1202 1476 1260 πόδε
1524 1203 1887 1279 παρενσαλεύ-

233 1316 387 1359 οντες
442 1296 533 1351 καὶ
585 1298 749 1371 χοροί
811 1295 1047 1373 γυναίων
1092 1301 1209 1359 τοῖς
1272 1296 1546 1369 ὑμεναίοις
1599 1294 1890 1374 πρόσφορα

232 1381 478 1455 ᾅδοντες,
514 1388 601 1445 Ὠς
632 1382 724 1439 οὖν
756 1383 958 1461 ἤγγισε
988 1388 1058 1459 τῇ
1102 1386 1265 1441 πὸλει
1322 1387 1406 1457 [Ρ.
1456 1385 1582 1457 320]
1643 1388 1888 1458 Καῖχοσ·

234 1470 395 1549 ρόης,
451 1477 558 1528 τῶν
626 1473 874 1550 ὀργάνων
932 1473 1196 1547 ἁρμονίαν
1263 1472 1340 1534 εἷς
1418 1473 1530 1527 ὦτα
1596 1468 1886 1545 δτξάμενος

230 1565 323 1618 καὶ
402 1570 501 1633 τῆς
578 1564 898 1637 συμφωνίας
984 1568 1093 1619 τῶν
1199 1561 1438 1634 ᾀδόντων
1544 1561 1886 1636 ἀκροασάμε-

231 1674 323 1715 νος
374 1651 504 1727 οὑχὶ
570 1657 666 1708 τοῦ
732 1649 887 1714 ὄντος
952 1652 1410 1726 κατεστοχάσατο,
1478 1650 1607 1706 ἀλλ’
1673 1649 1885 1718 ἀνδρῶν

229 1741 656 1815 ἡτοιμασμένων
689 1744 826 1817 πρὸς
871 1741 1114 1815 πόλεμον
1162 1745 1475 1815 συνθήματα
1532 1742 1664 1796 εἶναι
1714 1745 1886 1796 ταῦτα

2003 586 2177 649 esset,
2212 583 2640 655 pervestigavit.
2677 584 2792 640 [lac
2824 582 3205 655 inquisitione
3233 583 3410 652 facta,
3436 583 3647 639 Roma-

2001 671 2089 725 nis
2119 674 2313 728 omnia
2345 673 2639 738 restituit;
2673 677 2731 728 et
2761 671 3036 728 omnibus
3064 671 3312 744 captivis
3341 671 3401 727 in
3454 673 3646 730 tribus

1998 764 2055 815 et
2083 759 2335 816 fimilias
2366 762 2716 827 distributis,
2750 761 2848 832 qui
2882 760 3141 832 quinque
3171 759 3418 816 millium
3447 777 3652 818 nume-

2001 864 2129 903 rum
2162 848 2474 919 explebant
2504 852 2773 921 perrexit.
2803 851 2866 906 In
2897 865 2965 905 ea
2992 849 3343 906 abductione
3397 849 3651 907 Barbaro

2000 937 2148 993 illud
2178 954 2412 1009 quoque
2442 954 2589 994 curas
2623 938 2753 1001 fuit.
2785 955 2856 993 ne
2888 937 3132 1009 captivis
3165 937 3354 994 victus
3376 939 3650 1002 deesset;

1999 1023 2057 1073 et
2088 1019 2395 1075 distributo
2420 1020 2571 1074 inter
2599 1034 2696 1074 eos
2727 1019 3045 1085 frumento,
3082 1035 3152 1072 ne
3187 1018 3370 1091 frigus
3413 1019 3649 1090 quidem

2002 1106 2272 1179 neglexit,
2306 1109 2402 1163 sed
2435 1112 2699 1179 correpta
2729 1105 2917 1162 securi
2949 1106 3074 1177 ipse
3115 1106 3434 1179 collapsam
3480 1108 3650 1164 arbo-

1999 1215 2121 1255 rem
2153 1198 2455 1255 dissecuit.
2489 1203 2556 1254 Et
2582 1199 2641 1254 id
2690 1197 3093 1271 spectaculum
3146 1199 3351 1255 Persas
3401 1215 3652 1256 concur-

1999 1294 2196 1345 rentes
2226 1289 2450 1346 monuit
2495 1295 2559 1345 ut
2608 1288 2765 1345 idem
2821 1292 2878 1344 et
2929 1287 3044 1360 ipsi
3094 1289 3368 1360 facerent,
3420 1289 3650 1362 adjecta

2000 1377 2215 1434 laboris
2236 1380 2365 1450 ejus
2387 1393 2586 1448 causa,
2610 1383 2666 1434 et
2685 1394 2859 1450 quem
2878 1378 3014 1435 inde
3036 1377 3292 1434 fructum
3318 1376 3649 1451 percepturi

1999 1471 2216 1533 essent,
2250 1484 2316 1523 ac
2367 1467 2555 1525 Persis
2604 1472 2885 1539 perpetuo
2933 1466 3106 1523 licere
3154 1464 3436 1538 lignatum
3485 1471 3650 1524 extra

1999 1561 2188 1612 castra
2218 1558 2318 1620 ire,
2354 1557 2508 1627 quod
2538 1573 2572 1611 ιι
2603 1555 2835 1611 nemine
2866 1554 3330 1627 impedirentur;
3363 1554 3647 1612 Romanis

1994 1661 2128 1701 vero
2161 1661 2274 1700 non
2305 1645 2468 1710 item,
2500 1644 2842 1701 oaventibus
2876 1659 2947 1699 ne
2977 1644 3177 1716 fugere
3206 1644 3314 1700 visi
3348 1645 3647 1716 compedi-

2000 1736 2105 1791 bus
2139 1735 2513 1791 vincirentur.
2566 1738 2884 1804 Postquam
2925 1750 3060 1790 vero
3108 1733 3510 1791 Philomilium
3559 1738 3650 1791 est

231 1829 732 1907 ὑπολογισάμενος,
788 1832 886 1899 τὴν
934 1830 1141 1885 ἐκείνου
1190 1831 1626 1905 προεγνωκότων
1665 1824 1884 1905 ἔφοδον,

2001 1829 2362 1897 perventum,
2390 1830 2448 1881 et
2476 1822 2771 1881 domicilia
2800 1828 2857 1880 et
2888 1840 3058 1896 agros
3091 1824 3311 1880 fertiles
3354 1824 3440 1881 eis
3492 1825 3648 1881 assi-

228 1920 417 1998 ᾢχετο
450 1920 647 1985 ἐκεῖθεν
679 1919 770 1975 καὶ
809 1920 946 1996 πρὸς
993 1922 1092 1989 τήν
1149 1920 1384 1994 Λάμπην
1434 1918 1674 1998 ἄφίκετο,
1723 1920 1891 1975 ’Ἑνθα

2001 1913 2218 1985 gnavit,
2246 1921 2299 1970 et
2330 1930 2532 1969 rursus
2567 1914 2921 1968 frumentum
2953 1917 3275 1985 caeteraque
3300 1913 3458 1969 mitia
3480 1912 3649 1985 legu-

233 2005 305 2078 δή
338 2008 677 2085 ἁπογραφεῖς
727 2007 1021 2080 ἐπιστήσας
1070 2014 1179 2065 τῶν
1228 2007 1608 2083 αἰχμαλώτων
1660 2007 1786 2082 περί
1833 2026 1892 2062 τι

230 2105 337 2167 τῆς
368 2097 635 2173 παυρίδος
678 2098 900 2153 ’ἑκαστον
958 2099 1050 2153 καὶ
1104 2105 1205 2168 τῆς
1254 2098 1503 2169 κλήσεως
1548 2098 1888 2167 ἐπτνθάνετο,

232 2187 331 2243 καὶ
387 2188 534 2249 ὅστις
565 2188 593 2242 ὁ
625 2182 915 2242 συλλαϐὼν
978 2187 1251 2262 ἀνηρώτα,
1307 2186 1397 2242 καὶ
1439 2186 1487 2241 εἲ
1547 2207 1603 2241 τι
1653 2192 1754 2256 τῆς
1795 2186 1887 2242 οὗ·

235 2277 354 2338 σίας
412 2274 781 2347 ἀπολωλέκει,
830 2276 919 2331 καὶ
977 2276 1021 2331 εἷ
1070 2281 1198 2337 παῖς
1227 2274 1263 2345 ἢ
1294 2277 1582 2352 θυγάτριον
1609 2273 1645 2345 ἤ
1679 2272 1891 2351 ἄλοχος

238 2365 346 2422 ὑπό
394 2386 491 2420 του
548 2365 653 2420 τῶν
713 2366 930 2439 Περσῶν
969 2361 1402 2439 ἀποκέκρυπται.
1465 2364 1568 2421 Καὶ
1624 2364 1884 2435 τοιαύτην

235 2449 448 2524 ἔκταξιν
520 2454 915 2526 ποιησάμενος,
990 2454 1160 2509 πάντα
1259 2452 1496 2515 ἀποδοὺς
1590 2454 1887 2525 Ῥωμαίοις

231 2544 493 2599 καὶκατὰ
546 2541 693 2617 φῦλα
747 2543 837 2597 καὶ
894 2541 1209 2619 συγγενείας
1265 2542 1466 2604 πάντας
1525 2540 1883 2616 ἀπομερίσας,

226 2641 332 2703 τῆς
382 2633 470 2689 ἒπὶ
526 2636 595 2689 τὰ
658 2636 849 2710 πρόσω
906 2632 1108 2712 εἷ’χετο.
1181 2631 1699 2710 Συγκεκεφαλαίωτο
1758 2630 1881 2704 δὲή

227 2729 342 2778 τῶν
400 2721 938 2800 ἆνδραποδισθένυων
998 2722 1215 2793 πληθὺς
1268 2723 1345 2786 εἰς
1397 2721 1556 2778 πέντε
1624 2718 1885 2796 χιλιάδας

225 2812 550 2887 ἀνθρώπων.
600 2814 685 2868 Ἐν
737 2812 795 2868 δὲ
836 2817 906 2887 τῇ
955 2814 1227 2888 ἀπαγωγῇ
1283 2811 1452 2885 ταύτῃ
1509 2809 1747 2884 ἐμέλησε
1801 2815 1883 2883 τῷ

231 2897 493 2977 βαρϐάρῳ
539 2903 632 2957 καὶ
687 2901 836 2965 ὅπως
895 2907 1004 2956 τῶν
1066 2906 1323 2976 ζωαρκῶν
1384 2901 1458 2972 μὴ
1519 2898 1879 2968 σπανίζωνται

234 2990 291 3043 οἱ
323 2988 693 3065 αἰχμάλωτοι,
727 2991 819 3045 καὶ
850 2995 997 3045 σῖτον
1027 2989 1212 3052 αὐτοῖς
1244 2986 1465 3050 διαδοὺς
1504 2985 1633 3042 οὑδὲ
1672 2988 1736 3042 τὸ
1779 2994 1878 3057 τῆς

234 3075 385 3152 ὥρας
414 3082 587 3155 ψῦχος
643 3086 886 3156 παρῆκεν
946 3079 1234 3149 ἀνήκεστον
1305 3080 1432 3150 (48)·
1491 3076 1722 3133 πέλεκυν
1775 3076 1876 3151 γὰρ

227 3165 504 3246 ἐγχείριον
533 3165 678 3245 ἔχων
734 3169 826 3224 καὶ
877 3166 1192 3243 αὑτουργῶν
1251 3167 1303 3230 ἐς
1360 3163 1623 3241 σχίδακας
1672 3164 1874 3242 διῄρει,

221 3259 397 3335 τυχὸν
467 3258 634 3326 οὕτω,
695 3258 881 3333 χρόνῳ
946 3256 1246 3333 ἀνατραπέν
1288 3253 1639 3332 γεράνδρυον.
1695 3253 1875 3311 Ἀλλὰ

219 3347 316 3402 καὶ
394 3351 513 3410 τοῖς
586 3345 954 3423 συνδραμοῦσι
1027 3346 1165 3415 πρὸς
1238 3346 1339 3414 τὴν
1443 3347 1564 3409 θέαν
1652 3345 1882 3419 Ηέρσαις

219 3435 440 3509 ὁμοίως
477 3433 603 3510 δρᾷν
654 3436 956 3506 ὑπετίθετο,
1009 3435 1374 3511 προσεπάγων
1431 3434 1546 3506 ἅμα
1601 3433 1691 3488 καὶ
1745 3435 1879 3489 ὑπο-

219 3521 453 3581 ϐάΑλων
480 3525 541 3579 τὸ
568 3531 668 3594 τῆς
698 3523 948 3601 ἐργασίας
991 3521 1168 3579 α’ίτιον
1236 3524 1326 3578 καὶ
1387 3522 1452 3578 τὸ
1499 3523 1637 3597 πρὸς
1680 3543 1733 3576 τι
1783 3520 1879 3577 εὕ-

217 3635 473 3695 χρηστον
507 3614 691 3676 αὑτοῖς
748 3612 1043 3690 ἱπιλέγωψ
1098 3612 1325 3688 Πέρσαις
1382 3611 1477 3685 μὶν
1519 3612 1624 3687 γὰρ
1684 3612 1879 3684 ἐξεῖναι

220 3701 317 3758 διὰ
345 3704 545 3767 παντὸς
584 3702 775 3774 ἐξιέναι
831 3704 929 3772 τῆς
983 3697 1344 3776 παρεμϐολῆς
1404 3702 1493 3756 καὶ
1541 3699 1882 3771 ξυλεὺεσθαι,

218 3793 306 3849 ὅτι
339 3790 471 3865 μηδ’
508 3787 653 3849 ἔσται
705 3812 788 3853 τις
837 3792 1021 3854 αὐτοῖς
1066 3792 1524 3866 προσιστάμενος,
1584 3790 1880 3863 Ῥωμαίοις

221 3880 283 3937 δὲ
316 3881 468 3956 οὐχὶ,
503 3879 938 3956 φυλαττομένοις
987 3880 1049 3936 τὸ
1095 3883 1172 3953 μή
1219 3878 1405 3957 ’δοκεῖν
1465 3875 1879 3953 ἀποδιδράσκειν

216 3972 315 4030 καὶ
343 3973 412 4028 τὰ
456 3971 514 4026 ἐκ
569 3970 729 4028 τοῦδε
787 3971 1137 4047 ὑφορωμένος
1195 3971 1272 4033 ὡς
1330 3969 1554 4047 φυγάσιν
1609 3969 1877 4025 ἐπικεισό-

229 4084 369 4136 μενα
443 4059 636 4135 δεσμά.
715 4060 866 4118 Ἐπεὶ
944 4058 1001 4116 δὲ
1073 4061 1135 4117 τὸ
1176 4058 1516 4132 Φιλομίλιον
1554 4053 1875 4129 κατέλαϐεν,

220 4148 504 4206 ἐπαύλεων
555 4171 614 4205 τε
676 4146 950 4223 μοτὲδωκε
1005 4148 1095 4203 καὶ
1151 4150 1252 4223 γῆς
1306 4145 1641 4220 ἐπεμὲτρησε
1715 4144 1878 4220 μέρος

217 4241 359 4314 πρὸς
390 4238 633 4316 ἐργασίαν
684 4238 907 4312 ἀγαθῆς,
969 4237 1118 4293 σῖτόν
1174 4257 1233 4291 τε
1294 4233 1445 4296 αὖθις
1507 4231 1733 4289 διέδωκε
1783 4235 1875 4289 καὶ

219 4329 323 4385 ὅσα
351 4333 460 4383 τῶν
488 4331 710 4403 ἡμέρων
760 4331 981 4402 καρπῶν
1032 4325 1294 4401 σπόριμα.
1326 4323 1431 4380 Ναὶ
1479 4324 1586 4397 μὴν
1633 4322 1873 4381 ἐλπίδων

219 4422 482 4493 χρηστῶν
511 4416 798 4487 ἐνέπλησε,
856 4414 1015 4477 τέλος
1066 4414 1233 4469 εἰπὼν
1277 4413 1351 4475 ὡς
1406 4413 1574 4468 αὑτοῦ
1631 4412 1721 4467 καὶ
1774 4414 1872 4487 βα-

217 4504 421 4565 σιλέως
480 4503 633 4568 αὖθις
691 4502 1067 4580 φιλιωθὲντων
1120 4502 1211 4555 καὶ
1269 4499 1405 4575 πρὸς
1465 4499 1559 4560 τὰς
1606 4498 1870 4575 πρότερον

2001 2002 2162 2058 mina
2191 2002 2489 2058 distribuit
2516 2020 2530 2070 ;
2564 2007 2620 2057 et
2640 2018 2743 2074 spe
2766 2003 2919 2057 bona
2939 2000 3199 2073 impletis
3223 2002 3476 2073 denique
3501 2002 3649 2058 dixit

1998 2091 2372 2148 reconciliata
2430 2092 2579 2147 inter
2636 2107 2698 2147 se
2749 2095 2804 2146 et
2855 2090 3265 2163 imperatorem
3335 2091 3527 2163 gratia
3591 2095 3649 2147 et

1998 2182 2212 2239 fcedere
2243 2186 2513 2238 renovato
2543 2198 2605 2238 se
2644 2197 2743 2238 eos
2782 2181 3041 2253 gratuito
3088 2181 3471 2237 remissurum
3519 2196 3648 2238 esse

1996 2272 2146 2329 057
2181 2272 2445 2328 domum.
2477 2271 2578 2326 Sin
2609 2270 2770 2327 aliud
2802 2270 3111 2327 consilium
3143 2269 3647 2342 eaperetimpera—

1994 2365 2105 2427 tor,
2137 2376 2237 2417 eos
2267 2360 2528 2432 quinque
2555 2358 2811 2430 integros
2840 2375 3027 2416 annos
3060 2359 3355 2416 immunes
3389 2360 3640 2428 futuros,

1995 2456 2156 2513 nullo
2212 2460 2494 2528 quaestore
2538 2456 2861 2528 quidquam
2914 2455 3312 2527 pustulatum:
3365 2455 3644 2528 deinceps

1993 2562 2127 2602 vero
2158 2561 2221 2601 se
2250 2544 2551 2601 tolerabile
2577 2545 2863 2600 tributum
2896 2545 2981 2601 eis
3012 2545 3452 2616 impositurum,
3484 2544 3640 2614 quod

1994 2650 2133 2702 non,
2165 2638 2230 2689 ut
2260 2634 2413 2705 apud
2446 2632 2736 2689 Romanos
2758 2632 2936 2688 moris
2957 2633 3057 2702 sit,
3077 2632 3462 2688 constitutum
3480 2647 3641 2688 exce-

1992 2724 2093 2778 dat
2119 2739 2226 2778 nec
2266 2721 2707 2793 multiplicetur.
2739 2720 2842 2777 His
2890 2721 2974 2776 ita
3019 2720 3327 2790 ordinatis,
3378 2721 3639 2777 Iconium

1991 2812 2181 2868 rediit.
2219 2813 2293 2867 Ea
2316 2815 2513 2866 tamen
2541 2810 2801 2866 humana
2833 2809 3192 2865 denuntiatio
3227 2809 3518 2866 neminem
3543 2825 3644 2881 pa-

1989 2901 2113 2955 trias
2144 2899 2483 2955 meminisse
2506 2914 2677 2969 passa
2696 2901 2804 2963 est,
2832 2898 2935 2954 sed
2970 2895 3186 2954 multos
3208 2895 3385 2953 etiam
3409 2913 3444 2952 a
3466 2902 3642 2952 Persa

1989 3006 2105 3046 non
2148 2993 2348 3058 captos
2402 2985 2798 3043 Pbilomilium
2845 2987 3098 3054 attraxit,
3149 3002 3284 3041 cum
3332 2984 3641 3041 audissent

1988 3078 2280 3149 quomodo
2327 3077 2552 3149 cognati
2604 3080 2661 3131 ct
2709 3073 3019 3147 populares
3070 3090 3273 3130 eorum
3323 3090 3357 3129 a
3405 3073 3641 3130 sultano

1989 3171 2403 3224 tractarentur.
2436 3168 2529 3222 Sic
2570 3167 2643 3221 ab
2695 3170 2826 3221 ortu
2874 3166 3273 3221 Romanorum
3324 3164 3395 3219 ad
3438 3169 3642 3220 nostra

1990 3275 2177 3330 usque
2206 3266 2464 3330 tempora
2494 3274 2609 3313 non
2644 3256 2817 3312 modo
2849 3257 3038 3313 sancti
3067 3254 3407 3311 defecerunt
3436 3257 3494 3311 et
3540 3269 3642 3309 ve—

1989 3347 2128 3404 ritas
2158 3347 2473 3403 imminuta
2502 3350 2611 3416 est,
2663 3361 2869 3418 perum
2915 3344 3091 3401 etiam
3137 3343 3211 3400 ob
3260 3343 3639 3415 iniquitatem

1989 3435 2437 3508 multiplicatam
2468 3434 2725 3492 cbaritas
2763 3433 2936 3507 vulgo
2985 3432 3233 3501 refrixit,
3286 3437 3351 3488 ut
3398 3433 3638 3505 integre

1985 3525 2247 3581 civitates
2279 3524 2511 3590 Graecas,
2547 3523 2731 3595 patria
2759 3522 2973 3594 cupide
3003 3520 3227 3589 relicta,
3250 3521 3322 3577 ad
3347 3521 3641 3577 Barbaros

1984 3613 2044 3668 in
2078 3613 2339 3669 colonias
2371 3612 2643 3669 abierint.
2674 3611 2821 3667 Nam
2854 3610 3073 3666 crebra
3102 3608 3442 3681 tyrannides
3491 3607 3639 3664 sub-

1985 3701 2123 3759 ditis
2179 3701 2433 3758 sobriam
2493 3699 2720 3756 vivendi
2781 3698 3066 3754 rationem
3126 3702 3530 3764 extorserunt;
3582 3698 3642 3751 et

1986 3790 2248 3863 plerique
2280 3791 2686 3862 imperatores,
2719 3786 2946 3859 rapinis
2979 3785 3220 3850 assueti,
3244 3783 3391 3839 nihil
3416 3783 3472 3839 in
3497 3799 3640 3840 suos

1987 3877 2274 3935 moderati
2307 3878 2393 3933 vel
2425 3877 2761 3948 cogitarunt
2788 3873 2874 3930 vel
2935 3874 3218 3930 fecerunt.
3264 3872 3395 3929 Jam
3442 3871 3643 3928 videa-

1986 3984 2117 4024 mus
2148 3967 2292 4038 quid
2323 3965 2639 4037 imperator
2666 3961 2932 4036 gesserit.
2983 3960 3385 4016 Andronicum
3418 3965 3639 4016 Ducam

1982 4053 2486 4113 adolescentulum
2549 4053 2744 4109 adhuc
2794 4051 2977 4107 mittit
3024 4050 3097 4106 ad
3162 4048 3382 4106 bellum
3450 4052 3638 4106 Persas

1983 4144 2375 4202 inferendum.
2412 4142 2465 4199 Is
2497 4158 2628 4197 cum
2662 4139 2787 4198 suis
2820 4140 3024 4197 Persas
3070 4156 3198 4195 sero
3243 4138 3480 4194 tandem
3529 4154 3635 4210 ag-

1981 4234 2260 4308 greditur,
2288 4236 2347 4289 et
2391 4235 2561 4287 noctu
2607 4238 2864 4301 pastores
2907 4233 2966 4284 et
3008 4233 3275 4284 armenta
3321 4226 3633 4299 cujusdam

1981 4331 2205 4381 Amera:
2236 4329 2473 4377 Arsane
2507 4320 2744 4375 adortus
2776 4317 2929 4375 658
2963 4334 3078 4372 non
3114 4315 3296 4372 multo
3349 4321 3482 4387 post
3536 4330 3634 4371 re-

1980 4413 2173 4469 cessit.
2208 4412 2318 4468 Sed
2350 4415 2406 4466 et
2439 4409 2564 4481 ipse
2596 4408 2909 4478 imperator
2957 4406 3029 4461 ab
3079 4403 3325 4460 arumnis
3374 4405 3637 4476 Propon-

1978 4500 2284 4558 tidislocis
2329 4514 2479 4571 egre
2529 4502 2812 4568 tanquam
2865 4513 2896 4550 a
2949 4495 3066 4550 loto
3112 4496 3215 4549 aut
3260 4496 3436 4547 cantu
3492 4492 3637 4547 sire-

216 4590 461 4656 σπονδὰς
528 4589 833 4647 ἀπιδόντων
919 4595 1121 4667 προῖκα
1174 4588 1265 4644 καὶ
1322 4585 1475 4644 αὑτοί
1527 4588 1629 4657 τήν
1689 4586 1874 4644 οἴκαδε

1990 4607 2121 4647 num
2156 4588 2417 4657 avulsus,
2474 4586 2719 4643 Nicaeam
2771 4589 2829 4641 et
2877 4584 3124 4639 Prusam
3174 4587 3261 4637 est
3318 4580 3635 4652 profectus,

213 4681 490 4739 ἐπάνοδον
521 4679 744 4752 ἕξουσινο
800 4680 848 4737 εἷ
906 4678 964 4736 δέ
1016 4701 1073 4736 τι
1123 4677 1308 4755 ἕτερον
1383 4673 1873 4751 μεταϐουλεύσεται

213 4771 501 4848 βασιλεὺς,
532 4771 621 4827 ἐπὶ
667 4771 823 4827 πέντε
881 4769 1036 4832 ὅλοις
1089 4768 1362 4831 ἐνιαυτοῖς
1421 4766 1876 4844 ἀδασμολόγητοι

209 4859 593 4928 καθεδοῦνται,
651 4856 851 4934 μηδένα
929 4860 1023 4914 τὸν
1112 4859 1398 4913 ὁποιονοῦν
1468 4853 1724 4929 ἀπόδομα
1774 4857 1875 4912 εἶσ-

209 4949 520 5023 πράττοντα
576 4946 821 5025 ἔχοντες,
865 4948 1150 5021 μετέπειτα
1220 4944 1279 5002 δὲ
1325 4941 1760 5002 καταϐαλοῦνται
1813 4944 1874 5002 ὅν

208 5039 376 5101 αὐτὸς
407 5039 684 5116 ἀνεπαχθῆ
738 5034 1050 5108 διατάξαιτο
1094 5037 1247 5109 σφίσι
1305 5034 1496 5114 φόρον,
1546 5034 1656 5109 οὐχ
1708 5034 1874 5111 ὑπερ-

204 5126 465 5184 ϐαίνοντα
527 5128 619 5182 τὸν
693 5126 841 5201 ὅρον,
917 5126 991 5187 ὡς
1067 5123 1296 5189 εἷ’θεσται
1368 5124 1665 5197 Ῥωμαίοις
1748 5121 1875 5179 οὐδὲ

200 5219 343 5293 πρὸς
412 5217 476 5272 τὸ
541 5215 963 5272 πολλαπλάσιον
1027 5214 1460 5291 κορυφούμενον.
1532 5214 1627 5269 Καὶ
1672 5213 1700 5267 ὁ
1776 5213 1873 5286 μὶν

196 5312 369 5364 ταῦτα
428 5306 576 5361 οὕτω
632 5303 969 5380 διατετκχὼς
1032 5303 1268 5373 ἐπανῆκε
1323 5303 1460 5377 πρὸς
1498 5302 1561 5357 τὸ
1614 5301 1872 5361 Ἰκόνιον.

1982 4696 2098 4735 non
2123 4686 2187 4733 ut
2206 4678 2415 4733 Persas
2438 4676 2842 4740 ulcisceretur,
2858 4672 2961 4729 sed
2985 4689 3056 4727 ne
3074 4686 3140 4726 ex
3164 4667 3347 4725 Batho
3363 4666 3635 4739 digressi,

1983 4769 2083 4825 ubi
2117 4783 2368 4840 magnus
2397 4781 2600 4821 eorum
2639 4779 2921 4819 numerus
2944 4759 3150 4817 stativa
3170 4757 3442 4829 habebat,
3461 4756 3636 4813 urbes

1982 4861 2040 4915 et
2069 4872 2242 4929 agros
2276 4854 2565 4909 finitimos
2598 4849 3039 4923 popularentur.
3072 4850 3184 4905 Nec
3210 4844 3468 4919 amplius
3516 4861 3634 4901 uno

1985 4961 2189 5000 mense
2244 4940 2324 4996 ibi
2380 4944 2602 5008 exacto,
2663 4938 3008 5009 Byzantium
3081 4935 3271 4993 rediit.
3321 4934 3640 4992 Inchoante

1983 5049 2117 5090 vere
2173 5034 2365 5087 denuo
2419 5046 2550 5086 cum
2611 5042 2849 5083 summa
2909 5026 3278 5081 festinatione
3344 5027 3639 5098 coguntur

1985 5126 2292 5181 exercitus.
2328 5120 2538 5176 Milites
2580 5117 2737 5172 enim
2785 5116 3188 5185 frequentibus
3237 5115 3441 5171 eodem
3492 5129 3647 5170 anno

1942 5213 1950 5223 ’
1986 5209 2459 5284 expeditionibus
2493 5203 2720 5276 fatigati
2751 5221 2821 5259 ea
2852 5204 3121 5261 molestia
3163 5220 3359 5260 carere
3405 5206 3464 5260 et
3508 5203 3647 5258 diu-

1987 5302 2107 5359 tius
2139 5298 2298 5355 domi
2331 5311 2564 5354 manere
2595 5291 2931 5364 cupiebant.
2966 5293 3337 5350 Concurrunt
3367 5292 3548 5363 igitur
3578 5294 3644 5346 ut

1610 5448 1778 5510 Hier.
1811 5446 2025 5512 Wolfii
2051 5449 2243 5505 notas.

277 5590 385 5662 (48)
418 5586 579 5645 Alter
605 5586 685 5662 ait
710 5585 1019 5662 Sultanum
1049 5583 1271 5662 Turcos
1301 5598 1407 5639 suo
1456 5580 1719 5662 exemplo
1767 5582 1840 5638 ad

195 5652 496 5733 juvandos
527 5656 782 5728 captivos
810 5656 1107 5722 incitasse,
1137 5654 1284 5711 alter
1310 5670 1445 5711 eum
1478 5652 1723 5725 captivis
1751 5669 1842 5708 se-

530 5775 797 5837 Pnaon.
845 5775 957 5836 Gn.
1005 5770 1319 5836 CXXXIX.

1952 5592 2122 5637 cures
2178 5575 2412 5631 dedisse
2461 5571 2535 5629 ad
2566 5568 2730 5640 ligna
2760 5568 3062 5638 caedenda,
3091 5573 3148 5626 et
3178 5567 3401 5624 Turcos
3456 5583 3523 5623 ea
3577 5544 3641 5624 re

1956 5646 2350 5724 prohibuisse.

3248 5751 3329 5809 28
