4098 6292
471 343 594 405 875

1801 339 2114 400 ΝῙΟΕΉΕ
2163 338 2578 401 CHONIATIE

3767 343 3874 406 876

483 476 635 533 ultra
666 474 1018 538 dimicaturi,
1051 481 1100 530 et
1144 477 1246 530 aut
1291 471 1624 544 superaturi
1685 471 1971 527 Barbaros
2021 476 2122 527 aut

2245 471 2298 525 τὸ
2360 467 2418 526 δὲ
2474 469 2870 550 φιλάνθρωπον
2925 475 3086 528 τοῦτο
3145 470 3459 550 διάγγελμά
3515 472 3716 530 οὐδένα
3784 479 3880 530 τῶν

479 583 584 639 pro
633 567 824 638 patria
881 563 1226 621 occubituri.
1287 565 1374 619 Ita
1415 561 1591 635 copiae
1641 561 1906 634 Gypsslla
1955 565 2018 616 ut
2065 563 2126 616 in

480 674 599 712 una
627 660 818 712 castra
847 659 1262 712 convenerunt.

2239 557 2616 635 αἰχμαλώτων
2671 559 2933 636 πατρίδος
2979 561 3152 640 ἀφῆκε
3213 564 3540 634 μνήσασθαι,
3601 561 3748 619 ἀλλὰ
3798 564 3878 618 καὶ

2235 651 2370 722 πρὸς
2401 647 2646 712 πολλοὺς
2687 649 2882 706 ὁπόσοι
2910 651 3046 724 πρὸς
3079 655 3297 726 Περσῶν
3339 649 3442 726 ούγ
3474 650 3722 707 ἑάλωσαν
3745 651 3798 714 ἐς
3823 653 3878 708 τὸ

479 741 824 816 Φιμομίλιον
852 741 1228 820 ἐφειλκύσατο,
1260 739 1565 810 ἀκηκοότας
1597 739 1696 793 ὅσα
1743 743 1860 800 τοῖς
1904 738 2030 792 καθ’
2077 739 2220 810 αἷμα
2276 737 2367 791 καὶ
2399 737 2734 811 πατριώταις
2764 738 2791 792 6
2825 739 3034 812 Πέρσης
3097 737 3402 812 εἶργάσατο,
3451 737 3640 802 Οὕτως
3689 739 3748 794 ἐκ
3789 747 3880 809 τῆς

475 837 583 887 τῶν
617 831 694 894 είς
725 833 873 904 ἡμᾶς
901 828 1186 902 Ῥωμαίων
1218 833 1398 904 γενεᾶς
1427 828 1536 902 οὐχ
1565 829 1715 888 ὅπως
1747 825 2070 882 ἐκλέλοιπεν
2100 827 2269 895 ὅσιος,
2302 827 2393 880 καὶ
2424 825 2787 902 ὦλιγώθησαν
2822 828 2876 880 αἱ
2907 828 3160 898 ἀλήθεαι,
3194 825 3340 884 ἀλλά
3368 827 3457 883 καὶ
3491 825 3576 882 διὰ
3628 829 3692 884 τὸ
3739 828 3880 899 πλη-

477 921 730 990 θυνθῆναι
760 921 860 988 τὴν
893 919 1122 990 ἀνομίαν
1155 917 1408 993 ἀπεψύγη
1445 922 1554 972 τῶν
1583 915 1812 972 πολλῶν
1845 917 1880 984 ἡ
1915 916 2213 989 ἀγάπησις,
2250 914 2324 976 ὡς
2355 916 2454 983 τήν
2482 915 2630 986 παρὰ
2663 911 2959 990 βαρϐάροις
2991 915 3242 970 ἀποικίαν
3292 911 3483 978 πόλεις
3508 915 3642 980 ὅλας
3689 915 3882 990 Ἐλλη-

472 1007 622 1074 νίδας
651 1008 865 1064 ἑλέσθαι
894 1007 985 1062 καὶ
1014 1013 1114 1076 τῆς
1145 1005 1405 1081 πατρίδος
1438 1005 1682 1080 ἀσμένως
1714 1003 2075 1074 ἀλλάξασθαι·
2114 1004 2169 1058 αἱ
2199 1003 2302 1079 γὰρ
2346 1004 2540 1078 συχναὶ
2589 1001 2896 1078 τυραννίδες
2941 1005 3068 1060 τότε
3115 1005 3200 1060 ὑπ’
3247 1003 3426 1081 ἀρχὴν
3468 1009 3568 1071 τῆς
3616 1006 3882 1084 σώφρονος

477 1097 688 1168 διαίτης
745 1095 1088 1172 ἐξέκρουσαν,
1141 1098 1232 1151 καὶ
1289 1100 1409 1158 ταῖς
1475 1097 1743 1170 ἁρπαγαῖς
1795 1098 1902 1148 τῶν
1981 1091 2321 1168 κρατούντων
2414 1093 2467 1147 οἱ
2551 1091 2778 1156 πλείους
2852 1093 3317 1170 ἐγγυμνασάμενοι
3397 1091 3549 1150 οὐδέν
3625 1116 3683 1149 τι
3753 1097 3880 1170 πρὸς

473 1188 602 1251 τους
656 1186 972 1264 ὁμοφύλους
1021 1185 1237 1260 μέτριον
1271 1183 1512 1240 ἐνενόουν
1573 1184 1665 1239 καὶ
1723 1181 2128 1258 διεπράττοντο·
2184 1179 2312 1237 ελλν
2361 1183 2454 1236 οἷα
2501 1181 2591 1236 καὶ
2641 1182 2711 1237 τὰ
2767 1185 2853 1256 [Ρ.
2913 1185 3038 1256 321]
3100 1183 3247 1258 παρὰ
3306 1182 3576 1258 βασιλέως
3633 1183 3768 1260 πρὸς
3822 1185 3881 1240 τὰ

477 1278 680 1334 οὑτωσὶ
738 1271 1016 1350 συμϐάντα
1075 1273 1411 1348 διῳκημένα.
1476 1273 1704 1329 Στέλλει
1758 1273 1852 1328 τὸν
1914 1275 2116 1326 Δοῦκαν
2172 1268 2518 1344 Ἀνδρόνικον
2587 1271 2796 1326 νεανίαν
2878 1273 3112 1344 πρώτως
3200 1273 3485 1344 ὑπηνήτην
3562 1277 3644 1346 τῷ
3714 1274 3884 1350 Πέρσῃ

477 1364 1031 1440 συμπλακησόμενον.
1065 1367 1122 1418 '0
1155 1361 1211 1418 δὲ
1251 1365 1366 1436 μεθ’
1425 1363 1498 1417 ὧν
1557 1363 1908 1438 ἡγεμόνευεν,
1971 1361 2070 1434 ὀψὲ
2133 1365 2370 1415 ποιεῖται
2425 1361 2525 1429 τὴν
2577 1362 2714 1415 κατὰ
2767 1365 2876 1417 τῶν
2932 1361 3186 1436 Τούρκων
3245 1357 3462 1440 ἔφοδον.
3524 1363 3745 1436 ’Δμέλει
3798 1365 3878 1420 καὶ

478 1457 672 1518 νυκτὸς
705 1455 1019 1530 ἐπιθέμενος
1050 1455 1364 1528 ποιμνίταις
1391 1455 1478 1508 καὶ
1535 1450 1850 1528 βουκολίοις
1909 1452 2100 1526 ἄμηρᾶ
2155 1471 2302 1513 τινος
2363 1453 2596 1524 Ἀρσανῆ
2659 1455 2772 1525 μετ’
2830 1451 2892 1507 ού
2945 1449 3090 1507 πολὺ
3149 1451 3521 1526 ἐπανέςεςξεν.
3569 1451 3750 1511 Ἀλλὰ
3800 1455 3880 1510 καὶ

488 1545 745 1622 βασιλεὺς
803 1545 962 1608 αὐτὸς
1020 1545 1094 1600 ὡς
1152 1543 1256 1599 ἀπὸ
1314 1542 1495 1598 λωτοῦ
1548 1541 1637 1598 κκὶ
1693 1543 1972 1616 Σειρήνων
2031 1545 2140 1595 τῶν
2192 1545 2471 1618 τρυφερῶν
2530 1541 2754 1616 χωρίων
2808 1548 2909 1612 τῆς
2970 1539 3345 1617 Προποντίδος
3417 1542 3580 1617 μόλις
3632 1543 3878 1600 ἀποσπα-

487 1635 631 1700 σθεὶς
688 1635 824 1690 κατὰ
881 1639 1102 1690 Νίκαιαν
1168 1635 1258 1688 καὶ
1315 1637 1558 1708 Προῦσαν
1617 1630 1858 1708 ἂφίκετο,
1918 1629 2016 1686 ούκ
2067 1629 2474 1704 ἂντιμετρήσων
2531 1629 2566 1699 ἤ
2627 1629 3027 1687 ἀνταποδώσων
3082 1637 3200 1696 τοῖς
3278 1633 3510 1706 Πέρσαις
3569 1633 3600 1688 6'
3657 1632 3881 1711 ἐμέτρη-

487 1745 582 1780 σαν
647 1724 739 1780 καὶ
796 1721 1176 1779 ἀνταπέδωκαν
1234 1725 1370 1795 ἡμῖν
1427 1719 1798 1794 ἀνταπόδομα,
1859 1717 1985 1774 ἀλλ’
2047 1716 2143 1774 ’ίνα
2197 1719 2273 1790 μὴ
2329 1721 2425 1774 τὰς
2483 1717 2652 1774 ἐκεῖσε
2715 1718 2908 1783 πόλεις
2963 1719 3052 1776 καί
3106 1720 3301 1796 χώρας
3353 1725 3534 1783 κακῶς
3601 1719 3884 1778 διάθωνται

481 1820 589 1870 τῶν
649 1818 746 1870 τοῦ
803 1814 1006 1874 Βάθους
1061 1812 1434 1882 ἐξαναστάντες
1494 1815 1695 1884 μερῶν,
1755 1809 1809 1863 ἐν
1867 1811 1951 1870 οἷς
1991 1807 2052 1862 ού
2109 1809 2320 1884 μέτριοι
2401 1807 2526 1862 τότε
2611 1807 2926 1878 ηὐλίζοντο.

478 1906 598 1964 τοῖς
654 1899 826 1957 ἐκεῖσε
875 1897 966 1957 ἕνα
1032 1899 1462 1975 προσδιατρίψας
1549 1899 1710 1970 ὀξέως
1788 1897 2057 1952 ἐπάνεισιν
2141 1896 2216 1958 εἰς
2298 1897 2604 1965 Βυζάντιον.

3009 1807 3162 1878 Πλὴν
3238 1810 3329 1865 καὶ
3418 1811 3674 1885 βασιλεὺς
3749 1817 3888 1886 μῆνα

2695 1897 3103 1961 Ἀνατείλαντος
3161 1895 3208 1953 δ’
3268 1897 3426 1974 ἔαρος
3485 1901 3735 1977 γίνονται
3789 1903 3889 1957 πά-

489 1989 575 2046 λιν
634 1987 930 2064 συνδρομαὶ
984 1995 1094 2045 τῶν
1153 1989 1570 2064 στρατευμάτων
1625 1987 1716 2042 καὶ
1775 1983 2040 2061 συλλογαί
2097 1986 2212 2058 μεθ’
2270 1983 2402 2054 ὅσης
2462 1985 2561 2040 ούκ
2620 1983 2746 2061 εἷ’πῃ
2797 2007 2878 2049 τις
2937 1983 2997 2040 ἄν
3057 1987 3237 2064 ὁρμῆς
3310 1988 3402 2042 καὶ
3484 1991 3890 2061 συντονωτάτης

487 2079 816 2152 ἐπειγωΑῆς⁶
873 2079 992 2132 ’ἐπεὶ
1075 2079 1166 2132 καὶ
1248 2083 1366 2139 ταῖς
1438 2075 1714 2137 πολλάκις
1794 2079 1891 2130 τοῦ
1973 2069 2126 2137 ἔτους
2210 2073 2458 2136 συνόδοις
2541 2076 2631 2130 καὶ
2706 2081 2826 2138 ταῖς
2905 2084 3129 2152 συχναῖς
3215 2079 3521 2148 συντάξεσιν
3592 2080 3621 2134 6
3679 2080 3895 2157 στρατὸς

487 2167 905 2229 ἆποκναίσαντες
957 2167 1146 2237 στῆναί
1204 2188 1262 2222 τε
1315 2172 1424 2222 τῶν
1483 2164 1818 2236 ἐπαλλήλων
1874 2161 2236 2220 συνελεύσεων
2289 2162 2439 2238 ἢρῶν
2502 2165 2590 2218 καὶ
2665 2171 2764 2234 τῆς
2851 2164 2995 2222 οἷ’κοι
3079 2161 3358 2237 ἀναϐολῆς
3425 2166 3756 2247 ἐγλίχοντο,
3812 2171 3896 2231 Ὠς

489 2255 620 2328 ὑπὲρ
655 2254 814 2330 ἰσχὺν
843 2255 1022 2309 τοίνυν
1087 2255 1480 2331 ἀγωνιούμενοι
1540 2253 1928 2330 συνελέγησαν,
1984 2253 2074 2308 καὶ
2123 2251 2159 2322 ἤ
2215 2253 2494 2325 κρείττους
2546 2257 2654 2309 τῶν
2711 2253 3045 2332 ἀλλοφύλων
3101 2254 3364 2330 ἐσόμενοι
3414 2253 3450 2326 ἤ
3514 2259 3630 2330 μετ’
3662 2257 3898 2321 εὐκλείας

487 2343 618 2416 ὑπὲρ
659 2349 768 2400 τῶν
799 2341 1073 2419 πατρίδων
1121 2343 1574 2417 ἀποθανούμενοι.
1636 2343 1734 2399 Καὶ
1796 2343 1938 2398 οὕτω
2001 2345 2097 2416 μέν
2154 2343 2208 2397 αἱ
2267 2339 2524 2414 δυνάμεις
2567 2343 2640 2406 ὡς
2675 2342 2750 2406 εἷς
2792 2341 2846 2398 ἓν
2914 2343 3282 2421 στρατόπεδον
3341 2345 3408 2400 τά
3463 2344 3730 2420 Κύψελλα
3787 2369 3902 2402 συν·

497 2435 842 2510 ηθροίζοντο.

557 2529 611 2582 5.
649 2532 844 2582 Ausus
875 2531 964 2582 est
997 2526 1320 2599 imperator
1348 2543 1456 2582 sua
1487 2531 1694 2599 sponte
1729 2525 1785 2581 id
1819 2526 1975 2597 quod
2012 2525 2135 2596 jam
2169 2542 2216 2608 Β

498 2617 713 2672 dicam.
747 2617 942 2672 Morbo
975 2615 1274 2672 articulari
1317 2632 1419 2688 per
1449 2621 1605 2672 certa
1636 2615 1939 2670 intervalla
1969 2613 2140 2670 labo-

498 2705 683 2770 rabat,
724 2709 780 2761 et
835 2705 1033 2762 dolore
1092 2707 1306 2776 pedum
1365 2705 1425 2760 in
1489 2703 1694 2776 primis
1751 2703 2142 2776 afﬂigebatur,

495 2795 695 2866 pejore
725 2795 970 2850 materia
999 2809 1066 2850 eo
1096 2793 1402 2850 delabente
1434 2799 1489 2848 et
1517 2793 1810 2848 cruciatus
1858 2791 2141 2847 intolera-

492 2883 640 2939 biles
671 2884 825 2940 659
855 2883 1163 2952 excitante,
1193 2883 1292 2955 qui
1320 2891 1372 2938 et
1420 2887 1641 2938 motum
1695 2881 2034 2937 adimebant
2087 2885 2145 2936 et

495 2989 660 3030 aures
690 2973 878 3028 febres
912 2971 1380 3028 inﬂammabant.
1411 2971 1672 3035 Quadam
1711 2985 1848 3042 ergo
1878 2969 1972 3024 die
2003 2967 2143 3024 fori-

497 3063 605 3118 bus
633 3059 887 3117 cubiculi
920 3059 1139 3116 clausis
1171 3076 1448 3115 arcanum
1481 3059 1701 3114 nemini
1754 3064 2138 3130 praeterquam

486 3149 868 3206 cubiculariis
887 3149 1126 3216 indicat;
1140 3154 1197 3205 et
1215 3149 1582 3204 ferramentis
1595 3147 1984 3203 candentibus
2006 3147 2062 3201 in
2081 3148 2144 3202 ti-

485 3237 610 3294 bias
629 3238 914 3308 profunde
934 3237 1237 3309 impressis
1251 3236 1533 3309 principio
1551 3237 1778 3292 dolores
1793 3235 1987 3291 animo
2007 3235 2104 3306 pbi
2118 3266 2139 3278 -

487 3325 790 3398 losopbico
810 3327 1024 3398 perfert
1045 3331 1104 3382 et
1124 3333 1292 3382 contu
1305 3325 1562 3382 melioais
1579 3325 1750 3382 dictis
1775 3324 2033 3380 medicos
2057 3340 2142 3381 re-

486 3414 712 3486 pudiat,
747 3415 901 3487 quod
933 3415 992 3470 in
1024 3414 1166 3472 solis
1187 3414 1632 3488 purgationibus
1655 3413 1869 3470 versari
1893 3413 2132 3470 didicis-

487 3509 836 3576 sent,neque
850 3503 1174 3576 quidquam
1196 3503 1432 3560 remedii
1451 3503 1604 3560 ultra
1621 3503 2027 3560 evacuationes
2039 3503 2138 3558 ad-

485 3591 688 3648 hibere
715 3592 948 3650 scirent.
986 3591 1199 3648 Deinde
1215 3607 1350 3648 vero
1374 3591 1702 3648 ustionibus
1726 3591 2128 3661 inﬂammatis,

488 3691 543 3738 et
573 3681 894 3754 majoribus
925 3680 1226 3738 doloribus
1258 3681 1610 3749 subsecutis,
1645 3680 1852 3738 medici
1880 3697 1994 3736 non
2017 3680 2132 3736 sin-

483 3771 752 3843 gulatim,
787 3772 886 3827 sed
917 3787 1123 3828 omnes
1154 3771 1332 3828 simul
1359 3771 1655 3828 convocati
1678 3777 1838 3841 sunt,
1863 3771 2130 3842 cognatis

483 3863 611 3932 ejus
643 3861 1040 3918 metuentibus
1073 3877 1142 3916 ne
1169 3861 1448 3917 decursus
1479 3861 1796 3916 bumorum
1837 3861 1910 3916 ad
1958 3875 2131 3915 crura

484 3949 805 4017 impeditus
835 3949 1139 4021 principali
1172 3949 1366 4022 aliquo
1392 3950 1652 4006 membro
1674 3950 1902 4005 insesso
1932 3965 2128 4006 necem

481 4039 568 4096 illi
600 4041 794 4097 subito
819 4041 1075 4106 inferret,
1100 4044 1157 4095 et
1183 4039 1490 4110 imperium
1521 4045 1729 4112 praeter
1751 4039 2129 4111 exspectatio-

484 4143 619 4184 nem
651 4129 722 4184 ad
757 4129 934 4184 alium
965 4129 1403 4186 transferretur.
1437 4131 1519 4186 Ac
1553 4128 1766 4185 medici
1814 4129 2133 4200 pharmace.

479 4216 531 4272 ei
607 4217 864 4289 praebere
939 4219 1336 4288 decreverunt,
1421 4223 1485 4273 ut
1559 4220 1874 4274 commotio
1953 4217 2132 4274 simul

478 4311 535 4362 et
591 4307 976 4363 redundantia
1032 4308 1348 4362 bumorum
1421 4306 1822 4378 egestionibus
1893 4308 2128 4363 sistere-

480 4399 594 4450 tur.
655 4396 857 4467 Itaque
915 4395 1346 4450 medicamenta
1405 4393 1653 4464 singulis
1721 4393 1842 4450 fere
1919 4395 2130 4449 diebus

477 4485 980 4556 temperabantur,
1037 4499 1225 4554 neque
1281 4498 1424 4538 sane
1495 4484 1710 4538 frustra
1787 4487 1974 4538 erant.
2053 4484 2132 4538 At

479 4574 814 4646 imperatrix
871 4571 1272 4644 Euphrosyne,
1334 4587 1690 4642 quamquam
1761 4572 1833 4626 de
1907 4571 2130 4627 valetu-

483 4661 617 4717 dine
647 4661 839 4718 mariti
871 4666 937 4716 ut
967 4675 1072 4730 par
1101 4664 1226 4715 erat
1255 4658 1410 4714 666
1442 4658 1709 4728 sollicita,
1748 4663 1942 4714 tamen
1995 4675 2130 4715 cum

482 4750 554 4806 iis
585 4751 802 4822 quibus
833 4765 1047 4806 arcana
1077 4765 1185 4804 sua
1236 4747 1635 4803 committebat
1677 4747 1748 4802 de
1796 4763 2130 4804 successore

2319 2523 2375 2578 ε’.
2409 2523 2466 2576 '0
2506 2520 2563 2577 δέ
2618 2523 2875 2599 βασιλεὺς
2930 2524 3362 2602 αὐτογνωμονῶν
3425 2527 3726 2605 ἀποθαρῥεῖ
3774 2530 3898 2603 ὅπερ

2255 2610 2283 2665 6
2315 2609 2484 2688 λόγος
2513 2611 2681 2682 λέξων
2709 2613 2948 2689 ἔρχεται.
2984 2616 3229 2690 Ἐπασχε
3255 2617 3320 2672 τὰ
3350 2613 3522 2692 ἄρθρα
3560 2620 3660 2672 τοῖ’)
3709 2619 3898 2692 σώμα-

2252 2721 2347 2762 τος
2377 2701 2512 2755 κατὰ
2561 2700 2761 2757 κύκλον
2803 2703 2969 2758 οἱονεὶ
3025 2703 3115 2760 καὶ
3163 2703 3418 2780 περίοδον
3477 2708 3611 2782 (49),
3669 2708 3796 2769 τοὺς
3845 2703 3896 2762 δέ

2251 2786 2422 2850 πόδας
2471 2789 2559 2844 γαὶ
2605 2789 2842 2863 μάλιστα
2897 2790 3036 2864 ὕλης
3095 2792 3503 2866 ἐνσκηπτούσης
3555 2795 3896 2874 μοχθηροτέ-

2253 2897 2348 2952 ρας
2392 2879 2481 2933 καὶ
2541 2877 2732 2942 ὀδύνας
2788 2878 3178 2945 δυσυποίστους
3236 2884 3668 2958 ἀποτικτούσης,
3723 2883 3775 2958 ἐξ
3827 2885 3891 2940 ὧν

2253 2967 2527 3038 ἀκινησίαι
2593 2989 2652 3024 τε
2713 2973 3126 3047 προσεπήγοντο
3190 2975 3289 3028 τοῦ
3355 2973 3560 3036 πάθους
3643 2972 3893 3052 φλεγμαί-

2249 3077 2440 3117 νοντος
2467 3057 2558 3112 καὶ
2591 3054 2790 3135 λάϐροι
2819 3061 3040 3132 πυρετοὶ
3090 3059 3366 3125 πολλάκις
3415 3060 3708 3137 ἐπήγιζον.
3760 3064 3886 3121 Κατά

2247 3165 2366 3199 τινα
2397 3146 2488 3200 οὗν
2543 3148 2753 3224 ἡμέραν
2792 3149 2889 3211 τὰς
2942 3149 3105 3224 θύρας
3159 3155 3257 3205 τοῦ
3313 3155 3578 3215 κοιτῶνος
3639 3151 3880 3227 ἐπιςυγώ-

2250 3255 2366 3302 σας,
2416 3233 2575 3308 ἄλλῳ
2631 3238 2726 3310 μέν
2773 3235 2970 3308 οὐδενὶ,
3007 3245 3125 3303 τοῖς
3183 3237 3240 3295 δὲ
3295 3241 3614 3316 προκοίτοις
3669 3242 3889 3321 ἐκφήνας

2245 3323 2308 3376 τὸ
2347 3321 2684 3399 ἀπόρρητον,
2743 3324 2965 3400 σιδήρια
3006 3328 3426 3403 πυρακτωθέντα
3481 3335 3600 3392 τοῖς
3659 3331 3893 3387 σκέλεσιν

2247 3409 2544 3483 ἐπιτίθησι,
2575 3414 2669 3468 καὶ
2711 3414 2786 3468 εἰς
2846 3415 3010 3490 βάθος
3055 3417 3148 3471 τὸν
3193 3424 3440 3494 καυτῆρα
3499 3419 3788 3497 ἐπαγαγὼν
3836 3419 3907 3474 τὰ

2251 3501 2344 3574 μὲν
2375 3502 2564 3574 πρῶτα
2591 3502 2935 3582 φιλοσοφῶν,
2979 3505 3074 3569 τὰς
3125 3504 3318 3570 ὀδύνας
3362 3510 3498 3583 πρὸς
3543 3510 3642 3572 τὰς
3693 3510 3912 3572 καύσεις

2243 3593 2350 3644 τῶν
2381 3587 2566 3646 ποδῶν
2609 3591 2952 3668 ἀπεμάχετο,
2989 3595 3106 3668 μεθ’
3156 3591 3364 3672 ὕϐρεών
3407 3619 3467 3654 τε
3513 3599 3642 3661 τοὺς
3691 3600 3916 3675 ἰατροὺς

2246 3677 2621 3752 ἀπεπέμπετο,
2663 3681 2788 3757 περὶ
2845 3684 2983 3755 μόνα
3029 3684 3098 3740 τὰ
3143 3686 3410 3761 καθάρσια
3461 3689 3693 3750 τούτους
3737 3687 3918 3765 λέγων

2243 3766 2326 3822 ἀεὶ
2375 3767 2688 3848 στρέφεσθαι
2741 3770 2834 3826 καὶ
2891 3769 3060 3844 μηδέν
3117 3795 3171 3830 τι
3226 3773 3396 3830 πλέον
3432 3780 3540 3830 τῶν
3585 3779 3915 3852 κενωσίμων

2244 3855 2460 3928 εἰδέναι,
2517 3858 2610 3912 καὶ
2672 3859 2911 3931 μετιέναι
2970 3866 3088 3924 τοῖς
3145 3863 3449 3938 κάμνουσιν
3502 3864 3668 3940 ἳαμα.
3729 3869 3812 3924 Τά
3861 3865 3919 3923 δ’

2249 3943 2439 4016 ἐφεξῆς
2499 3945 2804 4020 φλεγμοναὶ
2861 3954 2968 4004 τῶν
3028 3956 3340 4026 Μυτηριῶν
3398 3953 3489 4011 καὶ
3544 3953 3912 4029 περιωδυνίαι

2238 4038 2346 4090 τῶν
2397 4036 2590 4109 πρώην
2649 4033 2989 4112 δριμύτεραι.
3051 4041 3246 4116 Ἰατροῖ
3303 4039 3393 4096 ἐπὶ
3447 4043 3669 4106 τούτοις
3725 4045 3908 4102 εἶσκε-

2239 4120 2508 4196 κλημένοι
2541 4121 2642 4198 οὐχ
2686 4125 2714 4179 6
2767 4125 2859 4198 μέν
2911 4127 2938 4181 6
2989 4125 3033 4182 δ’
3087 4129 3170 4198 οὕ,
3225 4129 3370 4186 ἀλλὰ
3421 4133 3617 4196 πάντες
3677 4139 3902 4198 κοινῶς.

2242 4213 2382 4288 ΙΙρὸς
2414 4209 2472 4268 δέ
2515 4212 2731 4276 τούτοις
2777 4215 2864 4269 καὶ
2925 4213 3044 4280 δέος
3104 4218 3438 4295 ὑποθρᾶττον
3489 4223 3552 4278 τὸ
3600 4224 3768 4296 αἷμα,
3822 4225 3896 4298 μή

2239 4323 2356 4367 πως
2413 4301 2474 4356 τὸ
2532 4309 2634 4372 τῆς
2691 4300 2830 4374 ὕλης
2891 4307 3296 4381 μεθιστάμενον,
3364 4316 3468 4380 τῆς
3556 4313 3684 4388 περὶ
3772 4314 3904 4375 τοὺς

2237 4387 2409 4452 πόδας
2464 4388 2701 4454 καθόδου
2761 4393 3046 4464 ἀνακοπέν,
3108 4396 3184 4458 εἰς
3241 4418 3294 4452 τι
3357 4398 3573 4474 καίριον
3632 4387 3896 4476 ἐνσκήψῃ

2238 4479 2402 4554 μέρος
2441 4484 2537 4534 τοῦ
2595 4480 2874 4554 σώματος,
2933 4483 3026 4538 καὶ
3080 4485 3240 4541 αὐτὸν
3304 4487 3398 4561 μὲν
3456 4489 3747 4566 παρασύρῃ
3801 4493 3894 4544 τοῦ

2239 4572 2333 4642 ζῇν
2393 4568 2680 4648 αἷφνηδὸν,
2713 4573 2746 4640 ἡ
2782 4567 2828 4624 δ’
2886 4571 3037 4652 ἀρχὴ
3097 4581 3476 4648 μεταπεσεῖται
3530 4581 3683 4654 παρὰ
3741 4578 3884 4652 δόξαν

2235 4659 2372 4732 πρὸς
2397 4658 2600 4733 ἓτερον.
2655 4660 2723 4716 Οἱ
2771 4661 2866 4733 μὲν
2925 4662 3014 4716 οὗν
3067 4669 3176 4719 τῶν
3228 4668 3498 4740 σωμάτων
3561 4673 3870 4747 θεραπευτῆ-

2236 4766 2323 4822 ρες
2384 4747 2752 4824 φαρμακεύειν
2813 4749 2970 4805 αὐτὸν
3053 4748 3382 4825 ἐγνώκεσαν.
3441 4755 3606 4814 Οὕτω
3672 4756 3761 4832 γάρ
3809 4751 3868 4808 ἄν

483 4839 714 4910 imperii
744 4839 932 4910 magis
961 4837 1340 4903 deliberabat,
1372 4852 1442 4892 ne
1493 4837 1542 4892 is
1591 4835 1702 4891 sibi
1755 4835 2031 4893 inimicus
2073 4841 2134 4892 et

2245 4837 2295 4892 τὸ
2325 4843 2424 4906 τῆς
2453 4833 2592 4906 θλης
2638 4837 2954 4910 κινούμενόν
3011 4859 3070 4895 τε
3123 4843 3240 4914 ἅμα
3295 4845 3387 4898 καὶ
3444 4848 3748 4917 πλεονάζον
3791 4843 3880 4918 γά-

481 4926 747 4981 infensus
777 4931 952 4992 esset,
987 4927 1092 4982 sed
1124 4927 1316 4998 potius
1348 4925 1588 4981 atnicus.
1629 4925 1772 4981 Nam
1805 4925 2124 4997 imperator

479 5012 668 5068 tilium
730 5031 844 5069 non
905 5015 1176 5082 habebat,
1236 5017 1334 5070 sed
1396 5015 1542 5070 duas
1613 5014 1897 5070 duntaxat
1953 5015 2127 5084 filias,

476 5117 688 5170 easque
733 5103 978 5158 viduas:
1032 5119 1160 5157 nam
1211 5105 1406 5158 Irencs
1457 5103 1705 5158 maritus
1756 5103 2130 5160 Andronicus

475 5189 980 5261 Contostephanus
1010 5189 1250 5259 obierat,
1286 5197 1456 5246 Anna
1484 5207 1617 5246 vero
1649 5195 1711 5246 ut
1737 5201 1874 5247 natu
1912 5193 2126 5262 minor,

2235 4922 2512 4995 ληνιάσειε
2541 4930 2663 4988 ταῖς
2715 4927 2961 4984 κεώσεσι.
3022 4929 3126 4984 Καὶ
3180 4930 3246 4999 ἦν
3298 4933 3366 4987 τὰ
3422 4935 3688 5012 φάρμακα
3737 4935 3886 5007 ἦμαρ

2233 5015 2361 5090 παρ’
2393 5013 2546 5086 ἦμαρ
2581 5011 2777 5093 σχεδὸν
2810 5015 3194 5090 κεραννύμενα,
3225 5020 3315 5074 καὶ
3363 5011 3443 5077 τὸγ
3478 5023 3748 5098 ἀνύσιμον
3795 5021 3897 5076 αύ-

2231 5109 2348 5165 τοῖς
2381 5101 2714 5178 ἐφωμάρτει.
2747 5105 2810 5162 Ἡ
2843 5102 2902 5160 δὲ
2959 5107 3178 5181 βασιλὶς
3231 5108 3555 5188 Εὐφροσύνη
3606 5111 3897 5192 ἐφρόντιζε

2235 5195 2330 5267 μὲν
2363 5193 2578 5261 καὶτῆς
2615 5195 2819 5267 ὑγείας,
2854 5194 2928 5258 ὡς
2980 5195 3142 5263 εἰκὸς.
3191 5199 3278 5272 [Ρ.
3329 5202 3458 5274 322]
3507 5206 3608 5257 τοῦ
3657 5202 3901 5269 εύνέτου,

475 5277 558 5333 ita
579 5278 764 5334 forma
786 5279 1392 5350 praestantioszaacio
1413 5281 1707 5336 Comneno
1730 5286 1912 5354 nupta
1931 5282 2122 5340 fuerat

2245 5283 2510 5338 ,σκέπτετο
2544 5282 2602 5337 ui:
2649 5281 2814 5338 πλέον
2870 5283 3006 5358 μετά
3052 5289 3162 5341 τῶν
3223 5289 3494 5362 συνήθων,
3529 5292 3622 5348 καὶ
3685 5293 3773 5354 οἷς
3833 5288 3908 5346 τὰ

1880 5459 2026 5522 Hier
2063 5461 2274 5524 Wolfii
2302 5467 2489 5524 notae.

547 5615 662 5692 (49)
695 5615 952 5672 Dubium
985 5620 1180 5672 utrum
1211 5616 1282 5672 de
1310 5613 1464 5672 lunae
1491 5615 1712 5690 eclipsi,
1745 5637 1819 5676 an
1850 5620 2240 5681 diminutione
2279 5625 2580 5696 loquatur.
