  <div class='ocr_page' id='page_1' title='image "/cluster/home/n/w/nwhite01/storage/ocr_20150623/139/mdp.39015078384214/448.png"; bbox 0 0 4098 6292; ppageno 0'>
   <div class='ocr_carea' id='block_1_1' title="bbox 256 384 370 443">
    <p class='ocr_par' dir='ltr' id='par_1_1' title="bbox 256 384 370 443">
     <span class='ocr_line' id='line_1_1' title="bbox 256 384 370 443; baseline -0.009 0"><span class='ocrx_word' id='word_1_1' title='bbox 256 384 370 443; x_wconf 81' lang='lat'><strong>877</strong></span> 
     </span>
    </p>
   </div>
   <div class='ocr_carea' id='block_1_2' title="bbox 1165 370 2741 442">
    <p class='ocr_par' dir='ltr' id='par_1_2' title="bbox 1165 370 2741 442">
     <span class='ocr_line' id='line_1_2' title="bbox 1165 370 2741 442; baseline -0.006 0"><span class='ocrx_word' id='word_1_2' title='bbox 1165 381 1271 442; x_wconf 93' lang='lat' dir='ltr'><strong>DE</strong></span> <span class='ocrx_word' id='word_1_3' title='bbox 1313 376 1594 441; x_wconf 82' lang='lat' dir='ltr'><strong>ALEXIO</strong></span> <span class='ocrx_word' id='word_1_4' title='bbox 1638 371 1916 438; x_wconf 82' lang='lat' dir='ltr'><strong>lSAACll</strong></span> <span class='ocrx_word' id='word_1_5' title='bbox 1957 370 2255 434; x_wconf 81' lang='lat' dir='ltr'><strong>ANGELI</strong></span> <span class='ocrx_word' id='word_1_6' title='bbox 2303 372 2422 433; x_wconf 81' lang='lat' dir='ltr'><strong>FR.</strong></span> <span class='ocrx_word' id='word_1_7' title='bbox 2471 370 2615 432; x_wconf 89' lang='lat' dir='ltr'><strong>LIB.</strong></span> <span class='ocrx_word' id='word_1_8' title='bbox 2664 371 2741 433; x_wconf 86' lang='grc' dir='ltr'><strong>ΙΙ.</strong></span> 
     </span>
    </p>
   </div>
   <div class='ocr_carea' id='block_1_3' title="bbox 3542 376 3665 440">
    <p class='ocr_par' dir='ltr' id='par_1_3' title="bbox 3542 376 3665 440">
     <span class='ocr_line' id='line_1_3' title="bbox 3542 376 3665 440; baseline -0.024 -1"><span class='ocrx_word' id='word_1_9' title='bbox 3542 376 3665 440; x_wconf 84' lang='lat'><strong>8&#39;78</strong></span> 
     </span>
    </p>
   </div>
   <div class='ocr_carea' id='block_1_4' title="bbox 260 505 1926 594">
    <p class='ocr_par' dir='ltr' id='par_1_4' title="bbox 260 509 1911 594">
     <span class='ocr_line' id='line_1_4' title="bbox 260 509 1911 594; baseline -0.004 -25"><span class='ocrx_word' id='word_1_10' title='bbox 260 510 544 594; x_wconf 71' lang='grc' dir='ltr'>κρυφιώδη</span> <span class='ocrx_word' id='word_1_11' title='bbox 595 516 705 568; x_wconf 86' lang='grc' dir='ltr'><strong>τῶν</strong></span> <span class='ocrx_word' id='word_1_12' title='bbox 765 509 1154 588; x_wconf 81' lang='grc' dir='ltr'>βουλευμάτων</span> <span class='ocrx_word' id='word_1_13' title='bbox 1218 510 1587 585; x_wconf 85' lang='grc' dir='ltr'>προσανετίθει</span> <span class='ocrx_word' id='word_1_14' title='bbox 1647 509 1735 562; x_wconf 79' lang='grc' dir='ltr'><strong>καὶ</strong></span> <span class='ocrx_word' id='word_1_15' title='bbox 1814 511 1911 562; x_wconf 81' lang='grc' dir='ltr'><strong>τοῦ</strong></span> 
     </span>
    </p>
   </div>
   <div class='ocr_carea' id='block_1_5' title="bbox 2017 505 3668 594">
    <p class='ocr_par' dir='ltr' id='par_1_5' title="bbox 2025 505 3668 580">
     <span class='ocr_line' id='line_1_5' title="bbox 2025 505 3668 580; baseline 0.007 -22"><span class='ocrx_word' id='word_1_16' title='bbox 2025 507 2125 578; x_wconf 87' lang='lat' dir='ltr'><strong>qui</strong></span> <span class='ocrx_word' id='word_1_17' title='bbox 2154 506 2213 561; x_wconf 90' lang='lat' dir='ltr'><strong>in</strong></span> <span class='ocrx_word' id='word_1_18' title='bbox 2245 505 2429 577; x_wconf 80' lang='lat' dir='ltr'><strong>Mysia</strong></span> <span class='ocrx_word' id='word_1_19' title='bbox 2462 505 2788 574; x_wconf 57' lang='lat' dir='ltr'><strong>in:vineulis</strong></span> <span class='ocrx_word' id='word_1_20' title='bbox 2810 506 3048 576; x_wconf 91' lang='lat' dir='ltr'><strong>ohiit,ut</strong></span> <span class='ocrx_word' id='word_1_21' title='bbox 3076 524 3257 580; x_wconf 81' lang='lat' dir='ltr'><strong>supra</strong></span> <span class='ocrx_word' id='word_1_22' title='bbox 3278 511 3668 570; x_wconf 81' lang='lat' dir='ltr'><strong>narravimus.</strong></span> 
     </span>
    </p>
   </div>
   <div class='ocr_carea' id='block_1_6' title="bbox 260 599 1908 677">
    <p class='ocr_par' dir='ltr' id='par_1_6' title="bbox 260 599 1908 677">
     <span class='ocr_line' id='line_1_6' title="bbox 260 599 1908 677; baseline -0.005 -20"><span class='ocrx_word' id='word_1_23' title='bbox 260 606 495 673; x_wconf 70' lang='grc' dir='ltr'>στήθους</span> <span class='ocrx_word' id='word_1_24' title='bbox 555 603 825 677; x_wconf 72' lang='grc' dir='ltr'>ἀνεμήρυε</span> <span class='ocrx_word' id='word_1_25' title='bbox 888 601 948 655; x_wconf 83' lang='grc' dir='ltr'>τὰ</span> <span class='ocrx_word' id='word_1_26' title='bbox 1013 599 1321 675; x_wconf 64' lang='grc' dir='ltr'>ἀπόρρητα,</span> <span class='ocrx_word' id='word_1_27' title='bbox 1375 601 1464 654; x_wconf 84' lang='grc' dir='ltr'><strong>καὶ</strong></span> <span class='ocrx_word' id='word_1_28' title='bbox 1522 599 1774 673; x_wconf 75' lang='grc' dir='ltr'>περὶτοῦ</span> <span class='ocrx_word' id='word_1_29' title='bbox 1808 616 1908 650; x_wconf 83' lang='grc' dir='ltr'>πα-</span> 
     </span>
    </p>
   </div>
   <div class='ocr_carea' id='block_1_7' title="bbox 261 685 1906 769">
    <p class='ocr_par' dir='ltr' id='par_1_7' title="bbox 261 685 1906 769">
     <span class='ocr_line' id='line_1_7' title="bbox 261 685 1906 769; baseline -0.005 -22"><span class='ocrx_word' id='word_1_30' title='bbox 261 690 655 769; x_wconf 76' lang='grc' dir='ltr'>ραληψομένου</span> <span class='ocrx_word' id='word_1_31' title='bbox 713 692 813 760; x_wconf 74' lang='grc' dir='ltr'>τὴν</span> <span class='ocrx_word' id='word_1_32' title='bbox 876 687 1179 765; x_wconf 79' lang='grc' dir='ltr'>βασιλείαν,</span> <span class='ocrx_word' id='word_1_33' title='bbox 1239 691 1313 750; x_wconf 84' lang='grc' dir='ltr'>ὡς</span> <span class='ocrx_word' id='word_1_34' title='bbox 1371 686 1518 744; x_wconf 80' lang='grc' dir='ltr'>ἔσται</span> <span class='ocrx_word' id='word_1_35' title='bbox 1556 707 1640 750; x_wconf 87' lang='grc' dir='ltr'><strong>τις</strong></span> <span class='ocrx_word' id='word_1_36' title='bbox 1671 685 1805 757; x_wconf 77' lang='grc' dir='ltr'>αὐτῇ</span> <span class='ocrx_word' id='word_1_37' title='bbox 1831 686 1906 758; x_wconf 81' lang='grc' dir='ltr'>μή</span> 
     </span>
    </p>
   </div>
   <div class='ocr_carea' id='block_1_8' title="bbox 258 772 1912 854">
    <p class='ocr_par' dir='ltr' id='par_1_8' title="bbox 258 772 1912 854">
     <span class='ocr_line' id='line_1_8' title="bbox 258 772 1912 854; baseline -0.005 -20"><span class='ocrx_word' id='word_1_38' title='bbox 258 780 513 854; x_wconf 80' lang='grc' dir='ltr'>ἀνάρσιος</span> <span class='ocrx_word' id='word_1_39' title='bbox 581 776 712 853; x_wconf 77' lang='grc' dir='ltr'>μηδ’</span> <span class='ocrx_word' id='word_1_40' title='bbox 769 779 1017 853; x_wconf 74' lang='grc' dir='ltr'>ἀπεχθὴς</span> <span class='ocrx_word' id='word_1_41' title='bbox 1049 777 1174 833; x_wconf 80' lang='grc' dir='ltr'>ἀλλ’</span> <span class='ocrx_word' id='word_1_42' title='bbox 1221 776 1506 838; x_wconf 82' lang='grc' dir='ltr'>ἀσπάσιος.</span> <span class='ocrx_word' id='word_1_43' title='bbox 1548 772 1775 832; x_wconf 80' lang='grc' dir='ltr'>Βασιλεῖ</span> <span class='ocrx_word' id='word_1_44' title='bbox 1817 772 1912 846; x_wconf 75' lang='grc' dir='ltr'>μὲν</span> 
     </span>
    </p>
   </div>
   <div class='ocr_carea' id='block_1_9' title="bbox 254 858 1912 945">
    <p class='ocr_par' dir='ltr' id='par_1_9' title="bbox 254 858 1912 945">
     <span class='ocr_line' id='line_1_9' title="bbox 254 858 1912 945; baseline -0.004 -23"><span class='ocrx_word' id='word_1_45' title='bbox 254 869 360 944; x_wconf 83' lang='grc' dir='ltr'><strong>γὰρ</strong></span> <span class='ocrx_word' id='word_1_46' title='bbox 393 868 494 923; x_wconf 86' lang='grc' dir='ltr'>οὐκ</span> <span class='ocrx_word' id='word_1_47' title='bbox 548 867 614 936; x_wconf 80' lang='grc' dir='ltr'>ἦν</span> <span class='ocrx_word' id='word_1_48' title='bbox 651 864 912 945; x_wconf 84' lang='grc' dir='ltr'>διάδοχος</span> <span class='ocrx_word' id='word_1_49' title='bbox 936 868 1054 929; x_wconf 81' lang='grc' dir='ltr'>υἱὸς</span> <span class='ocrx_word' id='word_1_50' title='bbox 1104 872 1204 936; x_wconf 83' lang='grc' dir='ltr'>τῆς</span> <span class='ocrx_word' id='word_1_51' title='bbox 1262 865 1463 941; x_wconf 77' lang='grc' dir='ltr'>ἀρχῆς,</span> <span class='ocrx_word' id='word_1_52' title='bbox 1509 862 1797 934; x_wconf 81' lang='grc' dir='ltr'>δυάζουσαι</span> <span class='ocrx_word' id='word_1_53' title='bbox 1854 858 1912 916; x_wconf 75' lang='grc' dir='ltr'><strong>δὲ</strong></span> 
     </span>
    </p>
   </div>
   <div class='ocr_carea' id='block_1_10' title="bbox 261 955 1914 1033">
    <p class='ocr_par' dir='ltr' id='par_1_10' title="bbox 261 955 1914 1033">
     <span class='ocr_line' id='line_1_10' title="bbox 261 955 1914 1033; baseline -0.004 -22"><span class='ocrx_word' id='word_1_54' title='bbox 261 956 569 1033; x_wconf 73' lang='grc' dir='ltr'><strong>Θυγατέρες,</strong></span> <span class='ocrx_word' id='word_1_55' title='bbox 624 957 715 1012; x_wconf 84' lang='grc' dir='ltr'><strong>καὶ</strong></span> <span class='ocrx_word' id='word_1_56' title='bbox 757 955 911 1011; x_wconf 74' lang='grc' dir='ltr'>αὗται</span> <span class='ocrx_word' id='word_1_57' title='bbox 961 960 1069 1011; x_wconf 89' lang='grc' dir='ltr'><strong>τῶν</strong></span> <span class='ocrx_word' id='word_1_58' title='bbox 1139 955 1405 1010; x_wconf 83' lang='grc' dir='ltr'>συνεύνων</span> <span class='ocrx_word' id='word_1_59' title='bbox 1468 958 1664 1030; x_wconf 81' lang='grc' dir='ltr'>μικροῦ</span> <span class='ocrx_word' id='word_1_60' title='bbox 1721 972 1914 1007; x_wconf 87' lang='grc' dir='ltr'>σπανι-</span> 
     </span>
    </p>
   </div>
   <div class='ocr_carea' id='block_1_11' title="bbox 265 1036 1911 1121">
    <p class='ocr_par' dir='ltr' id='par_1_11' title="bbox 265 1036 1911 1121">
     <span class='ocr_line' id='line_1_11' title="bbox 265 1036 1911 1121; baseline -0.004 -23"><span class='ocrx_word' id='word_1_61' title='bbox 265 1044 512 1117; x_wconf 75' lang='grc' dir='ltr'>ζόμεναιο</span> <span class='ocrx_word' id='word_1_62' title='bbox 574 1046 609 1113; x_wconf 79' lang='grc' dir='ltr'><strong>ἡ</strong></span> <span class='ocrx_word' id='word_1_63' title='bbox 683 1043 777 1116; x_wconf 72' lang='grc' dir='ltr'><strong>μὲν</strong></span> <span class='ocrx_word' id='word_1_64' title='bbox 842 1043 946 1118; x_wconf 78' lang='grc' dir='ltr'>γὰρ</span> <span class='ocrx_word' id='word_1_65' title='bbox 1004 1041 1404 1121; x_wconf 73' lang='grc' dir='ltr'>προφερεστέρα</span> <span class='ocrx_word' id='word_1_66' title='bbox 1487 1041 1607 1104; x_wconf 82' lang='grc' dir='ltr'>καθ’</span> <span class='ocrx_word' id='word_1_67' title='bbox 1688 1036 1911 1108; x_wconf 84' lang='grc' dir='ltr'>ῆλικίαν</span> 
     </span>
    </p>
   </div>
   <div class='ocr_carea' id='block_1_12' title="bbox 259 1126 1911 1205">
    <p class='ocr_par' dir='ltr' id='par_1_12' title="bbox 259 1126 1911 1205">
     <span class='ocr_line' id='line_1_12' title="bbox 259 1126 1911 1205; baseline -0.005 -17"><span class='ocrx_word' id='word_1_68' title='bbox 259 1131 468 1205; x_wconf 72' lang='grc' dir='ltr'>Εἷρήνη</span> <span class='ocrx_word' id='word_1_69' title='bbox 530 1132 746 1203; x_wconf 79' lang='grc' dir='ltr'><strong>θανάτῳ</strong></span> <span class='ocrx_word' id='word_1_70' title='bbox 807 1130 1037 1204; x_wconf 84' lang='grc' dir='ltr'>μαλακῷ</span> <span class='ocrx_word' id='word_1_71' title='bbox 1101 1128 1336 1204; x_wconf 84' lang='grc' dir='ltr'>δαμέντα</span> <span class='ocrx_word' id='word_1_72' title='bbox 1416 1129 1509 1185; x_wconf 84' lang='grc' dir='ltr'>τὸν</span> <span class='ocrx_word' id='word_1_73' title='bbox 1577 1126 1911 1201; x_wconf 78' lang='grc' dir='ltr'><strong>σύλλεκτρον</strong></span> 
     </span>
    </p>
   </div>
   <div class='ocr_carea' id='block_1_13' title="bbox 259 1216 1912 1299">
    <p class='ocr_par' dir='ltr' id='par_1_13' title="bbox 259 1216 1912 1299">
     <span class='ocr_line' id='line_1_13' title="bbox 259 1216 1912 1299; baseline 0 -25"><span class='ocrx_word' id='word_1_74' title='bbox 259 1218 611 1294; x_wconf 76' lang='grc' dir='ltr'>Ἀνδρόνικον</span> <span class='ocrx_word' id='word_1_75' title='bbox 699 1221 790 1276; x_wconf 86' lang='grc' dir='ltr'><strong>τὸν</strong></span> <span class='ocrx_word' id='word_1_76' title='bbox 879 1224 1315 1299; x_wconf 82' lang='grc' dir='ltr'>Κοντοστέφανον</span> <span class='ocrx_word' id='word_1_77' title='bbox 1361 1216 1690 1293; x_wconf 76' lang='grc' dir='ltr'>ἀπεϐάλετο,</span> <span class='ocrx_word' id='word_1_78' title='bbox 1747 1221 1912 1276; x_wconf 81' lang='grc' dir='ltr'>Ἀννα</span> 
     </span>
    </p>
   </div>
   <div class='ocr_carea' id='block_1_14' title="bbox 258 1306 1909 1389">
    <p class='ocr_par' dir='ltr' id='par_1_14' title="bbox 258 1306 1909 1389">
     <span class='ocr_line' id='line_1_14' title="bbox 258 1306 1909 1389; baseline -0.001 -24"><span class='ocrx_word' id='word_1_79' title='bbox 258 1306 316 1365; x_wconf 74' lang='grc' dir='ltr'><strong>δὲ</strong></span> <span class='ocrx_word' id='word_1_80' title='bbox 346 1312 381 1378; x_wconf 75' lang='grc' dir='ltr'>ἡ</span> <span class='ocrx_word' id='word_1_81' title='bbox 407 1311 543 1364; x_wconf 79' lang='grc' dir='ltr'>κατὰ</span> <span class='ocrx_word' id='word_1_82' title='bbox 585 1310 789 1385; x_wconf 82' lang='grc' dir='ltr'>γένεσιν</span> <span class='ocrx_word' id='word_1_83' title='bbox 835 1308 1174 1389; x_wconf 71' lang='grc' dir='ltr'>ἐφεπομένη,</span> <span class='ocrx_word' id='word_1_84' title='bbox 1213 1315 1292 1383; x_wconf 80' lang='grc' dir='ltr'>τῷ</span> <span class='ocrx_word' id='word_1_85' title='bbox 1351 1307 1408 1365; x_wconf 72' lang='grc' dir='ltr'><strong>δὲ</strong></span> <span class='ocrx_word' id='word_1_86' title='bbox 1463 1308 1660 1365; x_wconf 86' lang='grc' dir='ltr'>κάλλει</span> <span class='ocrx_word' id='word_1_87' title='bbox 1715 1329 1909 1383; x_wconf 86' lang='grc' dir='ltr'>προτε-</span> 
     </span>
    </p>
   </div>
   <div class='ocr_carea' id='block_1_15' title="bbox 257 1396 1913 1474">
    <p class='ocr_par' dir='ltr' id='par_1_15' title="bbox 257 1396 1913 1474">
     <span class='ocr_line' id='line_1_15' title="bbox 257 1396 1913 1474; baseline -0.001 -22"><span class='ocrx_word' id='word_1_88' title='bbox 257 1397 510 1473; x_wconf 86' lang='grc' dir='ltr'>ρεύουσα,</span> <span class='ocrx_word' id='word_1_89' title='bbox 569 1397 823 1471; x_wconf 83' lang='grc' dir='ltr'>Ἰσαακίῳ</span> <span class='ocrx_word' id='word_1_90' title='bbox 872 1399 1099 1471; x_wconf 84' lang='grc' dir='ltr'>συνῴκει</span> <span class='ocrx_word' id='word_1_91' title='bbox 1155 1403 1237 1472; x_wconf 78' lang='grc' dir='ltr'>τῷ</span> <span class='ocrx_word' id='word_1_92' title='bbox 1294 1400 1593 1474; x_wconf 80' lang='grc' dir='ltr'>Κομνηνῷ,</span> <span class='ocrx_word' id='word_1_93' title='bbox 1663 1396 1722 1461; x_wconf 81' lang='grc' dir='ltr'>ὅς</span> <span class='ocrx_word' id='word_1_94' title='bbox 1775 1397 1913 1453; x_wconf 78' lang='grc' dir='ltr'>κατὰ</span> 
     </span>
    </p>
   </div>
   <div class='ocr_carea' id='block_1_16' title="bbox 254 1483 1909 1561">
    <p class='ocr_par' dir='ltr' id='par_1_16' title="bbox 254 1483 1909 1561">
     <span class='ocr_line' id='line_1_16' title="bbox 254 1483 1909 1561; baseline -0.001 -18"><span class='ocrx_word' id='word_1_95' title='bbox 254 1487 463 1543; x_wconf 78' lang='grc' dir='ltr'>Μυσίαν</span> <span class='ocrx_word' id='word_1_96' title='bbox 493 1486 778 1542; x_wconf 85' lang='grc' dir='ltr'>ἐναπέθανε</span> <span class='ocrx_word' id='word_1_97' title='bbox 818 1493 935 1550; x_wconf 88' lang='grc' dir='ltr'>τοῖς</span> <span class='ocrx_word' id='word_1_98' title='bbox 975 1485 1220 1561; x_wconf 81' lang='grc' dir='ltr'><strong>δεσμοῖς,</strong></span> <span class='ocrx_word' id='word_1_99' title='bbox 1298 1488 1372 1550; x_wconf 86' lang='grc' dir='ltr'>ὡς</span> <span class='ocrx_word' id='word_1_100' title='bbox 1430 1487 1481 1543; x_wconf 83' lang='grc' dir='ltr'><strong>ἐν</strong></span> <span class='ocrx_word' id='word_1_101' title='bbox 1537 1492 1654 1548; x_wconf 90' lang='grc' dir='ltr'>τοῖς</span> <span class='ocrx_word' id='word_1_102' title='bbox 1702 1483 1909 1561; x_wconf 77' lang='grc' dir='ltr'>ἔμπροο</span> 
     </span>
    </p>
   </div>
   <div class='ocr_carea' id='block_1_17' title="bbox 255 1574 1915 1653">
    <p class='ocr_par' dir='ltr' id='par_1_17' title="bbox 255 1574 1915 1653">
     <span class='ocr_line' id='line_1_17' title="bbox 255 1574 1915 1653; baseline 0.002 -24"><span class='ocrx_word' id='word_1_103' title='bbox 255 1578 376 1631; x_wconf 78' lang='grc' dir='ltr'>σθεν</span> <span class='ocrx_word' id='word_1_104' title='bbox 419 1574 611 1653; x_wconf 87' lang='grc' dir='ltr'>λόγοις</span> <span class='ocrx_word' id='word_1_105' title='bbox 683 1576 1014 1652; x_wconf 76' lang='grc' dir='ltr'>εῗρήκειμεν.</span> <span class='ocrx_word' id='word_1_106' title='bbox 1074 1576 1363 1652; x_wconf 77' lang='grc' dir='ltr'>Ἐπιλογαὶ</span> <span class='ocrx_word' id='word_1_107' title='bbox 1401 1578 1582 1631; x_wconf 77' lang='grc' dir='ltr'>τοίνυν</span> <span class='ocrx_word' id='word_1_108' title='bbox 1651 1576 1741 1630; x_wconf 79' lang='grc' dir='ltr'><strong>καὶ</strong></span> <span class='ocrx_word' id='word_1_109' title='bbox 1802 1579 1915 1649; x_wconf 80' lang='grc' dir='ltr'><strong>ψη-</strong></span> 
     </span>
    </p>
   </div>
   <div class='ocr_carea' id='block_1_18' title="bbox 254 1662 1910 1745">
    <p class='ocr_par' dir='ltr' id='par_1_18' title="bbox 254 1662 1910 1745">
     <span class='ocr_line' id='line_1_18' title="bbox 254 1662 1910 1745; baseline -0.002 -25"><span class='ocrx_word' id='word_1_110' title='bbox 254 1666 523 1745; x_wconf 71' lang='grc' dir='ltr'>φηφορίαι</span> <span class='ocrx_word' id='word_1_111' title='bbox 555 1669 662 1720; x_wconf 89' lang='grc' dir='ltr'><strong>τῶν</strong></span> <span class='ocrx_word' id='word_1_112' title='bbox 712 1665 985 1740; x_wconf 80' lang='grc' dir='ltr'>ἀρξόντων</span> <span class='ocrx_word' id='word_1_113' title='bbox 1038 1666 1204 1721; x_wconf 83' lang='grc' dir='ltr'>όὶλλαι</span> <span class='ocrx_word' id='word_1_114' title='bbox 1262 1686 1319 1720; x_wconf 82' lang='grc' dir='ltr'><strong>τε</strong></span> <span class='ocrx_word' id='word_1_115' title='bbox 1368 1668 1496 1740; x_wconf 86' lang='grc' dir='ltr'>παρ’</span> <span class='ocrx_word' id='word_1_116' title='bbox 1547 1663 1734 1720; x_wconf 72' lang='grc' dir='ltr'>ἄλλων</span> <span class='ocrx_word' id='word_1_117' title='bbox 1801 1662 1910 1737; x_wconf 83' lang='grc' dir='ltr'>ἐγί-</span> 
     </span>
    </p>
   </div>
   <div class='ocr_carea' id='block_1_19' title="bbox 252 1749 1908 1828">
    <p class='ocr_par' dir='ltr' id='par_1_19' title="bbox 252 1749 1908 1828">
     <span class='ocr_line' id='line_1_19' title="bbox 252 1749 1908 1828; baseline -0.001 -20"><span class='ocrx_word' id='word_1_118' title='bbox 252 1771 439 1824; x_wconf 90' lang='grc' dir='ltr'>νοντο,</span> <span class='ocrx_word' id='word_1_119' title='bbox 495 1754 587 1808; x_wconf 83' lang='grc' dir='ltr'><strong>καὶ</strong></span> <span class='ocrx_word' id='word_1_120' title='bbox 632 1760 799 1809; x_wconf 79' lang='grc' dir='ltr'>πᾶααι</span> <span class='ocrx_word' id='word_1_121' title='bbox 848 1755 986 1828; x_wconf 88' lang='grc' dir='ltr'>πρὸς</span> <span class='ocrx_word' id='word_1_122' title='bbox 1049 1755 1111 1810; x_wconf 89' lang='grc' dir='ltr'>τὸ</span> <span class='ocrx_word' id='word_1_123' title='bbox 1169 1758 1276 1809; x_wconf 85' lang='grc' dir='ltr'><strong>τῶν</strong></span> <span class='ocrx_word' id='word_1_124' title='bbox 1334 1749 1732 1828; x_wconf 73' lang='grc' dir='ltr'>προϐαλόντων</span> <span class='ocrx_word' id='word_1_125' title='bbox 1793 1751 1908 1807; x_wconf 86' lang='grc' dir='ltr'>ἐτε-</span> 
     </span>
    </p>
   </div>
   <div class='ocr_carea' id='block_1_20' title="bbox 2023 595 3669 670">
    <p class='ocr_par' dir='ltr' id='par_1_20' title="bbox 2023 595 3669 670">
     <span class='ocr_line' id='line_1_20' title="bbox 2023 595 3669 670; baseline 0.005 -20"><span class='ocrx_word' id='word_1_126' title='bbox 2023 596 2210 667; x_wconf 87' lang='lat' dir='ltr'><strong>Igitur</strong></span> <span class='ocrx_word' id='word_1_127' title='bbox 2262 595 2361 651; x_wconf 83' lang='lat' dir='ltr'><strong>alii</strong></span> <span class='ocrx_word' id='word_1_128' title='bbox 2419 601 2594 668; x_wconf 86' lang='lat' dir='ltr'><strong>atque</strong></span> <span class='ocrx_word' id='word_1_129' title='bbox 2659 595 2758 652; x_wconf 84' lang='lat' dir='ltr'><strong>alii</strong></span> <span class='ocrx_word' id='word_1_130' title='bbox 2829 597 3214 669; x_wconf 78' lang='lat' dir='ltr'><strong>imperatores</strong></span> <span class='ocrx_word' id='word_1_131' title='bbox 3261 601 3669 670; x_wconf 81' lang='lat' dir='ltr'><strong>nominantur,</strong></span> 
     </span>
    </p>
   </div>
   <div class='ocr_carea' id='block_1_21' title="bbox 2022 686 3674 763">
    <p class='ocr_par' dir='ltr' id='par_1_21' title="bbox 2022 686 3674 763">
     <span class='ocr_line' id='line_1_21' title="bbox 2022 686 3674 763; baseline 0.005 -22"><span class='ocrx_word' id='word_1_132' title='bbox 2022 686 2122 741; x_wconf 89' lang='lat' dir='ltr'><strong>sed</strong></span> <span class='ocrx_word' id='word_1_133' title='bbox 2156 702 2359 741; x_wconf 87' lang='lat' dir='ltr'><strong>omnes</strong></span> <span class='ocrx_word' id='word_1_134' title='bbox 2390 686 2488 757; x_wconf 87' lang='lat' dir='ltr'><strong>qui</strong></span> <span class='ocrx_word' id='word_1_135' title='bbox 2542 687 2615 741; x_wconf 92' lang='lat' dir='ltr'><strong>iis</strong></span> <span class='ocrx_word' id='word_1_136' title='bbox 2665 686 2976 758; x_wconf 81' lang='lat' dir='ltr'><strong>Opportuni</strong></span> <span class='ocrx_word' id='word_1_137' title='bbox 3028 693 3227 745; x_wconf 81' lang='lat' dir='ltr'><strong>essent</strong></span> <span class='ocrx_word' id='word_1_138' title='bbox 3266 706 3301 746; x_wconf 88' lang='lat' dir='ltr'><strong>a</strong></span> <span class='ocrx_word' id='word_1_139' title='bbox 3329 690 3541 763; x_wconf 86' lang='lat' dir='ltr'><strong>quibus</strong></span> <span class='ocrx_word' id='word_1_140' title='bbox 3570 709 3674 749; x_wconf 89' lang='lat' dir='ltr'><strong>no-</strong></span> 
     </span>
    </p>
   </div>
   <div class='ocr_carea' id='block_1_22' title="bbox 2024 775 3670 852">
    <p class='ocr_par' dir='ltr' id='par_1_22' title="bbox 2024 775 3670 852">
     <span class='ocr_line' id='line_1_22' title="bbox 2024 775 3670 852; baseline 0.004 -22"><span class='ocrx_word' id='word_1_141' title='bbox 2024 775 2421 830; x_wconf 80' lang='lat' dir='ltr'><strong>minabantur.</strong></span> <span class='ocrx_word' id='word_1_142' title='bbox 2452 775 2532 830; x_wconf 87' lang='lat' dir='ltr'><strong>De</strong></span> <span class='ocrx_word' id='word_1_143' title='bbox 2562 792 2627 830; x_wconf 89' lang='lat' dir='ltr'><strong>eo</strong></span> <span class='ocrx_word' id='word_1_144' title='bbox 2678 792 2812 831; x_wconf 82' lang='lat' dir='ltr'><strong>vero</strong></span> <span class='ocrx_word' id='word_1_145' title='bbox 2864 776 3169 847; x_wconf 88' lang='lat' dir='ltr'><strong>deligendo</strong></span> <span class='ocrx_word' id='word_1_146' title='bbox 3219 780 3317 849; x_wconf 86' lang='lat' dir='ltr'><strong>qui</strong></span> <span class='ocrx_word' id='word_1_147' title='bbox 3355 780 3670 852; x_wconf 88' lang='lat' dir='ltr'><strong>rempubli-</strong></span> 
     </span>
    </p>
   </div>
   <div class='ocr_carea' id='block_1_23' title="bbox 2022 863 3672 937">
    <p class='ocr_par' dir='ltr' id='par_1_23' title="bbox 2022 863 3672 937">
     <span class='ocr_line' id='line_1_23' title="bbox 2022 863 3672 937; baseline 0.005 -19"><span class='ocrx_word' id='word_1_148' title='bbox 2022 880 2150 919; x_wconf 91' lang='lat' dir='ltr'><strong>cam</strong></span> <span class='ocrx_word' id='word_1_149' title='bbox 2189 863 2406 934; x_wconf 89' lang='lat' dir='ltr'><strong>optime</strong></span> <span class='ocrx_word' id='word_1_150' title='bbox 2453 868 2511 918; x_wconf 89' lang='lat' dir='ltr'><strong>et</strong></span> <span class='ocrx_word' id='word_1_151' title='bbox 2557 880 2588 919; x_wconf 93' lang='lat' dir='ltr'><strong>e</strong></span> <span class='ocrx_word' id='word_1_152' title='bbox 2637 864 2922 937; x_wconf 70' lang='lat' dir='ltr'><strong>dignitate</strong></span> <span class='ocrx_word' id='word_1_153' title='bbox 2968 866 3361 923; x_wconf 73' lang='lat' dir='ltr'><strong>Romanorum</strong></span> <span class='ocrx_word' id='word_1_154' title='bbox 3395 870 3672 935; x_wconf 44' lang='lat' dir='ltr'><strong>.admini-</strong></span> 
     </span>
    </p>
   </div>
   <div class='ocr_carea' id='block_1_24' title="bbox 2024 953 3669 1025">
    <p class='ocr_par' dir='ltr' id='par_1_24' title="bbox 2024 953 3669 1025">
     <span class='ocr_line' id='line_1_24' title="bbox 2024 953 3669 1025; baseline 0.005 -18"><span class='ocrx_word' id='word_1_155' title='bbox 2024 957 2256 1019; x_wconf 86' lang='lat' dir='ltr'><strong>straret,</strong></span> <span class='ocrx_word' id='word_1_156' title='bbox 2307 953 2528 1009; x_wconf 87' lang='lat' dir='ltr'><strong>nemini</strong></span> <span class='ocrx_word' id='word_1_157' title='bbox 2587 953 2914 1025; x_wconf 83' lang='lat' dir='ltr'><strong>quidquam</strong></span> <span class='ocrx_word' id='word_1_158' title='bbox 2969 955 3029 1010; x_wconf 90' lang='lat' dir='ltr'><strong>in</strong></span> <span class='ocrx_word' id='word_1_159' title='bbox 3081 961 3336 1013; x_wconf 82' lang='lat' dir='ltr'><strong>mentem</strong></span> <span class='ocrx_word' id='word_1_160' title='bbox 3378 959 3669 1015; x_wconf 76' lang='lat' dir='ltr'><strong>veniebat.</strong></span> 
     </span>
    </p>
   </div>
   <div class='ocr_carea' id='block_1_25' title="bbox 2026 1042 3676 1105">
    <p class='ocr_par' dir='ltr' id='par_1_25' title="bbox 2026 1042 3676 1105">
     <span class='ocr_line' id='line_1_25' title="bbox 2026 1042 3676 1105; baseline 0.004 -8"><span class='ocrx_word' id='word_1_161' title='bbox 2026 1042 2186 1098; x_wconf 91' lang='lat' dir='ltr'><strong>Unde</strong></span> <span class='ocrx_word' id='word_1_162' title='bbox 2234 1043 2507 1098; x_wconf 88' lang='lat' dir='ltr'><strong>vecordes</strong></span> <span class='ocrx_word' id='word_1_163' title='bbox 2566 1043 2833 1099; x_wconf 78' lang='lat' dir='ltr'><strong>homines</strong></span> <span class='ocrx_word' id='word_1_164' title='bbox 2881 1044 3055 1100; x_wconf 89' lang='lat' dir='ltr'><strong>etiam</strong></span> <span class='ocrx_word' id='word_1_165' title='bbox 3097 1045 3352 1102; x_wconf 81' lang='lat' dir='ltr'><strong>infantes</strong></span> <span class='ocrx_word' id='word_1_166' title='bbox 3395 1046 3455 1102; x_wconf 90' lang='lat' dir='ltr'><strong>in</strong></span> <span class='ocrx_word' id='word_1_167' title='bbox 3506 1048 3676 1105; x_wconf 86' lang='lat' dir='ltr'><strong>cunis</strong></span> 
     </span>
    </p>
   </div>
   <div class='ocr_carea' id='block_1_26' title="bbox 2023 1132 3670 1209">
    <p class='ocr_par' dir='ltr' id='par_1_26' title="bbox 2023 1132 3670 1209">
     <span class='ocr_line' id='line_1_26' title="bbox 2023 1132 3670 1209; baseline 0.004 -24"><span class='ocrx_word' id='word_1_168' title='bbox 2023 1132 2215 1188; x_wconf 87' lang='lat' dir='ltr'><strong>adhuc</strong></span> <span class='ocrx_word' id='word_1_169' title='bbox 2245 1132 2540 1204; x_wconf 81' lang='lat' dir='ltr'><strong>vagientes</strong></span> <span class='ocrx_word' id='word_1_170' title='bbox 2575 1132 2980 1205; x_wconf 81' lang='lat' dir='ltr'><strong>designabant.</strong></span> <span class='ocrx_word' id='word_1_171' title='bbox 3018 1135 3095 1190; x_wconf 77' lang='lat' dir='ltr'><strong>Ex</strong></span> <span class='ocrx_word' id='word_1_172' title='bbox 3124 1135 3432 1193; x_wconf 88' lang='lat' dir='ltr'><strong>nobilitate</strong></span> <span class='ocrx_word' id='word_1_173' title='bbox 3462 1141 3520 1193; x_wconf 92' lang='lat' dir='ltr'><strong>et</strong></span> <span class='ocrx_word' id='word_1_174' title='bbox 3539 1137 3670 1209; x_wconf 90' lang='lat' dir='ltr'><strong>opi-</strong></span> 
     </span>
    </p>
   </div>
   <div class='ocr_carea' id='block_1_27' title="bbox 2026 1220 3670 1294">
    <p class='ocr_par' dir='ltr' id='par_1_27' title="bbox 2026 1220 3670 1294">
     <span class='ocr_line' id='line_1_27' title="bbox 2026 1220 3670 1294; baseline 0.004 -19"><span class='ocrx_word' id='word_1_175' title='bbox 2026 1221 2134 1275; x_wconf 91' lang='lat' dir='ltr'><strong>bus</strong></span> <span class='ocrx_word' id='word_1_176' title='bbox 2182 1220 2356 1277; x_wconf 88' lang='lat' dir='ltr'><strong>claris</strong></span> <span class='ocrx_word' id='word_1_177' title='bbox 2400 1220 2629 1277; x_wconf 85' lang='lat' dir='ltr'><strong>Manuel</strong></span> <span class='ocrx_word' id='word_1_178' title='bbox 2677 1222 2934 1278; x_wconf 83' lang='lat' dir='ltr'><strong>Camizes</strong></span> <span class='ocrx_word' id='word_1_179' title='bbox 2981 1228 3335 1294; x_wconf 88' lang='lat' dir='ltr'><strong>protostator</strong></span> <span class='ocrx_word' id='word_1_180' title='bbox 3384 1225 3670 1281; x_wconf 85' lang='lat' dir='ltr'><strong>avunculo</strong></span> 
     </span>
    </p>
   </div>
   <div class='ocr_carea' id='block_1_28' title="bbox 2024 1309 3670 1371">
    <p class='ocr_par' dir='ltr' id='par_1_28' title="bbox 2024 1309 3670 1371">
     <span class='ocr_line' id='line_1_28' title="bbox 2024 1309 3670 1371; baseline 0.004 -7"><span class='ocrx_word' id='word_1_181' title='bbox 2024 1326 2131 1364; x_wconf 90' lang='lat' dir='ltr'><strong>suo</strong></span> <span class='ocrx_word' id='word_1_182' title='bbox 2187 1309 2401 1366; x_wconf 87' lang='lat' dir='ltr'><strong>Joanni</strong></span> <span class='ocrx_word' id='word_1_183' title='bbox 2460 1310 2901 1367; x_wconf 86' lang='lat' dir='ltr'><strong>sebastocratori</strong></span> <span class='ocrx_word' id='word_1_184' title='bbox 2951 1313 3387 1370; x_wconf 84' lang='lat' dir='ltr'><strong>adversabatur.</strong></span> <span class='ocrx_word' id='word_1_185' title='bbox 3452 1315 3505 1370; x_wconf 88' lang='lat' dir='ltr'><strong>Is</strong></span> <span class='ocrx_word' id='word_1_186' title='bbox 3535 1330 3670 1371; x_wconf 89' lang='lat' dir='ltr'><strong>vero</strong></span> 
     </span>
    </p>
   </div>
   <div class='ocr_carea' id='block_1_29' title="bbox 2021 1398 3671 1475">
    <p class='ocr_par' dir='ltr' id='par_1_29' title="bbox 2021 1398 3671 1475">
     <span class='ocr_line' id='line_1_29' title="bbox 2021 1398 3671 1475; baseline 0.003 -22"><span class='ocrx_word' id='word_1_187' title='bbox 2021 1398 2280 1455; x_wconf 86' lang='lat' dir='ltr'><strong>vicissim</strong></span> <span class='ocrx_word' id='word_1_188' title='bbox 2312 1399 2479 1455; x_wconf 91' lang='lat' dir='ltr'><strong>illum</strong></span> <span class='ocrx_word' id='word_1_189' title='bbox 2523 1399 2891 1470; x_wconf 87' lang='lat' dir='ltr'><strong>impediebat.</strong></span> <span class='ocrx_word' id='word_1_190' title='bbox 2925 1400 3067 1457; x_wconf 86' lang='lat' dir='ltr'><strong>Tres</strong></span> <span class='ocrx_word' id='word_1_191' title='bbox 3116 1418 3253 1458; x_wconf 90' lang='lat' dir='ltr'><strong>vero</strong></span> <span class='ocrx_word' id='word_1_192' title='bbox 3300 1401 3671 1475; x_wconf 75' lang='lat' dir='ltr'><strong>imperatoris</strong></span> 
     </span>
    </p>
   </div>
   <div class='ocr_carea' id='block_1_30' title="bbox 2025 1488 3671 1559">
    <p class='ocr_par' dir='ltr' id='par_1_30' title="bbox 2025 1488 3671 1559">
     <span class='ocr_line' id='line_1_30' title="bbox 2025 1488 3671 1559; baseline 0.005 -17"><span class='ocrx_word' id='word_1_193' title='bbox 2025 1488 2232 1544; x_wconf 81' lang='lat' dir='ltr'><strong>fratres</strong></span> <span class='ocrx_word' id='word_1_194' title='bbox 2264 1490 2334 1542; x_wconf 89' lang='lat' dir='ltr'><strong>ab</strong></span> <span class='ocrx_word' id='word_1_195' title='bbox 2364 1488 2693 1545; x_wconf 79' lang='lat' dir='ltr'><strong>Andronico</strong></span> <span class='ocrx_word' id='word_1_196' title='bbox 2724 1490 3013 1559; x_wconf 68' lang='lat' dir='ltr'><strong>excecati,</strong></span> <span class='ocrx_word' id='word_1_197' title='bbox 3043 1495 3100 1546; x_wconf 88' lang='lat' dir='ltr'><strong>et</strong></span> <span class='ocrx_word' id='word_1_198' title='bbox 3148 1507 3355 1550; x_wconf 88' lang='lat' dir='ltr'><strong>eorum</strong></span> <span class='ocrx_word' id='word_1_199' title='bbox 3405 1493 3671 1551; x_wconf 75' lang='lat' dir='ltr'><strong>soror-ius</strong></span> 
     </span>
    </p>
   </div>
   <div class='ocr_carea' id='block_1_31' title="bbox 2020 1579 3670 1653">
    <p class='ocr_par' dir='ltr' id='par_1_31' title="bbox 2020 1579 3670 1653">
     <span class='ocr_line' id='line_1_31' title="bbox 2020 1579 3670 1653; baseline 0.005 -21"><span class='ocrx_word' id='word_1_200' title='bbox 2020 1580 2275 1634; x_wconf 85' lang='lat' dir='ltr'><strong>Joannes</strong></span> <span class='ocrx_word' id='word_1_201' title='bbox 2307 1579 2764 1645; x_wconf 85' lang='lat' dir='ltr'><strong>Cautacuzenus,</strong></span> <span class='ocrx_word' id='word_1_202' title='bbox 2815 1583 2873 1633; x_wconf 90' lang='lat' dir='ltr'><strong>et</strong></span> <span class='ocrx_word' id='word_1_203' title='bbox 2900 1579 3027 1651; x_wconf 90' lang='lat' dir='ltr'><strong>ipse</strong></span> <span class='ocrx_word' id='word_1_204' title='bbox 3078 1580 3257 1637; x_wconf 90' lang='lat' dir='ltr'><strong>orbus</strong></span> <span class='ocrx_word' id='word_1_205' title='bbox 3287 1581 3497 1653; x_wconf 87' lang='lat' dir='ltr'><strong>oculis,</strong></span> <span class='ocrx_word' id='word_1_206' title='bbox 3532 1583 3670 1641; x_wconf 80' lang='lat' dir='ltr'><strong>ﬁliis</strong></span> 
     </span>
    </p>
   </div>
   <div class='ocr_carea' id='block_1_32' title="bbox 2023 1666 3663 1742">
    <p class='ocr_par' dir='ltr' id='par_1_32' title="bbox 2023 1666 3663 1742">
     <span class='ocr_line' id='line_1_32' title="bbox 2023 1666 3663 1742; baseline 0.004 -19"><span class='ocrx_word' id='word_1_207' title='bbox 2023 1667 2148 1723; x_wconf 90' lang='lat' dir='ltr'><strong>suis</strong></span> <span class='ocrx_word' id='word_1_208' title='bbox 2179 1666 2463 1722; x_wconf 82' lang='lat' dir='ltr'><strong>favebant.</strong></span> <span class='ocrx_word' id='word_1_209' title='bbox 2498 1667 2647 1723; x_wconf 69' lang='grc' dir='ltr'>θοι</span> <span class='ocrx_word' id='word_1_210' title='bbox 2710 1672 2884 1723; x_wconf 86' lang='lat' dir='ltr'><strong>Erant</strong></span> <span class='ocrx_word' id='word_1_211' title='bbox 2941 1668 3118 1725; x_wconf 91' lang='lat' dir='ltr'><strong>etiam</strong></span> <span class='ocrx_word' id='word_1_212' title='bbox 3150 1670 3249 1742; x_wconf 93' lang='lat' dir='ltr'><strong>qui</strong></span> <span class='ocrx_word' id='word_1_213' title='bbox 3282 1672 3663 1729; x_wconf 90' lang='lat' dir='ltr'><strong>Ponticarum</strong></span> 
     </span>
    </p>
   </div>
   <div class='ocr_carea' id='block_1_33' title="bbox 2022 1756 3667 1831">
    <p class='ocr_par' dir='ltr' id='par_1_33' title="bbox 2022 1756 3667 1831">
     <span class='ocr_line' id='line_1_33' title="bbox 2022 1756 3667 1831; baseline 0.004 -20"><span class='ocrx_word' id='word_1_214' title='bbox 2022 1772 2239 1812; x_wconf 90' lang='lat' dir='ltr'><strong>nucum</strong></span> <span class='ocrx_word' id='word_1_215' title='bbox 2288 1761 2345 1811; x_wconf 88' lang='lat' dir='ltr'><strong>et</strong></span> <span class='ocrx_word' id='word_1_216' title='bbox 2395 1756 2703 1812; x_wconf 88' lang='lat' dir='ltr'><strong>suillarum</strong></span> <span class='ocrx_word' id='word_1_217' title='bbox 2753 1757 3021 1813; x_wconf 89' lang='lat' dir='ltr'><strong>carnium</strong></span> <span class='ocrx_word' id='word_1_218' title='bbox 3071 1757 3352 1831; x_wconf 89' lang='lat' dir='ltr'><strong>reliquias</strong></span> <span class='ocrx_word' id='word_1_219' title='bbox 3383 1760 3575 1816; x_wconf 91' lang='lat' dir='ltr'><strong>adhuc</strong></span> <span class='ocrx_word' id='word_1_220' title='bbox 3606 1761 3667 1818; x_wconf 90' lang='lat' dir='ltr'><strong>in</strong></span> 
     </span>
    </p>
   </div>
   <div class='ocr_carea' id='block_1_34' title="bbox 257 1840 1926 1941">
    <p class='ocr_par' dir='ltr' id='par_1_34' title="bbox 257 1840 1905 1941">
     <span class='ocr_line' id='line_1_34' title="bbox 257 1840 1905 1941; baseline -0.001 -45"><span class='ocrx_word' id='word_1_221' title='bbox 257 1846 460 1898; x_wconf 81' lang='grc' dir='ltr'>λοῦντο</span> <span class='ocrx_word' id='word_1_222' title='bbox 482 1844 924 1917; x_wconf 78' lang='grc' dir='ltr'>χρήσιμον.Τοῦ</span> <span class='ocrx_word' id='word_1_223' title='bbox 990 1840 1033 1897; x_wconf 89' lang='grc' dir='ltr'>δ’</span> <span class='ocrx_word' id='word_1_224' title='bbox 1096 1842 1256 1912; x_wconf 79' lang='grc' dir='ltr'>ἀξίως</span> <span class='ocrx_word' id='word_1_225' title='bbox 1310 1841 1727 1941; x_wconf 61' lang='grc' dir='ltr'>βασιλεὺῖοντος</span> <span class='ocrx_word' id='word_1_226' title='bbox 1765 1842 1905 1899; x_wconf 73' lang='grc' dir='ltr'><strong>Ῥωέ</strong></span> 
     </span>
    </p>
   </div>
   <div class='ocr_carea' id='block_1_35' title="bbox 2017 1840 3667 1941">
    <p class='ocr_par' dir='ltr' id='par_1_35' title="bbox 2021 1846 3667 1917">
     <span class='ocr_line' id='line_1_35' title="bbox 2021 1846 3667 1917; baseline 0.004 -17"><span class='ocrx_word' id='word_1_227' title='bbox 2021 1846 2296 1901; x_wconf 86' lang='lat' dir='ltr'><strong>dentibus</strong></span> <span class='ocrx_word' id='word_1_228' title='bbox 2327 1850 2644 1916; x_wconf 82' lang='lat' dir='ltr'><strong>gestantes,</strong></span> <span class='ocrx_word' id='word_1_229' title='bbox 2678 1846 2988 1917; x_wconf 89' lang='lat' dir='ltr'><strong>imperium</strong></span> <span class='ocrx_word' id='word_1_230' title='bbox 3034 1847 3187 1902; x_wconf 90' lang='lat' dir='ltr'><strong>haud</strong></span> <span class='ocrx_word' id='word_1_231' title='bbox 3219 1847 3667 1906; x_wconf 81' lang='lat' dir='ltr'><strong>dissimulanter</strong></span> 
     </span>
    </p>
   </div>
   <div class='ocr_carea' id='block_1_36' title="bbox 260 1926 1906 2006">
    <p class='ocr_par' dir='ltr' id='par_1_36' title="bbox 260 1926 1906 2006">
     <span class='ocr_line' id='line_1_36' title="bbox 260 1926 1906 2006; baseline 0.001 -22"><span class='ocrx_word' id='word_1_232' title='bbox 260 1932 440 2004; x_wconf 88' lang='grc' dir='ltr'>μαίων</span> <span class='ocrx_word' id='word_1_233' title='bbox 508 1930 597 1984; x_wconf 83' lang='grc' dir='ltr'><strong>καὶ</strong></span> <span class='ocrx_word' id='word_1_234' title='bbox 658 1931 735 1993; x_wconf 85' lang='grc' dir='ltr'>ὡς</span> <span class='ocrx_word' id='word_1_235' title='bbox 792 1928 985 2006; x_wconf 80' lang='grc' dir='ltr'>ἄριστα</span> <span class='ocrx_word' id='word_1_236' title='bbox 1059 1931 1126 1985; x_wconf 81' lang='grc' dir='ltr'><strong>τὰ</strong></span> <span class='ocrx_word' id='word_1_237' title='bbox 1170 1931 1324 1986; x_wconf 77' lang='grc' dir='ltr'>κοινὰ</span> <span class='ocrx_word' id='word_1_238' title='bbox 1381 1926 1906 2005; x_wconf 77' lang='grc' dir='ltr'>διακυϐερνήσοντος</span> 
     </span>
    </p>
   </div>
   <div class='ocr_carea' id='block_1_37' title="bbox 254 2016 1907 2097">
    <p class='ocr_par' dir='ltr' id='par_1_37' title="bbox 254 2016 1907 2097">
     <span class='ocr_line' id='line_1_37' title="bbox 254 2016 1907 2097; baseline 0 -22"><span class='ocrx_word' id='word_1_239' title='bbox 254 2020 558 2097; x_wconf 83' lang='grc' dir='ltr'>πράγματα</span> <span class='ocrx_word' id='word_1_240' title='bbox 590 2017 768 2081; x_wconf 80' lang='grc' dir='ltr'>οὐδεὶς</span> <span class='ocrx_word' id='word_1_241' title='bbox 799 2018 989 2075; x_wconf 79' lang='grc' dir='ltr'>οὐδένα</span> <span class='ocrx_word' id='word_1_242' title='bbox 1040 2018 1205 2094; x_wconf 82' lang='grc' dir='ltr'>λόγος</span> <span class='ocrx_word' id='word_1_243' title='bbox 1262 2021 1574 2097; x_wconf 79' lang='grc' dir='ltr'>εἰσήρχετο,</span> <span class='ocrx_word' id='word_1_244' title='bbox 1608 2017 1746 2075; x_wconf 82' lang='grc' dir='ltr'>ὥστε</span> <span class='ocrx_word' id='word_1_245' title='bbox 1803 2016 1907 2075; x_wconf 78' lang='grc' dir='ltr'><strong>ὕπὸ</strong></span> 
     </span>
    </p>
   </div>
   <div class='ocr_carea' id='block_1_38' title="bbox 253 2102 1907 2184">
    <p class='ocr_par' dir='ltr' id='par_1_38' title="bbox 253 2102 1907 2184">
     <span class='ocr_line' id='line_1_38' title="bbox 253 2102 1907 2184; baseline -0.001 -19"><span class='ocrx_word' id='word_1_246' title='bbox 253 2114 365 2165; x_wconf 85' lang='grc' dir='ltr'><strong>τῶν</strong></span> <span class='ocrx_word' id='word_1_247' title='bbox 400 2102 705 2182; x_wconf 76' lang='grc' dir='ltr'>ἀϐελτέρων</span> <span class='ocrx_word' id='word_1_248' title='bbox 754 2110 844 2164; x_wconf 84' lang='grc' dir='ltr'><strong>καὶ</strong></span> <span class='ocrx_word' id='word_1_249' title='bbox 883 2111 1052 2179; x_wconf 72' lang='grc' dir='ltr'>νήπια</span> <span class='ocrx_word' id='word_1_250' title='bbox 1109 2108 1186 2164; x_wconf 85' lang='grc' dir='ltr'>ἔτι</span> <span class='ocrx_word' id='word_1_251' title='bbox 1243 2109 1297 2164; x_wconf 86' lang='grc' dir='ltr'><strong>ἐν</strong></span> <span class='ocrx_word' id='word_1_252' title='bbox 1353 2110 1577 2184; x_wconf 82' lang='grc' dir='ltr'>γάλαξιν</span> <span class='ocrx_word' id='word_1_253' title='bbox 1646 2106 1770 2164; x_wconf 74' lang='grc' dir='ltr'>ὄντα</span> <span class='ocrx_word' id='word_1_254' title='bbox 1817 2109 1907 2164; x_wconf 85' lang='grc' dir='ltr'><strong>καὶ</strong></span> 
     </span>
    </p>
   </div>
   <div class='ocr_carea' id='block_1_39' title="bbox 259 2197 1905 2275">
    <p class='ocr_par' dir='ltr' id='par_1_39' title="bbox 259 2197 1905 2275">
     <span class='ocr_line' id='line_1_39' title="bbox 259 2197 1905 2275; baseline 0.001 -22"><span class='ocrx_word' id='word_1_255' title='bbox 259 2198 598 2275; x_wconf 81' lang='grc' dir='ltr'>σπαργάνοις</span> <span class='ocrx_word' id='word_1_256' title='bbox 627 2197 953 2271; x_wconf 82' lang='grc' dir='ltr'>ἐνειλημένα</span> <span class='ocrx_word' id='word_1_257' title='bbox 990 2202 1124 2271; x_wconf 85' lang='grc' dir='ltr'>πρὸς</span> <span class='ocrx_word' id='word_1_258' title='bbox 1162 2200 1259 2267; x_wconf 76' lang='grc' dir='ltr'>τὴν</span> <span class='ocrx_word' id='word_1_259' title='bbox 1320 2200 1499 2274; x_wconf 80' lang='grc' dir='ltr'>ἀρχὴν</span> <span class='ocrx_word' id='word_1_260' title='bbox 1576 2197 1905 2272; x_wconf 83' lang='grc' dir='ltr'>ἐπεκρίνετο.</span> 
     </span>
    </p>
   </div>
   <div class='ocr_carea' id='block_1_40' title="bbox 256 2283 1906 2361">
    <p class='ocr_par' dir='ltr' id='par_1_40' title="bbox 256 2283 1906 2361">
     <span class='ocr_line' id='line_1_40' title="bbox 256 2283 1906 2361; baseline -0.001 -17"><span class='ocrx_word' id='word_1_261' title='bbox 256 2288 457 2345; x_wconf 74' lang='grc' dir='ltr'>Αὐτῶν</span> <span class='ocrx_word' id='word_1_262' title='bbox 500 2285 687 2359; x_wconf 77' lang='grc' dir='ltr'>μέντοι</span> <span class='ocrx_word' id='word_1_263' title='bbox 735 2290 842 2341; x_wconf 85' lang='grc' dir='ltr'><strong>τῶν</strong></span> <span class='ocrx_word' id='word_1_264' title='bbox 876 2285 929 2342; x_wconf 81' lang='grc' dir='ltr'><strong>ἐν</strong></span> <span class='ocrx_word' id='word_1_265' title='bbox 962 2286 1102 2361; x_wconf 83' lang='grc' dir='ltr'>γένει</span> <span class='ocrx_word' id='word_1_266' title='bbox 1151 2287 1242 2343; x_wconf 85' lang='grc' dir='ltr'><strong>καὶ</strong></span> <span class='ocrx_word' id='word_1_267' title='bbox 1297 2286 1526 2360; x_wconf 86' lang='grc' dir='ltr'>πλούτῳ</span> <span class='ocrx_word' id='word_1_268' title='bbox 1575 2283 1906 2361; x_wconf 77' lang='grc' dir='ltr'>περιϐλεπο-</span> 
     </span>
    </p>
   </div>
   <div class='ocr_carea' id='block_1_41' title="bbox 256 2373 1906 2451">
    <p class='ocr_par' dir='ltr' id='par_1_41' title="bbox 256 2373 1906 2451">
     <span class='ocr_line' id='line_1_41' title="bbox 256 2373 1906 2451; baseline 0 -21"><span class='ocrx_word' id='word_1_269' title='bbox 256 2377 438 2451; x_wconf 79' lang='grc' dir='ltr'>μένων</span> <span class='ocrx_word' id='word_1_270' title='bbox 488 2376 516 2429; x_wconf 99' lang='lat'><strong>6</strong></span> <span class='ocrx_word' id='word_1_271' title='bbox 552 2375 645 2448; x_wconf 73' lang='grc' dir='ltr'>μὲν</span> <span class='ocrx_word' id='word_1_272' title='bbox 677 2375 1121 2450; x_wconf 82' lang='grc' dir='ltr'>πρωτοστράτωρ</span> <span class='ocrx_word' id='word_1_273' title='bbox 1182 2373 1452 2444; x_wconf 78' lang='grc' dir='ltr'>Μανουὴλ</span> <span class='ocrx_word' id='word_1_274' title='bbox 1515 2377 1542 2430; x_wconf 91' lang='lat'><strong>6</strong></span> <span class='ocrx_word' id='word_1_275' title='bbox 1611 2375 1906 2449; x_wconf 76' lang='grc' dir='ltr'>Καμὺτζης</span> 
     </span>
    </p>
   </div>
   <div class='ocr_carea' id='block_1_42' title="bbox 254 2460 1907 2539">
    <p class='ocr_par' dir='ltr' id='par_1_42' title="bbox 254 2460 1907 2539">
     <span class='ocr_line' id='line_1_42' title="bbox 254 2460 1907 2539; baseline 0.001 -21"><span class='ocrx_word' id='word_1_276' title='bbox 254 2469 337 2537; x_wconf 80' lang='grc' dir='ltr'>τῷ</span> <span class='ocrx_word' id='word_1_277' title='bbox 382 2463 521 2538; x_wconf 86' lang='grc' dir='ltr'>πρός</span> <span class='ocrx_word' id='word_1_278' title='bbox 581 2463 787 2536; x_wconf 86' lang='grc' dir='ltr'>μητρὸς</span> <span class='ocrx_word' id='word_1_279' title='bbox 845 2462 1147 2533; x_wconf 81' lang='grc' dir='ltr'>ἐπεκάθητο</span> <span class='ocrx_word' id='word_1_280' title='bbox 1206 2464 1334 2536; x_wconf 87' lang='grc' dir='ltr'>θείῳ</span> <span class='ocrx_word' id='word_1_281' title='bbox 1384 2467 1465 2536; x_wconf 82' lang='grc' dir='ltr'>τῷ</span> <span class='ocrx_word' id='word_1_282' title='bbox 1544 2460 1907 2539; x_wconf 77' lang='grc' dir='ltr'>σεϐαστοκρά-</span> 
     </span>
    </p>
   </div>
   <div class='ocr_carea' id='block_1_43' title="bbox 250 2550 1908 2632">
    <p class='ocr_par' dir='ltr' id='par_1_43' title="bbox 250 2550 1908 2632">
     <span class='ocr_line' id='line_1_43' title="bbox 250 2550 1908 2632; baseline 0.001 -24"><span class='ocrx_word' id='word_1_283' title='bbox 250 2573 378 2630; x_wconf 88' lang='grc' dir='ltr'>τορι</span> <span class='ocrx_word' id='word_1_284' title='bbox 409 2552 658 2627; x_wconf 74' lang='grc' dir='ltr'>Ἰωάννῃ,</span> <span class='ocrx_word' id='word_1_285' title='bbox 692 2552 853 2614; x_wconf 80' lang='grc' dir='ltr'>οὗτος</span> <span class='ocrx_word' id='word_1_286' title='bbox 886 2550 931 2607; x_wconf 86' lang='grc' dir='ltr'>δ’</span> <span class='ocrx_word' id='word_1_287' title='bbox 977 2550 1129 2614; x_wconf 76' lang='grc' dir='ltr'>αὖθις</span> <span class='ocrx_word' id='word_1_288' title='bbox 1166 2555 1284 2609; x_wconf 78' lang='grc' dir='ltr'>κατ’</span> <span class='ocrx_word' id='word_1_289' title='bbox 1349 2552 1515 2608; x_wconf 73' lang='grc' dir='ltr'>αὐτοῦ</span> <span class='ocrx_word' id='word_1_290' title='bbox 1582 2553 1908 2632; x_wconf 76' lang='grc' dir='ltr'>ἀντωφθάλ-</span> 
     </span>
    </p>
   </div>
   <div class='ocr_carea' id='block_1_44' title="bbox 257 2641 1906 2720">
    <p class='ocr_par' dir='ltr' id='par_1_44' title="bbox 257 2641 1906 2720">
     <span class='ocr_line' id='line_1_44' title="bbox 257 2641 1906 2720; baseline 0.001 -19"><span class='ocrx_word' id='word_1_291' title='bbox 257 2666 373 2719; x_wconf 85' lang='grc' dir='ltr'>μει,</span> <span class='ocrx_word' id='word_1_292' title='bbox 406 2646 475 2703; x_wconf 82' lang='grc' dir='ltr'><strong>Οἱ</strong></span> <span class='ocrx_word' id='word_1_293' title='bbox 508 2642 565 2700; x_wconf 74' lang='grc' dir='ltr'><strong>δὲ</strong></span> <span class='ocrx_word' id='word_1_294' title='bbox 592 2650 690 2700; x_wconf 78' lang='grc' dir='ltr'>τοῦ</span> <span class='ocrx_word' id='word_1_295' title='bbox 726 2641 994 2720; x_wconf 89' lang='grc' dir='ltr'>βασιλέως</span> <span class='ocrx_word' id='word_1_296' title='bbox 1037 2646 1353 2720; x_wconf 81' lang='grc' dir='ltr'>κασίγνητοι</span> <span class='ocrx_word' id='word_1_297' title='bbox 1406 2649 1553 2719; x_wconf 87' lang='grc' dir='ltr'>τρεῖς</span> <span class='ocrx_word' id='word_1_298' title='bbox 1611 2642 1760 2706; x_wconf 71' lang='grc' dir='ltr'>ὄντες</span> <span class='ocrx_word' id='word_1_299' title='bbox 1815 2648 1906 2702; x_wconf 86' lang='grc' dir='ltr'><strong>καὶ</strong></span> 
     </span>
    </p>
   </div>
   <div class='ocr_carea' id='block_1_45' title="bbox 256 2733 1906 2813">
    <p class='ocr_par' dir='ltr' id='par_1_45' title="bbox 256 2733 1906 2813">
     <span class='ocr_line' id='line_1_45' title="bbox 256 2733 1906 2813; baseline -0.001 -20"><span class='ocrx_word' id='word_1_300' title='bbox 256 2741 389 2813; x_wconf 88' lang='grc' dir='ltr'>παρ’</span> <span class='ocrx_word' id='word_1_301' title='bbox 417 2733 766 2811; x_wconf 86' lang='grc' dir='ltr'>Ἀνδρονίκου</span> <span class='ocrx_word' id='word_1_302' title='bbox 813 2735 1207 2813; x_wconf 76' lang='grc' dir='ltr'>τυφλωθέντες,</span> <span class='ocrx_word' id='word_1_303' title='bbox 1263 2734 1410 2791; x_wconf 73' lang='grc' dir='ltr'>ἄλλα</span> <span class='ocrx_word' id='word_1_304' title='bbox 1448 2733 1513 2806; x_wconf 85' lang='grc' dir='ltr'>δὴ</span> <span class='ocrx_word' id='word_1_305' title='bbox 1583 2736 1673 2791; x_wconf 85' lang='grc' dir='ltr'><strong>γαὶ</strong></span> <span class='ocrx_word' id='word_1_306' title='bbox 1732 2738 1760 2791; x_wconf 90' lang='lat'><strong>6</strong></span> <span class='ocrx_word' id='word_1_307' title='bbox 1817 2737 1906 2794; x_wconf 82' lang='grc' dir='ltr'><strong>ἐπὶ</strong></span> 
     </span>
    </p>
   </div>
   <div class='ocr_carea' id='block_1_46' title="bbox 251 2821 1907 2902">
    <p class='ocr_par' dir='ltr' id='par_1_46' title="bbox 251 2821 1907 2902">
     <span class='ocr_line' id='line_1_46' title="bbox 251 2821 1907 2902; baseline -0.002 -21"><span class='ocrx_word' id='word_1_308' title='bbox 251 2828 326 2899; x_wconf 75' lang='grc' dir='ltr'>τῇ</span> <span class='ocrx_word' id='word_1_309' title='bbox 370 2822 580 2902; x_wconf 78' lang='grc' dir='ltr'>ἀδελφῇ</span> <span class='ocrx_word' id='word_1_310' title='bbox 613 2823 789 2879; x_wconf 82' lang='grc' dir='ltr'>αὐτῶν</span> <span class='ocrx_word' id='word_1_311' title='bbox 829 2821 1080 2899; x_wconf 74' lang='grc' dir='ltr'>γαμϐρὸς</span> <span class='ocrx_word' id='word_1_312' title='bbox 1134 2825 1162 2879; x_wconf 93' lang='lat'><strong>6</strong></span> <span class='ocrx_word' id='word_1_313' title='bbox 1222 2825 1665 2894; x_wconf 83' lang='grc' dir='ltr'>Καντακουζηνὸς</span> <span class='ocrx_word' id='word_1_314' title='bbox 1724 2825 1907 2881; x_wconf 75' lang='grc' dir='ltr'>Ἰωάν·</span> 
     </span>
    </p>
   </div>
   <div class='ocr_carea' id='block_1_47' title="bbox 255 2911 1906 2986">
    <p class='ocr_par' dir='ltr' id='par_1_47' title="bbox 255 2911 1906 2986">
     <span class='ocr_line' id='line_1_47' title="bbox 255 2911 1906 2986; baseline 0.001 -18"><span class='ocrx_word' id='word_1_315' title='bbox 255 2934 364 2983; x_wconf 83' lang='grc' dir='ltr'><strong>νης</strong></span> <span class='ocrx_word' id='word_1_316' title='bbox 413 2913 716 2986; x_wconf 77' lang='grc' dir='ltr'>ἐξόμματος</span> <span class='ocrx_word' id='word_1_317' title='bbox 775 2913 866 2968; x_wconf 85' lang='grc' dir='ltr'><strong>καὶ</strong></span> <span class='ocrx_word' id='word_1_318' title='bbox 924 2911 1086 2974; x_wconf 75' lang='grc' dir='ltr'>αὒτὸς</span> <span class='ocrx_word' id='word_1_319' title='bbox 1144 2913 1511 2986; x_wconf 78' lang='grc' dir='ltr'>δεικνύμενος,</span> <span class='ocrx_word' id='word_1_320' title='bbox 1570 2915 1725 2969; x_wconf 80' lang='grc' dir='ltr'>παισὶ</span> <span class='ocrx_word' id='word_1_321' title='bbox 1789 2920 1906 2978; x_wconf 87' lang='grc' dir='ltr'>τοῖς</span> 
     </span>
    </p>
   </div>
   <div class='ocr_carea' id='block_1_48' title="bbox 263 2999 1908 3079">
    <p class='ocr_par' dir='ltr' id='par_1_48' title="bbox 263 2999 1908 3079">
     <span class='ocr_line' id='line_1_48' title="bbox 263 2999 1908 3079; baseline 0.002 -23"><span class='ocrx_word' id='word_1_322' title='bbox 263 3003 474 3056; x_wconf 70' lang='grc' dir='ltr'>ἑαυτῶν</span> <span class='ocrx_word' id='word_1_323' title='bbox 501 3005 596 3072; x_wconf 77' lang='grc' dir='ltr'>τὴν</span> <span class='ocrx_word' id='word_1_324' title='bbox 628 3002 809 3077; x_wconf 73' lang='grc' dir='ltr'>ἀρχὴν</span> <span class='ocrx_word' id='word_1_325' title='bbox 883 2999 1275 3077; x_wconf 81' lang='grc' dir='ltr'>ἡνδρολόγουν,</span> <span class='ocrx_word' id='word_1_326' title='bbox 1341 3008 1508 3057; x_wconf 84' lang='grc' dir='ltr'>Ἦσαν</span> <span class='ocrx_word' id='word_1_327' title='bbox 1565 3000 1609 3057; x_wconf 82' lang='grc' dir='ltr'>δ’</span> <span class='ocrx_word' id='word_1_328' title='bbox 1667 3003 1721 3057; x_wconf 78' lang='grc' dir='ltr'><strong>οἳ</strong></span> <span class='ocrx_word' id='word_1_329' title='bbox 1780 3005 1908 3079; x_wconf 79' lang='grc' dir='ltr'>χθές</span> 
     </span>
    </p>
   </div>
   <div class='ocr_carea' id='block_1_49' title="bbox 257 3088 1907 3167">
    <p class='ocr_par' dir='ltr' id='par_1_49' title="bbox 257 3088 1907 3167">
     <span class='ocr_line' id='line_1_49' title="bbox 257 3088 1907 3167; baseline 0.001 -21"><span class='ocrx_word' id='word_1_330' title='bbox 257 3111 321 3146; x_wconf 88' lang='grc' dir='ltr'><strong>τε</strong></span> <span class='ocrx_word' id='word_1_331' title='bbox 383 3089 467 3145; x_wconf 84' lang='grc' dir='ltr'>καί</span> <span class='ocrx_word' id='word_1_332' title='bbox 520 3091 711 3166; x_wconf 82' lang='grc' dir='ltr'>πρώην</span> <span class='ocrx_word' id='word_1_333' title='bbox 768 3088 1213 3164; x_wconf 86' lang='grc' dir='ltr'>διαμασσώμενοι</span> <span class='ocrx_word' id='word_1_334' title='bbox 1272 3092 1339 3146; x_wconf 77' lang='grc' dir='ltr'>τὰ</span> <span class='ocrx_word' id='word_1_335' title='bbox 1423 3088 1735 3167; x_wconf 86' lang='grc' dir='ltr'>δρυόκαρπα</span> <span class='ocrx_word' id='word_1_336' title='bbox 1817 3092 1907 3147; x_wconf 81' lang='grc' dir='ltr'><strong>καὶ</strong></span> 
     </span>
    </p>
   </div>
   <div class='ocr_carea' id='block_1_50' title="bbox 251 3179 1903 3261">
    <p class='ocr_par' dir='ltr' id='par_1_50' title="bbox 251 3179 1903 3261">
     <span class='ocr_line' id='line_1_50' title="bbox 251 3179 1903 3261; baseline 0.002 -25"><span class='ocrx_word' id='word_1_337' title='bbox 251 3179 324 3236; x_wconf 69' lang='grc' dir='ltr'>τὰ</span> <span class='ocrx_word' id='word_1_338' title='bbox 385 3183 618 3236; x_wconf 70' lang='grc' dir='ltr'>Ποντικὰ</span> <span class='ocrx_word' id='word_1_339' title='bbox 664 3181 781 3237; x_wconf 72' lang='grc' dir='ltr'>ὕεια</span> <span class='ocrx_word' id='word_1_340' title='bbox 835 3179 966 3257; x_wconf 83' lang='grc' dir='ltr'>κρέα</span> <span class='ocrx_word' id='word_1_341' title='bbox 1040 3180 1128 3236; x_wconf 83' lang='grc' dir='ltr'><strong>ἐπὶ</strong></span> <span class='ocrx_word' id='word_1_342' title='bbox 1182 3182 1451 3255; x_wconf 89' lang='grc' dir='ltr'>στόματος</span> <span class='ocrx_word' id='word_1_343' title='bbox 1538 3180 1616 3238; x_wconf 79' lang='grc' dir='ltr'>ἔτι</span> <span class='ocrx_word' id='word_1_344' title='bbox 1711 3182 1903 3261; x_wconf 67' lang='grc' dir='ltr'>φέροι-</span> 
     </span>
    </p>
   </div>
   <div class='ocr_carea' id='block_1_51' title="bbox 249 3267 1900 3348">
    <p class='ocr_par' dir='ltr' id='par_1_51' title="bbox 249 3267 1900 3348">
     <span class='ocr_line' id='line_1_51' title="bbox 249 3267 1900 3348; baseline 0.001 -22"><span class='ocrx_word' id='word_1_345' title='bbox 249 3291 343 3333; x_wconf 83' lang='grc' dir='ltr'><strong>τες</strong></span> <span class='ocrx_word' id='word_1_346' title='bbox 375 3269 607 3347; x_wconf 80' lang='grc' dir='ltr'>ἐπείρων</span> <span class='ocrx_word' id='word_1_347' title='bbox 645 3269 737 3324; x_wconf 84' lang='grc' dir='ltr'><strong>καὶ</strong></span> <span class='ocrx_word' id='word_1_348' title='bbox 770 3267 917 3344; x_wconf 69' lang='grc' dir='ltr'>ἤρων</span> <span class='ocrx_word' id='word_1_349' title='bbox 951 3277 1052 3339; x_wconf 81' lang='grc' dir='ltr'>τῆς</span> <span class='ocrx_word' id='word_1_350' title='bbox 1097 3269 1371 3343; x_wconf 83' lang='grc' dir='ltr'>βασιλείας</span> <span class='ocrx_word' id='word_1_351' title='bbox 1407 3269 1555 3343; x_wconf 87' lang='grc' dir='ltr'>μάλα</span> <span class='ocrx_word' id='word_1_352' title='bbox 1605 3268 1900 3348; x_wconf 81' lang='grc' dir='ltr'>λαμπρῶς,</span> 
     </span>
    </p>
   </div>
   <div class='ocr_carea' id='block_1_52' title="bbox 247 3359 1907 3437">
    <p class='ocr_par' dir='ltr' id='par_1_52' title="bbox 247 3359 1907 3437">
     <span class='ocr_line' id='line_1_52' title="bbox 247 3359 1907 3437; baseline 0.001 -20"><span class='ocrx_word' id='word_1_353' title='bbox 247 3363 345 3418; x_wconf 83' lang='grc' dir='ltr'><strong>καὶ</strong></span> <span class='ocrx_word' id='word_1_354' title='bbox 378 3359 540 3423; x_wconf 83' lang='grc' dir='ltr'>ὅλοις</span> <span class='ocrx_word' id='word_1_355' title='bbox 596 3361 650 3423; x_wconf 78' lang='grc' dir='ltr'>ἐς</span> <span class='ocrx_word' id='word_1_356' title='bbox 709 3360 878 3430; x_wconf 69' lang='grc' dir='ltr'>αὐτὴν</span> <span class='ocrx_word' id='word_1_357' title='bbox 943 3360 1256 3437; x_wconf 78' lang='grc' dir='ltr'>περιέργοις</span> <span class='ocrx_word' id='word_1_358' title='bbox 1316 3360 1613 3431; x_wconf 84' lang='grc' dir='ltr'>ἐνητένιζον</span> <span class='ocrx_word' id='word_1_359' title='bbox 1674 3359 1907 3437; x_wconf 69' lang='grc' dir='ltr'>ὄμμασι,</span> 
     </span>
    </p>
   </div>
   <div class='ocr_carea' id='block_1_53' title="bbox 248 3451 1910 3527">
    <p class='ocr_par' dir='ltr' id='par_1_53' title="bbox 248 3451 1910 3527">
     <span class='ocr_line' id='line_1_53' title="bbox 248 3451 1910 3527; baseline 0.001 -20"><span class='ocrx_word' id='word_1_360' title='bbox 248 3456 618 3527; x_wconf 79' lang='grc' dir='ltr'>προαγωγοῖς</span> <span class='ocrx_word' id='word_1_361' title='bbox 644 3451 733 3504; x_wconf 85' lang='grc' dir='ltr'><strong>καὶ</strong></span> <span class='ocrx_word' id='word_1_362' title='bbox 758 3451 1174 3525; x_wconf 80' lang='grc' dir='ltr'>προμνήστορσι</span> <span class='ocrx_word' id='word_1_363' title='bbox 1216 3451 1496 3525; x_wconf 90' lang='grc' dir='ltr'>χρώμενοι</span> <span class='ocrx_word' id='word_1_364' title='bbox 1554 3452 1747 3507; x_wconf 87' lang='grc' dir='ltr'>ὁπόσοι</span> <span class='ocrx_word' id='word_1_365' title='bbox 1803 3456 1910 3508; x_wconf 91' lang='grc' dir='ltr'><strong>τῶν</strong></span> 
     </span>
    </p>
   </div>
   <div class='ocr_carea' id='block_1_54' title="bbox 251 3535 1909 3616">
    <p class='ocr_par' dir='ltr' id='par_1_54' title="bbox 251 3535 1909 3616">
     <span class='ocr_line' id='line_1_54' title="bbox 251 3535 1909 3616; baseline 0 -21"><span class='ocrx_word' id='word_1_366' title='bbox 251 3540 530 3616; x_wconf 79' lang='grc' dir='ltr'>ἀγοραίων</span> <span class='ocrx_word' id='word_1_367' title='bbox 613 3535 766 3592; x_wconf 81' lang='grc' dir='ltr'>ὢνιοι</span> <span class='ocrx_word' id='word_1_368' title='bbox 850 3538 1159 3612; x_wconf 88' lang='grc' dir='ltr'>χρημάτων</span> <span class='ocrx_word' id='word_1_369' title='bbox 1218 3539 1308 3593; x_wconf 85' lang='grc' dir='ltr'><strong>καὶ</strong></span> <span class='ocrx_word' id='word_1_370' title='bbox 1365 3537 1770 3613; x_wconf 86' lang='grc' dir='ltr'>κοιλιόδουλοι,</span> <span class='ocrx_word' id='word_1_371' title='bbox 1832 3540 1909 3603; x_wconf 86' lang='grc' dir='ltr'>ὡς</span> 
     </span>
    </p>
   </div>
   <div class='ocr_carea' id='block_1_55' title="bbox 257 3621 1911 3703">
    <p class='ocr_par' dir='ltr' id='par_1_55' title="bbox 257 3621 1911 3703">
     <span class='ocr_line' id='line_1_55' title="bbox 257 3621 1911 3703; baseline 0 -20"><span class='ocrx_word' id='word_1_372' title='bbox 257 3631 461 3703; x_wconf 80' lang='grc' dir='ltr'>μακρῷ</span> <span class='ocrx_word' id='word_1_373' title='bbox 488 3626 801 3682; x_wconf 84' lang='grc' dir='ltr'>κάκιοντοῦ</span> <span class='ocrx_word' id='word_1_374' title='bbox 821 3627 939 3680; x_wconf 86' lang='grc' dir='ltr'>καθ’</span> <span class='ocrx_word' id='word_1_375' title='bbox 972 3621 1065 3680; x_wconf 62' lang='lat' dir='ltr'><strong>Eva</strong></span> <span class='ocrx_word' id='word_1_376' title='bbox 1120 3627 1182 3681; x_wconf 87' lang='grc' dir='ltr'>τὸ</span> <span class='ocrx_word' id='word_1_377' title='bbox 1241 3631 1398 3701; x_wconf 79' lang='grc' dir='ltr'>κοινῇ</span> <span class='ocrx_word' id='word_1_378' title='bbox 1456 3628 1740 3703; x_wconf 87' lang='grc' dir='ltr'>γινόμενον</span> <span class='ocrx_word' id='word_1_379' title='bbox 1799 3629 1911 3703; x_wconf 78' lang='grc' dir='ltr'><strong>ψή-</strong></span> 
     </span>
    </p>
   </div>
   <div class='ocr_carea' id='block_1_56' title="bbox 255 3714 1907 3798">
    <p class='ocr_par' dir='ltr' id='par_1_56' title="bbox 255 3714 1907 3798">
     <span class='ocr_line' id='line_1_56' title="bbox 255 3714 1907 3798; baseline 0 -25"><span class='ocrx_word' id='word_1_380' title='bbox 255 3737 463 3798; x_wconf 73' lang='grc' dir='ltr'>φισμα.</span> <span class='ocrx_word' id='word_1_381' title='bbox 498 3721 566 3770; x_wconf 85' lang='grc' dir='ltr'><strong>’Ὢ</strong></span> <span class='ocrx_word' id='word_1_382' title='bbox 593 3714 919 3789; x_wconf 79' lang='grc' dir='ltr'>περίπυστον</span> <span class='ocrx_word' id='word_1_383' title='bbox 977 3720 1208 3791; x_wconf 80' lang='grc' dir='ltr'>πρᾶγμα</span> <span class='ocrx_word' id='word_1_384' title='bbox 1247 3716 1535 3788; x_wconf 89' lang='grc' dir='ltr'>Ῥωμαίων</span> <span class='ocrx_word' id='word_1_385' title='bbox 1592 3718 1764 3797; x_wconf 79' lang='grc' dir='ltr'>ἀρχὴ,</span> <span class='ocrx_word' id='word_1_386' title='bbox 1819 3718 1907 3773; x_wconf 84' lang='grc' dir='ltr'><strong>καὶ</strong></span> 
     </span>
    </p>
   </div>
   <div class='ocr_carea' id='block_1_57' title="bbox 255 3802 1908 3878">
    <p class='ocr_par' dir='ltr' id='par_1_57' title="bbox 255 3802 1908 3878">
     <span class='ocr_line' id='line_1_57' title="bbox 255 3802 1908 3878; baseline -0.001 -15"><span class='ocrx_word' id='word_1_387' title='bbox 255 3814 420 3863; x_wconf 76' lang='grc' dir='ltr'>πᾶσιν</span> <span class='ocrx_word' id='word_1_388' title='bbox 455 3802 624 3860; x_wconf 82' lang='grc' dir='ltr'>ἔθνεσι</span> <span class='ocrx_word' id='word_1_389' title='bbox 660 3804 909 3875; x_wconf 88' lang='grc' dir='ltr'>ζηλωτὸν</span> <span class='ocrx_word' id='word_1_390' title='bbox 939 3804 1026 3858; x_wconf 86' lang='grc' dir='ltr'><strong>καὶ</strong></span> <span class='ocrx_word' id='word_1_391' title='bbox 1061 3804 1435 3878; x_wconf 85' lang='grc' dir='ltr'>προσκυνητὸν</span> <span class='ocrx_word' id='word_1_392' title='bbox 1490 3804 1725 3878; x_wconf 81' lang='grc' dir='ltr'>ἀξίωμα,</span> <span class='ocrx_word' id='word_1_393' title='bbox 1759 3804 1908 3870; x_wconf 80' lang='grc' dir='ltr'>οῗόυς</span> 
     </span>
    </p>
   </div>
   <div class='ocr_carea' id='block_1_58' title="bbox 257 3891 1906 3971">
    <p class='ocr_par' dir='ltr' id='par_1_58' title="bbox 257 3891 1906 3971">
     <span class='ocr_line' id='line_1_58' title="bbox 257 3891 1906 3971; baseline -0.001 -18"><span class='ocrx_word' id='word_1_394' title='bbox 257 3898 569 3971; x_wconf 76' lang='grc' dir='ltr'>ὑπήνεγκας</span> <span class='ocrx_word' id='word_1_395' title='bbox 602 3895 829 3969; x_wconf 82' lang='grc' dir='ltr'>βιαστάς</span> <span class='ocrx_word' id='word_1_396' title='bbox 862 3896 873 3948; x_wconf 88' lang='grc' dir='ltr'><strong>ί</strong></span> <span class='ocrx_word' id='word_1_397' title='bbox 910 3893 1033 3952; x_wconf 75' lang='grc' dir='ltr'>Οἶοί</span> <span class='ocrx_word' id='word_1_398' title='bbox 1066 3914 1150 3948; x_wconf 85' lang='grc' dir='ltr'><strong>σοι</strong></span> <span class='ocrx_word' id='word_1_399' title='bbox 1210 3892 1568 3965; x_wconf 69' lang='grc' dir='ltr'>ἐπανέστησαν</span> <span class='ocrx_word' id='word_1_400' title='bbox 1610 3891 1859 3969; x_wconf 74' lang='grc' dir='ltr'>ὕϐρισταί</span> <span class='ocrx_word' id='word_1_401' title='bbox 1895 3899 1906 3952; x_wconf 91' lang='lat'><strong>!</strong></span> 
     </span>
    </p>
   </div>
   <div class='ocr_carea' id='block_1_59' title="bbox 255 3981 1906 4061">
    <p class='ocr_par' dir='ltr' id='par_1_59' title="bbox 255 3981 1906 4061">
     <span class='ocr_line' id='line_1_59' title="bbox 255 3981 1906 4061; baseline -0.001 -18"><span class='ocrx_word' id='word_1_402' title='bbox 255 3987 382 4044; x_wconf 69' lang='grc' dir='ltr'>Οἶοί</span> <span class='ocrx_word' id='word_1_403' title='bbox 416 4006 503 4040; x_wconf 91' lang='grc' dir='ltr'><strong>σοι</strong></span> <span class='ocrx_word' id='word_1_404' title='bbox 555 3982 900 4056; x_wconf 78' lang='grc' dir='ltr'>ἐπεμάνησαν</span> <span class='ocrx_word' id='word_1_405' title='bbox 964 3981 1228 4057; x_wconf 76' lang='grc' dir='ltr'>ἐρασταίί</span> <span class='ocrx_word' id='word_1_406' title='bbox 1289 3981 1455 4046; x_wconf 77' lang='grc' dir='ltr'>Οἶ¹ους</span> <span class='ocrx_word' id='word_1_407' title='bbox 1510 3982 1906 4061; x_wconf 72' lang='grc' dir='ltr'>ἐνηγκαλίσωί</span> 
     </span>
    </p>
   </div>
   <div class='ocr_carea' id='block_1_60' title="bbox 255 4071 1906 4149">
    <p class='ocr_par' dir='ltr' id='par_1_60' title="bbox 255 4071 1906 4149">
     <span class='ocr_line' id='line_1_60' title="bbox 255 4071 1906 4149; baseline -0.003 -17"><span class='ocrx_word' id='word_1_408' title='bbox 255 4076 416 4138; x_wconf 79' lang='grc' dir='ltr'>Οἳοις</span> <span class='ocrx_word' id='word_1_409' title='bbox 470 4074 742 4144; x_wconf 80' lang='grc' dir='ltr'>ὑπέθηκας</span> <span class='ocrx_word' id='word_1_410' title='bbox 816 4074 1011 4141; x_wconf 73' lang='grc' dir='ltr'>ἑαυτὴν</span> <span class='ocrx_word' id='word_1_411' title='bbox 1057 4072 1146 4127; x_wconf 88' lang='grc' dir='ltr'><strong>καὶ</strong></span> <span class='ocrx_word' id='word_1_412' title='bbox 1211 4071 1525 4149; x_wconf 79' lang='grc' dir='ltr'>φιλοτήτων</span> <span class='ocrx_word' id='word_1_413' title='bbox 1584 4071 1906 4146; x_wconf 87' lang='grc' dir='ltr'>μετέδωκαι,</span> 
     </span>
    </p>
   </div>
   <div class='ocr_carea' id='block_1_61' title="bbox 252 4157 1909 4242">
    <p class='ocr_par' dir='ltr' id='par_1_61' title="bbox 252 4157 1909 4242">
     <span class='ocr_line' id='line_1_61' title="bbox 252 4157 1909 4242; baseline -0.002 -21"><span class='ocrx_word' id='word_1_414' title='bbox 252 4164 595 4228; x_wconf 85' lang='grc' dir='ltr'>ἐταινιώκεις</span> <span class='ocrx_word' id='word_1_415' title='bbox 633 4185 691 4219; x_wconf 86' lang='grc' dir='ltr'><strong>τε</strong></span> <span class='ocrx_word' id='word_1_416' title='bbox 719 4167 800 4236; x_wconf 78' lang='grc' dir='ltr'>τῷ</span> <span class='ocrx_word' id='word_1_417' title='bbox 854 4161 1093 4242; x_wconf 74' lang='grc' dir='ltr'>στεφάνῳ</span> <span class='ocrx_word' id='word_1_418' title='bbox 1148 4162 1238 4216; x_wconf 86' lang='grc' dir='ltr'><strong>καὶ</strong></span> <span class='ocrx_word' id='word_1_419' title='bbox 1293 4157 1615 4238; x_wconf 82' lang='grc' dir='ltr'>περιέϐαλες</span> <span class='ocrx_word' id='word_1_420' title='bbox 1673 4162 1736 4218; x_wconf 87' lang='grc' dir='ltr'>τὸ</span> <span class='ocrx_word' id='word_1_421' title='bbox 1797 4162 1909 4218; x_wconf 83' lang='grc' dir='ltr'>διά-</span> 
     </span>
    </p>
   </div>
   <div class='ocr_carea' id='block_1_62' title="bbox 252 4246 1909 4327">
    <p class='ocr_par' dir='ltr' id='par_1_62' title="bbox 252 4246 1909 4327">
     <span class='ocr_line' id='line_1_62' title="bbox 252 4246 1909 4327; baseline -0.002 -20"><span class='ocrx_word' id='word_1_422' title='bbox 252 4250 320 4323; x_wconf 87' lang='grc' dir='ltr'><strong>δη</strong></span> <span class='ocrx_word' id='word_1_423' title='bbox 336 4273 413 4326; x_wconf 90' lang='grc' dir='ltr'><strong>μα</strong></span> <span class='ocrx_word' id='word_1_424' title='bbox 449 4251 541 4305; x_wconf 85' lang='grc' dir='ltr'>καὶ</span> <span class='ocrx_word' id='word_1_425' title='bbox 578 4251 642 4305; x_wconf 88' lang='grc' dir='ltr'>τὸ</span> <span class='ocrx_word' id='word_1_426' title='bbox 674 4250 1063 4327; x_wconf 77' lang='grc' dir='ltr'>φοινικόχρουν</span> <span class='ocrx_word' id='word_1_427' title='bbox 1109 4246 1434 4324; x_wconf 84' lang='grc' dir='ltr'>περιέδησας</span> <span class='ocrx_word' id='word_1_428' title='bbox 1495 4248 1757 4306; x_wconf 79' lang='grc' dir='ltr'>πέδιλονί</span> <span class='ocrx_word' id='word_1_429' title='bbox 1802 4257 1909 4306; x_wconf 90' lang='grc' dir='ltr'><strong>Θυ-</strong></span> 
     </span>
    </p>
   </div>
   <div class='ocr_carea' id='block_1_63' title="bbox 254 4335 1903 4417">
    <p class='ocr_par' dir='ltr' id='par_1_63' title="bbox 254 4335 1903 4417">
     <span class='ocr_line' id='line_1_63' title="bbox 254 4335 1903 4417; baseline -0.001 -20"><span class='ocrx_word' id='word_1_430' title='bbox 254 4339 605 4417; x_wconf 81' lang='grc' dir='ltr'>μαλγέστερά</span> <span class='ocrx_word' id='word_1_431' title='bbox 637 4338 768 4394; x_wconf 79' lang='grc' dir='ltr'>εἷ’σιν</span> <span class='ocrx_word' id='word_1_432' title='bbox 800 4335 975 4399; x_wconf 79' lang='grc' dir='ltr'>ὅντως</span> <span class='ocrx_word' id='word_1_433' title='bbox 1005 4339 1071 4393; x_wconf 72' lang='grc' dir='ltr'><strong>τα</strong></span> <span class='ocrx_word' id='word_1_434' title='bbox 1102 4338 1167 4393; x_wconf 80' lang='grc' dir='ltr'>σὰ</span> <span class='ocrx_word' id='word_1_435' title='bbox 1196 4340 1269 4393; x_wconf 82' lang='grc' dir='ltr'>ὧν</span> <span class='ocrx_word' id='word_1_436' title='bbox 1320 4337 1554 4403; x_wconf 79' lang='grc' dir='ltr'>πέπονθε</span> <span class='ocrx_word' id='word_1_437' title='bbox 1609 4338 1903 4410; x_wconf 87' lang='grc' dir='ltr'>Πηνελόπη</span> 
     </span>
    </p>
   </div>
   <div class='ocr_carea' id='block_1_64' title="bbox 250 4423 1909 4502">
    <p class='ocr_par' dir='ltr' id='par_1_64' title="bbox 250 4423 1909 4502">
     <span class='ocr_line' id='line_1_64' title="bbox 250 4423 1909 4502; baseline -0.002 -17"><span class='ocrx_word' id='word_1_438' title='bbox 250 4426 805 4501; x_wconf 77' lang='grc' dir='ltr'>παραλληλιζόμενα,</span> <span class='ocrx_word' id='word_1_439' title='bbox 835 4426 926 4481; x_wconf 81' lang='grc' dir='ltr'><strong>καὶ</strong></span> <span class='ocrx_word' id='word_1_440' title='bbox 958 4428 1074 4481; x_wconf 85' lang='grc' dir='ltr'>κατ’</span> <span class='ocrx_word' id='word_1_441' title='bbox 1105 4423 1257 4480; x_wconf 73' lang='grc' dir='ltr'>οὐδὲν</span> <span class='ocrx_word' id='word_1_442' title='bbox 1309 4424 1566 4488; x_wconf 87' lang='grc' dir='ltr'>ἀπέοικας</span> <span class='ocrx_word' id='word_1_443' title='bbox 1629 4424 1909 4502; x_wconf 84' lang='grc' dir='ltr'>βασιλείας</span> 
     </span>
    </p>
   </div>
   <div class='ocr_carea' id='block_1_65' title="bbox 249 4514 1908 4595">
    <p class='ocr_par' dir='ltr' id='par_1_65' title="bbox 249 4514 1908 4595">
     <span class='ocr_line' id='line_1_65' title="bbox 249 4514 1908 4595; baseline -0.002 -21"><span class='ocrx_word' id='word_1_444' title='bbox 249 4519 506 4595; x_wconf 85' lang='grc' dir='ltr'>γυναικὸς</span> <span class='ocrx_word' id='word_1_445' title='bbox 571 4514 1024 4591; x_wconf 83' lang='grc' dir='ltr'>πανευδαίμονος,</span> <span class='ocrx_word' id='word_1_446' title='bbox 1084 4522 1286 4590; x_wconf 79' lang='grc' dir='ltr'>σεμνῆς</span> <span class='ocrx_word' id='word_1_447' title='bbox 1338 4517 1401 4571; x_wconf 88' lang='grc' dir='ltr'>τὸ</span> <span class='ocrx_word' id='word_1_448' title='bbox 1455 4514 1688 4585; x_wconf 84' lang='grc' dir='ltr'>κάλλος,</span> <span class='ocrx_word' id='word_1_449' title='bbox 1744 4516 1908 4591; x_wconf 78' lang='grc' dir='ltr'>εὐφυ-</span> 
     </span>
    </p>
   </div>
   <div class='ocr_carea' id='block_1_66' title="bbox 2014 1935 3656 2002">
    <p class='ocr_par' dir='ltr' id='par_1_66' title="bbox 2014 1935 3656 2002">
     <span class='ocr_line' id='line_1_66' title="bbox 2014 1935 3656 2002; baseline 0.003 -12"><span class='ocrx_word' id='word_1_450' title='bbox 2014 1939 2072 1990; x_wconf 91' lang='lat' dir='ltr'><strong>et</strong></span> <span class='ocrx_word' id='word_1_451' title='bbox 2100 1939 2363 1990; x_wconf 88' lang='lat' dir='ltr'><strong>amarent</strong></span> <span class='ocrx_word' id='word_1_452' title='bbox 2393 1940 2449 1989; x_wconf 91' lang='lat' dir='ltr'><strong>et</strong></span> <span class='ocrx_word' id='word_1_453' title='bbox 2481 1935 2795 2002; x_wconf 84' lang='lat' dir='ltr'><strong>ambirent,</strong></span> <span class='ocrx_word' id='word_1_454' title='bbox 2844 1940 2902 1992; x_wconf 89' lang='lat' dir='ltr'><strong>et</strong></span> <span class='ocrx_word' id='word_1_455' title='bbox 2944 1936 3212 1993; x_wconf 86' lang='lat' dir='ltr'><strong>curiosos</strong></span> <span class='ocrx_word' id='word_1_456' title='bbox 3248 1938 3306 1992; x_wconf 91' lang='lat' dir='ltr'><strong>in</strong></span> <span class='ocrx_word' id='word_1_457' title='bbox 3364 1938 3423 1993; x_wconf 93' lang='lat' dir='ltr'><strong>id</strong></span> <span class='ocrx_word' id='word_1_458' title='bbox 3453 1938 3656 1995; x_wconf 89' lang='lat' dir='ltr'><strong>oculos</strong></span> 
     </span>
    </p>
   </div>
   <div class='ocr_carea' id='block_1_67' title="bbox 2013 2024 3663 2095">
    <p class='ocr_par' dir='ltr' id='par_1_67' title="bbox 2013 2024 3663 2095">
     <span class='ocr_line' id='line_1_67' title="bbox 2013 2024 3663 2095; baseline 0.003 -16"><span class='ocrx_word' id='word_1_459' title='bbox 2013 2024 2349 2095; x_wconf 80' lang='lat' dir='ltr'><strong>deﬁgerent,</strong></span> <span class='ocrx_word' id='word_1_460' title='bbox 2384 2024 2482 2078; x_wconf 90' lang='lat' dir='ltr'><strong>sed</strong></span> <span class='ocrx_word' id='word_1_461' title='bbox 2519 2024 2800 2094; x_wconf 86' lang='lat' dir='ltr'><strong>pronubis</strong></span> <span class='ocrx_word' id='word_1_462' title='bbox 2831 2041 2932 2081; x_wconf 90' lang='lat' dir='ltr'><strong>seu</strong></span> <span class='ocrx_word' id='word_1_463' title='bbox 2957 2024 3267 2082; x_wconf 89' lang='lat' dir='ltr'><strong>lenonibus</strong></span> <span class='ocrx_word' id='word_1_464' title='bbox 3300 2030 3532 2083; x_wconf 85' lang='lat' dir='ltr'><strong>utentes</strong></span> <span class='ocrx_word' id='word_1_465' title='bbox 3563 2028 3663 2084; x_wconf 82' lang='lat' dir='ltr'><strong>ho-</strong></span> 
     </span>
    </p>
   </div>
   <div class='ocr_carea' id='block_1_68' title="bbox 2014 2113 3667 2185">
    <p class='ocr_par' dir='ltr' id='par_1_68' title="bbox 2014 2113 3667 2185">
     <span class='ocr_line' id='line_1_68' title="bbox 2014 2113 3667 2185; baseline 0.002 -17"><span class='ocrx_word' id='word_1_466' title='bbox 2014 2113 2275 2168; x_wconf 86' lang='lat' dir='ltr'><strong>minibus</strong></span> <span class='ocrx_word' id='word_1_467' title='bbox 2319 2113 2818 2182; x_wconf 81' lang='lat' dir='ltr'><strong>circumforaneis,</strong></span> <span class='ocrx_word' id='word_1_468' title='bbox 2851 2113 2952 2185; x_wconf 90' lang='lat' dir='ltr'><strong>qui</strong></span> <span class='ocrx_word' id='word_1_469' title='bbox 3012 2114 3201 2170; x_wconf 87' lang='lat' dir='ltr'><strong>ventri</strong></span> <span class='ocrx_word' id='word_1_470' title='bbox 3253 2116 3583 2173; x_wconf 85' lang='lat' dir='ltr'><strong>serviebant</strong></span> <span class='ocrx_word' id='word_1_471' title='bbox 3610 2122 3667 2173; x_wconf 90' lang='lat' dir='ltr'><strong>et</strong></span> 
     </span>
    </p>
   </div>
   <div class='ocr_carea' id='block_1_69' title="bbox 2015 2201 3672 2274">
    <p class='ocr_par' dir='ltr' id='par_1_69' title="bbox 2015 2201 3672 2274">
     <span class='ocr_line' id='line_1_69' title="bbox 2015 2201 3672 2274; baseline 0.003 -18"><span class='ocrx_word' id='word_1_472' title='bbox 2015 2201 2266 2273; x_wconf 83' lang='lat' dir='ltr'><strong>pecunia</strong></span> <span class='ocrx_word' id='word_1_473' title='bbox 2312 2201 2480 2257; x_wconf 85' lang='lat' dir='ltr'><strong>facile</strong></span> <span class='ocrx_word' id='word_1_474' title='bbox 2533 2202 3080 2274; x_wconf 87' lang='lat' dir='ltr'><strong>corrumpebantur.</strong></span> <span class='ocrx_word' id='word_1_475' title='bbox 3134 2202 3364 2266; x_wconf 87' lang='lat' dir='ltr'><strong>Quanto</strong></span> <span class='ocrx_word' id='word_1_476' title='bbox 3413 2204 3672 2261; x_wconf 87' lang='lat' dir='ltr'><strong>deterius</strong></span> 
     </span>
    </p>
   </div>
   <div class='ocr_carea' id='block_1_70' title="bbox 2012 2290 3665 2363">
    <p class='ocr_par' dir='ltr' id='par_1_70' title="bbox 2012 2290 3665 2363">
     <span class='ocr_line' id='line_1_70' title="bbox 2012 2290 3665 2363; baseline 0.002 -17"><span class='ocrx_word' id='word_1_477' title='bbox 2012 2295 2101 2346; x_wconf 89' lang='lat' dir='ltr'><strong>est</strong></span> <span class='ocrx_word' id='word_1_478' title='bbox 2129 2290 2473 2362; x_wconf 68' lang='lat' dir='ltr'><strong>suffragium</strong></span> <span class='ocrx_word' id='word_1_479' title='bbox 2537 2290 2858 2347; x_wconf 89' lang='lat' dir='ltr'><strong>multorum</strong></span> <span class='ocrx_word' id='word_1_480' title='bbox 2893 2308 3070 2363; x_wconf 90' lang='lat' dir='ltr'><strong>quam</strong></span> <span class='ocrx_word' id='word_1_481' title='bbox 3128 2292 3340 2349; x_wconf 83' lang='lat' dir='ltr'><strong>uniusl</strong></span> <span class='ocrx_word' id='word_1_482' title='bbox 3374 2308 3407 2348; x_wconf 94' lang='grc' dir='ltr'>ο</span> <span class='ocrx_word' id='word_1_483' title='bbox 3437 2293 3665 2350; x_wconf 89' lang='lat' dir='ltr'><strong>celebre</strong></span> 
     </span>
    </p>
   </div>
   <div class='ocr_carea' id='block_1_71' title="bbox 2014 2377 3668 2452">
    <p class='ocr_par' dir='ltr' id='par_1_71' title="bbox 2014 2377 3668 2452">
     <span class='ocr_line' id='line_1_71' title="bbox 2014 2377 3668 2452; baseline 0.003 -20"><span class='ocrx_word' id='word_1_484' title='bbox 2014 2377 2411 2433; x_wconf 83' lang='lat' dir='ltr'><strong>Romanorum</strong></span> <span class='ocrx_word' id='word_1_485' title='bbox 2443 2379 2845 2449; x_wconf 89' lang='lat' dir='ltr'><strong>imperium,et</strong></span> <span class='ocrx_word' id='word_1_486' title='bbox 2874 2380 3149 2436; x_wconf 91' lang='lat' dir='ltr'><strong>omnibus</strong></span> <span class='ocrx_word' id='word_1_487' title='bbox 3179 2380 3454 2452; x_wconf 83' lang='lat' dir='ltr'><strong>gentibus</strong></span> <span class='ocrx_word' id='word_1_488' title='bbox 3476 2381 3668 2437; x_wconf 86' lang='lat' dir='ltr'><strong>admi-</strong></span> 
     </span>
    </p>
   </div>
   <div class='ocr_carea' id='block_1_72' title="bbox 2013 2467 3662 2540">
    <p class='ocr_par' dir='ltr' id='par_1_72' title="bbox 2013 2467 3662 2540">
     <span class='ocr_line' id='line_1_72' title="bbox 2013 2467 3662 2540; baseline 0.003 -20"><span class='ocrx_word' id='word_1_489' title='bbox 2013 2467 2197 2521; x_wconf 89' lang='lat' dir='ltr'><strong>randa</strong></span> <span class='ocrx_word' id='word_1_490' title='bbox 2225 2470 2282 2521; x_wconf 91' lang='lat' dir='ltr'><strong>et</strong></span> <span class='ocrx_word' id='word_1_491' title='bbox 2309 2467 2606 2522; x_wconf 89' lang='lat' dir='ltr'><strong>adoranda</strong></span> <span class='ocrx_word' id='word_1_492' title='bbox 2640 2467 2941 2536; x_wconf 81' lang='lat' dir='ltr'><strong>majestas,</strong></span> <span class='ocrx_word' id='word_1_493' title='bbox 2976 2467 3180 2539; x_wconf 89' lang='lat' dir='ltr'><strong>quales</strong></span> <span class='ocrx_word' id='word_1_494' title='bbox 3214 2475 3492 2540; x_wconf 84' lang='lat' dir='ltr'><strong>tyrannos</strong></span> <span class='ocrx_word' id='word_1_495' title='bbox 3522 2485 3662 2540; x_wconf 90' lang='lat' dir='ltr'><strong>per-</strong></span> 
     </span>
    </p>
   </div>
   <div class='ocr_carea' id='block_1_73' title="bbox 2012 2554 3661 2630">
    <p class='ocr_par' dir='ltr' id='par_1_73' title="bbox 2012 2554 3661 2630">
     <span class='ocr_line' id='line_1_73' title="bbox 2012 2554 3661 2630; baseline 0.003 -20"><span class='ocrx_word' id='word_1_496' title='bbox 2012 2554 2236 2610; x_wconf 90' lang='lat' dir='ltr'><strong>tulistil</strong></span> <span class='ocrx_word' id='word_1_497' title='bbox 2271 2556 2487 2626; x_wconf 90' lang='lat' dir='ltr'><strong>quibus</strong></span> <span class='ocrx_word' id='word_1_498' title='bbox 2516 2555 2751 2625; x_wconf 87' lang='lat' dir='ltr'><strong>injuriis</strong></span> <span class='ocrx_word' id='word_1_499' title='bbox 2782 2557 3077 2628; x_wconf 82' lang='lat' dir='ltr'><strong>exagitata</strong></span> <span class='ocrx_word' id='word_1_500' title='bbox 3125 2558 3224 2613; x_wconf 85' lang='lat' dir='ltr'><strong>esi</strong></span> <span class='ocrx_word' id='word_1_501' title='bbox 3262 2557 3467 2630; x_wconf 89' lang='lat' dir='ltr'><strong>quales</strong></span> <span class='ocrx_word' id='word_1_502' title='bbox 3498 2574 3661 2615; x_wconf 79' lang='lat' dir='ltr'><strong>ama-</strong></span> 
     </span>
    </p>
   </div>
   <div class='ocr_carea' id='block_1_74' title="bbox 2012 2643 3662 2715">
    <p class='ocr_par' dir='ltr' id='par_1_74' title="bbox 2012 2643 3662 2715">
     <span class='ocr_line' id='line_1_74' title="bbox 2012 2643 3662 2715; baseline 0.002 -17"><span class='ocrx_word' id='word_1_503' title='bbox 2012 2647 2169 2699; x_wconf 90' lang='lat' dir='ltr'><strong>tores</strong></span> <span class='ocrx_word' id='word_1_504' title='bbox 2216 2644 2274 2698; x_wconf 91' lang='lat' dir='ltr'><strong>in</strong></span> <span class='ocrx_word' id='word_1_505' title='bbox 2325 2649 2379 2699; x_wconf 92' lang='lat' dir='ltr'><strong>te</strong></span> <span class='ocrx_word' id='word_1_506' title='bbox 2428 2643 2825 2701; x_wconf 80' lang='lat' dir='ltr'><strong>insanierunt!</strong></span> <span class='ocrx_word' id='word_1_507' title='bbox 2856 2644 3058 2715; x_wconf 78' lang='lat' dir='ltr'><strong>quales</strong></span> <span class='ocrx_word' id='word_1_508' title='bbox 3106 2645 3375 2702; x_wconf 88' lang='lat' dir='ltr'><strong>homines</strong></span> <span class='ocrx_word' id='word_1_509' title='bbox 3428 2662 3489 2702; x_wconf 89' lang='lat' dir='ltr'><strong>es</strong></span> <span class='ocrx_word' id='word_1_510' title='bbox 3536 2663 3662 2702; x_wconf 90' lang='lat' dir='ltr'><strong>am-</strong></span> 
     </span>
    </p>
   </div>
   <div class='ocr_carea' id='block_1_75' title="bbox 2026 2730 3656 2805">
    <p class='ocr_par' dir='ltr' id='par_1_75' title="bbox 2026 2730 3656 2805">
     <span class='ocr_line' id='line_1_75' title="bbox 2026 2730 3656 2805; baseline 0.003 -20"><span class='ocrx_word' id='word_1_511' title='bbox 2026 2730 2227 2804; x_wconf 79' lang='lat' dir='ltr'><strong>plexa!</strong></span> <span class='ocrx_word' id='word_1_512' title='bbox 2284 2731 2560 2803; x_wconf 87' lang='lat' dir='ltr'><strong>qualibus</strong></span> <span class='ocrx_word' id='word_1_513' title='bbox 2612 2736 2668 2788; x_wconf 90' lang='lat' dir='ltr'><strong>te</strong></span> <span class='ocrx_word' id='word_1_514' title='bbox 2718 2732 3093 2790; x_wconf 85' lang='lat' dir='ltr'><strong>eubstravisti</strong></span> <span class='ocrx_word' id='word_1_515' title='bbox 3142 2738 3198 2789; x_wconf 87' lang='lat' dir='ltr'><strong>et</strong></span> <span class='ocrx_word' id='word_1_516' title='bbox 3248 2733 3450 2789; x_wconf 88' lang='lat' dir='ltr'><strong>oscula</strong></span> <span class='ocrx_word' id='word_1_517' title='bbox 3508 2751 3656 2805; x_wconf 68' lang='lat' dir='ltr'><strong>pra-</strong></span> 
     </span>
    </p>
   </div>
   <div class='ocr_carea' id='block_1_76' title="bbox 2012 2821 3658 2896">
    <p class='ocr_par' dir='ltr' id='par_1_76' title="bbox 2012 2821 3658 2896">
     <span class='ocr_line' id='line_1_76' title="bbox 2012 2821 3658 2896; baseline 0.001 -19"><span class='ocrx_word' id='word_1_518' title='bbox 2012 2821 2194 2877; x_wconf 86' lang='lat' dir='ltr'><strong>buisti</strong></span> <span class='ocrx_word' id='word_1_519' title='bbox 2222 2821 2234 2876; x_wconf 85' lang='lat' dir='ltr'><strong>i</strong></span> <span class='ocrx_word' id='word_1_520' title='bbox 2264 2821 2467 2893; x_wconf 89' lang='lat' dir='ltr'><strong>quales</strong></span> <span class='ocrx_word' id='word_1_521' title='bbox 2498 2837 2711 2877; x_wconf 90' lang='lat' dir='ltr'><strong>corona</strong></span> <span class='ocrx_word' id='word_1_522' title='bbox 2739 2825 2797 2877; x_wconf 89' lang='lat' dir='ltr'><strong>et</strong></span> <span class='ocrx_word' id='word_1_523' title='bbox 2853 2822 3188 2878; x_wconf 86' lang='lat' dir='ltr'><strong>diademate</strong></span> <span class='ocrx_word' id='word_1_524' title='bbox 3246 2828 3302 2879; x_wconf 91' lang='lat' dir='ltr'><strong>et</strong></span> <span class='ocrx_word' id='word_1_525' title='bbox 3358 2838 3658 2896; x_wconf 87' lang='lat' dir='ltr'><strong>purpureo</strong></span> 
     </span>
    </p>
   </div>
   <div class='ocr_carea' id='block_1_77' title="bbox 2013 2919 3659 2992">
    <p class='ocr_par' dir='ltr' id='par_1_77' title="bbox 2013 2919 3659 2992">
     <span class='ocr_line' id='line_1_77' title="bbox 2013 2919 3659 2992; baseline 0.002 -18"><span class='ocrx_word' id='word_1_526' title='bbox 2013 2919 2203 2974; x_wconf 86' lang='lat' dir='ltr'><strong>calceo</strong></span> <span class='ocrx_word' id='word_1_527' title='bbox 2244 2919 2575 2975; x_wconf 84' lang='lat' dir='ltr'><strong>exornastil</strong></span> <span class='ocrx_word' id='word_1_528' title='bbox 2627 2919 2890 2990; x_wconf 83' lang='lat' dir='ltr'><strong>graviora</strong></span> <span class='ocrx_word' id='word_1_529' title='bbox 2934 2919 3141 2991; x_wconf 89' lang='lat' dir='ltr'><strong>utique</strong></span> <span class='ocrx_word' id='word_1_530' title='bbox 3190 2922 3264 2976; x_wconf 92' lang='lat' dir='ltr'><strong>ab</strong></span> <span class='ocrx_word' id='word_1_531' title='bbox 3313 2920 3431 2977; x_wconf 87' lang='lat' dir='ltr'><strong>illis</strong></span> <span class='ocrx_word' id='word_1_532' title='bbox 3461 2925 3659 2992; x_wconf 89' lang='lat' dir='ltr'><strong>pertu-</strong></span> 
     </span>
    </p>
   </div>
   <div class='ocr_carea' id='block_1_78' title="bbox 2013 3007 3661 3082">
    <p class='ocr_par' dir='ltr' id='par_1_78' title="bbox 2013 3007 3661 3082">
     <span class='ocr_line' id='line_1_78' title="bbox 2013 3007 3661 3082; baseline 0.002 -20"><span class='ocrx_word' id='word_1_533' title='bbox 2013 3008 2133 3064; x_wconf 87' lang='lat' dir='ltr'><strong>listi</strong></span> <span class='ocrx_word' id='word_1_534' title='bbox 2168 3025 2342 3080; x_wconf 90' lang='lat' dir='ltr'><strong>quam</strong></span> <span class='ocrx_word' id='word_1_535' title='bbox 2374 3007 2656 3079; x_wconf 91' lang='lat' dir='ltr'><strong>Penelope</strong></span> <span class='ocrx_word' id='word_1_536' title='bbox 2685 3026 2716 3063; x_wconf 89' lang='lat' dir='ltr'><strong>a</strong></span> <span class='ocrx_word' id='word_1_537' title='bbox 2747 3024 3054 3081; x_wconf 89' lang='lat' dir='ltr'><strong>procorum</strong></span> <span class='ocrx_word' id='word_1_538' title='bbox 3103 3009 3444 3082; x_wconf 82' lang='lat' dir='ltr'><strong>frequentia.</strong></span> <span class='ocrx_word' id='word_1_539' title='bbox 3468 3010 3661 3065; x_wconf 85' lang='lat' dir='ltr'><strong>Nimi-</strong></span> 
     </span>
    </p>
   </div>
   <div class='ocr_carea' id='block_1_79' title="bbox 2013 3097 3659 3170">
    <p class='ocr_par' dir='ltr' id='par_1_79' title="bbox 2013 3097 3659 3170">
     <span class='ocr_line' id='line_1_79' title="bbox 2013 3097 3659 3170; baseline 0.001 -18"><span class='ocrx_word' id='word_1_540' title='bbox 2013 3113 2142 3152; x_wconf 88' lang='lat' dir='ltr'><strong>rum</strong></span> <span class='ocrx_word' id='word_1_541' title='bbox 2189 3097 2260 3152; x_wconf 87' lang='lat' dir='ltr'><strong>ab</strong></span> <span class='ocrx_word' id='word_1_542' title='bbox 2309 3098 2471 3153; x_wconf 88' lang='lat' dir='ltr'><strong>omni</strong></span> <span class='ocrx_word' id='word_1_543' title='bbox 2518 3102 2679 3168; x_wconf 89' lang='lat' dir='ltr'><strong>parte</strong></span> <span class='ocrx_word' id='word_1_544' title='bbox 2746 3097 2962 3153; x_wconf 91' lang='lat' dir='ltr'><strong>similis</strong></span> <span class='ocrx_word' id='word_1_545' title='bbox 3030 3114 3093 3155; x_wconf 87' lang='lat' dir='ltr'><strong>es</strong></span> <span class='ocrx_word' id='word_1_546' title='bbox 3153 3098 3320 3170; x_wconf 70' lang='lat' dir='ltr'><strong>regias</strong></span> <span class='ocrx_word' id='word_1_547' title='bbox 3378 3101 3659 3155; x_wconf 76' lang='lat' dir='ltr'><strong>matrones</strong></span> 
     </span>
    </p>
   </div>
   <div class='ocr_carea' id='block_1_80' title="bbox 2020 3186 3659 3260">
    <p class='ocr_par' dir='ltr' id='par_1_80' title="bbox 2020 3186 3659 3260">
     <span class='ocr_line' id='line_1_80' title="bbox 2020 3186 3659 3260; baseline 0.002 -20"><span class='ocrx_word' id='word_1_548' title='bbox 2020 3186 2389 3251; x_wconf 68' lang='lat' dir='ltr'><strong>felicissimae,</strong></span> <span class='ocrx_word' id='word_1_549' title='bbox 2425 3186 2609 3241; x_wconf 89' lang='lat' dir='ltr'><strong>forma</strong></span> <span class='ocrx_word' id='word_1_550' title='bbox 2648 3186 2990 3254; x_wconf 82' lang='lat' dir='ltr'><strong>venerabili,</strong></span> <span class='ocrx_word' id='word_1_551' title='bbox 3033 3187 3200 3259; x_wconf 87' lang='lat' dir='ltr'><strong>justa</strong></span> <span class='ocrx_word' id='word_1_552' title='bbox 3231 3187 3659 3260; x_wconf 84' lang='lat' dir='ltr'><strong>magnitudine,</strong></span> 
     </span>
    </p>
   </div>
   <div class='ocr_carea' id='block_1_81' title="bbox 2018 3275 3660 3348">
    <p class='ocr_par' dir='ltr' id='par_1_81' title="bbox 2018 3275 3660 3348">
     <span class='ocr_line' id='line_1_81' title="bbox 2018 3275 3660 3348; baseline 0.001 -16"><span class='ocrx_word' id='word_1_553' title='bbox 2018 3275 2179 3332; x_wconf 90' lang='lat' dir='ltr'><strong>vultu</strong></span> <span class='ocrx_word' id='word_1_554' title='bbox 2204 3278 2470 3340; x_wconf 88' lang='lat' dir='ltr'><strong>venusto,</strong></span> <span class='ocrx_word' id='word_1_555' title='bbox 2504 3275 2604 3329; x_wconf 89' lang='lat' dir='ltr'><strong>sed</strong></span> <span class='ocrx_word' id='word_1_556' title='bbox 2638 3278 2821 3347; x_wconf 82' lang='lat' dir='ltr'><strong>captas</strong></span> <span class='ocrx_word' id='word_1_557' title='bbox 2868 3275 3297 3348; x_wconf 89' lang='lat' dir='ltr'><strong>impudentium</strong></span> <span class='ocrx_word' id='word_1_558' title='bbox 3331 3280 3660 3333; x_wconf 88' lang='lat' dir='ltr'><strong>amatorum</strong></span> 
     </span>
    </p>
   </div>
   <div class='ocr_carea' id='block_1_82' title="bbox 2016 3363 3665 3434">
    <p class='ocr_par' dir='ltr' id='par_1_82' title="bbox 2016 3363 3665 3434">
     <span class='ocr_line' id='line_1_82' title="bbox 2016 3363 3665 3434; baseline 0.002 -15"><span class='ocrx_word' id='word_1_559' title='bbox 2016 3364 2311 3432; x_wconf 89' lang='lat' dir='ltr'><strong>manibus,</strong></span> <span class='ocrx_word' id='word_1_560' title='bbox 2344 3379 2488 3434; x_wconf 90' lang='lat' dir='ltr'><strong>quos</strong></span> <span class='ocrx_word' id='word_1_561' title='bbox 2519 3364 2739 3419; x_wconf 86' lang='lat' dir='ltr'><strong>cordati</strong></span> <span class='ocrx_word' id='word_1_562' title='bbox 2785 3363 3053 3421; x_wconf 90' lang='lat' dir='ltr'><strong>homines</strong></span> <span class='ocrx_word' id='word_1_563' title='bbox 3104 3367 3195 3421; x_wconf 86' lang='lat' dir='ltr'><strong>vix</strong></span> <span class='ocrx_word' id='word_1_564' title='bbox 3224 3370 3501 3422; x_wconf 86' lang='lat' dir='ltr'><strong>centusse</strong></span> <span class='ocrx_word' id='word_1_565' title='bbox 3531 3366 3665 3423; x_wconf 89' lang='lat' dir='ltr'><strong>lice-</strong></span> 
     </span>
    </p>
   </div>
   <div class='ocr_carea' id='block_1_83' title="bbox 2016 3450 3669 3524">
    <p class='ocr_par' dir='ltr' id='par_1_83' title="bbox 2016 3450 3669 3524">
     <span class='ocr_line' id='line_1_83' title="bbox 2016 3450 3669 3524; baseline 0.001 -18"><span class='ocrx_word' id='word_1_566' title='bbox 2016 3450 2315 3522; x_wconf 88' lang='lat' dir='ltr'><strong>antur,qui</strong></span> <span class='ocrx_word' id='word_1_567' title='bbox 2343 3450 2839 3522; x_wconf 86' lang='lat' dir='ltr'><strong>magniﬁcentiam</strong></span> <span class='ocrx_word' id='word_1_568' title='bbox 2868 3450 3027 3507; x_wconf 90' lang='lat' dir='ltr'><strong>illius</strong></span> <span class='ocrx_word' id='word_1_569' title='bbox 3051 3453 3342 3508; x_wconf 61' lang='lat' dir='ltr'><strong>aestimare</strong></span> <span class='ocrx_word' id='word_1_570' title='bbox 3363 3456 3669 3524; x_wconf 89' lang='lat' dir='ltr'><strong>nequeant</strong></span> 
     </span>
    </p>
   </div>
   <div class='ocr_carea' id='block_1_84' title="bbox 2014 3541 3662 3609">
    <p class='ocr_par' dir='ltr' id='par_1_84' title="bbox 2014 3541 3662 3609">
     <span class='ocr_line' id='line_1_84' title="bbox 2014 3541 3662 3609; baseline -0.001 -10"><span class='ocrx_word' id='word_1_571' title='bbox 2014 3541 2420 3599; x_wconf 88' lang='lat' dir='ltr'><strong>celsitudinem</strong></span> <span class='ocrx_word' id='word_1_572' title='bbox 2484 3542 2639 3598; x_wconf 63' lang='grc' dir='ltr'>θοι</span> <span class='ocrx_word' id='word_1_573' title='bbox 2710 3558 2825 3598; x_wconf 91' lang='lat' dir='ltr'><strong>non</strong></span> <span class='ocrx_word' id='word_1_574' title='bbox 2898 3545 3295 3609; x_wconf 86' lang='lat' dir='ltr'><strong>revereantur,</strong></span> <span class='ocrx_word' id='word_1_575' title='bbox 3356 3542 3662 3598; x_wconf 89' lang='lat' dir='ltr'><strong>nobilitate</strong></span> 
     </span>
    </p>
   </div>
   <div class='ocr_carea' id='block_1_85' title="bbox 2015 3629 3664 3702">
    <p class='ocr_par' dir='ltr' id='par_1_85' title="bbox 2015 3629 3664 3702">
     <span class='ocr_line' id='line_1_85' title="bbox 2015 3629 3664 3702; baseline -0.001 -17"><span class='ocrx_word' id='word_1_576' title='bbox 2015 3630 2160 3686; x_wconf 89' lang='lat' dir='ltr'><strong>nihil</strong></span> <span class='ocrx_word' id='word_1_577' title='bbox 2192 3634 2555 3699; x_wconf 89' lang='lat' dir='ltr'><strong>moveantur,</strong></span> <span class='ocrx_word' id='word_1_578' title='bbox 2590 3629 2909 3702; x_wconf 91' lang='lat' dir='ltr'><strong>aliquando</strong></span> <span class='ocrx_word' id='word_1_579' title='bbox 2939 3630 3113 3685; x_wconf 88' lang='lat' dir='ltr'><strong>etiam</strong></span> <span class='ocrx_word' id='word_1_580' title='bbox 3147 3646 3273 3685; x_wconf 88' lang='lat' dir='ltr'><strong>eam</strong></span> <span class='ocrx_word' id='word_1_581' title='bbox 3307 3645 3410 3700; x_wconf 90' lang='lat' dir='ltr'><strong>per</strong></span> <span class='ocrx_word' id='word_1_582' title='bbox 3461 3633 3664 3685; x_wconf 90' lang='lat' dir='ltr'><strong>contu-</strong></span> 
     </span>
    </p>
   </div>
   <div class='ocr_carea' id='block_1_86' title="bbox 2016 3717 3660 3790">
    <p class='ocr_par' dir='ltr' id='par_1_86' title="bbox 2016 3717 3660 3790">
     <span class='ocr_line' id='line_1_86' title="bbox 2016 3717 3660 3790; baseline 0 -15"><span class='ocrx_word' id='word_1_583' title='bbox 2016 3719 2248 3775; x_wconf 88' lang='lat' dir='ltr'><strong>meliam</strong></span> <span class='ocrx_word' id='word_1_584' title='bbox 2280 3719 2337 3772; x_wconf 91' lang='lat' dir='ltr'><strong>in</strong></span> <span class='ocrx_word' id='word_1_585' title='bbox 2364 3718 2645 3775; x_wconf 85' lang='lat' dir='ltr'><strong>nefarium</strong></span> <span class='ocrx_word' id='word_1_586' title='bbox 2670 3718 2861 3774; x_wconf 90' lang='lat' dir='ltr'><strong>cubile</strong></span> <span class='ocrx_word' id='word_1_587' title='bbox 2892 3717 3358 3790; x_wconf 88' lang='lat' dir='ltr'><strong>pertrahant.Hei</strong></span> <span class='ocrx_word' id='word_1_588' title='bbox 3380 3718 3660 3784; x_wconf 88' lang='lat' dir='ltr'><strong>dedecus,</strong></span> 
     </span>
    </p>
   </div>
   <div class='ocr_carea' id='block_1_87' title="bbox 2014 3806 3654 3879">
    <p class='ocr_par' dir='ltr' id='par_1_87' title="bbox 2014 3806 3654 3879">
     <span class='ocr_line' id='line_1_87' title="bbox 2014 3806 3654 3879; baseline -0.001 -16"><span class='ocrx_word' id='word_1_589' title='bbox 2014 3807 2107 3863; x_wconf 89' lang='lat' dir='ltr'><strong>hei</strong></span> <span class='ocrx_word' id='word_1_590' title='bbox 2138 3807 2442 3877; x_wconf 85' lang='lat' dir='ltr'><strong>ﬂagitium,</strong></span> <span class='ocrx_word' id='word_1_591' title='bbox 2477 3806 2673 3877; x_wconf 88' lang='lat' dir='ltr'><strong>qualia</strong></span> <span class='ocrx_word' id='word_1_592' title='bbox 2705 3824 2980 3879; x_wconf 83' lang='lat' dir='ltr'><strong>perpessa</strong></span> <span class='ocrx_word' id='word_1_593' title='bbox 3039 3823 3101 3862; x_wconf 89' lang='lat' dir='ltr'><strong>es</strong></span> <span class='ocrx_word' id='word_1_594' title='bbox 3130 3809 3141 3863; x_wconf 93' lang='lat' dir='ltr'><strong>l</strong></span> <span class='ocrx_word' id='word_1_595' title='bbox 3179 3806 3369 3877; x_wconf 90' lang='lat' dir='ltr'><strong>qualis</strong></span> <span class='ocrx_word' id='word_1_596' title='bbox 3400 3807 3523 3863; x_wconf 87' lang='lat' dir='ltr'><strong>visa</strong></span> <span class='ocrx_word' id='word_1_597' title='bbox 3552 3822 3615 3861; x_wconf 87' lang='lat' dir='ltr'><strong>es</strong></span> <span class='ocrx_word' id='word_1_598' title='bbox 3642 3807 3654 3862; x_wconf 94' lang='lat' dir='ltr'><strong>l</strong></span> 
     </span>
    </p>
   </div>
   <div class='ocr_carea' id='block_1_88' title="bbox 2014 3893 3665 3968">
    <p class='ocr_par' dir='ltr' id='par_1_88' title="bbox 2014 3893 3665 3968">
     <span class='ocr_line' id='line_1_88' title="bbox 2014 3893 3665 3968; baseline -0.001 -16"><span class='ocrx_word' id='word_1_599' title='bbox 2014 3896 2189 3952; x_wconf 85' lang='lat' dir='ltr'><strong>facies</strong></span> <span class='ocrx_word' id='word_1_600' title='bbox 2223 3896 2567 3963; x_wconf 88' lang='lat' dir='ltr'><strong>meretricis,</strong></span> <span class='ocrx_word' id='word_1_601' title='bbox 2602 3911 2634 3951; x_wconf 95' lang='grc' dir='ltr'><strong>ο</strong></span> <span class='ocrx_word' id='word_1_602' title='bbox 2692 3895 2909 3968; x_wconf 79' lang='lat' dir='ltr'><strong>inclyta</strong></span> <span class='ocrx_word' id='word_1_603' title='bbox 2968 3900 3025 3952; x_wconf 90' lang='lat' dir='ltr'><strong>et</strong></span> <span class='ocrx_word' id='word_1_604' title='bbox 3081 3893 3329 3952; x_wconf 89' lang='lat' dir='ltr'><strong>celebris</strong></span> <span class='ocrx_word' id='word_1_605' title='bbox 3361 3895 3665 3966; x_wconf 87' lang='lat' dir='ltr'><strong>majestas,</strong></span> 
     </span>
    </p>
   </div>
   <div class='ocr_carea' id='block_1_89' title="bbox 2015 3983 3665 4057">
    <p class='ocr_par' dir='ltr' id='par_1_89' title="bbox 2015 3983 3665 4057">
     <span class='ocr_line' id='line_1_89' title="bbox 2015 3983 3665 4057; baseline -0.002 -16"><span class='ocrx_word' id='word_1_606' title='bbox 2015 3986 2256 4057; x_wconf 88' lang='lat' dir='ltr'><strong>contigit</strong></span> <span class='ocrx_word' id='word_1_607' title='bbox 2296 3985 2421 4039; x_wconf 86' lang='lat' dir='ltr'><strong>tibi.</strong></span> <span class='ocrx_word' id='word_1_608' title='bbox 2463 3984 2713 4039; x_wconf 88' lang='lat' dir='ltr'><strong>Evanuit</strong></span> <span class='ocrx_word' id='word_1_609' title='bbox 2766 3984 3049 4040; x_wconf 85' lang='lat' dir='ltr'><strong>naturalis</strong></span> <span class='ocrx_word' id='word_1_610' title='bbox 3103 3984 3204 4041; x_wconf 90' lang='lat' dir='ltr'><strong>illa</strong></span> <span class='ocrx_word' id='word_1_611' title='bbox 3260 3989 3365 4040; x_wconf 89' lang='lat' dir='ltr'><strong>tua</strong></span> <span class='ocrx_word' id='word_1_612' title='bbox 3397 3983 3665 4056; x_wconf 85' lang='lat' dir='ltr'><strong>pulchri-</strong></span> 
     </span>
    </p>
   </div>
   <div class='ocr_carea' id='block_1_90' title="bbox 2013 4073 3664 4146">
    <p class='ocr_par' dir='ltr' id='par_1_90' title="bbox 2013 4073 3664 4146">
     <span class='ocr_line' id='line_1_90' title="bbox 2013 4073 3664 4146; baseline -0.001 -17"><span class='ocrx_word' id='word_1_613' title='bbox 2013 4076 2157 4131; x_wconf 91' lang='lat' dir='ltr'><strong>tudo</strong></span> <span class='ocrx_word' id='word_1_614' title='bbox 2188 4078 2245 4130; x_wconf 91' lang='lat' dir='ltr'><strong>et</strong></span> <span class='ocrx_word' id='word_1_615' title='bbox 2276 4073 2473 4129; x_wconf 87' lang='lat' dir='ltr'><strong>vultus</strong></span> <span class='ocrx_word' id='word_1_616' title='bbox 2502 4073 2857 4129; x_wconf 88' lang='lat' dir='ltr'><strong>verecundia</strong></span> <span class='ocrx_word' id='word_1_617' title='bbox 2906 4079 2964 4129; x_wconf 89' lang='lat' dir='ltr'><strong>et</strong></span> <span class='ocrx_word' id='word_1_618' title='bbox 3007 4073 3158 4146; x_wconf 85' lang='lat' dir='ltr'><strong>frugi</strong></span> <span class='ocrx_word' id='word_1_619' title='bbox 3190 4074 3416 4146; x_wconf 88' lang='lat' dir='ltr'><strong>pridem</strong></span> <span class='ocrx_word' id='word_1_620' title='bbox 3449 4077 3507 4128; x_wconf 90' lang='lat' dir='ltr'><strong>et</strong></span> <span class='ocrx_word' id='word_1_621' title='bbox 3537 4088 3664 4128; x_wconf 80' lang='lat' dir='ltr'><strong>mo-</strong></span> 
     </span>
    </p>
   </div>
   <div class='ocr_carea' id='block_1_91' title="bbox 2016 4162 3667 4221">
    <p class='ocr_par' dir='ltr' id='par_1_91' title="bbox 2016 4162 3667 4221">
     <span class='ocr_line' id='line_1_91' title="bbox 2016 4162 3667 4221; baseline -0.001 -2"><span class='ocrx_word' id='word_1_622' title='bbox 2016 4165 2180 4220; x_wconf 87' lang='lat' dir='ltr'><strong>desla</strong></span> <span class='ocrx_word' id='word_1_623' title='bbox 2204 4165 2336 4221; x_wconf 64' lang='lat' dir='ltr'><strong>vitae</strong></span> <span class='ocrx_word' id='word_1_624' title='bbox 2368 4163 2537 4219; x_wconf 88' lang='lat' dir='ltr'><strong>ratio.</strong></span> <span class='ocrx_word' id='word_1_625' title='bbox 2581 4167 2746 4218; x_wconf 89' lang='lat' dir='ltr'><strong>Nunc</strong></span> <span class='ocrx_word' id='word_1_626' title='bbox 2780 4164 2956 4219; x_wconf 86' lang='lat' dir='ltr'><strong>facies</strong></span> <span class='ocrx_word' id='word_1_627' title='bbox 3005 4169 3109 4219; x_wconf 90' lang='lat' dir='ltr'><strong>tua</strong></span> <span class='ocrx_word' id='word_1_628' title='bbox 3139 4163 3273 4220; x_wconf 81' lang='lat' dir='ltr'><strong>luxu</strong></span> <span class='ocrx_word' id='word_1_629' title='bbox 3307 4168 3363 4219; x_wconf 91' lang='lat' dir='ltr'><strong>et</strong></span> <span class='ocrx_word' id='word_1_630' title='bbox 3394 4162 3544 4219; x_wconf 88' lang='lat' dir='ltr'><strong>fucis</strong></span> <span class='ocrx_word' id='word_1_631' title='bbox 3576 4167 3667 4219; x_wconf 90' lang='lat' dir='ltr'><strong>est</strong></span> 
     </span>
    </p>
   </div>
   <div class='ocr_carea' id='block_1_92' title="bbox 2015 4251 3671 4325">
    <p class='ocr_par' dir='ltr' id='par_1_92' title="bbox 2015 4251 3671 4325">
     <span class='ocr_line' id='line_1_92' title="bbox 2015 4251 3671 4325; baseline 0 -16"><span class='ocrx_word' id='word_1_632' title='bbox 2015 4257 2327 4325; x_wconf 89' lang='lat' dir='ltr'><strong>corrupta;</strong></span> <span class='ocrx_word' id='word_1_633' title='bbox 2360 4255 2429 4309; x_wconf 85' lang='lat' dir='ltr'><strong>ad</strong></span> <span class='ocrx_word' id='word_1_634' title='bbox 2466 4251 2706 4308; x_wconf 88' lang='lat' dir='ltr'><strong>delicias</strong></span> <span class='ocrx_word' id='word_1_635' title='bbox 2736 4252 3099 4319; x_wconf 84' lang='lat' dir='ltr'><strong>exorbitasli,</strong></span> <span class='ocrx_word' id='word_1_636' title='bbox 3150 4254 3221 4309; x_wconf 88' lang='lat' dir='ltr'><strong>ad</strong></span> <span class='ocrx_word' id='word_1_637' title='bbox 3256 4270 3444 4309; x_wconf 86' lang='lat' dir='ltr'><strong>mores</strong></span> <span class='ocrx_word' id='word_1_638' title='bbox 3476 4252 3671 4309; x_wconf 89' lang='lat' dir='ltr'><strong>disso-</strong></span> 
     </span>
    </p>
   </div>
   <div class='ocr_carea' id='block_1_93' title="bbox 2011 4340 3670 4413">
    <p class='ocr_par' dir='ltr' id='par_1_93' title="bbox 2011 4340 3670 4413">
     <span class='ocr_line' id='line_1_93' title="bbox 2011 4340 3670 4413; baseline -0.001 -17"><span class='ocrx_word' id='word_1_639' title='bbox 2011 4340 2167 4399; x_wconf 86' lang='lat' dir='ltr'><strong>lutos</strong></span> <span class='ocrx_word' id='word_1_640' title='bbox 2199 4342 2510 4397; x_wconf 83' lang='lat' dir='ltr'><strong>deﬂexisti.</strong></span> <span class='ocrx_word' id='word_1_641' title='bbox 2545 4346 2690 4396; x_wconf 89' lang='lat' dir='ltr'><strong>Nam</strong></span> <span class='ocrx_word' id='word_1_642' title='bbox 2723 4340 2820 4413; x_wconf 92' lang='lat' dir='ltr'><strong>qui</strong></span> <span class='ocrx_word' id='word_1_643' title='bbox 2854 4341 2964 4397; x_wconf 90' lang='lat' dir='ltr'><strong>tibi</strong></span> <span class='ocrx_word' id='word_1_644' title='bbox 2995 4341 3110 4396; x_wconf 92' lang='lat' dir='ltr'><strong>vim</strong></span> <span class='ocrx_word' id='word_1_645' title='bbox 3148 4342 3409 4398; x_wconf 87' lang='lat' dir='ltr'><strong>fecerunt</strong></span> <span class='ocrx_word' id='word_1_646' title='bbox 3434 4341 3670 4413; x_wconf 90' lang='lat' dir='ltr'><strong>pridem</strong></span> 
     </span>
    </p>
   </div>
   <div class='ocr_carea' id='block_1_94' title="bbox 2014 4428 3671 4498">
    <p class='ocr_par' dir='ltr' id='par_1_94' title="bbox 2014 4428 3671 4498">
     <span class='ocr_line' id='line_1_94' title="bbox 2014 4428 3671 4498; baseline -0.002 -11"><span class='ocrx_word' id='word_1_647' title='bbox 2014 4432 2159 4487; x_wconf 90' lang='lat' dir='ltr'><strong>citra</strong></span> <span class='ocrx_word' id='word_1_648' title='bbox 2191 4447 2395 4487; x_wconf 89' lang='lat' dir='ltr'><strong>curam</strong></span> <span class='ocrx_word' id='word_1_649' title='bbox 2427 4431 2717 4498; x_wconf 70' lang='lat' dir='ltr'><strong>formosa,</strong></span> <span class='ocrx_word' id='word_1_650' title='bbox 2748 4431 2910 4485; x_wconf 90' lang='lat' dir='ltr'><strong>vultu</strong></span> <span class='ocrx_word' id='word_1_651' title='bbox 2948 4430 3281 4486; x_wconf 89' lang='lat' dir='ltr'><strong>admirabili</strong></span> <span class='ocrx_word' id='word_1_652' title='bbox 3315 4435 3371 4486; x_wconf 88' lang='lat' dir='ltr'><strong>et</strong></span> <span class='ocrx_word' id='word_1_653' title='bbox 3422 4428 3671 4485; x_wconf 86' lang='lat' dir='ltr'><strong>amabili</strong></span> 
     </span>
    </p>
   </div>
   <div class='ocr_carea' id='block_1_95' title="bbox 2020 4518 3668 4593">
    <p class='ocr_par' dir='ltr' id='par_1_95' title="bbox 2020 4518 3668 4593">
     <span class='ocr_line' id='line_1_95' title="bbox 2020 4518 3668 4593; baseline -0.002 -18"><span class='ocrx_word' id='word_1_654' title='bbox 2020 4519 2295 4593; x_wconf 73' lang='lat' dir='ltr'><strong>praeditas,</strong></span> <span class='ocrx_word' id='word_1_655' title='bbox 2328 4520 2399 4575; x_wconf 88' lang='lat' dir='ltr'><strong>ad</strong></span> <span class='ocrx_word' id='word_1_656' title='bbox 2446 4518 2841 4575; x_wconf 87' lang='lat' dir='ltr'><strong>meretricium</strong></span> <span class='ocrx_word' id='word_1_657' title='bbox 2892 4518 3159 4574; x_wconf 89' lang='lat' dir='ltr'><strong>habitum</strong></span> <span class='ocrx_word' id='word_1_658' title='bbox 3209 4523 3265 4575; x_wconf 92' lang='lat' dir='ltr'><strong>te</strong></span> <span class='ocrx_word' id='word_1_659' title='bbox 3294 4519 3668 4589; x_wconf 90' lang='lat' dir='ltr'><strong>redegerunt.</strong></span> 
     </span>
    </p>
   </div>
   <div class='ocr_carea' id='block_1_96' title="bbox 254 4590 1926 4682">
    <p class='ocr_par' dir='ltr' id='par_1_96' title="bbox 254 4590 1906 4682">
     <span class='ocr_line' id='line_1_96' title="bbox 254 4590 1906 4682; baseline -0.004 -16"><span class='ocrx_word' id='word_1_660' title='bbox 254 4590 349 4673; x_wconf 78' lang='grc' dir='ltr'><strong>οὓς</strong></span> <span class='ocrx_word' id='word_1_661' title='bbox 396 4610 459 4664; x_wconf 83' lang='grc' dir='ltr'>τὸ</span> <span class='ocrx_word' id='word_1_662' title='bbox 522 4607 767 4682; x_wconf 87' lang='grc' dir='ltr'>μέγεθος,</span> <span class='ocrx_word' id='word_1_663' title='bbox 842 4590 1147 4682; x_wconf 75' lang='grc' dir='ltr'>εὐπρεποῦς</span> <span class='ocrx_word' id='word_1_664' title='bbox 1204 4607 1306 4676; x_wconf 81' lang='grc' dir='ltr'>τὴν</span> <span class='ocrx_word' id='word_1_665' title='bbox 1377 4604 1525 4680; x_wconf 77' lang='grc' dir='ltr'>ὄψιν,</span> <span class='ocrx_word' id='word_1_666' title='bbox 1602 4590 1906 4671; x_wconf 78' lang='grc' dir='ltr'>ἑαλωκυίας</span> 
     </span>
    </p>
   </div>
   <div class='ocr_carea' id='block_1_97' title="bbox 2017 4590 3671 4682">
    <p class='ocr_par' dir='ltr' id='par_1_97' title="bbox 2017 4590 3671 4677">
     <span class='ocr_line' id='line_1_97' title="bbox 2017 4590 3671 4677; baseline -0.001 -14"><span class='ocrx_word' id='word_1_667' title='bbox 2017 4590 2256 4672; x_wconf 69' lang='lat' dir='ltr'><strong>Quando</strong></span> <span class='ocrx_word' id='word_1_668' title='bbox 2288 4607 2462 4663; x_wconf 89' lang='lat' dir='ltr'><strong>istam</strong></span> <span class='ocrx_word' id='word_1_669' title='bbox 2498 4607 2815 4663; x_wconf 90' lang='lat' dir='ltr'><strong>deformem</strong></span> <span class='ocrx_word' id='word_1_670' title='bbox 2869 4607 3119 4663; x_wconf 88' lang='lat' dir='ltr'><strong>formam</strong></span> <span class='ocrx_word' id='word_1_671' title='bbox 3172 4622 3347 4662; x_wconf 82' lang='lat' dir='ltr'><strong>exues</strong></span> <span class='ocrx_word' id='word_1_672' title='bbox 3369 4606 3397 4661; x_wconf 68' lang='grc' dir='ltr'>Τ</span> <span class='ocrx_word' id='word_1_673' title='bbox 3425 4606 3671 4677; x_wconf 88' lang='lat' dir='ltr'><strong>quando</strong></span> 
     </span>
    </p>
   </div>
   <div class='ocr_carea' id='block_1_98' title="bbox 262 4690 1926 4772">
    <p class='ocr_par' dir='ltr' id='par_1_98' title="bbox 262 4690 1903 4772">
     <span class='ocr_line' id='line_1_98' title="bbox 262 4690 1903 4772; baseline -0.002 -19"><span class='ocrx_word' id='word_1_674' title='bbox 262 4699 448 4771; x_wconf 82' lang='grc' dir='ltr'>μέντοι</span> <span class='ocrx_word' id='word_1_675' title='bbox 509 4696 696 4772; x_wconf 86' lang='grc' dir='ltr'>χερσὶν</span> <span class='ocrx_word' id='word_1_676' title='bbox 753 4694 989 4770; x_wconf 81' lang='grc' dir='ltr'>ἐραστῶν</span> <span class='ocrx_word' id='word_1_677' title='bbox 1047 4691 1303 4763; x_wconf 81' lang='grc' dir='ltr'>ἀναιδῶν,</span> <span class='ocrx_word' id='word_1_678' title='bbox 1367 4690 1506 4768; x_wconf 73' lang='grc' dir='ltr'>μηδὲ</span> <span class='ocrx_word' id='word_1_679' title='bbox 1578 4694 1903 4768; x_wconf 83' lang='grc' dir='ltr'>τιμωμένων</span> 
     </span>
    </p>
   </div>
   <div class='ocr_carea' id='block_1_99' title="bbox 2017 4690 3674 4772">
    <p class='ocr_par' dir='ltr' id='par_1_99' title="bbox 2017 4693 3674 4769">
     <span class='ocr_line' id='line_1_99' title="bbox 2017 4693 3674 4769; baseline -0.002 -16"><span class='ocrx_word' id='word_1_680' title='bbox 2017 4697 2362 4753; x_wconf 88' lang='lat' dir='ltr'><strong>accersitum</strong></span> <span class='ocrx_word' id='word_1_681' title='bbox 2396 4702 2700 4768; x_wconf 87' lang='lat' dir='ltr'><strong>aspectum</strong></span> <span class='ocrx_word' id='word_1_682' title='bbox 2722 4701 2778 4752; x_wconf 90' lang='lat' dir='ltr'><strong>et</strong></span> <span class='ocrx_word' id='word_1_683' title='bbox 2798 4712 3065 4769; x_wconf 89' lang='lat' dir='ltr'><strong>gressum</strong></span> <span class='ocrx_word' id='word_1_684' title='bbox 3101 4696 3358 4752; x_wconf 88' lang='lat' dir='ltr'><strong>mutabis</strong></span> <span class='ocrx_word' id='word_1_685' title='bbox 3381 4695 3410 4751; x_wconf 71' lang='grc' dir='ltr'>τ</span> <span class='ocrx_word' id='word_1_686' title='bbox 3439 4693 3617 4766; x_wconf 85' lang='lat' dir='ltr'><strong>quite</strong></span> <span class='ocrx_word' id='word_1_687' title='bbox 3639 4709 3674 4750; x_wconf 80' lang='grc' dir='ltr'>ιι</span> 
     </span>
    </p>
   </div>
   <div class='ocr_carea' id='block_1_100' title="bbox 257 4780 1926 4863">
    <p class='ocr_par' dir='ltr' id='par_1_100' title="bbox 257 4780 1906 4862">
     <span class='ocr_line' id='line_1_100' title="bbox 257 4780 1906 4862; baseline -0.001 -21"><span class='ocrx_word' id='word_1_688' title='bbox 257 4782 472 4843; x_wconf 75' lang='grc' dir='ltr'>ὀϐολοῦ</span> <span class='ocrx_word' id='word_1_689' title='bbox 503 4786 630 4860; x_wconf 88' lang='grc' dir='ltr'>παρ’</span> <span class='ocrx_word' id='word_1_690' title='bbox 660 4783 974 4862; x_wconf 79' lang='grc' dir='ltr'>ἐχέφροσιν,</span> <span class='ocrx_word' id='word_1_691' title='bbox 1009 4780 1133 4839; x_wconf 76' lang='grc' dir='ltr'>οὕτε</span> <span class='ocrx_word' id='word_1_692' title='bbox 1196 4784 1301 4857; x_wconf 81' lang='grc' dir='ltr'>μὴν</span> <span class='ocrx_word' id='word_1_693' title='bbox 1344 4782 1580 4858; x_wconf 84' lang='grc' dir='ltr'>ἐχόντων</span> <span class='ocrx_word' id='word_1_694' title='bbox 1638 4784 1700 4838; x_wconf 87' lang='grc' dir='ltr'>τὸ</span> <span class='ocrx_word' id='word_1_695' title='bbox 1738 4804 1906 4861; x_wconf 87' lang='grc' dir='ltr'>μεγα-</span> 
     </span>
    </p>
   </div>
   <div class='ocr_carea' id='block_1_101' title="bbox 2017 4780 3669 4863">
    <p class='ocr_par' dir='ltr' id='par_1_101' title="bbox 2017 4785 3669 4863">
     <span class='ocr_line' id='line_1_101' title="bbox 2017 4785 3669 4863; baseline -0.004 -17"><span class='ocrx_word' id='word_1_696' title='bbox 2017 4789 2328 4863; x_wconf 80' lang='lat' dir='ltr'><strong>tyrannicis</strong></span> <span class='ocrx_word' id='word_1_697' title='bbox 2360 4788 2487 4845; x_wconf 89' lang='lat' dir='ltr'><strong>istis</strong></span> <span class='ocrx_word' id='word_1_698' title='bbox 2518 4789 2887 4861; x_wconf 79' lang='lat' dir='ltr'><strong>amplexibus</strong></span> <span class='ocrx_word' id='word_1_699' title='bbox 2936 4805 3040 4862; x_wconf 91' lang='lat' dir='ltr'><strong>per</strong></span> <span class='ocrx_word' id='word_1_700' title='bbox 3068 4789 3186 4844; x_wconf 93' lang='lat' dir='ltr'><strong>vim</strong></span> <span class='ocrx_word' id='word_1_701' title='bbox 3236 4785 3581 4856; x_wconf 87' lang='lat' dir='ltr'><strong>vindicabit,</strong></span> <span class='ocrx_word' id='word_1_702' title='bbox 3606 4788 3669 4842; x_wconf 88' lang='lat' dir='ltr'><strong>et</strong></span> 
     </span>
    </p>
   </div>
   <div class='ocr_carea' id='block_1_102' title="bbox 256 4866 1926 4951">
    <p class='ocr_par' dir='ltr' id='par_1_102' title="bbox 256 4866 1908 4951">
     <span class='ocr_line' id='line_1_102' title="bbox 256 4866 1908 4951; baseline -0.001 -21"><span class='ocrx_word' id='word_1_703' title='bbox 256 4873 532 4951; x_wconf 79' lang='grc' dir='ltr'>λοπρεπὶς</span> <span class='ocrx_word' id='word_1_704' title='bbox 593 4875 764 4943; x_wconf 74' lang='grc' dir='ltr'>αὐτῆς</span> <span class='ocrx_word' id='word_1_705' title='bbox 820 4870 1075 4941; x_wconf 82' lang='grc' dir='ltr'>συνιδεῖν,</span> <span class='ocrx_word' id='word_1_706' title='bbox 1157 4869 1285 4944; x_wconf 85' lang='grc' dir='ltr'>μηδ’</span> <span class='ocrx_word' id='word_1_707' title='bbox 1368 4866 1785 4945; x_wconf 76' lang='grc' dir='ltr'>εὒλαϐουμένων</span> <span class='ocrx_word' id='word_1_708' title='bbox 1843 4874 1908 4928; x_wconf 76' lang='grc' dir='ltr'>τὸ</span> 
     </span>
    </p>
   </div>
   <div class='ocr_carea' id='block_1_103' title="bbox 2017 4866 3674 4951">
    <p class='ocr_par' dir='ltr' id='par_1_103' title="bbox 2020 4873 3674 4934">
     <span class='ocr_line' id='line_1_103' title="bbox 2020 4873 3674 4934; baseline -0.002 0"><span class='ocrx_word' id='word_1_709' title='bbox 2020 4878 2093 4934; x_wconf 90' lang='lat' dir='ltr'><strong>ad</strong></span> <span class='ocrx_word' id='word_1_710' title='bbox 2105 4883 2357 4933; x_wconf 81' lang='lat' dir='ltr'><strong>veterem</strong></span> <span class='ocrx_word' id='word_1_711' title='bbox 2382 4878 2720 4933; x_wconf 81' lang='lat' dir='ltr'><strong>castimonia</strong></span> <span class='ocrx_word' id='word_1_712' title='bbox 2732 4893 2786 4932; x_wconf 81' lang='lat' dir='ltr'><strong>ill</strong></span> <span class='ocrx_word' id='word_1_713' title='bbox 2800 4882 2858 4933; x_wconf 89' lang='lat' dir='ltr'><strong>et</strong></span> <span class='ocrx_word' id='word_1_714' title='bbox 2874 4877 3198 4933; x_wconf 89' lang='lat' dir='ltr'><strong>libertatem</strong></span> <span class='ocrx_word' id='word_1_715' title='bbox 3220 4874 3507 4934; x_wconf 83' lang='lat' dir='ltr'><strong>reducet?</strong></span> <span class='ocrx_word' id='word_1_716' title='bbox 3523 4873 3674 4931; x_wconf 88' lang='lat' dir='ltr'><strong>Nam</strong></span> 
     </span>
    </p>
   </div>
   <div class='ocr_carea' id='block_1_104' title="bbox 262 4959 1926 5039">
    <p class='ocr_par' dir='ltr' id='par_1_104' title="bbox 262 4959 1910 5038">
     <span class='ocr_line' id='line_1_104' title="bbox 263 4959 1742 4987; baseline -0.005 0"><span class='ocrx_word' id='word_1_717' title='bbox 263 4965 277 4987; x_wconf 57' lang='grc' dir='ltr'>ε</span> <span class='ocrx_word' id='word_1_718' title='bbox 550 4961 594 4984; x_wconf 51' lang='grc' dir='ltr'><strong>λ’</strong></span> <span class='ocrx_word' id='word_1_719' title='bbox 639 4963 653 4986; x_wconf 63' lang='grc' dir='ltr'>τ</span> <span class='ocrx_word' id='word_1_720' title='bbox 997 4963 1007 4981; x_wconf 67' lang='grc' dir='ltr'>ν</span> <span class='ocrx_word' id='word_1_721' title='bbox 1190 4962 1202 4979; x_wconf 73' lang='lat'><strong><em>\</em></strong></span> <span class='ocrx_word' id='word_1_722' title='bbox 1280 4960 1293 4982; x_wconf 73' lang='lat'>’</span> <span class='ocrx_word' id='word_1_723' title='bbox 1509 4961 1523 4980; x_wconf 68' lang='grc' dir='ltr'><strong><em>Ἰ</em></strong></span> <span class='ocrx_word' id='word_1_724' title='bbox 1719 4959 1742 4979; x_wconf 53' lang='grc' dir='ltr'><strong>κ</strong></span> 
     </span>
     <span class='ocr_line' id='line_1_105' title="bbox 262 4960 1910 5038; baseline -0.001 -20"><span class='ocrx_word' id='word_1_725' title='bbox 262 4965 422 5036; x_wconf 74' lang='grc' dir='ltr'>ύψος,</span> <span class='ocrx_word' id='word_1_726' title='bbox 466 4984 574 5036; x_wconf 87' lang='grc' dir='ltr'><strong>μηο</strong></span> <span class='ocrx_word' id='word_1_727' title='bbox 634 4961 1122 5035; x_wconf 79' lang='grc' dir='ltr'>υποστελλομενων</span> <span class='ocrx_word' id='word_1_728' title='bbox 1150 4982 1213 5016; x_wconf 88' lang='grc' dir='ltr'><strong>το</strong></span> <span class='ocrx_word' id='word_1_729' title='bbox 1245 4961 1474 5038; x_wconf 74' lang='grc' dir='ltr'>ευγενὶς,</span> <span class='ocrx_word' id='word_1_730' title='bbox 1506 4960 1677 5017; x_wconf 85' lang='grc' dir='ltr'>ενίοτε</span> <span class='ocrx_word' id='word_1_731' title='bbox 1715 4964 1773 5017; x_wconf 77' lang='grc' dir='ltr'>οὲ</span> <span class='ocrx_word' id='word_1_732' title='bbox 1818 4963 1910 5017; x_wconf 77' lang='grc' dir='ltr'><strong>καὶ</strong></span> 
     </span>
    </p>
   </div>
   <div class='ocr_carea' id='block_1_105' title="bbox 2017 4959 3675 5039">
    <p class='ocr_par' dir='ltr' id='par_1_105' title="bbox 2021 4963 3675 5039">
     <span class='ocr_line' id='line_1_106' title="bbox 2021 4963 3675 5039; baseline 0.002 -17"><span class='ocrx_word' id='word_1_733' title='bbox 2021 4983 2176 5022; x_wconf 89' lang='lat' dir='ltr'><strong>nunc</strong></span> <span class='ocrx_word' id='word_1_734' title='bbox 2208 4966 2448 5039; x_wconf 82' lang='lat' dir='ltr'><strong>quidem</strong></span> <span class='ocrx_word' id='word_1_735' title='bbox 2478 4983 2685 5038; x_wconf 89' lang='lat' dir='ltr'><strong>parum</strong></span> <span class='ocrx_word' id='word_1_736' title='bbox 2710 4968 2876 5023; x_wconf 87' lang='lat' dir='ltr'><strong>abest</strong></span> <span class='ocrx_word' id='word_1_737' title='bbox 2900 4967 3044 5038; x_wconf 88' lang='lat' dir='ltr'><strong>quin</strong></span> <span class='ocrx_word' id='word_1_738' title='bbox 3079 4971 3133 5023; x_wconf 90' lang='lat' dir='ltr'><strong>te</strong></span> <span class='ocrx_word' id='word_1_739' title='bbox 3157 4967 3453 5023; x_wconf 87' lang='lat' dir='ltr'><strong>rideamus</strong></span> <span class='ocrx_word' id='word_1_740' title='bbox 3477 4963 3675 5038; x_wconf 83' lang='lat' dir='ltr'><strong>potiul</strong></span> 
     </span>
    </p>
   </div>
   <div class='ocr_carea' id='block_1_106' title="bbox 265 5048 1926 5128">
    <p class='ocr_par' dir='ltr' id='par_1_106' title="bbox 265 5048 1911 5128">
     <span class='ocr_line' id='line_1_107' title="bbox 265 5048 1911 5128; baseline 0 -21"><span class='ocrx_word' id='word_1_741' title='bbox 265 5053 407 5127; x_wconf 89' lang='grc' dir='ltr'>πρὸς</span> <span class='ocrx_word' id='word_1_742' title='bbox 440 5048 589 5127; x_wconf 73' lang='grc' dir='ltr'>ὓϐριν</span> <span class='ocrx_word' id='word_1_743' title='bbox 613 5050 1012 5126; x_wconf 84' lang='grc' dir='ltr'>περιελκόντων</span> <span class='ocrx_word' id='word_1_744' title='bbox 1072 5051 1161 5107; x_wconf 84' lang='grc' dir='ltr'><strong>καὶ</strong></span> <span class='ocrx_word' id='word_1_745' title='bbox 1211 5050 1286 5113; x_wconf 80' lang='grc' dir='ltr'>εἷς</span> <span class='ocrx_word' id='word_1_746' title='bbox 1341 5051 1530 5121; x_wconf 86' lang='grc' dir='ltr'>κοίτην</span> <span class='ocrx_word' id='word_1_747' title='bbox 1592 5052 1911 5128; x_wconf 82' lang='grc' dir='ltr'>ἁπαγόντων</span> 
     </span>
    </p>
   </div>
   <div class='ocr_carea' id='block_1_107' title="bbox 2017 5048 3676 5128">
    <p class='ocr_par' dir='ltr' id='par_1_107' title="bbox 2023 5053 3676 5126">
     <span class='ocr_line' id='line_1_108' title="bbox 2023 5053 3676 5126; baseline 0.001 -17"><span class='ocrx_word' id='word_1_748' title='bbox 2023 5072 2200 5126; x_wconf 90' lang='lat' dir='ltr'><strong>quam</strong></span> <span class='ocrx_word' id='word_1_749' title='bbox 2228 5056 2804 5124; x_wconf 89' lang='lat' dir='ltr'><strong>miseremur,eorum</strong></span> <span class='ocrx_word' id='word_1_750' title='bbox 2831 5060 3089 5112; x_wconf 87' lang='lat' dir='ltr'><strong>utentem</strong></span> <span class='ocrx_word' id='word_1_751' title='bbox 3120 5054 3543 5113; x_wconf 89' lang='lat' dir='ltr'><strong>consuetudine</strong></span> <span class='ocrx_word' id='word_1_752' title='bbox 3572 5053 3676 5125; x_wconf 88' lang='lat' dir='ltr'><strong>qui</strong></span> 
     </span>
    </p>
   </div>
   <div class='ocr_carea' id='block_1_108' title="bbox 267 5138 1926 5215">
    <p class='ocr_par' dir='ltr' id='par_1_108' title="bbox 267 5138 1910 5215">
     <span class='ocr_line' id='line_1_109' title="bbox 267 5138 1910 5215; baseline -0.001 -19"><span class='ocrx_word' id='word_1_753' title='bbox 267 5140 545 5215; x_wconf 75' lang='grc' dir='ltr'>ἀθέμιτον.</span> <span class='ocrx_word' id='word_1_754' title='bbox 639 5140 717 5199; x_wconf 74' lang='lat' dir='ltr'><strong>Ai’</strong></span> <span class='ocrx_word' id='word_1_755' title='bbox 785 5144 883 5209; x_wconf 78' lang='grc' dir='ltr'>τῆς</span> <span class='ocrx_word' id='word_1_756' title='bbox 950 5138 1396 5215; x_wconf 78' lang='grc' dir='ltr'>αἰσχρουργίαςῐ</span> <span class='ocrx_word' id='word_1_757' title='bbox 1455 5140 1564 5196; x_wconf 83' lang='grc' dir='ltr'><strong>Οἷα</strong></span> <span class='ocrx_word' id='word_1_758' title='bbox 1612 5139 1910 5208; x_wconf 81' lang='grc' dir='ltr'>πέπονθας,</span> 
     </span>
    </p>
   </div>
   <div class='ocr_carea' id='block_1_109' title="bbox 2017 5138 3681 5215">
    <p class='ocr_par' dir='ltr' id='par_1_109' title="bbox 2023 5144 3681 5215">
     <span class='ocr_line' id='line_1_110' title="bbox 2023 5144 3681 5215; baseline 0 -17"><span class='ocrx_word' id='word_1_759' title='bbox 2023 5145 2325 5210; x_wconf 89' lang='lat' dir='ltr'><strong>dedecent;</strong></span> <span class='ocrx_word' id='word_1_760' title='bbox 2348 5144 2591 5212; x_wconf 85' lang='lat' dir='ltr'><strong>atqueid</strong></span> <span class='ocrx_word' id='word_1_761' title='bbox 2626 5145 3000 5215; x_wconf 83' lang='lat' dir='ltr'><strong>approbrium</strong></span> <span class='ocrx_word' id='word_1_762' title='bbox 3030 5145 3681 5215; x_wconf 88' lang='lat' dir='ltr'><strong>intuentes,vereamur</strong></span> 
     </span>
    </p>
   </div>
   <div class='ocr_carea' id='block_1_110' title="bbox 265 5227 1926 5305">
    <p class='ocr_par' dir='ltr' id='par_1_110' title="bbox 265 5227 1914 5305">
     <span class='ocr_line' id='line_1_111' title="bbox 265 5227 1914 5305; baseline 0 -21"><span class='ocrx_word' id='word_1_763' title='bbox 265 5232 360 5285; x_wconf 82' lang='grc' dir='ltr'><strong>οἷα</strong></span> <span class='ocrx_word' id='word_1_764' title='bbox 390 5230 635 5287; x_wconf 78' lang='grc' dir='ltr'>τεθέασαι</span> <span class='ocrx_word' id='word_1_765' title='bbox 671 5232 683 5287; x_wconf 80' lang='grc' dir='ltr'><strong>ί</strong></span> <span class='ocrx_word' id='word_1_766' title='bbox 714 5231 865 5291; x_wconf 82' lang='grc' dir='ltr'>Ὀκις</span> <span class='ocrx_word' id='word_1_767' title='bbox 904 5230 1112 5303; x_wconf 83' lang='grc' dir='ltr'>πόρνης</span> <span class='ocrx_word' id='word_1_768' title='bbox 1168 5227 1373 5305; x_wconf 87' lang='grc' dir='ltr'>ἐγένετό</span> <span class='ocrx_word' id='word_1_769' title='bbox 1432 5249 1517 5283; x_wconf 93' lang='grc' dir='ltr'>σοι</span> <span class='ocrx_word' id='word_1_770' title='bbox 1576 5236 1686 5304; x_wconf 82' lang='grc' dir='ltr'><strong>χρῆ</strong></span> <span class='ocrx_word' id='word_1_771' title='bbox 1701 5250 1772 5302; x_wconf 88' lang='grc' dir='ltr'><strong>μα</strong></span> <span class='ocrx_word' id='word_1_772' title='bbox 1816 5251 1914 5285; x_wconf 86' lang='grc' dir='ltr'>πε-</span> 
     </span>
    </p>
   </div>
   <div class='ocr_carea' id='block_1_111' title="bbox 2017 5227 3473 5305">
    <p class='ocr_par' dir='ltr' id='par_1_111' title="bbox 2024 5232 3473 5303">
     <span class='ocr_line' id='line_1_112' title="bbox 2024 5232 3473 5303; baseline 0.001 -16"><span class='ocrx_word' id='word_1_773' title='bbox 2024 5249 2096 5288; x_wconf 89' lang='lat' dir='ltr'><strong>ne</strong></span> <span class='ocrx_word' id='word_1_774' title='bbox 2127 5248 2369 5303; x_wconf 89' lang='lat' dir='ltr'><strong>prorsus</strong></span> <span class='ocrx_word' id='word_1_775' title='bbox 2401 5232 2650 5287; x_wconf 73' lang='lat' dir='ltr'><strong>delc-aris</strong></span> <span class='ocrx_word' id='word_1_776' title='bbox 2679 5238 2735 5288; x_wconf 88' lang='lat' dir='ltr'><strong>et</strong></span> <span class='ocrx_word' id='word_1_777' title='bbox 2764 5234 2833 5288; x_wconf 88' lang='lat' dir='ltr'><strong>ad</strong></span> <span class='ocrx_word' id='word_1_778' title='bbox 2861 5242 3180 5290; x_wconf 83' lang='lat' dir='ltr'><strong>extremum</strong></span> <span class='ocrx_word' id='word_1_779' title='bbox 3212 5249 3473 5290; x_wconf 88' lang='lat' dir='ltr'><strong>corruas.</strong></span> 
     </span>
    </p>
   </div>
   <div class='ocr_carea' id='block_1_112' title="bbox 267 5315 3683 5400">
    <p class='ocr_par' dir='ltr' id='par_1_112' title="bbox 267 5315 3683 5400">
     <span class='ocr_line' id='line_1_113' title="bbox 267 5315 3683 5400; baseline 0.001 -24"><span class='ocrx_word' id='word_1_780' title='bbox 267 5321 530 5394; x_wconf 85' lang='grc' dir='ltr'>ρίπυστον</span> <span class='ocrx_word' id='word_1_781' title='bbox 592 5323 683 5394; x_wconf 86' lang='grc' dir='ltr'><strong>[Ρ.</strong></span> <span class='ocrx_word' id='word_1_782' title='bbox 753 5322 878 5392; x_wconf 84' lang='grc'><strong>323]</strong></span> <span class='ocrx_word' id='word_1_783' title='bbox 954 5319 1041 5373; x_wconf 77' lang='grc' dir='ltr'><strong>καὶ</strong></span> <span class='ocrx_word' id='word_1_784' title='bbox 1108 5322 1337 5393; x_wconf 75' lang='grc' dir='ltr'>πρᾶγμα</span> <span class='ocrx_word' id='word_1_785' title='bbox 1412 5315 1713 5391; x_wconf 81' lang='grc' dir='ltr'>περίδοξον.</span> <span class='ocrx_word' id='word_1_786' title='bbox 1814 5321 1917 5376; x_wconf 86' lang='grc' dir='ltr'>Καὶ</span> <span class='ocrx_word' id='word_1_787' title='bbox 1948 5318 2183 5400; x_wconf 72' lang='grc' dir='ltr'>φροῦδον</span> <span class='ocrx_word' id='word_1_788' title='bbox 2262 5320 2357 5391; x_wconf 76' lang='grc' dir='ltr'><strong>μὶν</strong></span> <span class='ocrx_word' id='word_1_789' title='bbox 2390 5341 2476 5375; x_wconf 91' lang='grc' dir='ltr'><strong>σοι</strong></span> <span class='ocrx_word' id='word_1_790' title='bbox 2522 5320 2585 5375; x_wconf 88' lang='grc' dir='ltr'>τὸ</span> <span class='ocrx_word' id='word_1_791' title='bbox 2635 5320 2924 5396; x_wconf 78' lang='grc' dir='ltr'>ἀπέριττον</span> <span class='ocrx_word' id='word_1_792' title='bbox 2965 5320 3136 5377; x_wconf 83' lang='grc' dir='ltr'>ἐκεῖνν</span> <span class='ocrx_word' id='word_1_793' title='bbox 3212 5321 3424 5385; x_wconf 84' lang='grc' dir='ltr'>κάλλος</span> <span class='ocrx_word' id='word_1_794' title='bbox 3455 5322 3546 5377; x_wconf 84' lang='grc' dir='ltr'><strong>καὶ</strong></span> <span class='ocrx_word' id='word_1_795' title='bbox 3618 5321 3683 5378; x_wconf 79' lang='grc' dir='ltr'>τὸ</span> 
     </span>
    </p>
   </div>
   <div class='ocr_carea' id='block_1_113' title="bbox 260 5406 3684 5489">
    <p class='ocr_par' dir='ltr' id='par_1_113' title="bbox 260 5406 3684 5489">
     <span class='ocr_line' id='line_1_114' title="bbox 260 5406 3684 5489; baseline 0 -23"><span class='ocrx_word' id='word_1_796' title='bbox 260 5409 357 5466; x_wconf 70' lang='grc' dir='ltr'>τοῦ</span> <span class='ocrx_word' id='word_1_797' title='bbox 432 5410 734 5487; x_wconf 82' lang='grc' dir='ltr'>προσώπου</span> <span class='ocrx_word' id='word_1_798' title='bbox 765 5406 1007 5480; x_wconf 82' lang='grc' dir='ltr'>αἷδῆμον</span> <span class='ocrx_word' id='word_1_799' title='bbox 1080 5407 1168 5463; x_wconf 78' lang='grc' dir='ltr'><strong>καὶ</strong></span> <span class='ocrx_word' id='word_1_800' title='bbox 1210 5409 1244 5476; x_wconf 77' lang='grc' dir='ltr'>ἡ</span> <span class='ocrx_word' id='word_1_801' title='bbox 1289 5407 1520 5481; x_wconf 78' lang='grc' dir='ltr'>σώφρων</span> <span class='ocrx_word' id='word_1_802' title='bbox 1597 5408 1684 5463; x_wconf 83' lang='grc' dir='ltr'><strong>καὶ</strong></span> <span class='ocrx_word' id='word_1_803' title='bbox 1762 5408 2000 5484; x_wconf 87' lang='grc' dir='ltr'>προτέρα</span> <span class='ocrx_word' id='word_1_804' title='bbox 2073 5409 2336 5482; x_wconf 75' lang='grc' dir='ltr'>ἐγκρατής</span> <span class='ocrx_word' id='word_1_805' title='bbox 2410 5406 2612 5479; x_wconf 84' lang='grc' dir='ltr'>δίαιτα,</span> <span class='ocrx_word' id='word_1_806' title='bbox 2656 5411 2939 5487; x_wconf 84' lang='grc' dir='ltr'>περίεργον</span> <span class='ocrx_word' id='word_1_807' title='bbox 3015 5409 3072 5467; x_wconf 72' lang='grc' dir='ltr'>δὶ</span> <span class='ocrx_word' id='word_1_808' title='bbox 3145 5412 3237 5467; x_wconf 87' lang='grc' dir='ltr'><strong>καὶ</strong></span> <span class='ocrx_word' id='word_1_809' title='bbox 3315 5411 3684 5489; x_wconf 72' lang='grc' dir='ltr'>μετεγγραφὶν</span> 
     </span>
    </p>
   </div>
   <div class='ocr_carea' id='block_1_114' title="bbox 268 5495 3687 5577">
    <p class='ocr_par' dir='ltr' id='par_1_114' title="bbox 268 5495 3687 5577">
     <span class='ocr_line' id='line_1_115' title="bbox 268 5495 3687 5577; baseline 0 -24"><span class='ocrx_word' id='word_1_810' title='bbox 268 5499 542 5576; x_wconf 74' lang='grc' dir='ltr'>ἐντρίψεσι</span> <span class='ocrx_word' id='word_1_811' title='bbox 594 5499 686 5554; x_wconf 85' lang='grc' dir='ltr'><strong>καὶ</strong></span> <span class='ocrx_word' id='word_1_812' title='bbox 765 5497 1076 5577; x_wconf 75' lang='grc' dir='ltr'>φαρμάκοις</span> <span class='ocrx_word' id='word_1_813' title='bbox 1122 5498 1185 5552; x_wconf 87' lang='grc' dir='ltr'>τὸ</span> <span class='ocrx_word' id='word_1_814' title='bbox 1234 5496 1323 5550; x_wconf 84' lang='grc' dir='ltr'><strong>σὸν</strong></span> <span class='ocrx_word' id='word_1_815' title='bbox 1399 5495 1716 5571; x_wconf 88' lang='grc' dir='ltr'>πρόσωπον,</span> <span class='ocrx_word' id='word_1_816' title='bbox 1770 5497 1860 5552; x_wconf 84' lang='grc' dir='ltr'><strong>καὶ</strong></span> <span class='ocrx_word' id='word_1_817' title='bbox 1936 5495 2271 5554; x_wconf 82' lang='grc' dir='ltr'>διεσκεύασαι</span> <span class='ocrx_word' id='word_1_818' title='bbox 2332 5499 2470 5574; x_wconf 82' lang='grc' dir='ltr'>πρὸς</span> <span class='ocrx_word' id='word_1_819' title='bbox 2534 5499 2742 5574; x_wconf 72' lang='grc' dir='ltr'>τρυφὴν</span> <span class='ocrx_word' id='word_1_820' title='bbox 2818 5501 2907 5555; x_wconf 78' lang='grc' dir='ltr'><strong>καὶ</strong></span> <span class='ocrx_word' id='word_1_821' title='bbox 2986 5501 3123 5574; x_wconf 86' lang='grc' dir='ltr'>πρὸς</span> <span class='ocrx_word' id='word_1_822' title='bbox 3175 5502 3315 5571; x_wconf 80' lang='grc' dir='ltr'>ἦθος</span> <span class='ocrx_word' id='word_1_823' title='bbox 3392 5497 3687 5554; x_wconf 79' lang='grc' dir='ltr'>ἀκόλαστοι</span> 
     </span>
    </p>
   </div>
   <div class='ocr_carea' id='block_1_115' title="bbox 278 5580 3692 5667">
    <p class='ocr_par' dir='ltr' id='par_1_115' title="bbox 278 5580 3692 5667">
     <span class='ocr_line' id='line_1_116' title="bbox 278 5580 3692 5667; baseline -0.005 -21"><span class='ocrx_word' id='word_1_824' title='bbox 278 5591 718 5666; x_wconf 66' lang='grc' dir='ltr'>μετερρύθμισαι-</span> <span class='ocrx_word' id='word_1_825' title='bbox 799 5588 851 5643; x_wconf 79' lang='lat' dir='ltr'><strong>oi</strong></span> <span class='ocrx_word' id='word_1_826' title='bbox 922 5587 1028 5663; x_wconf 80' lang='grc' dir='ltr'>γὰρ</span> <span class='ocrx_word' id='word_1_827' title='bbox 1081 5606 1139 5640; x_wconf 88' lang='grc' dir='ltr'><strong>σε</strong></span> <span class='ocrx_word' id='word_1_828' title='bbox 1212 5580 1534 5658; x_wconf 78' lang='grc' dir='ltr'>ϐιασάμενοι</span> <span class='ocrx_word' id='word_1_829' title='bbox 1592 5587 1692 5656; x_wconf 76' lang='grc' dir='ltr'>τήν</span> <span class='ocrx_word' id='word_1_830' title='bbox 1766 5588 1960 5662; x_wconf 82' lang='grc' dir='ltr'>πρώην</span> <span class='ocrx_word' id='word_1_831' title='bbox 2020 5587 2354 5662; x_wconf 74' lang='grc' dir='ltr'>ἀπεριέργως</span> <span class='ocrx_word' id='word_1_832' title='bbox 2411 5587 2588 5658; x_wconf 74' lang='grc' dir='ltr'>καλὴν</span> <span class='ocrx_word' id='word_1_833' title='bbox 2646 5594 2738 5643; x_wconf 73' lang='grc' dir='ltr'>καὶ</span> <span class='ocrx_word' id='word_1_834' title='bbox 2815 5592 2878 5647; x_wconf 80' lang='grc' dir='ltr'>τὸ</span> <span class='ocrx_word' id='word_1_835' title='bbox 2932 5589 3076 5654; x_wconf 78' lang='grc' dir='ltr'>εἶδος</span> <span class='ocrx_word' id='word_1_836' title='bbox 3128 5590 3362 5667; x_wconf 67' lang='grc' dir='ltr'><strong>ἀγαστὴν</strong></span> <span class='ocrx_word' id='word_1_837' title='bbox 3417 5589 3506 5643; x_wconf 75' lang='grc' dir='ltr'><strong>καὶ</strong></span> <span class='ocrx_word' id='word_1_838' title='bbox 3563 5584 3692 5642; x_wconf 65' lang='grc' dir='ltr'>ἐπι..</span> 
     </span>
    </p>
   </div>
   <div class='ocr_carea' id='block_1_116' title="bbox 270 5672 3684 5761">
    <p class='ocr_par' dir='ltr' id='par_1_116' title="bbox 270 5672 3684 5761">
     <span class='ocr_line' id='line_1_117' title="bbox 270 5672 3684 5761; baseline -0.002 -28"><span class='ocrx_word' id='word_1_839' title='bbox 270 5697 461 5755; x_wconf 86' lang='grc' dir='ltr'>ραστον</span> <span class='ocrx_word' id='word_1_840' title='bbox 522 5679 663 5755; x_wconf 88' lang='grc' dir='ltr'>πρὸς</span> <span class='ocrx_word' id='word_1_841' title='bbox 722 5678 785 5733; x_wconf 87' lang='grc' dir='ltr'>τὸ</span> <span class='ocrx_word' id='word_1_842' title='bbox 850 5677 1117 5752; x_wconf 69' lang='grc' dir='ltr'>ἑταιρικὸν</span> <span class='ocrx_word' id='word_1_843' title='bbox 1177 5672 1585 5748; x_wconf 82' lang='grc' dir='ltr'>μετεπλάσαντο</span> <span class='ocrx_word' id='word_1_844' title='bbox 1679 5683 1893 5752; x_wconf 84' lang='grc' dir='ltr'>σχῆμα.</span> <span class='ocrx_word' id='word_1_845' title='bbox 1980 5677 2118 5735; x_wconf 87' lang='grc' dir='ltr'>Πότε</span> <span class='ocrx_word' id='word_1_846' title='bbox 2200 5674 2506 5739; x_wconf 81' lang='grc' dir='ltr'>ἀνανευσεις</span> <span class='ocrx_word' id='word_1_847' title='bbox 2576 5682 2679 5746; x_wconf 86' lang='grc' dir='ltr'>τῆς</span> <span class='ocrx_word' id='word_1_848' title='bbox 2764 5678 3021 5761; x_wconf 76' lang='grc' dir='ltr'>ἀμόρφου</span> <span class='ocrx_word' id='word_1_849' title='bbox 3098 5679 3301 5751; x_wconf 81' lang='grc' dir='ltr'>ταύτης</span> <span class='ocrx_word' id='word_1_850' title='bbox 3385 5674 3684 5750; x_wconf 75' lang='grc' dir='ltr'>εὐμορφίας</span> 
     </span>
    </p>
   </div>
  </div>
