4098 6292
499 409 620 471 8'79
1808 404 2117 466 NICETIE

2198 404 2257 463 εΗ
2267 404 2366 464 ΟΝ
2374 404 2587 465 ΙΑΤιΕ
3723 414 3816 477 880

482 540 574 594 καὶ
619 542 716 595 τοῦ
775 535 1053 600 δυσειδοῦς
1149 535 1328 599 εἷ’δους
1385 536 1479 592 καὶ
1545 540 1647 591 τοῦ
1712 535 2044 606 ἐπιποιήτου
2104 533 2428 610 βλέμματος
2483 534 2574 589 καὶ
2667 531 3050 609 βαδίσματος;
3107 535 3178 591 Ἤ
3229 537 3309 598 τίς
3363 536 3390 591 ὁ
3433 535 3604 611 ἐξάξων
3649 562 3697 596 σε
3741 550 3822 600 τῶν

490 628 630 704 πρὸς
663 627 785 703 βίαν
830 627 1163 703 τυραννικῶν
1203 627 1410 682 τούτων
1453 625 1806 703 περιπλοκῶν
1838 626 1930 680 καὶ
2005 624 2140 698 πρὸς
2214 625 2315 692 τὴν
2391 628 2582 700 πρώην
2657 622 2927 694 ἐπανάξων
3003 623 3376 695 ἀκαπήλευτον
3445 628 3532 682 καὶ
3597 628 3824 708 ἐλευθέραν

494 715 813 794 διαγωγήνς
889 725 962 779 Ως
1036 720 1125 772 νῦν
1179 736 1241 792 γε
1295 715 1385 770 καὶ
1442 716 1535 770 τὸν
1596 714 1780 769 οἶκτον
1842 713 1919 775 εἷς
1976 710 2159 790 γέλων
2227 718 2563 786 μετενεγκεῖν
2613 711 3020 786 κινδενεύομεν,
3077 714 3157 777 οἷς
3216 714 3276 769 ού
3344 712 3428 770 δεῖ
3479 720 3824 794 συμφερομένην

491 806 725 882 ὁρῶντές
774 827 852 864 σε.
905 807 998 861 καὶ
1070 805 1138 861 τὰ
1185 811 1286 875 τῆς
1359 804 1756 880 ἀσχημοσύνης
1810 797 2218 876 προϐλὲποντες
2276 799 2527 874 δεδίαμεν
2577 802 2652 875 μή
2730 800 2806 863 εἷς
2880 800 3039 858 τέλος
3114 802 3475 880 ἀφαντωθείης
3521 805 3603 859 καὶ
3654 807 3824 885 καῤῥαω

480 898 635 975 γείης
667 897 746 962 εἲς
774 901 977 971 πτῶμα
1006 897 1068 952 τὸ
1096 893 1528 971 δυσανόρθωτον.
1558 893 1712 952 Ἀλλ’
1740 895 1870 951 εἶεν.

555 988 666 1044 Sed
702 988 772 1043 ad
806 988 1144 1044 institutum
1176 987 1485 1042 redeamus
1514 985 2125 1057 Imperator,nondum
2159 1010 2173 1050 Α

2203 982 2307 1050 ⁵Ὀ
2366 979 2421 1037 δὲ
2482 979 2548 1052 δὴ
2620 980 2971 1058 αὐτοκράτωρ
3031 983 3200 1056 μήπω
3267 983 3503 1058 καθαρῶς
3558 982 3821 1063 ἀνασφήλας

485 1077 657 1150 plane
690 1080 1028 1148 recuperata
1052 1076 1403 1142 valetudine,
1432 1092 1567 1131 cum
1594 1076 1838 1147 pedibus
1875 1075 2103 1131 nondur

2250 1077 2350 1140 τῆς
2383 1071 2544 1125 νόσου
2606 1068 2735 1143 μηδ’
2794 1068 2885 1126 ἐπὶ
2944 1075 3055 1126 τῶν
3111 1067 3296 1126 ποδῶν
3353 1078 3527 1141 στῆναι
3582 1069 3825 1146 δυνάμενος

485 1165 759 1222 insistere
790 1170 1007 1237 posset,
1039 1163 1306 1235 Cypsella
1333 1163 1455 1219 abit
1484 1164 1665 1219 rebus
1694 1163 1764 1219 ad
1800 1162 2015 1218 bellum
2041 1176 2103 1233 ge

2249 1158 2410 1231 ἔξεισι
2469 1160 2559 1215 καὶ
2611 1160 2791 1216 ἁπεισι
2841 1161 2979 1235 πρὸς
3040 1160 3107 1215 τὰ
3154 1159 3427 1235 Κύψελλα,
3467 1159 3723 1235 ἐξαρτύσας
3753 1162 3827 1218 ὃσα

486 1254 736 1311 rendum
771 1252 1116 1310 necessariis
1160 1253 1514 1309 instructus.
1570 1255 1784 1308 Verum
1817 1251 1917 1307 illo
1949 1250 2104 1306 adhu

2249 1249 2386 1324 πρὸς
2436 1248 2684 1322 πόλεμον
2750 1246 2964 1326 ἄραρεν.
3017 1248 3196 1305 Αὐτοῦ
3263 1246 3309 1304 δ’
3360 1246 3511 1311 ὄντος
3550 1248 3598 1305 ἐν
3625 1251 3828 1326 καχεξίᾳ,

489 1344 645 1400 668
679 1342 828 1400 male
858 1341 1326 1415 aﬂ'ecto,Scyth¢e
1356 1357 1492 1399 cum
1520 1341 1754 1397 cohorte
1787 1339 2107 1395 Blachorun

2258 1338 2461 1402 Σκύθαι
2495 1339 2630 1411 μετά
2670 1337 2862 1413 μοίρας
2920 1336 3159 1413 Βλάχων
3217 1339 3306 1393 τὸν
3351 1338 3545 1414 Ἴστρον
3600 1334 3827 1401 διαϐάντες

486 1433 641 1489 Istro
697 1434 938 1503 trajecta
993 1430 1237 1487 Thracia
1285 1431 1499 1502 oppida
1549 1430 1793 1487 Mesenas
1842 1433 1899 1485 et
1926 1427 2101 1484 Zurul

2247 1432 2365 1489 τοῖς
2426 1432 2716 1501 Θρᾳκικοῖς
2791 1424 3155 1502 πολίσμασιν,
3225 1428 3397 1483 ὁπόσα
3462 1428 3578 1501 περὶ
3622 1428 3829 1498 Μεσήνην

490 1518 745 1576 ﬁnitima
768 1521 830 1575 in
862 1520 988 1591 ipso
1019 1518 1137 1574 divi
1184 1518 1415 1590 Georgii
1460 1519 1729 1591 martyris
1764 1518 1910 1573 festo
1943 1515 2105 1572 subit

2248 1516 2339 1570 καὶ
2396 1515 2771 1591 Τζουρουλὸν,
2831 1515 2922 1571 καὶ
2986 1515 3055 1571 τά
3119 1511 3197 1572 ἔτι
3254 1515 3459 1572 τούτων
3527 1514 3739 1591 ἐχόμενα
3793 1512 3830 1583 ἐξ

490 1610 825 1667 incursione
874 1607 1249 1681 populantur.
1306 1611 1382 1663 Ac
1436 1607 1766 1663 decrevisse
1815 1604 2108 1661 Barbarie

2250 1601 2448 1683 ἐφόδου
2503 1606 2712 1678 ἔκειρον
2786 1606 2902 1659 κατ’
2993 1603 3159 1674 αὐτὴν
3233 1606 3331 1674 τὴν
3386 1604 3591 1675 ἐτήσιον
3653 1605 3831 1677 μνήμην

493 1713 623 1753 eam
656 1705 937 1754 tesseram
970 1714 1003 1752 a
1032 1697 1285 1753 ducibus
1330 1696 1627 1769 accepisse
1689 1695 2043 1757 ferebantur.
2078 1710 2109 1747 u

2249 1694 2524 1769 Γεωργίου
2587 1697 2686 1749 τοῦ
2755 1694 3268 1770 Χριστομάρτυρος.
3329 1696 3427 1751 Ἢν
3477 1694 3567 1767 μὶν
3624 1691 3725 1762 οὖν,
3773 1693 3829 1753 ὡς

489 1786 721 1859 Cuperii
752 1786 1150 1843 convenirent.
1192 1786 1378 1841 Locus
1428 1787 1478 1841 is
1526 1789 1758 1841 estnon
1794 1782 1995 1857 procul
2026 1783 2103 1836 Zu

2246 1780 2430 1857 ᾔδετο,
2479 1788 2596 1845 τοῖς
2654 1777 2964 1858 Βαρϐάροις
3019 1781 3239 1858 σκέμμα
3293 1783 3382 1839 καὶ
3447 1783 3678 1855 σύνθημα
3724 1782 3832 1852 πρὸς

489 1875 616 1932 rulo
673 1876 942 1941 dissitas,
997 1876 1097 1931 ubi
1154 1880 1280 1929 tum
1341 1875 1556 1930 festum
1611 1873 1883 1945 martyris
1928 1887 2102 1943 magn

2246 1876 2353 1927 τῶν
2384 1874 2672 1946 ἡγεμόνων
2705 1879 2805 1941 τῆς
2838 1869 2968 1927 ὁδοῦ
3028 1869 3181 1927 δοθὲν
3228 1871 3283 1934 ἐς
3328 1873 3389 1928 τὸ
3435 1871 3709 1945 Κουπέριον
3747 1869 3837 1948 ἀφι-

488 1963 802 2021 hominum
833 1965 1161 2035 frequentia
1203 1962 1628 2019 celebrabatur.
1680 1962 1790 2018 Sed
1830 1977 2002 2017 mane
2033 1960 2106 2015 hu

2245 1962 2429 2016 κέσθαι
2485 1964 2567 2034 (τὸ
2627 1958 2685 2016 δὲ
2742 1959 2884 2017 ἐστιν
2950 1960 3010 2016 ἐκ
3065 1963 3325 2037 γειτόνων
3380 1968 3478 2032 τῆς
3544 1957 3838 2035 Τζουρουλοῦ

493 2054 619 2109 mili
677 2053 894 2109 nebula
946 2057 1091 2121 orta,
1156 2052 1415 2107 maxima
1468 2052 1853 2107 Barbarorum
1918 2067 2050 2121 pars
2084 2050 2111 2103 i1

2248 2047 2614 2124 διακείμενον,
2684 2048 2805 2106 ἔνθα
2875 2050 3042 2126 ἤγετο
3119 2056 3419 2122 τηνικαῦτα
3498 2053 3574 2121 τῷ
3653 2049 3838 2123 μάρτυρι

495 2142 612 2198 alia
636 2141 764 2198 loca
788 2147 879 2198 est
925 2140 1116 2197 delata
1163 2145 1222 2196 et
1268 2156 1456 2212 usque
1503 2141 1575 2195 ad
1625 2140 1983 2195 maritimam
2017 2138 2113 2193 Rm

2248 2139 2410 2214 ἐορτή
2476 2139 2568 2194 καὶ
2634 2141 2940 2215 πανήγυρις
3017 2141 3460 2213 συγκεκρότητο(,
3517 2134 3740 2212 ὁμίχλης
3797 2132 3839 2189 δὲ

496 2233 730 2288 destum
789 2230 1113 2298 descendit,
1177 2230 1314 2285 Pars
1372 2235 1565 2285 tamen
1626 2245 1825 2284 eorum
1873 2227 2114 2300 quaedan

2245 2227 2707 2302 περισπασθείσης
2733 2223 2899 2292 ἔωθεν
2925 2227 3293 2307 χαμαιφερῶς
3340 2229 3402 2283 τὸ
3444 2228 3534 2301 μὶν
3581 2223 3713 2281 πολὺ
3757 2226 3839 2278 τῶν

498 2320 557 2376 in
590 2320 903 2391 Cuperium
936 2318 1164 2390 irrupit.
1223 2318 1506 2374 (laterum
1565 2317 1877 2373 multitudo
1910 2333 2035 2389 qua:
2067 2334 2116 2373 at

2216 2310 2547 2390 ΙΒαρϐάρων
2604 2319 2702 2381 τῆς
2762 2314 3129 2391 προκειμένης
3196 2315 3499 2393 ἀποῤῥαγέν
3562 2313 3631 2375 εἷς
3694 2311 3834 2388 χωρία

501 2410 717 2465 festum
775 2412 1143 2476 convenerat,
1202 2407 1394 2479 pstius
1451 2412 1575 2462 rata
1628 2406 1743 2462 vim
1801 2404 2119 2478 ριόρυιεδιν

2251 2402 2597 2481 μετέρῥευσεν
2653 2400 2830 2479 ἕτερα,
2928 2404 3097 2483 μέχρι
3171 2404 3261 2459 καὶ
3308 2409 3412 2460 τοῦ
3458 2402 3687 2479 παράλου
3724 2406 3838 2455 Ῥαι-

503 2514 679 2570 quam
710 2495 977 2564 tolerare,
1010 2497 1280 2553 curribus
1312 2496 1596 2568 templum
1648 2494 1892 2563 vallavit,
1929 2501 1988 2551 et
2020 2495 2121 2566 pri-

2249 2490 2437 2549 δεστοῦ
2467 2494 2677 2565 κατιὸν,
2721 2498 2888 2569 μοῖρα
2914 2490 2974 2549 δέ
3001 2514 3087 2556 τις
3109 2492 3289 2549 αὐτῶν
3314 2494 3443 2571 περὶ
3479 2494 3539 2548 τὸ
3598 2490 3836 2565 Κουπέριον

500 2604 609 2643 mae
642 2587 1026 2644 Barbarorum
1056 2586 1378 2642 incursioni
1407 2586 1629 2642 aditum
1667 2585 1832 2641 facile
1873 2583 2116 2640 interclu

2246 2581 2557 2656 ἐνσκήψασα
2607 2582 2683 2643 εἰς
2744 2583 2838 2655 μὲν
2893 2583 2984 2638 τὸν
3042 2584 3164 2638 ναὸν
3217 2582 3309 2639 καὶ
3365 2583 3428 2640 τὸ
3477 2580 3739 2656 περίαυλον
3765 2576 3836 2632 οὐκ

495 2677 594 2743 sit,
652 2692 787 2733 cum
847 2675 1073 2749 Scythas
1144 2692 1326 2748 pagos
1400 2691 1730 2747 oppugnare
1810 2690 1927 2730 non
1987 2673 2107 2729 sole

2248 2672 2596 2743 είσήλθοσαν·
2628 2673 2691 2728 τὸ
2721 2673 2827 2748 γὰρ
2858 2671 3117 2738 συνελθὸν
3142 2671 3364 2744 πλῆθος
3390 2672 3477 2728 ἐπὶ
3513 2676 3588 2744 τῷ
3638 2671 3697 2724 τὰ
3749 2668 3836 2721 ὅσια

492 2768 642 2834 rent,
673 2768 731 2820 et
761 2779 917 2821 nunc
946 2764 1125 2820 etiam
1158 2763 1396 2819 urbium
1431 2762 1788 2818 munitiones
1819 2760 2110 2817 declinent

2245 2761 2461 2817 τελέσαι
2505 2760 2585 2833 τῷ
2644 2762 2902 2837 μάρτυρι,
2970 2758 3161 2838 δρᾶται
3225 2782 3278 2817 τι
3350 2759 3560 2836 μᾶλλον
3609 2754 3832 2837 φθάσανῆ

493 2857 557 2909 ut
587 2853 688 2926 qui
720 2852 970 2908 turbinis
1000 2852 1190 2908 instar
1236 2851 1421 2925 primo
1468 2851 1752 2907 duntaxat
1782 2850 2006 2922 impetu
2037 2850 2110 2906 ob

2245 2855 2434 2914 παθεῖν
2491 2849 2786 2923 ἀναμεῖναν
2853 2851 3104 2927 κεκρικὸς
3168 2848 3315 2922 δέον,
3373 2849 3576 2925 ἁμάξας
3643 2843 3835 2921 ἀγηοχός

487 2942 601 2999 viis
631 2942 968 3014 quibusque
1001 2941 1244 2997 vastatis
1273 2943 1509 2996 domum
1544 2956 1672 2996 sese
1705 2939 2105 3010 recipiant.Eo

2244 2939 2337 2994 καὶ
2449 2940 2538 2994 τὸν
2616 2938 2750 2994 νεὼν
2822 2944 3288 3017 περιφραγμῶσαν
3366 2940 3504 2996 κατά
3596 2938 3687 3005 τὴν
3734 2929 3838 3008 πρώ·

486 3035 683 3087 tamen
714 3029 814 3101 qui
845 3029 1061 3085 omisso
1091 3027 1309 3100 templo
1362 3026 1644 3083 Zurulum
1678 3028 1836 3083 664
1866 3027 2104 3098 peteban

2247 3048 2349 3098 την
2383 3025 2539 3091 εὐθὺς
2609 3031 2718 3082 τῶν
2796 3022 3093 3104 Βαρϐάρων
3170 3026 3456 3084 ἐπέλευσιν
3566 3027 3629 3080 τὰ
3715 3020 3833 3077 ἐκεῖσε

489 3134 695 3174 omnes
753 3120 1205 3189 interceperant.
1269 3118 1479 3174 Verum
1530 3116 1785 3172 universi
1844 3114 2107 3171 malorum

2246 3114 2536 3171 πεποίοκεν
2576 3110 2750 3171 ἄϐατα
2790 3113 2979 3177 ἂλλως
3038 3137 3097 3172 τε
3133 3115 3225 3171 καὶ
3278 3122 3398 3180 τοῖς
3459 3115 3677 3179 Σκύθαις
3728 3105 3829 3165 ἆπῖί·

490 3210 756 3278 expertes
807 3205 1080 3275 fuissent,
1120 3205 1236 3261 nisi
1286 3205 1724 3277 perditissimus
1754 3205 2108 3277 Racendytes

2248 3225 2406 3282 ρηται
2454 3211 2816 3282 τειχομαχεῖν
2864 3206 2930 3262 τὰ
2976 3205 3028 3261 ἐν
3088 3208 3305 3280 κώμαις
3385 3204 3770 3280 ὶκτρεπομένοις
3803 3194 3839 3255 ἒς

494 3295 596 3366 qui
662 3293 972 3367 colligendi
1035 3293 1341 3366 vectigalis
1406 3311 1543 3367 ergo
1611 3300 1868 3360 venerat,
1936 3294 2112 3349 Brane

2247 3292 2405 3371 δεῦρο
2460 3294 2553 3350 καὶ
2600 3293 2823 3350 πόλεσιν
2892 3294 3253 3371 ὀχυρώματα,
3318 3297 3401 3360 ὡς
3469 3296 3556 3350 οἷα
3607 3291 3728 3369 πρὸς
3770 3285 3843 3352 τὴν

491 3383 800 3451 Theodori,
868 3385 970 3456 qui
1047 3383 1099 3440 ei
1167 3383 1469 3454 provincia
1561 3389 1825 3456 praeerat,
1920 3381 2109 3438 mouit;

2245 3386 2470 3459 πρώτην
2523 3384 2703 3458 ὁρμήν
2763 3383 2900 3439 κατά
2965 3382 3236 3446 λαίλαπος
3293 3384 3509 3457 κίνησιν
3554 3374 3844 3459 ἀναρῥιπτόν·

490 3474 826 3547 sprevisset.
912 3473 1183 3530 Edixerat
1270 3480 1466 3530 autem
1559 3491 1633 3531 ne
1722 3471 1972 3547 populus
2063 3489 2108 3528 at

2242 3494 2350 3528 των
2391 3472 2460 3528 τὰ
2507 3471 2560 3527 ἐν
2610 3476 2738 3528 ποσὶ
2797 3473 2888 3528 καὶ
2940 3473 3077 3548 πρὸς
3142 3470 3248 3544 ἤθη
3296 3473 3369 3529 τὰ
3426 3473 3595 3529 οἰκεῖα
3640 3484 3842 3545 μεταχω-

489 3564 705 3621 festum
770 3564 1123 3631 conveniret,
1191 3567 1250 3619 et
1314 3563 1662 3636 Scytharum
1737 3564 2107 3619 incursiones

2245 3561 2503 3636 ρούντων.
2545 3560 2688 3624 Τοὺς
2739 3557 2796 3617 δὲ
2827 3583 2888 3638 γε
2940 3566 3037 3617 τοῦ
3066 3563 3171 3617 νεὼ
3220 3562 3525 3637 ἀφεμένους
3553 3561 3638 3617 καὶ
3664 3558 3776 3633 πρὸς
3796 3551 3841 3606 τὸ

485 3654 794 3721 indicarat,
865 3653 1095 3726 optione
1173 3656 1311 3709 data
1391 3658 1587 3709 utrum
1654 3653 1807 3709 dicto
1875 3654 2103 3709 audien-

2242 3649 2496 3725 πόλισμα
2524 3651 2620 3707 τὸν
2646 3649 2997 3724 Τζουρουλὸν
3030 3652 3106 3714 ὡς
3137 3649 3265 3727 ἔχον
3327 3657 3506 3709 σῶσαι
3565 3643 3845 3726 μεταχωρή-

481 3750 574 3802 tes
622 3749 680 3800 et
737 3743 1065 3801 incolumes
1114 3759 1264 3813 esse,
1297 3760 1371 3800 an
1430 3742 1645 3815 spretis
1705 3743 1829 3798 suis
1889 3742 2093 3797 moniti

2242 3722 2434 3803 σαντας
2516 3722 2805 3815 πανδημεὶν
2893 3722 3363 3817 ᾐχμαλώτευσαν,
3468 3722 3576 3816 μὴ*
3624 3731 3839 3794 λαϐέσθαι

482 3832 668 3905 perire
737 3831 998 3889 mallent.
1067 3831 1235 3888 Nunc
1300 3831 1353 3887 is
1431 3832 1535 3903 qui
1602 3832 1824 3887 mundo
1891 3847 2095 3903 prorsu

2236 3828 2542 3904 φθάσαντας
2570 3835 2668 3886 τοῦ
2709 3829 3000 3905 ἐρύματος.
3044 3833 3211 3886 Ἦσαν
3273 3829 3319 3886 δ’
3387 3830 3449 3887 ἄν
3509 3832 3719 3887 ἅπαντες
3764 3822 3839 3874 τοῦ

480 3904 860 3988 renuntiaret,
909 3921 1011 3993 qui
1045 3920 1277 3993 planea
1345 3921 1595 3977 terrenis
1655 3920 1828 3976 rebus
1886 3919 2091 3976 avulsu

2232 3923 2409 3975 κακοῦ
2468 3927 2568 3988 τῆς
2603 3904 2992 3994 αἰχμαλωσίας
3022 3919 3324 3996 ἃπείρατοι,
3380 3921 3425 3976 εἷ
3487 3920 3563 3994 μὴ
3617 3904 3844 3972 ὁκείκιστΙ

480 4016 626 4076 erat,
673 4010 1003 4067 Christiano
1051 4010 1232 4082 pallio
1303 4009 1454 4066 ultro
1504 4010 1734 4076 induto,
1786 4009 2005 4065 veritus
2053 4026 2098 4064 n<

2231 4007 2619 4081 ἀπολούμενος
2651 4006 2980 4083 ῥακενδύτης
3031 4010 3089 4072 ὃς
3148 4008 3208 4065 ἐκ
3260 4016 3366 4079 τῆς
3409 4007 3710 4086 Ἀντιγόνου
3761 4017 3838 4086 μοῇ

478 4101 593 4156 sibi
623 4115 807 4156 aereus
839 4104 1019 4156 stater
1048 4100 1308 4169 disperso
1363 4099 1589 4173 p0pulc
1636 4100 1987 4167 elaberetur,
2032 4097 2096 4153 lit

2230 4103 2328 4166 νῆς
2357 4095 2529 4152 ἐκεῖσε
2568 4096 2790 4175 ἀφίκετο
2845 4096 3171 4168 τελωνήσων
3227 4100 3329 4168 τὴν
3376 4084 3694 4173 πανήγυριν,
3736 4084 3838 4159 παρ’

479 4195 632 4243 teras
657 4202 756 4243 eas
786 4187 844 4243 in
876 4187 1006 4243 sinu
1041 4188 1263 4243 abdidit
1292 4195 1345 4243 et
1373 4188 1432 4241 in
1467 4186 1633 4259 nigra
1660 4191 1813 4241 veste
1836 4191 2097 4256 .tanquan

2227 4182 2380 4240 οὐδὲν
2419 4183 2566 4241 ἔθετο
2598 4185 2696 4240 ὅσα
2733 4186 2802 4255 ἦν
2852 4185 3159 4250 ἐπιστείλας
3218 4189 3248 4242 ὁ
3308 4188 3523 4264 Βρᾶνᾶς
3578 4179 3834 4251 Θεόδωρος,

477 4277 539 4333 iu
569 4276 824 4333 tenebris
872 4276 1217 4346 occultavit;
1249 4282 1308 4333 et
1339 4276 1551 4348 populo
1610 4275 1895 4348 praedixit,
1955 4290 2095 4345 quas

2227 4273 2287 4332 ὃς
2344 4278 2455 4330 τῶν
2514 4273 2678 4330 ἐκεῖθι
2738 4279 2937 4350 χωρῶν
2999 4276 3346 4351 ἡγεμόνευεν,
3442 4270 3834 4350 ἀπαγορεύσαντα

476 4374 637 4423 vates
676 4370 831 4423 esset
888 4366 1062 4422 homo
1118 4364 1465 4422 corradendi
1519 4380 1795 4420 nummos
1825 4370 1884 4419 et
1916 4363 2094 4418 nundi

2229 4364 2324 4435 μὲν
2379 4365 2480 4434 τήν
2535 4368 2644 4418 τῶν
2693 4363 2920 4419 πολλῶν
2970 4362 3022 4427 ἐς
3073 4365 3136 4420 τὸ
3208 4365 3524 4441 Κουπέριον
3553 4357 3830 4434 συνδρομὴνι

474 4454 655 4510 nandi
709 4453 969 4527 peritior,
999 4470 1099 4509 eos
1148 4452 1296 4509 nihil
1346 4452 1485 4507 mali
1544 4468 1866 4523 passuros:
1903 4453 2092 4508 faman

2223 4452 2324 4520 τήν
2356 4449 2400 4507 δ’
2442 4449 2748 4526 ἐπιδρομήν
2780 4459 2890 4508 τῶν
2923 4455 3144 4509 Σκυθῶν
3177 4456 3260 4528 [Ρ.
3295 4458 3428 4530 324]
3471 4447 3828 4528 ἀπαγγέλλοντα

470 4560 624 4616 sepe
652 4544 953 4600 veritatem
989 4543 1342 4615 opprimere,
1386 4557 1576 4613 neque
1629 4540 1771 4597 certi
1802 4540 2088 4611 quidquan

2223 4541 2316 4596 καὶ
2346 4543 2668 4617 προτιθέντα
2700 4543 2932 4619 αἳρεσιν,
2964 4540 3001 4612 ἤ
3031 4547 3217 4599 κακῶν
3257 4543 3490 4607 ἀπαθεῖς
3557 4544 3686 4599 εἶναι
3731 4531 3824 4591 τοὺς

467 4632 941 4706 aﬂ’erre.Scythas
971 4635 1169 4687 autem
1202 4647 1338 4687 cum
1372 4646 1585 4703 magna
1620 4629 1815 4702 praeda
1846 4631 2085 4685 receden

2224 4630 2584 4693 συνελθόντας
2641 4635 2749 4686 τῶν
2840 4629 3244 4705 ἐντελλομένων
3312 4632 3644 4692 ἀκούσαντας
3688 4626 3717 4695 ἢ
3758 4638 3818 4674 π’

467 4726 556 4779 tes
589 4723 886 4779 Romanus
916 4721 1223 4788 exercitus,
1257 4722 1357 4792 qui
1404 4720 1636 4791 Byziam
1690 4720 1984 4789 tuebatur,
2018 4734 2085 4790 ag

2225 4722 2406 4784 ovaivau
2472 4726 2938 4795 παρακούσαντας,
3007 4725 3114 4776 Νῦν
3194 4718 3252 4777 δὲ
3312 4723 3340 4777 ὁ
3400 4728 3525 4785 τοῖς
3588 4719 3637 4776 ἐν
3672 4713 3807 4795 κόσμει

466 4811 749 4881 greditur,
785 4810 974 4881 caedit,
1005 4809 1064 4865 in
1098 4811 1295 4882 fugam
1329 4809 1586 4879 conjicit,
1619 4808 1771 4863 665
1807 4807 2084 4863 maximas

2222 4808 2413 4865 ἐπίπαν
2445 4808 2848 4882 ἀποταξάμενος
2870 4812 2961 4866 καὶ
3009 4810 3283 4888 λαμπρῶς
3346 4816 3451 4868 τῶν
3502 4812 3647 4867 κάτω
3692 4792 3815 4871 ἀποξυ-

469 4899 671 4968 ρτδεάω
742 4908 962 4969 partem
1020 4908 1344 4972 recuperat,
1402 4914 1532 4954 eam
1593 4903 1786 4953 tamen
1844 4914 1957 4953 non
2016 4897 2087 4952 ᾶίι

2222 4898 2430 4973 ῥαγείς,
2487 4899 2551 4953 τὸ
2639 4895 2698 4953 δὲ
2744 4898 2882 4955 κατά
2946 4886 3185 4975 Χριστὸν
3234 4895 3533 4976 τριϐώνιον
3591 4886 3823 4954 ἐθιελο“ιν⁴τ”θ·ς

471 4989 646 5041 tenet.
672 4985 816 5041 Nam
850 4987 1241 5043 Romanorum
1288 4986 1573 5043 naturalis
1630 4993 1685 5042 et
1732 4986 1935 5041 insana
1968 4990 2025 5042 et
2056 4985 2089 5041 i1

2223 4985 2446 5055 ὑποδὺς,
2477 4983 2655 5051 δείσας
2689 4989 2766 5060 μή
2801 4987 3038 5063 χάλκεος
3075 4991 3281 5065 πατὴρ
3337 4989 3499 5045 αὐτὸν
3559 4980 3817 5058 διαδράσειε

468 5074 644 5129 rebus
695 5074 936 5132 minime
979 5077 1457 5133 convenientibus
1510 5081 1825 5132 contumax
1875 5075 2086 5131 avariti:

2222 5079 2319 5130 τοῦ
2360 5073 2469 5131 λεὼ
2510 5072 2936 5151 διασπαρέντος,
2988 5079 3090 5147 τὴν
3153 5078 3249 5153 μὲν
3294 5075 3490 5134 δέλτον
3546 5080 3625 5149 τῷ
3671 5067 3831 5132 κόλπῳ

467 5159 768 5216 victoriam
796 5164 1094 5235 corrupit;
1129 5166 1228 5236 qui
1260 5183 1390 5221 cum
1448 5165 1549 5222 toti
1609 5165 1667 5221 in
1722 5181 1789 5221 eo
1822 5169 2019 5221 essent
2051 5182 2082 5219 u

2225 5159 2442 5220 ἐνέδυσε
2496 5164 2586 5219 καὶ
2653 5165 2728 5228 ὡς
2785 5163 2838 5220 ἐν
2891 5165 3068 5221 σκότει
3118 5170 3191 5241 τῇ
3244 5163 3631 5241 μελανειμονίᾳ
3683 5162 3834 5241 ξπαΡιῘ

463 5248 694 5321 Scythis
727 5252 978 5321 praedam
1008 5269 1073 5307 ex
1106 5270 1244 5323 agro
1291 5255 1552 5310 Romano
1602 5259 1896 5325 receptam
1929 5258 2081 5309 exter

2222 5257 2423 5327 πεμψε,
2482 5258 2600 5316 τοῖς
2660 5250 2705 5307 δ’
2764 5237 3176 5331 ἀγειρομένοις⁷
3214 5237 3543 5331 προῦλεγεν,
3587 5253 3659 5313 ὡς
3700 5237 3837 5331 εἰκαᾼῖ

464 5343 732 5410 querent,
765 5354 863 5395 eos
897 5340 996 5412 qui
1038 5341 1338 5413 fugiebant
1379 5345 1434 5399 in
1492 5359 1554 5399 se
1613 5347 2023 5401 converterunt
2052 5360 2082 5399 e

2220 5345 2507 5421 προφήτου
2566 5344 2632 5412 ἦν
2684 5328 3064 5420 περισσότερος
3121 5345 3149 5400 ὁ
3192 5328 3291 5415 τῆς
3354 5328 3584 5411 ἐννοίας,
3635 5338 3749 5400 ἔνθα
3786 5328 3835 5421 ῗδ

467 5427 729 5484 vicissim
762 5428 941 5501 fugati
973 5435 1134 5486 sunt.

2222 5418 2433 5508 κέρδος,
2460 5418 2765 5509 ἐμπορικὸς
2819 5435 2911 5491 καὶ
2969 5418 3330 5510 δριμύπατος,
3361 5437 3435 5500 ὡς
3471 5431 3626 5490 οὐδὲν
3654 5450 3703 5485 τι
3739 5418 3840 5510 nsi:-

462 5535 645 5571 σονται
746 5513 908 5587 ἀηδὲς
939 5516 1028 5572 καὶ
1104 5518 1294 5574 ὁποῖον
1365 5520 1420 5575 αἱ
1496 5527 1674 5598 φῆμαί.
1739 5521 1806 5578 τὰ
1835 5521 2021 5579 πολλᾶ
2051 5524 2148 5593 τὴν
2176 5505 2435 5595 ἀλήθειαν
2465 5505 2820 5598 τυραννοῦσαι
2855 5524 2932 5598 μὴ
2966 5505 3242 5601 διακριδὸν
3267 5505 3718 5600 καταγγέλλουσι.
3748 5505 3836 5601 Καὶ

459 5603 602 5661 οὕτω
663 5604 758 5680 μὶν
809 5606 860 5661 οἱ
910 5605 1113 5670 Σκύθαι
1192 5604 1340 5662 λείαν
1418 5607 1704 5673 ἐλάσαντες
1805 5609 2023 5680 πολλὴν
2096 5611 2466 5688 ἀνεζεύγνυον,
2539 5612 2567 5666 ὁ
2645 5608 2701 5666 δὲ
2772 5615 2874 5683 τὴν
2929 5598 3131 5685 Βυζίήν
3209 5598 3500 5692 φυλάσσων
3555 5598 3840 5692 Ῥωμαϊκὸς

457 5698 711 5772 στρατὸς,
790 5696 979 5771 μαθὼν
1007 5693 1272 5752 ἐπανιέναι
1343 5696 1472 5764 τοὺς
1546 5699 1777 5768 Σκύθας,
1851 5701 1952 5771 τὴν
1978 5698 2059 5755 ἐπ’
2133 5700 2331 5764 αὐτοὺς
2375 5699 2656 5775 ἐτράπετο.
2716 5701 2872 5761 Ἐπεὶ
2945 5699 3005 5759 δὲ
3076 5704 3167 5760 καὶ
3222 5689 3524 5761 συνέϐαλον
3583 5689 3842 5776 ἀμφότερα
