4098 6292
279 308 392 370 881

1123 315 1222 375 ΒΕ
1267 315 1568 378 ALEXIO
1610 312 1892 375 ISAACII
1939 306 2225 370 ANGLLI
2275 307 2394 366 FB.
2447 306 2597 366 LIB.
2650 306 2751 365 ἷΙί.

3579 308 3699 367 882

276 443 345 498 τὰ
374 439 774 516 στρατεύματα,
797 448 987 516 κρατεῖ
1012 445 1075 498 τὸ
1107 444 1398 520 ἡμέτερον,
1451 448 1614 524 φόνος
1660 466 1717 500 τε
1765 444 1854 499 καὶ
1919 444 2095 516 τροπή
2154 442 2354 516 γίνεται
2407 443 2516 493 τῶν
2578 441 2820 507 Σκυθῶν,
2879 440 2968 493 καὶ
3025 439 3087 493 τὸ
3142 445 3242 507 τῆς
3308 435 3695 514 αἰχμαλωσίας

278 531 537 587 πλεῖστον
569 530 802 600 ἀνίεται,
848 533 940 586 καὶ
996 535 1144 588 τοῦτ’
1196 533 1284 588 ἐπὶ
1329 535 1528 611 βραχύ·
1590 536 1624 602 ἡ
1683 537 1784 610 γὰρ
1843 532 2120 608 σύμφυτος
2175 531 2265 584 καὶ
2330 526 2609 602 μανιώδης
2667 529 2799 583 κάπὶ
2854 534 2973 589 τοῖς
3033 525 3306 602 μηδαμῶς
3363 529 3692 598 καθήκουσιν

279 619 614 696 ἂμετάθετος
644 621 936 694 Ῥωμαίων
970 621 1249 697 λίχνευσις
1279 625 1378 692 τήν
1407 624 1560 694 νίκην
1595 621 1912 698 διέφθειρεψ
1946 619 2106 678 Ὀλοι
2129 619 2233 694 γὰρ
2266 623 2362 673 τοῦ
2384 617 2715 692 ἀφαρπάζειν
2746 617 2835 670 καὶ
2862 617 3174 694 μεταφέρειν
3225 618 3502 692 γινόμενοι
3559 615 3694 679 ἅπερ

276 709 412 783 ἦγον
446 709 498 763 οἱ
538 709 739 764 Σκύθαι
769 711 866 772 τὰς
896 711 1203 783 Ῥωμαϊκὰς
1235 713 1425 788 χώρας
1453 714 1850 788 πορθήσαντες,
1890 712 1952 765 τὸ
1982 710 2138 765 ἀπιὸν
2167 707 2257 762 καὶ
2291 705 2612 781 δραπετεῦον
2660 705 2930 780 πολέμιον
2989 705 3280 780 ἐπέστρεψε
3335 709 3452 762 καθ’
3506 709 3687 782 ἑαυτὸ,

275 800 365 854 καὶ
397 798 666 868 παλίωξιν
698 798 933 854 ἐντεῦθεν
967 800 1307 876 εἰργάσαντο.

1691 1061 2119 1157 ΤΟΜΟΣ
2203 1062 2270 1155 Γ

1233 1247 1375 1304 ΤΗΣ
1406 1248 1786 1305 ΒΑΣΙΛΕΙΑΣ
1814 1247 2122 1304 ΑΛΕΞΙΟΥ
2150 1246 2281 1304 ΤΟΥ
2309 1248 2721 1305 ΚΟΜΝΗΝΟΥ.

1199 1553 1676 1649 IMPEBII
1735 1553 2153 1647 ALEXII
2218 1553 2779 1649 COMNENI

1669 1733 1904 1795 LIBER
1959 1733 2288 1796 TERTIUS

334 2033 404 2103 α’,
434 2033 539 2088 Καὶ
572 2029 707 2106 τῇδε
743 2031 836 2106 μὶν
871 2031 980 2106 λκαὶ
1035 2035 1202 2087 ταῦτα
1257 2025 1592 2104 συμϐέϐηκε,
1664 2029 1916 2106 βασιλεὺς
1949 2089 1953 2101 1

2100 2051 2140 2090 ι.
2200 2033 2301 2089 His
2363 2034 2441 2089 ita
2498 2035 2694 2105 gestis,
2755 2035 3068 2108 imperator
3148 2038 3430 2109 Cypsellis
3498 2039 3672 2096 Thes-

262 2120 309 2178 δ’
353 2125 440 2198 [Ρ.
476 2123 602 2197 325]
629 2121 842 2192 ἀπάρας
875 2121 934 2178 ἐκ
961 2127 1068 2178 τῶν
1101 2120 1399 2195 Κυψέλλων
1427 2126 1496 2195 τῇ
1550 2118 1914 2194 Θεσσαλονίκῃ

259 2213 566 2291 ἆφὶσταται,

258 2303 428 2376 ὁρμᾷ.
483 2299 659 2362 Οὗτος
715 2299 818 2375 γὰρ
871 2300 970 2368 τὴν
1042 2299 1466 2375 Στρούμμιτζαν
1527 2296 1916 2371 ίδιωσάμενος,

256 2390 476 2465 Βλάχος
530 2387 603 2443 ὢν
658 2390 720 2444 τὸ
801 2390 981 2465 γένος,
1036 2388 1126 2444 καὶ
1201 2387 1458 2466 φρούριόν
1511 2408 1562 2442 τι
1617 2381 1916 2442 ἀπολαϐὼν

258 2478 557 2553 λεγόμενον
644 2478 924 2553 Πρὸσακον
1013 2476 1066 2538 ἐς
1151 2481 1458 2550 τυραννεῖον
1521 2476 1694 2546 ἔαυτῳ
1755 2495 1914 2530 κατε-

259 2567 504 2635 σκεύασε,
564 2567 829 2641 κρατύνας
906 2565 1182 2628 παντοίως
1229 2567 1292 2620 τὸ
1349 2560 1550 2640 ἔρυμα,
1595 2565 1786 2636 ὅπερὴ
1823 2564 1916 2635 μὲν

257 2657 415 2737 φύσις
473 2656 710 2731 ἀρχῆθεν
766 2653 1076 2732 φιλοτίμως
1136 2653 1312 2728 ἐξεῦρε
1372 2674 1430 2707 τε
1499 2653 1589 2708 καὶ
1658 2649 1910 2706 ἀνέδωκιιν

257 2745 452 2820 πέτραι
497 2745 597 2819 γὰρ
623 2743 754 2799 εἰσιν
808 2744 1130 2820 ἀπορρῶγες
1195 2738 1486 2818 δισχιδεῖς,
1547 2741 1918 2817 συνεπτυγμέ-

254 2854 342 2889 ναι
373 2832 668 2903 ἀλλήλαις,
705 2831 803 2906 μία
849 2830 894 2886 δ’
953 2832 1005 2894 ἐς
1073 2831 1238 2893 αὐτάς
1300 2829 1440 2886 ἐστιν
1501 2827 1694 2892 ἄνοδος
1755 2831 1913 2900 στενὴ

257 2922 352 2976 καὶ
385 2923 560 2996 βίαιος
583 2921 671 2976 καὶ
703 2920 1119 2998 ἀμφίκρημνος,
1165 2923 1199 2990 ἡ
1253 2919 1308 2974 δέ
1357 2917 1529 2986 λοιπή
1587 2918 1914 2993 περίμετρος

258 3015 374 3065 τῶν
437 3016 642 3086 πετρῶν
700 3009 920 3085 αἰγίλιψ
984 3011 1164 3064 ἅπασα
1217 3009 1310 3063 καὶ
1372 3003 1736 3083 ἀπρόσϐατος,
1822 3007 1913 3061 καὶ

257 3100 504 3171 ποταμὸς
579 3096 871 3173 βαθυδίνης
968 3099 996 3152 6
1082 3096 1268 3168 Ἃξιὸς
1354 3094 1912 3170 ἀμφιπερικλώμενος

253 3187 581 3267 ἐπιτειχίζει
638 3189 836 3249 ταύτας
894 3187 1370 3263 παραλογώτερον
1444 3186 1676 3250 ἐλθοῦσα
1733 3184 1779 3241 δ’
1837 3186 1912 3246 εἰς

254 3281 480 3356 ὕστερον
513 3283 547 3350 ἡ
578 3281 748 3356 τέχνη
804 3278 1251 3354 ἀνθαμιλλήτρια
1278 3283 1347 3344 τῆ
1403 3278 1557 3356 φύσει
1600 3277 1912 3336 ἀναλώτου(

255 3369 428 3434 αὒτάς
461 3375 659 3444 μικροῦ
678 3369 1019 3467 ἐτεκτήνατο.
1051 3369 1212 3467 τείχη
1265 3369 1369 3445 γὰρ
1423 3367 1635 3467 ἀῤῥριγῆ
1698 3367 1911 3467 διειλη-
1947 3402 1991 3467 Β

253 3465 390 3540 φυῖα
416 3461 553 3514 κατὰ
582 3461 681 3528 τὴν
713 3457 1017 3514 ἐνδοθεῖσαν
1061 3455 1254 3512 ἄνοδον
1315 3457 1581 3534 ὑπερφυὲς
1633 3455 1906 3513 τετέλεκεν

253 3551 627 3626 ὁρμητήριον.
663 3548 836 3606 Ἀλλὰ
865 3548 928 3604 τὸ
957 3553 1206 3604 τοιοῦτον
1238 3544 1420 3623 ἔρυμα
1474 3549 1566 3602 τὸν
1627 3549 1909 3622 Πρόσακον

251 3641 528 3713 Ῥωμαῖοι
589 3639 682 3712 μὲν
738 3636 910 3693 παλαι
973 3634 1253 3711 παρεῖδον,
1328 3636 1662 3713 Βουλγάριυν
1716 3636 1912 3712 ἀφρον-

249 3733 580 3799 τιστοῦντες,
639 3727 731 3782 καὶ
805 3725 1102 3782 κατέλιπον
1177 3723 1411 3801 ἔρημον,
1472 3727 1500 3780 6
1577 3723 1632 3780 δὶ
1705 3725 1909 3800 Χρύσος

252 3818 583 3888 ἕπιποιήσας
618 3817 737 3892 εἶχε
785 3817 922 3872 κατά
976 3814 1268 3888 Ῥωμαίων
1327 3813 1686 3888 ἀπρόσμαχον
1751 3815 1907 3886 οἰκη-

251 3912 474 3984 τήριον,
503 3913 606 3962 πᾶν
639 3908 724 3962 ὃτι
756 3926 858 3981 περ
884 3905 1080 3968 ὅπλοις
1126 3905 1396 3984 τρόφιμον
1455 3903 1624 3960 ἐκεῖσε
1680 3903 1908 3975 συνηλι⁹

255 3998 396 4068 κὼς,
428 3996 700 4074 ἀφετήριά
731 4015 788 4051 τε
820 3991 1022 4070 ὄργανα
1051 3996 1379 4069 περιστήσας
1406 3993 1492 4048 καὶ
1526 3995 1591 4048 τὰ
1647 3995 1780 4068 πρὸς
1847 3993 1910 4047 τὸ

258 4091 356 4161 ζῇν
418 4087 706 4159 ἐνθέμενος
776 4082 1006 4161 ἄφθονα,
1072 4083 1304 4157 ποίμνιά
1369 4105 1428 4138 τε
1486 4083 1575 4138 καὶ
1647 4081 1912 4159 βουκόλια

253 4178 376 4233 κατ’
435 4173 637 4250 ἀγέλας
693 4179 812 4235 ταῖς
869 4173 1246 4247 ἀκρωνυχίαις
1303 4171 1442 4233 ἀνεὶς
1519 4172 1793 4244 νὲμεσθαι’
1846 4169 1908 4226 οὐ

255 4267 361 4341 γὰρ
393 4263 795 4340 εὐπερίληπτος
821 4265 856 4332 ἡ
890 4267 990 4318 τοῦ
1026 4261 1288 4338 φρουρίου
1344 4257 1506 4316 τοῦδε
1561 4263 1907 4336 περίμετρος,

259 4352 386 4409 ἀλλ’
442 4353 496 4415 ἐς
563 4352 646 4408 ὅτι
703 4351 961 4407 πλεῖστον
1025 4350 1297 4424 εὐρύνεται
1346 4348 1434 4403 καὶ
1471 4349 1789 4422 μηκύνεται,
1820 4350 1908 4404 καὶ

257 4442 478 4499 ἄλσεσιν
539 4441 591 4503 ἐς
650 4437 875 4515 ὄμϐρων
937 4444 1104 4510 κομᾷ,
1171 4439 1260 4492 καὶ
1310 4438 1541 4512 χωρίοις
1599 4435 1908 4513 δρυμώδεσι

260 4527 536 4607 βὲϐριθεν,
570 4532 687 4592 ἑνὸς
719 4527 776 4584 δὲ
822 4549 973 4592 τινος
1027 4526 1226 4596 καλοῦ,
1279 4528 1371 4582 καὶ
1426 4526 1623 4582 τούτου
1676 4526 1907 4601 ἀπαραι-

257 4622 452 4690 τήτου,
483 4617 784 4674 καλλίστου
817 4617 907 4671 καὶ
937 4616 1229 4691 κρατίστου
1284 4615 1347 4670 τὸ
1414 4615 1672 4691 φρούριον
1729 4612 1910 4688 στέρε-

256 4713 368 4764 ται⁶
401 4706 528 4764 οὐδὲ
567 4708 669 4784 γὰρ
734 4707 970 4781 βραχεῖά
1031 4725 1113 4767 τις
1179 4702 1371 4764 ὕδατος
1418 4698 1578 4767 λιϐὰς
1632 4703 1741 4758 ἐκεῖ
1797 4724 1904 4758 που

257 4795 561 4864 ἐκδίδωσιν,
581 4774 988 4872 ὀδδὶίρρεάτιά
1044 4795 1174 4849 εἰσιν
1230 4793 1452 4869 ὀρυκτὰ,
1508 4791 1654 4848 ἀλλὰ
1713 4790 1796 4848 δεῖ
1852 4791 1904 4854 ἐς
1943 4774 1985 4841 C

257 4888 352 4942 τὸν
405 4887 655 4960 ποταμὸν
730 4884 961 4940 κατιέναι
1038 4883 1130 4938 καὶ
1179 4879 1388 4957 ὑδρίαις
1465 4883 1756 4958 ἀρύσασθαι
1811 4883 1903 4938 τὸν

259 4975 449 5032 ποτόν.
480 4975 739 5034 Τοιούτον
773 4974 955 5029 τοίνυν
1013 4972 1284 5046 ἐρύματος
1343 4972 1612 5046 ἐγκρατὴς
1671 4972 1699 5026 6
1763 4971 1904 5048 Χρύ-

260 5085 358 5126 σος
387 5066 675 5140 γενόμενος
719 5064 857 5138 πρὸς
913 5059 1064 5117 οὐδὲν
1121 5062 1203 5115 ὅτι
1256 5061 1373 5115 κατ’
1428 5059 1594 5115 αὐτοῦ
1648 5059 1905 5134 βασιλεὺς

259 5153 464 5210 ἔπεισιν
497 5153 839 5228 ἐτετάρακτο,
893 5150 1020 5206 ἀλλ’
1077 5151 1150 5211 ὡς
1210 5148 1621 5222 ἀντιταξόμενος
1673 5151 1902 5222 ἡτοιμά-

259 5266 414 5303 σατο.
465 5247 599 5306 Τοῖς
661 5243 754 5316 μὲν
815 5243 905 5296 οὗν
960 5243 1012 5295 ἑν
1073 5239 1231 5312 πείρᾳ
1287 5235 1539 5311 πολέμου
1593 5239 1907 5312 Ῥωμαίοις,

259 5335 310 5389 εἲ
337 5355 423 5398 τις
474 5353 580 5388 που
637 5331 774 5394 τέως
834 5329 922 5386 καὶ
979 5327 1370 5398 ὕπολέλειπτο,
1428 5327 1521 5382 καὶ
1575 5329 1658 5389 οἷς
1710 5330 1745 5397 ἡ
1797 5333 1905 5382 τῶν

260 5423 432 5479 ἰκεῖσε
460 5421 608 5483 θέσις
649 5424 850 5498 χωρῶν
875 5417 1128 5492 οὐδαμῶς
1157 5416 1418 5490 ἠγνόητο,
1490 5415 1607 5472 δέον
1668 5417 1906 5490 ἐκρίνετο

335 5513 349 5534 \
445 5517 472 5527 ν
742 5514 764 5524 -ν
854 5532 860 5544 ,
1013 5508 1036 5542 ,ν
1112 5530 1120 5542 ,
1507 5505 1548 5532 rp
1712 5508 1726 5526 ς
1854 5507 1866 5522 κ

263 5533 352 5566 και
407 5533 484 5584 τῳ
547 5511 764 5586 βασιλει
821 5503 1204 5562 σσνεϐοδλωον
1264 5503 1606 5582 παραλλαςαι
1670 5527 1766 5577 μεν
1814 5528 1904 5560 τον

267 5599 572 5679 Πρὸσακον,
629 5599 905 5673 μετελθεῖν
967 5594 1024 5652 δὶ
1081 5596 1148 5652 τὰ
1210 5593 1378 5652 λοιπὰ
1445 5595 1761 5669 πολίσματα
1814 5597 1901 5651 καὶ

2029 2121 2342 2178 salonicam
2392 2123 2800 2194 proﬁciscitur.
2835 2124 2976 2179 Inde
3004 2133 3204 2182 contra
3249 2126 3531 2198 Chrysum
3565 2128 3674 2183 iter

681 2213 926 2276 κάκεῖθεν
1028 2211 1254 2271 ἀναστὰς
1336 2211 1471 2265 κατά
1551 2208 1648 2264 τοῦ
1704 2209 1919 2284 Χρύσου

2028 2210 2280 2266 intendit
2327 2211 2427 2281 qui
2487 2212 2780 2267 Strumiza
2836 2213 2950 2268 sibi
3009 2215 3300 2271 vindicata
3371 2215 3671 2273 castellum

2027 2314 2259 2370 quoque
2308 2303 2647 2367 Prosacum,
2695 2306 2755 2354 et
2785 2307 2992 2357 natura
3022 2307 3080 2356 et
3124 2319 3296 2374 opere
3353 2306 3674 2362 munitissi-

2025 2404 2332 2459 mum,pro
2368 2391 2522 2461 regia
2544 2395 2869 2460 occupavit.
2890 2390 3037 2446 Sunt
3069 2393 3226 2448 enim
3259 2393 3455 2451 solidae
3503 2411 3675 2468 rupes

2025 2476 2238 2542 biﬁdas,
2271 2479 2424 2532 inter
2453 2495 2516 2532 se
2546 2479 2856 2550 contiguas,
2889 2480 3043 2535 666
3073 2480 3131 2534 in
3165 2499 3304 2550 quas
3337 2499 3490 2539 unus
3518 2490 3676 2554 patet

2025 2565 2219 2621 aditus
2277 2576 2588 2637 angustus,
2651 2569 2909 2624 difficilis
2948 2579 3001 2623 et
3064 2587 3361 2642 praeceps:
3413 2573 3672 2645 reliquus

2024 2656 2280 2711 ambitus
2313 2657 2548 2726 rupium
2581 2657 2667 2711 vel
2718 2657 3002 2729 capreolis
3058 2660 3389 2716 inaccessas
3444 2667 3553 2730 est,
3613 2669 3672 2718 et

2024 2745 2201 2799 Axius
2231 2745 2557 2816 profundus
2578 2746 2769 2801 amnis
2802 2762 2924 2807 eas.
2964 2749 3120 2818 quod
3160 2749 3389 2814 mirere,
3421 2750 3667 2806 circum-

2025 2833 2171 2888 ﬂuit.
2244 2834 2455 2888 Deinde
2487 2851 2579 2890 ars
2612 2834 2822 2889 mmula
2855 2840 3076 2890 natura:
3108 2853 3252 2907 pene
3311 2841 3666 2911 inexpugna-

2025 2923 2170 2978 biles
2217 2938 2312 2978 eas
2367 2923 2517 2990 fecit,
2577 2932 2629 2978 ct
2690 2924 2979 2980 ﬁrmissus
3043 2927 3332 2983 moenibus
3389 2929 3445 2983 in
3503 2930 3664 2986 aditu

2022 3011 2260 3068 structis
2293 3011 2554 3067 mirabile
2614 3013 3111 3084 prepugnaculum
3147 3015 3414 3073 absolvit.
3451 3018 3514 3074 Id
3569 3035 3664 3075 σεο

2023 3100 2254 3157 stellum
2300 3101 2543 3156 Romani
2603 3101 2740 3157 olim
2792 3101 2938 3158 nihil
2990 3103 3061 3158 de
3122 3103 3380 3177 Bulgaris
3435 3105 3668 3164 solliciti

2022 3192 2318 3246 desertum
2350 3199 2402 3246 et
2429 3191 2754 3262 neglectum
2801 3192 2992 3263 jacere
3023 3197 3177 3264 passi
3209 3199 3367 3250 sunt.
3408 3196 3668 3269 Cbrysus

2025 3295 2152 3335 vero
2193 3279 2550 3334 domicilium
2603 3280 2680 3334 ibi
2745 3281 3104 3338 tutissimum
3156 3285 3480 3340 constituit.
3514 3289 3668 3342 Pras-

2024 3369 2174 3424 sidio
2205 3374 2605 3424 veteranorum
2661 3370 2958 3440 imposito,
2993 3374 3297 3428 tormentis
3330 3375 3388 3429 in
3421 3375 3668 3432 circuitu

2023 3461 2325 3532 dispositis
2383 3470 2438 3516 et
2469 3468 2802 3518 commeatu
2838 3463 3071 3518 abunde
3101 3464 3437 3535 importato,
3470 3483 3672 3539 greges

2021 3555 2076 3606 et
2105 3556 2371 3607 armenta
2414 3552 2471 3606 in
2507 3553 2820 3608 verticibus
2855 3554 3139 3608 montium
3173 3556 3370 3625 vagari
3428 3560 3485 3611 et
3515 3557 3669 3626 pasci

2020 3640 2170 3694 sivit.
2208 3638 2405 3710 Neque
2461 3639 2614 3694 enim
2657 3639 2876 3694 castelli
2908 3639 3165 3696 ambitus
3209 3642 3372 3698 facile
3401 3659 3661 3715 compre-

2020 3727 2195 3783 hendi
2256 3733 2462 3796 potest,
2511 3728 2610 3798 qui
2659 3728 2829 3798 longe
2898 3729 3130 3799 lateque
3189 3735 3362 3800 patet,
3417 3731 3665 3787 saltibus

2019 3816 2195 3872 etiam
2227 3825 2282 3870 et
2341 3817 2679 3872 nemoribus
2709 3816 2892 3874 ﬂoret.
2925 3816 3049 3872 Uno
3080 3822 3275 3872 tamen
3327 3819 3478 3875 bono
3509 3821 3660 3876 667

2019 3921 2202 3977 eoque
2231 3920 2450 3961 summe
2508 3907 2830 3960 necessario
2861 3911 2918 3961 et
2959 3909 3436 3976 praestantissimo
3484 3915 3662 3976 caret,

2020 3995 2177 4067 quod
2209 4011 2280 4051 ne
2313 4011 2427 4050 una
2478 3994 2716 4065 quidem
2758 4011 2924 4066 aquae
2953 3999 3118 4066 gutta
3146 3996 3224 4052 ibi
3256 3999 3518 4066 scaturit,
3559 4015 3666 4056 nec

2019 4083 2248 4141 fossiles
2281 4084 2436 4154 putei
2482 4090 2640 4150 sunt,
2691 4084 2789 4138 sed
2825 4085 2895 4139 ad
2927 4085 3142 4142 ﬂumen
3192 4087 3664 4144 descendendum

2019 4179 2076 4231 et
2133 4174 2358 4246 hydriis
2405 4189 2557 4244 aqua
2620 4172 2943 4228 haurienda
2998 4178 3104 4229 est.
3178 4174 3432 4248 Chrysus
3487 4176 3669 4248 igitur

2018 4263 2121 4320 tali
2150 4262 2383 4319 castello
2443 4262 2677 4332 potitus,
2713 4261 3079 4332 imperatoris
3127 4270 3326 4320 contra
3383 4282 3445 4321 se
3495 4282 3665 4336 expe-

2018 4352 2235 4407 ditione
2268 4350 2414 4406 nihil
2474 4350 2729 4417 territus,
2762 4351 2832 4404 ad
2882 4352 3267 4408 resistendum
3319 4370 3382 4409 se
3423 4355 3662 4425 paravit.

2019 4440 2260 4497 Romani
2317 4456 2449 4494 vero
2503 4438 2584 4493 rei
2617 4438 2879 4494 militaris
2910 4439 3096 4511 periti,
3139 4442 3187 4496 si
3247 4442 3346 4513 qui
3387 4442 3534 4498 forte
3565 4459 3664 4498 su-

2018 4534 2303 4601 pererant,
2336 4533 2392 4583 et
2439 4528 2591 4583 situs
2623 4528 2883 4584 locorum
2933 4545 3047 4585 non
3097 4529 3306 4598 ignari,
3348 4531 3666 4587 monebant

2018 4619 2426 4689 imperatorem
2461 4621 2520 4672 ut
2572 4617 2859 4686 prasterito
2911 4621 3158 4674 Prosaco
3190 4619 3411 4690 reliqua
3449 4620 3662 4690 Oppida

2020 4713 2076 4764 et
2115 4724 2293 4780 pagos
2335 4707 2538 4778 Cbrysi
2595 4707 2908 4776 invaderet,
2942 4712 2998 4764 et
3052 4707 3124 4763 iis
3154 4709 3502 4780 expugnatis
3557 4710 3660 4765 de-

2017 4813 2177 4852 mum
2228 4796 2298 4851 ad
2348 4794 2491 4850 illud
2540 4794 2840 4852 castellum
2873 4796 3185 4852 accederet.
3245 4796 3340 4852 Sic
3397 4804 3450 4852 et
3500 4813 3662 4855 exer-

2017 4886 2198 4941 citum
2231 4885 2351 4939 fore
2393 4884 2748 4939 ﬁdentiorem
2786 4884 3016 4940 victoria
3047 4892 3099 4940 et
3134 4886 3328 4957 praeda
3357 4902 3426 4944 ex
3464 4887 3664 4944 minus

2019 4974 2201 5030 firmis
2261 4972 2518 5029 castellis
2549 4981 2733 5044 parta,
2768 4979 2827 5028 et
2855 4974 3046 5043 ipsum
3099 4974 3384 5047 Chrysum
3423 4977 3478 5032 vi
3529 4977 3663 5034 belli

2020 5067 2259 5135 urgente
2313 5067 2413 5116 aut
2469 5060 2777 5117 consilium
2826 5066 3186 5118 mutaturum
3246 5066 3492 5122 remissa
3547 5083 3672 5137 per.

2019 5151 2253 5216 tinacia,
2290 5157 2387 5205 aut
2421 5151 2491 5206 de
2523 5149 2699 5204 rebus
2731 5149 2851 5204 suis
2880 5151 3320 5222 desperaturum
3351 5171 3364 5208 :
3395 5161 3666 5214 ueterum

2020 5243 2078 5296 in
2110 5256 2298 5295 arcem
2324 5237 2831 5310 ineXpugnabilem
2859 5240 3140 5311 principio
3169 5241 3356 5298 facere
3385 5245 3665 5316 impetum

2017 5337 2074 5384 et
2139 5344 2271 5383 cum
2328 5327 2634 5397 praeruptis
2695 5327 2871 5395 petris
2929 5328 3206 5385 dimicare
3262 5347 3393 5387 cum
3451 5349 3664 5392 vanum

2018 5432 2164 5483 esse,
2188 5419 2312 5470 tum
2343 5415 2601 5471 cruentis
2633 5413 2945 5469 sudoribus
2976 5421 3034 5470 et
3064 5416 3268 5475 multis
3299 5423 3573 5478 aerumnis
3607 5429 3664 5480 et

2018 5506 2272 5563 caedibus
2297 5509 2556 5576 plenum.
2592 5504 2693 5557 His
2718 5505 3023 5573 spadones,
3057 5507 3336 5578 Georgius
3368 5510 3662 5567 OEnmotes

2016 5598 2075 5651 in
2131 5593 2357 5665 primis,
2407 5599 2464 5650 et
2513 5591 2806 5649 imberbes
2854 5591 3270 5650 adolescentuli
3317 5597 3525 5654 acriter
3552 5601 3658 5656 ad-
