4098 6292
472 369 591 430 883

1785 373 2093 433 NICE'I‘AS
2136 373 2561 435 ()HONIATE

3716 385 3813 445 884

469 508 706 575 versati,
740 500 1072 575 imperatori
1112 509 1530 574 persuaserunt
1559 510 1624 562 ut
1672 511 1827 565 recta
1865 509 1937 564 ad
1977 509 2114 564 Pro-

2241 509 2322 570 τὰς
2376 510 2570 582 κώμας
2627 511 2820 566 ὁπόσαι
2878 512 3141 581 κατήκοοι
3191 511 3379 586 χρύσῳ
3431 513 3682 587 γεγόνασι,
3712 516 3822 585 μετὰ

474 614 678 656 secum
747 595 1064 651 adduceret
1147 594 1489 664 exercitum,
1560 613 1675 668 quo
1739 603 1908 669 capto
1976 599 2121 654 nihil

472 687 747 757 deinceps
809 698 980 755 posse
1050 682 1338 751 resistere,
1399 688 1717 755 praesertim
1780 703 1915 742 cum
1981 688 2126 743 nihil

472 776 782 847 impediret
814 771 1133 843 quominus
1165 788 1356 828 arcem
1414 775 1567 829 668
1621 776 1750 829 belli
1805 777 2124 841 invaderet,

474 882 581 922 nec
638 863 955 935 quidquam
1009 866 1167 914 esset
1222 866 1373 932 quod
1440 863 1668 918 hostem
1727 880 1827 935 per
1855 866 2128 937 ambages

474 968 730 1025 quaerere
760 955 1010 1020 cogeret.
1066 949 1350 1006 Praeterea
1407 954 1699 1007 neminem
1733 970 1863 1007 esse
1927 955 2023 1023 qui
2070 956 2126 1009 in

476 1038 794 1099 barbaricis
835 1043 893 1093 et
947 1038 1115 1092 fmdis
1167 1037 1283 1093 illis
1330 1039 1475 1095 locis
1507 1042 1733 1096 diutius
1778 1047 2130 1100 commorari

480 1130 793 1194 sustineat,
845 1125 1002 1182 nullo
1047 1132 1145 1181 aut
1197 1128 1406 1200 exiguo
1457 1145 1591 1183 cum
1643 1130 1857 1199 fructu,
1913 1132 2129 1187 ﬁcuum

477 1226 534 1297 et
576 1232 864 1292 peponum
910 1220 1173 1288 tempore
1232 1219 1512 1288 instante,
1570 1224 1626 1275 et
1677 1221 1899 1276 caeteris
1944 1223 2133 1291 pomis

479 1306 1033 1371 maturescentibus,
1095 1306 1313 1376 quibus
1364 1308 1667 1379 Propontis
1708 1314 1774 1364 ut
1831 1311 2134 1380 paradisus

482 1398 581 1455 Dei
614 1396 885 1452 manibus
916 1395 1177 1451 consitus
1208 1396 1458 1453 abundet
1489 1419 1517 1447 «
1548 1398 1799 1463 Utinam,
1836 1401 2133 1471 inquiunt,

481 1489 541 1544 in
579 1484 778 1555 Rhegii
830 1483 1071 1555 planitie
1112 1501 1397 1551 essemus,
1450 1492 1508 1542 et
1557 1487 1903 1557 Apbameam
1940 1505 2132 1545 cerne-

482 1592 701 1645 remus,
738 1579 800 1629 ut
827 1590 993 1630 sacra
1017 1574 1179 1647 Cpoli
1212 1576 1464 1632 salutata
1485 1577 1544 1634 in
1579 1579 1952 1650 Propontidis
1967 1597 2138 1636 amne-

483 1669 699 1725 nitates
733 1665 1161 1738 navigaremus,
1188 1684 1362 1739 quam
1398 1667 1557 1725 lenes
1597 1675 1655 1726 et
1685 1672 1943 1727 fecundae
1964 1674 2135 1743 Aqui-

483 1761 637 1819 lonis
680 1777 836 1818 aures
894 1758 1118 1829 jugiter
1149 1761 1412 1827 perﬂant,
1473 1758 1572 1815 ubi
1647 1760 1831 1830 pisces
1881 1768 2138 1818 recentes

2236 595 2294 653 δὲ
2343 601 2442 669 τὴν
2495 600 2705 655 τούτων
2762 601 3020 676 χείρωσιν
3074 604 3153 672 τῷ
3186 606 3447 674 Προσακῳ
3473 596 3823 673 παρεμϐαλεῖν.

2235 688 2379 743 οὕτω
2431 690 2534 765 γὰρ
2585 688 2815 745 ἐσεῖσθαι
2872 690 2963 745 καὶ
3018 691 3081 745 τὸ
3170 689 3473 765 στράτευμα
3526 691 3830 765 εὐθαρσέστε-

2241 800 2355 856 ρον,
2411 782 2478 837 τὰ
2538 781 2842 857 εύχείρωτα
2898 781 3399 855 καταστρεψάμενον
3469 781 3709 857 πρότερον
3759 785 3833 839 καὶ

2238 866 2387 924 λείαν
2459 870 2655 926 ἐκεῖθεν
2712 867 3174 946 περιϐαλόμενον,
3230 870 3319 925 καὶ
3406 870 3560 925 αὐτὸν
3644 867 3694 924 δὲ
3758 872 3833 926 τὸν

2240 959 2449 1033 Χρύσον
2481 965 2549 1033 τῇ
2586 961 2675 1035 βίᾳ
2716 965 2822 1013 τῶν
2877 959 3210 1034 πραγμάτων
3276 958 3581 1037 ἀγχόμενον
3632 960 3704 1031 [Ρ.
3732 964 3833 1034 326]

2241 1042 2779 1120 μεταϐουλεύσασθαι
2862 1069 2915 1102 τι
2999 1047 3396 1123 χρηστότερον,
3480 1044 3684 1101 ἐνδόντα
3761 1053 3838 1102 τοῦ

2241 1136 2373 1211 ἄγαν
2407 1138 2441 1205 ἤ
2498 1136 2589 1191 καὶ
2644 1137 2952 1211 ἀπογνόντα
3017 1142 3120 1192 τῶν
3179 1137 3295 1201 καθ’
3353 1134 3533 1190 αὐτόν.
3582 1139 3681 1191 Τοῦ
3719 1134 3767 1190 δὲ
3791 1157 3841 1213 γε

2238 1228 2376 1281 κατὰ
2434 1229 2536 1296 τήν
2602 1229 2828 1301 πρώτην
2887 1228 3069 1301 ὁρμὴν
3128 1231 3245 1287 τοῖς
3305 1225 3675 1300 ἀπροσμάχοις
3716 1226 3840 1287 εὐθὺς

2240 1311 2576 1391 προσϐαλεῖν
2632 1316 2721 1370 καὶ
2782 1315 2919 1390 πρὸς
2977 1311 3081 1387 ὅρη
3143 1312 3538 1387 διαμιλλᾶσθαι
3610 1313 3842 1387 ἀπότομα,

2245 1407 2322 1479 μὴ
2354 1405 2441 1460 καὶ
2495 1407 2630 1459 εἶναι
2695 1407 2921 1477 μάταιον
2983 1399 3197 1481 ἔλεγον,
3266 1403 3359 1458 καὶ
3415 1399 3599 1463 ἄλλως
3647 1399 3844 1477 ἱδρῶτας

2241 1496 2370 1568 ὁρᾷν
2438 1494 2793 1566 αἱματόεντας
2849 1492 2939 1548 καὶ
2998 1493 3393 1569 προσκείμενον
3449 1491 3611 1545 πόνον
3679 1491 3845 1558 πολὺν,

2240 1581 2331 1635 καὶ
2388 1582 2739 1658 φαντάζεσθαι
2793 1581 2992 1657 κόρσας
3050 1582 3350 1655 ἀναύχενας
3390 1582 3497 1634 τῶν
3521 1578 3843 1654 μαχουμένων

2244 1667 2469 1745 ἄνδρῶν.
2530 1672 2632 1728 Καὶ
2691 1672 2743 1725 o't
2804 1672 2900 1744 μὶν
2956 1674 3126 1725 ταῦτα
3196 1671 3497 1745 παρῄνουν,
3568 1667 3846 1738 ἀντέστησαν

2245 1757 2304 1815 δὶ
2332 1761 2702 1835 γενναιότερον
2734 1760 2786 1814 οἱ
2822 1761 2898 1833 μὴ
2932 1759 3157 1834 ἐνόρχαι
3187 1763 3284 1813 τοῦ
3320 1757 3588 1833 βασιλέως
3642 1758 3844 1830 πρόχοι-

483 1851 786 1923 palpitant.
824 1847 921 1904 ubi
953 1847 1261 1918 delphines
1285 1848 1726 1917 jucundissime
1759 1849 1993 1918 saltant,
2035 1851 2134 1905 ubi

2243 1870 2352 1919 τοι,
2384 1851 2460 1904 ὧν
2492 1848 2879 1925 ἐπρωτίστευεν
2912 1850 2941 1903 ὁ
2988 1849 3274 1919 Οἶανώτης
3342 1848 3631 1923 Γεώργιος,
3669 1846 3747 1899 καὶ
3793 1847 3847 1899 τὰ

2251 1938 2264 1949 .
2319 1939 2332 1949 .
2432 1945 2457 1949 μ
2520 1940 2565 1949 --
2748 1938 2758 1949 .
2888 1940 2900 1949 .
3044 1939 3054 1949 ,
3390 1935 3401 1949 .
3575 1931 3641 1949 ,κν
3803 1932 3814 1949 ι

483 1939 707 1996 lavacra
762 1936 976 2010 passim
1040 1935 1320 2005 arrident,
1381 1937 1480 1991 ubi
1540 1936 1921 2008 limpidorum
1981 1940 2138 1993 rivu-

398 2087 403 2091 ,
484 2029 670 2085 lorum
704 2029 889 2083 flexus
940 2028 1327 2096 spectatorem
1380 2023 1728 2091 exhilarant,
1777 2027 1873 2081 ubi
1903 2028 2142 2085 auribus

491 2114 999 2173 obambulantium
1074 2114 1333 2184 garritus
1385 2112 1767 2170 hirundinum
1825 2122 1883 2171 et
1937 2122 2143 2173 cantus

485 2206 874 2262 lusciniarum
923 2206 1380 2274 ceterarumque
1431 2203 1622 2259 avium
1683 2203 2077 2262 blandiuntur.
2115 2230 2141 2257 »

496 2294 682 2366 Igitur
705 2292 1020 2361 imperator
1047 2289 1195 2345 laxis
1225 2290 1470 2346 habenis
1493 2292 1563 2346 ad
1596 2291 1905 2348 Prosecum
1942 2294 2141 2362 fertur,

490 2382 658 2455 quasi
715 2379 898 2436 oculis
943 2396 1012 2434 ea
1086 2388 1420 2448 usurpasset
1475 2397 1606 2450 quae
1662 2381 1904 2437 auribus
1970 2400 2141 2439 acce-

494 2474 681 2543 perat.
715 2469 915 2524 Obiter
943 2474 1138 2523 tamen
1171 2469 1411 2523 castella
1455 2470 1717 2539 quaedam
1749 2487 1942 2527 eversa
1981 2480 2142 2541 sunt,

489 2566 544 2616 et
584 2558 791 2614 horrea
845 2564 903 2612 et
959 2562 1184 2628 segetes
1236 2557 1506 2624 incensis,
1548 2566 1603 2613 et
1652 2577 1685 2613 a
1726 2561 1941 2627 Persis,
1994 2577 2144 2631 quos

490 2649 837 2719 Ancyranus
912 2650 1150 2716 satrapa
1207 2645 1539 2715 imperatori
1602 2647 1816 2703 auxilio
1886 2649 2141 2715 miserat,

493 2734 695 2791 Blacbi
745 2733 968 2805 aliquot
1010 2733 1188 2804 capti.
1222 2733 1366 2788 Eum
1419 2734 1755 2790 orthodoxa;
1810 2736 1942 2792 ﬁdei
1988 2738 2141 2793 666

489 2823 744 2880 cultores
790 2821 1201 2893 imperatorem
1253 2821 1525 2878 obtestati
1571 2830 1708 2879 sunt
1752 2840 1823 2880 ne
1863 2842 1897 2880 a
1937 2826 2143 2883 Turcis

491 2913 759 2971 homines
822 2913 923 2985 qui
973 2913 1245 2969 eumdem
1303 2918 1481 2969 Deum
1533 2916 1745 2983 colant,
1806 2932 1981 2987 quem
2036 2934 2144 2973 nos

488 3017 920 3068 veneraremur,
977 3001 1186 3057 abduci
1260 3000 1377 3057 ullo
1453 3003 1621 3058 modo
1688 3009 1999 3074 pateretur,
2072 3022 2145 3060 ne

491 3091 834 3163 religionem
905 3090 1179 3159 abjurare
1228 3090 1409 3145 coacti
1474 3096 1649 3146 Deum
1698 3100 1897 3147 contra
1953 3109 2053 3149 eos
2112 3110 2145 3149 a

494 3180 711 3251 quibus
759 3178 937 3232 dediti
968 3185 1163 3233 essent
1220 3178 1616 3249 instigarent:
1666 3182 1763 3234 sed
1797 3181 2024 3237 Blachis
2080 3184 2137 3237 in

2248 1938 2335 1993 ἐπὶ
2392 1945 2491 2007 τῆς
2520 1938 2824 2013 ςθεραπείας
2883 1939 3176 2013 λειογένεια
3244 1935 3521 2011 μειράκια.
3571 1931 3721 1989 Οὗτοι
3768 1932 3846 2007 γὰρ

2246 2028 2597 2103 περιστάντες
2620 2028 2712 2082 τὸν
2756 2028 2980 2102 βασιλέα
3009 2024 3239 2082 παλαιοὶ
3280 2026 3371 2079 καὶ
3415 2021 3681 2092 πανδέξιοι
3729 2016 3850 2077 ἕπει-

2247 2137 2342 2171 σαν
2372 2115 2428 2179 ἔς
2458 2117 2550 2172 τὸν
2587 2116 2866 2190 Πρόσακον
2898 2115 3190 2190 εὐθυώρως
3245 2112 3396 2188 ἄγειν
3463 2114 3561 2182 τὴν
3619 2110 3845 2186 στρατιὰν,

2245 2207 2335 2260 καὶ
2366 2207 2484 2261 κατ’
2524 2205 2690 2261 αὐτοῦ
2719 2210 2817 2261 τοῦ
2831 2204 3048 2280 Χρύσου
3079 2204 3256 2259 ἀντίον
3283 2202 3358 2258 τὰ
3388 2200 3535 2258 ὅπλα
3591 2200 3725 2277 ἂγειν
3777 2199 3848 2253 καὶ

2243 2296 2305 2349 τὸ
2339 2293 2469 2368 δόρυ
2503 2292 2974 2369 διαγκωνίζεσθαι,
3008 2294 3083 2355 ὡς
3112 2317 3140 2345 ιι
3174 2291 3238 2348 El
3270 2289 3435 2355 οὗτος
3465 2289 3738 2357 ἁλώσεται,
3772 2285 3848 2342 οὒκ

2247 2381 2389 2439 ἔστιν
2429 2385 2576 2445 ὅστις
2617 2383 2670 2448 ἐς
2698 2385 2761 2439 τὸ
2816 2382 2938 2457 ἑξῆς
2992 2383 3396 2452 ἀντιστήσεται.
3458 2380 3561 2437 Καὶ
3610 2378 3777 2439 ἄλλως
3805 2373 3850 2430 δὲ

2247 2474 2296 2529 τί
2336 2475 2399 2529 τὸ
2456 2474 2883 2549 προσιστάμενον
2936 2475 3013 2547 μή
3072 2473 3209 2527 κατὰ
3262 2477 3364 2527 τοῦ
3425 2469 3635 2545 καιρίου
3693 2468 3849 2541 μέρους

2245 2563 2440 2619 αὐτίκα
2471 2568 2695 2638 χωρεῖν,
2729 2562 2856 2619 ἀλλ’
2898 2563 2957 2617 ἐκ
3008 2559 3275 2637 περιόδων
3336 2558 3430 2615 καὶ
3488 2558 3695 2614 κύκλων
3749 2576 3847 2629 μετ·

2247 2651 2500 2726 ἔρχεσθαι
2530 2652 2593 2706 τὸ
2623 2650 2898 2724 πολέμιον
2932 2674 2945 2722 ;
2978 2652 3116 2726 πρὸς
3159 2648 3216 2704 δὲ
3244 2648 3468 2712 τούτοις
3501 2650 3583 2710 τίς
3637 2645 3691 2702 ἄν
3747 2645 3845 2700 ἀνέ-

2246 2741 2564 2819 ξεταιὸγως
2593 2746 2714 2802 ταῖς
2768 2735 3127 2816 βαρϐαρικαῖς
3189 2739 3415 2802 ταύταις
3471 2737 3561 2793 καὶ
3616 2733 3849 2811 ἀχαριτώ-

2246 2851 2364 2892 τοις
2394 2831 2607 2904 χώραις
2635 2825 2930 2904 διατρίϐειν
2960 2827 3048 2883 ἐπὶ
3079 2825 3224 2883 πολὺ
3257 2824 3329 2881 δι’
3400 2823 3555 2881 οὐδὲν
3608 2825 3644 2893 ἢ
3701 2820 3852 2896 μικρὸν

2247 2915 2468 2998 ὄφελος,
2505 2925 2604 2988 τῆς
2669 2923 2778 2973 τῶν
2845 2918 3046 2973 συκίων
3119 2918 3209 2970 καὶ
3267 2921 3374 2971 τῶν
3455 2914 3696 2970 πεπόνων
3743 2906 3852 2985 ὥρας

2247 3006 2609 3084 ἐφισταμένης
2664 3007 2754 3061 καὶ
2810 3012 2917 3062 τῶν
2973 3003 3159 3063 ἂλλων
3219 3006 3606 3080 περκαζόντων
3682 3000 3851 3077 ὡραίων

2246 3103 2345 3166 τῆς
2377 3103 2508 3170 γῆς,
2530 3097 2616 3157 οἷς
2649 3090 3003 3171 ὑπερϐἑϐριθε
3034 3094 3340 3170 Προποντὶς
3420 3094 3518 3149 ὅσα
3573 3091 3660 3149 καὶ
3717 3086 3843 3163 παρεὶ-

2249 3183 2425 3246 δεισος
2464 3184 2610 3259 χειρὶ
2643 3189 2778 3240 Θεοῦ
2844 3184 3160 3263 φυτευθείςς
3203 3181 3333 3241 Εἴθε
3378 3184 3488 3238 ὑπὸ
3544 3180 3706 3237 πλακὶ
3754 3179 3846 3245 Ῥη-

491 3274 887 3325 Romanorum
944 3265 1183 3321 servitia
1242 3266 1569 3324 distributis
1624 3270 1833 3337 Persae,
1881 3271 1978 3340 qui
2037 3288 2135 3328 eos

2247 3275 2368 3349 γίου
2433 3274 2724 3349 γενοίμεθα
2816 3259 2901 3329 καὶ
2971 3275 3274 3348 Ἀφάμειαν
3343 3272 3692 3345 θεασαίμεθα,
3734 3265 3849 3325 ὅπως

491 3355 807 3426 cepissent,
865 3352 995 3408 aliis
1032 3353 1439 3425 largitionibus
1469 3357 1867 3427 placarentur.
1926 3359 2141 3416 Verum

489 3443 590 3501 ille
620 3443 791 3515 plane
823 3443 1017 3498 renuit
1046 3463 1060 3512 ;
1098 3450 1155 3499 et
1201 3444 1409 3500 castris
1440 3448 1507 3500 ad
1566 3450 1873 3503 Prosacum
1937 3449 2141 3519 positis

491 3534 687 3592 statim
743 3534 1230 3607 oppugnationem
1287 3539 1510 3591 tentare
1566 3538 1838 3594 instituit.
1894 3541 1971 3595 Ac
2031 3541 2140 3597 Ro-

496 3624 655 3680 mani
689 3639 865 3695 opera
890 3624 1140 3680 edebant
1167 3625 1409 3695 praemio
1436 3629 1495 3681 et
1524 3627 1911 3685 admiratione
1941 3629 2140 3702 digna,

492 3729 655 3785 spem
728 3728 959 3769 omnem
1025 3712 1320 3769 alacritate
1397 3720 1765 3787 superantes.
1828 3718 1970 3774 Nam
2044 3718 2144 3776 alii

491 3802 707 3875 clypeis
763 3810 819 3858 et
886 3801 1104 3857 strictis
1183 3802 1422 3859 ensibus
1498 3805 1733 3875 muniti,
1813 3808 1910 3862 alii
1969 3825 2142 3866 arcus

490 3897 550 3949 et
632 3891 872 3965 sagittas
944 3896 1241 3963 gestantes
1325 3893 1381 3947 in
1464 3896 1679 3950 arduos
1754 3896 1972 3953 castelli
2057 3903 2143 3953 tu-

488 3981 679 4037 mulos
736 3982 1101 4052 arrepebant,
1153 3986 1211 4037 et
1273 3984 1547 4039 manium
1605 3985 1942 4042 defensores
2003 3988 2140 4043 facti

492 4072 792 4141 prOpiores
901 4070 1282 4139 impetebant.
1405 4071 1663 4144 Denique
1781 4080 1908 4145 post
2009 4077 2138 4131 fati-

491 4159 779 4232 gationem
840 4164 895 4214 et
941 4161 1154 4216 caedem
1193 4161 1435 4218 multam
1482 4162 1763 4220 barbaros
1816 4164 2139 4220 munitione

493 4264 697 4304 recens
756 4248 937 4317 portis
996 4247 1251 4304 obducta
1307 4251 1679 4322 depulerunt.
1731 4253 1909 4308 Erant
1966 4255 2136 4310 etiam

489 4336 592 4408 qui
642 4351 740 4407 per
786 4336 1112 4407 praecipites
1167 4338 1431 4394 tramites
1489 4341 1731 4395 funibus
1783 4357 1907 4397 sese
1964 4342 2138 4397 attol-

487 4423 692 4492 lentes,
718 4430 776 4481 et
828 4425 887 4481 in
946 4425 1188 4495 rupibus
1242 4427 1429 4482 instar
1475 4443 1806 4499 caprearum
1866 4431 2137 4487 haesitan-

487 4518 597 4584 tes,
633 4515 847 4571 mmnia
894 4513 1312 4571 transcendere
1373 4520 1432 4571 et
1461 4516 1519 4571 in
1554 4518 1739 4588 ipsam
1786 4534 1979 4575 arcem
2011 4536 2140 4576 eva-

489 4603 624 4660 dere
726 4605 1074 4660 niterentur.

486 4691 808 4764 proﬂigatis
860 4696 917 4747 et
973 4691 1031 4746 in
1066 4690 1369 4748 castellum
1423 4694 1744 4765 compulsis
1774 4712 1837 4751 se
1884 4713 2005 4752 rem
2040 4715 2132 4754 sa-

485 4780 725 4838 lutarem
808 4789 864 4837 et
940 4778 1382 4851 pulcherrimam
1459 4783 1774 4840 confecisse
1840 4792 2129 4856 putarent,

485 4873 611 4924 tum
661 4871 893 4925 demum
930 4870 1147 4925 laboris
1199 4869 1291 4926 sui
1329 4873 1640 4928 vanitatem
1699 4873 2130 4932 intellexerunt.

488 4956 628 5013 Nam
689 4973 820 5013 cum
882 4957 1108 5029 ligones
1171 4960 1240 5013 ad
1302 4960 1517 5017 moenia
1590 4960 1875 5033 diruenda
1937 4973 2124 5036 postu-

484 5043 721 5110 lassent,
799 5044 953 5099 676
1035 5061 1209 5102 nemo
1264 5048 1371 5103 fuit
1428 5050 1528 5121 qui
1607 5068 1673 5107 ea
1741 5053 2133 5109 instrumenta

485 5132 905 5202 suppeditaret.
965 5134 1238 5189 Caeterum
1296 5136 1679 5194 nihilominus
1712 5140 1768 5195 in
1802 5156 1971 5210 opere
2001 5157 2127 5210 per-

485 5230 813 5277 severantes
894 5220 1124 5277 fabrum
1204 5225 1471 5293 praefecto
1556 5232 1992 5301 succensebant,
2074 5235 2132 5286 et

486 5309 753 5367 manibus
783 5324 851 5365 ac
875 5308 1088 5379 gladiis
1120 5326 1222 5381 pro
1253 5310 1544 5382 ligonibus
1576 5317 1664 5372 usi
1702 5335 1838 5375 saxa
1889 5334 1920 5373 e
1968 5335 2128 5376 com-

487 5397 737 5471 pagibus
765 5396 1063 5465 eruebant,
1098 5402 1154 5452 et
1176 5399 1384 5469 pinnas
1415 5403 1724 5461 assiliendo
1752 5407 2124 5465 revellebant.

482 5488 590 5542 Sed
631 5503 765 5541 cum
797 5502 890 5542 res
949 5487 1172 5542 tardius
1203 5490 1535 5557 procederet
1579 5499 1635 5550 et
1664 5496 1776 5566 ipsi
1831 5513 1897 5552 ex
1955 5514 2124 5569 supe-

482 5575 633 5632 riore
672 5574 796 5633 loco
860 5572 1009 5629 male
1040 5579 1447 5647 tractarentur,
1508 5580 1602 5635 vix
1655 5585 1891 5640 tandem
1931 5602 2123 5643 arma-

482 5662 772 5722 mentario
803 5661 1110 5736 praefectus
1139 5664 1323 5737 spado
1352 5665 1571 5739 ligones
1603 5669 1660 5726 in
1691 5687 1873 5731 unum
1904 5674 2121 5732 fascem

2247 3361 2639 3435 προσείποιμεν
2725 3363 2824 3431 τήν
2904 3363 3051 3437 ἱερὰν
3123 3357 3716 3426 Κωνσταντινούπολιν,
3778 3353 3850 3408 κά·

2245 3452 2418 3506 κεῖθεν
2454 3450 2507 3514 ἒς
2542 3452 2608 3505 τὰ
2662 3454 2764 3505 τοῦ
2822 3452 2931 3523 πρὸ
2989 3454 3086 3505 τοῦ
3152 3451 3358 3504 Πόντου
3421 3448 3656 3525 τρυφερὰ
3706 3443 3850 3519 χωρία

2244 3537 2841 3615 προσαναπλεύσαιμεν,
2890 3537 3014 3603 ἔνθα
3080 3540 3276 3614 πραεῖά
3339 3559 3432 3602 τις
3490 3534 3626 3613 αὔρα
3679 3534 3853 3610 βόρειος

2244 3629 2335 3684 καὶ
2395 3628 2670 3704 ζωογόνος
2723 3624 3066 3701 προσϐάλλει
3118 3625 3207 3682 διὰ
3271 3630 3503 3697 παντός,
3568 3624 3655 3681 καὶ
3701 3618 3851 3695 ἰχθύες

2244 3714 2454 3777 νεαλεῖς
2509 3714 2939 3790 περίσκαίρουσι,
3025 3713 3115 3770 καί
3196 3712 3448 3790 δελφῖνες
3503 3711 3712 3783 ἣδιστον
3755 3707 3855 3760 ἀνα·

2246 3807 2572 3882 θρώσκουσι,
2606 3803 2852 3878 λουτρῶν
2881 3826 2940 3861 τε
2965 3809 3187 3884 χάριτες
3213 3800 3552 3877 διαγελῶσιν
3588 3800 3857 3869 ἀπανταχῆ,

2242 3900 2333 3951 καὶ
2364 3894 2596 3969 ἀργύρεα
2624 3896 2956 3971 πλανώμενα
2986 3892 3156 3951 ’ὑδατα
3195 3893 3284 3947 τὸν
3331 3894 3538 3962 θεατὴν
3602 3887 3859 3962 διαχέουσι,

2242 3987 2332 4041 καὶ
2392 3987 2489 4051 τὰς
2546 3989 2711 4050 ἀκοὰς
2767 3990 2872 4041 τῶν
2933 3983 3093 4058 δεῦρο
3149 3980 3364 4037 κάκεῖσε
3460 3976 3855 4058 περιφοιτώντων

2242 4076 2460 4131 ἑστιῶσι
2526 4075 2934 4147 κατακηλοῦσαι
3011 4057 3393 4127 κωτίλλουσαι
3461 4064 3729 4145 χελιδόνες
3782 4057 3854 4147 tul-

2245 4164 2604 4238 μελεάζουσαι
2636 4146 2863 4237 ἀηδόνες
2892 4163 2981 4217 καὶ
3012 4166 3115 4215 πᾶν
3146 4156 3348 4233 εὲτερον
3408 4157 3561 4232 ἄλλῃ
3605 4153 3685 4210 καὶ
3732 4146 3848 4238 ἄλλῃ

2238 4236 2433 4327 έρύζον
2493 4254 2544 4311 ἐν
2623 4260 2741 4317 ταῖς
2835 4252 3084 4326 λόχμαις
3144 4249 3235 4303 καὶ
3291 4243 3570 4317 τιτυϐίζον
3632 4236 3848 4318 μουσικὸν

2239 4345 2456 4420 πτερόν,
2518 4371 2541 4399 ι
2605 4343 2763 4415 ’Ὀλῳ
2826 4342 3005 4397 τοίνυν
3068 4338 3261 4414 ῥυτῆρι
3318 4336 3462 4410 πρὸς
3494 4338 3586 4392 τὸν
3616 4331 3844 4420 Πρόσακον

2240 4415 2457 4509 φέρεται
2521 4433 2797 4510 βασιλεὺς,
2854 4429 3005 4504 ε’ἰπερ
3070 4426 3123 4489 ἐς
3182 4427 3296 4481 ἱσον
3355 4425 3509 4497 αὖτῷ
3560 4420 3767 4486 κατέστη
3791 4415 3842 4485 τῇ

2240 4523 2335 4593 θὲᾳ
2387 4524 2416 4577 ὁ
2473 4522 2656 4595 λόγος.
2716 4524 2870 4585 Ὀθεν
2930 4518 3050 4573 τινὰ
3119 4516 3213 4589 μὲν
3291 4512 3539 4586 ἐρύματα
3620 4510 3839 4595 πάρεργον

1177 4602 1289 4658 Sed
1382 4620 1515 4660 cum
1611 4609 2135 4678 propugnatoribus

2245 4608 2374 4667 ὁδοῦ
2398 4593 2862 4689 κατεστράφησαν,
2894 4605 3168 4680 θημωνίαι
3232 4625 3290 4659 τε
3341 4607 3567 4676 καρπῶν
3613 4599 3712 4689 καῖΔ
3739 4593 3834 4661 Mil

2239 4703 2527 4776 πυροφόρα
2595 4685 3091 4774 γκατῃθαλώθησαν,
3163 4694 3252 4748 καὶ
3334 4695 3556 4767 ΙΙερσῶν
3643 4685 3826 4744 ἑάλωσαν

2243 4787 2458 4867 Βλάχοι
2491 4787 2837 4863 δορύκτητοι,
2865 4786 2958 4848 οὕς
2991 4787 3019 4841 ὁ
3050 4790 3150 4873 τῆς
3178 4781 3401 4873 πόλεως
3456 4778 3718 4873 Ἀγκύρας

2238 4880 2449 4955 τράπης
2512 4877 2836 4950 ἐπικούρους
2892 4872 3197 4931 ἀπέσταλκε
3257 4869 3500 4946 βασιλεῖ,
3562 4869 3647 4923 ὅτε
3700 4869 3838 4919 καίτο

2242 4952 2337 5040 μὲν
2369 4967 2492 5044 περὶ
2514 4969 2616 5035 τήν
2647 4963 2932 5040 όρθόδοξον
2965 4964 3165 5036 ξπίστιν
3218 4959 3361 5034 ὑγιὲς
3409 4958 3500 5013 καὶ
3560 4952 3839 5046 θερμότερον

2236 5057 2329 5111 τὸν
2365 5043 2594 5131 βασιλέα
2625 5054 2983 5129 ἐξελιπάρησε
3024 5053 3099 5125 μὴ
3151 5053 3511 5124 συγχωρῆσαι
3566 5043 3714 5133 δλως,
3751 5043 3842 5133 τοὶς

2235 5147 2501 5220 Τούρκοις
2562 5141 2748 5199 οἷ’καδε
2830 5142 3144 5218 ἀνθρώπους
3230 5140 3572 5211 μετενεγκεῖν
3637 5128 3750 5220 Θεὸν
3798 5121 3843 5173 δν

2237 5215 2399 5306 ἡμεῖς
2449 5229 2816 5309 πρεσϐεύομεν
2875 5215 3226 5303 σεϐομένους,
3282 5224 3374 5280 ’ίνα
3408 5226 3483 5296 μή
3542 5223 3640 5289 τὴν
3678 5215 3841 5309 *πίστιν

2236 5322 2454 5388 ἄκοντες
2525 5321 2882 5397 μεταθέμενοι
2938 5320 3001 5375 τὸ
3060 5323 3214 5373 Θεῖον
3281 5316 3420 5370 κατά
3473 5317 3582 5368 τῶν
3614 5304 3843 5402 ἒκδόντυξν

2235 5396 2565 5487 ἐκμήνωσιν,
2622 5412 2769 5467 ἆλλὰ
2824 5414 2886 5467 τὸ
2947 5410 3043 5483 μὲν
3099 5407 3383 5482 Βλαχικὸν
3432 5396 3841 5491 αἶ’χμάλιυτονκες

2236 5482 2500 5557 οἰκετικὸν
2548 5482 2881 5568 ἀποδοθῆναι
2952 5482 3268 5569 Ῥωμαίοις,
3361 5491 3551 5550 αὐτοὺς
3626 5482 3680 5538 δὲ
3734 5482 3839 5533 τοὺς

2234 5589 2682 5666 χειρωσαμένους
2762 5592 2964 5665 Πέρσας
3038 5585 3509 5664 φιλοφρονηθῆναι
3566 5571 3839 5667 δεξιιίκῖξισιῖι

2234 5658 2440 5754 ὲῖτέραις
2477 5658 2809 5757 βασιλικαῖςν
2840 5658 2869 5733 ὃ
2897 5675 2954 5735 δὲ
2994 5658 3108 5732 οὐδ’
3156 5658 3302 5737 ὅλως
3365 5669 3655 5727 ἐπένευσεν.
3708 5658 3838 5715 Ἐτιεἱ
