4098 6292
278 335 404 397 885

1132 332 1234 393 DE
1276 332 1562 395 ALEXIO
1608 331 1893 394 ISAACII
1940 330 2232 397 ANGELI
2276 339 2408 398 FR.
2456 341 2600 399 thl.
2651 339 2754 400 III.

3579 345 3700 405 886

278 465 339 522 δὲ
368 466 460 522 καὶ
515 464 567 526 ἐς
625 466 788 522 αύτὸν
851 465 1063 544 ἐφθάκει
1118 465 1210 521 τὸν
1268 467 1575 541 Πρόσακον,
1612 465 1797 543 βαλὼν
1834 465 1932 522 ἐκεῖ

2049 469 2348 543 colligatos
2395 474 2609 530 attulit.
2669 475 2814 531 Cum
2862 483 3053 533 autem
3097 478 3272 534 homo
3316 482 3701 539 exsecrandus

278 578 388 613 που
444 558 772 631 στρατήγιον
823 553 965 630 ἔγνω
1021 558 1120 610 τοῦ
1169 556 1431 631 φρουρίου
1460 554 1653 610 αὐτίκα
1680 556 1934 630 πειράσα-

278 657 427 711 σθαι.
463 645 561 703 Καὶ
616 644 682 713 ἦν
734 641 859 719 ἔργα
902 647 1042 718 πρὸς
1090 645 1381 716 Ῥωμαίων
1420 648 1711 715 τηνικαῦτα
1741 643 1933 700 τελού-

280 756 420 809 μενα
492 730 733 789 κατιδεῖν
787 729 1013 809 γέρατος
1089 732 1179 787 καὶ
1257 732 1532 805 θαύματος
1607 732 1747 802 ἄξια’
1802 733 1931 806 ὑπὲρ

273 824 384 900 γὰρ
413 820 641 884 ἐλπίδας
700 819 1112 897 διηγωνίσαντο.
1175 823 1241 879 Οἱ
1303 821 1396 893 μὲν
1456 822 1559 898 γὰρ
1601 827 1811 897 θυρεοῖς
1842 822 1931 875 καὶ

270 917 506 988 γυμνοῖς
539 912 868 989 φραξάμενοι
921 914 1005 984 [Ρ.
1041 912 1170 983 327]
1209 910 1429 987 ξίφεσιν,
1482 912 1534 964 οἱ
1586 907 1642 965 δὲ
1686 912 1814 981 τόξα
1843 911 1931 964 καὶ

275 998 417 1077 βέλη
453 997 701 1077 φέροντες
761 997 991 1072 περὶτὰ
1039 999 1236 1068 ἀνάντη
1289 998 1388 1053 τοῦ
1438 997 1698 1075 φρουρίου
1749 997 1935 1074 ἀνρῥι-

268 1093 461 1168 χῶντο
491 1086 774 1166 γεώλοφα,
804 1087 894 1141 καὶ
944 1092 1065 1151 τοῖς
1112 1088 1219 1142 ἀπὸ
1266 1091 1469 1162 τειχῶν
1514 1087 1604 1141 καὶ
1635 1093 1735 1154 τῆς
1768 1085 1934 1159 ἄκρας

269 1176 610 1254 μαχομένοις
686 1174 1149 1251 ἐπεγχρίπτοντες
1224 1170 1480 1231 ἔϐαλλον.
1554 1174 1775 1248 ’Λμέλει
1841 1175 1933 1229 καὶ

267 1268 407 1343 μετᾶ
463 1271 710 1343 κάματον
761 1270 852 1324 καὶ
942 1269 1106 1345 φόνον
1186 1267 1362 1324 πολὺν
1430 1268 1745 1343 ἐξέκρουσαν
1804 1268 1931 1331 τοὺς

262 1356 588 1435 Βαρϐάρους
647 1363 744 1414 τοῦ
792 1360 1290 1437 προτειχίσματος,
1360 1355 1492 1431 ὅπερ
1560 1357 1934 1435 προφύλαγμα

264 1454 380 1505 τῶν
442 1448 617 1504 ἐκεῖσε
672 1446 863 1503 πυλῶν
920 1445 1326 1520 ἐπῳκοδόμητο
1385 1447 1601 1503 νεωστί.
1660 1448 1826 1503 Ἦσαν
1886 1444 1932 1500 δ’

265 1539 321 1594 οἳ
353 1537 446 1593 καὶ
473 1535 563 1592 διὰ
591 1541 701 1592 τῶν
752 1533 1098 1611 κρημνωδῶν
1132 1536 1468 1609 ἀνιμώμενοι
1514 1533 1721 1590 ἀνόδων
1760 1538 1934 1609 ἠκρο-

264 1624 468 1683 ϐάτουν
538 1627 613 1690 ὡς
687 1623 969 1702 αἷ¹γαγροι,
1040 1625 1370 1699 πειρώμενοι
1458 1623 1698 1699 γενέσθαι
1797 1624 1929 1678 ε’ἰσω

263 1720 476 1792 τειχῶν
506 1714 763 1790 καὶπρὸς
793 1715 964 1784 αὐτὴν
1007 1715 1106 1782 τὴν
1154 1712 1320 1788 ἄκραν
1377 1711 1730 1787 ἀναδραμεῖν.
1772 1707 1931 1767 Ἀλλ’

2041 562 2240 616 statim
2299 563 2760 633 submergendus
2819 566 3027 621 fuisset
3055 574 3155 622 aut
3213 569 3414 625 saltem
3447 571 3700 642 graviter

2044 650 2471 720 objurgandus,
2505 661 2563 707 ut
2618 654 2831 710 milites
2883 671 3097 727 pugna,
3133 657 3325 713 labore
3366 664 3422 714 et
3449 666 3591 716 astu
3625 676 3692 717 ex

2043 740 2248 796 ardore
2305 743 2448 797 solis
2500 744 2699 798 afflicti
2731 745 2995 800 nonnihil
3031 755 3449 818 recrearentur,
3497 751 3680 821 impe-

2042 834 2199 884 rator
2264 846 2439 901 prope
2496 832 2675 888 invito
2733 834 2964 902 similis,
3052 852 3348 893 murmure
3407 838 3687 897 lahiorum

2043 915 2324 973 duntaxat
2378 920 2651 977 simulata
2695 923 2997 978 iracundia
3054 925 3281 980 animos
3341 926 3574 983 fortium
3614 930 3688 985 il-

2042 1006 2227 1062 lorum
2288 1008 2546 1064 virorum
2605 1010 2832 1081 dejecit.
2894 1011 3112 1068 Deinde
3168 1014 3335 1069 scala:
3391 1016 3562 1071 etiam
3618 1019 3689 1074 ad

2044 1112 2273 1152 summa
2331 1100 2543 1153 mmnia
2620 1101 3070 1157 conscendenda
3143 1103 3541 1175 ﬂagitantibus
3597 1107 3691 1162 vix

2045 1188 2278 1242 tandem
2313 1187 2461 1243 datae
2494 1192 2648 1244 sunt.
2682 1190 2884 1261 Itaque
2912 1190 3071 1247 inani
3106 1191 3300 1249 labore
3329 1209 3387 1249 se
3409 1195 3692 1252 coniicere

2045 1276 2307 1332 nolentes
2373 1294 2488 1332 non
2548 1287 2749 1349 sponte
2806 1279 2938 1335 inde
3002 1286 3382 1338 recesserunt.
3460 1284 3693 1356 Alioqui

2042 1367 2365 1436 castellum,
2402 1373 2465 1422 ut
2494 1368 2687 1424 Blachi
2746 1370 2973 1426 obsessi
3026 1373 3390 1441 postmodum
3432 1373 3692 1429 afﬁrma-

2042 1464 2198 1525 runt,
2230 1457 2374 1512 citra
2413 1458 2867 1514 controversiam
2908 1472 3299 1532 expugnatum
3349 1466 3405 1517 et
3433 1462 3689 1533 Cbrysus

2040 1547 2162 1616 ipse
2213 1552 2412 1617 captus
2470 1555 2635 1614 esset,
2696 1556 2750 1602 et
2824 1549 3058 1604 Romani
3140 1567 3411 1622 magnam
3462 1552 3687 1608 laudem

2041 1634 2338 1689 consecuti
2399 1633 2602 1689 multis
2657 1634 2800 1689 671
2884 1642 3075 1705 postea
3129 1635 3421 1693 laboribus
3476 1639 3689 1696 caruis-

2040 1729 2185 1791 sent,
2219 1723 2264 1778 si
2287 1725 2674 1779 instrumenta
2718 1726 2787 1779 ad
2821 1726 3167 1783 diruendum
3215 1744 3444 1783 murum
3474 1727 3683 1785 idonea

263 1805 357 1863 ὅτε
402 1826 455 1861 τι
512 1802 758 1860 διανύσαι
812 1797 972 1879 ἔργον
1032 1803 1291 1876 ᾠήθησαν
1350 1803 1624 1878 σωτήριόν
1692 1823 1749 1857 τε
1814 1803 1929 1879 ἅμα

2037 1812 2229 1867 statim
2281 1812 2340 1866 in
2393 1816 2663 1883 promptu
2712 1812 2977 1868 fuissent.
3032 1814 3195 1869 Nune
3231 1813 3319 1870 vel
3372 1814 3548 1872 ofﬁcii
3581 1832 3682 1871 ne-

261 1894 356 1950 καὶ
405 1891 726 1964 κάλλιστον,
783 1892 910 1954 τοὺς
970 1890 1058 1947 ἐπὶ
1113 1896 1221 1947 τῶν
1282 1896 1487 1966 τειχῶν
1546 1890 1921 1965 ἀμυνομένους

258 1985 595 2060 τρεψάμενοι
649 1981 740 2038 καὶ
809 1980 937 2037 εἲσω
1022 1979 1467 2055 συγκλείσαντες,
1525 1981 1651 2037 τότε
1707 1980 1922 2043 εἰκαίως

260 2071 686 2145 διαπονούμενοι
760 2069 1019 2147 ἔγνωσαν·
1082 2070 1397 2142 αῗτήσαντες
1472 2072 1576 2148 γὰρ
1651 2071 1919 2132 σκαπάνας

259 2163 337 2225 εἷς
395 2164 497 2232 τήν
546 2166 655 2217 τῶν
715 2156 1028 2235 περιϐόλων
1087 2159 1393 2234 καθαίρεσιν
1448 2156 1635 2214 οὐδένα
1676 2160 1828 2235 εἶχον
1857 2160 1921 2215 τὸ

259 2252 479 2320 αίτηθὶν
530 2249 703 2306 ’ὁπλον
778 2250 1139 2324 προσάγοντα.
1218 2246 1601 2323 Ἐπιμένοντες
1702 2246 1760 2303 δὲ
1829 2248 1920 2303 καὶ

260 2340 407 2397 οὕτω
438 2345 519 2412 τῷ
579 2340 776 2417 μόχθῳ
834 2340 924 2393 καί
978 2338 1115 2392 κατᾶ
1172 2338 1281 2393 τῶν
1337 2336 1425 2392 ἐπὶ
1474 2342 1582 2391 τῶν
1619 2337 1918 2411 βασιλικῶν

258 2431 452 2487 ὃπλων
482 2430 934 2507 ἀγανακτοῦντες,
988 2427 1144 2502 χερσί
1192 2448 1252 2481 τε
1307 2427 1397 2481 καὶ
1441 2426 1641 2501 ξίφεσιν
1671 2427 1747 2487 ὡς
1776 2425 1921 2498 ἀμά-

261 2521 390 2583 λαις
421 2520 729 2594 χρώμενοι,
780 2539 906 2579 τους
960 2515 1151 2580 λίθους
1205 2512 1462 2570 ἀπέσπων
1515 2522 1616 2584 τῆς
1666 2516 1919 2588 ἁρμογῆς

259 2610 456 2667 καὶτὰ
486 2608 729 2683 θωράκια
779 2605 1049 2680 καθῄρουν
1108 2604 1555 2679 ἂναθορνύμενοι.
1616 2602 1917 2677 Σχολαίτεο

259 2720 357 2772 ρον
388 2697 447 2753 δὲ
480 2700 578 2752 τοῦ
626 2695 790 2771 ἔργου
841 2689 1257 2769 προϐαίνοντος,
1316 2694 1405 2748 καὶ
1462 2691 1637 2747 αὐτῶν
1670 2712 1919 2767 προσπα-

259 2788 509 2862 σχόντων
568 2788 749 2847 κακῶς
813 2781 874 2837 ἐκ
928 2787 1036 2837 τῶν
1088 2780 1440 2853 ἐπικειμένων
1509 2781 1711 2843 ἄνωθεν
1769 2779 1919 2834 ἀντι-

257 2874 478 2945 πάλων,
511 2873 610 2947 ὀψὲ
639 2873 730 2928 καὶ
766 2868 1009 2947 βραδέως
1054 2872 1082 2925 6
1134 2875 1252 2934 τοῖς
1290 2865 1485 2931 ὅπλοις
1518 2868 1752 2947 ἐφεστὼς
1784 2866 1914 2932 θλα-

262 2962 387 3025 δίας
445 2962 688 3039 ἀφίκετο,
749 2961 1021 3020 σκαπανας
1080 2957 1322 3031 κομίζων
1388 2957 1463 3019 είς
1527 2953 1618 3012 ἕνα
1674 2957 1913 3031 ὁρμαθὸν

259 3050 352 3109 διὰ
410 3050 681 3127 μηρίνθου
740 3043 1228 3122 συμϐεϐλημένας.
1281 3045 1409 3113 Δέον
1458 3046 1551 3100 οὗν
1591 3044 1783 3100 αὐτίκα
1820 3065 1916 3100 κα-

250 3144 684 3211 ταποντισθῆναι
714 3142 804 3195 νὸν
863 3138 1184 3214 ἐπίρῥητον,
1244 3139 1279 3208 ἢ
1336 3140 1464 3211 γοῦν
1506 3134 1790 3214 δυσφόρως
1820 3137 1907 3191 καὶ

252 3230 521 3313 χαλεπῶς
575 3232 665 3285 τὸν
726 3233 1028 3304 κρατοῦντα
1086 3229 1398 3302 ὑπενεγκεῖν
1455 3227 1516 3281 τὸ
1562 3226 1801 3306 πραχθὲν
1835 3224 1913 3288 εἷς

254 3312 525 3399 βραχεῖαν
576 3319 827 3393 ἀνάψυξιν
881 3322 988 3372 τῶν
1051 3318 1205 3391 μάχῃ
1261 3317 1350 3371 καὶ
1412 3312 1555 3389 δίψει
1605 3315 1697 3369 καὶ
1737 3314 1917 3390 πνίγει

250 3408 721 3485 κακουχουμένων
755 3406 844 3463 διὰ
872 3408 963 3462 τὸν
1000 3405 1049 3476 ἒξ
1083 3405 1248 3475 ἡλίου
1301 3405 1577 3472 καύσωνα,
1610 3406 1637 3458 6
1671 3401 1727 3459 δὲ
1776 3403 1914 3478 μόνῃ

253 3500 574 3570 ἔπιπλήξει,
648 3498 738 3553 καὶ
794 3497 966 3569 ταύτῃ
1016 3496 1271 3568 ἀκκισμῷ
1332 3494 1670 3571 κατεχούσῃ,
1719 3493 1808 3547 καὶ
1846 3497 1916 3566 τῇ

252 3591 625 3667 περιψοφήσει
670 3590 777 3643 τῶν
838 3584 1075 3664 χειλέων
1139 3585 1233 3639 τὸν
1300 3584 1707 3659 ἀγανακτοῦντα
1772 3582 1914 3637 ὑπο-

252 3679 586 3754 κρινάμενος
634 3670 931 3731 κατέϐαλεν
994 3670 1139 3728 οὕτω
1195 3673 1262 3727 τὰ
1314 3676 1423 3726 τῶν
1479 3671 1731 3746 γενναίων
1789 3668 1918 3725 ἐκεί·

250 3789 358 3823 νων
394 3764 601 3842 ἀνδρῶν
634 3765 975 3842 φρονήματα.
1028 3763 1152 3816 Ἐπὶ
1204 3758 1261 3816 δὲ
1312 3759 1492 3832 τούτῳ
1522 3758 1613 3814 καὶ
1639 3757 1916 3833 κλίμακας

249 3856 630 3929 αἰτησάμενοι,
690 3852 841 3914 ὅπως
898 3848 969 3906 δι’
1044 3849 1222 3905 αὐτῶν
1277 3848 1331 3911 ές
1386 3848 1451 3904 τὰ
1510 3848 1618 3903 ἄνω
1649 3852 1915 3923 γένωνται

248 3953 357 4003 νῶν
391 3950 612 4023 τειχῶν,
647 3942 773 3999 οὐδὲ
823 3944 1033 3998 τούτων
1093 3941 1287 3996 αὐτίκα
1342 3938 1717 4013 ηύμοίρησαν.
1759 3940 1910 3994 Ὀθεν

254 4038 331 4110 μὴ
366 4035 451 4090 ἐπ’
480 4022 767 4104 ἀνηνύτοις
826 4029 988 4085 εἰσέτι
1051 4033 1237 4104 μογεῖν
1296 4026 1624 4105 ἀνεχόμενοι
1676 4022 1914 4100 μετέϐη-

252 4145 348 4180 σαν
406 4124 607 4187 ἐκεῖθεν
677 4120 786 4195 ούχ
840 4118 1036 4173 ἐκοντί.
1097 4119 1193 4173 Ἐκ
1241 4120 1338 4171 τοῦ
1406 4113 1814 4191 ἀναμφιλέκτου
1865 4114 1912 4170 δ’

252 4214 339 4283 ἂν,
371 4213 445 4274 ὡς
477 4213 529 4266 οἱ
558 4205 1073 4284 τειχομαχούμενοι
1133 4203 1351 4279 Βλάχοι
1407 4202 1732 4258 διετείριοντο
1754 4202 1909 4258 ὕστε-

254 4320 373 4378 ρον,
414 4300 561 4357 ἑάλω
625 4298 690 4353 τὸ
756 4296 1018 4374 φρούριον
1088 4292 1179 4378 καί
1236 4294 1264 4348 ὁ
1322 4292 1540 4365 Χρύσος
1582 4290 1910 4362 συνείληπτο

249 4376 344 4448 καὶ
373 4388 673 4463 Ῥωμαίοις
722 4385 969 4463 εὔφημον
1022 4383 1084 4438 τὸ
1142 4376 1295 4457 ἔργον
1354 4378 1482 4435 τόδε
1530 4382 1789 4455 γεγένητο
1819 4381 1908 4435 καὶ

251 4476 479 4534 πολλῶν
530 4475 777 4531 έσέπειτα
821 4468 1080 4544 καμάτων
1137 4468 1429 4543 ἀναίρεσις,
1476 4466 1522 4522 εἶ
1552 4467 1617 4522 τὰ
1648 4468 1781 4542 πρὸς
1809 4470 1911 4537 τὴν

2035 1900 2258 1971 glectus
2289 1900 2373 1954 vel
2410 1901 2557 1955 Deus
2613 1900 2734 1971 ipse
2793 1901 2866 1973 (is
2926 1918 3059 1957 vero
3122 1902 3349 1959 veniam
3405 1904 3683 1960 concedat

2030 1987 2089 2042 in
2149 2004 2254 2042 sua
2304 1988 2522 2057 judicia
2555 1996 2767 2043 temere
2818 1989 3148 2060 inquirenti)
3208 1990 3279 2045 iis
3335 1990 3672 2047 hominibus

2030 2077 2283 2134 offensus
2312 2077 2429 2131 illis
2480 2077 2773 2133 conatibus
2816 2079 3059 2134 obstitit.
3095 2081 3166 2134 Ac
3208 2097 3273 2136 eo
3305 2081 3397 2135 die
3428 2081 3674 2137 Romani

2030 2165 2115 2220 sie
2144 2183 2177 2220 a
2235 2181 2431 2237 pugna
2461 2166 2852 2221 discesserunt
2884 2210 2898 2234 ,
2933 2183 3049 2236 qua
3078 2169 3354 2238 postridie
3383 2177 3675 2239 renovata,

2031 2253 2305 2308 Barbaros
2356 2254 2578 2309 fortiter
2629 2259 2681 2310 et
2722 2255 3042 2311 insolenter
3097 2257 3170 2312 ob
3222 2257 3561 2313 bosternum
3591 2275 3680 2314 oa-

2028 2357 2156 2397 sum
2192 2350 2513 2414 pugnantes
2575 2350 2908 2413 repererunt
2958 2362 2972 2413 ;
3006 2362 3110 2402 nec
3143 2347 3310 2417 pauci
3368 2363 3437 2403 ex
3467 2348 3681 2403 nostris

2029 2439 2443 2487 tormentorum
2476 2433 2630 2487 saxis
2675 2431 2795 2500 icti,
2830 2449 2897 2487 ex
2942 2437 3235 2503 superiore
3294 2436 3416 2490 loco
3443 2436 3681 2492 solerter

2028 2520 2638 2587 emissis,ceciderunt.
2672 2521 2812 2576 Nam
2845 2524 2946 2592 qui
2974 2538 3066 2578 eas
3092 2523 3394 2579 machinas
3424 2524 3679 2581 instrue-

2028 2609 2148 2673 bat,
2235 2608 2643 2664 solertissimus
2717 2610 2942 2679 artifex,
3033 2612 3315 2679 principio
3402 2612 3678 2667 Romanis

2028 2697 2294 2753 mercede
2354 2696 2708 2765 inservierat,
2774 2703 2897 2753 tum
2951 2715 3080 2754 vero
3128 2700 3201 2754 ob
3251 2715 3364 2754 non
3423 2699 3672 2755 solutum

2026 2785 2378 2856 slipendium
2434 2786 2505 2839 ad
2564 2784 2850 2856 Chrysum
2926 2787 3230 2842 defecerat.
3290 2788 3486 2858 Neque
3539 2804 3671 2843 vero

2025 2873 2207 2944 globis
2266 2875 2538 2928 duntaxat
2606 2873 3027 2942 machinarum,
3123 2877 3223 2931 sed
3292 2877 3445 2932 saxis
3496 2878 3667 2933 etiam

2025 2979 2274 3032 superne
2322 2962 2602 3018 devolutis
2634 2963 2812 3018 nostri
2860 2964 3278 3034 afﬂigebantur.
3315 2966 3392 3022 Ea
3441 2981 3670 3037 quoque

2025 3069 2164 3107 saxa
2213 3067 2337 3122 qua
2376 3051 2560 3121 primo
2594 3052 2812 3124 impetu
2849 3069 3087 3123 corpora
3120 3069 3234 3108 non
3287 3054 3669 3126 attingebant,

2027 3157 2159 3195 cum
2192 3140 2584 3196 eminentibus
2628 3142 2867 3212 rupibus
2915 3139 3081 3196 allisa
3111 3141 3170 3196 in
3213 3141 3462 3212 plurima
3490 3143 3672 3200 frusta

2026 3228 2363 3295 dissilirent,
2398 3227 2515 3283 huc
2542 3231 2718 3297 atque
2747 3227 2888 3284 illue
2928 3245 3130 3299 sparsa
3159 3229 3312 3285 072
3347 3229 3672 3286 letbiferum

2026 3321 2189 3372 erant
2241 3315 2484 3370 malum.
2535 3316 2600 3370 Et
2632 3315 2866 3371 Barbari
2922 3322 3093 3372 noctu
3154 3317 3301 3373 clam
3352 3334 3385 3373 ο
3439 3318 3675 3375 castello

2024 3403 2241 3475 egressi
2304 3402 2603 3458 machinas
2636 3420 2777 3473 quas
2837 3403 3077 3458 Romani
3110 3404 3169 3458 in
3200 3412 3258 3459 tu
3275 3404 3447 3459 mulis
3486 3407 3679 3476 dispo-

2026 3497 2261 3548 suerant
2291 3492 2641 3561 dejecerunt,
2676 3496 2731 3546 et
2762 3493 3031 3547 excubias
3061 3493 3292 3547 territas
3350 3493 3421 3547 ad
3483 3503 3669 3564 proto-

2022 3580 2275 3635 vestiarii
2324 3579 2565 3635 Joannis
2595 3580 2911 3635 tentorium
2973 3581 3257 3651 fugientes
3285 3581 3479 3652 adepti
3510 3586 3669 3648 sunt,

2024 3680 2082 3725 ut
2115 3672 2162 3724 is
2201 3684 2430 3739 quoque
2486 3685 2693 3723 somno
2746 3685 3025 3724 excussus
3056 3670 3248 3724 statim
3296 3684 3328 3724 e
3357 3669 3506 3724 lecto
3536 3686 3669 3725 sur-

2022 3763 2182 3830 geret
2229 3764 2284 3811 et
2330 3757 2588 3826 trepidus
2645 3758 2884 3827 fugerat.
2941 3758 3198 3813 Prtedam
3233 3757 3292 3813 in
3323 3759 3446 3829 ejus
3478 3759 3667 3814 laber-

2022 3845 2228 3902 naeulo
2304 3850 2588 3915 repertam
2641 3846 2858 3914 partiti,
2935 3845 2993 3900 in
3054 3861 3164 3915 qua
3224 3846 3400 3901 etiam
3458 3846 3667 3904 virides

2019 3934 2200 3991 calcei
2256 3940 2440 4000 erant,
2496 3934 2725 4005 insigne
2782 3934 3081 4003 dignitatis
3132 3933 3310 4001 illius,
3337 3952 3439 4007 per
3492 3940 3665 3991 totam

2019 4040 2144 4080 eam
2178 4028 2408 4078 noctem
2470 4038 2561 4078 res
2605 4022 2893 4078 Romanas
2934 4022 3261 4078 deriserunt
3310 4029 3385 4093 et,
3416 4024 3668 4080 subsan-

2020 4118 2250 4168 narunt.
2310 4116 2587 4166 Praeterea
2618 4126 2797 4166 vacua
2852 4109 3009 4167 dolia
3056 4111 3411 4169 demittendo
3468 4114 3661 4170 sonitu

2017 4202 2355 4269 exercitum,
2412 4200 2551 4272 quid
2609 4200 2686 4255 rei
2738 4204 2891 4255 esset
2936 4200 2994 4255 in
3065 4202 3324 4260 tenebris
3379 4204 3665 4277 ignarum,

2018 4287 2584 4363 perterrefaciehant.
2618 4288 2998 4353 Quamobrem
3032 4306 3163 4345 cum
3204 4291 3521 4363 imperator
3550 4311 3665 4352 non

2017 4380 2323 4434 succedere
2380 4377 2705 4434 institutum
2761 4392 2931 4433 suum
2979 4384 3262 4445 cerneret,
3299 4396 3403 4436 nec
3452 4382 3667 4453 alioqui

2017 4466 2235 4522 diutius
2265 4467 2560 4522 immorari
2586 4467 3003 4536 constituisset,
3036 4483 3138 4537 per
3160 4470 3459 4537 pactiones
3481 4470 3665 4543 Chry-

250 4570 562 4645 καθαίρεσιν
633 4570 732 4622 τοῦ
804 4563 1031 4639 τείχους
1107 4558 1723 4638 ὅργαναπροητοίμαστο
1821 4560 1913 4614 καὶ

2028 4574 2083 4613 so
2129 4558 2475 4613 Strummiza
2519 4563 2575 4613 et.
2607 4561 2849 4613 Prosaco
2909 4556 3281 4627 ﬁnitimisque
3329 4559 3665 4631 regionibus

248 4662 383 4716 κατᾶ
434 4658 622 4734 καιρὸν
680 4652 1027 4726 αἰτουμένοις
1090 4650 1408 4725 παρείχετο.
1462 4653 1565 4703 Νῦν
1613 4646 1670 4703 δὲ
1717 4651 1752 4717 ἡ
1796 4653 1907 4703 τῶν

250 4748 603 4819 καθηκόντων
660 4742 893 4816 ἀμέλεια
948 4742 984 4810 ἢ
1044 4739 1137 4794 καὶ
1189 4739 1320 4801 Θεὸς
1376 4736 1537 4801 αὐτὸς
1585 4735 1735 4811 (ἀλλ’
1773 4739 1909 4809 ἡμῖν

253 4836 447 4906 ἱλήκοι
478 4834 630 4897 Θεὸς,
661 4830 712 4886 εἲ
740 4827 1078 4904 ἐμπλήκτως
1129 4831 1247 4888 τοῖς
1303 4824 1468 4881 αὐτοῦ
1529 4819 1905 4897 ἐπιϐάλλομεν

255 4923 505 4998 κρίμασι)
584 4923 661 4995 μή
716 4918 769 4974 έν
844 4923 962 4980 τοῖς
1036 4916 1162 4971 τότε
1233 4914 1540 4988 ἀνθρώποις
1601 4910 1908 4969 ἐπευδοκῶν

258 5011 528 5088 προσέστη
604 5015 722 5072 τοῖς
795 5007 1153 5083 ἂγωνίσμασι,
1224 5002 1326 5060 Καὶ
1391 5005 1508 5059 κατ’
1564 5003 1771 5073 ἐκείνην
1812 5003 1905 5076 μὶν

255 5104 356 5172 τήν
421 5101 635 5173 ἡμέραν
702 5096 849 5151 οὕτω
906 5097 1174 5168 Ῥωμαῖοι
1234 5089 1686 5164 διημιλλήθηοάν
1725 5112 1783 5146 τε
1819 5091 1908 5146 καὶ

254 5189 604 5259 διελύθησαν,
659 5187 758 5254 τήν
810 5183 858 5240 δ’
929 5183 1189 5239 ἐπιοῦσαν
1251 5182 1407 5241 αὗθις
1463 5184 1601 5257 πρὸς
1656 5180 1906 5254 δευτέραν

253 5281 471 5355 έξῃεσαν
520 5273 871 5348 συμπλοκὴν,
928 5272 1083 5345 εὗρον
1143 5267 1199 5324 δὲ
1255 5270 1391 5342 μετὰ
1438 5272 1789 5348 φρονήματος
1817 5271 1908 5324 καὶ

256 5370 476 5442 κόμπου
535 5366 598 5422 τὸ
657 5362 1043 5436 ἀνθιστάμενον
1097 5358 1490 5432 ἁμιλλώμενον
1526 5358 1614 5414 διὰ
1643 5358 1711 5414 τὰ
1756 5380 1908 5414 συνε-

258 5457 517 5535 νεχθέντα
573 5452 759 5529 χθιζά.
818 5449 1000 5507 Ἀλλὰ
1036 5448 1141 5535 Δκαὶ
1196 5448 1261 5502 τὰ
1310 5443 1620 5522 πετροϐόλοι
1655 5450 1907 5522 μηχανή-

268 5532 404 5619 ματα
433 5546 521 5606 οἷς
550 5543 797 5620 ἐχρῶντο
827 5540 879 5595 οἱ
911 5532 1437 5613 Βάρϐαροιξάνῂρουν
1472 5537 1601 5611 ούχὶ
1658 5538 1907 5612 βραχεῖς,

262 5633 543 5714 ἐπιτυχῶς
594 5630 682 5686 καὶ
738 5629 826 5696 ἀφ’
857 5628 1025 5703 ὕψους
1082 5625 1208 5689 τοὺς
1240 5624 1430 5690 λίθους
1464 5625 1905 5696 διακοντίζοντες.

2019 4647 2214 4709 cedit;
2288 4652 2345 4702 et
2402 4646 2667 4717 quamvis
2746 4662 2980 4701 uxorem
3049 4645 3284 4702 habenti
3345 4650 3659 4719 quamdam

2018 4751 2085 4791 ex
2136 4736 2475 4805 cognatione
2529 4752 2635 4790 sua
2678 4752 2742 4790 se
2800 4735 2851 4790 ei
2883 4736 3303 4806 desponsurum
3354 4738 3659 4807 promittit.

2020 4825 2358 4896 Byzantium
2405 4839 2663 4880 reversus
2703 4826 3134 4896 protostratoris
3187 4825 3363 4882 tiliam
3396 4828 3662 4885 amarito

2020 4915 2346 4984 sejunctam
2408 4913 2622 4983 Chryse
2679 4930 2780 4983 per
2853 4914 3156 4969 Sebastum
3217 4913 3663 4974 Constantinum

2019 5002 2379 5056 Rhadaanum
2428 5002 2621 5055 mittit.
2681 5002 2836 5057 678
2886 5001 3257 5073 Sponsalibus
3313 5005 3558 5074 peractis
3610 5016 3666 5064 et

2020 5090 2268 5162 nuptiali
2303 5092 2564 5145 convivio
2592 5092 2882 5161 apposito.
2904 5091 3152 5160 Chrysus
3180 5097 3412 5151 strenue
3441 5096 3671 5166 petebat

2019 5189 2074 5237 et
2124 5181 2476 5234 comedebat.
2549 5178 2700 5234 Uxor
2757 5196 2891 5234 vero
2948 5179 3069 5249 ejus
3124 5180 3421 5239 observata
3499 5200 3673 5253 spon-

2019 5283 2217 5326 sarum
2278 5266 2694 5322 consuetudine
2749 5268 2894 5322 nihil
2926 5268 3242 5337 attingebat
3274 5286 3287 5335 ;
3321 5276 3379 5327 et
3433 5287 3564 5327 cum
3596 5273 3668 5329 ab

2020 5374 2086 5414 eo
2117 5355 2270 5410 vesci
2295 5356 2465 5426 jussa
2484 5370 2596 5409 non
2632 5356 2819 5409 statim
2843 5356 3237 5426 paruisset,ira
3256 5358 3667 5428 inﬂammatus,

2019 5454 2072 5502 et
2106 5443 2309 5498 multis
2371 5442 2633 5497 Barbaris
2686 5444 2876 5498 verbis
2919 5457 3022 5512 per
3074 5443 3533 5513 indignationem
3572 5448 3669 5504 ob-

2019 5535 2419 5600 murmuratis,
2478 5532 2710 5588 tandem
2764 5548 2863 5599 per
2917 5537 3315 5601 contemptum
3366 5551 3549 5608 graeco
3578 5538 3665 5591 di-

2019 5624 2145 5681 xit:
2181 5642 2209 5671 «
2242 5623 2439 5695 Neque
2468 5619 2618 5677 edito
2650 5634 2836 5690 neque
2866 5618 3066 5674 bibito.
3099 5640 3127 5669 κ
