4098 6292
275 327 397 394 889

1121 327 1226 386 DE
1268 327 1554 388 ALEXIO
1598 325 1891 391 ISAACII
1935 330 2220 392 ANGELI
2263 334 2391 393 FR.
2442 334 2584 396 LlB.
2619 337 2726 398 Ill.

3569 336 3690 398 890

279 465 346 520 τὸ
378 460 426 519 δ’
455 458 633 535 ὄνομα
663 460 797 517 ἱκὼν
829 456 1271 534 παραδράμοιμι,
1302 457 1532 532 πλούτῳ
1564 457 1612 514 δ’
1657 461 1725 530 ἦν
1774 461 1931 521 οὗτος

2044 467 2202 531 tem;
2258 469 2316 523 et
2374 467 2547 537 paulo
2607 476 2756 539 post,
2820 473 2882 524 ut
2938 471 3087 527 075
3159 469 3297 526 olim
3348 469 3691 541 histriones,

281 548 614 629 περιϐριθής
665 549 755 605 καὶ
813 548 1067 623 μεγίστας
1135 547 1392 623 χειρίζων
1448 548 1625 627 ἀρχὰς
1680 549 1770 605 καὶ
1821 554 1934 604 to?)

280 644 410 718 περί
441 643 542 710 τήν
598 639 875 713 βασίλειον
924 638 1133 717 γραφὴν
1189 637 1618 717 ἐγγραφόμενος.
1670 636 1929 714 Πλεγμά.

276 751 399 787 τιον
459 726 640 784 τοίνυν
684 726 744 783 ἐκ
791 724 976 801 λύγων
1024 725 1398 802 συγκείμενον,
1430 727 1460 782 ’ὀ
1487 749 1646 801 φησιν
1674 730 1710 796 ἡ
1744 725 1933 801 δημώ-

280 817 387 891 δης
419 818 614 895 φράσις
662 813 781 871 ὄνον
828 815 1065 886 ξύλινον,
1115 815 1480 889 χρυσοπάστῳ
1529 815 1677 890 σάγὼ
1726 821 1933 888 ζῳωτῷ

279 909 339 972 ἐς
374 908 438 964 τὸ
496 904 790 980 διαμπερὲς
843 904 1169 976 σκεπόμενον
1230 901 1634 976 διαζωσάμενος
1690 906 1752 960 τὸ
1800 906 1931 980 σχὲ-

278 996 398 1052 διον
434 995 609 1051 ἐκεῖνο
663 995 882 1068 θέατρον
934 989 1178 1060 εἴσεισιν,
1227 990 1317 1047 ὅτε
1363 994 1453 1047 κάί
1500 993 1568 1062 ἦν
1623 996 1714 1048 τὸν
1770 993 1927 1049 αὐτὸν

277 1089 410 1164 ὁρᾷν
469 1086 557 1141 καὶ
627 1086 703 1147 ὡς
781 1077 1053 1152 ἀναϐάτην
1142 1079 1759 1157 μεγαλοπρεπευόμενον
1839 1082 1930 1138 καὶ

274 1177 449 1233 ἵππον
513 1174 705 1245 εὐήνια
760 1169 1171 1248 προποδίζοντά
1247 1190 1305 1226 τε
1361 1171 1450 1226 καὶ
1509 1172 1926 1246 χρεμετίζοντα·

281 1268 423 1341 μετά
456 1263 637 1342 βραχὺ
670 1260 843 1318 δὲκαὶ
901 1260 1030 1323 τοὺς
1076 1259 1249 1317 πάλαι
1297 1264 1404 1315 τῶν
1454 1257 1744 1335 δραμάτων
1798 1262 1931 1317 ὑπο-

279 1355 494 1430 κριτὰς,
557 1353 651 1408 τὸν
718 1346 950 1429 ἔφιππον
1021 1348 1428 1423 ἀποδυσάμενος
1524 1348 1784 1425 ἔπαρχον,
1840 1351 1933 1407 τὸν

283 1444 596 1520 μαπτάριον
653 1441 1020 1516 ὑποκρίνεται.
1078 1440 1250 1493 Ἦσαν
1299 1435 1356 1493 δὲ
1412 1438 1464 1493 οἳ
1520 1439 1611 1494 τὸν
1667 1441 1928 1515 γυμνικὸν

279 1530 571 1594 ὑποδύντες
626 1531 809 1606 ἀγῶνα
864 1527 926 1583 οὐ
980 1531 1090 1583 τῶν
1149 1526 1201 1597 ἐξ
1260 1527 1462 1602 ἀγορᾶς
1555 1527 1645 1583 καὶ
1699 1525 1932 1603 τριόδων

275 1625 445 1691 τινες,
502 1620 630 1679 ἀλλ’
690 1618 1009 1694 εὐπατρίδαι
1086 1618 1307 1687 νεανίαι,
1389 1618 1624 1695 πρώτως
1709 1617 1933 1695 φύοντες

275 1712 507 1789 γένειον.
566 1712 787 1768 Έθεᾶτο
841 1712 972 1785 γοῦν
1029 1708 1096 1764 τὰ
1153 1707 1384 1778 σκηνικιὶ
1437 1711 1606 1762 ταῦτα
1691 1708 1781 1763 καὶ
1840 1728 1931 1783 γε·

2046 551 2311 624 deposita
2339 560 2626 627 equestris
2670 559 2915 629 prznfecti
2953 576 3199 631 persona
3248 560 3497 631 peditem
3531 561 3694 616 vide-

2044 657 2158 695 res.
2194 644 2301 710 Qui
2327 649 2629 717 gymnicos
2662 647 2831 704 ludos
2875 648 3344 720 frequentabant,
3378 667 3493 705 non
3524 656 3693 705 erant

2042 729 2309 787 homines
2337 736 2790 791 circumforanei
2824 743 2881 793 et
2911 737 3190 803 trivialcs,
3225 739 3325 793 sed
3359 738 3693 795 adolescem

2040 823 2128 876 tes
2160 823 2407 893 patricii.
2442 825 2520 880 Ea
2552 827 2783 882 scenica
2815 832 2871 882 et
2903 827 3149 883 ridicula
3180 828 3405 883 ludicra
3433 829 3693 900 impera-

2042 918 2130 965 tor
2158 918 2215 967 et
2242 912 2583 983 imperatrix
2612 919 2976 985 spectabant,
3013 934 3125 973 una
3171 934 3301 972 cum
3336 919 3603 991 cognatis
3634 923 3693 974 et

2041 997 2520 1058 honoratioribus
2541 1004 2849 1074 ministris,
2867 1006 3093 1061 caeteris
3117 1007 3393 1061 omnibus
3414 1006 3690 1063 exclusis.

2041 1087 2184 1143 Cum
2220 1093 2453 1162 tempus
2485 1093 2755 1149 currendi
2805 1095 3059 1163 adesset,
3092 1095 3400 1151 eunuchus
3431 1097 3691 1152 medium

2040 1175 2231 1234 locum
2261 1183 2489 1246 tenens,
2523 1182 2797 1237 manibus
2828 1185 2896 1238 ad
2932 1185 3159 1239 cubitos
3216 1200 3402 1254 usque
3453 1185 3690 1241 nudatis

2039 1272 2097 1322 et
2123 1274 2395 1340 argenteo
2424 1271 2677 1339 tegmine
2721 1272 2898 1342 capiti
2931 1274 3225 1344 imposito,
3261 1275 3496 1329 tertium
3546 1275 3683 1330 ado-

2039 1354 2327 1414 lescentes
2357 1360 2426 1414 ad
2457 1376 2694 1415 cursum
2729 1362 3096 1432 provocabat.
3131 1363 3378 1429 Quidam
3412 1380 3542 1419 vero
3576 1380 3688 1419 no-

2038 1445 2178 1501 bilis
2220 1456 2274 1502 et
2323 1448 2604 1520 dignitate
2658 1451 2873 1507 illustri
2928 1454 3208 1525 praeditus
3257 1453 3596 1508 adolescens
3648 1470 3682 1507 a

2040 1538 2201 1606 tergo
2232 1537 2360 1606 ejus
2391 1545 2552 1593 stans
2587 1537 2757 1594 toties
2789 1541 2917 1610 ejus
2948 1546 3111 1596 nates
3143 1546 3197 1595 et
3233 1542 3450 1596 femora
3484 1541 3688 1613 planta

2040 1624 2206 1695 pedis
2239 1624 2393 1680 clare
2431 1626 2692 1696 feriebat,
2725 1629 2949 1699 quoties
3006 1628 3104 1684 ille
3136 1628 3448 1685 considens
3499 1635 3692 1685 certa-

2043 1712 2218 1768 minis
2249 1713 2485 1784 signum
2518 1715 2714 1771 dabat.

275 1799 490 1872 λοιώδη
523 1802 552 1857 ὁ
585 1797 839 1875 βασιλεὺς
869 1796 1094 1875 παίγνια
1149 1797 1239 1852 καὶ
1288 1798 1323 1866 ἡ
1376 1795 1617 1872 βασιλὶς,
1666 1798 1755 1852 καὶ
1807 1797 1932 1852 ὅσον
1980 1797 2167 1860 αὐτοῖς
2223 1804 2319 1854 τοῦ
2377 1800 2573 1878 γένους
2632 1801 2925 1876 ἐπίσημον,
2984 1805 3074 1859 καὶ
3126 1806 3189 1860 τὸ
3247 1813 3346 1874 τῆς
3403 1807 3692 1880 θεραπείας

274 1888 767 1967 εύπαῤῥησίαστονσ
826 1892 944 1949 τοῖς
1002 1884 1050 1942 δ’
1103 1884 1300 1948 ἄλλοις
1353 1890 1497 1940 πᾶσα
1550 1884 1791 1960 πάροδος
1849 1884 2260 1944 ἀποκέκλειστο.
2349 1890 2505 1947 Ἐπεὶ
2561 1888 2608 1946 δ’
2667 1890 2970 1969 ἐφειστήκει
3039 1895 3227 1970 καιρὸς
3281 1897 3401 1959 καθ’
3458 1895 3515 1951 ὅν
3576 1895 3685 1952 ἔδει

271 1980 413 2054 πρὸς
467 1979 531 2035 τὸ
588 1980 803 2054 τρέχειν
836 1976 1082 2052 γενέσθαι
1136 1973 1266 2038 τοὺς
1319 1976 1413 2029 τὸν
1472 1975 1738 2051 γυμνικὸν
1798 1974 2173 2039 ἐκτελέσοντας
2235 1975 2486 2047 δίαυλον,
2545 1981 2573 2035 ὁ
2635 1982 2732 2054 μὲν
2797 1980 3002 2045 ὑποδὺς
3052 1982 3144 2038 τὸν
3220 1984 3519 2059 μαπτάριον
3603 1984 3690 2040 εύ-

270 2073 502 2143 νοῦχος,
544 2069 643 2137 τήν
705 2066 873 2140 μέσην
933 2065 1182 2143 εἰληχὼς
1240 2064 1447 2140 χώραν,
1509 2063 1585 2119 είς
1647 2064 1943 2140 βραχίονας
1997 2065 2094 2128 τὰς
2150 2071 2343 2141 χεῖρας
2402 2068 2730 2144 ἀνεκάλυψε,
2787 2071 2878 2125 καὶ
2942 2071 3004 2126 τὸ
3059 2070 3463 2148 καταντυγῶδες
3523 2074 3687 2148 ἀργύ-

273 2179 393 2230 ριον
432 2154 702 2229 κάλυμμα
755 2159 824 2230 τῇ
883 2153 1098 2233 κεφαλῇ
1159 2153 1514 2228 περιθέμενος
1572 2153 1631 2208 ἐκ
1685 2154 1869 2228 τρίτου
1925 2154 1994 2223 ἦν
2054 2155 2132 2218 είς
2185 2156 2250 2210 τὸ
2313 2155 2450 2211 θέειν
2509 2157 2577 2213 τὰ
2638 2161 2896 2235 μειράκια
2952 2160 3455 2235 προσκαλούμενος·
3517 2162 3687 2225 ἐστὼς

276 2245 335 2303 δὲ
381 2267 465 2309 τις
524 2244 801 2318 ἐξόπισθεν
854 2243 1126 2303 νεανίσκος
1189 2242 1430 2314 εὐγενὴς,
1489 2242 1761 2317 ἀξιώματι
1808 2243 2050 2318 λαμπρῷ
2104 2240 2490 2321 περίϐλεπτος,
2566 2249 2885 2311 τοσαυτάκις
2959 2250 3121 2306 αὐτὸν
3195 2255 3294 2306 τοῦ
3366 2249 3536 2314 ποδὸς
3610 2256 3692 2325 τῷ

276 2336 486 2408 ηλατεῖ
512 2334 649 2389 κατά
694 2338 802 2390 τῶν
850 2336 1038 2407 πυγῶν
1080 2331 1173 2386 καὶ
1201 2335 1311 2394 τῶς
1362 2330 1611 2405 γλοῦτῶν
1662 2326 1883 2387 ἔτυπτεν
1934 2332 2012 2394 εἷς
2054 2332 2373 2405 ἐξάκουστον
2424 2337 2610 2399 ὁσάκις
2661 2339 2952 2409 συνιζάνων
3000 2340 3202 2403 ἐκεῖνος
3231 2342 3295 2396 τὸ
3333 2345 3430 2396 τοῦ
3480 2338 3691 2418 δρόμου

273 2425 574 2500 παρείχετο
605 2421 875 2494 σύνθημα.
957 2504 972 2507 Α
1164 2506 1167 2507 ν
3116 2497 3129 2507 ,

348 2512 509 2570 Ἀλλ’
585 2508 738 2567 οὔπω
814 2504 1054 2586 ἀκριϐῶς
1155 2506 1488 2585 διηγώνιστο
1573 2509 1640 2564 τὰ
1739 2531 1928 2586 μειρα-

2113 2514 2210 2569 llis
2242 2515 2565 2587 puerilibus
2595 2516 2840 2574 ludicris
2871 2504 3133 2574 nondum
3159 2520 3467 2587 absolutis,
3499 2520 3686 2577 tristis

274 2598 453 2672 κιώδη
529 2604 697 2656 ταῦτα
771 2599 1076 2675 ἀθύρματα,
1152 2599 1242 2653 καὶ
1319 2597 1509 2673 οῗκτρά
1578 2619 1663 2660 τις
1766 2598 1931 2675 ἀγγε-

2043 2604 2281 2659 nuntius
2312 2606 2701 2679 Philippopoli
2735 2608 2974 2663 affertur
3003 2610 3074 2664 de
3106 2609 3304 2665 Ibanci
3334 2611 3679 2667 defectione.

277 2691 375 2749 λία
396 2692 498 2760 τὴν
539 2688 595 2745 ἐν
642 2688 858 2750 τούτοις
912 2684 1219 2763 διαδέχεται
1275 2688 1592 2766 χαρμονήν.
1641 2688 1704 2743 Ἦ
1755 2683 1813 2742 δὲ
1860 2688 1928 2757 ἧν

2043 2695 2114 2764 ls,
2165 2698 2230 2749 ut
2280 2711 2458 2768 supra
2490 2696 2772 2768 diximus,
2825 2699 3060 2753 nomine
3121 2699 3362 2755 6⁵1θὶ0
3411 2699 3682 2754 Alexium

276 2782 344 2836 τὸ
388 2780 694 2848 ἀποστῆναι
746 2778 840 2833 τὸν
899 2772 1149 2853 Ἰϐαγκὸν
1203 2776 1341 2831 κατὰ
1394 2777 1494 2845 τήν
1541 2774 1932 2832 Φιλλιπούπο-

280 2871 391 2926 λιν.
453 2869 541 2930 Ὡς
601 2867 708 2942 γὰρ
767 2867 965 2921 ἄνωθεν
1025 2863 1278 2938 εἷ’πομεν,
1359 2866 1781 2938 μετονομασθεὶς
1841 2863 1932 2921 ὃδε

285 2956 535 3027 Ἀλεξιος
566 2957 657 3012 καὶ
688 2950 962 3032 γαμϐρὸς,
1015 2954 1102 3009 ἐπὶ
1148 2951 1537 3029 θυγατρόπαιδι
1585 2958 1664 3026 τῷ
1715 2951 1934 3030 βασιλεῖ

287 3044 527 3122 γεγονὼς
601 3044 692 3100 καὶ
765 3043 942 3099 πλείω
1014 3050 1114 3112 τῆς
1191 3040 1419 3114 δεούσης
1494 3041 1652 3118 ἰσχὺν
1729 3040 1931 3105 ὑποδὺς

284 3139 605 3209 στρατηγεῖν
669 3132 886 3211 εἰλήφει
942 3132 1032 3188 καὶ
1089 3138 1416 3207 προεστάναι
1469 3136 1580 3187 τῶν
1627 3133 1828 3206 τάξεων
1876 3129 1933 3187 α⁹ί

276 3228 401 3287 τοῖς
452 3222 765 3299 ὁμογενέσιν
820 3222 967 3294 αὐτῷ
1024 3222 1269 3297 Βλᾶχοις
1309 3222 1432 3298 περὶ
1487 3223 1587 3292 τήν
1647 3222 1932 3278 Φιλίππου

275 3310 553 3388 ἐπαρχίαν
602 3311 958 3381 ἀντεκάθηντό
1013 3331 1072 3366 τε
1127 3310 1217 3365 καὶ
1274 3310 1646 3388 ἀπεφέροντο.
1707 3312 1933 3385 ’ΔμέΛει

275 3401 372 3458 καὶ
407 3406 514 3458 τῶν
572 3400 743 3457 ἐκεῖσε
793 3406 996 3480 χωρῶν
1049 3400 1231 3477 φανεὶς
1281 3400 1470 3468 κύριος
1500 3400 1601 3476 ἦγε
1648 3403 1717 3456 τὰ
1761 3401 1934 3456 πάντα

277 3494 371 3549 καὶ
404 3495 490 3568 [Ρ.
532 3495 657 3566 330]
723 3490 927 3566 ἔφερεν,
985 3491 1360 3569 ἀγχίστροφος
1413 3489 1486 3546 ὥν
1546 3492 1637 3547 καὶ
1697 3489 1932 3567 δραστή-

280 3604 402 3661 ριος
434 3582 572 3657 πρὸς
604 3580 741 3637 32mm
798 3577 1102 3655 σύνδρομον
1157 3574 1312 3656 ἔργον
1369 3585 1486 3643 τοῖς
1544 3579 1597 3636 ἐν
1650 3585 1719 3654 τῇ
1777 3583 1933 3655 ψυχῇ

278 3675 549 3744 κινήμασι
598 3670 688 3725 καὶ
753 3668 1142 3745 βουλεύμασιν.
1200 3674 1394 3725 ’Ἤσκει
1435 3689 1494 3724 τε
1554 3668 1631 3731 είς
1688 3667 1931 3740 πόλεμον

277 3765 345 3819 τὸ
423 3761 544 3835 περῖ
623 3759 783 3814 αὐτὸν
860 3757 1162 3836 ὁμόφυλον,
1238 3755 1466 3831 δωρεαῖς
1538 3758 1767 3814 πιαίνων
1842 3757 1934 3813 καὶ

282 3852 588 3924 ὁπλισμοῖς
654 3846 955 3923 κρατύνων,
1008 3848 1099 3902 καὶ
1185 3847 1457 3924 φρουρίων
1517 3845 1764 3923 ἐρυμνῶν
1819 3849 1935 3903 ἀνε-

280 3938 595 4016 γέρσεσιτὰ
633 3937 977 4010 ἀντικείμενα
1027 3940 1106 4008 τῷ
1162 3935 1326 4009 Α’ἰμῳ
1376 3935 1491 4011 δρει
1540 3936 1933 4013 ἀνεπιχείρητα

287 4033 491 4106 μικροῦ
530 4027 915 4103 ἀπειργάζετο.
949 4025 1215 4088 Βασιλεὺς
1251 4027 1348 4098 μὲν
1394 4026 1487 4080 οὗν
1538 4024 1726 4100 ἐπῄνει
1771 4030 1939 4081 ταῦτα

287 4118 591 4194 μανθάνων,
668 4114 760 4170 καὶ
826 4111 895 4168 δι’
972 4112 1158 4175 αῗδοῦς
1222 4111 1429 4169 ἐτίθετο
1500 4113 1593 4169 τὸν
1672 4112 1936 4188 Ἀλέξων,

282 4205 527 4268 πολλαῖς
581 4204 671 4260 καὶ
732 4202 1013 4279 μεγίσταις
1071 4203 1578 4281 φιλοφρονούμενο)
1625 4203 1785 4257 αὐτὸν
1828 4200 1938 4257 δω-

285 4301 458 4369 ρεαῖς,
526 4291 704 4364 ἡδέως
772 4313 830 4347 τε
886 4291 1050 4346 αὐτοῦ
1134 4291 1326 4361 ἤκουε,
1385 4293 1473 4345 καὶ
1532 4296 1628 4354 τᾶς
1696 4290 1937 4361 αἰτήσεις

287 4387 591 4461 ἐξεπέραινε
648 4380 855 4457 ῥᾴδιον
912 4381 980 4435 τὰ
1039 4377 1096 4435 δὲ
1149 4380 1295 4454 παρᾶ
1347 4383 1443 4434 τοῦ
1525 4376 1720 4455 ἀνδρὸς
1780 4375 1940 4434 τοῦδε

285 4473 639 4550 πραττόμενα
692 4472 744 4526 οἱ
801 4471 925 4545 περὶ
979 4469 1073 4524 τὸν
1130 4463 1360 4542 βασιλέα
1417 4472 1747 4544 συνορῶντες
1797 4465 1940 4523 καλά

292 4563 391 4636 μὶν
421 4560 786 4633 ἀπεφαίνοντο
828 4557 967 4612 εἶναι
1015 4557 1102 4611 καὶ
1164 4555 1397 4631 ἀρίστως
1454 4552 1643 4630 ἔλεγον
1693 4553 1936 4628 δρᾶσθαι,

289 4651 352 4706 οὗ
390 4650 466 4723 μὴ
524 4646 614 4702 καὶ
672 4645 759 4702 ἐπὶ
821 4649 1011 4717 σκοπῷ
1068 4644 1369 4719 Ῥωμαίοις
1428 4643 1741 4699 συνοίσοντα
1794 4645 1941 4719 παρὰ

286 4744 385 4796 τοῦ
425 4738 761 4810 πράττοντος
814 4734 1072 4809 γίνεσθαι,
1134 4733 1250 4788 ὅθεν
1302 4735 1390 4789 καὶ
1450 4733 1784 4809 παραινέσεις
1831 4732 1937 4789 ei’c-

288 4831 428 4901 ἦγον
486 4829 567 4898 τῷ
623 4823 990 4897 αὐτοκράτορι
1058 4818 1373 4896 παραλῦσαι
1431 4827 1532 4890 τῆς
1599 4820 1782 4899 ἀρχῆς
1845 4821 1938 4876 τὸν

291 4908 752 4984 Ἀλέξιον.Μηδὶ
809 4910 914 4987 γὰρ
971 4906 1032 4965 ἄν
1100 4904 1380 4986 βάρϐαρον
1439 4906 1606 4983 ἄνδρα
1666 4912 1741 4984 μὴ
1802 4909 1940 4965 πάνυ

297 5002 486 5079 πρώην
560 5000 861 5073 Ῥωμαίοις
936 4997 1360 5073 πολεμιώτατον
1438 5000 1611 5062 οὓτως
1688 4999 1941 5076 ἐξαίφνης

295 5096 611 5168 μεταπεσεῖν
648 5089 725 5151 εἷς
782 5088 1051 5165 ἀκραιφνῆ
1114 5085 1374 5159 διάθεσιν,
1425 5088 1500 5151 ὡς
1559 5089 1795 5165 φρούρια
1850 5088 1941 5144 καὶ

288 5181 562 5256 πολίχνια
602 5178 654 5234 ἐν
713 5183 831 5239 τοῖς
888 5176 1191 5251 ἐπικαίροις
1252 5183 1530 5253 νεουργεῖν
1585 5179 1795 5249 τόποις,
1851 5177 1941 5233 καὶ

2041 2788 2267 2839 mutato
2299 2784 2712 2857 desponsaque
2744 2792 2913 2859 nepte
2953 2788 3349 2858 imperatoris,
3402 2790 3681 2860 majorem

2040 2887 2218 2943 quam
2271 2872 2467 2929 decuit
2496 2875 2901 2931 auctoritatem
2957 2881 3180 2945 nactus,
3237 2880 3295 2932 et
3341 2876 3686 2933 cohortibus

2040 2961 2347 3033 praefectus
2377 2978 2505 3034 quas
2556 2962 2786 3020 Blachis
2833 2965 2903 3020 ad
2952 2964 3397 3038 Philippopolim
3449 2967 3689 3022 resiste-

2039 3051 2200 3121 bant,
2231 3069 2297 3107 ac
2338 3053 2532 3123 potius
2568 3053 2827 3109 locorum
2874 3054 3108 3110 illorum
3156 3056 3432 3112 dominus
3473 3058 3685 3114 factus.

2038 3157 2150 3197 suo
2171 3140 2452 3196 arbitratu
2480 3143 2713 3213 regebat
2744 3145 2974 3199 omnia:
2999 3145 3217 3217 quippe
3237 3144 3413 3200 homo
3437 3145 3686 3203 callidus

2038 3232 2096 3284 et
2128 3236 2433 3299 strenuus,
2457 3231 2626 3286 facile
2657 3231 2899 3302 quiquid
2919 3234 3117 3288 animo
3148 3233 3501 3289 destinasset
3523 3250 3685 3290 exse-

2039 3332 2251 3388 quens,
2311 3327 2364 3373 et
2424 3318 2738 3390 pepulares
2806 3335 2946 3375 suos
2998 3319 3334 3377 liberalibus
3391 3322 3685 3378 donativis

2041 3408 2340 3479 saginatos
2369 3412 2427 3462 et
2461 3408 2644 3463 armis
2674 3414 2980 3465 exornatos
3010 3410 3079 3465 ad
3117 3409 3336 3466 bellum
3368 3411 3687 3480 exercebat,

2040 3500 2097 3551 et
2129 3495 2256 3553 loca
2313 3497 2496 3553 monti
2555 3499 2749 3553 Hamo
2781 3497 3025 3554 ﬁnitima
3082 3499 3270 3556 firmis
3303 3501 3559 3557 castellis
3609 3503 3688 3557 ita

2041 3583 2351 3638 muniebat
2383 3591 2536 3639 utea
2571 3583 2768 3639 hostes
2793 3600 2940 3655 pene
2957 3586 3227 3641 invadere
3246 3602 3362 3640 non
3383 3587 3687 3642 auderent.

2041 3670 2420 3735 Quamobrem
2454 3673 2526 3727 ab
2560 3674 2911 3743 imperatore
2932 3672 3373 3729 collaudabatur
3402 3680 3457 3728 et
3490 3677 3686 3745 magni

2040 3761 2237 3826 ﬂebat,
2275 3761 2477 3815 multis
2509 3761 2893 3830 amplissimis
2930 3762 3270 3817 muneribus
3302 3762 3685 3831 afﬁciebatur,

2044 3850 2684 3917 audiebaturlibenter;
2709 3850 2993 3922 quidquid
3015 3850 3293 3920 petiissct,
3316 3852 3681 3921 impetrabat.

2045 3937 2233 3993 Aulici
2265 3954 2396 3993 vero
2417 3938 2576 3993 illius
2602 3938 2707 3993 viri
2732 3938 2883 3995 facta
2910 3940 3144 4010 egregia
3173 3950 3226 3994 et
3259 3940 3422 3994 utilia
3451 3940 3687 4011 quidem

2043 4041 2173 4081 esse
2222 4026 2572 4093 fatebantur,
2629 4026 2728 4081 sed
2789 4027 2860 4080 ad
2922 4031 3316 4084 Romanorum
3383 4029 3691 4084 utilitatem

2042 4114 2249 4169 referri
2309 4114 2622 4187 negabant,
2682 4119 2740 4169 et
2797 4115 3135 4186 imperatori
3205 4121 3476 4174 auctores
3533 4122 3696 4172 erant

2044 4204 2343 4259 adimendi
2377 4204 2427 4258 ei
2480 4203 2881 4273 magistratus.
2935 4204 3161 4288 Neque‘
3185 4207 3342 4262 enim
3396 4206 3692 4262 hominem

2045 4292 2386 4359 barbarum,
2447 4292 2620 4364 paulo
2692 4298 2826 4370 ante
2888 4294 3162 4350 Romanis
3220 4297 3694 4363 infestissimum,

2046 4398 2229 4454 usque
2259 4384 2403 4439 adeo
2441 4384 2638 4439 subito
2673 4390 2962 4440 mutatum
2996 4402 3127 4443 esse
3158 4392 3495 4458 tantamque
3526 4389 3695 4443 bene-

2047 4471 2356 4527 volentiam
2414 4472 2773 4543 concepisse,
2808 4478 2871 4527 ut
2917 4490 3066 4530 nova
3105 4474 3341 4531 castella
3371 4480 3429 4530 et
3484 4475 3695 4547 oppida

2046 4557 2102 4614 in
2142 4559 2491 4633 opportunis
2522 4559 2666 4615 locis
2697 4566 2982 4617 exstruat.
3020 4562 3219 4633 Neque
3248 4578 3381 4617 eum
3424 4563 3697 4619 cohortes

2047 4651 2348 4710 Blacbicas
2398 4653 2737 4717 aucturum,
2769 4651 3051 4707 Romanis
3093 4653 3240 4706 671
3278 4651 3608 4706 imminutis
3639 4656 3697 4707 et

2047 4739 2366 4811 aliquando
2417 4736 2593 4793 etiam
2656 4745 2720 4793 ut
2750 4738 3062 4796 inutilibus
3115 4757 3149 4795 a
3198 4756 3393 4810 pugna
3435 4740 3696 4811 remotis,

2049 4829 2162 4886 nisi
2195 4827 2350 4898 regni
2398 4827 2780 4898 cupiditatem
2815 4826 3013 4884 aleret.
3065 4829 3261 4901 Neque
3289 4829 3442 4884 enim
3493 4846 3696 4885 omnes

2049 4936 2117 4975 ea
2146 4933 2272 4989 qum
2306 4919 2534 4989 pectore
2565 4917 2784 4973 lateant
2813 4934 2910 4973 ore
2946 4919 3221 4990 proferre,
3254 4921 3356 4975 sed
3386 4919 3517 4991 ipsa
3548 4921 3700 4977 facta

2051 5022 2451 5078 saepenumero
2501 5006 2659 5061 omni
2692 5006 2957 5062 oratione
3004 5008 3334 5066 evidentius
3367 5010 3549 5065 animi
3610 5027 3698 5067 re-

2051 5112 2253 5152 cessus
2284 5094 2597 5150 declarare.
2648 5094 2860 5150 Verum
2914 5097 3118 5164 surdo,
3150 5104 3216 5153 ut
3268 5099 3452 5166 aiunt,
3504 5101 3700 5156 fabula

2054 5185 2422 5241 narrabatur.
2458 5183 2780 5253 Imperator
2809 5184 2963 5238 enim
3007 5188 3199 5257 neptis
3229 5206 3344 5243 sum
3383 5188 3698 5245 Theodore:

289 5250 472 5341 αὕξείν
527 5270 621 5341 μὲν
677 5269 741 5322 τὸ
797 5250 1083 5343 ἐμφύλιον
1124 5265 1273 5338 αύτῷ
1325 5250 1651 5341 στράτευμα,
1708 5267 1941 5341 σμικρύ-

2054 5270 2352 5345 sponsalia
2410 5250 2566 5327 satis
2617 5272 2815 5326 firmos
2870 5274 3040 5343 quasi
3085 5250 3334 5332 bbsides
3394 5282 3574 5345 ratus,
3631 5279 3702 5333 de

285 5382 395 5417 νειν
431 5357 489 5414 δὲ
526 5356 590 5412 τὸ
634 5356 966 5428 Ῥωμαϊκὸν,
1027 5353 1251 5430 ἐνιαχοῦ
1309 5352 1366 5410 δὲ
1419 5355 1510 5411 καὶ
1567 5357 1644 5418 ὡς
1696 5353 1942 5430 δύσχρη-

283 5470 412 5507 στον
440 5445 645 5502 τιθέναι
704 5443 1024 5518 ἀπόμαχον,
1084 5444 1131 5499 εἰ
1183 5445 1258 5517 μή
1310 5467 1394 5508 τις
1440 5446 1590 5514 αύτῷ
1649 5443 1942 5520 ἐνέσπαρτο

283 5544 384 5597 τοῦ
432 5531 709 5610 τυραννίδι
769 5528 1052 5589 ἐπιϐαλεῖν
1111 5530 1308 5602 ἔννοια,
1364 5531 1481 5589 ἐπεὶ
1542 5531 1682 5609 μηδὲ
1734 5533 1802 5588 τὰ
1859 5553 1945 5588 τι-

282 5649 398 5688 νων
429 5625 732 5698 ἐννοήματα
769 5620 950 5700 φιλεῖν
1000 5641 1121 5686 πως
1174 5620 1258 5679 ἀεὶ
1315 5621 1390 5684 ὡς
1442 5619 1533 5680 διὰ
1588 5619 1778 5678 πυλῶν
1833 5624 1941 5677 τῶν

2054 5361 2383 5431 integritate
2412 5370 2466 5415 et
2513 5361 2625 5415 ﬁde
2657 5360 2838 5415 Alexii
2878 5361 3021 5416 nihil
3070 5365 3394 5435 dubitabat,
3441 5366 3703 5422 maleﬁca

2054 5448 2333 5521 quapiam
2392 5449 2445 5503 vi
2502 5446 2594 5502 hic
2638 5464 2891 5519 quoque,
2939 5451 3168 5520 opinor,
3223 5456 3436 5510 mentis
3504 5454 3704 5511 oculos

2054 5537 2504 5610 perstringente,
2537 5537 2707 5606 cujus
2747 5536 3005 5608 impulsu
3040 5556 3132 5595 res
3164 5541 3426 5600 Romana
3455 5543 3707 5600 subinde

2054 5624 2172 5681 ruit
2200 5622 2264 5680 in
2305 5626 2493 5699 pejus.
2528 5622 2599 5680 Ut
2644 5627 2839 5680 autem
2873 5640 2989 5679 non
3023 5627 3208 5685 multo
3248 5637 3379 5701 post
3406 5629 3467 5686 id
3515 5626 3710 5685 evenit
