  <div class='ocr_page' id='page_1' title='image "/cluster/home/n/w/nwhite01/storage/ocr_20150623/139/mdp.39015078384214/456.png"; bbox 0 0 4098 6292; ppageno 0'>
   <div class='ocr_carea' id='block_1_1' title="bbox 260 420 377 485">
    <p class='ocr_par' dir='ltr' id='par_1_1' title="bbox 260 420 377 485">
     <span class='ocr_line' id='line_1_1' title="bbox 260 420 377 485; baseline 0 -1"><span class='ocrx_word' id='word_1_1' title='bbox 260 420 377 485; x_wconf 75' lang='grc'>893</span> 
     </span>
    </p>
   </div>
   <div class='ocr_carea' id='block_1_2' title="bbox 1106 418 2731 492">
    <p class='ocr_par' dir='ltr' id='par_1_2' title="bbox 1106 418 2731 492">
     <span class='ocr_line' id='line_1_2' title="bbox 1106 418 2731 492; baseline -0.005 0"><span class='ocrx_word' id='word_1_2' title='bbox 1106 426 1207 492; x_wconf 85' lang='lat' dir='ltr'>DE</span> <span class='ocrx_word' id='word_1_3' title='bbox 1248 428 1537 490; x_wconf 83' lang='lat' dir='ltr'>ALEXIO</span> <span class='ocrx_word' id='word_1_4' title='bbox 1582 424 1869 491; x_wconf 79' lang='lat' dir='ltr'>lSAACIl</span> <span class='ocrx_word' id='word_1_5' title='bbox 1916 420 2207 488; x_wconf 74' lang='lat' dir='ltr'>ANGELI</span> <span class='ocrx_word' id='word_1_6' title='bbox 2248 418 2373 486; x_wconf 76' lang='lat' dir='ltr'>FB.</span> <span class='ocrx_word' id='word_1_7' title='bbox 2420 418 2574 487; x_wconf 79' lang='lat' dir='ltr'>LIB.</span> <span class='ocrx_word' id='word_1_8' title='bbox 2622 420 2731 485; x_wconf 86' lang='lat' dir='ltr'>III.</span> 
     </span>
    </p>
   </div>
   <div class='ocr_carea' id='block_1_3' title="bbox 3552 401 3673 476">
    <p class='ocr_par' dir='ltr' id='par_1_3' title="bbox 3552 401 3673 476">
     <span class='ocr_line' id='line_1_3' title="bbox 3552 401 3673 476; baseline -0.008 0"><span class='ocrx_word' id='word_1_9' title='bbox 3552 401 3673 476; x_wconf 72' lang='grc'>894</span> 
     </span>
    </p>
   </div>
   <div class='ocr_carea' id='block_1_4' title="bbox 266 550 1948 640">
    <p class='ocr_par' dir='ltr' id='par_1_4' title="bbox 266 554 1927 640">
     <span class='ocr_line' id='line_1_4' title="bbox 266 554 1927 640; baseline -0.003 -21"><span class='ocrx_word' id='word_1_10' title='bbox 266 567 637 637; x_wconf 75' lang='grc' dir='ltr'>στρατηγικῆς</span> <span class='ocrx_word' id='word_1_11' title='bbox 705 560 991 637; x_wconf 73' lang='grc' dir='ltr'>ἐμπειρίας</span> <span class='ocrx_word' id='word_1_12' title='bbox 1047 559 1237 637; x_wconf 87' lang='grc' dir='ltr'>πλήρη</span> <span class='ocrx_word' id='word_1_13' title='bbox 1311 559 1631 640; x_wconf 77' lang='grc' dir='ltr'>μαχόμενος</span> <span class='ocrx_word' id='word_1_14' title='bbox 1724 554 1927 615; x_wconf 75' lang='grc' dir='ltr'>ἐπεδεί-</span> 
     </span>
    </p>
   </div>
   <div class='ocr_carea' id='block_1_5' title="bbox 2035 550 3670 640">
    <p class='ocr_par' dir='ltr' id='par_1_5' title="bbox 2038 550 3670 640">
     <span class='ocr_line' id='line_1_5' title="bbox 2038 550 3670 640; baseline -0.007 -23"><span class='ocrx_word' id='word_1_15' title='bbox 2038 557 2477 629; x_wconf 80' lang='lat' dir='ltr'><strong>PhilippOpolim</strong></span> <span class='ocrx_word' id='word_1_16' title='bbox 2519 562 2806 613; x_wconf 79' lang='lat' dir='ltr'><strong>&#39;versantes</strong></span> <span class='ocrx_word' id='word_1_17' title='bbox 2837 555 2980 640; x_wconf 81' lang='lat' dir='ltr'><strong>bene</strong></span> <span class='ocrx_word' id='word_1_18' title='bbox 3012 570 3204 635; x_wconf 61' lang='lat' dir='ltr'><strong>secum</strong></span> <span class='ocrx_word' id='word_1_19' title='bbox 3246 552 3330 623; x_wconf 76' lang='lat' dir='ltr'><strong>agi</strong></span> <span class='ocrx_word' id='word_1_20' title='bbox 3376 550 3670 623; x_wconf 78' lang='lat' dir='ltr'>putabant,</span> 
     </span>
    </p>
   </div>
   <div class='ocr_carea' id='block_1_6' title="bbox 267 645 1923 723">
    <p class='ocr_par' dir='ltr' id='par_1_6' title="bbox 267 645 1923 723">
     <span class='ocr_line' id='line_1_6' title="bbox 267 645 1923 723; baseline -0.002 -18"><span class='ocrx_word' id='word_1_21' title='bbox 267 651 416 723; x_wconf 79' lang='grc' dir='ltr'>ξατο,</span> <span class='ocrx_word' id='word_1_22' title='bbox 476 648 639 714; x_wconf 86' lang='grc' dir='ltr'>τέλος</span> <span class='ocrx_word' id='word_1_23' title='bbox 685 646 747 704; x_wconf 70' lang='grc' dir='ltr'>δὲ</span> <span class='ocrx_word' id='word_1_24' title='bbox 825 649 915 705; x_wconf 82' lang='grc' dir='ltr'>καὶ</span> <span class='ocrx_word' id='word_1_25' title='bbox 980 648 1196 705; x_wconf 86' lang='grc' dir='ltr'>τοιόνδε</span> <span class='ocrx_word' id='word_1_26' title='bbox 1250 671 1304 705; x_wconf 91' lang='grc' dir='ltr'>τι</span> <span class='ocrx_word' id='word_1_27' title='bbox 1355 645 1668 721; x_wconf 84' lang='grc' dir='ltr'>μεθόδευμα</span> <span class='ocrx_word' id='word_1_28' title='bbox 1726 648 1923 721; x_wconf 85' lang='grc' dir='ltr'>μετιὼν</span> 
     </span>
    </p>
   </div>
   <div class='ocr_carea' id='block_1_7' title="bbox 266 736 1922 812">
    <p class='ocr_par' dir='ltr' id='par_1_7' title="bbox 266 736 1922 812">
     <span class='ocr_line' id='line_1_7' title="bbox 266 736 1922 812; baseline -0.002 -17"><span class='ocrx_word' id='word_1_29' title='bbox 266 737 593 810; x_wconf 79' lang='grc' dir='ltr'>δεξιώτατον</span> <span class='ocrx_word' id='word_1_30' title='bbox 652 738 749 794; x_wconf 76' lang='grc' dir='ltr'>σὺν</span> <span class='ocrx_word' id='word_1_31' title='bbox 805 736 1005 803; x_wconf 80' lang='grc' dir='ltr'>ἄλλοις</span> <span class='ocrx_word' id='word_1_32' title='bbox 1064 740 1152 795; x_wconf 88' lang='grc' dir='ltr'>καὶ</span> <span class='ocrx_word' id='word_1_33' title='bbox 1247 738 1410 793; x_wconf 78' lang='grc' dir='ltr'>αὐτὸν</span> <span class='ocrx_word' id='word_1_34' title='bbox 1482 740 1764 812; x_wconf 76' lang='grc' dir='ltr'>χειροῦται</span> <span class='ocrx_word' id='word_1_35' title='bbox 1832 736 1922 791; x_wconf 68' lang='grc' dir='ltr'>τὸν</span> 
     </span>
    </p>
   </div>
   <div class='ocr_carea' id='block_1_8' title="bbox 265 821 1926 904">
    <p class='ocr_par' dir='ltr' id='par_1_8' title="bbox 265 821 1926 904">
     <span class='ocr_line' id='line_1_8' title="bbox 265 821 1926 904; baseline -0.002 -22"><span class='ocrx_word' id='word_1_36' title='bbox 265 825 751 900; x_wconf 84' lang='grc' dir='ltr'>πρωτοστράτορα.</span> <span class='ocrx_word' id='word_1_37' title='bbox 813 825 1052 882; x_wconf 88' lang='grc' dir='ltr'>Πλεῖστα</span> <span class='ocrx_word' id='word_1_38' title='bbox 1126 827 1231 904; x_wconf 82' lang='grc' dir='ltr'>γὰρ</span> <span class='ocrx_word' id='word_1_39' title='bbox 1327 826 1425 881; x_wconf 78' lang='grc' dir='ltr'>’ὀσα</span> <span class='ocrx_word' id='word_1_40' title='bbox 1487 830 1595 880; x_wconf 78' lang='grc' dir='ltr'>τῶν</span> <span class='ocrx_word' id='word_1_41' title='bbox 1655 821 1926 899; x_wconf 82' lang='grc' dir='ltr'>ἀγελαίων</span> 
     </span>
    </p>
   </div>
   <div class='ocr_carea' id='block_1_9' title="bbox 268 913 1927 990">
    <p class='ocr_par' dir='ltr' id='par_1_9' title="bbox 268 913 1927 990">
     <span class='ocr_line' id='line_1_9' title="bbox 268 913 1927 990; baseline -0.002 -18"><span class='ocrx_word' id='word_1_42' title='bbox 268 919 427 988; x_wconf 81' lang='grc' dir='ltr'>ζώων</span> <span class='ocrx_word' id='word_1_43' title='bbox 468 916 529 972; x_wconf 76' lang='grc' dir='ltr'>έκ</span> <span class='ocrx_word' id='word_1_44' title='bbox 568 922 679 972; x_wconf 88' lang='grc' dir='ltr'>τῶν</span> <span class='ocrx_word' id='word_1_45' title='bbox 737 921 1032 990; x_wconf 84' lang='grc' dir='ltr'>περιωπῶν</span> <span class='ocrx_word' id='word_1_46' title='bbox 1066 916 1140 974; x_wconf 72' lang='grc' dir='ltr'>εἷς</span> <span class='ocrx_word' id='word_1_47' title='bbox 1198 917 1261 973; x_wconf 89' lang='grc' dir='ltr'>τὸ</span> <span class='ocrx_word' id='word_1_48' title='bbox 1327 913 1509 971; x_wconf 80' lang='grc' dir='ltr'>πεδίον</span> <span class='ocrx_word' id='word_1_49' title='bbox 1573 914 1927 990; x_wconf 80' lang='grc' dir='ltr'>μετενεγκὼν,</span> 
     </span>
    </p>
   </div>
   <div class='ocr_carea' id='block_1_10' title="bbox 266 1004 1926 1082">
    <p class='ocr_par' dir='ltr' id='par_1_10' title="bbox 266 1004 1926 1082">
     <span class='ocr_line' id='line_1_10' title="bbox 266 1004 1926 1082; baseline -0.002 -19"><span class='ocrx_word' id='word_1_50' title='bbox 266 1009 356 1063; x_wconf 81' lang='grc' dir='ltr'>καὶ</span> <span class='ocrx_word' id='word_1_51' title='bbox 410 1011 578 1062; x_wconf 91' lang='grc' dir='ltr'>ταῦτα</span> <span class='ocrx_word' id='word_1_52' title='bbox 647 1004 923 1081; x_wconf 77' lang='grc' dir='ltr'>παραδοὺς</span> <span class='ocrx_word' id='word_1_53' title='bbox 989 1013 1107 1070; x_wconf 89' lang='grc' dir='ltr'>τοῖς</span> <span class='ocrx_word' id='word_1_54' title='bbox 1190 1007 1327 1082; x_wconf 87' lang='grc' dir='ltr'>πρὸς</span> <span class='ocrx_word' id='word_1_55' title='bbox 1401 1007 1578 1079; x_wconf 77' lang='grc' dir='ltr'>Αἷμον</span> <span class='ocrx_word' id='word_1_56' title='bbox 1638 1004 1926 1075; x_wconf 79' lang='grc' dir='ltr'>ἀπάξουσιν</span> 
     </span>
    </p>
   </div>
   <div class='ocr_carea' id='block_1_11' title="bbox 268 1092 1925 1175">
    <p class='ocr_par' dir='ltr' id='par_1_11' title="bbox 268 1092 1925 1175">
     <span class='ocr_line' id='line_1_11' title="bbox 268 1092 1925 1175; baseline -0.002 -24"><span class='ocrx_word' id='word_1_57' title='bbox 268 1096 569 1175; x_wconf 74' lang='grc' dir='ltr'>ὁμοφύλων</span> <span class='ocrx_word' id='word_1_58' title='bbox 671 1096 807 1169; x_wconf 79' lang='grc' dir='ltr'>μετὰ</span> <span class='ocrx_word' id='word_1_59' title='bbox 878 1094 970 1151; x_wconf 86' lang='grc' dir='ltr'>καί</span> <span class='ocrx_word' id='word_1_60' title='bbox 1050 1096 1243 1173; x_wconf 86' lang='grc' dir='ltr'>μοίρας</span> <span class='ocrx_word' id='word_1_61' title='bbox 1337 1092 1714 1171; x_wconf 76' lang='grc' dir='ltr'>αἰχμαλωτων</span> <span class='ocrx_word' id='word_1_62' title='bbox 1788 1094 1925 1151; x_wconf 74' lang='grc' dir='ltr'>Ῥωο</span> 
     </span>
    </p>
   </div>
   <div class='ocr_carea' id='block_1_12' title="bbox 269 1179 1929 1264">
    <p class='ocr_par' dir='ltr' id='par_1_12' title="bbox 269 1179 1929 1264">
     <span class='ocr_line' id='line_1_12' title="bbox 269 1179 1929 1264; baseline -0.002 -25"><span class='ocrx_word' id='word_1_63' title='bbox 269 1185 448 1259; x_wconf 80' lang='grc' dir='ltr'>μαίων</span> <span class='ocrx_word' id='word_1_64' title='bbox 482 1180 664 1259; x_wconf 81' lang='grc' dir='ltr'>ὥσπερ</span> <span class='ocrx_word' id='word_1_65' title='bbox 721 1205 773 1239; x_wconf 90' lang='grc' dir='ltr'>τι</span> <span class='ocrx_word' id='word_1_66' title='bbox 850 1183 1065 1239; x_wconf 86' lang='grc' dir='ltr'>σκύλων</span> <span class='ocrx_word' id='word_1_67' title='bbox 1142 1185 1418 1264; x_wconf 73' lang='grc' dir='ltr'>ἀφαίρεμα</span> <span class='ocrx_word' id='word_1_68' title='bbox 1472 1184 1563 1239; x_wconf 79' lang='grc' dir='ltr'>καὶ</span> <span class='ocrx_word' id='word_1_69' title='bbox 1636 1179 1929 1255; x_wconf 82' lang='grc' dir='ltr'>ἂπόδασμα</span> 
     </span>
    </p>
   </div>
   <div class='ocr_carea' id='block_1_13' title="bbox 263 1272 1929 1350">
    <p class='ocr_par' dir='ltr' id='par_1_13' title="bbox 263 1272 1929 1350">
     <span class='ocr_line' id='line_1_13' title="bbox 263 1272 1929 1350; baseline -0.004 -18"><span class='ocrx_word' id='word_1_70' title='bbox 263 1276 347 1346; x_wconf 81' lang='grc' dir='ltr'>τῷ</span> <span class='ocrx_word' id='word_1_71' title='bbox 376 1274 607 1349; x_wconf 77' lang='grc' dir='ltr'>ἃρχοντι</span> <span class='ocrx_word' id='word_1_72' title='bbox 662 1281 764 1343; x_wconf 78' lang='grc' dir='ltr'>τῆς</span> <span class='ocrx_word' id='word_1_73' title='bbox 823 1278 1064 1350; x_wconf 83' lang='grc' dir='ltr'>Ζαγορᾶς</span> <span class='ocrx_word' id='word_1_74' title='bbox 1121 1274 1344 1348; x_wconf 82' lang='grc' dir='ltr'>Ἰωάννῃ</span> <span class='ocrx_word' id='word_1_75' title='bbox 1406 1274 1499 1328; x_wconf 78' lang='grc' dir='ltr'>καὶ</span> <span class='ocrx_word' id='word_1_76' title='bbox 1541 1273 1703 1348; x_wconf 83' lang='grc' dir='ltr'>χάριν</span> <span class='ocrx_word' id='word_1_77' title='bbox 1763 1272 1929 1345; x_wconf 83' lang='grc' dir='ltr'>ἀμοι-</span> 
     </span>
    </p>
   </div>
   <div class='ocr_carea' id='block_1_14' title="bbox 268 1358 1928 1435">
    <p class='ocr_par' dir='ltr' id='par_1_14' title="bbox 268 1358 1928 1435">
     <span class='ocr_line' id='line_1_14' title="bbox 268 1358 1928 1435; baseline -0.002 -18"><span class='ocrx_word' id='word_1_78' title='bbox 268 1358 367 1418; x_wconf 81' lang='grc' dir='ltr'>ϐὸν</span> <span class='ocrx_word' id='word_1_79' title='bbox 409 1362 659 1435; x_wconf 80' lang='grc' dir='ltr'>ἐσόμενα,</span> <span class='ocrx_word' id='word_1_80' title='bbox 711 1360 829 1418; x_wconf 73' lang='grc' dir='ltr'>ἐπεὶ</span> <span class='ocrx_word' id='word_1_81' title='bbox 890 1363 984 1417; x_wconf 87' lang='grc' dir='ltr'>καὶ</span> <span class='ocrx_word' id='word_1_82' title='bbox 1051 1364 1410 1435; x_wconf 74' lang='grc' dir='ltr'>σπεισάμενος</span> <span class='ocrx_word' id='word_1_83' title='bbox 1444 1360 1672 1434; x_wconf 82' lang='grc' dir='ltr'>Ἀλεξίῳ</span> <span class='ocrx_word' id='word_1_84' title='bbox 1726 1361 1928 1420; x_wconf 72' lang='grc' dir='ltr'>ἐκεῖνος</span> 
     </span>
    </p>
   </div>
   <div class='ocr_carea' id='block_1_15' title="bbox 265 1442 1930 1525">
    <p class='ocr_par' dir='ltr' id='par_1_15' title="bbox 265 1442 1930 1525">
     <span class='ocr_line' id='line_1_15' title="bbox 265 1442 1930 1525; baseline -0.002 -18"><span class='ocrx_word' id='word_1_85' title='bbox 265 1452 404 1507; x_wconf 84' lang='grc' dir='ltr'>κατὰ</span> <span class='ocrx_word' id='word_1_86' title='bbox 470 1450 761 1524; x_wconf 80' lang='grc' dir='ltr'>Ῥωμαίων</span> <span class='ocrx_word' id='word_1_87' title='bbox 821 1449 1082 1521; x_wconf 79' lang='grc' dir='ltr'>διαθήκας</span> <span class='ocrx_word' id='word_1_88' title='bbox 1156 1447 1384 1517; x_wconf 82' lang='grc' dir='ltr'>διέθετο,</span> <span class='ocrx_word' id='word_1_89' title='bbox 1462 1448 1670 1525; x_wconf 84' lang='grc' dir='ltr'>λόχους</span> <span class='ocrx_word' id='word_1_90' title='bbox 1746 1442 1930 1504; x_wconf 77' lang='grc' dir='ltr'>ἔκτοτε</span> 
     </span>
    </p>
   </div>
   <div class='ocr_carea' id='block_1_16' title="bbox 266 1536 1929 1615">
    <p class='ocr_par' dir='ltr' id='par_1_16' title="bbox 266 1536 1929 1615">
     <span class='ocr_line' id='line_1_16' title="bbox 266 1536 1929 1615; baseline -0.002 -19"><span class='ocrx_word' id='word_1_91' title='bbox 266 1541 602 1605; x_wconf 79' lang='grc' dir='ltr'>ὗποκαθίσας</span> <span class='ocrx_word' id='word_1_92' title='bbox 676 1540 987 1614; x_wconf 80' lang='grc' dir='ltr'>Ῥωμαίους</span> <span class='ocrx_word' id='word_1_93' title='bbox 1060 1539 1342 1596; x_wconf 68' lang='grc' dir='ltr'>ἑπάλευεψ</span> <span class='ocrx_word' id='word_1_94' title='bbox 1447 1536 1566 1614; x_wconf 76' lang='grc' dir='ltr'>ᾔδει</span> <span class='ocrx_word' id='word_1_95' title='bbox 1668 1539 1768 1615; x_wconf 83' lang='grc' dir='ltr'>γὰρ</span> <span class='ocrx_word' id='word_1_96' title='bbox 1866 1538 1929 1593; x_wconf 89' lang='grc' dir='ltr'>τὸ</span> 
     </span>
    </p>
   </div>
   <div class='ocr_carea' id='block_1_17' title="bbox 266 1624 1927 1707">
    <p class='ocr_par' dir='ltr' id='par_1_17' title="bbox 266 1624 1927 1707">
     <span class='ocr_line' id='line_1_17' title="bbox 266 1624 1927 1707; baseline -0.002 -23"><span class='ocrx_word' id='word_1_97' title='bbox 266 1628 543 1705; x_wconf 77' lang='grc' dir='ltr'>ἁρπαλέον</span> <span class='ocrx_word' id='word_1_98' title='bbox 575 1630 667 1683; x_wconf 82' lang='grc' dir='ltr'>καὶ</span> <span class='ocrx_word' id='word_1_99' title='bbox 701 1631 839 1703; x_wconf 86' lang='grc' dir='ltr'>πρὸς</span> <span class='ocrx_word' id='word_1_100' title='bbox 878 1626 1074 1705; x_wconf 87' lang='grc' dir='ltr'>κέρδος</span> <span class='ocrx_word' id='word_1_101' title='bbox 1126 1630 1512 1707; x_wconf 76' lang='grc' dir='ltr'>έτοιμοτρεχὶς</span> <span class='ocrx_word' id='word_1_102' title='bbox 1560 1631 1668 1683; x_wconf 82' lang='grc' dir='ltr'>τῶν</span> <span class='ocrx_word' id='word_1_103' title='bbox 1702 1624 1927 1703; x_wconf 75' lang='grc' dir='ltr'>ἀνδρῶν,</span> 
     </span>
    </p>
   </div>
   <div class='ocr_carea' id='block_1_18' title="bbox 267 1715 1927 1795">
    <p class='ocr_par' dir='ltr' id='par_1_18' title="bbox 267 1715 1927 1795">
     <span class='ocr_line' id='line_1_18' title="bbox 267 1715 1927 1795; baseline -0.002 -21"><span class='ocrx_word' id='word_1_104' title='bbox 267 1716 383 1774; x_wconf 76' lang='grc' dir='ltr'>οὐδ’</span> <span class='ocrx_word' id='word_1_105' title='bbox 439 1719 507 1788; x_wconf 64' lang='grc' dir='ltr'>ἦν</span> <span class='ocrx_word' id='word_1_106' title='bbox 576 1717 788 1793; x_wconf 88' lang='grc' dir='ltr'>ἀγνοῶν</span> <span class='ocrx_word' id='word_1_107' title='bbox 859 1720 933 1781; x_wconf 82' lang='grc' dir='ltr'>ὡς</span> <span class='ocrx_word' id='word_1_108' title='bbox 1001 1717 1203 1774; x_wconf 82' lang='grc' dir='ltr'>αὐτίκα</span> <span class='ocrx_word' id='word_1_109' title='bbox 1289 1717 1442 1793; x_wconf 84' lang='grc' dir='ltr'>μάλα</span> <span class='ocrx_word' id='word_1_110' title='bbox 1498 1724 1617 1780; x_wconf 77' lang='grc' dir='ltr'>τοῖς</span> <span class='ocrx_word' id='word_1_111' title='bbox 1684 1715 1927 1795; x_wconf 75' lang='grc' dir='ltr'>φιλικοῖς</span> 
     </span>
    </p>
   </div>
   <div class='ocr_carea' id='block_1_19' title="bbox 266 1805 1927 1886">
    <p class='ocr_par' dir='ltr' id='par_1_19' title="bbox 266 1805 1927 1886">
     <span class='ocr_line' id='line_1_19' title="bbox 266 1805 1927 1886; baseline -0.001 -24"><span class='ocrx_word' id='word_1_112' title='bbox 266 1805 592 1883; x_wconf 71' lang='grc' dir='ltr'>ἰντυχόντες</span> <span class='ocrx_word' id='word_1_113' title='bbox 640 1807 790 1886; x_wconf 74' lang='grc' dir='ltr'>σφίσι</span> <span class='ocrx_word' id='word_1_114' title='bbox 846 1808 1116 1880; x_wconf 77' lang='grc' dir='ltr'>Ῥωμαῖοι</span> <span class='ocrx_word' id='word_1_115' title='bbox 1172 1806 1268 1870; x_wconf 75' lang='grc' dir='ltr'>τὰς</span> <span class='ocrx_word' id='word_1_116' title='bbox 1328 1806 1511 1881; x_wconf 77' lang='grc' dir='ltr'>ψυχὰς</span> <span class='ocrx_word' id='word_1_117' title='bbox 1568 1805 1753 1868; x_wconf 73' lang='grc' dir='ltr'>αὐτοῖς</span> <span class='ocrx_word' id='word_1_118' title='bbox 1811 1805 1927 1861; x_wconf 68' lang='grc' dir='ltr'>ἔπι-</span> 
     </span>
    </p>
   </div>
   <div class='ocr_carea' id='block_1_20' title="bbox 2037 631 3675 716">
    <p class='ocr_par' dir='ltr' id='par_1_20' title="bbox 2037 631 3675 716">
     <span class='ocr_line' id='line_1_20' title="bbox 2037 631 3675 716; baseline -0.007 -12"><span class='ocrx_word' id='word_1_119' title='bbox 2037 650 2083 705; x_wconf 89' lang='lat' dir='ltr'>si</span> <span class='ocrx_word' id='word_1_120' title='bbox 2117 657 2316 704; x_wconf 83' lang='lat' dir='ltr'><strong>urbem</strong></span> <span class='ocrx_word' id='word_1_121' title='bbox 2336 648 2643 703; x_wconf 74' lang='lat' dir='ltr'><strong>defendere</strong></span> <span class='ocrx_word' id='word_1_122' title='bbox 2667 647 2916 716; x_wconf 83' lang='lat' dir='ltr'><strong>possent.</strong></span> <span class='ocrx_word' id='word_1_123' title='bbox 2941 631 3155 697; x_wconf 67' lang='lat' dir='ltr'><strong>Verum</strong></span> <span class='ocrx_word' id='word_1_124' title='bbox 3178 631 3431 708; x_wconf 82' lang='lat' dir='ltr'><strong>Alexius,</strong></span> <span class='ocrx_word' id='word_1_125' title='bbox 3452 641 3675 710; x_wconf 79' lang='lat' dir='ltr'>oppidis</span> 
     </span>
    </p>
   </div>
   <div class='ocr_carea' id='block_1_21' title="bbox 2035 729 3674 807">
    <p class='ocr_par' dir='ltr' id='par_1_21' title="bbox 2035 729 3674 807">
     <span class='ocr_line' id='line_1_21' title="bbox 2035 729 3674 807; baseline -0.007 -12"><span class='ocrx_word' id='word_1_126' title='bbox 2035 748 2087 795; x_wconf 88' lang='lat' dir='ltr'>et</span> <span class='ocrx_word' id='word_1_127' title='bbox 2132 738 2397 803; x_wconf 84' lang='lat' dir='ltr'><strong>castellis,</strong></span> <span class='ocrx_word' id='word_1_128' title='bbox 2431 752 2553 807; x_wconf 82' lang='lat' dir='ltr'><strong>quae</strong></span> <span class='ocrx_word' id='word_1_129' title='bbox 2585 736 2643 790; x_wconf 88' lang='lat' dir='ltr'>in</span> <span class='ocrx_word' id='word_1_130' title='bbox 2693 733 2989 789; x_wconf 69' lang='lat' dir='ltr'>altissimis</span> <span class='ocrx_word' id='word_1_131' title='bbox 3031 732 3320 787; x_wconf 77' lang='lat' dir='ltr'>montibus</span> <span class='ocrx_word' id='word_1_132' title='bbox 3367 746 3398 785; x_wconf 90' lang='lat' dir='ltr'>e</span> <span class='ocrx_word' id='word_1_133' title='bbox 3445 729 3674 799; x_wconf 65' lang='lat' dir='ltr'><strong>regione</strong></span> 
     </span>
    </p>
   </div>
   <div class='ocr_carea' id='block_1_22' title="bbox 2036 819 3671 892">
    <p class='ocr_par' dir='ltr' id='par_1_22' title="bbox 2036 819 3671 892">
     <span class='ocr_line' id='line_1_22' title="bbox 2036 819 3671 892; baseline -0.007 -9"><span class='ocrx_word' id='word_1_134' title='bbox 2036 828 2217 883; x_wconf 74' lang='lat' dir='ltr'><strong>Hiemi</strong></span> <span class='ocrx_word' id='word_1_135' title='bbox 2259 826 2367 882; x_wconf 83' lang='lat' dir='ltr'><strong>sita</strong></span> <span class='ocrx_word' id='word_1_136' title='bbox 2425 840 2528 881; x_wconf 89' lang='lat' dir='ltr'>nec</span> <span class='ocrx_word' id='word_1_137' title='bbox 2583 824 2776 879; x_wconf 89' lang='lat' dir='ltr'><strong>minus</strong></span> <span class='ocrx_word' id='word_1_138' title='bbox 2825 822 3108 892; x_wconf 74' lang='lat' dir='ltr'><strong>impeditis</strong></span> <span class='ocrx_word' id='word_1_139' title='bbox 3160 819 3457 875; x_wconf 87' lang='lat' dir='ltr'><strong>itineribus</strong></span> <span class='ocrx_word' id='word_1_140' title='bbox 3509 820 3671 873; x_wconf 70' lang='lat' dir='ltr'><strong>lit-ma</strong></span> 
     </span>
    </p>
   </div>
   <div class='ocr_carea' id='block_1_23' title="bbox 2036 907 3672 984">
    <p class='ocr_par' dir='ltr' id='par_1_23' title="bbox 2036 907 3672 984">
     <span class='ocr_line' id='line_1_23' title="bbox 2036 907 3672 984; baseline -0.007 -12"><span class='ocrx_word' id='word_1_141' title='bbox 2036 925 2193 984; x_wconf 88' lang='lat' dir='ltr'><strong>sunt,</strong></span> <span class='ocrx_word' id='word_1_142' title='bbox 2232 932 2333 972; x_wconf 79' lang='lat' dir='ltr'>suo</span> <span class='ocrx_word' id='word_1_143' title='bbox 2376 915 2650 968; x_wconf 72' lang='lat' dir='ltr'><strong>arbitratu</strong></span> <span class='ocrx_word' id='word_1_144' title='bbox 2697 911 3043 975; x_wconf 85' lang='lat' dir='ltr'><strong>constitutis,</strong></span> <span class='ocrx_word' id='word_1_145' title='bbox 3078 926 3149 966; x_wconf 92' lang='lat' dir='ltr'>ne</span> <span class='ocrx_word' id='word_1_146' title='bbox 3193 913 3393 965; x_wconf 74' lang='lat' dir='ltr'><strong>caetera</strong></span> <span class='ocrx_word' id='word_1_147' title='bbox 3442 907 3672 978; x_wconf 83' lang='lat' dir='ltr'><strong>quidem</strong></span> 
     </span>
    </p>
   </div>
   <div class='ocr_carea' id='block_1_24' title="bbox 2035 993 3677 1074">
    <p class='ocr_par' dir='ltr' id='par_1_24' title="bbox 2035 993 3677 1074">
     <span class='ocr_line' id='line_1_24' title="bbox 2035 993 3677 1074; baseline -0.006 -13"><span class='ocrx_word' id='word_1_148' title='bbox 2035 1005 2351 1074; x_wconf 85' lang='lat' dir='ltr'><strong>tranquilla</strong></span> <span class='ocrx_word' id='word_1_149' title='bbox 2386 1021 2509 1059; x_wconf 85' lang='lat' dir='ltr'><strong>esse</strong></span> <span class='ocrx_word' id='word_1_150' title='bbox 2540 1002 2860 1073; x_wconf 87' lang='lat' dir='ltr'><strong>patiebatur</strong></span> <span class='ocrx_word' id='word_1_151' title='bbox 2895 1018 2907 1056; x_wconf 89' lang='lat'>:</span> <span class='ocrx_word' id='word_1_152' title='bbox 2943 996 3038 1055; x_wconf 87' lang='lat' dir='ltr'>sed</span> <span class='ocrx_word' id='word_1_153' title='bbox 3073 1016 3200 1070; x_wconf 67' lang='lat' dir='ltr'><strong>quae</strong></span> <span class='ocrx_word' id='word_1_154' title='bbox 3230 1000 3300 1053; x_wconf 86' lang='lat' dir='ltr'>ad</span> <span class='ocrx_word' id='word_1_155' title='bbox 3335 993 3677 1069; x_wconf 76' lang='lat' dir='ltr'><strong>Mosynopo-</strong></span> 
     </span>
    </p>
   </div>
   <div class='ocr_carea' id='block_1_25' title="bbox 2034 1087 3676 1163">
    <p class='ocr_par' dir='ltr' id='par_1_25' title="bbox 2034 1087 3676 1163">
     <span class='ocr_line' id='line_1_25' title="bbox 2034 1087 3676 1163; baseline -0.007 -13"><span class='ocrx_word' id='word_1_156' title='bbox 2034 1093 2135 1151; x_wconf 90' lang='lat' dir='ltr'>lim</span> <span class='ocrx_word' id='word_1_157' title='bbox 2165 1098 2429 1163; x_wconf 76' lang='lat' dir='ltr'><strong>vergunt,</strong></span> <span class='ocrx_word' id='word_1_158' title='bbox 2464 1092 2536 1147; x_wconf 88' lang='lat' dir='ltr'>ad</span> <span class='ocrx_word' id='word_1_159' title='bbox 2568 1093 2747 1162; x_wconf 85' lang='lat' dir='ltr'><strong>ipsam</strong></span> <span class='ocrx_word' id='word_1_160' title='bbox 2784 1106 2963 1161; x_wconf 90' lang='lat' dir='ltr'><strong>usque</strong></span> <span class='ocrx_word' id='word_1_161' title='bbox 3007 1088 3334 1157; x_wconf 74' lang='lat' dir='ltr'><strong>Xanthiam,</strong></span> <span class='ocrx_word' id='word_1_162' title='bbox 3372 1087 3676 1158; x_wconf 84' lang='lat' dir='ltr'><strong>Pangaeum</strong></span> 
     </span>
    </p>
   </div>
   <div class='ocr_carea' id='block_1_26' title="bbox 2034 1174 3673 1247">
    <p class='ocr_par' dir='ltr' id='par_1_26' title="bbox 2034 1174 3673 1247">
     <span class='ocr_line' id='line_1_26' title="bbox 2034 1174 3673 1247; baseline -0.007 -8"><span class='ocrx_word' id='word_1_163' title='bbox 2034 1190 2285 1239; x_wconf 88' lang='lat' dir='ltr'><strong>montem</strong></span> <span class='ocrx_word' id='word_1_164' title='bbox 2340 1190 2391 1237; x_wconf 86' lang='lat' dir='ltr'>et</span> <span class='ocrx_word' id='word_1_165' title='bbox 2427 1182 2669 1247; x_wconf 85' lang='lat' dir='ltr'><strong>Abdera,</strong></span> <span class='ocrx_word' id='word_1_166' title='bbox 2725 1180 2793 1235; x_wconf 88' lang='lat' dir='ltr'>ad</span> <span class='ocrx_word' id='word_1_167' title='bbox 2847 1178 3225 1234; x_wconf 82' lang='lat' dir='ltr'><strong>defectionem</strong></span> <span class='ocrx_word' id='word_1_168' title='bbox 3308 1174 3557 1243; x_wconf 88' lang='lat' dir='ltr'><strong>impulit,</strong></span> <span class='ocrx_word' id='word_1_169' title='bbox 3618 1176 3673 1228; x_wconf 86' lang='lat' dir='ltr'>et</span> 
     </span>
    </p>
   </div>
   <div class='ocr_carea' id='block_1_27' title="bbox 2031 1257 3671 1340">
    <p class='ocr_par' dir='ltr' id='par_1_27' title="bbox 2031 1257 3671 1340">
     <span class='ocr_line' id='line_1_27' title="bbox 2031 1257 3671 1340; baseline -0.007 -12"><span class='ocrx_word' id='word_1_170' title='bbox 2031 1269 2431 1328; x_wconf 85' lang='lat' dir='ltr'><strong>Smoleuorum</strong></span> <span class='ocrx_word' id='word_1_171' title='bbox 2467 1257 2818 1340; x_wconf 80' lang='lat' dir='ltr'><strong>provinciam</strong></span> <span class='ocrx_word' id='word_1_172' title='bbox 2852 1258 3075 1339; x_wconf 74' lang='lat' dir='ltr'><strong>subegit</strong></span> <span class='ocrx_word' id='word_1_173' title='bbox 3108 1292 3122 1332; x_wconf 84' lang='lat'><strong>;</strong></span> <span class='ocrx_word' id='word_1_174' title='bbox 3155 1276 3207 1322; x_wconf 90' lang='lat' dir='ltr'>et</span> <span class='ocrx_word' id='word_1_175' title='bbox 3240 1263 3486 1322; x_wconf 79' lang='lat' dir='ltr'><strong>finitima</strong></span> <span class='ocrx_word' id='word_1_176' title='bbox 3517 1278 3671 1334; x_wconf 61' lang='lat' dir='ltr'><strong>qna-</strong></span> 
     </span>
    </p>
   </div>
   <div class='ocr_carea' id='block_1_28' title="bbox 2034 1354 3675 1434">
    <p class='ocr_par' dir='ltr' id='par_1_28' title="bbox 2034 1354 3675 1434">
     <span class='ocr_line' id='line_1_28' title="bbox 2034 1354 3675 1434; baseline -0.007 -17"><span class='ocrx_word' id='word_1_177' title='bbox 2034 1377 2148 1434; x_wconf 82' lang='lat' dir='ltr'><strong>que</strong></span> <span class='ocrx_word' id='word_1_178' title='bbox 2180 1362 2358 1417; x_wconf 84' lang='lat' dir='ltr'><strong>instar</strong></span> <span class='ocrx_word' id='word_1_179' title='bbox 2390 1359 2704 1430; x_wconf 85' lang='lat' dir='ltr'><strong>contaginsi</strong></span> <span class='ocrx_word' id='word_1_180' title='bbox 2751 1358 2933 1414; x_wconf 89' lang='lat' dir='ltr'><strong>morbi</strong></span> <span class='ocrx_word' id='word_1_181' title='bbox 2967 1357 3350 1427; x_wconf 82' lang='lat' dir='ltr'><strong>depascendo,</strong></span> <span class='ocrx_word' id='word_1_182' title='bbox 3390 1354 3675 1409; x_wconf 79' lang='lat' dir='ltr'><strong>Romanos</strong></span> 
     </span>
    </p>
   </div>
   <div class='ocr_carea' id='block_1_29' title="bbox 2036 1442 3673 1524">
    <p class='ocr_par' dir='ltr' id='par_1_29' title="bbox 2036 1442 3673 1524">
     <span class='ocr_line' id='line_1_29' title="bbox 2036 1442 3673 1524; baseline -0.007 -15"><span class='ocrx_word' id='word_1_183' title='bbox 2036 1452 2241 1524; x_wconf 89' lang='lat' dir='ltr'><strong>partim</strong></span> <span class='ocrx_word' id='word_1_184' title='bbox 2274 1454 2445 1522; x_wconf 89' lang='lat' dir='ltr'><strong>cepit,</strong></span> <span class='ocrx_word' id='word_1_185' title='bbox 2481 1451 2695 1522; x_wconf 79' lang='lat' dir='ltr'><strong>partim</strong></span> <span class='ocrx_word' id='word_1_186' title='bbox 2720 1448 2973 1517; x_wconf 83' lang='lat' dir='ltr'><strong>sustulit,</strong></span> <span class='ocrx_word' id='word_1_187' title='bbox 2998 1448 3196 1517; x_wconf 81' lang='lat' dir='ltr'><strong>partim</strong></span> <span class='ocrx_word' id='word_1_188' title='bbox 3222 1446 3403 1517; x_wconf 87' lang='lat' dir='ltr'><strong>pretio</strong></span> <span class='ocrx_word' id='word_1_189' title='bbox 3430 1442 3673 1512; x_wconf 85' lang='lat' dir='ltr'><strong>dimisit,</strong></span> 
     </span>
    </p>
   </div>
   <div class='ocr_carea' id='block_1_30' title="bbox 2034 1524 3677 1614">
    <p class='ocr_par' dir='ltr' id='par_1_30' title="bbox 2034 1524 3677 1614">
     <span class='ocr_line' id='line_1_30' title="bbox 2034 1524 3677 1614; baseline -0.007 -17"><span class='ocrx_word' id='word_1_190' title='bbox 2034 1542 2343 1614; x_wconf 87' lang='lat' dir='ltr'><strong>populares</strong></span> <span class='ocrx_word' id='word_1_191' title='bbox 2373 1554 2504 1597; x_wconf 80' lang='lat' dir='ltr'><strong>Vero</strong></span> <span class='ocrx_word' id='word_1_192' title='bbox 2535 1548 2671 1596; x_wconf 71' lang='lat' dir='ltr'><strong>alios</strong></span> <span class='ocrx_word' id='word_1_193' title='bbox 2705 1539 2853 1594; x_wconf 84' lang='lat' dir='ltr'><strong>ultro</strong></span> <span class='ocrx_word' id='word_1_194' title='bbox 2887 1528 3241 1593; x_wconf 75' lang='lat' dir='ltr'><strong>deditionem</strong></span> <span class='ocrx_word' id='word_1_195' title='bbox 3274 1524 3421 1590; x_wconf 64' lang='lat'>381</span> <span class='ocrx_word' id='word_1_196' title='bbox 3463 1534 3677 1588; x_wconf 71' lang='lat' dir='ltr'><strong>faciem-</strong></span> 
     </span>
    </p>
   </div>
   <div class='ocr_carea' id='block_1_31' title="bbox 2034 1623 3675 1703">
    <p class='ocr_par' dir='ltr' id='par_1_31' title="bbox 2034 1623 3675 1703">
     <span class='ocr_line' id='line_1_31' title="bbox 2034 1623 3675 1703; baseline -0.008 -15"><span class='ocrx_word' id='word_1_197' title='bbox 2034 1637 2122 1689; x_wconf 87' lang='lat' dir='ltr'>tcs</span> <span class='ocrx_word' id='word_1_198' title='bbox 2154 1632 2430 1703; x_wconf 87' lang='lat' dir='ltr'><strong>pristinas</strong></span> <span class='ocrx_word' id='word_1_199' title='bbox 2464 1635 2660 1686; x_wconf 87' lang='lat' dir='ltr'><strong>tenere</strong></span> <span class='ocrx_word' id='word_1_200' title='bbox 2685 1631 2849 1686; x_wconf 85' lang='lat' dir='ltr'><strong>sedes</strong></span> <span class='ocrx_word' id='word_1_201' title='bbox 2894 1645 3104 1698; x_wconf 87' lang='lat' dir='ltr'><strong>passus</strong></span> <span class='ocrx_word' id='word_1_202' title='bbox 3133 1630 3242 1682; x_wconf 87' lang='lat' dir='ltr'><strong>est.</strong></span> <span class='ocrx_word' id='word_1_203' title='bbox 3275 1625 3418 1680; x_wconf 89' lang='lat' dir='ltr'><strong>Cum</strong></span> <span class='ocrx_word' id='word_1_204' title='bbox 3469 1623 3545 1677; x_wconf 89' lang='lat' dir='ltr'>ita</span> <span class='ocrx_word' id='word_1_205' title='bbox 3578 1638 3675 1677; x_wconf 86' lang='lat' dir='ltr'><strong>su-</strong></span> 
     </span>
    </p>
   </div>
   <div class='ocr_carea' id='block_1_32' title="bbox 2032 1713 3671 1793">
    <p class='ocr_par' dir='ltr' id='par_1_32' title="bbox 2032 1713 3671 1793">
     <span class='ocr_line' id='line_1_32' title="bbox 2032 1713 3671 1793; baseline -0.008 -15"><span class='ocrx_word' id='word_1_206' title='bbox 2032 1721 2207 1778; x_wconf 89' lang='lat' dir='ltr'><strong>binde</strong></span> <span class='ocrx_word' id='word_1_207' title='bbox 2249 1726 2550 1786; x_wconf 86' lang='lat' dir='ltr'><strong>cresceret,</strong></span> <span class='ocrx_word' id='word_1_208' title='bbox 2588 1720 2875 1793; x_wconf 83' lang='lat' dir='ltr'><strong>prioribus</strong></span> <span class='ocrx_word' id='word_1_209' title='bbox 2918 1718 3177 1773; x_wconf 83' lang='lat' dir='ltr'><strong>hostibus</strong></span> <span class='ocrx_word' id='word_1_210' title='bbox 3210 1715 3377 1787; x_wconf 81' lang='lat' dir='ltr'><strong>longe</strong></span> <span class='ocrx_word' id='word_1_211' title='bbox 3425 1713 3583 1784; x_wconf 84' lang='lat' dir='ltr'><strong>pejor</strong></span> <span class='ocrx_word' id='word_1_212' title='bbox 3613 1714 3671 1766; x_wconf 87' lang='lat' dir='ltr'>et</span> 
     </span>
    </p>
   </div>
   <div class='ocr_carea' id='block_1_33' title="bbox 2034 1802 3669 1879">
    <p class='ocr_par' dir='ltr' id='par_1_33' title="bbox 2034 1802 3669 1879">
     <span class='ocr_line' id='line_1_33' title="bbox 2034 1802 3669 1879; baseline -0.008 -12"><span class='ocrx_word' id='word_1_213' title='bbox 2034 1810 2323 1867; x_wconf 88' lang='lat' dir='ltr'><strong>crudelior</strong></span> <span class='ocrx_word' id='word_1_214' title='bbox 2343 1811 2582 1875; x_wconf 81' lang='lat' dir='ltr'><strong>exstitit,</strong></span> <span class='ocrx_word' id='word_1_215' title='bbox 2603 1808 2671 1864; x_wconf 85' lang='lat' dir='ltr'>ad</span> <span class='ocrx_word' id='word_1_216' title='bbox 2712 1824 2838 1864; x_wconf 86' lang='lat' dir='ltr'>eam</span> <span class='ocrx_word' id='word_1_217' title='bbox 2872 1822 3209 1879; x_wconf 69' lang='lat' dir='ltr'><strong>progressus</strong></span> <span class='ocrx_word' id='word_1_218' title='bbox 3241 1802 3669 1861; x_wconf 82' lang='lat' dir='ltr'><strong>immanitatem</strong></span> 
     </span>
    </p>
   </div>
   <div class='ocr_carea' id='block_1_34' title="bbox 267 1893 1948 1995">
    <p class='ocr_par' dir='ltr' id='par_1_34' title="bbox 267 1893 1925 1995">
     <span class='ocr_line' id='line_1_34' title="bbox 267 1893 1925 1995; baseline -0.004 -42"><span class='ocrx_word' id='word_1_219' title='bbox 267 1899 526 1995; x_wconf 70' lang='grc' dir='ltr'>θήσουσιν</span> <span class='ocrx_word' id='word_1_220' title='bbox 630 1896 1049 1971; x_wconf 81' lang='grc' dir='ltr'>έξερεθισθέντες</span> <span class='ocrx_word' id='word_1_221' title='bbox 1127 1896 1219 1952; x_wconf 85' lang='grc' dir='ltr'>καὶ</span> <span class='ocrx_word' id='word_1_222' title='bbox 1299 1893 1508 1971; x_wconf 85' lang='grc' dir='ltr'>μηδένα</span> <span class='ocrx_word' id='word_1_223' title='bbox 1581 1893 1747 1970; x_wconf 89' lang='grc' dir='ltr'>λόγον</span> <span class='ocrx_word' id='word_1_224' title='bbox 1825 1900 1925 1964; x_wconf 84' lang='grc' dir='ltr'>τῆς</span> 
     </span>
    </p>
   </div>
   <div class='ocr_carea' id='block_1_35' title="bbox 2035 1893 3669 1995">
    <p class='ocr_par' dir='ltr' id='par_1_35' title="bbox 2035 1893 3669 1972">
     <span class='ocr_line' id='line_1_35' title="bbox 2035 1893 3669 1972; baseline -0.007 -18"><span class='ocrx_word' id='word_1_225' title='bbox 2035 1916 2205 1972; x_wconf 88' lang='lat' dir='ltr'><strong>quam</strong></span> <span class='ocrx_word' id='word_1_226' title='bbox 2241 1899 2473 1953; x_wconf 86' lang='lat' dir='ltr'><strong>Barbari</strong></span> <span class='ocrx_word' id='word_1_227' title='bbox 2506 1897 2769 1970; x_wconf 88' lang='lat' dir='ltr'><strong>plerique</strong></span> <span class='ocrx_word' id='word_1_228' title='bbox 2801 1895 3199 1952; x_wconf 74' lang='lat' dir='ltr'><strong>fortitudinem</strong></span> <span class='ocrx_word' id='word_1_229' title='bbox 3251 1908 3375 1949; x_wconf 85' lang='lat' dir='ltr'><strong>esse</strong></span> <span class='ocrx_word' id='word_1_230' title='bbox 3408 1893 3669 1956; x_wconf 86' lang='lat' dir='ltr'><strong>censent,</strong></span> 
     </span>
    </p>
   </div>
   <div class='ocr_carea' id='block_1_36' title="bbox 271 1982 1927 2060">
    <p class='ocr_par' dir='ltr' id='par_1_36' title="bbox 271 1982 1927 2060">
     <span class='ocr_line' id='line_1_36' title="bbox 271 1982 1927 2060; baseline -0.002 -18"><span class='ocrx_word' id='word_1_231' title='bbox 271 1985 548 2060; x_wconf 75' lang='grc' dir='ltr'>σωτηρίας</span> <span class='ocrx_word' id='word_1_232' title='bbox 614 1986 816 2041; x_wconf 71' lang='grc' dir='ltr'>ἑαυτῶν</span> <span class='ocrx_word' id='word_1_233' title='bbox 875 1987 1263 2059; x_wconf 84' lang='grc' dir='ltr'>ποιησάμενοι.</span> <span class='ocrx_word' id='word_1_234' title='bbox 1341 1982 1565 2059; x_wconf 85' lang='grc' dir='ltr'>Ἀμέλει</span> <span class='ocrx_word' id='word_1_235' title='bbox 1639 1985 1727 2039; x_wconf 84' lang='grc' dir='ltr'>καὶ</span> <span class='ocrx_word' id='word_1_236' title='bbox 1805 1984 1927 2059; x_wconf 78' lang='grc' dir='ltr'>εἶχε</span> 
     </span>
    </p>
   </div>
   <div class='ocr_carea' id='block_1_37' title="bbox 268 2060 1927 2151">
    <p class='ocr_par' dir='ltr' id='par_1_37' title="bbox 268 2060 1927 2151">
     <span class='ocr_line' id='line_1_37' title="bbox 268 2060 1927 2151; baseline -0.002 -18"><span class='ocrx_word' id='word_1_237' title='bbox 268 2060 582 2149; x_wconf 70' lang='grc' dir='ltr'>Ῥωμαίους</span> <span class='ocrx_word' id='word_1_238' title='bbox 651 2078 797 2149; x_wconf 79' lang='grc' dir='ltr'>μετά</span> <span class='ocrx_word' id='word_1_239' title='bbox 839 2076 1034 2151; x_wconf 85' lang='grc' dir='ltr'>μικρὸν</span> <span class='ocrx_word' id='word_1_240' title='bbox 1092 2075 1229 2131; x_wconf 78' lang='grc' dir='ltr'>αὐτά</span> <span class='ocrx_word' id='word_1_241' title='bbox 1281 2080 1451 2132; x_wconf 90' lang='grc' dir='ltr'>ταῦτα</span> <span class='ocrx_word' id='word_1_242' title='bbox 1526 2075 1927 2149; x_wconf 84' lang='grc' dir='ltr'>διαπραττομέ-</span> 
     </span>
    </p>
   </div>
   <div class='ocr_carea' id='block_1_38' title="bbox 266 2158 1928 2245">
    <p class='ocr_par' dir='ltr' id='par_1_38' title="bbox 266 2158 1928 2245">
     <span class='ocr_line' id='line_1_38' title="bbox 266 2158 1928 2245; baseline -0.001 -25"><span class='ocrx_word' id='word_1_243' title='bbox 266 2185 398 2245; x_wconf 88' lang='grc' dir='ltr'>νους</span> <span class='ocrx_word' id='word_1_244' title='bbox 431 2165 607 2220; x_wconf 83' lang='grc' dir='ltr'>ὁπόσα</span> <span class='ocrx_word' id='word_1_245' title='bbox 634 2164 773 2219; x_wconf 83' lang='grc' dir='ltr'>κατὰ</span> <span class='ocrx_word' id='word_1_246' title='bbox 829 2169 953 2219; x_wconf 90' lang='grc' dir='ltr'>νοῦν</span> <span class='ocrx_word' id='word_1_247' title='bbox 982 2158 1249 2243; x_wconf 78' lang='grc' dir='ltr'>ἔστρεφεν.</span> <span class='ocrx_word' id='word_1_248' title='bbox 1324 2166 1381 2219; x_wconf 76' lang='grc' dir='ltr'>Ὀ</span> <span class='ocrx_word' id='word_1_249' title='bbox 1454 2167 1553 2239; x_wconf 83' lang='grc' dir='ltr'>γὰρ</span> <span class='ocrx_word' id='word_1_250' title='bbox 1631 2162 1697 2235; x_wconf 79' lang='grc' dir='ltr'>δὴ</span> <span class='ocrx_word' id='word_1_251' title='bbox 1773 2185 1928 2239; x_wconf 79' lang='grc' dir='ltr'>πρω-</span> 
     </span>
    </p>
   </div>
   <div class='ocr_carea' id='block_1_39' title="bbox 263 2250 1928 2330">
    <p class='ocr_par' dir='ltr' id='par_1_39' title="bbox 263 2250 1928 2330">
     <span class='ocr_line' id='line_1_39' title="bbox 263 2250 1928 2330; baseline 0 -22"><span class='ocrx_word' id='word_1_252' title='bbox 263 2254 586 2330; x_wconf 80' lang='grc' dir='ltr'>τοστράτωρ</span> <span class='ocrx_word' id='word_1_253' title='bbox 618 2254 731 2327; x_wconf 79' lang='grc' dir='ltr'>ἅμα</span> <span class='ocrx_word' id='word_1_254' title='bbox 759 2257 829 2328; x_wconf 82' lang='grc' dir='ltr'>τῇ</span> <span class='ocrx_word' id='word_1_255' title='bbox 859 2253 1002 2327; x_wconf 75' lang='grc' dir='ltr'>ἀκοῇ</span> <span class='ocrx_word' id='word_1_256' title='bbox 1040 2259 1151 2309; x_wconf 87' lang='grc' dir='ltr'>τῶν</span> <span class='ocrx_word' id='word_1_257' title='bbox 1211 2250 1506 2329; x_wconf 78' lang='grc' dir='ltr'>δρωμένων</span> <span class='ocrx_word' id='word_1_258' title='bbox 1567 2253 1628 2309; x_wconf 77' lang='grc' dir='ltr'>ἐκ</span> <span class='ocrx_word' id='word_1_259' title='bbox 1681 2258 1779 2310; x_wconf 87' lang='grc' dir='ltr'>τοῦ</span> <span class='ocrx_word' id='word_1_260' title='bbox 1818 2255 1928 2310; x_wconf 92' lang='grc' dir='ltr'>Βα-</span> 
     </span>
    </p>
   </div>
   <div class='ocr_carea' id='block_1_40' title="bbox 262 2338 1925 2419">
    <p class='ocr_par' dir='ltr' id='par_1_40' title="bbox 262 2338 1925 2419">
     <span class='ocr_line' id='line_1_40' title="bbox 262 2338 1925 2419; baseline 0 -24"><span class='ocrx_word' id='word_1_261' title='bbox 262 2341 688 2419; x_wconf 88' lang='grc' dir='ltr'>τραχοκάστρου</span> <span class='ocrx_word' id='word_1_262' title='bbox 773 2340 1007 2415; x_wconf 84' lang='grc' dir='ltr'>ἀπάρας,</span> <span class='ocrx_word' id='word_1_263' title='bbox 1095 2338 1221 2396; x_wconf 82' lang='grc' dir='ltr'>ἔνθα</span> <span class='ocrx_word' id='word_1_264' title='bbox 1304 2341 1370 2410; x_wconf 80' lang='grc' dir='ltr'>ἧν</span> <span class='ocrx_word' id='word_1_265' title='bbox 1424 2340 1832 2414; x_wconf 68' lang='grc' dir='ltr'>σκηνούμενος,</span> <span class='ocrx_word' id='word_1_266' title='bbox 1872 2338 1925 2402; x_wconf 78' lang='grc' dir='ltr'>ές</span> 
     </span>
    </p>
   </div>
   <div class='ocr_carea' id='block_1_41' title="bbox 263 2427 1928 2505">
    <p class='ocr_par' dir='ltr' id='par_1_41' title="bbox 263 2427 1928 2505">
     <span class='ocr_line' id='line_1_41' title="bbox 263 2427 1928 2505; baseline -0.001 -21"><span class='ocrx_word' id='word_1_267' title='bbox 263 2429 329 2484; x_wconf 86' lang='grc' dir='ltr'>τὸ</span> <span class='ocrx_word' id='word_1_268' title='bbox 368 2427 696 2484; x_wconf 88' lang='grc' dir='ltr'>Βακτούνιον</span> <span class='ocrx_word' id='word_1_269' title='bbox 744 2429 1120 2502; x_wconf 84' lang='grc' dir='ltr'>παραγίνεται,</span> <span class='ocrx_word' id='word_1_270' title='bbox 1175 2429 1274 2485; x_wconf 80' lang='grc' dir='ltr'>Καὶ</span> <span class='ocrx_word' id='word_1_271' title='bbox 1305 2432 1384 2500; x_wconf 83' lang='grc' dir='ltr'>τῷ</span> <span class='ocrx_word' id='word_1_272' title='bbox 1431 2428 1739 2505; x_wconf 74' lang='grc' dir='ltr'>φαινομένῳ</span> <span class='ocrx_word' id='word_1_273' title='bbox 1791 2448 1928 2504; x_wconf 89' lang='grc' dir='ltr'>προ-</span> 
     </span>
    </p>
   </div>
   <div class='ocr_carea' id='block_1_42' title="bbox 267 2514 1929 2594">
    <p class='ocr_par' dir='ltr' id='par_1_42' title="bbox 267 2514 1929 2594">
     <span class='ocr_line' id='line_1_42' title="bbox 267 2514 1929 2594; baseline 0.001 -22"><span class='ocrx_word' id='word_1_274' title='bbox 267 2517 448 2592; x_wconf 89' lang='grc' dir='ltr'>σχὼν,</span> <span class='ocrx_word' id='word_1_275' title='bbox 479 2517 543 2572; x_wconf 83' lang='grc' dir='ltr'>τὸ</span> <span class='ocrx_word' id='word_1_276' title='bbox 573 2514 631 2573; x_wconf 64' lang='grc' dir='ltr'>δὲ</span> <span class='ocrx_word' id='word_1_277' title='bbox 662 2518 904 2594; x_wconf 75' lang='grc' dir='ltr'>σόφισμα</span> <span class='ocrx_word' id='word_1_278' title='bbox 931 2521 1029 2572; x_wconf 88' lang='grc' dir='ltr'>τοῦ</span> <span class='ocrx_word' id='word_1_279' title='bbox 1088 2515 1337 2588; x_wconf 77' lang='grc' dir='ltr'>Ἀλεξίου</span> <span class='ocrx_word' id='word_1_280' title='bbox 1395 2515 1795 2593; x_wconf 86' lang='grc' dir='ltr'>παραδραμων,</span> <span class='ocrx_word' id='word_1_281' title='bbox 1862 2517 1929 2573; x_wconf 79' lang='grc' dir='ltr'>τὰ</span> 
     </span>
    </p>
   </div>
   <div class='ocr_carea' id='block_1_43' title="bbox 266 2603 1927 2683">
    <p class='ocr_par' dir='ltr' id='par_1_43' title="bbox 266 2603 1927 2683">
     <span class='ocr_line' id='line_1_43' title="bbox 266 2603 1927 2683; baseline 0.001 -22"><span class='ocrx_word' id='word_1_282' title='bbox 266 2606 320 2661; x_wconf 77' lang='grc' dir='ltr'>έν</span> <span class='ocrx_word' id='word_1_283' title='bbox 351 2604 668 2683; x_wconf 77' lang='grc' dir='ltr'>ὀφθαλμοῖς</span> <span class='ocrx_word' id='word_1_284' title='bbox 722 2603 1002 2661; x_wconf 78' lang='grc' dir='ltr'>σκυλεύειν</span> <span class='ocrx_word' id='word_1_285' title='bbox 1054 2604 1285 2682; x_wconf 73' lang='grc' dir='ltr'>διαφῆκε</span> <span class='ocrx_word' id='word_1_286' title='bbox 1341 2606 1404 2660; x_wconf 86' lang='grc' dir='ltr'>τὸ</span> <span class='ocrx_word' id='word_1_287' title='bbox 1453 2605 1781 2682; x_wconf 87' lang='grc' dir='ltr'>στράτευμα,</span> <span class='ocrx_word' id='word_1_288' title='bbox 1837 2605 1927 2662; x_wconf 86' lang='grc' dir='ltr'>καὶ</span> 
     </span>
    </p>
   </div>
   <div class='ocr_carea' id='block_1_44' title="bbox 266 2692 1927 2771">
    <p class='ocr_par' dir='ltr' id='par_1_44' title="bbox 266 2692 1927 2771">
     <span class='ocr_line' id='line_1_44' title="bbox 266 2692 1927 2771; baseline 0.001 -21"><span class='ocrx_word' id='word_1_289' title='bbox 266 2696 433 2758; x_wconf 76' lang='grc' dir='ltr'>αὐτὸς</span> <span class='ocrx_word' id='word_1_290' title='bbox 467 2693 530 2750; x_wconf 70' lang='grc' dir='ltr'>δὲ</span> <span class='ocrx_word' id='word_1_291' title='bbox 563 2697 639 2769; x_wconf 84' lang='grc' dir='ltr'>μή</span> <span class='ocrx_word' id='word_1_292' title='bbox 671 2693 1096 2771; x_wconf 78' lang='grc' dir='ltr'>πολεμιστηρίῳ</span> <span class='ocrx_word' id='word_1_293' title='bbox 1149 2693 1310 2768; x_wconf 70' lang='grc' dir='ltr'>ἵππῳ</span> <span class='ocrx_word' id='word_1_294' title='bbox 1370 2692 1576 2771; x_wconf 75' lang='grc' dir='ltr'>ἔποχος</span> <span class='ocrx_word' id='word_1_295' title='bbox 1618 2694 1693 2749; x_wconf 83' lang='grc' dir='ltr'>ὢν</span> <span class='ocrx_word' id='word_1_296' title='bbox 1735 2695 1927 2752; x_wconf 86' lang='grc' dir='ltr'>έπιπα-</span> 
     </span>
    </p>
   </div>
   <div class='ocr_carea' id='block_1_45' title="bbox 268 2781 1926 2862">
    <p class='ocr_par' dir='ltr' id='par_1_45' title="bbox 268 2781 1926 2862">
     <span class='ocr_line' id='line_1_45' title="bbox 268 2781 1926 2862; baseline 0 -24"><span class='ocrx_word' id='word_1_297' title='bbox 268 2784 405 2860; x_wconf 86' lang='grc' dir='ltr'>ριὼν</span> <span class='ocrx_word' id='word_1_298' title='bbox 428 2782 615 2849; x_wconf 78' lang='grc' dir='ltr'>ἐθεᾶτο</span> <span class='ocrx_word' id='word_1_299' title='bbox 654 2783 721 2839; x_wconf 76' lang='grc' dir='ltr'>τὰ</span> <span class='ocrx_word' id='word_1_300' title='bbox 751 2781 1026 2859; x_wconf 85' lang='grc' dir='ltr'>δρώμενα.</span> <span class='ocrx_word' id='word_1_301' title='bbox 1060 2785 1159 2841; x_wconf 84' lang='grc' dir='ltr'>Ἐκ</span> <span class='ocrx_word' id='word_1_302' title='bbox 1188 2781 1245 2838; x_wconf 77' lang='grc' dir='ltr'>δὲ</span> <span class='ocrx_word' id='word_1_303' title='bbox 1303 2782 1500 2839; x_wconf 88' lang='grc' dir='ltr'>τούτου</span> <span class='ocrx_word' id='word_1_304' title='bbox 1565 2788 1676 2839; x_wconf 88' lang='grc' dir='ltr'>τῶν</span> <span class='ocrx_word' id='word_1_305' title='bbox 1737 2784 1926 2862; x_wconf 88' lang='grc' dir='ltr'>λόχων</span> 
     </span>
    </p>
   </div>
   <div class='ocr_carea' id='block_1_46' title="bbox 269 2870 1928 2946">
    <p class='ocr_par' dir='ltr' id='par_1_46' title="bbox 269 2870 1928 2946">
     <span class='ocr_line' id='line_1_46' title="bbox 269 2870 1928 2946; baseline 0 -19"><span class='ocrx_word' id='word_1_306' title='bbox 269 2872 550 2946; x_wconf 76' lang='grc' dir='ltr'>ἀνακύψας</span> <span class='ocrx_word' id='word_1_307' title='bbox 581 2872 824 2942; x_wconf 81' lang='grc' dir='ltr'>Ἀλέξιος</span> <span class='ocrx_word' id='word_1_308' title='bbox 882 2873 957 2934; x_wconf 84' lang='grc' dir='ltr'>ὡς</span> <span class='ocrx_word' id='word_1_309' title='bbox 1016 2870 1071 2933; x_wconf 76' lang='grc' dir='ltr'>ἐς</span> <span class='ocrx_word' id='word_1_310' title='bbox 1119 2870 1391 2945; x_wconf 85' lang='grc' dir='ltr'>κύκλωμα</span> <span class='ocrx_word' id='word_1_311' title='bbox 1447 2873 1539 2927; x_wconf 85' lang='grc' dir='ltr'>τὸν</span> <span class='ocrx_word' id='word_1_312' title='bbox 1572 2870 1928 2945; x_wconf 83' lang='grc' dir='ltr'>πρωτοστρά-</span> 
     </span>
    </p>
   </div>
   <div class='ocr_carea' id='block_1_47' title="bbox 2037 1979 3673 2058">
    <p class='ocr_par' dir='ltr' id='par_1_47' title="bbox 2037 1979 3673 2058">
     <span class='ocr_line' id='line_1_47' title="bbox 2037 1979 3673 2058; baseline -0.006 -14"><span class='ocrx_word' id='word_1_313' title='bbox 2037 1996 2094 2044; x_wconf 91' lang='lat' dir='ltr'>ut</span> <span class='ocrx_word' id='word_1_314' title='bbox 2124 1989 2181 2044; x_wconf 92' lang='lat' dir='ltr'>in</span> <span class='ocrx_word' id='word_1_315' title='bbox 2215 1985 2735 2058; x_wconf 86' lang='lat' dir='ltr'><strong>compotationibus</strong></span> <span class='ocrx_word' id='word_1_316' title='bbox 2761 1984 3021 2057; x_wconf 83' lang='lat' dir='ltr'><strong>captivos</strong></span> <span class='ocrx_word' id='word_1_317' title='bbox 3056 1984 3348 2039; x_wconf 84' lang='lat' dir='ltr'><strong>Romanos</strong></span> <span class='ocrx_word' id='word_1_318' title='bbox 3378 1979 3673 2037; x_wconf 83' lang='lat' dir='ltr'><strong>membra-</strong></span> 
     </span>
    </p>
   </div>
   <div class='ocr_carea' id='block_1_48' title="bbox 2034 2070 3675 2146">
    <p class='ocr_par' dir='ltr' id='par_1_48' title="bbox 2034 2070 3675 2146">
     <span class='ocr_line' id='line_1_48' title="bbox 2034 2070 3675 2146; baseline -0.007 -12"><span class='ocrx_word' id='word_1_319' title='bbox 2034 2078 2137 2134; x_wconf 87' lang='lat' dir='ltr'>tim</span> <span class='ocrx_word' id='word_1_320' title='bbox 2170 2077 2503 2132; x_wconf 85' lang='lat' dir='ltr'><strong>dissecaret.</strong></span> <span class='ocrx_word' id='word_1_321' title='bbox 2541 2079 2854 2146; x_wconf 85' lang='lat' dir='ltr'><strong>Imperator</strong></span> <span class='ocrx_word' id='word_1_322' title='bbox 2884 2086 3015 2128; x_wconf 85' lang='lat' dir='ltr'><strong>vero</strong></span> <span class='ocrx_word' id='word_1_323' title='bbox 3042 2074 3202 2128; x_wconf 83' lang='lat' dir='ltr'><strong>factis</strong></span> <span class='ocrx_word' id='word_1_324' title='bbox 3222 2072 3344 2127; x_wconf 80' lang='lat' dir='ltr'><strong>suis</strong></span> <span class='ocrx_word' id='word_1_325' title='bbox 3374 2070 3675 2125; x_wconf 83' lang='lat' dir='ltr'><strong>declarans</strong></span> 
     </span>
    </p>
   </div>
   <div class='ocr_carea' id='block_1_49' title="bbox 2036 2156 3673 2236">
    <p class='ocr_par' dir='ltr' id='par_1_49' title="bbox 2036 2156 3673 2236">
     <span class='ocr_line' id='line_1_49' title="bbox 2036 2156 3673 2236; baseline -0.008 -12"><span class='ocrx_word' id='word_1_326' title='bbox 2036 2183 2099 2224; x_wconf 82' lang='lat' dir='ltr'>se</span> <span class='ocrx_word' id='word_1_327' title='bbox 2157 2163 2582 2236; x_wconf 84' lang='lat' dir='ltr'><strong>protostraloris</strong></span> <span class='ocrx_word' id='word_1_328' title='bbox 2647 2161 3026 2233; x_wconf 87' lang='lat' dir='ltr'><strong>captivitatem</strong></span> <span class='ocrx_word' id='word_1_329' title='bbox 3090 2157 3384 2232; x_wconf 85' lang='lat' dir='ltr'><strong>singulare</strong></span> <span class='ocrx_word' id='word_1_330' title='bbox 3434 2156 3673 2214; x_wconf 68' lang='lat' dir='ltr'><strong>l‘ortuua‘a</strong></span> 
     </span>
    </p>
   </div>
   <div class='ocr_carea' id='block_1_50' title="bbox 2036 2245 3680 2325">
    <p class='ocr_par' dir='ltr' id='par_1_50' title="bbox 2036 2245 3680 2325">
     <span class='ocr_line' id='line_1_50' title="bbox 2036 2245 3680 2325; baseline -0.006 -15"><span class='ocrx_word' id='word_1_331' title='bbox 2036 2253 2383 2310; x_wconf 85' lang='lat' dir='ltr'><strong>beneﬁcium</strong></span> <span class='ocrx_word' id='word_1_332' title='bbox 2406 2253 2695 2325; x_wconf 88' lang='lat' dir='ltr'><strong>judicare,</strong></span> <span class='ocrx_word' id='word_1_333' title='bbox 2730 2249 2997 2306; x_wconf 83' lang='lat' dir='ltr'><strong>maximis</strong></span> <span class='ocrx_word' id='word_1_334' title='bbox 3029 2251 3158 2322; x_wconf 86' lang='lat' dir='ltr'><strong>ejus</strong></span> <span class='ocrx_word' id='word_1_335' title='bbox 3183 2249 3392 2321; x_wconf 83' lang='lat' dir='ltr'><strong>Opibus</strong></span> <span class='ocrx_word' id='word_1_336' title='bbox 3424 2264 3488 2303; x_wconf 88' lang='lat' dir='ltr'>ac</span> <span class='ocrx_word' id='word_1_337' title='bbox 3513 2245 3680 2318; x_wconf 83' lang='lat' dir='ltr'><strong>plane</strong></span> 
     </span>
    </p>
   </div>
   <div class='ocr_carea' id='block_1_51' title="bbox 2037 2336 3675 2413">
    <p class='ocr_par' dir='ltr' id='par_1_51' title="bbox 2037 2336 3675 2413">
     <span class='ocr_line' id='line_1_51' title="bbox 2037 2336 3675 2413; baseline -0.006 -14"><span class='ocrx_word' id='word_1_338' title='bbox 2037 2344 2210 2413; x_wconf 76' lang='lat' dir='ltr'><strong>regiis</strong></span> <span class='ocrx_word' id='word_1_339' title='bbox 2248 2342 2514 2413; x_wconf 86' lang='lat' dir='ltr'><strong>direptis,</strong></span> <span class='ocrx_word' id='word_1_340' title='bbox 2548 2358 2653 2398; x_wconf 89' lang='lat' dir='ltr'>nec</span> <span class='ocrx_word' id='word_1_341' title='bbox 2695 2340 2813 2397; x_wconf 75' lang='lat' dir='ltr'><strong>ulla</strong></span> <span class='ocrx_word' id='word_1_342' title='bbox 2863 2357 2921 2396; x_wconf 90' lang='lat' dir='ltr'>re</span> <span class='ocrx_word' id='word_1_343' title='bbox 2953 2337 3421 2410; x_wconf 84' lang='lat' dir='ltr'><strong>impervestigata</strong></span> <span class='ocrx_word' id='word_1_344' title='bbox 3454 2336 3675 2403; x_wconf 85' lang='lat' dir='ltr'><strong>relicta,</strong></span> 
     </span>
    </p>
   </div>
   <div class='ocr_carea' id='block_1_52' title="bbox 2039 2425 3679 2503">
    <p class='ocr_par' dir='ltr' id='par_1_52' title="bbox 2039 2425 3679 2503">
     <span class='ocr_line' id='line_1_52' title="bbox 2039 2425 3679 2503; baseline -0.003 -16"><span class='ocrx_word' id='word_1_345' title='bbox 2039 2447 2214 2488; x_wconf 80' lang='lat' dir='ltr'><strong>uxore</strong></span> <span class='ocrx_word' id='word_1_346' title='bbox 2257 2447 2488 2503; x_wconf 85' lang='lat' dir='ltr'><strong>quoque</strong></span> <span class='ocrx_word' id='word_1_347' title='bbox 2518 2435 2576 2485; x_wconf 90' lang='lat' dir='ltr'>et</span> <span class='ocrx_word' id='word_1_348' title='bbox 2625 2429 2743 2486; x_wconf 83' lang='lat' dir='ltr'><strong>filio</strong></span> <span class='ocrx_word' id='word_1_349' title='bbox 2774 2431 2900 2501; x_wconf 89' lang='lat' dir='ltr'><strong>ejus</strong></span> <span class='ocrx_word' id='word_1_350' title='bbox 2947 2430 3005 2484; x_wconf 89' lang='lat' dir='ltr'>in</span> <span class='ocrx_word' id='word_1_351' title='bbox 3038 2427 3269 2484; x_wconf 90' lang='lat' dir='ltr'><strong>vincula</strong></span> <span class='ocrx_word' id='word_1_352' title='bbox 3322 2425 3512 2483; x_wconf 87' lang='lat' dir='ltr'><strong>nescio</strong></span> <span class='ocrx_word' id='word_1_353' title='bbox 3563 2441 3679 2497; x_wconf 90' lang='lat' dir='ltr'><strong>quo</strong></span> 
     </span>
    </p>
   </div>
   <div class='ocr_carea' id='block_1_53' title="bbox 2038 2515 3679 2590">
    <p class='ocr_par' dir='ltr' id='par_1_53' title="bbox 2038 2515 3679 2590">
     <span class='ocr_line' id='line_1_53' title="bbox 2038 2515 3679 2590; baseline -0.005 -13"><span class='ocrx_word' id='word_1_354' title='bbox 2038 2519 2278 2576; x_wconf 84' lang='lat' dir='ltr'><strong>consilio</strong></span> <span class='ocrx_word' id='word_1_355' title='bbox 2332 2519 2631 2589; x_wconf 86' lang='lat' dir='ltr'><strong>conjectis,</strong></span> <span class='ocrx_word' id='word_1_356' title='bbox 2691 2516 2952 2590; x_wconf 84' lang='lat' dir='ltr'><strong>Cypsella</strong></span> <span class='ocrx_word' id='word_1_357' title='bbox 3012 2515 3410 2588; x_wconf 82' lang='lat' dir='ltr'><strong>proficiscitur.</strong></span> <span class='ocrx_word' id='word_1_358' title='bbox 3463 2515 3679 2570; x_wconf 88' lang='lat' dir='ltr'><strong>Eodem</strong></span> 
     </span>
    </p>
   </div>
   <div class='ocr_carea' id='block_1_54' title="bbox 2038 2601 3681 2681">
    <p class='ocr_par' dir='ltr' id='par_1_54' title="bbox 2038 2601 3681 2681">
     <span class='ocr_line' id='line_1_54' title="bbox 2038 2601 3681 2681; baseline -0.007 -16"><span class='ocrx_word' id='word_1_359' title='bbox 2038 2615 2291 2681; x_wconf 85' lang='lat' dir='ltr'><strong>tempore</strong></span> <span class='ocrx_word' id='word_1_360' title='bbox 2312 2608 2519 2678; x_wconf 80' lang='lat' dir='ltr'><strong>dogma</strong></span> <span class='ocrx_word' id='word_1_361' title='bbox 2547 2609 2617 2662; x_wconf 90' lang='lat' dir='ltr'>de</span> <span class='ocrx_word' id='word_1_362' title='bbox 2646 2606 2858 2663; x_wconf 87' lang='lat' dir='ltr'><strong>divinis</strong></span> <span class='ocrx_word' id='word_1_363' title='bbox 2882 2606 3172 2675; x_wconf 80' lang='lat' dir='ltr'><strong>mysteriis</strong></span> <span class='ocrx_word' id='word_1_364' title='bbox 3198 2606 3494 2673; x_wconf 81' lang='lat' dir='ltr'><strong>vulgatum</strong></span> <span class='ocrx_word' id='word_1_365' title='bbox 3522 2601 3681 2658; x_wconf 90' lang='lat' dir='ltr'><strong>Chri-</strong></span> 
     </span>
    </p>
   </div>
   <div class='ocr_carea' id='block_1_55' title="bbox 2039 2691 3685 2754">
    <p class='ocr_par' dir='ltr' id='par_1_55' title="bbox 2039 2691 3685 2754">
     <span class='ocr_line' id='line_1_55' title="bbox 2039 2691 3685 2754; baseline -0.007 0"><span class='ocrx_word' id='word_1_366' title='bbox 2039 2699 2263 2754; x_wconf 86' lang='lat' dir='ltr'><strong>stianos</strong></span> <span class='ocrx_word' id='word_1_367' title='bbox 2295 2699 2351 2751; x_wconf 88' lang='lat' dir='ltr'>in</span> <span class='ocrx_word' id='word_1_368' title='bbox 2387 2696 2663 2752; x_wconf 79' lang='lat' dir='ltr'><strong>factiones</strong></span> <span class='ocrx_word' id='word_1_369' title='bbox 2695 2695 2902 2751; x_wconf 83' lang='lat' dir='ltr'><strong>divisit.</strong></span> <span class='ocrx_word' id='word_1_370' title='bbox 2938 2695 3099 2752; x_wconf 84' lang='lat' dir='ltr'><strong>Unde</strong></span> <span class='ocrx_word' id='word_1_371' title='bbox 3129 2694 3187 2749; x_wconf 91' lang='lat' dir='ltr'>in</span> <span class='ocrx_word' id='word_1_372' title='bbox 3251 2693 3370 2747; x_wconf 84' lang='lat' dir='ltr'><strong>foro</strong></span> <span class='ocrx_word' id='word_1_373' title='bbox 3410 2696 3467 2746; x_wconf 88' lang='lat' dir='ltr'>et</span> <span class='ocrx_word' id='word_1_374' title='bbox 3498 2691 3685 2745; x_wconf 84' lang='lat' dir='ltr'><strong>triviis</strong></span> 
     </span>
    </p>
   </div>
   <div class='ocr_carea' id='block_1_56' title="bbox 2040 2782 3686 2855">
    <p class='ocr_par' dir='ltr' id='par_1_56' title="bbox 2040 2782 3686 2855">
     <span class='ocr_line' id='line_1_56' title="bbox 2040 2782 3686 2855; baseline -0.007 -11"><span class='ocrx_word' id='word_1_375' title='bbox 2040 2804 2131 2844; x_wconf 90' lang='lat' dir='ltr'>res</span> <span class='ocrx_word' id='word_1_376' title='bbox 2162 2785 2529 2843; x_wconf 86' lang='lat' dir='ltr'><strong>veneratione</strong></span> <span class='ocrx_word' id='word_1_377' title='bbox 2559 2792 2613 2841; x_wconf 87' lang='lat' dir='ltr'>et</span> <span class='ocrx_word' id='word_1_378' title='bbox 2655 2785 2885 2841; x_wconf 87' lang='lat' dir='ltr'><strong>silentio</strong></span> <span class='ocrx_word' id='word_1_379' title='bbox 2916 2785 3099 2855; x_wconf 73' lang='lat' dir='ltr'><strong>dignae</strong></span> <span class='ocrx_word' id='word_1_380' title='bbox 3133 2782 3321 2855; x_wconf 90' lang='lat' dir='ltr'><strong>palam</strong></span> <span class='ocrx_word' id='word_1_381' title='bbox 3359 2788 3686 2836; x_wconf 86' lang='lat' dir='ltr'><strong>contemne-</strong></span> 
     </span>
    </p>
   </div>
   <div class='ocr_carea' id='block_1_57' title="bbox 2041 2876 2273 2931">
    <p class='ocr_par' dir='ltr' id='par_1_57' title="bbox 2041 2876 2273 2931">
     <span class='ocr_line' id='line_1_57' title="bbox 2041 2876 2273 2931; baseline -0.013 -1"><span class='ocrx_word' id='word_1_382' title='bbox 2041 2876 2218 2931; x_wconf 86' lang='lat' dir='ltr'><strong>bantu</strong></span> <span class='ocrx_word' id='word_1_383' title='bbox 2230 2892 2273 2929; x_wconf 90' lang='lat' dir='ltr'><strong>r.</strong></span> 
     </span>
    </p>
   </div>
   <div class='ocr_carea' id='block_1_58' title="bbox 278 2954 3686 3036">
    <p class='ocr_par' dir='ltr' id='par_1_58' title="bbox 278 2954 3686 3036">
     <span class='ocr_line' id='line_1_58' title="bbox 278 2954 3686 3036; baseline -0.001 -21"><span class='ocrx_word' id='word_1_384' title='bbox 278 2980 425 3034; x_wconf 90' lang='grc' dir='ltr'>τορα</span> <span class='ocrx_word' id='word_1_385' title='bbox 493 2961 749 3033; x_wconf 72' lang='grc' dir='ltr'>περίεισι,</span> <span class='ocrx_word' id='word_1_386' title='bbox 824 2960 916 3015; x_wconf 81' lang='grc' dir='ltr'>καὶ</span> <span class='ocrx_word' id='word_1_387' title='bbox 992 2961 1173 3034; x_wconf 77' lang='grc' dir='ltr'>ὥσπερ</span> <span class='ocrx_word' id='word_1_388' title='bbox 1250 2955 1673 3036; x_wconf 74' lang='grc' dir='ltr'>ἀμφίϐληστρον</span> <span class='ocrx_word' id='word_1_389' title='bbox 1748 2958 1785 3029; x_wconf 82' lang='grc' dir='ltr'>ἤ</span> <span class='ocrx_word' id='word_1_390' title='bbox 1858 2963 2105 3035; x_wconf 86' lang='grc' dir='ltr'>σαγήνην</span> <span class='ocrx_word' id='word_1_391' title='bbox 2180 2961 2245 3016; x_wconf 87' lang='grc' dir='ltr'>τὸ</span> <span class='ocrx_word' id='word_1_392' title='bbox 2319 2962 2440 3035; x_wconf 81' lang='grc' dir='ltr'>περὶ</span> <span class='ocrx_word' id='word_1_393' title='bbox 2519 2958 2680 3016; x_wconf 69' lang='grc' dir='ltr'>αὺτὸν</span> <span class='ocrx_word' id='word_1_394' title='bbox 2756 2957 2991 3021; x_wconf 83' lang='grc' dir='ltr'>ἐκτείνας</span> <span class='ocrx_word' id='word_1_395' title='bbox 3068 2954 3350 3015; x_wconf 76' lang='grc' dir='ltr'>ὁπλιτικὸν</span> <span class='ocrx_word' id='word_1_396' title='bbox 3404 2955 3564 3013; x_wconf 76' lang='grc' dir='ltr'>αὐτόν</span> <span class='ocrx_word' id='word_1_397' title='bbox 3624 2978 3686 3011; x_wconf 88' lang='grc' dir='ltr'>τε</span> 
     </span>
    </p>
   </div>
   <div class='ocr_carea' id='block_1_59' title="bbox 281 3038 3682 3129">
    <p class='ocr_par' dir='ltr' id='par_1_59' title="bbox 281 3038 3682 3129">
     <span class='ocr_line' id='line_1_59' title="bbox 281 3038 3682 3129; baseline -0.002 -26"><span class='ocrx_word' id='word_1_398' title='bbox 281 3048 378 3103; x_wconf 87' lang='grc' dir='ltr'>τὸν</span> <span class='ocrx_word' id='word_1_399' title='bbox 408 3055 808 3126; x_wconf 80' lang='grc' dir='ltr'>στρατηγοῦντα</span> <span class='ocrx_word' id='word_1_400' title='bbox 841 3054 1056 3125; x_wconf 81' lang='grc' dir='ltr'>ζωγρεῖ,</span> <span class='ocrx_word' id='word_1_401' title='bbox 1095 3050 1182 3104; x_wconf 86' lang='grc' dir='ltr'>καὶ</span> <span class='ocrx_word' id='word_1_402' title='bbox 1219 3051 1280 3104; x_wconf 89' lang='grc' dir='ltr'>τὸ</span> <span class='ocrx_word' id='word_1_403' title='bbox 1309 3048 1535 3122; x_wconf 87' lang='grc' dir='ltr'>κλέμμα</span> <span class='ocrx_word' id='word_1_404' title='bbox 1563 3054 1725 3104; x_wconf 91' lang='grc' dir='ltr'>τοῦτο</span> <span class='ocrx_word' id='word_1_405' title='bbox 1747 3053 1845 3105; x_wconf 88' lang='grc' dir='ltr'>τοῦ</span> <span class='ocrx_word' id='word_1_406' title='bbox 1876 3049 2180 3106; x_wconf 84' lang='grc' dir='ltr'>ἀποστάτου</span> <span class='ocrx_word' id='word_1_407' title='bbox 2210 3050 2302 3105; x_wconf 91' lang='grc' dir='ltr'>καὶ</span> <span class='ocrx_word' id='word_1_408' title='bbox 2334 3046 2611 3123; x_wconf 86' lang='grc' dir='ltr'>διανόημα</span> <span class='ocrx_word' id='word_1_409' title='bbox 2639 3051 2738 3119; x_wconf 73' lang='grc' dir='ltr'>τὴν</span> <span class='ocrx_word' id='word_1_410' title='bbox 2775 3051 2868 3124; x_wconf 72' lang='grc' dir='ltr'>μὲν</span> <span class='ocrx_word' id='word_1_411' title='bbox 2899 3048 3332 3129; x_wconf 72' lang='grc' dir='ltr'>περιλειφθεῖσαν</span> <span class='ocrx_word' id='word_1_412' title='bbox 3366 3038 3682 3118; x_wconf 68' lang='grc' dir='ltr'>Ῥωμαϊκὴν</span> 
     </span>
    </p>
   </div>
   <div class='ocr_carea' id='block_1_60' title="bbox 287 3135 3687 3215">
    <p class='ocr_par' dir='ltr' id='par_1_60' title="bbox 287 3135 3687 3215">
     <span class='ocr_line' id='line_1_60' title="bbox 287 3135 3687 3215; baseline -0.001 -23"><span class='ocrx_word' id='word_1_413' title='bbox 287 3139 538 3211; x_wconf 84' lang='grc' dir='ltr'>στρατιὰν</span> <span class='ocrx_word' id='word_1_414' title='bbox 604 3138 896 3212; x_wconf 81' lang='grc' dir='ltr'>έξενεύρισε</span> <span class='ocrx_word' id='word_1_415' title='bbox 959 3136 1170 3208; x_wconf 86' lang='grc' dir='ltr'>τέλεον,</span> <span class='ocrx_word' id='word_1_416' title='bbox 1210 3142 1271 3193; x_wconf 87' lang='grc' dir='ltr'>τὸ</span> <span class='ocrx_word' id='word_1_417' title='bbox 1312 3135 1357 3192; x_wconf 88' lang='grc' dir='ltr'>δ’</span> <span class='ocrx_word' id='word_1_418' title='bbox 1399 3138 1756 3194; x_wconf 81' lang='grc' dir='ltr'>ἀποστατικὸν</span> <span class='ocrx_word' id='word_1_419' title='bbox 1795 3138 2066 3212; x_wconf 81' lang='grc' dir='ltr'>ἐπτέρωσε</span> <span class='ocrx_word' id='word_1_420' title='bbox 2104 3137 2408 3215; x_wconf 83' lang='grc' dir='ltr'>πλήρωμα.</span> <span class='ocrx_word' id='word_1_421' title='bbox 2450 3137 2644 3197; x_wconf 71' lang='grc' dir='ltr'>Οὐκέτι</span> <span class='ocrx_word' id='word_1_422' title='bbox 2685 3144 2814 3215; x_wconf 85' lang='grc' dir='ltr'>γοῦν</span> <span class='ocrx_word' id='word_1_423' title='bbox 2853 3143 2939 3210; x_wconf 91' lang='grc' dir='ltr'>[Ρ.</span> <span class='ocrx_word' id='word_1_424' title='bbox 2980 3141 3107 3213; x_wconf 84' lang='grc'>332]</span> <span class='ocrx_word' id='word_1_425' title='bbox 3148 3140 3501 3214; x_wconf 83' lang='grc' dir='ltr'>ηὐχρήστουν</span> <span class='ocrx_word' id='word_1_426' title='bbox 3543 3135 3687 3191; x_wconf 84' lang='grc' dir='ltr'>Ῥω·-</span> 
     </span>
    </p>
   </div>
   <div class='ocr_carea' id='block_1_61' title="bbox 280 3224 3684 3305">
    <p class='ocr_par' dir='ltr' id='par_1_61' title="bbox 280 3224 3684 3305">
     <span class='ocr_line' id='line_1_61' title="bbox 280 3224 3684 3305; baseline -0.001 -22"><span class='ocrx_word' id='word_1_427' title='bbox 280 3233 440 3303; x_wconf 87' lang='grc' dir='ltr'>μαῖοι</span> <span class='ocrx_word' id='word_1_428' title='bbox 480 3228 515 3298; x_wconf 70' lang='grc' dir='ltr'>ἢ</span> <span class='ocrx_word' id='word_1_429' title='bbox 554 3233 681 3303; x_wconf 89' lang='grc' dir='ltr'>γοῦν</span> <span class='ocrx_word' id='word_1_430' title='bbox 724 3227 1062 3304; x_wconf 82' lang='grc' dir='ltr'>ἀπεθάρῥουν</span> <span class='ocrx_word' id='word_1_431' title='bbox 1103 3226 1473 3300; x_wconf 71' lang='grc' dir='ltr'>ἀντιμέτωποι</span> <span class='ocrx_word' id='word_1_432' title='bbox 1514 3234 1706 3296; x_wconf 80' lang='grc' dir='ltr'>στῆναι</span> <span class='ocrx_word' id='word_1_433' title='bbox 1744 3232 1823 3301; x_wconf 82' lang='grc' dir='ltr'>τῷ</span> <span class='ocrx_word' id='word_1_434' title='bbox 1861 3226 2093 3300; x_wconf 78' lang='grc' dir='ltr'>’Δλεξίῳ</span> <span class='ocrx_word' id='word_1_435' title='bbox 2124 3228 2261 3283; x_wconf 84' lang='grc' dir='ltr'>κατὰ</span> <span class='ocrx_word' id='word_1_436' title='bbox 2294 3228 2478 3303; x_wconf 83' lang='grc' dir='ltr'>μάχην</span> <span class='ocrx_word' id='word_1_437' title='bbox 2507 3227 2864 3305; x_wconf 83' lang='grc' dir='ltr'>ἄγχώμαλοι,</span> <span class='ocrx_word' id='word_1_438' title='bbox 2905 3227 3053 3285; x_wconf 85' lang='grc' dir='ltr'>ἀλλὰ</span> <span class='ocrx_word' id='word_1_439' title='bbox 3088 3229 3212 3302; x_wconf 86' lang='grc' dir='ltr'>περὶ</span> <span class='ocrx_word' id='word_1_440' title='bbox 3251 3230 3351 3297; x_wconf 74' lang='grc' dir='ltr'>τὴν</span> <span class='ocrx_word' id='word_1_441' title='bbox 3394 3224 3684 3283; x_wconf 83' lang='grc' dir='ltr'>Φιλίππου</span> 
     </span>
    </p>
   </div>
   <div class='ocr_carea' id='block_1_62' title="bbox 269 3315 3688 3394">
    <p class='ocr_par' dir='ltr' id='par_1_62' title="bbox 269 3315 3688 3394">
     <span class='ocr_line' id='line_1_62' title="bbox 269 3315 3688 3394; baseline -0.001 -21"><span class='ocrx_word' id='word_1_442' title='bbox 269 3317 636 3392; x_wconf 83' lang='grc' dir='ltr'>στρεφόμενοι</span> <span class='ocrx_word' id='word_1_443' title='bbox 676 3318 908 3392; x_wconf 75' lang='grc' dir='ltr'>ἠγάπων</span> <span class='ocrx_word' id='word_1_444' title='bbox 949 3316 996 3371; x_wconf 81' lang='grc' dir='ltr'>εἱ</span> <span class='ocrx_word' id='word_1_445' title='bbox 1040 3318 1117 3389; x_wconf 74' lang='grc' dir='ltr'>μὴ</span> <span class='ocrx_word' id='word_1_446' title='bbox 1158 3318 1250 3372; x_wconf 85' lang='grc' dir='ltr'>καὶ</span> <span class='ocrx_word' id='word_1_447' title='bbox 1286 3317 1488 3388; x_wconf 90' lang='grc' dir='ltr'>ταύτην</span> <span class='ocrx_word' id='word_1_448' title='bbox 1527 3316 1773 3388; x_wconf 81' lang='grc' dir='ltr'>’Δλέξιος</span> <span class='ocrx_word' id='word_1_449' title='bbox 1811 3321 2237 3394; x_wconf 83' lang='grc' dir='ltr'>παραστήσεται.</span> <span class='ocrx_word' id='word_1_450' title='bbox 2279 3322 2340 3376; x_wconf 90' lang='grc' dir='ltr'>Ὁ</span> <span class='ocrx_word' id='word_1_451' title='bbox 2380 3316 2437 3373; x_wconf 79' lang='grc' dir='ltr'>δὲ</span> <span class='ocrx_word' id='word_1_452' title='bbox 2475 3320 2610 3394; x_wconf 87' lang='grc' dir='ltr'>πρὸς</span> <span class='ocrx_word' id='word_1_453' title='bbox 2648 3321 2711 3374; x_wconf 87' lang='grc' dir='ltr'>τὸ</span> <span class='ocrx_word' id='word_1_454' title='bbox 2752 3316 2943 3375; x_wconf 85' lang='grc' dir='ltr'>δοκοῦν</span> <span class='ocrx_word' id='word_1_455' title='bbox 2985 3319 3037 3372; x_wconf 75' lang='grc' dir='ltr'>οἱ</span> <span class='ocrx_word' id='word_1_456' title='bbox 3077 3319 3548 3392; x_wconf 83' lang='grc' dir='ltr'>καταστησάμενος</span> <span class='ocrx_word' id='word_1_457' title='bbox 3586 3315 3688 3371; x_wconf 81' lang='grc' dir='ltr'>ὅσα</span> 
     </span>
    </p>
   </div>
   <div class='ocr_carea' id='block_1_63' title="bbox 258 3400 3688 3483">
    <p class='ocr_par' dir='ltr' id='par_1_63' title="bbox 258 3400 3688 3483">
     <span class='ocr_line' id='line_1_63' title="bbox 258 3400 3688 3483; baseline -0.001 -21"><span class='ocrx_word' id='word_1_458' title='bbox 258 3405 612 3481; x_wconf 79' lang='grc' dir='ltr'>πολισμάτιά</span> <span class='ocrx_word' id='word_1_459' title='bbox 649 3427 710 3462; x_wconf 87' lang='grc' dir='ltr'>τε</span> <span class='ocrx_word' id='word_1_460' title='bbox 751 3408 840 3462; x_wconf 87' lang='grc' dir='ltr'>καὶ</span> <span class='ocrx_word' id='word_1_461' title='bbox 880 3406 1116 3483; x_wconf 80' lang='grc' dir='ltr'>φρούρια</span> <span class='ocrx_word' id='word_1_462' title='bbox 1155 3404 1232 3467; x_wconf 76' lang='grc' dir='ltr'>εἰς</span> <span class='ocrx_word' id='word_1_463' title='bbox 1273 3407 1417 3481; x_wconf 85' lang='grc' dir='ltr'>ὁρῶν</span> <span class='ocrx_word' id='word_1_464' title='bbox 1461 3400 1774 3480; x_wconf 76' lang='grc' dir='ltr'>ὑπερϐολὰς</span> <span class='ocrx_word' id='word_1_465' title='bbox 1813 3406 2169 3477; x_wconf 82' lang='grc' dir='ltr'>ἀνεστήκάσιν</span> <span class='ocrx_word' id='word_1_466' title='bbox 2210 3406 2699 3483; x_wconf 87' lang='grc' dir='ltr'>ἀντικαθιστάμενα</span> <span class='ocrx_word' id='word_1_467' title='bbox 2736 3408 2816 3481; x_wconf 74' lang='grc' dir='ltr'>τῷ</span> <span class='ocrx_word' id='word_1_468' title='bbox 2855 3405 3025 3481; x_wconf 66' lang='grc' dir='ltr'>Α’ίμῳ</span> <span class='ocrx_word' id='word_1_469' title='bbox 3080 3406 3169 3462; x_wconf 83' lang='grc' dir='ltr'>καὶ</span> <span class='ocrx_word' id='word_1_470' title='bbox 3213 3406 3560 3481; x_wconf 78' lang='grc' dir='ltr'>ἀνυψούμενα</span> <span class='ocrx_word' id='word_1_471' title='bbox 3597 3403 3688 3460; x_wconf 86' lang='grc' dir='ltr'>καὶ</span> 
     </span>
    </p>
   </div>
   <div class='ocr_carea' id='block_1_64' title="bbox 274 3492 3692 3573">
    <p class='ocr_par' dir='ltr' id='par_1_64' title="bbox 274 3492 3692 3573">
     <span class='ocr_line' id='line_1_64' title="bbox 274 3492 3692 3573; baseline -0.001 -22"><span class='ocrx_word' id='word_1_472' title='bbox 274 3501 401 3557; x_wconf 83' lang='grc' dir='ltr'>ταῖς</span> <span class='ocrx_word' id='word_1_473' title='bbox 444 3492 783 3570; x_wconf 81' lang='grc' dir='ltr'>δυσχωρίαις</span> <span class='ocrx_word' id='word_1_474' title='bbox 824 3494 933 3569; x_wconf 82' lang='grc' dir='ltr'>οὐχ</span> <span class='ocrx_word' id='word_1_475' title='bbox 970 3495 1134 3564; x_wconf 79' lang='grc' dir='ltr'>ἦττον</span> <span class='ocrx_word' id='word_1_476' title='bbox 1178 3494 1645 3569; x_wconf 77' lang='grc' dir='ltr'>φιλοτιμούμενα,</span> <span class='ocrx_word' id='word_1_477' title='bbox 1687 3493 1813 3550; x_wconf 69' lang='grc' dir='ltr'>οὐδὲ</span> <span class='ocrx_word' id='word_1_478' title='bbox 1849 3496 1918 3551; x_wconf 75' lang='grc' dir='ltr'>τὰ</span> <span class='ocrx_word' id='word_1_479' title='bbox 1956 3494 2126 3551; x_wconf 85' lang='grc' dir='ltr'>λοιπὰ</span> <span class='ocrx_word' id='word_1_480' title='bbox 2169 3496 2348 3569; x_wconf 87' lang='grc' dir='ltr'>μένειν</span> <span class='ocrx_word' id='word_1_481' title='bbox 2426 3496 2514 3553; x_wconf 69' lang='grc' dir='ltr'>ἰπὶ</span> <span class='ocrx_word' id='word_1_482' title='bbox 2590 3499 2779 3573; x_wconf 89' lang='grc' dir='ltr'>χώρας</span> <span class='ocrx_word' id='word_1_483' title='bbox 2852 3497 3165 3566; x_wconf 87' lang='grc' dir='ltr'>κατέλιπεν,</span> <span class='ocrx_word' id='word_1_484' title='bbox 3213 3494 3341 3551; x_wconf 84' lang='grc' dir='ltr'>ἀλλ’</span> <span class='ocrx_word' id='word_1_485' title='bbox 3379 3498 3443 3563; x_wconf 73' lang='grc' dir='ltr'>ἦν</span> <span class='ocrx_word' id='word_1_486' title='bbox 3486 3497 3692 3549; x_wconf 78' lang='lat' dir='ltr'><strong>inrevo-</strong></span> 
     </span>
    </p>
   </div>
   <div class='ocr_carea' id='block_1_65' title="bbox 278 3583 3691 3662">
    <p class='ocr_par' dir='ltr' id='par_1_65' title="bbox 278 3583 3691 3662">
     <span class='ocr_line' id='line_1_65' title="bbox 278 3583 3691 3662; baseline -0.001 -22"><span class='ocrx_word' id='word_1_487' title='bbox 278 3586 458 3641; x_wconf 80' lang='grc' dir='ltr'>θεύων</span> <span class='ocrx_word' id='word_1_488' title='bbox 501 3586 588 3639; x_wconf 87' lang='grc' dir='ltr'><strong>καί</strong></span> <span class='ocrx_word' id='word_1_489' title='bbox 630 3585 867 3662; x_wconf 75' lang='grc' dir='ltr'>ἀφιστῶν</span> <span class='ocrx_word' id='word_1_490' title='bbox 908 3584 1199 3657; x_wconf 83' lang='grc' dir='ltr'>Ῥωμαίων</span> <span class='ocrx_word' id='word_1_491' title='bbox 1243 3585 1417 3640; x_wconf 85' lang='grc' dir='ltr'>ὁπόσα</span> <span class='ocrx_word' id='word_1_492' title='bbox 1457 3583 1509 3647; x_wconf 81' lang='grc' dir='ltr'>ές</span> <span class='ocrx_word' id='word_1_493' title='bbox 1553 3585 1937 3641; x_wconf 88' lang='grc' dir='ltr'>Μοσυνόπολιν</span> <span class='ocrx_word' id='word_1_494' title='bbox 1977 3585 2304 3655; x_wconf 74' lang='grc' dir='ltr'>ἐπινένευκε,</span> <span class='ocrx_word' id='word_1_495' title='bbox 2348 3584 2515 3662; x_wconf 74' lang='grc' dir='ltr'>μέχρι</span> <span class='ocrx_word' id='word_1_496' title='bbox 2556 3587 2646 3642; x_wconf 84' lang='grc' dir='ltr'>καὶ</span> <span class='ocrx_word' id='word_1_497' title='bbox 2685 3588 2949 3652; x_wconf 83' lang='grc' dir='ltr'>Ξανθείας</span> <span class='ocrx_word' id='word_1_498' title='bbox 3004 3585 3194 3655; x_wconf 77' lang='grc' dir='ltr'>αὐτῆς,</span> <span class='ocrx_word' id='word_1_499' title='bbox 3244 3586 3333 3639; x_wconf 85' lang='grc' dir='ltr'>καὶ</span> <span class='ocrx_word' id='word_1_500' title='bbox 3390 3584 3525 3657; x_wconf 86' lang='grc' dir='ltr'>πρὸς</span> <span class='ocrx_word' id='word_1_501' title='bbox 3565 3585 3691 3659; x_wconf 83' lang='grc' dir='ltr'>ὅρος</span> 
     </span>
    </p>
   </div>
   <div class='ocr_carea' id='block_1_66' title="bbox 274 3668 3692 3750">
    <p class='ocr_par' dir='ltr' id='par_1_66' title="bbox 274 3668 3692 3750">
     <span class='ocr_line' id='line_1_66' title="bbox 274 3668 3692 3750; baseline -0.002 -20"><span class='ocrx_word' id='word_1_502' title='bbox 274 3675 343 3730; x_wconf 87' lang='grc' dir='ltr'>τὸ</span> <span class='ocrx_word' id='word_1_503' title='bbox 387 3672 666 3749; x_wconf 84' lang='grc' dir='ltr'>Πάγγαιον</span> <span class='ocrx_word' id='word_1_504' title='bbox 703 3676 794 3728; x_wconf 89' lang='grc' dir='ltr'><strong>καί</strong></span> <span class='ocrx_word' id='word_1_505' title='bbox 836 3672 918 3729; x_wconf 79' lang='grc' dir='ltr'>ἐπ’</span> <span class='ocrx_word' id='word_1_506' title='bbox 957 3668 1212 3748; x_wconf 75' lang='grc' dir='ltr'>’Ἄϐδηρα</span> <span class='ocrx_word' id='word_1_507' title='bbox 1250 3672 1684 3750; x_wconf 84' lang='grc' dir='ltr'>παρατείνουσιν.</span> <span class='ocrx_word' id='word_1_508' title='bbox 1728 3672 1953 3747; x_wconf 74' lang='grc' dir='ltr'>’Δμέλει</span> <span class='ocrx_word' id='word_1_509' title='bbox 1993 3676 2081 3729; x_wconf 83' lang='grc' dir='ltr'>καὶ</span> <span class='ocrx_word' id='word_1_510' title='bbox 2124 3676 2189 3730; x_wconf 88' lang='grc' dir='ltr'>τὸ</span> <span class='ocrx_word' id='word_1_511' title='bbox 2265 3674 2402 3747; x_wconf 86' lang='grc' dir='ltr'>θέμα</span> <span class='ocrx_word' id='word_1_512' title='bbox 2476 3680 2583 3729; x_wconf 86' lang='grc' dir='ltr'>τῶν</span> <span class='ocrx_word' id='word_1_513' title='bbox 2662 3675 2961 3749; x_wconf 88' lang='grc' dir='ltr'>Σμολένων</span> <span class='ocrx_word' id='word_1_514' title='bbox 3029 3675 3418 3744; x_wconf 81' lang='grc' dir='ltr'>ὑπεποιήσατο,</span> <span class='ocrx_word' id='word_1_515' title='bbox 3459 3671 3549 3725; x_wconf 86' lang='grc' dir='ltr'>καὶ</span> <span class='ocrx_word' id='word_1_516' title='bbox 3623 3670 3692 3724; x_wconf 76' lang='grc' dir='ltr'>τὰ</span> 
     </span>
    </p>
   </div>
   <div class='ocr_carea' id='block_1_67' title="bbox 275 3757 3686 3838">
    <p class='ocr_par' dir='ltr' id='par_1_67' title="bbox 275 3757 3686 3838">
     <span class='ocr_line' id='line_1_67' title="bbox 275 3757 3686 3838; baseline -0.002 -21"><span class='ocrx_word' id='word_1_517' title='bbox 275 3764 463 3836; x_wconf 73' lang='grc' dir='ltr'>ὅμορα</span> <span class='ocrx_word' id='word_1_518' title='bbox 502 3761 791 3835; x_wconf 82' lang='grc' dir='ltr'>ἐπενέμετο</span> <span class='ocrx_word' id='word_1_519' title='bbox 830 3761 968 3816; x_wconf 77' lang='grc' dir='ltr'>κατὰ</span> <span class='ocrx_word' id='word_1_520' title='bbox 1005 3759 1335 3835; x_wconf 79' lang='grc' dir='ltr'>καχέκτημα</span> <span class='ocrx_word' id='word_1_521' title='bbox 1375 3758 1716 3835; x_wconf 86' lang='grc' dir='ltr'>διαδόσιμον,</span> <span class='ocrx_word' id='word_1_522' title='bbox 1758 3760 1984 3835; x_wconf 80' lang='grc' dir='ltr'>ἐξαιρῶν</span> <span class='ocrx_word' id='word_1_523' title='bbox 2062 3763 2155 3835; x_wconf 73' lang='grc' dir='ltr'>μὲν</span> <span class='ocrx_word' id='word_1_524' title='bbox 2229 3763 2534 3836; x_wconf 85' lang='grc' dir='ltr'>Ῥωμαίους</span> <span class='ocrx_word' id='word_1_525' title='bbox 2611 3764 2702 3818; x_wconf 85' lang='grc' dir='ltr'>καὶ</span> <span class='ocrx_word' id='word_1_526' title='bbox 2775 3763 3035 3838; x_wconf 82' lang='grc' dir='ltr'>ἀναιρῶν,</span> <span class='ocrx_word' id='word_1_527' title='bbox 3111 3763 3202 3817; x_wconf 82' lang='grc' dir='ltr'>ἀπ’</span> <span class='ocrx_word' id='word_1_528' title='bbox 3264 3760 3420 3815; x_wconf 75' lang='grc' dir='ltr'>ἐνίων</span> <span class='ocrx_word' id='word_1_529' title='bbox 3464 3757 3521 3812; x_wconf 70' lang='grc' dir='ltr'>δέ</span> <span class='ocrx_word' id='word_1_530' title='bbox 3594 3758 3686 3811; x_wconf 85' lang='grc' dir='ltr'>καὶ</span> 
     </span>
    </p>
   </div>
   <div class='ocr_carea' id='block_1_68' title="bbox 275 3844 3683 3928">
    <p class='ocr_par' dir='ltr' id='par_1_68' title="bbox 275 3844 3683 3928">
     <span class='ocr_line' id='line_1_68' title="bbox 275 3844 3683 3928; baseline -0.002 -22"><span class='ocrx_word' id='word_1_531' title='bbox 275 3850 455 3924; x_wconf 85' lang='grc' dir='ltr'>λύτρα</span> <span class='ocrx_word' id='word_1_532' title='bbox 495 3845 906 3924; x_wconf 75' lang='grc' dir='ltr'>διαλαμϐάνων,</span> <span class='ocrx_word' id='word_1_533' title='bbox 978 3850 1108 3914; x_wconf 84' lang='grc' dir='ltr'>τοὺς</span> <span class='ocrx_word' id='word_1_534' title='bbox 1183 3847 1228 3904; x_wconf 87' lang='grc' dir='ltr'>δ’</span> <span class='ocrx_word' id='word_1_535' title='bbox 1307 3850 1586 3924; x_wconf 85' lang='grc' dir='ltr'>ὁμογενεῖς</span> <span class='ocrx_word' id='word_1_536' title='bbox 1659 3848 1847 3923; x_wconf 68' lang='grc' dir='ltr'>ἰκείνῳ</span> <span class='ocrx_word' id='word_1_537' title='bbox 1918 3850 2375 3926; x_wconf 70' lang='grc' dir='ltr'>προστιθεμένους</span> <span class='ocrx_word' id='word_1_538' title='bbox 2453 3848 2675 3914; x_wconf 77' lang='grc' dir='ltr'>έκόντας</span> <span class='ocrx_word' id='word_1_539' title='bbox 2753 3851 2988 3908; x_wconf 78' lang='grc' dir='ltr'>ἐπὶτῶν</span> <span class='ocrx_word' id='word_1_540' title='bbox 3030 3850 3300 3928; x_wconf 79' lang='grc' dir='ltr'>σφετέρων</span> <span class='ocrx_word' id='word_1_541' title='bbox 3345 3851 3517 3922; x_wconf 84' lang='grc' dir='ltr'>μένειν</span> <span class='ocrx_word' id='word_1_542' title='bbox 3558 3844 3683 3900; x_wconf 80' lang='grc' dir='ltr'>ἐῶν.</span> 
     </span>
    </p>
   </div>
   <div class='ocr_carea' id='block_1_69' title="bbox 277 3937 3684 4014">
    <p class='ocr_par' dir='ltr' id='par_1_69' title="bbox 277 3937 3684 4014">
     <span class='ocr_line' id='line_1_69' title="bbox 277 3937 3684 4014; baseline -0.001 -20"><span class='ocrx_word' id='word_1_543' title='bbox 277 3941 380 3995; x_wconf 76' lang='grc' dir='ltr'>Καὶ</span> <span class='ocrx_word' id='word_1_544' title='bbox 422 3941 450 3995; x_wconf 87' lang='grc' dir='ltr'><strong>ὁ</strong></span> <span class='ocrx_word' id='word_1_545' title='bbox 495 3941 588 4014; x_wconf 80' lang='grc' dir='ltr'>μὶν</span> <span class='ocrx_word' id='word_1_546' title='bbox 663 3938 1142 4013; x_wconf 79' lang='grc' dir='ltr'>έμπλατυνόμενος</span> <span class='ocrx_word' id='word_1_547' title='bbox 1219 3942 1285 4009; x_wconf 79' lang='grc' dir='ltr'>ἧν</span> <span class='ocrx_word' id='word_1_548' title='bbox 1362 3941 1443 3994; x_wconf 84' lang='grc' dir='ltr'>ἀεὶ</span> <span class='ocrx_word' id='word_1_549' title='bbox 1518 3938 1610 3993; x_wconf 79' lang='grc' dir='ltr'>καὶ</span> <span class='ocrx_word' id='word_1_550' title='bbox 1684 3938 1737 4002; x_wconf 84' lang='grc' dir='ltr'>ές</span> <span class='ocrx_word' id='word_1_551' title='bbox 1812 3944 2070 3995; x_wconf 88' lang='grc' dir='ltr'>τοσοῦτον</span> <span class='ocrx_word' id='word_1_552' title='bbox 2113 3940 2406 4013; x_wconf 86' lang='grc' dir='ltr'>ὠμότητος</span> <span class='ocrx_word' id='word_1_553' title='bbox 2481 3940 2706 4010; x_wconf 71' lang='grc' dir='ltr'>ἤλασεν,</span> <span class='ocrx_word' id='word_1_554' title='bbox 2781 3938 2848 4011; x_wconf 76' lang='grc' dir='ltr'>ἤν</span> <span class='ocrx_word' id='word_1_555' title='bbox 2889 3938 3135 4014; x_wconf 85' lang='grc' dir='ltr'>ἀνδρείαν</span> <span class='ocrx_word' id='word_1_556' title='bbox 3195 3937 3535 3994; x_wconf 77' lang='grc' dir='ltr'>οἱπλεῖστοι</span> <span class='ocrx_word' id='word_1_557' title='bbox 3575 3940 3684 3991; x_wconf 87' lang='grc' dir='ltr'>τῶν</span> 
     </span>
    </p>
   </div>
   <div class='ocr_carea' id='block_1_70' title="bbox 278 4023 3687 4107">
    <p class='ocr_par' dir='ltr' id='par_1_70' title="bbox 278 4023 3687 4107">
     <span class='ocr_line' id='line_1_70' title="bbox 278 4023 3687 4107; baseline -0.002 -20"><span class='ocrx_word' id='word_1_558' title='bbox 278 4025 581 4107; x_wconf 73' lang='grc' dir='ltr'>Βαρϐάρων</span> <span class='ocrx_word' id='word_1_559' title='bbox 623 4028 854 4098; x_wconf 75' lang='grc' dir='ltr'>οἴονται,</span> <span class='ocrx_word' id='word_1_560' title='bbox 897 4029 972 4092; x_wconf 86' lang='grc' dir='ltr'>ὠς</span> <span class='ocrx_word' id='word_1_561' title='bbox 1012 4028 1143 4091; x_wconf 83' lang='grc' dir='ltr'>τοὺς</span> <span class='ocrx_word' id='word_1_562' title='bbox 1183 4027 1234 4084; x_wconf 78' lang='grc' dir='ltr'>ἐν</span> <span class='ocrx_word' id='word_1_563' title='bbox 1276 4028 1509 4102; x_wconf 86' lang='grc' dir='ltr'>πολέμῳ</span> <span class='ocrx_word' id='word_1_564' title='bbox 1560 4029 1975 4106; x_wconf 84' lang='grc' dir='ltr'>ζωγρουμένους</span> <span class='ocrx_word' id='word_1_565' title='bbox 2028 4029 2338 4103; x_wconf 82' lang='grc' dir='ltr'>Ῥωμαίους</span> <span class='ocrx_word' id='word_1_566' title='bbox 2411 4032 2548 4086; x_wconf 82' lang='grc' dir='ltr'>κατὰ</span> <span class='ocrx_word' id='word_1_567' title='bbox 2622 4030 2790 4087; x_wconf 89' lang='grc' dir='ltr'>πότον</span> <span class='ocrx_word' id='word_1_568' title='bbox 2872 4029 3087 4104; x_wconf 85' lang='grc' dir='ltr'>μελιστὶ</span> <span class='ocrx_word' id='word_1_569' title='bbox 3165 4028 3413 4104; x_wconf 85' lang='grc' dir='ltr'>διαιρεῖν.</span> <span class='ocrx_word' id='word_1_570' title='bbox 3489 4027 3552 4085; x_wconf 77' lang='grc' dir='ltr'><strong>Ὀ</strong></span> <span class='ocrx_word' id='word_1_571' title='bbox 3629 4023 3687 4081; x_wconf 71' lang='grc' dir='ltr'>δὲ</span> 
     </span>
    </p>
   </div>
   <div class='ocr_carea' id='block_1_71' title="bbox 287 4115 3685 4196">
    <p class='ocr_par' dir='ltr' id='par_1_71' title="bbox 287 4115 3685 4196">
     <span class='ocr_line' id='line_1_71' title="bbox 287 4115 3685 4196; baseline -0.001 -22"><span class='ocrx_word' id='word_1_572' title='bbox 287 4118 546 4195; x_wconf 78' lang='grc' dir='ltr'>βασιλεὺς</span> <span class='ocrx_word' id='word_1_573' title='bbox 588 4118 663 4180; x_wconf 88' lang='grc' dir='ltr'>ὠς</span> <span class='ocrx_word' id='word_1_574' title='bbox 703 4117 753 4189; x_wconf 76' lang='grc' dir='ltr'><strong>ἐξ</strong></span> <span class='ocrx_word' id='word_1_575' title='bbox 797 4120 872 4173; x_wconf 82' lang='grc' dir='ltr'>ὧν</span> <span class='ocrx_word' id='word_1_576' title='bbox 912 4116 1102 4195; x_wconf 84' lang='grc' dir='ltr'>ἔδρασε</span> <span class='ocrx_word' id='word_1_577' title='bbox 1139 4116 1530 4189; x_wconf 80' lang='grc' dir='ltr'>καθυπέδειξεν,</span> <span class='ocrx_word' id='word_1_578' title='bbox 1569 4115 1795 4193; x_wconf 68' lang='grc' dir='ltr'>ἕρμαιόν</span> <span class='ocrx_word' id='word_1_579' title='bbox 1836 4139 1895 4175; x_wconf 92' lang='grc' dir='ltr'>τε</span> <span class='ocrx_word' id='word_1_580' title='bbox 1932 4119 2023 4174; x_wconf 83' lang='grc' dir='ltr'>καὶ</span> <span class='ocrx_word' id='word_1_581' title='bbox 2100 4121 2291 4195; x_wconf 80' lang='grc' dir='ltr'>χάριεν</span> <span class='ocrx_word' id='word_1_582' title='bbox 2370 4121 2458 4175; x_wconf 82' lang='grc' dir='ltr'>καὶ</span> <span class='ocrx_word' id='word_1_583' title='bbox 2533 4119 2827 4175; x_wconf 86' lang='grc' dir='ltr'>κάλλιστον</span> <span class='ocrx_word' id='word_1_584' title='bbox 2866 4119 3044 4195; x_wconf 87' lang='grc' dir='ltr'>τύχης</span> <span class='ocrx_word' id='word_1_585' title='bbox 3086 4115 3373 4196; x_wconf 78' lang='grc' dir='ltr'>βράϐευμα</span> <span class='ocrx_word' id='word_1_586' title='bbox 3411 4118 3512 4185; x_wconf 75' lang='grc' dir='ltr'>τὴν</span> <span class='ocrx_word' id='word_1_587' title='bbox 3586 4120 3685 4171; x_wconf 90' lang='grc' dir='ltr'>τοῦ</span> 
     </span>
    </p>
   </div>
   <div class='ocr_carea' id='block_1_72' title="bbox 283 4204 3683 4286">
    <p class='ocr_par' dir='ltr' id='par_1_72' title="bbox 283 4204 3683 4286">
     <span class='ocr_line' id='line_1_72' title="bbox 283 4204 3683 4286; baseline 0.001 -23"><span class='ocrx_word' id='word_1_588' title='bbox 283 4209 776 4284; x_wconf 90' lang='grc' dir='ltr'>πρωτοστράτορος</span> <span class='ocrx_word' id='word_1_589' title='bbox 815 4207 973 4281; x_wconf 78' lang='grc' dir='ltr'>ᾠήθη</span> <span class='ocrx_word' id='word_1_590' title='bbox 1014 4210 1366 4281; x_wconf 83' lang='grc' dir='ltr'>κατάσχεσιν,</span> <span class='ocrx_word' id='word_1_591' title='bbox 1407 4207 1526 4271; x_wconf 78' lang='grc' dir='ltr'>ὅθεν</span> <span class='ocrx_word' id='word_1_592' title='bbox 1565 4210 1633 4280; x_wconf 80' lang='grc' dir='ltr'>τῇ</span> <span class='ocrx_word' id='word_1_593' title='bbox 1663 4211 1760 4262; x_wconf 89' lang='grc' dir='ltr'>τοῦ</span> <span class='ocrx_word' id='word_1_594' title='bbox 1800 4204 1993 4282; x_wconf 76' lang='grc' dir='ltr'>ἀνδρός</span> <span class='ocrx_word' id='word_1_595' title='bbox 2030 4206 2346 4282; x_wconf 74' lang='grc' dir='ltr'>ἰπιθέμενος</span> <span class='ocrx_word' id='word_1_596' title='bbox 2387 4208 2543 4279; x_wconf 80' lang='grc' dir='ltr'>οὐσίᾳ</span> <span class='ocrx_word' id='word_1_597' title='bbox 2607 4208 2865 4286; x_wconf 76' lang='grc' dir='ltr'>ρυηφενεῖ</span> <span class='ocrx_word' id='word_1_598' title='bbox 2939 4210 3028 4264; x_wconf 88' lang='grc' dir='ltr'>καὶ</span> <span class='ocrx_word' id='word_1_599' title='bbox 3104 4211 3403 4284; x_wconf 74' lang='grc' dir='ltr'>τυραννικῇ</span> <span class='ocrx_word' id='word_1_600' title='bbox 3434 4207 3683 4279; x_wconf 80' lang='grc' dir='ltr'>ἄντικρυς</span> 
     </span>
    </p>
   </div>
   <div class='ocr_carea' id='block_1_73' title="bbox 279 4293 3679 4374">
    <p class='ocr_par' dir='ltr' id='par_1_73' title="bbox 279 4293 3679 4374">
     <span class='ocr_line' id='line_1_73' title="bbox 279 4293 3679 4374; baseline -0.001 -22"><span class='ocrx_word' id='word_1_601' title='bbox 279 4296 443 4369; x_wconf 72' lang='grc' dir='ltr'>οὔσῃ,</span> <span class='ocrx_word' id='word_1_602' title='bbox 483 4296 573 4351; x_wconf 78' lang='grc' dir='ltr'>καί</span> <span class='ocrx_word' id='word_1_603' title='bbox 617 4296 789 4370; x_wconf 70' lang='grc' dir='ltr'>μηδὲν</span> <span class='ocrx_word' id='word_1_604' title='bbox 831 4297 1002 4366; x_wconf 81' lang='grc' dir='ltr'>αὐτῆς</span> <span class='ocrx_word' id='word_1_605' title='bbox 1078 4293 1509 4373; x_wconf 83' lang='grc' dir='ltr'>ἀναψηλάφητον</span> <span class='ocrx_word' id='word_1_606' title='bbox 1584 4293 1621 4364; x_wconf 71' lang='grc' dir='ltr'>ἤ</span> <span class='ocrx_word' id='word_1_607' title='bbox 1696 4294 2105 4371; x_wconf 82' lang='grc' dir='ltr'>ἀνεξερεύνητον</span> <span class='ocrx_word' id='word_1_608' title='bbox 2145 4296 2403 4374; x_wconf 76' lang='grc' dir='ltr'>ἀφεικὼς,</span> <span class='ocrx_word' id='word_1_609' title='bbox 2480 4296 2625 4353; x_wconf 78' lang='grc' dir='ltr'>ἀλλά</span> <span class='ocrx_word' id='word_1_610' title='bbox 2698 4297 2788 4352; x_wconf 86' lang='grc' dir='ltr'>καὶ</span> <span class='ocrx_word' id='word_1_611' title='bbox 2864 4300 2964 4368; x_wconf 80' lang='grc' dir='ltr'>τήν</span> <span class='ocrx_word' id='word_1_612' title='bbox 3040 4303 3266 4374; x_wconf 84' lang='grc' dir='ltr'>γυναῖκα</span> <span class='ocrx_word' id='word_1_613' title='bbox 3302 4298 3392 4352; x_wconf 82' lang='grc' dir='ltr'>καὶ</span> <span class='ocrx_word' id='word_1_614' title='bbox 3432 4297 3522 4350; x_wconf 84' lang='grc' dir='ltr'>τὸν</span> <span class='ocrx_word' id='word_1_615' title='bbox 3566 4295 3679 4349; x_wconf 77' lang='grc' dir='ltr'>υἱὸν</span> 
     </span>
    </p>
   </div>
   <div class='ocr_carea' id='block_1_74' title="bbox 278 4379 3682 4465">
    <p class='ocr_par' dir='ltr' id='par_1_74' title="bbox 278 4379 3682 4465">
     <span class='ocr_line' id='line_1_74' title="bbox 278 4379 3682 4465; baseline -0.001 -24"><span class='ocrx_word' id='word_1_616' title='bbox 278 4384 612 4449; x_wconf 85' lang='grc' dir='ltr'>ὑποδικάσας</span> <span class='ocrx_word' id='word_1_617' title='bbox 653 4390 887 4465; x_wconf 71' lang='grc' dir='ltr'>φρουρᾷ,</span> <span class='ocrx_word' id='word_1_618' title='bbox 928 4387 1029 4441; x_wconf 80' lang='grc' dir='ltr'>οὐκ</span> <span class='ocrx_word' id='word_1_619' title='bbox 1068 4382 1173 4440; x_wconf 82' lang='grc' dir='ltr'>οἷδ’</span> <span class='ocrx_word' id='word_1_620' title='bbox 1212 4385 1242 4440; x_wconf 73' lang='grc' dir='ltr'>ὅ</span> <span class='ocrx_word' id='word_1_621' title='bbox 1279 4405 1331 4439; x_wconf 91' lang='grc' dir='ltr'>τι</span> <span class='ocrx_word' id='word_1_622' title='bbox 1372 4381 1585 4453; x_wconf 86' lang='grc' dir='ltr'>δοκοῦν,</span> <span class='ocrx_word' id='word_1_623' title='bbox 1626 4379 1784 4456; x_wconf 77' lang='grc' dir='ltr'>ἔαρος</span> <span class='ocrx_word' id='word_1_624' title='bbox 1822 4383 2210 4461; x_wconf 77' lang='grc' dir='ltr'>ὓπολήγοντος</span> <span class='ocrx_word' id='word_1_625' title='bbox 2252 4386 2412 4457; x_wconf 81' lang='grc' dir='ltr'>ἔξεισι</span> <span class='ocrx_word' id='word_1_626' title='bbox 2450 4388 2538 4442; x_wconf 77' lang='grc' dir='ltr'>καὶ</span> <span class='ocrx_word' id='word_1_627' title='bbox 2580 4386 2789 4442; x_wconf 81' lang='grc' dir='ltr'>ἄπεισιν</span> <span class='ocrx_word' id='word_1_628' title='bbox 2834 4388 2910 4451; x_wconf 88' lang='grc' dir='ltr'>εἰς</span> <span class='ocrx_word' id='word_1_629' title='bbox 2956 4387 3024 4441; x_wconf 77' lang='grc' dir='ltr'>τὰ</span> <span class='ocrx_word' id='word_1_630' title='bbox 3063 4385 3348 4461; x_wconf 80' lang='grc' dir='ltr'>Κύψελλα,</span> <span class='ocrx_word' id='word_1_631' title='bbox 3425 4388 3516 4439; x_wconf 73' lang='grc' dir='ltr'>ὅτε</span> <span class='ocrx_word' id='word_1_632' title='bbox 3592 4382 3682 4439; x_wconf 80' lang='grc' dir='ltr'>καὶ</span> 
     </span>
    </p>
   </div>
   <div class='ocr_carea' id='block_1_75' title="bbox 272 4472 3680 4553">
    <p class='ocr_par' dir='ltr' id='par_1_75' title="bbox 272 4472 3680 4553">
     <span class='ocr_line' id='line_1_75' title="bbox 272 4472 3680 4553; baseline -0.002 -22"><span class='ocrx_word' id='word_1_633' title='bbox 272 4478 336 4532; x_wconf 86' lang='grc' dir='ltr'>τὸ</span> <span class='ocrx_word' id='word_1_634' title='bbox 413 4477 537 4551; x_wconf 79' lang='grc' dir='ltr'>περὶ</span> <span class='ocrx_word' id='word_1_635' title='bbox 611 4482 719 4534; x_wconf 88' lang='grc' dir='ltr'>τῶν</span> <span class='ocrx_word' id='word_1_636' title='bbox 796 4477 951 4532; x_wconf 84' lang='grc' dir='ltr'>θείων</span> <span class='ocrx_word' id='word_1_637' title='bbox 1035 4477 1349 4549; x_wconf 88' lang='grc' dir='ltr'>μυστηρίων</span> <span class='ocrx_word' id='word_1_638' title='bbox 1430 4472 1800 4552; x_wconf 78' lang='grc' dir='ltr'>ἀνακαλυφθὲν</span> <span class='ocrx_word' id='word_1_639' title='bbox 1879 4474 2061 4551; x_wconf 87' lang='grc' dir='ltr'>δόγμα</span> <span class='ocrx_word' id='word_1_640' title='bbox 2135 4477 2272 4553; x_wconf 88' lang='grc' dir='ltr'>πρὸς</span> <span class='ocrx_word' id='word_1_641' title='bbox 2352 4478 2543 4552; x_wconf 86' lang='grc' dir='ltr'>μοίρας</span> <span class='ocrx_word' id='word_1_642' title='bbox 2582 4476 2819 4540; x_wconf 83' lang='grc' dir='ltr'>ἐναντίας</span> <span class='ocrx_word' id='word_1_643' title='bbox 2858 4476 3108 4548; x_wconf 84' lang='grc' dir='ltr'>διέστησε</span> <span class='ocrx_word' id='word_1_644' title='bbox 3153 4478 3215 4531; x_wconf 88' lang='grc' dir='ltr'>τὸ</span> <span class='ocrx_word' id='word_1_645' title='bbox 3273 4476 3680 4547; x_wconf 82' lang='grc' dir='ltr'>Χριστώνυμον,</span> 
     </span>
    </p>
   </div>
   <div class='ocr_carea' id='block_1_76' title="bbox 276 4560 3680 4642">
    <p class='ocr_par' dir='ltr' id='par_1_76' title="bbox 276 4560 3680 4642">
     <span class='ocr_line' id='line_1_76' title="bbox 276 4560 3680 4642; baseline -0.002 -20"><span class='ocrx_word' id='word_1_646' title='bbox 276 4567 369 4622; x_wconf 89' lang='grc' dir='ltr'>καὶ</span> <span class='ocrx_word' id='word_1_647' title='bbox 412 4564 684 4642; x_wconf 89' lang='grc' dir='ltr'>λαμπρῶς</span> <span class='ocrx_word' id='word_1_648' title='bbox 722 4565 807 4622; x_wconf 78' lang='grc' dir='ltr'>ἐπ’</span> <span class='ocrx_word' id='word_1_649' title='bbox 846 4565 1045 4641; x_wconf 80' lang='grc' dir='ltr'>ἀγορᾶς</span> <span class='ocrx_word' id='word_1_650' title='bbox 1084 4564 1175 4620; x_wconf 83' lang='grc' dir='ltr'>καὶ</span> <span class='ocrx_word' id='word_1_651' title='bbox 1214 4562 1451 4638; x_wconf 85' lang='grc' dir='ltr'>τριόδων</span> <span class='ocrx_word' id='word_1_652' title='bbox 1490 4563 1637 4639; x_wconf 88' lang='grc' dir='ltr'>παρά</span> <span class='ocrx_word' id='word_1_653' title='bbox 1672 4568 1770 4619; x_wconf 92' lang='grc' dir='ltr'>τοῦ</span> <span class='ocrx_word' id='word_1_654' title='bbox 1813 4565 2158 4640; x_wconf 79' lang='grc' dir='ltr'>βουλομένου</span> <span class='ocrx_word' id='word_1_655' title='bbox 2197 4567 2397 4629; x_wconf 89' lang='grc' dir='ltr'>παντὸς</span> <span class='ocrx_word' id='word_1_656' title='bbox 2434 4566 2502 4622; x_wconf 85' lang='grc' dir='ltr'>τά</span> <span class='ocrx_word' id='word_1_657' title='bbox 2539 4574 2709 4641; x_wconf 83' lang='grc' dir='ltr'>τιμῆς</span> <span class='ocrx_word' id='word_1_658' title='bbox 2751 4569 2892 4641; x_wconf 86' lang='grc' dir='ltr'>ὁμοῦ</span> <span class='ocrx_word' id='word_1_659' title='bbox 2929 4567 3016 4622; x_wconf 87' lang='grc' dir='ltr'>καὶ</span> <span class='ocrx_word' id='word_1_660' title='bbox 3074 4572 3229 4639; x_wconf 81' lang='grc' dir='ltr'>σιγῆς</span> <span class='ocrx_word' id='word_1_661' title='bbox 3305 4560 3680 4639; x_wconf 77' lang='grc' dir='ltr'>ἐξεφαυλίζετο</span> 
     </span>
    </p>
   </div>
   <div class='ocr_carea' id='block_1_77' title="bbox 275 4655 420 4728">
    <p class='ocr_par' dir='ltr' id='par_1_77' title="bbox 275 4655 420 4728">
     <span class='ocr_line' id='line_1_77' title="bbox 275 4655 420 4728; baseline 0.014 -16"><span class='ocrx_word' id='word_1_662' title='bbox 275 4655 420 4728; x_wconf 75' lang='grc' dir='ltr'>ἄξια.</span> 
     </span>
    </p>
   </div>
   <div class='ocr_carea' id='block_1_78' title="bbox 345 4767 1948 4849">
    <p class='ocr_par' dir='ltr' id='par_1_78' title="bbox 345 4767 1919 4849">
     <span class='ocr_line' id='line_1_78' title="bbox 345 4767 1919 4849; baseline -0.004 -19"><span class='ocrx_word' id='word_1_663' title='bbox 345 4780 412 4847; x_wconf 85' lang='grc' dir='ltr'>γ’.</span> <span class='ocrx_word' id='word_1_664' title='bbox 446 4772 596 4830; x_wconf 82' lang='grc' dir='ltr'>Μετά</span> <span class='ocrx_word' id='word_1_665' title='bbox 623 4772 729 4847; x_wconf 84' lang='grc' dir='ltr'>γὰρ</span> <span class='ocrx_word' id='word_1_666' title='bbox 802 4770 895 4825; x_wconf 85' lang='grc' dir='ltr'>τὸν</span> <span class='ocrx_word' id='word_1_667' title='bbox 922 4768 1212 4849; x_wconf 78' lang='grc' dir='ltr'>Ξιφιλῖνον</span> <span class='ocrx_word' id='word_1_668' title='bbox 1244 4769 1539 4843; x_wconf 85' lang='grc' dir='ltr'>Γεώργιον,</span> <span class='ocrx_word' id='word_1_669' title='bbox 1616 4767 1675 4830; x_wconf 76' lang='grc' dir='ltr'>ὅς</span> <span class='ocrx_word' id='word_1_670' title='bbox 1751 4767 1919 4823; x_wconf 80' lang='grc' dir='ltr'>ἔτεσιν</span> 
     </span>
    </p>
   </div>
   <div class='ocr_carea' id='block_1_79' title="bbox 2035 4767 3696 4849">
    <p class='ocr_par' dir='ltr' id='par_1_79' title="bbox 2096 4768 3696 4844">
     <span class='ocr_line' id='line_1_79' title="bbox 2096 4768 3696 4844; baseline -0.003 -18"><span class='ocrx_word' id='word_1_671' title='bbox 2096 4772 2154 4829; x_wconf 87' lang='lat'>3.</span> <span class='ocrx_word' id='word_1_672' title='bbox 2189 4775 2331 4827; x_wconf 86' lang='lat' dir='ltr'><strong>Nam</strong></span> <span class='ocrx_word' id='word_1_673' title='bbox 2358 4771 2596 4841; x_wconf 82' lang='lat' dir='ltr'><strong>Georgio</strong></span> <span class='ocrx_word' id='word_1_674' title='bbox 2637 4773 2933 4844; x_wconf 87' lang='lat' dir='ltr'><strong>Xiphilino</strong></span> <span class='ocrx_word' id='word_1_675' title='bbox 2966 4780 3184 4842; x_wconf 85' lang='lat' dir='ltr'><strong>septem</strong></span> <span class='ocrx_word' id='word_1_676' title='bbox 3216 4769 3387 4825; x_wconf 87' lang='lat' dir='ltr'><strong>annis</strong></span> <span class='ocrx_word' id='word_1_677' title='bbox 3422 4768 3696 4838; x_wconf 83' lang='lat' dir='ltr'><strong>patriar-.</strong></span> 
     </span>
    </p>
   </div>
   <div class='ocr_carea' id='block_1_80' title="bbox 271 4855 1929 4934">
    <p class='ocr_par' dir='ltr' id='par_1_80' title="bbox 271 4855 1929 4934">
     <span class='ocr_line' id='line_1_80' title="bbox 271 4855 1929 4934; baseline -0.004 -14"><span class='ocrx_word' id='word_1_678' title='bbox 271 4865 407 4920; x_wconf 74' lang='grc' dir='ltr'>έπτά</span> <span class='ocrx_word' id='word_1_679' title='bbox 462 4867 562 4934; x_wconf 85' lang='grc' dir='ltr'>τήν</span> <span class='ocrx_word' id='word_1_680' title='bbox 613 4860 944 4932; x_wconf 86' lang='grc' dir='ltr'>Ἐκκλησίαν</span> <span class='ocrx_word' id='word_1_681' title='bbox 1000 4855 1435 4933; x_wconf 80' lang='grc' dir='ltr'>διεκυϐέρνησεν,</span> <span class='ocrx_word' id='word_1_682' title='bbox 1513 4861 1542 4915; x_wconf 80' lang='grc' dir='ltr'>ὁ</span> <span class='ocrx_word' id='word_1_683' title='bbox 1593 4858 1929 4934; x_wconf 82' lang='grc' dir='ltr'>Καματηρὸς</span> 
     </span>
    </p>
   </div>
   <div class='ocr_carea' id='block_1_81' title="bbox 270 4945 1926 5027">
    <p class='ocr_par' dir='ltr' id='par_1_81' title="bbox 270 4945 1926 5027">
     <span class='ocr_line' id='line_1_81' title="bbox 270 4945 1926 5027; baseline -0.004 -19"><span class='ocrx_word' id='word_1_684' title='bbox 270 4953 525 5024; x_wconf 78' lang='grc' dir='ltr'>Ἰωάννης</span> <span class='ocrx_word' id='word_1_685' title='bbox 553 4950 649 5007; x_wconf 83' lang='grc' dir='ltr'>τὸν</span> <span class='ocrx_word' id='word_1_686' title='bbox 705 4949 1106 5025; x_wconf 82' lang='grc' dir='ltr'>πατριαρχικὸν</span> <span class='ocrx_word' id='word_1_687' title='bbox 1164 4948 1363 5027; x_wconf 66' lang='grc' dir='ltr'>εἴληφε</span> <span class='ocrx_word' id='word_1_688' title='bbox 1408 4949 1619 5020; x_wconf 81' lang='grc' dir='ltr'>θρόνον,</span> <span class='ocrx_word' id='word_1_689' title='bbox 1664 4948 1757 5004; x_wconf 90' lang='grc' dir='ltr'>καὶ</span> <span class='ocrx_word' id='word_1_690' title='bbox 1808 4945 1926 5004; x_wconf 80' lang='grc' dir='ltr'>δὲον</span> 
     </span>
    </p>
   </div>
   <div class='ocr_carea' id='block_1_82' title="bbox 269 5036 1929 5117">
    <p class='ocr_par' dir='ltr' id='par_1_82' title="bbox 269 5036 1929 5117">
     <span class='ocr_line' id='line_1_82' title="bbox 269 5036 1929 5117; baseline -0.002 -20"><span class='ocrx_word' id='word_1_691' title='bbox 269 5045 332 5098; x_wconf 89' lang='grc' dir='ltr'>τὸ</span> <span class='ocrx_word' id='word_1_692' title='bbox 360 5042 447 5097; x_wconf 84' lang='grc' dir='ltr'>ἐπὶ</span> <span class='ocrx_word' id='word_1_693' title='bbox 490 5046 598 5097; x_wconf 87' lang='grc' dir='ltr'>τῶν</span> <span class='ocrx_word' id='word_1_694' title='bbox 654 5042 877 5112; x_wconf 83' lang='grc' dir='ltr'>ἡμερῶν</span> <span class='ocrx_word' id='word_1_695' title='bbox 930 5043 1028 5094; x_wconf 90' lang='grc' dir='ltr'>τοῦ</span> <span class='ocrx_word' id='word_1_696' title='bbox 1082 5036 1379 5117; x_wconf 77' lang='grc' dir='ltr'>Ξιφιλίνου</span> <span class='ocrx_word' id='word_1_697' title='bbox 1446 5037 1741 5113; x_wconf 78' lang='grc' dir='ltr'>ἀρξάμενον</span> <span class='ocrx_word' id='word_1_698' title='bbox 1794 5038 1929 5093; x_wconf 81' lang='grc' dir='ltr'>ὑπο-</span> 
     </span>
    </p>
   </div>
   <div class='ocr_carea' id='block_1_83' title="bbox 273 5125 1928 5205">
    <p class='ocr_par' dir='ltr' id='par_1_83' title="bbox 273 5125 1928 5205">
     <span class='ocr_line' id='line_1_83' title="bbox 273 5125 1928 5205; baseline -0.004 -18"><span class='ocrx_word' id='word_1_699' title='bbox 273 5129 555 5187; x_wconf 89' lang='grc' dir='ltr'>λαλεῖσθαι</span> <span class='ocrx_word' id='word_1_700' title='bbox 610 5128 701 5183; x_wconf 87' lang='grc' dir='ltr'>καὶ</span> <span class='ocrx_word' id='word_1_701' title='bbox 754 5126 978 5205; x_wconf 82' lang='grc' dir='ltr'>φύεσθαι</span> <span class='ocrx_word' id='word_1_702' title='bbox 1041 5125 1218 5202; x_wconf 86' lang='grc' dir='ltr'>δόγμα</span> <span class='ocrx_word' id='word_1_703' title='bbox 1302 5125 1597 5203; x_wconf 63' lang='grc' dir='ltr'>πρόρριζον</span> <span class='ocrx_word' id='word_1_704' title='bbox 1657 5125 1928 5199; x_wconf 76' lang='grc' dir='ltr'>ἐκτεμεῖν,</span> 
     </span>
    </p>
   </div>
   <div class='ocr_carea' id='block_1_84' title="bbox 270 5210 1925 5290">
    <p class='ocr_par' dir='ltr' id='par_1_84' title="bbox 270 5210 1925 5290">
     <span class='ocr_line' id='line_1_84' title="bbox 270 5210 1925 5290; baseline -0.004 -14"><span class='ocrx_word' id='word_1_705' title='bbox 270 5221 359 5276; x_wconf 81' lang='grc' dir='ltr'>καὶ</span> <span class='ocrx_word' id='word_1_706' title='bbox 412 5210 815 5283; x_wconf 81' lang='grc' dir='ltr'>καθυποϐαλεῖν</span> <span class='ocrx_word' id='word_1_707' title='bbox 915 5216 1007 5288; x_wconf 71' lang='grc' dir='ltr'>μὲν</span> <span class='ocrx_word' id='word_1_708' title='bbox 1085 5214 1379 5287; x_wconf 80' lang='grc' dir='ltr'>ἂναθέματι</span> <span class='ocrx_word' id='word_1_709' title='bbox 1453 5215 1545 5270; x_wconf 85' lang='grc' dir='ltr'>τὸν</span> <span class='ocrx_word' id='word_1_710' title='bbox 1623 5218 1925 5290; x_wconf 80' lang='grc' dir='ltr'>γεννήτορά</span> 
     </span>
    </p>
   </div>
   <div class='ocr_carea' id='block_1_85' title="bbox 270 5301 1922 5381">
    <p class='ocr_par' dir='ltr' id='par_1_85' title="bbox 270 5301 1922 5381">
     <span class='ocr_line' id='line_1_85' title="bbox 270 5301 1922 5381; baseline -0.006 -15"><span class='ocrx_word' id='word_1_711' title='bbox 270 5311 467 5366; x_wconf 85' lang='grc' dir='ltr'>τούτου</span> <span class='ocrx_word' id='word_1_712' title='bbox 503 5307 596 5362; x_wconf 86' lang='grc' dir='ltr'>τὸν</span> <span class='ocrx_word' id='word_1_713' title='bbox 629 5301 1045 5380; x_wconf 80' lang='grc' dir='ltr'>ψευδομόναχον</span> <span class='ocrx_word' id='word_1_714' title='bbox 1101 5302 1378 5375; x_wconf 85' lang='grc' dir='ltr'>Σικιδίτην</span> <span class='ocrx_word' id='word_1_715' title='bbox 1412 5303 1486 5365; x_wconf 85' lang='grc' dir='ltr'>ὠς</span> <span class='ocrx_word' id='word_1_716' title='bbox 1563 5306 1922 5381; x_wconf 77' lang='grc' dir='ltr'>αἱρεσιάρχην</span> 
     </span>
    </p>
   </div>
   <div class='ocr_carea' id='block_1_86' title="bbox 264 5389 1923 5469">
    <p class='ocr_par' dir='ltr' id='par_1_86' title="bbox 264 5389 1923 5469">
     <span class='ocr_line' id='line_1_86' title="bbox 264 5389 1923 5469; baseline -0.005 -14"><span class='ocrx_word' id='word_1_717' title='bbox 264 5398 354 5455; x_wconf 86' lang='grc' dir='ltr'>καὶ</span> <span class='ocrx_word' id='word_1_718' title='bbox 393 5400 487 5454; x_wconf 85' lang='grc' dir='ltr'>νέα</span> <span class='ocrx_word' id='word_1_719' title='bbox 520 5395 875 5467; x_wconf 71' lang='grc' dir='ltr'>ἑπεισαγοντα</span> <span class='ocrx_word' id='word_1_720' title='bbox 912 5392 1178 5469; x_wconf 82' lang='grc' dir='ltr'>δόγματα,</span> <span class='ocrx_word' id='word_1_721' title='bbox 1239 5392 1367 5457; x_wconf 77' lang='grc' dir='ltr'>τοὺς</span> <span class='ocrx_word' id='word_1_722' title='bbox 1419 5389 1466 5447; x_wconf 87' lang='grc' dir='ltr'>δ’</span> <span class='ocrx_word' id='word_1_723' title='bbox 1529 5391 1739 5455; x_wconf 78' lang='grc' dir='ltr'>ἄλλους</span> <span class='ocrx_word' id='word_1_724' title='bbox 1796 5391 1923 5467; x_wconf 72' lang='grc' dir='ltr'>ἐχε-</span> 
     </span>
    </p>
   </div>
   <div class='ocr_carea' id='block_1_87' title="bbox 264 5479 1923 5564">
    <p class='ocr_par' dir='ltr' id='par_1_87' title="bbox 264 5479 1923 5564">
     <span class='ocr_line' id='line_1_87' title="bbox 264 5479 1923 5564; baseline -0.005 -20"><span class='ocrx_word' id='word_1_725' title='bbox 264 5491 451 5564; x_wconf 82' lang='grc' dir='ltr'>μυθεῖν</span> <span class='ocrx_word' id='word_1_726' title='bbox 481 5482 773 5554; x_wconf 85' lang='grc' dir='ltr'>πεῖσαιτῷ</span> <span class='ocrx_word' id='word_1_727' title='bbox 820 5482 939 5536; x_wconf 88' lang='grc' dir='ltr'>καθ’</span> <span class='ocrx_word' id='word_1_728' title='bbox 998 5481 1186 5536; x_wconf 73' lang='grc' dir='ltr'>ἑαυτὸν</span> <span class='ocrx_word' id='word_1_729' title='bbox 1249 5479 1613 5558; x_wconf 85' lang='grc' dir='ltr'>ὑποδείγματι</span> <span class='ocrx_word' id='word_1_730' title='bbox 1646 5481 1722 5543; x_wconf 85' lang='grc' dir='ltr'>ὠς</span> <span class='ocrx_word' id='word_1_731' title='bbox 1783 5481 1923 5536; x_wconf 76' lang='grc' dir='ltr'>εἶναι</span> 
     </span>
    </p>
   </div>
   <div class='ocr_carea' id='block_1_88' title="bbox 256 5568 1920 5653">
    <p class='ocr_par' dir='ltr' id='par_1_88' title="bbox 256 5568 1920 5653">
     <span class='ocr_line' id='line_1_88' title="bbox 256 5568 1920 5653; baseline -0.003 -25"><span class='ocrx_word' id='word_1_732' title='bbox 256 5580 321 5635; x_wconf 84' lang='grc' dir='ltr'>τὸ</span> <span class='ocrx_word' id='word_1_733' title='bbox 355 5575 665 5653; x_wconf 71' lang='grc' dir='ltr'>μυττήριον</span> <span class='ocrx_word' id='word_1_734' title='bbox 700 5570 851 5632; x_wconf 71' lang='grc' dir='ltr'>αὖθις</span> <span class='ocrx_word' id='word_1_735' title='bbox 890 5572 1217 5644; x_wconf 87' lang='grc' dir='ltr'>μυστήριον,</span> <span class='ocrx_word' id='word_1_736' title='bbox 1261 5571 1289 5624; x_wconf 84' lang='grc' dir='ltr'>ὁ</span> <span class='ocrx_word' id='word_1_737' title='bbox 1341 5568 1399 5625; x_wconf 75' lang='grc' dir='ltr'>δὲ</span> <span class='ocrx_word' id='word_1_738' title='bbox 1453 5569 1706 5644; x_wconf 87' lang='grc' dir='ltr'>λογικαῖς</span> <span class='ocrx_word' id='word_1_739' title='bbox 1756 5569 1920 5642; x_wconf 85' lang='grc' dir='ltr'>μεθό-</span> 
     </span>
    </p>
   </div>
   <div class='ocr_carea' id='block_1_89' title="bbox 262 5655 1923 5741">
    <p class='ocr_par' dir='ltr' id='par_1_89' title="bbox 262 5655 1923 5741">
     <span class='ocr_line' id='line_1_89' title="bbox 262 5655 1923 5741; baseline -0.01 -13"><span class='ocrx_word' id='word_1_740' title='bbox 262 5667 380 5731; x_wconf 82' lang='grc' dir='ltr'>δοις</span> <span class='ocrx_word' id='word_1_741' title='bbox 409 5666 626 5741; x_wconf 71' lang='grc' dir='ltr'>ἔγρῆτο</span> <span class='ocrx_word' id='word_1_742' title='bbox 689 5659 782 5715; x_wconf 77' lang='grc' dir='ltr'>καὶ</span> <span class='ocrx_word' id='word_1_743' title='bbox 836 5656 1142 5729; x_wconf 79' lang='grc' dir='ltr'>ἀποδείξεσι</span> <span class='ocrx_word' id='word_1_744' title='bbox 1204 5655 1558 5734; x_wconf 80' lang='grc' dir='ltr'>βιάζομέναις</span> <span class='ocrx_word' id='word_1_745' title='bbox 1616 5659 1692 5724; x_wconf 82' lang='grc' dir='ltr'>είς</span> <span class='ocrx_word' id='word_1_746' title='bbox 1724 5678 1923 5734; x_wconf 88' lang='grc' dir='ltr'>συγκα-</span> 
     </span>
    </p>
   </div>
   <div class='ocr_carea' id='block_1_90' title="bbox 2037 4857 3679 4928">
    <p class='ocr_par' dir='ltr' id='par_1_90' title="bbox 2037 4857 3679 4928">
     <span class='ocr_line' id='line_1_90' title="bbox 2037 4857 3679 4928; baseline -0.004 -10"><span class='ocrx_word' id='word_1_747' title='bbox 2037 4863 2208 4918; x_wconf 89' lang='lat' dir='ltr'><strong>cbatu</strong></span> <span class='ocrx_word' id='word_1_748' title='bbox 2269 4863 2468 4917; x_wconf 85' lang='lat' dir='ltr'><strong>functo</strong></span> <span class='ocrx_word' id='word_1_749' title='bbox 2514 4863 2765 4917; x_wconf 82' lang='lat' dir='ltr'><strong>Joannes</strong></span> <span class='ocrx_word' id='word_1_750' title='bbox 2808 4866 3141 4917; x_wconf 79' lang='lat' dir='ltr'><strong>Camaterus</strong></span> <span class='ocrx_word' id='word_1_751' title='bbox 3192 4857 3518 4915; x_wconf 86' lang='lat' dir='ltr'><strong>successit:</strong></span> <span class='ocrx_word' id='word_1_752' title='bbox 3553 4857 3679 4928; x_wconf 90' lang='lat' dir='ltr'><strong>qui,</strong></span> 
     </span>
    </p>
   </div>
   <div class='ocr_carea' id='block_1_91' title="bbox 2037 4949 3674 5024">
    <p class='ocr_par' dir='ltr' id='par_1_91' title="bbox 2037 4949 3674 5024">
     <span class='ocr_line' id='line_1_91' title="bbox 2037 4949 3674 5024; baseline -0.001 -16"><span class='ocrx_word' id='word_1_753' title='bbox 2037 4969 2169 5008; x_wconf 88' lang='lat' dir='ltr'>cum</span> <span class='ocrx_word' id='word_1_754' title='bbox 2200 4953 2398 5024; x_wconf 85' lang='lat' dir='ltr'><strong>Opinio</strong></span> <span class='ocrx_word' id='word_1_755' title='bbox 2430 4969 2554 5023; x_wconf 71' lang='lat' dir='ltr'><strong>quae</strong></span> <span class='ocrx_word' id='word_1_756' title='bbox 2588 4952 2698 5008; x_wconf 85' lang='lat' dir='ltr'>sub</span> <span class='ocrx_word' id='word_1_757' title='bbox 2728 4953 3020 5023; x_wconf 85' lang='lat' dir='ltr'><strong>Xiphilino</strong></span> <span class='ocrx_word' id='word_1_758' title='bbox 3056 4951 3365 5022; x_wconf 76' lang='lat' dir='ltr'><strong>pullularet</strong></span> <span class='ocrx_word' id='word_1_759' title='bbox 3398 4949 3674 5006; x_wconf 87' lang='lat' dir='ltr'><strong>radicitus</strong></span> 
     </span>
    </p>
   </div>
   <div class='ocr_carea' id='block_1_92' title="bbox 2037 5040 3679 5114">
    <p class='ocr_par' dir='ltr' id='par_1_92' title="bbox 2037 5040 3679 5114">
     <span class='ocr_line' id='line_1_92' title="bbox 2037 5040 3679 5114; baseline -0.001 -15"><span class='ocrx_word' id='word_1_760' title='bbox 2037 5043 2427 5114; x_wconf 80' lang='lat' dir='ltr'><strong>exstirpanda,</strong></span> <span class='ocrx_word' id='word_1_761' title='bbox 2460 5047 2517 5097; x_wconf 88' lang='lat' dir='ltr'>et</span> <span class='ocrx_word' id='word_1_762' title='bbox 2542 5042 2666 5111; x_wconf 86' lang='lat' dir='ltr'><strong>ejns</strong></span> <span class='ocrx_word' id='word_1_763' title='bbox 2706 5050 2909 5098; x_wconf 87' lang='lat' dir='ltr'><strong>auctor</strong></span> <span class='ocrx_word' id='word_1_764' title='bbox 2947 5059 3199 5114; x_wconf 88' lang='lat' dir='ltr'><strong>nequam</strong></span> <span class='ocrx_word' id='word_1_765' title='bbox 3235 5042 3554 5098; x_wconf 85' lang='lat' dir='ltr'><strong>monachus</strong></span> <span class='ocrx_word' id='word_1_766' title='bbox 3585 5040 3679 5097; x_wconf 85' lang='lat' dir='ltr'>Si-</span> 
     </span>
    </p>
   </div>
   <div class='ocr_carea' id='block_1_93' title="bbox 2035 5130 3679 5189">
    <p class='ocr_par' dir='ltr' id='par_1_93' title="bbox 2035 5130 3679 5189">
     <span class='ocr_line' id='line_1_93' title="bbox 2035 5130 3679 5189; baseline -0.003 -1"><span class='ocrx_word' id='word_1_767' title='bbox 2035 5131 2240 5188; x_wconf 86' lang='lat' dir='ltr'><strong>cidites</strong></span> <span class='ocrx_word' id='word_1_768' title='bbox 2272 5136 2337 5186; x_wconf 88' lang='lat' dir='ltr'>ut</span> <span class='ocrx_word' id='word_1_769' title='bbox 2367 5131 2744 5185; x_wconf 72' lang='lat' dir='ltr'><strong>haeresiarcha</strong></span> <span class='ocrx_word' id='word_1_770' title='bbox 2777 5137 2834 5187; x_wconf 90' lang='lat' dir='ltr'>et</span> <span class='ocrx_word' id='word_1_771' title='bbox 2865 5133 3036 5189; x_wconf 88' lang='lat' dir='ltr'><strong>homo</strong></span> <span class='ocrx_word' id='word_1_772' title='bbox 3070 5132 3379 5187; x_wconf 85' lang='lat' dir='ltr'><strong>seditiosus</strong></span> <span class='ocrx_word' id='word_1_773' title='bbox 3401 5130 3679 5185; x_wconf 89' lang='lat' dir='ltr'><strong>condem-</strong></span> 
     </span>
    </p>
   </div>
   <div class='ocr_carea' id='block_1_94' title="bbox 2035 5218 3685 5292">
    <p class='ocr_par' dir='ltr' id='par_1_94' title="bbox 2035 5218 3685 5292">
     <span class='ocr_line' id='line_1_94' title="bbox 2035 5218 3685 5292; baseline -0.001 -17"><span class='ocrx_word' id='word_1_774' title='bbox 2035 5221 2266 5275; x_wconf 83' lang='lat' dir='ltr'><strong>nandus</strong></span> <span class='ocrx_word' id='word_1_775' title='bbox 2297 5219 2523 5286; x_wconf 79' lang='lat' dir='ltr'><strong>fuisset,</strong></span> <span class='ocrx_word' id='word_1_776' title='bbox 2557 5227 2608 5273; x_wconf 78' lang='lat' dir='ltr'>et</span> <span class='ocrx_word' id='word_1_777' title='bbox 2640 5220 2794 5277; x_wconf 71' lang='lat'>682</span> <span class='ocrx_word' id='word_1_778' title='bbox 2828 5222 2958 5277; x_wconf 89' lang='lat' dir='ltr'><strong>aliis</strong></span> <span class='ocrx_word' id='word_1_779' title='bbox 3007 5220 3192 5292; x_wconf 87' lang='lat' dir='ltr'><strong>ipsius</strong></span> <span class='ocrx_word' id='word_1_780' title='bbox 3219 5218 3482 5289; x_wconf 87' lang='lat' dir='ltr'><strong>exemplo</strong></span> <span class='ocrx_word' id='word_1_781' title='bbox 3514 5218 3685 5274; x_wconf 89' lang='lat' dir='ltr'><strong>silen-</strong></span> 
     </span>
    </p>
   </div>
   <div class='ocr_carea' id='block_1_95' title="bbox 2036 5307 3685 5382">
    <p class='ocr_par' dir='ltr' id='par_1_95' title="bbox 2036 5307 3685 5382">
     <span class='ocr_line' id='line_1_95' title="bbox 2036 5307 3685 5382; baseline 0 -20"><span class='ocrx_word' id='word_1_782' title='bbox 2036 5309 2177 5363; x_wconf 90' lang='lat' dir='ltr'><strong>tium</strong></span> <span class='ocrx_word' id='word_1_783' title='bbox 2245 5307 2667 5377; x_wconf 89' lang='lat' dir='ltr'><strong>imperandum,</strong></span> <span class='ocrx_word' id='word_1_784' title='bbox 2729 5319 2791 5363; x_wconf 91' lang='lat' dir='ltr'>ut</span> <span class='ocrx_word' id='word_1_785' title='bbox 2847 5310 3181 5382; x_wconf 80' lang='lat' dir='ltr'><strong>mysterium</strong></span> <span class='ocrx_word' id='word_1_786' title='bbox 3257 5325 3459 5364; x_wconf 88' lang='lat' dir='ltr'><strong>rursus</strong></span> <span class='ocrx_word' id='word_1_787' title='bbox 3536 5316 3685 5362; x_wconf 84' lang='lat' dir='ltr'><strong>esset</strong></span> 
     </span>
    </p>
   </div>
   <div class='ocr_carea' id='block_1_96' title="bbox 2036 5395 3680 5466">
    <p class='ocr_par' dir='ltr' id='par_1_96' title="bbox 2036 5395 3680 5466">
     <span class='ocr_line' id='line_1_96' title="bbox 2036 5395 3680 5466; baseline -0.002 -14"><span class='ocrx_word' id='word_1_788' title='bbox 2036 5397 2396 5466; x_wconf 82' lang='lat' dir='ltr'><strong>mysterium,</strong></span> <span class='ocrx_word' id='word_1_789' title='bbox 2425 5396 2749 5452; x_wconf 88' lang='lat' dir='ltr'><strong>disserendi</strong></span> <span class='ocrx_word' id='word_1_790' title='bbox 2808 5404 2929 5454; x_wconf 88' lang='lat' dir='ltr'><strong>arte</strong></span> <span class='ocrx_word' id='word_1_791' title='bbox 2977 5408 3033 5455; x_wconf 89' lang='lat' dir='ltr'>et</span> <span class='ocrx_word' id='word_1_792' title='bbox 3088 5395 3680 5454; x_wconf 86' lang='lat' dir='ltr'><strong>demonstrationibus</strong></span> 
     </span>
    </p>
   </div>
   <div class='ocr_carea' id='block_1_97' title="bbox 2033 5484 3680 5558">
    <p class='ocr_par' dir='ltr' id='par_1_97' title="bbox 2033 5484 3680 5558">
     <span class='ocr_line' id='line_1_97' title="bbox 2033 5484 3680 5558; baseline -0.002 -17"><span class='ocrx_word' id='word_1_793' title='bbox 2033 5503 2160 5558; x_wconf 67' lang='lat' dir='ltr'>qua</span> <span class='ocrx_word' id='word_1_794' title='bbox 2212 5484 2600 5540; x_wconf 87' lang='lat' dir='ltr'><strong>adversarium</strong></span> <span class='ocrx_word' id='word_1_795' title='bbox 2652 5488 3084 5556; x_wconf 81' lang='lat' dir='ltr'><strong>convincerent,</strong></span> <span class='ocrx_word' id='word_1_796' title='bbox 3118 5488 3176 5542; x_wconf 89' lang='lat' dir='ltr'>in</span> <span class='ocrx_word' id='word_1_797' title='bbox 3236 5486 3408 5542; x_wconf 89' lang='lat' dir='ltr'><strong>rebus</strong></span> <span class='ocrx_word' id='word_1_798' title='bbox 3458 5484 3680 5554; x_wconf 85' lang='lat' dir='ltr'><strong>ingenii</strong></span> 
     </span>
    </p>
   </div>
   <div class='ocr_carea' id='block_1_98' title="bbox 2033 5572 3675 5644">
    <p class='ocr_par' dir='ltr' id='par_1_98' title="bbox 2033 5572 3675 5644">
     <span class='ocr_line' id='line_1_98' title="bbox 2033 5572 3675 5644; baseline -0.003 -15"><span class='ocrx_word' id='word_1_799' title='bbox 2033 5572 2523 5644; x_wconf 83' lang='lat' dir='ltr'><strong>bumanicaptum</strong></span> <span class='ocrx_word' id='word_1_800' title='bbox 2548 5573 2961 5633; x_wconf 82' lang='lat' dir='ltr'><strong>excedentibus</strong></span> <span class='ocrx_word' id='word_1_801' title='bbox 2981 5585 3035 5632; x_wconf 92' lang='lat' dir='ltr'>et</span> <span class='ocrx_word' id='word_1_802' title='bbox 3056 5576 3368 5631; x_wconf 80' lang='lat' dir='ltr'><strong>artiﬁcium</strong></span> <span class='ocrx_word' id='word_1_803' title='bbox 3395 5588 3675 5639; x_wconf 86' lang='lat' dir='ltr'><strong>respuen-</strong></span> 
     </span>
    </p>
   </div>
   <div class='ocr_carea' id='block_1_99' title="bbox 2033 5656 3677 5729">
    <p class='ocr_par' dir='ltr' id='par_1_99' title="bbox 2033 5656 3677 5729">
     <span class='ocr_line' id='line_1_99' title="bbox 2033 5656 3677 5729; baseline -0.006 -9"><span class='ocrx_word' id='word_1_804' title='bbox 2033 5662 2185 5717; x_wconf 82' lang='lat' dir='ltr'><strong>libus</strong></span> <span class='ocrx_word' id='word_1_805' title='bbox 2216 5675 2359 5715; x_wconf 78' lang='lat' dir='ltr'><strong>usus</strong></span> <span class='ocrx_word' id='word_1_806' title='bbox 2389 5667 2492 5715; x_wconf 79' lang='lat' dir='ltr'><strong>est.</strong></span> <span class='ocrx_word' id='word_1_807' title='bbox 2522 5661 2874 5729; x_wconf 83' lang='lat' dir='ltr'><strong>Composuit</strong></span> <span class='ocrx_word' id='word_1_808' title='bbox 2898 5666 3069 5719; x_wconf 89' lang='lat' dir='ltr'><strong>etiam</strong></span> <span class='ocrx_word' id='word_1_809' title='bbox 3102 5662 3383 5719; x_wconf 66' lang='lat' dir='ltr'><strong>orationes</strong></span> <span class='ocrx_word' id='word_1_810' title='bbox 3422 5656 3677 5712; x_wconf 85' lang='lat' dir='ltr'><strong>catecbi-</strong></span> 
     </span>
    </p>
   </div>
  </div>
