4098 6292
467 340 586 404 895

1793 333 2100 394 NICETE
2143 333 2558 396 CHONIATIE

3721 334 3823 394 896

473 481 664 546 sticus,
699 497 822 552 quae
873 480 994 534 dies
1029 475 1388 550 jejuninrum
1435 473 1650 526 instare
1695 469 2032 523 nuntiarent
2059 471 2116 520 et

2227 467 2438 532 τάθεσιν
2467 470 2559 523 τὸν
2585 465 3116 540 προσδιαλεγόμενον
3151 464 3198 518 έν
3255 466 3378 526 τοῖς
3434 461 3704 537 ὑπερφυέσι
3751 467 3828 520 καὶ

477 571 796 626 sacerdotes
825 571 894 625 ad
931 569 984 624 id
1019 575 1300 622 certamen
1335 564 1790 628 exhortareutur,
1827 557 2118 614 mentione

477 662 716 726 inserta,
750 675 916 729 quem
951 659 1150 728 dogma
1179 654 1317 708 illud
1351 657 1540 706 ortum
1575 649 1864 714 habuerit,
1895 653 1950 702 et
1979 647 2114 716 quid

475 751 690 804 sentiat
747 750 866 818 ipse
923 749 1188 814 exposuit
1229 739 1730 796 :adversariorum
1783 753 1912 792 vero
1965 736 2114 790 dicta

473 839 642 910 plane
673 837 900 892 silentio
951 833 1364 898 dissimulavit,
1397 829 1831 893 refutationem,
1865 831 1927 880 ut
1969 825 2116 880 arbi-

467 931 608 994 tror,
642 925 858 980 veritus
892 943 906 991 ;
939 929 996 978 et
1027 941 1092 978 ea
1135 921 1338 975 tribuit
1369 917 1734 984 adversariis,
1759 931 1884 985 qua
1929 929 2116 984 neque

471 1023 672 1070 norant
703 1029 894 1084 neque
913 1029 1172 1084 unquam
1199 1011 1536 1080 cogitarunt.
1565 1008 1710 1063 Nam
1732 1022 1862 1062 cum
1881 1005 1940 1060 in
1959 1021 2110 1075 quaa-

465 1105 652 1160 stione
681 1109 850 1166 esset,
887 1109 1080 1157 utrum
1113 1099 1328 1155 Christi
1379 1114 1590 1168 corpus
1619 1103 1748 1168 post
1795 1093 2114 1166 perceptio-

466 1209 602 1249 nem
649 1191 1087 1262 incorruptibile
1157 1191 1252 1254 sit,
1299 1187 1464 1258 quale
1513 1193 1636 1258 post
1687 1185 2010 1257 passionem
2059 1190 2116 1238 et

465 1281 942 1338 resurrectionem
995 1280 1122 1348 fuit,
1165 1296 1238 1334 an
1281 1277 1654 1348 corruptibile
1705 1279 1764 1330 ut
1811 1277 1946 1329 ante
1975 1289 2108 1344 pas-

461 1372 702 1436 sionem,
737 1369 838 1424 alii
897 1368 1170 1424 dicebant
1230 1363 1692 1435 incorruptibile,
1755 1377 1904 1428 esse,
1957 1361 2106 1432 quod

461 1459 788 1515 divinorum
851 1455 1258 1528 mysteriorum
1337 1453 1624 1525 perceptio
1696 1449 1982 1507 confessio
2039 1451 2112 1504 sit

463 1553 520 1602 et
545 1547 856 1604 recorlatio
889 1547 1151 1616 quaedam
1187 1543 1416 1599 Domini
1443 1546 1676 1614 propter
1699 1557 1802 1596 nos
1821 1539 2022 1594 mortui
2055 1541 2112 1594 et

465 1636 720 1700 redivivi,
755 1645 813 1690 ut
859 1650 1105 1706 magnus
1149 1635 1208 1688 in
1253 1633 1542 1702 theologia
1589 1629 1834 1702 Cyrillus
1881 1628 2107 1695 tradit;

467 1733 522 1780 et
553 1739 729 1796 quam
757 1731 970 1794 partem
1005 1724 1250 1794 quisque
1273 1721 1579 1792 acceperit,
1613 1719 1683 1774 ab
1715 1735 1780 1774 eo
1809 1717 2107 1774 Christum

473 1813 756 1884 integrum
779 1813 992 1882 percipi
1013 1827 1180 1882 quem
1205 1811 1456 1866 Thomas
1475 1809 1560 1879 pal
1570 1809 1736 1878 parit,
1753 1821 1998 1876 eumque
2017 1821 2108 1860 co-

471 1903 625 1958 medi
645 1909 772 1974 post
790 1903 1290 1964 resurrectionem,
1311 1905 1374 1956 ut
1387 1901 1532 1955 Joan
1545 1915 1642 1954 nes
1673 1897 2114 1970 Chrysostomus

465 1992 717 2048 afﬁrmat
747 1993 838 2046 his
870 1991 1052 2047 verbis
1087 2009 1100 2048 :
1149 1992 1236 2046 αΟ
1263 2007 1382 2046 rem
1415 1992 1620 2044 miram
1663 1989 1676 2043 ί
1709 1989 1804 2057 qui
1828 1988 1896 2041 ad
1925 1989 2113 2040 dexte-

465 2101 588 2139 ram
652 2084 838 2137 Patris
897 2083 1076 2144 sedet,
1114 2081 1172 2135 in
1233 2087 1498 2134 nostrum
1549 2083 1920 2150 peccatorum
1951 2075 2108 2130 688

466 2171 738 2228 manibus
785 2171 1098 2226 invenitur.
1134 2192 1161 2219 ››
1198 2174 1334 2224 Item
1371 2185 1384 2224 :
1418 2191 1446 2219 «
1487 2171 1861 2236 Quacumque
1893 2176 2108 2235 partem

466 2259 776 2330 acceperis,
801 2277 932 2314 eum
969 2265 1150 2313 totum
1175 2259 1409 2329 accipis,
1443 2258 1592 2328 quia
1613 2257 1829 2312 Thema
1849 2253 2114 2327 palpatus

467 2353 574 2406 est.
611 2371 640 2398 ››
673 2349 734 2402 Et
787 2348 898 2402 alio
931 2347 1054 2402 loco
1087 2364 1100 2402 :
1137 2371 1162 2396 ‹‹
1201 2347 1418 2402 Floruit
1471 2347 1528 2400 in
1581 2345 1723 2414 lege,
1757 2344 2006 2400 adolevit
2055 2347 2110 2400 in

467 2437 782 2509 prephetis.
819 2436 1092 2490 maturuit
1121 2435 1178 2490 in
1203 2451 1394 2502 cruce,
1419 2436 1744 2490 comeditur
1775 2442 1900 2503 post
1931 2449 2116 2488 resur-

465 2526 804 2582 rectionem.
830 2526 1022 2596 Neque
1043 2525 1192 2580 enim
1215 2525 1376 2580 aliud
1403 2525 1452 2578 id
1477 2531 1566 2578 est
1593 2524 1744 2594 quod
1773 2523 2111 2594 percipitur,

467 2630 638 2687 quam
699 2613 840 2668 illud
901 2629 1114 2684 corpus
1171 2615 1319 2684 quod
1379 2619 1562 2667 morte
1621 2615 1894 2682 superata
1941 2612 2110 2666 vitam

461 2713 713 2760 nostram
767 2703 1130 2772 auspicatum
1165 2710 1270 2758 est.
1327 2701 1397 2756 Ut
1426 2702 1576 2758 enim
1613 2717 1816 2771 parum
1851 2701 2112 2756 fermenti

2229 557 2400 630 μηδὲν
2459 557 2652 628 ἔξωθεν
2711 556 2994 630 δεομένοις
3053 553 3478 628 ἐπιτεχνήσεως.
3544 551 3706 609 Ἀλλὰ
3753 559 3826 612 καὶ

2227 649 2678 724 κατηχητηρίους
2737 649 3006 708 συντιθεὶς
3065 645 3270 718 λόγους
3301 644 3398 712 τὴν
3445 647 3550 698 τῶν
3585 646 3829 717 νηστίμων

2227 739 2454 812 ἡμερῶν
2509 737 2842 812 προθεσμίαν
2925 735 3210 813 ἐφεστάναι
3293 731 3834 807 προκαταγγέλλοντας

2223 827 2314 880 καὶ
2361 829 2488 888 τοὺς
2525 835 2628 897 τῆς
2665 832 3041 899 πνευματικῆς
3103 822 3284 889 πάλης
3357 821 3492 895 πρὸς
3543 822 3632 875 τὸν
3685 824 3838 898 trram

2229 913 2654 992 ὑπαλείφοντας,
2703 915 2758 970 ἐν
2831 917 2984 989 μέρει
3027 911 3388 988 μνημονεύων
3445 914 3538 964 τοῦ
3599 908 3837 984 δόγματος

2225 1003 2376 1066 ὅπως
2411 1007 2508 1078 μὲν
2537 1008 2876 1076 συνεζητήθη
2911 1005 3000 1059 καὶ
3048 1005 3168 1058 τίνα
3223 1004 3288 1056 τὰ
3343 1001 3470 1074 παρ’
3525 997 3678 1054 αἱ)τοῦ
3706 997 3838 1072 δοξα-

2227 1095 2430 1168 ζόμενα
2457 1095 2546 1150 καὶ
2575 1097 2785 1173 ἄφασιν
2843 1096 2902 1148 οἱ
2957 1093 3268 1172 ἀπίφρονες
3327 1093 3508 1162 σιωπῇ
3553 1088 3836 1164 παρεδίδου,

2223 1185 2378 1255 οἶμαι
2433 1187 2534 1252 τὴν
2597 1187 2882 1258 ἀντίφασιν
2945 1179 3356 1254 ἐκτρεπόμενος,
3413 1183 3494 1250 τῷ
3529 1175 3586 1233 δὶ
3637 1175 3838 1254 δόγματι

2221 1268 2540 1328 ἐπιϐάλλων
2599 1273 2774 1328 ἐκεῖνα
2827 1277 2994 1328 κινῶν
3053 1269 3419 1344 κατηγόρευεν
3473 1269 3506 1320 ἃ
3559 1265 3668 1322 ob?
3715 1269 3838 1330 ὅλως

2220 1359 2417 1436 ᾔδεσαν
2449 1365 2532 1436 [Ρ.
2563 1365 2692 1438 333]
2725 1360 2842 1418 οὐδ’
2871 1357 3176 1417 ἐϐάλλοντό
3223 1379 3358 1413 ποτε
3403 1355 3539 1412 κατά
3565 1355 3702 1415 νοῦν.
3750 1365 3840 1428 Ζη.

2217 1455 2426 1522 τήσεως
2481 1455 2584 1530 γὰρ
2641 1451 2810 1524 οὔσης
2867 1453 2914 1507 εἰ
2983 1451 3048 1507 τὸ
3111 1443 3660 1524 μεταλαμϐανόμενον
3715 1447 3840 1521 ἅγιον

2221 1547 2380 1615 σῶμα
2411 1547 2650 1618 Χριστοῦ
2681 1541 2952 1622 ἄφθαρτόν
2985 1539 3150 1610 ἐστιν,
3183 1541 3376 1594 ὁποῖον
3409 1536 3540 1609 μετὰ
3584 1537 3642 1590 τὸ
3697 1537 3842 1600 πάθος

2219 1629 2308 1686 καὶ
2365 1633 2466 1700 τήν
2515 1631 2818 1702 ἀνάστασιν,
2864 1629 2976 1686 εἴτε
3019 1632 3132 1703 μὴν
3185 1628 3424 1705 φθαρτὸν
3473 1627 3548 1690 ὡς
3603 1627 3704 1702 πρὸ
3761 1631 3842 1681 τοῖ’)

2218 1723 2446 1790 πάθους,
2505 1723 2556 1776 οἱ
2628 1723 2722 1794 μὶν
2777 1719 2970 1796 ἔλεγον
3029 1719 3324 1792 ἂφθαρτον·
3405 1715 3698 1790 ὁμολογίαν
3751 1717 3838 1790 γάρ

2217 1831 2336 1864 τινα
2384 1809 2473 1865 καὶ
2531 1810 2830 1882 ἀνάμνησιν
2883 1810 3017 1866 εἷναι
3075 1811 3172 1864 τοῦ
3221 1804 3466 1871 τεθνάναι
3506 1813 3562 1861 τι
3591 1805 3674 1860 καὶ
3729 1807 3838 1860 ἀνα-

2219 1895 2413 1954 ϐιῶναι
2447 1899 2520 1954 δι’
2549 1902 2698 1972 ἡμᾶς
2749 1901 2842 1955 τὸν
2905 1901 3106 1974 Κύριον
3145 1899 3246 1967 τὴν
3313 1899 3422 1952 τῶν
3474 1895 3628 1960 θείων
3661 1916 3838 1967 μυστη-

2223 1989 2350 2062 ρίων
2459 1988 2768 2062 μετάληψιν
2839 1989 2972 2043 κατὰ
3045 1987 3139 2044 τὸν
3219 1988 3390 2062 μέγαν
3493 1983 3545 2038 ἐν
3617 1981 3842 2058 θεολογίᾳ

2220 2077 2522 2152 Κύριλλον,
2563 2077 2656 2132 καὶ
2690 2079 2763 2140 ὡς
2825 2079 2856 2132 δ
2895 2076 2953 2132 ἅν
3027 2076 3190 2152 μέρος
3235 2095 3324 2138 τις
3383 2072 3619 2145 δὲξηται,
3665 2074 3840 2128 ὲκεῖνον

2219 2164 2522 2245 εἰσδέχεται
2589 2165 2720 2222 ελον
2757 2167 2850 2222 τὸν
2899 2169 3045 2238 παρὰ
3093 2169 3190 2219 τοῦ
3219 2170 3396 2236 Θωμᾶ
3465 2163 3844 2240 ψηλαφηθέντα,

2220 2255 2312 2310 καὶ
2343 2257 2418 2318 ὡς
2457 2255 2690 2320 ἐσθίεται
2727 2258 2860 2330 μετὰ
2907 2259 3010 2326 τήν
3067 2256 3380 2324 ἀνάστασιν,
3421 2254 3598 2318 καθὼς
3650 2255 3676 2306 ὁ
3725 2271 3845 2326 χρυ-

2226 2351 2358 2408 σοῦς
2385 2347 2484 2414 τήν
2523 2345 2774 2421 γλῶτταν
2815 2345 3068 2416 Ἰωάννης
3127 2346 3260 2421 φησῖ
3321 2346 3462 2420 πρὸς
3515 2349 3628 2406 τοῖς
3679 2343 3847 2414 ἑπομέ-

2217 2453 2358 2498 νοις’
2400 2459 2427 2488 ι
2481 2443 2548 2490 Ὦ
2593 2439 2692 2490 τοῦ
2753 2435 3076 2508 θαύματοςί
3138 2436 3166 2488 ὁ
3215 2433 3268 2488 έν
3329 2432 3478 2506 δεξιᾷ
3531 2437 3628 2488 τοῦ
3673 2431 3850 2504 Πατρὸς

2222 2525 2556 2596 καθήμενος,
2623 2527 2680 2579 ἓν
2737 2531 2856 2587 ταῖς
2915 2525 3101 2599 χερσὶν
3196 2526 3362 2596 ἡμῶν
3425 2522 3714 2596 εὑρίσκεται
3763 2522 3848 2574 τῶν

2223 2611 2598 2688 ἁμαρτωλῶν·
2635 2637 2660 2664 ι)
2701 2615 2792 2668 καὶ
2823 2612 3013 2668 πάλιν·
3063 2637 3092 2665 ‹‹
3159 2614 3434 2682 ’Ήνθησεν
3495 2611 3546 2666 ἐν
3599 2614 3674 2682 τῷ
3699 2610 3846 2681 νόμῳ,

2225 2699 2458 2773 ηὔξησεν
2517 2703 2569 2756 έν
2627 2707 2746 2764 τοῖς
2777 2704 3114 2780 προφήταις,
3147 2701 3428 2776 ὡρίμασεν
3463 2701 3516 2756 έν
3543 2703 3621 2772 τῷ
3647 2701 3846 2772 σταυρῷ,

457 2797 642 2850 totam
675 2807 921 2846 massam
959 2792 1259 2846 fermentat
1307 2795 1363 2845 et
1397 2790 1508 2844 sibi
1541 2789 1795 2845 similem
1825 2794 1880 2845 et
1915 2806 2111 2858 parem

463 2881 672 2950 reddit,
703 2891 760 2936 ut
791 2883 960 2936 divus
1012 2880 1320 2950 Apostolus
1379 2881 1462 2936 ait
1492 2898 1504 2934 :
1540 2879 1618 2935 sic
1659 2880 1988 2935 immortale
2021 2880 2108 2934 fa-

467 2975 629 3027 ctum
687 2971 782 3025 [λυὶ
823 2987 1054 3040 corpus,
1087 2985 1218 3024 cum
1281 2970 1338 3024 in
1365 2979 1558 3025 nostro
1617 2985 1856 3040 corpore
1913 2969 2109 3036 fuerit,

2220 2791 2450 2846 ἐσθίεται
2488 2793 2622 2866 μετά
2653 2794 2753 2862 τήν
2787 2791 3096 2847 ἀνάστασιν·
3130 2815 3158 2844 ιι
3192 2792 3283 2846 καὶ
3343 2792 3486 2866 πρὸς
3536 2791 3740 2850 τούτοις
3787 2787 3846 2846 ὡς

2221 2901 2250 2932 α
2284 2876 2436 2934 οὐδὲν
2473 2877 2658 2954 ἕτερόν
2691 2879 2835 2935 ἐστιν
2863 2881 2898 2950 ἢ
2931 2879 3101 2934 έκεῖνο
3131 2880 3192 2933 τὸ
3245 2883 3412 2951 σῶμα
3443 2881 3474 2933 ὅ
3521 2881 3615 2933 τοῦ
3659 2873 3844 2930 θανάτου

2219 2975 2468 3042 κρεῖττον
2499 2967 2724 3044 ἐδείχθη
2755 2970 2974 3040 καὶτῆς
3033 2974 3181 3039 ζωῆς
3231 2971 3395 3042 ἡμῶν
3455 2965 3842 3043 προκατήρξατο·

467 3066 650 3116 totum
683 3059 736 3114 id
769 3061 826 3113 in
862 3075 920 3113 se
951 3067 1258 3114 commutat
1297 3064 1353 3113 et
1385 3059 1671 3114 transfert.
1698 3081 1726 3108 υ
1777 3058 1866 3112 Ait
1902 3066 1950 3114 et
1985 3075 2108 3113 ma-

2226 3060 2460 3133 καθάπερ
2489 3059 2592 3134 γὰρ
2629 3057 2796 3132 μικρά
2827 3057 2996 3130 ζύμη,
3057 3059 3196 3122 καθά
3253 3079 3420 3134 φησιν
3469 3059 3497 3113 ὁ
3527 3054 3837 3135 Ἀπόστολος,

467 3165 615 3220 gnua
647 3147 964 3220 Eutychius
999 3165 1010 3200 :
1047 3169 1076 3196 «
1097 3147 1300 3202 Totum
1333 3147 1508 3216 igitur
1525 3151 1949 3202 sacrosanctum
1981 3164 2106 3202 cor-

2226 3146 2352 3202 δλον
2381 3148 2445 3204 τὸ
2503 3149 2726 3224 φύραμα
2793 3148 2930 3220 πρὸς
2989 3148 3186 3215 ἑαυτὴν
3245 3146 3501 3218 ἐξομοιοῖ
3553 3146 3641 3201 καὶ
3694 3144 3838 3210 ἰσάζει,

469 3255 578 3309 pus
616 3243 672 3292 et
703 3237 1016 3306 pretiosqu
1048 3237 1392 3306 sanguinem
1421 3237 1650 3292 Domini
1677 3238 1882 3306 accipit
1917 3237 2108 3306 homo,

2226 3239 2369 3294 οὕτω
2425 3239 2512 3294 καὶ
2576 3239 2640 3293 τὸ
2705 3237 3054 3302 ἀθανατισθὶν
3112 3241 3212 3293 τοῦ
3275 3241 3418 3292 Θεοῦ
3481 3242 3639 3305 σῶμα
3712 3232 3756 3288 ἓν
3790 3233 3847 3299 τῷ

472 3326 582 3380 etsi
615 3327 818 3380 horum
871 3337 1085 3394 partem
1107 3323 1355 3395 aliquam
1409 3325 1712 3394 acceperit.
1743 3325 2116 3381 Distribuitur

2226 3323 2479 3402 ἡμετέρῳ
2505 3326 2800 3402 γενόμενον
2850 3328 3066 3400 σώματι
3127 3324 3258 3381 ὅλον
3319 3327 3466 3396 πρὸς
3515 3321 3668 3380 ἑαυτὸ
3723 3340 3852 3396 μετα-

467 3415 622 3472 enim
655 3413 1088 3484 im1.artibi|iter
1119 3413 1270 3469 inter
1301 3430 1506 3470 omnes
1541 3421 1772 3485 prepter
1801 3415 2114 3470 immistio-

469 3520 626 3573 nem,
651 3507 712 3558 ut
736 3519 916 3557 unum
951 3501 1204 3573 sigillum
1240 3519 1444 3559 omnes
1491 3503 1772 3574 imagines
1805 3519 1934 3559 suas
1959 3505 2121 3560 omni

479 3593 725 3650 materiae
789 3591 1088 3660 imprimit,
1149 3597 1206 3645 et
1261 3607 1436 3646 unum
1504 3601 1690 3648 manet
1755 3594 1922 3648 etiam
1997 3603 2118 3664 post

479 3681 1083 3748 communicationem,
1121 3697 1236 3736 non
1261 3681 1658 3751 imminutum,
1681 3699 1797 3737 non
1831 3691 2114 3738 mutatum

475 3773 536 3826 in
564 3773 716 3828 eain
751 3773 958 3840 quibus
991 3785 1328 3839 expressum
1383 3779 1490 3838 est,
1523 3773 1630 3827 etsi
1661 3789 1903 3828 numero
1959 3773 2123 3843 plura

479 3861 716 3916 fuerint.
757 3860 1086 3928 Eodemque
1113 3861 1283 3914 modo
1303 3875 1420 3914 una
1451 3877 1560 3915 vox
1583 3861 1652 3916 ab
1679 3861 1876 3933 aliquo
1901 3861 2124 3932 prolata

479 3956 535 4007 et
567 3951 624 4005 in
651 3967 779 4005 acre
810 3949 1044 4018 diffusa,
1079 3951 1133 4004 in
1169 3965 1236 4004 eo
1269 3949 1366 4020 qui
1403 3967 1526 4006 eam
1581 3952 1819 4020 protulit
1851 3956 1964 4006 tota
1995 3969 2122 4007 ma-

477 4046 594 4104 net,
627 4043 682 4094 et
715 4056 812 4109 per
861 4055 1051 4094 aerem
1085 4043 1201 4094 tota
1233 4041 1303 4093 ad
1326 4055 1492 4095 aures
1551 4041 1860 4109 perfertur,
1893 4042 2125 4097 nemine

475 4129 800 4184 auditorum
861 4128 984 4196 plus
1047 4128 1312 4182 minusve
1385 4129 1734 4198 percipiente
1769 4147 1780 4183 :
1814 4131 1914 4186 sed
1969 4130 2124 4186 084

481 4221 599 4272 tota
637 4224 718 4272 est
765 4215 1160 4282 indivisibilis,
1191 4221 1247 4272 et
1303 4217 1526 4289 integra
1575 4220 1724 4289 apud
1764 4235 1986 4290 omnes,
2017 4219 2124 4274 etsi

487 4307 684 4361 decem
718 4303 962 4358 millium
1013 4320 1323 4360 numerum
1361 4312 1658 4377 superent,
1685 4309 1950 4378 quamvis
2000 4309 2125 4379 ipsa

479 4409 686 4464 corpus
737 4394 832 4448 sit.
899 4395 1092 4467 Neque
1121 4397 1277 4450 enim
1329 4397 1486 4450 aliud
1543 4405 1628 4452 est
1679 4413 1780 4452 vox
1829 4413 1996 4467 quam
2031 4413 2126 4453 aer

479 4482 645 4539 ictus.
708 4483 887 4538 Nemo
949 4484 1123 4555 igitur
1178 4485 1452 4555 ambigat,
1488 4485 1622 4554 quin
1687 4486 2126 4556 incorruptibile

2224 3423 2372 3473 ποιεῖ
2399 3419 2487 3472 καὶ
2527 3415 2931 3490 μετατίθησιν.»
2957 3415 3184 3471 Κᾶκεῖνα
3219 3413 3275 3470 δὲ
3303 3419 3421 3472 τῶν
3445 3419 3542 3471 τοῦ
3570 3414 3850 3486 λαμπτῆρος

2222 3513 2326 3575 τῆς
2367 3504 2697 3576 Ἐκχλησίας
2728 3503 3006 3580 Εὖτυχίου
3037 3504 3402 3578 προυτίθεσαν
3435 3502 3632 3578 ἕτεροι·
3663 3525 3688 3553 ‹‹
3715 3496 3850 3556 Ὀλον

2227 3596 2324 3650 οὗν
2355 3595 2417 3650 τὸ
2451 3595 2588 3649 ἅπαν
2645 3591 2795 3668 ἅγιον
2849 3598 3010 3666 σῶμα
3048 3595 3136 3648 καὶ
3173 3593 3236 3648 τὸ
3265 3592 3458 3665 τίμιον
3488 3593 3628 3665 αἷμα
3654 3593 3738 3646 τοῦ
3765 3591 3853 3644 Κυ-

2229 3685 2348 3760 ρίου
2380 3681 2624 3758 δέχεται,
2657 3683 2754 3738 κᾶν
2787 3683 2834 3738 εἰ
2869 3683 3033 3758 μέρος
3063 3703 3150 3744 τις
3197 3682 3414 3738 τούτων
3457 3681 3685 3753 δέξηται.
3715 3675 3853 3750 Μερί-

2231 3779 2376 3843 ζεται
2400 3773 2504 3850 γὰρ
2535 3773 2844 3846 ἀμερίστως
2869 3771 2926 3828 ἓν
2960 3774 3125 3828 ἅπασι
3181 3769 3271 3826 διὰ
3299 3772 3404 3840 τήν
3439 3770 3678 3846 ἕμμιξιν,
3705 3763 3854 3824 καθὼς

2226 3865 2318 3920 καὶ
2359 3865 2590 3941 σφραγὶς
2661 3863 2757 3936 μία
2806 3865 2981 3919 πάντα
3029 3865 3094 3918 τὰ
3164 3862 3538 3936 ἐκτυπώματα
3579 3862 3733 3928 αὐτῆς
3780 3857 3850 3911 καὶ

2232 3955 2578 4033 μορφώματα
2633 3959 2750 4015 τοῖς
2815 3947 3328 4026 μεταλαμϐάνουσιν
3395 3948 3733 4026 μεταδίδωσι,
3780 3943 3851 4000 καὶ

2232 4046 2330 4118 μία
2361 4044 2508 4117 μένει
2539 4044 2629 4097 καὶ
2666 4044 2805 4115 μετά
2861 4044 2962 4111 τὴν
3007 4039 3323 4116 μετάδοσιν,
3387 4041 3486 4096 οὐγ
3529 4037 3850 4109 έλαττουμὲνη

2229 4129 2354 4188 οὐδὲ
2403 4129 2782 4204 ἀλλοιουμένη
2851 4131 2988 4204 πρὸς
3039 4131 3105 4185 τά
3168 4129 3500 4209 μετέχοντα,
3559 4129 3652 4185 κᾶν
3717 4127 3853 4197 ᾖτῷ

2229 4221 2448 4295 ἀριθμῷ
2504 4219 2758 4276 πλείονα-
2817 4217 2855 4290 ἥ
2925 4219 3014 4274 καὶ
3073 4219 3148 4284 ὡς
3206 4219 3306 4294 μία
3363 4221 3527 4293 φωνὴ
3592 4219 3687 4274 ὑπό
3735 4230 3853 4268 τινος

2229 4315 2570 4388 προαχθεῖσα
2599 4308 2689 4364 καὶ
2751 4308 2832 4370 εἷς
2890 4307 3018 4384 ὰὲρα
3075 4311 3304 4384 χυθεῖσα
3332 4310 3420 4364 καὶ
3485 4309 3536 4364 ἐν
3567 4312 3640 4379 τῷ
3689 4301 3849 4369 ταύτην

2229 4400 2522 4474 προεμένῳ
2575 4403 2720 4452 πᾶσα
2788 4399 2934 4471 μένει
2989 4396 3080 4452 καὶ
3149 4397 3204 4452 έν
3277 4401 3357 4470 τῷ
3425 4397 3549 4473 ἀέρι
3629 4391 3845 4470 γενομένη

2229 4494 2374 4544 πᾶσα
2457 4492 2576 4550 ταῖς
2679 4487 2868 4548 ἀκοαῖς
2969 4487 3182 4541 πάντων
3284 4485 3604 4558 έναπετέθη,
3674 4477 3844 4537 οὐδενὸς

483 4581 610 4644 post
643 4574 948 4646 mysticum
982 4573 1330 4628 sacriﬁcium
1363 4579 1420 4629 et
1453 4581 1707 4630 sanctam
1738 4583 1790 4630 et
1819 4573 2116 4630 immorta-

2230 4576 2422 4634 πλεῖον
2453 4576 2488 4646 ἢ
2521 4571 2748 4632 ἔλαττον
2803 4579 2901 4630 τοῦ
2959 4576 3144 4650 ἑτέρου
3199 4578 3311 4630 τῶν
3344 4575 3680 4631 ἀκουσάντων
3709 4563 3840 4624 εἰσδε-

482 4663 594 4718 lem
629 4664 1133 4728 resurrectionem,
1169 4671 1430 4718 sanctum
1467 4667 1522 4716 et
1555 4663 1844 4718 viviﬁcum
1891 4680 2126 4734 corpus,

483 4753 722 4824 sanguis
749 4754 970 4808 Domini
1002 4769 1100 4822 per
1119 4753 1408 4809 sacrificia
1429 4753 1484 4807 in
1520 4769 1611 4808 res
1642 4753 1859 4808 solidas
1887 4753 2127 4824 imposi-

481 4843 598 4908 tus,
633 4843 822 4896 minus
845 4859 1020 4912 quam
1051 4851 1506 4898 commemorata
1529 4841 1794 4910 exempla
1825 4859 1962 4898 suas
1985 4843 2128 4899 vires

487 4930 759 4984 minuens
781 4930 1134 4996 exi-rimatur
1165 4937 1222 4986 et
1247 4941 1396 4988 totus
1447 4929 1508 4985 in
1554 4931 1690 4985 totis
1721 4930 2060 4986 inveniatur.
2097 4953 2125 4981 ››

483 5016 584 5072 His
616 5033 747 5084 ergo
779 5019 900 5074 hare
949 5022 1374 5090 proferentibus
1409 5026 1466 5076 et
1512 5021 1621 5076 alia
1668 5021 1916 5092 plurima
1965 5023 2128 5078 testi-

484 5105 682 5160 monia
733 5109 990 5162 Ecclesiae
1043 5110 1382 5178 citantibus,
1417 5111 1651 5178 alteros,
1681 5110 1738 5164 id
1791 5111 2124 5182 mysterium

485 5213 600 5252 non
655 5199 1075 5253 confessionem
1137 5201 1595 5264 resurrectionis,
1623 5201 1727 5256 sed
1771 5203 2122 5259 sacrificium

487 5287 762 5341 duntaxat
797 5303 940 5351 esse,
975 5299 1027 5342 et
1055 5289 1291 5356 proinde
1321 5289 1690 5361 corruptibile
1736 5295 1794 5346 et
1835 5309 2038 5349 amens
2069 5298 2125 5350 et

483 5375 737 5429 inaminc
771 5393 784 5442 ;
818 5376 886 5428 ad
913 5377 1058 5446 quod
1090 5377 1186 5446 qui
1207 5377 1456 5446 accedat,
1487 5395 1598 5433 non
1625 5383 1802 5435 totum
1825 5381 2120 5438 Christum

480 5463 756 5534 percipiat
817 5465 912 5518 sed
973 5473 1212 5532 partem,
1267 5469 1328 5520 ut
1379 5467 1480 5536 qui
1539 5475 1756 5537 partem
1821 5471 2118 5540 percipiat.

480 5553 625 5608 Nam
659 5554 729 5618 si,
765 5553 1057 5621 inquiunt,
1083 5553 1522 5625 incorruptibile
1543 5561 1719 5625 esset,
1751 5559 1928 5616 etiam
1958 5576 2119 5616 men-

479 5642 556 5698 tis
576 5649 724 5700 esset
749 5641 1032 5714 particeps
1075 5649 1129 5700 et
1149 5642 1466 5700 animatum
1495 5648 1554 5702 et
1598 5647 1855 5704 intactile
1883 5653 1941 5705 et
1991 5650 2118 5707 ina-

2237 4668 2503 4742 χομένου,
2536 4664 2684 4721 ἀλλά
2722 4663 2826 4736 ὅλη
2885 4663 3028 4720 ἐστὶν
3077 4661 3378 4737 ἀδιαίρετος
3435 4665 3530 4720 καὶ
3583 4660 3835 4726 ὁλόκληρος

2235 4757 2382 4831 παρὰ
2427 4761 2581 4824 πᾶσι,
2638 4753 2734 4810 κάν
2787 4753 2974 4828 μύριοι
3013 4753 3106 4810 τὸν
3145 4753 3372 4827 ἀριθμὸν
3428 4753 3468 4822 ἢ
3499 4751 3712 4810 πλείους
3733 4745 3824 4831 ὦῖιν

2237 4847 2288 4901 οἱ
2384 4845 2732 4916 ἀκούσαντες,
2781 4843 2966 4900 καίτοι
3071 4847 3230 4916 σῶμα
3330 4843 3671 4920 ὑπάρχουσα·
3723 4829 3832 4892 οὗόὶν

2234 4933 2336 5008 γὰρ
2388 4929 2571 5006 ἓτιερόν
2631 4930 2744 4987 ἔστι
2801 4934 2836 5002 ἢ
2893 4929 3290 5008 πεπληγμένος
3343 4917 3722 5003 ἀήρ.”Μηδεὶς
3769 4917 3840 4974 οὖν

2235 5017 2574 5099 ἀμφιϐολίαν
2607 5017 2806 5096 ὲχὲτω,
2871 5020 2934 5074 τὸ
2991 5019 3261 5098 ἄφθαρτον
3311 5020 3444 5092 μετὰ
3473 5021 3575 5089 τήν
3629 5009 3846 5092 μυστικὴν

2233 5109 2546 5186 ἱερουργίαν
2607 5109 2698 5165 καὶ
2755 5109 2856 5177 τὴν
2916 5108 3072 5183 ἁγίαν
3133 5108 3420 5164 ἀνάστασιν
3490 5108 3578 5164 καὶ
3634 5103 3849 5168 ἀθάνατον

2234 5199 2326 5254 καὶ
2387 5199 2539 5271 ἅγιον
2612 5197 2702 5253 καὶ
2779 5197 3048 5266 ζωοποιὸν
3127 5199 3267 5269 αἷμα
3341 5197 3437 5252 τοῦ
3511 5195 3705 5272 Κυρίου
3760 5189 3851 5242 τοῖς

2233 5287 2553 5349 ἀντιτύποις
2580 5285 2918 5358 ἐντιθέμενον
2976 5282 3066 5340 διὰ
3130 5289 3236 5340 τῶν
3295 5286 3616 5363 ἱερουργιῶν
3662 5278 3847 5337 ἔλαττον

2230 5381 2340 5432 τῶν
2413 5377 2828 5451 προειρημένων
2931 5371 3390 5450 παραδειγμάτων
3495 5376 3589 5437 τὰς
3685 5364 3850 5425 οἰκείας

2229 5468 2734 5541 ἐναπομόργνυσθαι
2812 5461 3102 5537 δυνάμεις,
3179 5463 3303 5519 ἀλλ’
3381 5463 3509 5520 ὅλον
3580 5463 3632 5517 ἐν
3723 5454 3850 5512 ὅλοις

2229 5557 2657 5633 εὑρίσκεσθαι.»
2723 5558 2845 5614 Τῶν
2909 5555 3004 5630 μὲν
3067 5555 3159 5610 οὗν
3217 5558 3386 5610 ταῦτα
3457 5550 3849 5628 προτεινομένων

2227 5649 2321 5704 καὶ
2399 5647 2702 5725 μαρτυρίας
2775 5642 2951 5709 ἄλλας
3047 5643 3308 5708 πλείστας
3381 5650 3482 5717 τῆς
3557 5637 3849 5713 Ἐκκλησία(
