4098 6292
302 380 419 440 897

293 510 720 586 παραγαγόντων
761 553 774 579 ,
877 515 988 566 τῶν
1063 507 1108 566 δ’
1185 510 1244 566 ἐκ
1316 521 1415 582 τῆς
1494 513 1676 587 ἐτέρας

301 600 612 678 φασκόντων
685 599 762 671 μή
821 599 912 654 καὶ
994 599 1330 663 ἀναστάσεως
1415 601 1741 677 ὁμολογίαν,
1800 597 1946 654 ἀλλά

296 691 482 745 θυσίαν
520 691 692 763 μόνην
741 690 803 744 τὸ
863 687 1189 763 τελούμενον
1244 693 1398 764 εἶναι,
1430 694 1519 747 καὶ
1553 691 1785 770 φθαρτὸν
1821 691 1945 744 ἀκο-

292 778 510 841 λούθως
542 779 634 832 καὶ
686 776 846 834 ἄνουν
878 780 964 833 καὶ
1024 779 1259 857 ἄψυχον,
1313 779 1454 854 μηδὲ
1504 781 1596 835 τὸν
1651 785 1720 854 τῇ
1776 799 1946 853 μετα-

293 868 466 943 λήψει
500 869 802 940 προσιόντα
837 871 922 942 [Ρ.
957 871 1081 942 334]
1113 871 1242 926 ὅλον
1277 867 1528 946 δέχεσθαι
1559 872 1650 926 τὸν
1691 870 1949 944 Χριστὸν,

288 956 438 1013 ἀλλὰ
471 958 640 1032 μέρος
672 957 746 1018 ὡς
785 959 873 1012 καὶ
915 956 1112 1032 μέρους
1156 955 1665 1033 μεταλαμϐάνοντα.
1726 958 1794 1015 Εἴ
1848 958 1950 1032 γὰρ

283 1047 378 1117 ἦν,
403 1046 589 1124 φησὶν,
622 1046 897 1124 ἄφθαρτον
927 1049 1016 1101 καὶ
1049 1041 1228 1102 ἔννουν
1259 1047 1348 1102 καὶ
1400 1043 1673 1123 ἔμψυχον,
1741 1049 1806 1116 ἦν
1860 1047 1947 1100 καὶ

286 1138 480 1214 ἀναφὲς
528 1137 616 1190 καὶ
699 1135 940 1206 ἀθέατον,
1029 1134 1160 1210 μηδ’
1235 1134 1420 1192 ὀδοῦσι
1487 1138 1803 1212 κειρόμενον
1862 1135 1951 1190 καὶ

283 1224 659 1298 ἀληθόμενον,
692 1222 807 1281 οὐδ’
868 1225 920 1280 ἐν
985 1229 1066 1298 τῷ
1121 1228 1354 1300 τμᾶσθαι
1426 1225 1697 1299 μηδαμῶς
1753 1224 1954 1300 δυσχε-

287 1322 478 1391 ραῖνον
528 1317 616 1370 καὶ
649 1313 1020 1389 ὀδυνώμενον,
1081 1314 1197 1371 ἐπεὶ
1250 1318 1339 1373 καὶ
1397 1318 1470 1380 ὡς
1520 1317 1566 1372 εί
1624 1322 1731 1372 τῶν
1763 1316 1954 1388 σωμά-

281 1426 393 1460 των
449 1404 674 1476 ἠθέτουν
735 1405 837 1474 τὴν
927 1401 1156 1481 ἔγερσιν,
1214 1400 1444 1484 ἔφασκον
1523 1402 1734 1480 (εἰδεῖεν
1789 1403 1835 1458 δ’
1896 1401 1955 1460 ἄν

283 1496 462 1568 ὅπως)
522 1492 719 1549 ἐκεῖνοι
792 1493 1026 1559 ἐσεῖσθαι
1116 1497 1265 1568 ἡμᾶς
1319 1497 1451 1569 μετά
1506 1495 1605 1563 τὴν
1664 1494 1952 1549 ἀνάστασιν

289 1583 406 1662 ἀφῇ
445 1604 504 1638 τε
551 1585 640 1638 καὶ
672 1584 859 1658 ὁράσει
904 1583 994 1638 καὶ
1034 1586 1287 1659 σχήματι
1318 1584 1642 1660 ἀνθρωπείῳ
1677 1580 1955 1656 μηδαμῶς

291 1674 732 1744 ὑποπίπτοντας,
794 1674 942 1731 ἀλλά
997 1677 1134 1731 κατά
1223 1676 1318 1739 τὰς
1407 1677 1732 1748 ἀσωμάτους
1803 1676 1956 1737 σκιὰς

292 1764 604 1833 ἀίσσοντας,
665 1766 756 1820 καὶ
813 1763 902 1821 διὰ
948 1770 1056 1821 τῶν
1116 1765 1518 1839 κεκλεισμένων
1573 1768 1749 1840 θυρῶν
1821 1766 1958 1820 εἰσέ-

1153 381 1254 442 DE
1296 383 1579 446 ALEXIO
1622 378 1904 444 lSAAClI
1947 377 2233 441 ANGELI
2281 379 2404 440 ΡΒ.
2453 379 2601 474 LIB.
2648 379 2756 441 III.

1756 511 1947 586 μοίρας

2069 513 2408 579 εμεοιαινὶιο,
2438 529 2627 584 neque
2659 513 2931 569 dentibus
2982 514 3341 571 scinderetur
3371 521 3426 570 ct
3485 519 3731 577 molere-
3774 569 3775 576 η

3602 387 3721 449 898

2059 609 2173 668 tur,
2208 609 2263 658 et
2289 604 2343 658 in
2372 605 2702 659 scindendo
2734 603 2950 658 nullam
2993 607 3232 660 (mnino
3275 608 3600 666 molestiam
3634 618 3733 668 aut

2059 689 2316 745 dolorem
2351 692 2640 758 sentiret;
2677 692 3012 763 praesertim
3050 709 3180 746 eam
3223 695 3521 752 sacriﬁcus
3541 699 3726 755 dicat:

2061 801 2090 828 ‹‹
2123 780 2245 844 Qui
2271 779 2520 835 comedit
2555 797 2663 848 me,
2699 782 2869 835 vivet.
2895 781 3395 844 Quemadmodum
3446 787 3608 844 misit
3638 804 3728 844 me

2074 871 2268 939 Pater,
2303 877 2360 926 et
2395 888 2497 941 ego
2547 873 2672 927 vivo
2714 879 2947 943 propter
3015 871 3324 926 Patrem.»
3377 877 3548 940 Quasi
3595 895 3725 934 cum

2064 959 2217 1015 malo
2251 960 2446 1015 animo
2487 968 2544 1017 et
2600 960 2895 1018 voluntate
2942 969 3159 1018 tantam
3221 963 3608 1034 ignorantiam
3669 972 3726 1023 et

2063 1049 2214 1105 685
2272 1051 2600 1105 vecordiam
2668 1067 2728 1104 se
2789 1056 3162 1122 conjunxisse
3203 1058 3532 1110 faterentur.
3583 1055 3727 1110 Nam

2072 1137 2360 1206 baptisma
2400 1155 2500 1207 pro
2533 1139 2911 1196 similitudine
2943 1142 3142 1198 mortis
3173 1143 3385 1198 Christi
3430 1144 3728 1213 sepultura

2083 1233 2167 1280 est
2205 1229 2262 1280 et
2319 1227 2579 1281 emersio.
2620 1249 2646 1277 «
2706 1230 3052 1302 Quicunque
3103 1234 3253 1288 enim
3316 1233 3370 1286 in
3410 1231 3725 1303 Christum

2067 1315 2345 1385 baptizsti
2373 1331 2601 1382 sumus,
2629 1316 2924 1373 Christum
2965 1322 3286 1389 induimus,
3323 1323 3457 1376 etin
3480 1329 3725 1377 mortem

2065 1405 2192 1474 ejus
2226 1405 2493 1475 baptizgtti
2528 1421 2759 1473 sumus,
2802 1430 2830 1458 »
2862 1417 2913 1464 et
2942 1411 3268 1466 divinorum
3298 1411 3723 1482 mysteriorum

2065 1494 2318 1548 efﬁcacia
2349 1510 2452 1565 per
2480 1496 2569 1550 Dei
2622 1496 3021 1554 adorationem
3087 1505 3142 1554 et
3199 1483 3617 1554 invocationem
3671 1503 3728 1555 ct

2067 1583 2264 1654 gratia:
2308 1583 2558 1639 ccclesiis
2611 1586 2948 1641 descensum
3013 1589 3337 1658 perﬁcitur.
3399 1589 3535 1652 Quas
3585 1592 3641 1641 et
3671 1588 3726 1642 id

2068 1688 2249 1738 genus
2266 1671 2372 1727 alia
2401 1673 2801 1744 improborum
2832 1677 3067 1732 hominu
3091 1695 3142 1732 m
3178 1678 3354 1734 verba
3387 1678 3648 1748 utimpia
3669 1682 3726 1732 et

2069 1760 2300 1816 inutilia
2333 1762 2828 1831 prmtcrmisimus.
2862 1765 3004 1821 Nam
3031 1767 3381 1832 quasietiam
3415 1782 3721 1836 corporum

280 1855 466 1912 λευσιν
527 1860 623 1911 τοῦ
691 1857 900 1930 Κυρίου
967 1857 1043 1929 μὴ
1121 1860 1303 1929 θαῦμα
1363 1854 1740 1931 ἰσχυρίζοντες
1802 1854 1956 1928 εἶναι,

2072 1850 2564 1905 resuscitationem
2590 1851 3042 1925 improbarent,d
3056 1856 3320 1910 icebant:
3359 1856 3475 1924 Ipsi
3505 1871 3611 1924 qua
3625 1872 3717 1909 ra-

278 1944 427 1999 ἀλλά
480 1966 532 1999 τι
591 1946 866 2022 προσφυὲς
923 1944 1016 1999 καὶ
1101 1945 1446 2022 ἐφάρμοστον
1512 1949 1628 2006 τοῖς
1681 1941 1967 2016 ἀνισταμέ-

281 2053 400 2095 νοις
431 2033 490 2088 ἐκ
528 2039 638 2089 τῶν
695 2039 920 2109 νεκρῶν.
980 2036 1258 2090 Τοιοῦτον
1345 2035 1439 2107 μὲν
1516 2032 1569 2088 ἐν
1641 2039 1755 2094 τοῖς
1829 2053 1962 2108 γρα-

280 2127 458 2196 φεῖσιν
493 2122 591 2178 οὐκ
639 2123 779 2179 ἔστιν
818 2123 964 2185 ὅλως
1024 2123 1198 2197 εὑρεῖν
1260 2119 1439 2193 οὗδὶν,
1496 2119 1844 2196 καταδρομήν
1905 2118 1961 2176 δέ

287 2234 412 2268 τινα
440 2211 633 2280 ἀναιδῆ
678 2213 768 2269 καὶ
826 2213 1161 2288 ἀμάρτυρον,
1239 2215 1313 2276 ὡς
1391 2215 1483 2268 οἶα
1560 2211 1830 2289 λεγόντων
1907 2211 1955 2280 ἐξ

292 2301 466 2371 αὐτῆς
501 2302 741 2366 ἐνώσεως
795 2303 882 2357 καὶ
942 2301 1231 2363 κοινωνίας
1292 2301 1654 2378 ἀφθαρτίσθαι
1712 2301 1801 2354 τὸν
1860 2320 1958 2353 κυ-

290 2392 481 2463 ριακὸν
511 2388 794 2467 ἄνθρωπον
828 2391 917 2446 καὶ
949 2388 1288 2458 ἀναλυθῆναι
1319 2388 1392 2451 εἴς
1431 2390 1681 2460 θεότητα,
1713 2389 1803 2442 καὶ
1863 2384 1952 2442 διὰ

293 2486 462 2537 τοῦτο
495 2485 816 2556 φρονοῦντες
845 2480 936 2535 καὶ
966 2482 1029 2535 τὸ
1078 2473 1634 2554 μεταλαμϐανόμενον
1675 2477 1946 2555 ἄφθαρτον

2076 1939 2231 1994 tione
2254 1939 2512 1994 nitantur
2543 1941 2786 1996 Viderint
2815 1946 3107 2013 quomodo
3151 1961 3254 1999 nos
3282 1950 3409 2015 post
3467 1958 3718 1998 resurre-

2071 2032 2316 2088 ctionem
2335 2032 2491 2088 nullo
2511 2035 2682 2088 modo
2701 2035 2807 2089 sub
2829 2043 3064 2105 luctum,
3091 2044 3383 2106 aspectum
3405 2041 3458 2092 et
3474 2038 3717 2106 ﬁguram

2071 2121 2382 2176 humanam
2419 2138 2651 2178 casuros
2701 2124 3015 2193 afﬁrmant,
3071 2126 3173 2180 sed
3232 2131 3299 2180 ut
3354 2126 3720 2196 incorporeas

2069 2211 2305 2266 umbras
2339 2210 2644 2279 volaturos,
2678 2220 2730 2267 et
2762 2214 2971 2269 Christi
3012 2231 3111 2286 per
3158 2215 3419 2270 clausam
3475 2216 3718 2285 januam

2067 2299 2384 2370 ingressum
2420 2316 2534 2356 non
2571 2301 2941 2368 miraculum,
2985 2304 3078 2358 sed
3132 2302 3353 2374 aliquid
3401 2307 3712 2372 cognatum

2065 2392 2121 2444 et
2146 2392 2343 2458 aptum
2377 2390 2806 2459 resurgentibus
2838 2409 2905 2445 ex
2967 2393 3212 2446 mortuis
3251 2408 3376 2447 esse
3432 2396 3711 2448 asserant.

2063 2479 2141 2533 Ae
2178 2477 2292 2532 tale
2323 2477 2464 2532 nihil
2502 2495 2735 2550 prorsus
2769 2479 2825 2533 in
2861 2481 3090 2551 scriptis
3120 2482 3426 2552 reperitur,
3449 2482 3549 2536 sed
3583 2497 3714 2536 exa-

281 2572 490 2645 gitatio
522 2573 833 2644 impudens
863 2576 918 2627 et
950 2570 1126 2627 nullis
1152 2570 1310 2626 nixta
1331 2570 1558 2638 titibus,
1583 2570 1749 2641 quasi
1782 2569 2124 2623 dicerentex
2147 2567 2562 2638 ipssunioneel
2583 2570 2993 2624 communione
3017 2571 3375 2625 Dominicum
3402 2571 3699 2625 hominem

278 2660 791 2733 incorruptibilem
821 2677 948 2716 esse
981 2661 1217 2726 factum,
1251 2667 1666 2731 proptereaque
1696 2656 1982 2713 sentirent
2009 2656 2066 2710 id
2100 2655 2272 2709 etiam
2306 2657 2458 2725 quod
2497 2657 2884 2726 perciperetur
2915 2673 3039 2713 esse
3080 2658 3538 2727 incorruptibilc.

352 2744 421 2804 δ’.
463 2750 534 2804 "0
580 2768 641 2823 γε
701 2749 810 2820 μὴν
877 2744 1132 2822 βασιλεὺς
1163 2749 1251 2820 ξτῇ
1318 2745 1581 2820 κρείττονι
1622 2743 1935 2818 προστεθεὶς

286 2833 422 2908 δόξῃ
478 2835 864 2911 παραγέγονεν,
925 2835 1000 2898 ὡς
1059 2831 1216 2914 ἔφην,
1275 2833 1327 2896 ἐς
1382 2835 1448 2888 τὰ
1506 2832 1784 2908 Κύψελλα,
1847 2832 1937 2886 καὶ

283 2926 351 2978 τὸ
402 2925 776 3000 συναθροισθὲν
830 2924 1002 2980 ἐκεῖσε
1057 2922 1414 3000 παρειληφὼς
1448 2920 1753 2999 στράτευμα
1785 2921 1936 2976 ἄνει-

293 3033 378 3067 σιν
438 3013 508 3075 εἷς
565 3011 904 3090 Ὀρεστιάδαο
966 3010 1090 3068 ἔνθα
1147 3013 1237 3068 καὶ
1295 3011 1523 3073 πλείους
1574 3011 1785 3086 ἡμέρας
1854 3010 1934 3065 ἐν-

287 3099 578 3177 διατρίψας
629 3104 910 3178 ἀμηχανίᾳ
968 3101 1320 3172 συνείληπτο,
1396 3102 1488 3156 τὸν
1555 3104 1648 3175 μὲν
1704 3099 1938 3156 ἀποστά-

279 3213 385 3261 την
419 3192 559 3267 ὁρῶν
606 3191 1062 3268 δυσμαχώτατον,
1131 3192 1193 3247 τὸ
1262 3188 1318 3246 δὲ
1369 3192 1522 3245 συνὸν
1574 3190 1718 3263 αὐτῷ
1778 3187 1941 3264 στρά-

275 3302 455 3354 τευμα
511 3281 802 3345 ἀντιθέτως
857 3281 986 3357 ἕχον
1061 3284 1147 3337 καὶ
1210 3280 1345 3357 πρὸς
1401 3281 1570 3354 μόνην
1650 3279 1940 3349 έκθνῆσκον

276 3372 386 3439 τὴν
425 3375 534 3426 τῶν
591 3370 874 3444 πολεμίων
928 3370 1212 3448 ἐνηχησιν.
1261 3375 1387 3432 Τοῖς
1444 3368 1500 3424 δὲ
1555 3367 1793 3429 πολλοῖς
1851 3368 1941 3422 καὶ

279 3456 461 3533 ὄνομα
492 3460 897 3535 χλευαζόμενον
927 3463 962 3530 ἠ
993 3459 1269 3533 βασίλειος
1313 3459 1512 3514 ἐκεῖθεν
1573 3456 1939 3533 ἀνελογίζετο.

277 3546 488 3626 ἄφιξις,
537 3548 627 3604 καὶ
663 3546 830 3621 μηδὲν
864 3572 914 3605 τι
979 3547 1252 3623 μηδαμῶς
1314 3549 1553 3623 χρηστὸν
1623 3549 1939 3622 κατορθοῦν,

268 3639 368 3694 καὶ
428 3639 517 3694 τὸν
588 3634 868 3712 Βάρϐαρον
935 3637 1148 3713 μᾶλλον
1226 3637 1278 3692 ἐν
1345 3643 1424 3708 τῷ
1513 3636 1939 3700 ὑποστέλλεσθαι

269 3726 731 3802 προσεπαίρεσθαι
780 3727 858 3790 εἰς
919 3729 1244 3802 θρασύτητα.
1318 3729 1378 3784 Ὀ
1410 3723 1467 3782 δὲ
1515 3727 1577 3780 τὸ
1608 3730 1715 3781 τῶν
1758 3745 1937 3799 πραγ-

278 3816 467 3888 μάτων
520 3812 704 3889 ἅγριον
764 3815 854 3869 καὶ
889 3811 1270 3889 δυσπρόσιτον,
1315 3816 1388 3876 ὡς
1456 3815 1482 3868 ὁ
1515 3813 1701 3889 καιρὸς
1736 3808 1937 3873 ἐδίδου,

275 3903 709 3979 περιποππύζων
770 3903 861 3958 καὶ
904 3901 1191 3959 διασαίνων
1246 3908 1500 3964 παντοῖος
1557 3901 1781 3976 ἐγίνετο,
1847 3921 1915 3954 κα

273 3995 408 4054 τοὺς
467 3991 613 4066 αὐτῷ
684 3992 1054 4055 οῗκειοτάτους
1116 3987 1510 4070 βιϐλιοφόρους
1541 3985 1751 4064 ἔπεμπε
1798 3990 1935 4064 πρὸς

282 4081 555 4154 Ἀλέξιον,
613 4081 664 4144 ἐς
766 4077 1061 4156 συμϐάσεις
1163 4081 1322 4136 αὑτὸν
1426 4078 1938 4152 προσκαλούμενος.

276 4175 438 4228 ’Ἐστι
473 4169 519 4226 δ’
577 4171 685 4242 ὅπη
736 4172 827 4226 καὶ
895 4169 1226 4248 δολοφονίας
1279 4168 1577 4247 ἐφρόντιζε,
1640 4165 1781 4242 μηδὲ
1843 4171 1939 4221 τοῦ

280 4261 532 4335 πολέμου
563 4263 870 4316 παντάπασι
932 4261 1346 4334 μεθιστάμενος.
1406 4263 1497 4330 Τῷ
1552 4279 1636 4312 τοι
1693 4258 1780 4311 καὶ
1837 4258 1937 4326 τὴν

276 4353 534 4426 στρατιὰν
609 4345 893 4406 ἀναλαϐὼν
943 4350 1035 4405 καὶ
1126 4351 1226 4416 τὴν
1331 4346 1617 4404 Φιλίππου
1669 4345 1936 4420 ἐπαρχίαν

271 4436 598 4496 καταλαϐὼν
649 4441 774 4514 περὶ
851 4440 914 4495 τὸ
970 4441 1228 4515 φρούριον
1304 4434 1786 4512 στρατοπεδεύεται
1845 4436 1934 4490 τὸν

2122 2743 2488 2798 4.(1εεῐθιτυπι
2548 2744 2864 2814 imperator
2929 2745 3155 2801 meliori
3203 2762 3478 2800 assensus
3522 2747 3694 2816 parti,

2050 2831 2330 2904 Cypselis,
2391 2837 2454 2886 ut
2502 2833 2640 2902 dixi,
2725 2835 3039 2904 profectus,
3106 2839 3159 2889 et
3226 2839 3576 2905 congregato
3623 2835 3709 2889 ibi

2050 2923 2299 2976 exercitu
2333 2935 2652 2993 assumpto,
2691 2922 3054 2978 Orestiadcm
3112 2923 3450 2978 contendit:
3501 2923 3700 2994 ibique

2050 3009 2378 3078 complures
2406 3009 2530 3064 dies
2554 3015 2949 3066 commoratus
2978 3011 3145 3082 inops
3169 3011 3400 3067 consilii
3427 3011 3703 3066 erat.Non

2052 3099 2407 3154 desertorem
2442 3104 2788 3170 oppugnati:
2826 3100 3239 3155 difﬁcillimum
3282 3117 3406 3156 esse
3437 3119 3451 3166 ;
3479 3101 3702 3156 exerci-

2057 3149 2407 3154 w-_-_--_____
2457 3149 2788 3170 τρηηη
3284 3149 3404 3156 μ--
3438 3149 3451 3166 ,
3483 3149 3666 3156 νη---

1972 3149 2014 3215 C
2053 3193 2176 3242 tum
2211 3205 2383 3242 suum
2423 3189 2627 3242 timore
2669 3189 2991 3257 perculsum
3021 3191 3216 3245 audita
3241 3191 3519 3245 duntaxat
3562 3205 3702 3246 voce

2047 3277 2300 3332 hostium
2327 3277 2528 3346 emori,
2561 3277 2932 3348 imperatoris
2966 3279 3287 3334 adventum
3347 3279 3518 3351 vulgo
3558 3279 3700 3335 ridi-

2046 3365 2242 3420 culum
2273 3365 2489 3433 haberi,
2525 3383 2729 3422 nomen
2764 3367 3038 3422 siueullis
3069 3369 3456 3433 successibus,
3488 3373 3545 3424 ct
3563 3369 3700 3424 Bar-

2054 3453 2353 3510 bari686
2387 3456 2689 3510 audaciam
2727 3462 2877 3512 retro
2917 3458 3174 3512 cedendo
3206 3459 3388 3526 magis
3448 3458 3700 3514 invales-

2046 3559 2174 3598 cere
2208 3544 2457 3600 videbat.
2481 3545 2695 3600 Tamen
2725 3549 3054 3616 temporum
3087 3546 3458 3602 difficultates
3489 3551 3700 3601 utcun-

2054 3649 2163 3703 que
2198 3632 2488 3699 leniendo,
2512 3633 2776 3688 Alexium
2811 3651 2908 3703 per
2943 3634 3319 3690 ﬁdelissimos
3348 3651 3482 3689 suos
3517 3635 3699 3690 tabel-

2045 3721 2223 3777 larios
2257 3722 2328 3776 ad
2365 3723 2660 3792 pactiones
2730 3724 2974 3792 invitat;
3028 3723 3338 3793 aliquando
3389 3724 3561 3777 etiam
3598 3739 3700 3793 per

2045 3810 2243 3865 dolum
2280 3827 2474 3865 necem
2511 3811 2560 3864 ei
2596 3811 2980 3879 machinatur,
3014 3827 3200 3882 neque
3233 3811 3433 3866 sbello
3468 3812 3698 3881 penitus

2045 3901 2280 3954 recedit.
2313 3901 2521 3968 Itaque
2556 3915 2686 3954 cum
2721 3901 2972 3953 exercitu
3009 3900 3066 3953 in
3105 3899 3696 3972 Philippopolitanam

2045 3989 2403 4060 provinciam
2424 3991 2738 4059 profectus,
2765 3992 2917 4044 circa
2936 3990 3360 4046 Stenimacburn
3378 3992 3699 4059 castellum,

2044 4096 2156 4149 quo
2213 4077 2384 4133 multi
2443 4078 2673 4132 Barbari
2749 4080 3151 4149 confugerant,
3233 4085 3694 4136 castrametalur.

2044 4167 2505 4236 Quulegionibus
2537 4168 2898 4222 circumdato
2939 4172 2994 4223 et
3026 4169 3078 4222 vi
3115 4174 3468 4241 expugnato,
3513 4170 3696 4242 capti-

2041 4275 2143 4313 vos
2173 4257 2229 4312 in
2256 4257 2586 4311 servitutem
2622 4256 2858 4327 redegit.
2890 4263 3155 4313 Desertor
3224 4276 3357 4314 vero
3416 4277 3524 4316 nec
3569 4261 3698 4331 ipse

2044 4349 2114 4402 ad
2147 4347 2554 4417 imperatorem
2588 4347 2802 4411 venire,
2869 4363 2972 4401 nec
3010 4347 3176 4403 aliter
3234 4349 3304 4403 de
3347 4366 3484 4420 pace
3530 4352 3693 4420 quid-

2045 4453 2223 4507 quam
2250 4436 2449 4490 audire
2481 4434 2681 4503 voluit,
2718 4436 2829 4490 nisi
2855 4437 3173 4508 imperator
3203 4439 3332 4491 dato
3384 4438 3698 4508 diplomate

276 4495 748 4604 Στενίμαχον,εἷς
781 4529 811 4583 ὅ
857 4495 1065 4583 πολλοὶ
1094 4495 1200 4582 τῶν
1262 4495 1550 4603 βαρῦάρων
1619 4524 1936 4603 συνέφυγον,

2055 4525 2294 4580 urbibus
2325 4533 2376 4579 et
2407 4525 2560 4595 agris
2584 4526 2635 4580 ei
2671 4525 2899 4580 cederet
2951 4541 3099 4595 quas
3153 4534 3284 4581 ante
3336 4531 3697 4597 occupasset,

270 4619 363 4676 καὶ
459 4617 762 4697 διειληφὼς
820 4620 901 4691 [Ρ.
967 4619 1092 4690 335]
1150 4615 1280 4671 αὐτὸ
1359 4619 1474 4676 τοῖς
1542 4612 1933 4688 στρατεύμασιν

273 4706 446 4783 ἐξεῖλέ
494 4730 551 4764 τε
579 4709 717 4763 κατὰ
761 4708 957 4782 κράτος
1013 4705 1103 4761 καὶ
1141 4705 1267 4767 τοὺς
1325 4703 1536 4764 ἐνόντας
1594 4699 1932 4776 ἠνδραποδί-

274 4819 427 4854 σατο.
483 4798 543 4854 Ὀ
604 4795 649 4852 δ’
709 4796 1022 4864 ἀποστάτης
1080 4793 1365 4860 ἀφικέσθαι
1447 4793 1540 4866 μὶν
1603 4790 1654 4852 ἐς
1707 4789 1932 4866 βασιλέα

273 4883 531 4959 οὐδαμῶς
563 4886 892 4955 συνετίθετο,
949 4882 1097 4938 ἀλλά
1149 4880 1279 4957 μηδ’
1337 4881 1398 4937 ἄν
1455 4879 1651 4956 ἑτέρως
1711 4877 1932 4934 σπείσα-

274 4979 393 5032 σθαι
427 4973 734 5043 διετείνετο,
767 4974 814 5029 εἶ
877 4976 952 5044 μή
1012 4973 1212 5050 Χωρῶν
1244 4973 1330 5027 καὶ
1366 4971 1582 5026 πόλεων
1645 4969 1933 5045 ἐγγράφως

272 5064 421 5137 αὑτῷ
456 5064 714 5141 βασιλεὺς
750 5061 1041 5134 ὑπεκσταίη
1089 5061 1294 5123 όπόσας
1352 5060 1511 5124 αὐτὸς
1569 5058 1930 5138 ἐχειρώσατο,

269 5154 493 5224 καῖτὴν
554 5151 1012 5230 κατηγγυημένην
1074 5151 1221 5224 αὐτῷ
1279 5147 1560 5223 Θεοδώραν
1633 5148 1768 5221 μετά
1821 5150 1929 5201 τῶν

269 5243 517 5320 ἀρχικῶν
572 5241 867 5314 ἐκπέμψειε
923 5242 1288 5314 παρασήμων.
1346 5241 1464 5294 Τῶν
1533 5235 1590 5292 δὲ
1649 5237 1929 5306 συνθηκῶν

279 5333 381 5406 ὀψέ
428 5353 561 5388 ποτε
613 5332 705 5386 καὶ
761 5335 868 5385 τῶν
919 5329 1093 5406 ὅρκων
1153 5325 1553 5400 τετελεσμένων
1615 5329 1690 5391 ὡς
1745 5325 1930 5400 ᾐτεῖτο

268 5419 540 5495 Ἀλέξιος,
648 5419 967 5495 βουλεύεταί
1015 5439 1066 5473 τι
1176 5416 1462 5489 μετέπειτα
1519 5415 1776 5491 βασιλεὺς
1835 5414 1934 5470 οὐκ

263 5508 393 5565 οῖδα
452 5511 498 5564 εἰ
558 5513 886 5584 στρατηγοῖς
955 5507 1045 5563 καὶ
1119 5507 1430 5582 βασιλεῦσιν
1486 5501 1776 5580 ἁρμόδιον,
1838 5502 1930 5566 οῦς

266 5600 414 5674 παρὰ
461 5602 564 5652 πᾶν
619 5596 805 5672 ἓτερον
852 5599 915 5652 τὸ
975 5599 1218 5670 εὐορκεῖν
1261 5593 1462 5651 τιθέναι
1512 5595 1637 5670 περὶ
1667 5593 1930 5648 πλείστου

265 5689 470 5767 χρεών⁹
523 5687 614 5741 τὸν
675 5687 779 5762 γὰρ
836 5684 1084 5757 Ἀλέξιον
1150 5685 1306 5750 θείων
1406 5684 1729 5758 κουσμάτων
1793 5681 1934 5738 ἀπο-

2047 4618 2104 4670 et
2133 4615 2478 4683 desponsam
2501 4613 2870 4669 Theodoram
2900 4630 3030 4668 cum
3062 4613 3699 4685 imperaloriisinsigni-

2042 4705 2151 4758 bus
2185 4703 2462 4757 mitteret.
2524 4702 2894 4758 Pactionibus
2925 4706 2982 4757 et
3015 4702 3400 4773 jurejurando
3439 4702 3530 4756 vix
3567 4711 3696 4757 tan-

2042 4791 2170 4847 dem
2204 4791 2274 4846 de
2305 4790 2485 4845 Alcxii
2516 4791 2800 4846 sententia
2833 4808 2937 4846 con
2963 4792 3145 4856 feelis,
3171 4791 3692 4860 imperatorconsi-

2045 4881 2183 4934 lium
2237 4879 2339 4933 init
2371 4879 2523 4934 haud
2558 4880 2675 4936 scio
2709 4897 2782 4934 an
2833 4880 3086 4934 ducibus
3134 4887 3189 4935 et
3244 4880 3694 4951 imperatoribus

2043 4970 2308 5038 dignum,
2368 4968 2576 5038 quibus
2619 4968 3004 5038 jurisjurandi
3076 4969 3410 5040 religionem
3465 4970 3692 5026 ceteris

2042 5059 2215 5113 rebus
2250 5057 2523 5112 omnibus
2565 5057 2950 5128 antiquiorem
2985 5075 3109 5113 esse
3145 5059 3323 5114 decet.
3365 5063 3508 5113 Nam
3561 5059 3692 5114 Ale-

2040 5150 2199 5202 xium
2225 5151 2595 5203 sacrosancto
2656 5147 2964 5217 Evangelio
3019 5148 3196 5202 misso
3260 5165 3362 5218 per
3411 5164 3690 5217 generum

2044 5239 2180 5292 natu
2206 5235 2483 5305 majorem
2527 5233 2782 5288 Alexium
2822 5235 2891 5288 ad
2924 5251 2985 5290 se
3009 5235 3338 5306 pellcclum,
3361 5237 3508 5292 687
3537 5238 3694 5304 dato,

2045 5333 2103 5380 ut
2135 5323 2271 5386 dixi,
2307 5324 3005 5394 utrinquejurejurandc,
3044 5324 3103 5379 in
3143 5324 3379 5379 vincula
3431 5325 3694 5394 conjicit,

2041 5411 2316 5469 Davidica
2348 5411 2449 5466 illa
2487 5411 2808 5466 sententia:
2846 5434 2873 5461 «
2908 5416 3048 5467 Cum
3096 5418 3296 5468 sancto
3334 5419 3590 5479 auctus,
3636 5417 3693 5467 et

2042 5517 2174 5558 cum
2213 5515 2478 5569 perverso
2510 5514 2815 5570 perversus
2835 5499 2971 5566 eris,
3002 5523 3029 5550 »
3064 5501 3302 5556 abusus.
3358 5503 3495 5557 Inde
3527 5501 3682 5555 urbi-

2041 5593 2153 5646 bus
2185 5592 2242 5641 ct
2273 5588 2529 5643 castellis
2561 5587 2708 5641 citra
2740 5586 2992 5643 laborem
3021 5590 3256 5659 potitus,
3292 5590 3532 5646 fratrem
3565 5589 3688 5659 ejus

2045 5676 2256 5735 Mitum
2281 5677 2338 5733 in
2367 5674 2635 5732 exsilium
2670 5674 2870 5731 mittit.
