4098 6292
258 374 372 438 901

254 504 456 585 φυλίας
530 505 852 580 προ³ιστατο,
928 506 1017 561 καὶ
1113 508 1210 561 ὅσα
1284 505 1589 582 παρατείνει
1652 505 1703 567 ἐς

256 594 581 653 Κοτυάειον.
629 593 721 655 Ὧς
780 594 873 649 οὗν
935 594 963 648 6
1026 599 1370 654 Κοππατῖνος
1413 598 1510 649 τοῦ
1544 597 1640 666 ζῇν
1669 591 1909 668 παρελέ-

254 680 417 751 λυτο,
450 683 571 757 περὶ
625 690 728 752 τῆς
777 683 1100 757 σατραπείας
1149 680 1312 738 τοῦδε
1360 680 1764 757 διαμιλλῶνται
1796 682 1826 737 6'
1854 704 1916 739 τε

256 779 359 842 τῆς
419 771 639 834 Δοκείας
706 776 918 847 κρατῶν
975 773 1358 847 Ῥοτκρατῖνος
1388 772 1479 827 καὶ
1533 773 1561 827 6
1617 773 1912 847 κατάρχων

256 869 363 931 τῆς
433 861 704 939 Ἀγκύρας
792 861 1038 920 Μασούτ.
1115 864 1343 937 Ἃτερος
1399 862 1578 917 τοίνυν
1651 861 1825 916 αὐτῶν
1884 863 1913 916 6

256 953 638 1027 Ῥουκρατῖνος
693 951 783 1006 τὸν
842 948 1232 1029 ἀντιτρὲχοντα
1286 950 1598 1030 ὕποφθάσας
1654 949 1917 1025 κασίγνη-

257 1062 352 1096 τον
421 1040 484 1095 τὸ
539 1044 693 1102 νῖκος
750 1037 946 1114 ἤρατο,
1007 1037 1321 1113 δεξιωτέραν
1380 1039 1537 1115 φύσιν
1596 1039 1788 1114 λαχὼν
1828 1039 1918 1093 καὶ

261 1128 668 1208 πολεμοχαρής
723 1125 1087 1206 διαφερόντως
1148 1126 1489 1201 δεικνύμενος
1539 1127 1769 1202 Ἀμέλει
1828 1127 1918 1182 καὶ

269 1218 522 1293 μείζονος
582 1218 917 1292 εὑμοιοήσας
989 1218 1017 1272 6
1092 1218 1477 1293 Ῥουκρατῖνος
1531 1215 1765 1282 ἐντεῦθεν
1826 1213 1921 1271 δυ-

260 1308 481 1381 νάμεως
505 1307 597 1364 τὸν
638 1307 732 1381 μὶν
767 1305 989 1364 Μασοὺτ
1043 1303 1339 1362 ὑπενδόντα
1381 1307 1433 1362 οἱ
1482 1306 1571 1362 καὶ
1619 1305 1754 1381 φίλα
1784 1326 1923 1386 φρο-

257 1403 373 1453 νεῖν
404 1395 749 1470 συνθέμενον,
810 1397 975 1470 μέρος
1033 1398 1133 1461 τῆς
1192 1394 1499 1474 τοπαρχίας
1559 1394 1918 1472 ἀφελόμενος,

256 1493 364 1557 τῆς
394 1485 595 1556 λοιπῆς
645 1486 834 1564 χώρας
893 1485 967 1545 ὡς
1024 1483 1216 1560 πρώην
1264 1482 1498 1558 διαφῆκε
1536 1486 1920 1557 προϊστασθαι,

257 1580 343 1648 τῷ
404 1571 462 1632 δέ
516 1596 576 1651 γε
615 1574 931 1651 Καϊχοσρόῃ
997 1572 1147 1648 μάλα
1210 1573 1469 1648 ἐμμανῶς
1529 1573 1760 1651 ἐπεφύη,
1814 1594 1920 1627 πα-

264 1661 426 1720 λαιὸν
457 1661 744 1743 ὑποτύφων
778 1661 1002 1721 Ἰκονίου
1049 1659 1224 1739 ἔρωτα
1268 1663 1343 1723 ὡς
1375 1661 1614 1739 ἀρχαίου
1640 1663 1923 1737 πατρῴου,

260 1756 357 1809 καὶ
392 1756 585 1809 τοῦτον
646 1753 721 1814 ὡς
781 1753 1048 1827 μητρόθεν
1112 1752 1438 1826 Χριστιανὸν
1496 1752 1923 1826 μυσαττόμενος.

262 1841 507 1917 Πέμπων
566 1839 656 1896 οὖν
718 1840 1049 1911 ὑπεκστῆναί
1125 1842 1177 1897 οἱ
1260 1841 1494 1915 παρῄνει
1546 1841 1643 1895 τοῦ
1701 1840 1926 1897 Ἰκονίου

261 1902 361 1989 καί
390 1939 490 2002 τῆς
540 1931 677 2002 ὅλης
732 1930 957 2006 ἀπαρεῖν
1016 1927 1355 2000 δυναστείας,
1385 1902 1524 2006 ἐῖγε
1568 1927 1831 2005 βούλοιτο
1866 1925 1921 1983 εὖ
1960 1902 2002 1966 Β

270 2022 426 2095 μάλα
454 2021 673 2096 πράξειν
733 2020 917 2089 αὐτὸς,
964 2021 1059 2081 τὰς
1114 2017 1170 2075 δὲ
1227 2017 1418 2081 πόλεις
1474 2020 1589 2074 κατ’
1639 2016 1804 2095 ἄνδρα
1832 2016 1923 2073 καί

263 2112 384 2166 κατ’
443 2107 594 2175 ἔθνος
647 2110 970 2186 ἀπειράτους
1032 2114 1209 2182 μεῖναι
1272 2113 1380 2165 τῶν
1427 2108 1487 2164 ἐκ
1536 2112 1632 2163 τοῦ
1672 2107 1921 2180 πολέμου

270 2199 487 2256 δεινῶν·
544 2198 688 2255 οὕτω
745 2200 1197 2273 κεκομπασμὰνος
1251 2198 1317 2268 ἦν
1378 2199 1468 2253 καὶ
1511 2192 1921 2270 ἀνυπέρϐλητος

259 2294 359 2345 τὸν
392 2294 559 2367 τῦφον
611 2288 639 2344 ὁ
698 2284 993 2363 βάρϐαρος,
1055 2287 1146 2343 καὶ
1203 2288 1300 2355 τήν
1340 2287 1506 2363 ὀφρὺν
1541 2285 1921 2365 ὑπερνὲφελος,

265 2379 360 2435 καὶ
392 2378 467 2439 ὡς
514 2378 597 2440 ἰὸς
626 2375 976 2455 πολύφθορος
1034 2376 1170 2432 κατὰ
1227 2374 1483 2431 πλεῖστον
1538 2372 1925 2449 διασκιδνάμε-

261 2467 357 2530 νός
380 2487 439 2523 τε
470 2466 561 2521 καὶ
593 2463 977 2540 διαχεόμενος.
1037 2465 1290 2540 Πρόσιισι
1348 2463 1533 2519 τοίνυν
1577 2464 1924 2539 Καϊχοσρόης

262 2562 347 2630 τῷ
382 2555 597 2633 βασιλεῖ
654 2552 957 2629 ἐκεχειρίας
1014 2554 1341 2629 γενομένης,
1396 2553 1489 2607 τὸν
1535 2550 1727 2607 ἑαυτοῦ
1763 2550 1926 2606 τοκέα

267 2646 410 2703 κατὰ
458 2647 618 2699 τοῦτο
679 2640 1002 2713 ἐζηλωκὼς,
1060 2640 1177 2697 ἐπεὶ
1230 2642 1478 2702 κάκεῖνος
1527 2641 1653 2701 τοὺς
1712 2640 1801 2717 ἀφ’
1841 2639 1924 2694 αἳ-

276 2755 447 2811 ματος
480 2731 681 2789 ἀδικῶν
736 2732 826 2788 καὶ
886 2732 975 2786 ὑπ’
1029 2730 1200 2786 αὐτῶν
1256 2727 1616 2802 ἀδικούμενος
1664 2731 1800 2802 μετά
1826 2729 1926 2798 τήν

271 2829 372 2880 τοῦ
429 2823 695 2899 φύσαντος
752 2822 954 2877 ἐκεῖνον
1031 2818 1256 2878 Μασοὺτ
1331 2814 1654 2886 ἀποϐίωσιν,
1715 2818 1789 2881 ὡς
1849 2816 1924 2881 εἷς

278 2911 518 2990 ἄγκυραν
571 2912 717 2987 ἱερὰν
760 2912 850 2965 καὶ
907 2910 1126 2985 στερεὰν
1198 2913 1360 2984 χεῖρα
1432 2904 1734 2981 δυναμένην
1794 2907 1926 2961 ὑπο-

282 2999 491 3074 λαϐεῖν,
554 3004 645 3058 τὸν
732 3000 1102 3075 αὐτοκράτορα
1202 2992 1543 3072 προσέϐλεψε
1645 2994 1925 3066 Μανουήλ.

285 3091 444 3149 Ἀλλ’
473 3091 672 3155 ἐκεῖνος
707 3092 800 3164 μὲν
847 3089 908 3144 ού
960 3087 1185 3144 κατόπιν
1219 3085 1457 3158 ἐλήλυθε
1500 3089 1608 3140 τῶν
1664 3082 1926 3156 ἐλπίδων,

277 3181 495 3255 μᾶλλον
560 3183 655 3255 μὲν
707 3180 798 3236 οὖν
866 3180 956 3234 καὶ
1016 3179 1148 3252 ὑπὲρ
1208 3174 1429 3247 δόκησιν
1498 3170 1691 3250 ἁϐραῖς
1745 3174 1930 3237 αὐταῖς

1101 376 1208 438 DE
1248 373 1537 437 ALEXIO
1580 373 1859 436 ISAACII
1903 374 2187 436 ANGELI
2231 376 2357 437 FB.
2401 376 2552 436 LIB.
2600 374 2703 437 ΙΙΙ.

3555 377 3675 439 902

1780 506 1911 561 αὐτὸ
1943 509 1995 574 Α
2029 507 2109 563 rei
2138 507 2358 565 bellicae
2407 509 2610 579 peritia
2642 509 2923 578 superior,
2959 508 3144 564 auctis
3195 508 3528 573 eavictoria
3551 510 3676 581 opi-

2020 597 2154 663 bus,
2212 597 2443 653 Masuto
2495 598 2721 653 cedenti
2779 606 2832 651 et
2881 597 3196 653 amicitiam
3253 598 3541 664 offerenti,
3593 607 3679 653 to-

2022 686 2272 758 parchite
2333 697 2495 758 parte
2549 688 2839 758 adempta,
2876 687 3100 758 reliqua
3137 694 3198 741 ut
3246 689 3405 759 prius
3440 687 3685 744 tenenda

2022 776 2323 832 concessit.
2356 776 2464 830 Sed
2518 777 2574 831 in
2627 776 3011 832 Caichosroen
3053 793 3265 848 magno
3326 792 3458 832 cum
3492 778 3685 832 furore

2025 865 2305 937 impetum
2337 865 2495 932 fecit,
2520 865 2878 937 jampridem
2914 866 3068 921 690
3101 866 3301 932 Iconii,
3338 872 3400 921 ut
3432 873 3685 937 paternas

2025 953 2200 1019 sedis,
2257 955 2519 1024 potiundi
2577 956 2845 1025 cupidus,
2902 963 2956 1010 et
3016 954 3176 1009 illum
3213 959 3274 1009 ut
3307 959 3489 1009 matre
3518 954 3684 1008 Chri-

2025 1045 2214 1099 stiana
2261 1046 2520 1114 genitum
2552 1044 2682 1099 odio
2716 1060 3090 1116 prosequens.
3124 1043 3231 1098 Per
3264 1044 3476 1113 legatos
3508 1042 3684 1113 igitur

2025 1133 2265 1187 fratrem
2300 1141 2495 1188 monet
2528 1137 2592 1188 ut
2623 1133 2735 1188 sibi
2774 1133 2963 1189 Iconio
3010 1134 3175 1187 cedat
3222 1139 3278 1188 et
3328 1138 3441 1188 toto
3469 1131 3686 1202 princi-

2029 1228 2163 1291 patu
2222 1222 2482 1287 excedat,
2514 1221 2561 1277 si
2611 1225 2668 1277 et
2702 1220 2875 1277 saluti
2916 1238 3029 1277 sum
3062 1229 3116 1275 et
3156 1220 3556 1299 subjectarum
3605 1223 3684 1276 ci-

2027 1311 2271 1365 vitatum
2330 1310 2717 1367 ineolumitati
2749 1310 3083 1366 consultum
3138 1311 3291 1365 velit.
3324 1311 3542 1365 Tantus
3567 1317 3690 1365 erat

2029 1400 2223 1465 fastus,
2262 1408 2375 1455 tam
2408 1401 2681 1456 immanis
2736 1400 3066 1470 arrogantia
3104 1400 3358 1467 Barbari,
3403 1404 3460 1454 et
3484 1415 3684 1471 super-

2029 1487 2230 1544 cilium
2258 1505 2433 1560 supra
2492 1490 2677 1544 nubes
2733 1495 3071 1557 arrectum;
3122 1490 3204 1544 ita
3234 1488 3462 1543 exitiale
3519 1504 3688 1543 vene-

2030 1595 2172 1635 num
2226 1580 2336 1635 late
2385 1580 2845 1636 diffundebatur.
2880 1580 3064 1643 Quare
3124 1580 3492 1636 Caichosroes
3524 1581 3691 1636 factis

2031 1668 2301 1735 induciis,
2336 1674 2556 1739 patrem
2589 1684 2752 1724 suum
2786 1669 3072 1734 imitatus,
3100 1669 3509 1741 imperatorem
3542 1669 3678 1724 adit.

2032 1758 2177 1815 Nam
2208 1758 2255 1813 is
2285 1774 2514 1830 quoque
2560 1759 2777 1814 mutuis
2824 1759 3051 1828 injuriis
3100 1776 3230 1815 curn
3265 1759 3539 1815 fratribus
3569 1761 3689 1816 suis

2031 1853 2257 1902 certans
2283 1852 2412 1918 post
2451 1848 2654 1903 Masuti
2706 1849 2885 1919 patris
2917 1849 3142 1903 obitum
3172 1849 3239 1903 ad
3277 1849 3687 1919 imperatorem

2038 1936 2363 1993 Manuslem
2396 1946 2687 1992 ulsacram
2704 1953 2972 1994 ancoram
3001 1946 3056 1993 et
3075 1938 3320 1993 salutare
3355 1938 3689 2009 praesidium

2034 2026 2316 2095 confugit.
2372 2029 2586 2081 Verum
2640 2026 2803 2081 illum
2863 2043 2990 2097 spes
3047 2044 3153 2081 sua
3203 2027 3346 2082 adeo
3399 2043 3512 2083 non
3563 2028 3690 2083 fru-

2036 2123 2216 2171 strata
2271 2119 2382 2179 est,
2432 2120 2497 2170 ut
2544 2114 2717 2171 etiam
2772 2132 2872 2185 spe
2916 2116 3201 2186 ampliora
3261 2116 3432 2171 fuerit
3489 2132 3691 2172 conse-

2037 2213 2250 2259 cutus:
2292 2204 2662 2260 Caichosroes
2719 2220 2847 2260 vero
2903 2221 3133 2275 parvam
3193 2204 3602 2275 benignitatem
3635 2208 3694 2260 et

2036 2292 2264 2348 infinito
2315 2292 2617 2348 intervallo
2677 2294 3109 2364 exspectatione
3140 2309 3242 2349 sna
3284 2294 3567 2350 minorem
3598 2310 3695 2350 ex-

2041 2389 2256 2453 pertus,
2316 2396 2422 2437 nec
2477 2382 2799 2453 impetratis
2872 2387 3072 2440 contra
3151 2384 3379 2439 fratrem
3437 2383 3691 2452 auxiliis,

2037 2471 2274 2526 domum
2304 2470 2492 2526 rediit.
2554 2471 2666 2525 Sed
2717 2471 2947 2527 vixdum
3006 2471 3266 2527 Iconium
3329 2472 3694 2541 ingressusa

2041 2558 2357 2615 Rucranito
2414 2560 2812 2630 Opprimitur;
2854 2564 2905 2615 et
2958 2561 3145 2630 patria
3204 2560 3404 2629 pulsus
3451 2562 3522 2615 ad
3588 2561 3690 2616 Le-

2042 2648 2257 2703 bunem
2298 2648 2357 2702 in
2412 2646 2744 2703 Armeniam
2807 2648 3088 2718 confugit,
3121 2648 3216 2702 ubi
3281 2650 3605 2704 humaniter
3635 2652 3693 2705 et

2041 2734 2341 2807 splendide
2393 2744 2476 2791 est
2527 2740 2857 2807 susceptus.
2909 2736 3055 2791 69]
3131 2736 3245 2790 Etsi
3311 2738 3465 2791 enim
3510 2735 3693 2792 multa

2041 2824 2195 2880 bella
2247 2824 2398 2880 inter
2451 2842 2512 2880 se
2561 2829 2882 2894 gesserant,
2934 2833 3123 2880 tamen
3183 2824 3375 2880 solent
3423 2823 3691 2881 homines

2044 2929 2159 2969 non
2212 2918 2439 2968 tantum
2486 2917 2775 2985 cognatos
2826 2918 2883 2969 et
2936 2911 3244 2985 populares
3294 2913 3559 2981 afﬂictos,
3591 2915 3693 2971 sed

2046 3002 2236 3057 hostes
2294 3002 2466 3057 etiam
2500 3002 2797 3074 supplices
2846 3000 3091 3074 benigne
3121 3009 3381 3059 tractare.
3412 3003 3692 3059 Caeterum

2045 3105 2177 3145 eum
2208 3088 2267 3146 in
2298 3091 2591 3163 integrum
2615 3092 2918 3148 restituere
2938 3108 3173 3163 prorsus
3205 3090 3382 3147 noluit
3410 3092 3693 3159 Lebunes,

2048 3180 2196 3253 quod
2229 3180 2336 3234 sibi
2391 3181 2573 3236 foedus
2602 3198 2731 3237 cum
2782 3181 3094 3238 Rucratino
3124 3184 3476 3239 intercedere
3532 3183 3697 3236 afﬁr-

269 3270 630 3346 ἔντετύχηκεο
693 3268 1041 3344 Καϊχοσρόης
1088 3264 1145 3321 δὲ
1206 3264 1417 3340 βραχέα
1478 3263 1610 3320 ἄττα
1667 3262 1933 3343 φιλοφρο-

2049 3268 2267 3338 mabat,
2329 3286 2433 3325 nec
2478 3270 2851 3326 incruentum
2910 3272 3028 3327 fore
3077 3272 3357 3327 auxilium
3419 3278 3695 3327 cerneret.

267 3359 460 3432 νηθεὶς
509 3358 598 3414 καὶ
645 3363 751 3413 τῶν
803 3356 855 3412 ἐν
910 3360 988 3427 νῷ
1044 3352 1162 3410 οὐδ’
1215 3353 1339 3410 ὅσον
1392 3353 1559 3409 εἰπεῖν
1604 3351 1935 3429 ἐνδεέστερα,

274 3450 423 3525 μήτε
474 3447 724 3523 σύναρσιν
781 3445 1027 3520 εὑρηκὼς
1102 3450 1205 3514 τῆς
1262 3444 1401 3518 πρὸς
1459 3442 1550 3498 τὸν
1610 3442 1932 3518 κασίγνητον

266 3538 599 3611 ἀντιτάξεως
653 3534 1030 3609 ἓπανέκαμψεν
1085 3529 1290 3589 οἴκαδεο
1349 3534 1439 3607 [Ρ.
1474 3533 1603 3605 337]
1654 3529 1782 3587 ἀλλ’
1835 3532 1936 3587 οὐκ

273 3627 418 3707 ἔφθη
477 3626 725 3700 καθαρῶς
784 3624 965 3680 εἰσιὼν
1030 3623 1092 3678 τὸ
1163 3619 1410 3692 Ἰκόνιον,
1466 3620 1556 3675 καὶ
1614 3624 1711 3675 τοῦ
1772 3621 1934 3677 Ῥου-

2048 3360 2407 3431 Quapropter
2470 3358 2848 3415 Caichosroes
2912 3361 3101 3415 denuo
3159 3360 3229 3415 ad
3292 3360 3699 3431 imperatorem

2046 3448 2186 3513 abit,
2246 3464 2349 3518 spe
2400 3448 2754 3520 principatus
2801 3450 2928 3520 ejus
2982 3466 3090 3521 ope
3149 3449 3527 3519 recuperandi
3560 3466 3699 3504 con-

2048 3544 2236 3608 cepta.
2270 3537 2382 3593 Sed
2439 3538 2645 3593 iterum
2680 3539 2990 3595 frustratus
3055 3539 3208 3609 apud
3242 3539 3531 3594 Romanos
3561 3538 3701 3593 vixit

2049 3625 2257 3681 minori
2283 3625 2591 3699 splendore
2621 3643 2793 3699 quam
2833 3644 2935 3698 pro
2969 3626 3265 3682 nobilitate
3294 3626 3544 3697 generis.

272 3706 543 3792 κρατίνου
601 3715 717 3769 κατ’
775 3713 943 3768 αὐτοῦ
1001 3709 1249 3772 ἰπιόντος
1305 3715 1407 3778 τῆς
1466 3728 1524 3763 τε
1582 3708 1763 3784 ἀρχῆς
1822 3707 2217 3784 ἐκσφαιρίζεται
2270 3711 2360 3767 καὶ
2421 3714 2589 3790 φυγὰς
2652 3712 2728 3777 εἰς
2785 3714 3079 3786 Ἀρμενίαν
3133 3713 3279 3786 παρὰ
3330 3706 3579 3785 Λεϐούνῃ
3612 3710 3701 3785 γίο

282 3826 456 3863 νεται.
517 3805 599 3862 Τὰ
653 3800 698 3859 δ’
747 3801 835 3857 ἐπὶ
891 3802 1110 3863 τούτοις
1166 3799 1266 3854 οὐκ
1330 3796 1549 3871 ἀμυδρά
1613 3798 1706 3871 μὲν
1766 3797 1832 3852 τά
1888 3805 1988 3868 τῆς
2049 3800 2160 3855 ἐκεῖ
2217 3798 2541 3875 παραδοχῆς
2592 3806 2688 3857 τοῦ
2747 3801 3056 3877 ἀνθρώπου,
3110 3799 3372 3877 ἐπαγωγὰ
3400 3797 3457 3855 δὶ
3490 3798 3703 3873 μᾶλλον

281 3895 377 3953 καὶ
433 3891 620 3956 ἄλλως
680 3889 963 3971 χαρίεντα,
1024 3888 1069 3945 εἷ
1123 3890 1212 3943 καὶ
1274 3882 1469 3961 ξυνέϐη
1525 3890 1659 3963 σφᾶς
1716 3884 1988 3949 πολλάκις
2039 3890 2157 3943 κατ’
2216 3887 2482 3959 ἀλλήλων
2538 3888 2831 3966 ἐξενεγκεῖν
2887 3888 3156 3960 πόλεμον,
3205 3887 3321 3943 ἐπεὶ
3376 3888 3466 3942 καὶ
3502 3887 3703 3953 φιλοῦ-

288 4006 375 4042 σιν
437 3982 715 4058 ἄνθρωποι
771 3982 847 4055 μὴ
911 3980 1078 4054 μόνον
1136 3978 1196 4033 τὸ
1253 3976 1497 4053 συγγενὲς
1551 3975 1642 4030 καὶ
1700 3976 1983 4053 ὁμόφυλον
2040 3975 2255 4056 πάσχον
2311 3983 2514 4040 κακῶς,
2555 3976 2699 4033 ἀλλὰ
2757 3999 2875 4039 πως
2931 3978 3021 4032 καὶ
3077 3978 3139 4031 τὸ
3197 3974 3595 4053 ἀλλόγλωττον
3635 3975 3701 4030 ού

289 4074 452 4150 φανὲν
509 4071 783 4132 πολλάκις
842 4068 1113 4141 πολέμιον
1170 4066 1396 4142 προσιὸν
1452 4064 1542 4121 καὶ
1594 4071 1937 4139 προσπῖπτον
1994 4064 2405 4143 φιλανθρωπίας
2463 4068 2766 4136 καταξιοῦν·
2827 4067 2895 4121 τὰ
2956 4064 3013 4120 δὲ
3068 4087 3128 4141 γε
3183 4073 3285 4135 τῆς
3334 4064 3547 4139 ἀμύνης
3614 4065 3701 4119 καὶ

285 4171 389 4234 τῆς
442 4167 766 4238 καταγωγῆς
821 4156 875 4221 ἒς
932 4160 1033 4228 τὴν
1091 4155 1356 4233 προτέραν
1416 4154 1714 4229 ἡγεμονίαν
1790 4153 2111 4229 ὁλοσχερῶς
2163 4157 2190 4211 ὁ
2242 4151 2513 4226 Λεϐούνης
2591 4155 2882 4227 ἀπείπατο,
2955 4156 3323 4230 Ῥουκρατίνῳ
3390 4155 3705 4219 σπείσασθαι

290 4254 535 4330 φάσκων,
582 4252 673 4306 καὶ
743 4246 884 4324 μηδὲ
955 4248 1055 4317 τήν
1132 4245 1383 4321 σύναρσιν
1438 4240 1586 4318 ἔχειν
1646 4244 1775 4317 ὁρᾷν
1852 4242 2201 4316 ἀναίμακτον.
2263 4244 2360 4300 Διὰ
2433 4248 2603 4300 ταῦτα
2656 4245 2840 4299 τοίνυν
2917 4244 2970 4308 ἐς
3053 4241 3279 4320 βασιλέα
3353 4242 3706 4321 Καίχοσρόης

289 4339 725 4418 μετακεχωρηκε
776 4335 965 4407 πάλιν,
1022 4332 1396 4405 συλλήψεσθαί
1476 4331 1526 4386 οἱ
1604 4331 1741 4403 πρὸς
1832 4332 1931 4401 τήν
2034 4331 2320 4407 ἀνάρῥυσῖν
2388 4338 2489 4401 τῆς
2555 4333 2736 4408 ἀρχῆς
2850 4330 3218 4403 ὁπωσδήποτε
3276 4333 3699 4413 φανταζόμενος.

289 4436 409 4486 Τῶν
472 4426 530 4484 δὲ
586 4427 722 4483 κατά
781 4424 981 4481 σκοπὸν
1034 4421 1185 4486 αὖθις
1240 4418 1553 4494 διαμαρτὼν
1608 4418 1905 4491 Ῥωμαίοις
1966 4427 2148 4493 συνῆν,
2206 4422 2283 4494 μή
2349 4421 2484 4476 πάνυ
2545 4420 2978 4497 μεταλαγχάνων
3051 4424 3336 4496 θεραπειας
3399 4422 3478 4493 τῷ
3557 4419 3700 4497 γὲνει

292 4520 625 4580 ἐπεοικυίας.

360 4612 419 4668 ε’.
480 4611 574 4680 Τῷ
647 4604 694 4661 δ’
768 4602 958 4676 ἔφεξῆς
1024 4595 1131 4657 ἔτει
1198 4599 1332 4672 μετὰ
1420 4595 1685 4671 Κομίνιον
1769 4596 1933 4653 πάλιν

2113 4601 2166 4657 5.
2201 4601 2473 4674 Sequenti
2513 4618 2667 4658 anno
2716 4602 2913 4659 Blaclii
2961 4618 3095 4658 cum
3146 4600 3419 4656 Cumanis
3451 4600 3698 4670 impres-

290 4699 587 4769 ἐπεξιόντες
638 4696 691 4752 οἳ
739 4693 979 4769 Βλάχοι,
1042 4689 1132 4746 καὶ
1175 4689 1242 4745 τὰ
1288 4687 1551 4763 κράτιστα
1599 4691 1700 4756 τῆς
1753 4687 1941 4761 χώρας

284 4790 583 4863 κείραντες,
632 4785 832 4846 ἀσινεῖς
878 4777 1229 4838 ἕπανέλυσαν.
1280 4776 1441 4851 Τάχα
1488 4772 1537 4829 δ’
1592 4772 1652 4829 ἂν
1700 4775 1791 4830 καὶ
1820 4780 1940 4836 ταῖς

286 4862 573 4955 χερσαίαις
632 4872 832 4935 πύλαις
882 4878 982 4941 τῆς
1058 4863 1343 4946 βασιλίδος
1402 4866 1800 4955 προσήγγισαν,
1861 4862 1943 4955 ἐπί

286 4950 456 5033 αὐτὴν
530 4960 890 5039 τραπόμενοι,
934 4957 980 5013 εἰ
1042 4958 1120 5030 μὴ
1177 4955 1240 5011 τὸ
1305 4950 1833 5029 χριστιανικώτατον
1892 4953 1944 5008 οἱ

286 5053 424 5116 Ῥὼς
456 5051 609 5129 γένος
666 5049 756 5104 καὶ
814 5048 870 5103 b't
925 5045 1134 5103 τούτιῖιν
1197 5044 1445 5120 ἀρχικῶς
1497 5038 1943 5116 προεδρεύοντις,

288 5147 452 5200 τοῦτο
487 5143 581 5216 μὶν
631 5145 746 5196 κατ’
805 5136 1119 5213 αὐθαίρετον
1177 5136 1358 5209 ὁρμήν
1422 5130 1750 5204 κινηθέντες,
1781 5137 1943 5188 τοῦτο

292 5230 351 5290 δὲ
396 5237 515 5295 ταῖς
564 5233 664 5286 τοῦ
712 5228 1109 5305 ἀρχιποίμενος
1157 5225 1335 5280 αὐτῶν
1378 5222 1564 5284 λιταῖς
1601 5218 1946 5308 ὑπενδόντες,

290 5324 610 5398 ἀξιάγαστον
668 5322 783 5374 οἷον
838 5318 901 5372 τὸ
984 5316 1264 5393 πρόθυμον
1338 5312 1425 5368 ἐπὶ
1482 5317 1597 5373 τοῖς
1652 5311 1943 5384 Ῥωμαίων

290 5410 632 5485 ἐπεδείξαντο
685 5407 986 5485 πράγμασι,
1059 5405 1152 5461 καὶ
1228 5402 1317 5458 διὰ
1368 5402 1461 5458 τὸν
1540 5404 1639 5456 τοῦ
1709 5403 1947 5476 Χριστοῦ

290 5499 423 5558 λαὸν
469 5501 564 5556 τὸν
611 5501 793 5560 κακῶς
840 5496 944 5553 ὑπὸ
991 5496 1098 5551 τῶν
1154 5487 1456 5568 Βαρϐάρων
1507 5491 1791 5564 πάσχοντα
1827 5494 1947 5552 ταῖς

284 5597 382 5649 τοῦ
422 5589 578 5651 ἔτους
634 5583 908 5648 πολλάκις
965 5584 1282 5660 ἂπαγωγαῖς
1339 5580 1431 5637 καὶ
1477 5582 1596 5639 ταῖς
1655 5575 1947 5634 ἀποδόσεσι

283 5684 499 5740 τούτων
541 5675 620 5741 είς
667 5673 794 5748 ἔθνη
841 5676 906 5732 τὰ
955 5676 1034 5749 μὴ
1083 5671 1444 5751 χριστώνυμα
1495 5665 1945 5746 δυσχεράναντες.

2053 4689 2214 4746 sione
2270 4691 2329 4747 in
2380 4690 2684 4748 Thraciam
2738 4692 2903 4758 facta,
2962 4695 3018 4748 et
3074 4690 3313 4762 optimis
3377 4688 3705 4760 quibusque

2053 4779 2362 4851 provinciae
2396 4778 2653 4850 partibus
2683 4778 3277 4849 vastatis,incolumes
3309 4784 3705 4843 recesserunt;

2054 4884 2120 4923 ac
2218 4868 2456 4923 forsitan
2533 4868 2604 4922 ad
2666 4873 2994 4923 terrestrem
3074 4867 3459 4939 imperatricis
3547 4864 3709 4920 urbis

2053 4960 2278 5029 portam
2338 4956 2738 5025 accessissent,
2817 4955 2930 5012 nisi
2981 4956 3141 5012 Bessi
3209 4954 3707 5011 Christianissima

2051 5061 2196 5117 gens
2228 5060 2543 5116 eorumque
2575 5044 2886 5116 principes,
2924 5045 3133 5115 partim
3165 5061 3267 5102 sua
3318 5051 3545 5117 sponte,
3580 5059 3705 5115 par-

2054 5138 2153 5191 tim
2173 5136 2463 5209 pontificis
2478 5135 2749 5207 precibus
2769 5136 3376 5205 adducti,admirabili
3392 5136 3581 5191 studio
3604 5149 3708 5206 pro

2052 5225 2333 5281 Romanis
2380 5229 2834 5296 Oppugnassent,
2867 5224 3179 5280 Christiani
3234 5224 3427 5295 populi
3460 5222 3705 5290 miserti,

2053 5314 2147 5385 qui
2180 5331 2213 5369 a
2249 5312 2516 5369 Barbaris
2547 5312 2698 5369 male
2754 5314 3126 5382 tractabatur,
3158 5325 3214 5370 et
3255 5313 3543 5385 indignati
3573 5328 3706 5369 eum

2054 5405 2261 5477 sepius
2289 5405 2489 5460 eodem
2525 5418 2679 5459 anno
2706 5405 2913 5461 abduci
2938 5408 2995 5461 et
3024 5406 3298 5477 gentibus
3330 5423 3363 5461 a
3394 5404 3715 5461 Christiana

2054 5491 2332 5565 religione
2390 5490 2595 5546 alienis
2648 5493 2988 5550 venumdari.
3071 5493 3235 5552 Unde
3291 5494 3491 5551 Caiizs:
3548 5491 3701 5546 ειη

2052 5581 2324 5654 princeps
2370 5580 2680 5647 Romanus,
2712 5597 2927 5654 magno
2983 5585 3041 5637 et
3070 5583 3200 5638 forti
3233 5583 3486 5640 exercitu
3518 5578 3709 5636 subito

2054 5676 2273 5740 coacto,
2304 5669 2364 5725 in
2400 5669 2785 5729 Comanorum
2842 5685 3046 5743 agrum
3077 5672 3309 5745 irrupit,
3333 5679 3385 5727 et
3418 5672 3545 5727 sine
3583 5664 3696 5722 ullo
