4098 6292
477 370 597 432 903

1793 365 2100 428 ΝΙΕΕΤΑΞ
2139 363 2560 428 CHONIATJE

3716 373 3814 438 9M

473 503 706 576 negotio
739 501 977 574 diripuit
1008 507 1060 556 et
1089 500 1330 556 vastavit
1361 501 1554 557 omnia
1581 517 1596 568 ;
1633 497 2112 572 eoq‘uesmpiusin

2235 498 2392 560 Ὅθεν
2455 497 2546 552 καὶ
2616 493 2705 551 διὰ
2771 491 2985 571 ταχέων
3073 497 3599 573 παρασκευάσάμενος
3661 503 3686 557 ὁ
3739 511 3820 574 τῆς

470 591 715 666 gloriam
744 595 801 646 et
858 590 1375 662 amplificationem
1434 589 1746 661 inculpatae
1786 588 2132 644 Christianas

471 682 623 745 ﬁdei,
658 683 828 752 cujus
861 681 1102 735 minima
1119 696 1250 751 pars
1283 686 1340 735 et
1373 695 1553 752 grano
1587 679 1808 749 sinapis
1843 695 1944 748 par
1965 694 2125 732 mon-

467 777 554 827 tes
583 771 909 842 transponit
938 776 992 824 et
1022 769 1297 824 sublimia
1327 767 1619 833 transfert,
1658 768 1903 839 benigne
1953 767 2122 829 facto,

465 862 854 917 Comanorum
895 858 1262 914 incursiones
1314 858 1608 928 repressit,
1644 861 1702 912 et
1761 855 2035 911 Romanis
2064 855 2122 909 in

464 948 672 1006 excidii
723 946 975 1018 periculo
1027 947 1361 1003 constitutis
1419 946 1700 1001 auxilium
1757 943 1888 1000 tulit
1933 942 2121 1015 inepi-

461 1044 658 1094 natum
705 1053 946 1108 prorsus
989 1045 1042 1091 et
1075 1037 1474 1108 improvisum,
1535 1033 1815 1089 divinitus
1883 1034 2122 1089 omnino

461 1131 833 1202 procuratum
898 1144 1000 1198 per
1036 1127 1296 1197 ejusdem
1331 1124 1630 1196 religionis
1665 1123 1970 1196 populum.
2003 1121 2118 1177 Gae-

463 1229 652 1277 terum
683 1236 750 1276 eo
797 1235 948 1274 anno
982 1218 1040 1272 bi
1101 1215 1508 1288 Tauroscytbm
1565 1231 1799 1286 quoque
1835 1213 2120 1269 seditione

460 1307 769 1365 conﬂictati
813 1311 967 1374 sunt,
1001 1315 1056 1361 et
1085 1305 1384 1360 Romanus
1414 1303 1508 1359 hic
1542 1307 1600 1359 et
1623 1303 1807 1358 Ciabaa
1845 1303 2118 1374 princeps

465 1399 711 1454 Ruricas
733 1397 888 1452 crede
906 1393 1277 1468 popularium
1303 1408 1543 1449 suorum
1569 1408 1732 1448 enses
1750 1392 2115 1447 imbuerunt.

463 1487 573 1542 Sed
605 1487 903 1541 Romanus
935 1483 1105 1538 homo
1138 1483 1411 1538 robustus
1433 1487 1490 1536 et
1531 1489 1798 1536 strenuus
1829 1485 1955 1535 tum
1977 1494 2118 1551 quo-

465 1591 582 1647 que
603 1573 818 1629 multos
846 1575 1132 1628 Comanos
1163 1570 1394 1637 cecidit,
1429 1569 1524 1641 qui
1569 1569 1788 1641 optima
1833 1574 1891 1624 et
1921 1568 2114 1624 {ortis-

464 1665 611 1718 sima
637 1662 922 1734 phalange
953 1659 1176 1716 Ruricze
1206 1675 1372 1730 opem
1415 1658 1684 1714 tulerant.

2243 585 2522 657 Καλίτζης
2560 587 2788 664 ἡγεμὼν
2834 585 3132 660 Ῥωμσνὸς,
3173 585 3376 660 ἀγαθήν
3427 608 3482 643 τε
3531 589 3613 644 καὶ
3639 591 3822 662 πολλὴν

2235 675 2513 748 ἠθροικὼς
2571 675 2845 751 στρατιάν,
2907 674 3044 730 κατά
3118 673 3374 748 Κομάνων
3423 677 3700 752 ἐξώρμησε,
3749 683 3823 736 καὶ

2233 766 2333 832 τήν
2410 770 2515 838 γῆν
2591 763 2766 819 αὐτῶν
2843 764 2982 819 κατά
3065 761 3284 834 πολλὴν
3359 765 3616 821 εὐπέτειαν
3684 767 3824 824 ἐπιὼν

2231 850 2446 930 ἔφθειρε
2499 852 2590 908 καὶ
2664 855 2916 932 ἠφάνισε.
2993 853 3100 909 Καὶ
3175 857 3334 910 τοῦτο
3407 854 3702 934 φιλοφρόνω
3763 858 3827 922 είς

2231 941 2500 1018 καύχημα
2571 943 2661 998 καὶ
2743 940 3134 1018 μεγαλωσύνην
3197 944 3296 1014 τῆς
3367 947 3470 999 τῶν
3532 947 3824 1020 Χριστιανῶν

2232 1031 2548 1104 ἀμωμήτου
2621 1029 2858 1094 πίστεως
2931 1031 3207 1094 πολλάκις
3289 1029 3715 1108 διαπραξάμενος,
3774 1038 3830 1105 ἧς

2229 1121 2318 1175 καὶ
2377 1120 2442 1175 τὸ
2500 1121 2844 1196 βραχύτατον
2883 1121 2970 1176 καὶ
3036 1121 3162 1176 ὅσον
3219 1122 3415 1184 κόκκος
3467 1122 3712 1186 σινάπεως
3751 1143 3830 1196 με-

2230 1209 2471 1281 θίστησιν
2531 1205 2632 1287 ὄρη
2687 1209 2778 1266 καὶ
2849 1211 3170 1284 μετατίθησι
3224 1212 3290 1266 ra
3344 1211 3598 1288 μετέωρα,
3624 1213 3708 1276 τάς
3739 1219 3826 1268 τῶν

2231 1301 2501 1374 Κομάνων
2599 1297 2828 1380 ἐφόδους
2930 1295 3122 1371 ἔστησε
3233 1301 3324 1357 καὶ
3422 1309 3535 1365 τοῖς
3605 1303 3830 1372 ἀνήκεστα

2227 1388 2504 1464 πάσχουσι
2534 1389 2834 1462 Ῥωμαίοις
2861 1391 3157 1467 ἀνακωχήν
3201 1387 3492 1468 έϐράϐευσε
3533 1397 3626 1448 τοῦ
3669 1398 3832 1464 κακοῦ,

2225 1477 2594 1548 ἀνυπονόητος
2643 1478 2837 1556 ἀρωγὴ
2894 1480 2986 1536 καὶ
3045 1478 3444 1558 ἀσυλλόγιστος
3501 1485 3830 1556 συνασπισμὸς

2225 1567 2315 1621 καὶ
2348 1565 2584 1644 φάλαγξ,
2616 1569 2690 1630 ὡς
2741 1568 2934 1638 εἰπεῖν,
2988 1567 3385 1634 θεοσύλλεκτος
3414 1569 3549 1636 ἔθνει
3579 1573 3830 1646 ὁμοπίστῳ

2225 1656 2424 1735 φανείς.
2501 1655 2654 1726 Πλήν
2739 1654 2866 1713 οὐδὲ
2939 1657 3008 1714 τά
3080 1660 3216 1714 κατὰ
3290 1661 3416 1722 τοὺς
3489 1661 3836 1736 Ταυροσκύθας

465 1749 693 1812 τούτους
727 1749 906 1803 ὁτότε
936 1747 1136 1823 χρόνος
1189 1744 1532 1821 παρέδραμεν
1587 1743 1932 1814 ἀστασίαστα,
1990 1745 2126 1800 κατά
2183 1741 2232 1798 δ’
2289 1744 2578 1822 ὁμοφύλου
2636 1752 2846 1824 σφαγῆς
2900 1747 2964 1802 τὸ
3017 1747 3168 1827 ξίφος
3219 1743 3414 1824 ἔϐαψεν
3449 1750 3834 1823 ὅτεῬωμανὸς

464 1841 623 1902 οὗτος
655 1839 743 1894 καὶ
777 1839 804 1892 ὁ
836 1837 1036 1893 διέπων
1069 1837 1129 1892 τὸ
1162 1831 1335 1890 Κίαϐα
1361 1834 1664 1908 Ῥούρικας·
1715 1833 1872 1904 νίκην
1933 1831 1979 1888 δ’
2036 1835 2064 1888 ὁ
2119 1834 2400 1907 Ῥωμανὸς
2459 1834 2914 1910 ἀπενεγκάμενος,
2959 1835 3249 1913 ῥωμαλέος
3281 1836 3356 1893 ὢν
3385 1839 3445 1895 τὸ
3475 1843 3626 1913 σῶμα
3653 1839 3734 1893 καὶ
3756 1840 3834 1902 τάς

467 1933 660 2008 χεῖρας
693 1925 1042 2002 δραστήριος,
1072 1923 1318 1986 πολλοὺς
1346 1925 1436 1979 καὶ
1466 1923 1590 1978 τότε
1619 1929 1728 1978 τῶν
1763 1921 2027 1995 Κομάνων
2055 1923 2416 1998 κατέτρωσεν,
2448 1924 2501 1978 οἳ
2549 1927 2922 2000 συνεφήψαντο
2965 1933 3064 1997 τῆς
3115 1927 3307 2003 μάχης
3336 1932 3416 2001 τῷ
3442 1927 3701 2004 Ῥούρικα,
3724 1947 3838 2002 κρα-

465 2018 622 2087 τίστη
663 2018 754 2073 καὶ
785 2017 1136 2094 γενναιοτάτη
1170 2013 1378 2092 φάλαγξ
1409 2012 1533 2088 περὶ
1564 2012 1726 2068 αὐτὸν
1759 2013 2051 2087 ὁρώμενοι.

535 2110 642 2164 Sed
695 2123 804 2164 nec
861 2107 968 2164 hoc
1015 2106 1241 2160 silentio
1306 2106 1768 2173 prater-eundum
1817 2109 1922 2159 est.
1995 2103 2112 2158 Fuit

2299 2101 2480 2159 Ἀλλὰ
2535 2103 2716 2180 χρεὼν
2773 2101 2916 2178 μηδὲ
2972 2109 3134 2162 τοῦτο
3191 2105 3443 2182 παριδεῖν
3501 2108 3833 2182 ἀνιστόρητον.

465 2195 894 2252 nummularius
959 2194 1198 2265 quidam
1262 2192 1638 2250 Calomodius
1702 2191 1954 2258 nomine,
2011 2192 2112 2263 qui

459 2284 798 2356 longinquis
833 2288 892 2338 et.
921 2281 1258 2338 difﬁcilibus
1293 2280 1780 2351 negotiationibus
1805 2281 2112 2336 maximam

460 2375 767 2449 pecuniam
823 2372 1196 2445 acquisierat,
1253 2370 1426 2427 homo
1456 2387 1662 2427 avarus
1719 2375 1776 2426 ct:
1817 2371 2112 2437 sordidus,

459 2471 687 2521 tantum
724 2481 840 2520 non
873 2463 1239 2518 indormiens
1264 2462 1556 2532 marsupio
1589 2467 1646 2517 et
1678 2461 1932 2533 pecunia:
1958 2465 2114 2532 post-

461 2571 682 2626 ponens
711 2553 928 2608 omnia.
963 2554 1070 2618 Qui
1127 2552 1280 2607 693
1323 2568 1454 2606 cum
1513 2567 1612 2620 pro
1643 2550 1932 2606 ditissimo
1959 2549 2110 2605 cele-

461 2647 748 2713 braretur,
798 2651 852 2699 et
896 2659 1010 2699 non
1061 2647 1126 2697 ut
1178 2643 1382 2698 hortus
1427 2641 1648 2697 Alcinoi
1703 2642 1878 2696 ficum
1939 2656 2114 2714 super

461 2734 633 2789 ﬁcum
665 2737 722 2789 et
752 2732 944 2802 pirum
971 2748 1148 2804 super
1193 2729 1409 2803 pirum,
1437 2731 1536 2786 sed
1572 2747 1780 2786 aurum
1812 2747 1979 2798 auro,
2027 2746 2114 2785 ar-

457 2831 692 2894 gentum
767 2829 998 2892 argento
1085 2820 1434 2876 cumulatum
1506 2819 1740 2891 gignere
1807 2819 2109 2887 diceretur,

455 2927 751 2968 avarorum
802 2911 1130 2981 principum
1198 2910 1424 2964 insidiis
1453 2919 1536 2964 est
1607 2908 1893 2979 appetitus
1942 2924 2111 2978 sape.

453 3003 708 3058 Sederat
769 3003 914 3056 idem
965 3000 1202 3056 omnino
1256 2999 1423 3054 arbor
1455 2999 1822 3068 cognitionis,
1876 2997 1936 3053 in
1993 2999 2112 3054 foro

455 3104 508 3151 et
540 3095 694 3150 urbis
750 3093 1063 3164 angiportis
1097 3100 1365 3164 tanquam
1405 3092 1465 3147 in
1523 3092 1692 3148 Edam
1727 3091 2000 3162 plantata.
2047 3092 2112 3149 Ut

457 3183 628 3253 igitur
670 3185 824 3252 pomi
870 3181 1112 3252 eleganti
1160 3197 1194 3236 a
1240 3182 1526 3251 quondam
1584 3180 1798 3251 primos
1852 3187 2112 3250 parentes

458 3280 683 3326 nostros
732 3271 790 3326 in
847 3270 1170 3338 servitutem
1211 3269 1442 3340 redegit,
1494 3269 1578 3325 sic
1626 3275 1744 3324 tum
1797 3269 1920 3325 auri
1963 3269 2113 3326 nitor

455 3359 674 3414 aulicos
705 3359 776 3414 ad
811 3358 1062 3428 rapinam
1096 3357 1373 3414 invitavit.
1406 3358 1511 3412 Sed
1546 3357 1716 3413 simul
1767 3365 1821 3412 et
1849 3357 2110 3414 Calomo-

454 3448 550 3504 dio
610 3463 810 3503 manus
841 3447 1181 3517 injecerunt,
1240 3446 1579 3502 seditionem
1620 3447 1681 3500 in
1743 3448 1882 3502 urbe
1929 3447 2106 3502 exitae

2227 2192 2325 2248 Ἢν
2352 2213 2435 2254 τις
2464 2189 2858 2266 κολλυϐιστής,
2919 2194 3274 2268 Καλομόδιος
3328 2197 3428 2266 τήν
3485 2195 3834 2271 προσηγορίαν,

2227 2279 2398 2343 Οὗτος
2465 2284 2748 2357 χρήμασιν
2804 2278 3071 2360 έϐεϐρίθει
3133 2283 3399 2357 πολλοῖς,
3460 2285 3713 2360 ἀργαλέας
3762 2283 3836 2338 καὶ

2227 2367 2459 2446 δολιχάς
2508 2368 2774 2446 ἐκδημίας
2824 2374 2942 2428 κατ’
2985 2372 3256 2448 ἐμπορίαν
3306 2377 3394 2449 [Ρ·
3445 2376 3568 2449 338]
3608 2371 3833 2447 πολλαχῆ

2225 2459 2595 2534 στειλάμενος,
2670 2458 3097 2537 κερδαλεόφρων
3169 2462 3479 2539 ἄνθρωπος’
3536 2461 3710 2537 ἀμέλει
3761 2459 3834 2515 καί

2225 2545 2602 2624 συγκαθεύδων
2655 2553 2736 2622 τῷ
2793 2549 3092 2628 φασκωλίῳ
3144 2551 3233 2608 καὶ
3291 2553 3502 2630 πρίθων
3550 2554 3611 2608 τὸ
3644 2552 3832 2625 κύμινον

2222 2636 2313 2690 καὶ
2343 2637 2518 2692 πάντα
2547 2638 2715 2702 τιθεὶς
2764 2642 2862 2694 τοῦ
2929 2641 3371 2718 χρηματίζεσθαι
3430 2639 3643 2717 δεύτερα
3670 2637 3834 2696 δέδωκε

2221 2727 2340 2811 καθ’
2425 2726 2616 2782 ἑαυτοῦ
2699 2725 2971 2790 πολλάκις
3055 2724 3226 2792 λαϐὰς
3316 2737 3444 2794 τοῖς
3509 2730 3834 2811 χρυσοθτςραις

2221 2810 2509 2888 ἄρχουσιν,
2567 2816 2865 2890 ἂνθρώπωι
2941 2818 3080 2872 εἶναι
3139 2810 3572 2894 ῥυηφενέστατος
3642 2819 3722 2874 καὶ
3775 2817 3832 2880 ὡς

2219 2910 2396 2973 κῆπος
2455 2903 2796 2968 Ἀλκινόειος
2855 2907 2946 2962 καὶ
3003 2909 3104 2977 τῆς
3164 2906 3309 2984 ὥρας
3373 2911 3437 2966 τὸ
3497 2909 3699 2986 ἀκαρὲς,
3750 2905 3829 2962 οὐκ

2223 2989 2398 3067 δχνην
2425 2993 2630 3070 τρίφων
2663 2993 2749 3049 ἐπ’
2793 2989 2935 3070 ὄχνῃ
2986 2997 3146 3052 σῦκόν
3191 2999 3240 3052 τ’
3290 2995 3386 3054 ἐπὶ
3419 2999 3566 3072 σύκῳ
3594 2996 3826 3075 παρέχειν,

2220 3081 2424 3157 χρύσὸν
2456 3079 2512 3137 δὲ
2543 3083 2720 3162 φέρειν
2780 3083 2867 3138 έπί
2926 3089 3136 3161 χρυσῷ,
3194 3085 3283 3141 ἐπὶ
3346 3085 3398 3142 δ’
3451 3087 3688 3164 ἀργυρίῳ
3714 3083 3823 3164 φύειν

2220 3170 2502 3248 ἀργύριον.
2561 3172 2623 3230 Ὁ
2679 3169 2738 3227 δὲ
2793 3173 2958 3250 φυτὸν
3029 3173 3282 3250 ἄντικρυς
3343 3177 3598 3252 γνώσεως
3649 3176 3727 3246 ἦν,
3767 3173 3820 3233 ὣς

2218 3259 2272 3316 ἐν
2303 3257 2470 3334 Ἐδὲμ
2525 3261 2926 3340 πεφυτευμένον
2982 3268 3052 3339 τῇ
3113 3265 3284 3342 ἀγορᾷ
3338 3268 3432 3322 καὶ
3489 3271 3603 3329 τοῖς
3643 3271 3730 3334 τῆς
3753 3261 3830 3316 πδ·

2220 3349 2361 3406 λεως
2403 3357 2688 3408 στενωποῖ.
2721 3351 2929 3410 Οὐκοῦν
2980 3352 3056 3414 ὡς
3105 3355 3141 3424 ἡ
3194 3353 3333 3427 ἄνθη
3382 3363 3485 3426 τῆς
3525 3356 3726 3430 ὀπώρας
3750 3350 3834 3406 πά-

2219 3435 2311 3493 λαι
2341 3439 2468 3501 τοὺς
2497 3441 2766 3516 γενάρχας
2819 3438 3296 3518 έδουλαγώγησεν,
3349 3443 3502 3499 οὕτω
3559 3441 3622 3514 δὴ
3661 3440 3838 3496 καὶτοῦ

455 3544 606 3606 runt,
663 3536 938 3605 majorem
989 3549 1155 3607 quam
1218 3534 1460 3604 majores
1491 3536 1672 3590 nostri
1727 3535 2104 3592 calamitatem

2223 3529 2456 3603 χρυσίου
2484 3515 2608 3584 τότε
2661 3529 2724 3584 τὸ
2779 3515 3044 3605 πυρωπὸν
3097 3515 3225 3594 τοὺς
3280 3530 3367 3588 ἐπὶ
3439 3537 3546 3589 τῶν
3590 3528 3840 3610 βασιλείων

454 3624 729 3695 perpessi.
793 3623 933 3678 Nam
985 3621 1072 3678 illi
1105 3637 1220 3677 non
1253 3621 1375 3677 solo
1411 3627 1643 3693 aspectu
1704 3623 1984 3689 contenti,
2017 3624 2114 3680 sed

457 3715 723 3784 decerpto
755 3717 812 3769 et
868 3715 1094 3784 gustato
1129 3711 1333 3780 fructu,
1385 3711 1515 3780 jure
1543 3728 1739 3781 poenas
1791 3713 2065 3768 dederunt
2099 3729 2114 3768 :

466 3802 522 3857 hi
567 3818 696 3858 vero
741 3803 1002 3858 nondum
1057 3800 1173 3856 viso
1225 3815 1360 3855 auro
1417 3799 1621 3856 frustra
1672 3800 1970 3857 inbiarunt
2004 3819 2019 3871 ;
2059 3805 2117 3858 et

463 3890 790 3946 Tantaleam
825 3888 978 3944 sitim
1039 3889 1316 3960 perpessi,
1365 3903 1493 3945 cum
1553 3888 1764 3945 fontem
1818 3889 2113 3958 haberent,

469 3978 658 4034 bibere
689 3995 800 4036 non
837 3983 1161 4048 potuerunt,
1187 3979 1280 4034 sed
1314 3977 1515 4034 crebro
1549 3977 1772 4034 haurire
1803 3977 1985 4034 conati
2013 3993 2112 4033 au-

465 4083 592 4122 rum
631 4086 696 4123 ex
744 4067 1010 4122 manibus
1057 4067 1390 4122 amiserunt.
1449 4065 1592 4124 Nam
1646 4067 2112 4134 circumforanei,

456 4155 772 4212 Calomodii
825 4155 1144 4223 captivitate
1199 4163 1252 4212 et
1281 4155 1436 4210 094
1476 4171 1644 4211 causa
1709 4157 1832 4226 ejus
1887 4155 2115 4227 cognita

461 4244 700 4313 vesperi,
763 4259 930 4299 mane
963 4243 1214 4299 tributim
1263 4249 1680 4310 convenerunt,
1731 4251 1783 4298 et
1823 4245 1918 4299 Dei
1976 4252 2113 4299 tem-

460 4333 616 4404 plum
673 4332 918 4403 ingressi
973 4331 1362 4402 patriarebam
1413 4333 1773 4388 Camaterum
1829 4331 2111 4388 Joannem

459 4423 979 4485 circumsteterunt,
1011 4425 1230 4476 tantum
1266 4437 1380 4476 non
1412 4421 1797 4489 discerpturos
1841 4437 1973 4476 eum
2017 4425 2113 4478 aut

457 4510 529 4566 de
575 4511 822 4566 fenestra
854 4506 1306 4578 precipitaturos
1333 4507 1697 4575 comminati,
1751 4508 1858 4562 nisi
1905 4508 2112 4564 litteris

453 4601 522 4655 ad
581 4601 979 4672 imperatorem
1012 4596 1161 4652 datis
1192 4597 1587 4652 Calomodium
1638 4603 1700 4652 ut
1727 4613 1885 4654 ovem
1919 4599 2108 4670 perdi-

456 4697 566 4745 tam
597 4697 692 4745 aut
751 4687 1111 4745 aberrantem
1144 4704 1172 4739 ει
1222 4701 1392 4756 grege
1429 4693 1740 4742 revocaret.
1802 4688 1878 4754 Is,
1911 4689 2108 4760 populi

461 4779 706 4834 tumultu
742 4793 888 4847 aegre
935 4775 1143 4847 sopito,
1195 4775 1460 4832 facundia
1499 4790 1602 4830 sua
1635 4777 1692 4830 et
1748 4778 2112 4834 commisera-

2223 3620 2518 3693 χρυσώνων
2547 3616 2624 3680 εἷς
2681 3618 2784 3686 τὴν
2841 3619 3048 3674 ἐκείνου
3103 3620 3312 3696 τρύγην
3353 3619 3685 3702 hostiarum.
3715 3614 3838 3675 Ἀλλ’

2221 3703 2337 3780 ἅμα
2381 3711 2463 3778 τῷ
2505 3705 2842 3782 Καλομοδίῳ
2886 3707 2982 3771 τάς
3029 3714 3221 3786 χεῖρας
3269 3707 3604 3781 ἐπέϐαλλον,
3641 3708 3722 3766 καὶ
3748 3709 3838 3780 ἅμα

2219 3797 2318 3866 τὴν
2347 3795 2508 3852 πόλιν
2537 3795 2615 3858 εἷς
2649 3798 2832 3854 στάσιν
2880 3797 3173 3869 ἀνέσεισαν,
3231 3796 3425 3872 μεῖζόν
3479 3821 3532 3857 τι
3577 3805 3678 3857 τῶν
3725 3814 3836 3870 προ-

2217 3883 2388 3959 τέρων
2437 3885 2765 3948 πεπονθότες
2823 3883 3174 3962 δυστύχημαο
3238 3887 3290 3943 οἱ
3357 3891 3460 3962 μὲν
3490 3889 3591 3967 γὰρ
3619 3889 3707 3944 τού
3728 3901 3836 3959 καρ-

2219 3977 2324 4028 ποῦ
2351 3969 2680 4048 δρεψάμενοι
2709 3975 2800 4030 καὶ
2845 3971 3270 4049 μεταλαϐόντες,
3305 3976 3453 4052 μηδέ
3480 3980 3580 4048 τήν
3623 3973 3834 4052 λιχνείαν

2217 4059 2272 4126 ἐς
2303 4062 2474 4135 μόνην
2519 4065 2619 4131 τήν
2667 4063 2852 4137 ὅρασιν
2907 4066 3353 4141 περιστήσαντες,
3385 4071 3457 4142 τῇ
3500 4065 3617 4140 δίκῃ
3644 4059 3832 4121 δικαίως

2222 4148 2507 4224 ὑπέπεσον,
2563 4151 2615 4206 oi
2673 4149 2732 4207 δὲ
2791 4150 2920 4226 μηδ’
2973 4149 3247 4229 ἐμϐλέψαι
3300 4161 3421 4220 τοῖς
3461 4159 3698 4233 χρήμασι
3725 4148 3832 4230 φθά-

2217 4262 2402 4304 σαντες
2457 4244 2634 4318 μάτην
2664 4242 3027 4323 ὴλέγχθησαν
3076 4242 3399 4320 έγχανόντες
3433 4247 3522 4302 καὶ
3553 4244 3699 4320 δίψος
3723 4247 3832 4296 Ταν-

2213 4329 2432 4388 τάλειον
2461 4328 2722 4409 ἔπασχον.
2755 4334 3022 4408 ’Έχοντες
3072 4334 3178 4410 γὰρ
3227 4336 3328 4404 τὴν
3371 4337 3556 4414 πηγὴν
3584 4336 3679 4391 οὐκ
3703 4331 3828 4404 εἶχον

2215 4425 2305 4479 καὶ
2362 4429 2504 4480 πιεῖν
2534 4425 2583 4495 ἐξ
2615 4425 2808 4498 αὐτῆς,
2861 4423 3010 4482 ἀλλὰ
3060 4427 3326 4502 συχνάκις
3386 4429 3699 4503 ὡρμηκότες
3725 4419 3828 4496 ἆρό-

2216 4523 2405 4577 σασθαι
2465 4513 2710 4588 εὕρισκον
2767 4515 2830 4570 τὸ
2889 4533 3118 4590 χρυσιον
3189 4519 3301 4572 τῶν
3389 4517 3606 4573 οἰκείων
3661 4511 3824 4589 χειρῶν

2216 4602 2636 4678 ἀφαντούμενον.
2690 4604 2758 4660 Οἱ
2817 4602 2921 4681 γὰρ
2996 4603 3245 4680 ἀγοραῖοι
3303 4603 3536 4681 ἑσπέρας
3615 4613 3823 4680 μαθοντες

2215 4692 2316 4761 τήν
2345 4695 2444 4746 τοῦ
2476 4689 2828 4766 Καλομοδίου
2862 4691 3189 4768 κατάσχεσιν
3239 4693 3330 4748 καὶ
3377 4693 3446 4750 τὸ
3498 4693 3666 4750 αἴτιον
3691 4690 3816 4752 alii:

2215 4778 2546 4856 ἐπιγνόντες,
2602 4781 2739 4837 κατά
2778 4780 3002 4860 φατρίας
3055 4779 3257 4858 δρθρου
3323 4783 3704 4858 ἠθροίσθησαν,
3743 4770 3809 4828 γαί

456 4867 613 4924 tione
641 4883 774 4922 eum
820 4883 988 4937 quem
1021 4865 1345 4936 quaerebant
1372 4874 1433 4920 ut
1463 4882 1676 4937 agnum
1711 4866 1955 4934 reduxit,
1988 4885 2104 4925 non

2223 4870 2304 4924 τὸν
2357 4873 2454 4925 τοῖ’)
2512 4869 2646 4925 Θεοῦ
2703 4871 2838 4925 νεὼν
2879 4866 3138 4934 εἰσιόντες
3195 4871 3287 4926 καὶ
3343 4875 3424 4944 τῷ
3481 4872 3680 4948 πρώτῳ
3723 4864 3819 4921 isto-

467 4969 608 5009 auro
658 4971 760 5024 pro
795 4954 941 5023 pelle
971 4953 1203 5024 abrepto
1233 4971 1263 5009 a
1295 4955 1464 5024 lupis,
1495 4971 1677 5026 neque
1709 4954 1840 5010 lana
1869 4956 2105 5028 direpta.

2223 4956 2435 5034 φθέντες
2465 4959 2714 5034 ἀρχιερεῖ
2771 4961 2857 5034 (ἦν
2906 4955 2964 5014 δὲ
3021 4960 3181 5024 οὗτος
3237 4961 3265 5016 ὁ
3320 4950 3822 5036 ΚαματηρόςἾωάν-

463 5043 584 5112 νης)
613 5041 960 5115 περιστάντες
998 5044 1194 5114 μικροῦ
1223 5061 1313 5096 και
1345 5039 1570 5113 διασπᾷν
1602 5041 1867 5112 ἠπείλουν
1901 5043 1992 5099 καὶ
2021 5041 2318 5126 κύμϐαχον
2363 5045 2423 5102 ἐκ
2448 5050 2548 5116 τῆς
2579 5046 2756 5112 ἑστίας
2785 5049 2933 5104 κάτω
2966 5049 3178 5124 βαλεῖν,
3213 5049 3262 5104 εἴ
3295 5051 3372 5122 μὴ
3404 5051 3506 5106 ’ὀσα
3532 5049 3621 5106 καὶ
3650 5058 3826 5118 συριγγι

458 5134 574 5190 τοῖς
607 5130 742 5204 πρὸς
776 5127 1008 5201 βασιλέα
1038 5132 1389 5204 ’χρησάμενος
1445 5131 1760 5206 γράμμασιν
1821 5133 1894 5195 ὡς
1951 5129 2229 5206 πρόϐατον
2294 5133 2592 5199 ἀπολωλὸς
2647 5137 2682 5208 ἢ
2737 5137 2827 5193 καὶ
2858 5137 3139 5212 ἀπόνομον
3172 5138 3264 5194 τὸν
3295 5137 3652 5213 Καλομόδιον
3679 5131 3829 5188 αὐτοῖς

461 5215 932 5276 ἐπανακαλέσεται.
973 5218 1034 5274 Ὁ
1067 5215 1124 5272 δὲ
1157 5217 1318 5291 μόλις
1349 5220 1703 5284 καταστείλας
1744 5227 1842 5276 τοῦ
1893 5221 2004 5278 λεὼ
2046 5225 2138 5280 τὸν
2187 5221 2415 5301 θόρυϐον
2446 5230 2515 5301 τῇ
2546 5231 2654 5281 τῶν
2705 5228 2940 5302 χειλέων
2970 5230 3332 5303 περιψὸφήσει
3365 5229 3454 5283 καὶ
3486 5233 3565 5301 τῷ
3596 5220 3828 5303 λαμπρῶς

461 5306 550 5362 ἐπὶ
579 5305 758 5379 τούτῳ
789 5304 1142 5393 παθαίνεσθαι
1167 5304 1499 5393 ἐπανήγαγεν
1534 5309 1719 5373 αὐτοῖς
1751 5311 1825 5374 ὡς
1857 5312 2027 5385 ἀμνὸν
2057 5313 2147 5368 τὸν
2180 5314 2536 5389 ζητούμενον,
2573 5315 2650 5388 μή
2681 5316 2772 5370 τὸν
2812 5318 3018 5393 χρυσὸν
3049 5316 3125 5377 ὡς
3157 5302 3319 5392 δορὰν
3362 5316 3689 5393 ἀποσυρέντα
3714 5302 3828 5385 pd?a

458 5399 566 5452 τῶν
597 5395 912 5471 συσχόντων
943 5393 1102 5448 αὐτὸν
1131 5391 1392 5464 λυκιδῶν,
1422 5395 1563 5468 μηδὲ
1595 5395 1933 5471 λυμανθέντα
1959 5403 2059 5472 τὴν
2087 5402 2376 5479 τρίχωσιν.

530 5490 714 5559 Atque
755 5488 844 5544 hic
902 5493 1088 5543 motus
1139 5486 1274 5541 citra
1308 5489 1646 5559 sanguinem
1695 5492 1882 5564 desiit,
1933 5501 1988 5550 et
2035 5511 2105 5552 ex

2286 5495 2388 5552 Καὶ
2447 5495 2510 5550 τὸ
2545 5495 2637 5568 μὲν
2685 5491 2862 5558 οὕτως
2913 5495 3186 5569 ἀναιμωτὶ
3239 5495 3633 5568 πονελήλυθεν,
3681 5488 3728 5558 ἐξ
3755 5482 3830 5539 αἶ·

459 5577 742 5653 principio
775 5576 928 5634 tristi
967 5579 1023 5632 et
1053 5575 1270 5647 tragico
1324 5575 1386 5630 in
1417 5579 1700 5634 comicum
1761 5582 1959 5638 ludum
2015 5585 2106 5640 fe-

2223 5585 2332 5640 τίου
2360 5583 2624 5661 τραγικοῦ
2669 5605 2728 5642 τε
2781 5585 2874 5642 καὶ
2931 5587 3261 5661 σκυθρωποῦ
3306 5585 3359 5650 ές
3406 5582 3647 5660 κωμικὸν
3691 5570 3829 5633 κατέ-

455 5669 774 5741 stivamque
803 5665 1057 5724 fabulam
1089 5671 1171 5721 est
1205 5667 1480 5734 mutatus,
1504 5665 1641 5722 ﬂetu
1674 5668 1738 5725 in
1767 5671 1950 5729 risum
1973 5688 2104 5730 cou-

2223 5673 2372 5750 ληξεν
2421 5673 2586 5736 ἀκοὰς
2645 5671 2868 5750 διαχέον
2942 5673 3160 5750 ἄθυρμα
3222 5673 3314 5732 καὶ
3371 5671 3706 5752 σχηματίζον
3752 5662 3830 5719 τὸν
