4098 6292
270 378 389 442 905

1153 379 1256 439 DE
1300 379 1590 440 ALEXIO
1636 381 1908 443 ISAACll
1957 386 2239 447 ANGELI
2284 389 2403 447 Fit.
2454 390 2599 450 LIB.
2649 390 2758 450 ΙΙΙ.

3561 398 3680 458 906

269 513 716 591 κλαυσιγέλωτα·
768 514 832 568 ού
884 510 1125 576 πολλαῖς
1172 510 1216 566 δ’
1256 514 1489 587 ἡμέραις
1550 513 1766 588 ὕστερον
1810 514 1925 570 ἓτε-

2038 537 2222 576 verso.
2248 522 2372 578 Non
2397 524 2598 579 multis
2631 524 2840 580 diebus
2857 524 3009 595 post,
3029 524 3194 581 aliud
3215 527 3435 585 malum
3465 533 3679 603 erupit,

274 627 367 682 ρον
425 604 699 680 ἀνερράγη
751 603 939 674 κακόν,
980 600 1012 657 6'
1061 623 1113 657 τι
1170 601 1262 657 καὶ
1320 602 1397 665 εἷς
1453 602 1699 675 αἱμάτων
1751 605 1924 678 προῦ-

270 696 435 769 κοψεν
469 688 716 772 ἔκχυσιν.
750 693 1009 763 Ἰωάννης
1063 693 1167 768 γάρ
1212 712 1317 761 τις,
1365 692 1556 767 Λαγὼς
1604 693 1666 747 τὸ
1716 692 1921 747 ἐπώνυ-

275 804 403 857 μον,
473 782 534 837 ἐκ
600 780 874 857 βασιλέως
939 780 1187 855 εἰληφὼς
1243 787 1600 855 προῖστασθαι
1660 785 1760 847 τῆς
1825 786 1921 837 τοῦ

273 870 616 945 πραιτωρίου
648 876 909 950 φρουρᾶς,
939 867 1135 938 ἤθελεν
1169 870 1345 940 ἑαυτῷ
1381 891 1438 926 τε
1477 872 1567 926 καὶ
1599 876 1719 933 τοῖς
1751 892 1920 946 προσ-

274 964 593 1037 ισταμένοις
626 959 833 1026 ἐνθένδε
872 961 1114 1036 πορίζειν
1175 964 1458 1037 χρήματα·
1521 967 1620 1037 φεῦ
1674 969 1774 1031 τῆς
1824 962 1919 1037 ῥυ-

270 1053 589 1126 παρότητος
654 1059 755 1121 τῆς
810 1051 1087 1127 γνώμηςί
1130 1050 1192 1105 οὗ
1247 1055 1349 1127 γάρ
1404 1073 1459 1106 τι
1516 1049 1683 1106 πλέον
1753 1051 1780 1105 6
1817 1058 1918 1120 τῆς

269 1143 518 1216 ἱστορίας
557 1142 731 1214 νόμος
777 1141 947 1196 εἰπεῖν
988 1140 1265 1213 ἐπιτρέπει
1307 1162 1422 1213 μοι.
1471 1143 1628 1199 Ὅθεν
1678 1143 1772 1202 τὰς
1826 1145 1922 1215 ψο-

272 1233 440 1309 χικὰς
480 1236 589 1288 τῶν
630 1231 902 1301 φιλοθέων
961 1232 1334 1303 οἰκειούμενος
1385 1229 1674 1301 διαδόσεις,
1723 1232 1917 1294 νυκτὸς

271 1323 412 1379 ἆνίει
445 1328 683 1399 φρουρᾶς
712 1323 798 1376 καὶ
835 1318 1047 1395 δεσμῶν
1088 1321 1216 1383 τοὺς
1264 1320 1352 1376 ἐπὶ
1398 1320 1736 1395 κλεπτοσύνῃ
1796 1320 1914 1376 δια-

267 1408 531 1483 ϐοήτους·
566 1413 619 1465 οἱ
652 1409 708 1466 δὲ
739 1410 917 1486 λάθρα
941 1413 1036 1472 τὰς
1095 1411 1269 1471 οἰκίας
1322 1408 1696 1486 διερευνῶντες
1745 1432 1917 1486 προσ-

264 1508 408 1576 ῆγον
440 1499 634 1573 ἐκείνῳ
664 1501 731 1557 τὰ
777 1499 979 1577 φώρια,
1034 1499 1123 1554 καὶ
1180 1498 1354 1563 ἆθλον
1405 1496 1651 1563 ἀσεϐείας
1699 1500 1760 1555 ἐκ
1810 1505 1916 1555 τῶν

263 1589 448 1646 σύλων
480 1596 595 1653 τοῖς
623 1588 977 1665 νυκτιλοχοις
1008 1586 1282 1650 διαδιδοὺς
1311 1591 1378 1644 τὰ
1407 1587 1577 1646 λοιπὰ
1609 1591 1691 1652 οἷς
1713 1589 1774 1645 οὐ
1799 1588 1915 1645 δέον

262 1683 588 1760 προσέφερε,
620 1681 711 1735 τὸν
752 1680 943 1734 πιστὸν
992 1678 1266 1751 ὑπηρέτην
1299 1680 1327 1733 6
1360 1684 1475 1751 Θεῷ
1521 1679 1584 1733 τὸ
1628 1684 1731 1734 πᾶν
1785 1679 1913 1734 ἃπι-

264 1792 395 1835 στος
432 1771 486 1825 ἐν
525 1774 644 1832 τοῖς
692 1767 1033 1841 ἀτολμήτοις
1090 1771 1170 1841 [Ρ.
1223 1769 1349 1841 339]
1407 1769 1910 1843 σχηματιζόμενος.

261 1859 481 1919 Τούτου
518 1857 586 1930 δὴ
615 1863 712 1913 τοῦ
744 1860 910 1934 Λαγὼ
940 1856 1144 1914 πολλοὶ
1173 1864 1427 1913 κατεῖπον
1466 1857 1519 1920 ἐς
1578 1857 1804 1934 βασιλέα
1835 1860 1910 1922 ὡς
1939 1891 1986 1957 Β

260 1949 504 2026 δρῶντος
563 1949 771 2004 ἀνόσια⁶
806 1950 833 2003 6
866 1945 923 2003 8t
959 1949 1056 2016 τὴν
1109 1945 1394 2022 διόρθωσιν
1443 1947 1908 2024 ἐπαγγειλάμενος

260 2037 447 2116 ὥσπερ
480 2037 542 2094 οὗ
593 2036 887 2112 δυνάμενος
935 2032 1290 2093 ἀνεϐάλλετο·
1343 2037 1462 2091 ὅθεν
1515 2034 1772 2112 οὐδαμῶς
1820 2037 1907 2093 ἐπὶ

259 2134 382 2191 τοῖς
409 2128 802 2202 τολμωμένοις
845 2129 1208 2197 ὑποπτήσσων
1240 2129 1306 2195 ἦν
1354 2128 1382 2182 ὁ
1414 2128 1630 2203 Λαγὼς,
1676 2127 1806 2183 ἀλλ’
1834 2129 1908 2189 ὡς

258 2219 553 2274 ἀνεύθυνον
595 2219 856 2296 χειρίζων
898 2217 1081 2295 ἀρχὴν
1118 2213 1340 2287 ἁναίδην
1393 2218 1460 2272 τὰ
1517 2219 1745 2291 θεομισῆ
1799 2216 1905 2273 διε-

260 2311 555 2385 πράττετο.
590 2306 795 2363 Ἑνίοτε
826 2303 883 2361 δὲ
911 2312 1017 2361 τῶν
1073 2304 1344 2382 ἀγοραίων
1395 2308 1489 2360 ἒνα
1537 2306 1903 2385 συνειληφὼς,

263 2399 404 2472 μετᾶ
438 2398 503 2452 τὸ
542 2395 748 2467 πλῆξαι
788 2394 1003 2457 πολλὰς
1041 2396 1176 2450 κατά
1213 2396 1389 2450 νώτου
1447 2403 1657 2471 τριχῶν
1713 2396 1905 2453 ὑποδι-

255 2489 430 2551 κάσας
457 2491 647 2561 κουρᾷ,
679 2487 741 2540 τὸ
790 2484 1116 2561 θερμότερον
1142 2491 1243 2555 τῆς
1281 2483 1496 2547 πόλεως
1542 2486 1631 2540 καὶ
1675 2491 1754 2559 τῷ
1792 2508 1905 2542 πα-

258 2577 414 2632 θόντι
445 2577 752 2650 ὁμότεχνον
782 2576 919 2650 πρὸς
951 2575 1281 2649 στασιασμὸν
1310 2575 1638 2650 ἀνερῥίπισε.
1694 2576 1904 2652 Σύγχυ-

257 2683 343 2725 σις
374 2663 471 2716 οὖν
529 2664 630 2732 τὴν
677 2660 838 2716 πόλιν
888 2658 1208 2737 κατείληφε,
1240 2660 1327 2714 καὶ
1371 2657 1587 2729 πλῆθος
1640 2682 1905 2739 χειρωνα-

255 2752 446 2808 κτικὸν
481 2750 580 2806 ούκ
610 2750 795 2825 ὀλίγον
830 2749 882 2812 ἐς
912 2750 974 2805 τὸ
1005 2750 1338 2824 πραιτώριον
1397 2747 1657 2824 συλλεγὲν
1709 2750 1908 2824 θηρεύ-

260 2861 372 2896 σειν
431 2835 766 2895 έπεϐάλλετο
825 2838 914 2892 τὸν
975 2837 1188 2912 Λαγών.
1228 2838 1289 2893 Ὁ
1338 2834 1395 2892 δὲ
1453 2838 1586 2912 ὑπὲρ
1630 2834 1906 2893 δασύποδα

262 2929 520 3000 συντονίᾳ
571 2926 780 3004 δρόμου
823 2926 1171 3005 χρησάμενος
1228 2926 1424 2981 ἐκεῖθεν
1494 2928 1801 3005 ἠφάνισται.
1843 2929 1903 2985 Ὁ

272 3016 452 3090 μέντοι
515 3017 657 3080 λεὼς
717 3017 810 3072 καὶ
868 3016 1042 3079 οὕτως
1103 3015 1509 3092 ἐπισυῤῥέοντες
1558 3015 1761 3092 ὥρμων
1816 3019 1906 3072 τὸν

265 3109 433 3185 μέγαν
492 3107 710 3163 εἰσιέναι
767 3107 903 3162 νεὼν
962 3107 1055 3161 καὶ
1117 3105 1345 3181 βασιλέα
1401 3104 1584 3181 ἓτερον
1643 3108 1900 3162 ἀνειπεῖν·

253 3197 813 3272 προκαταληφθέντος
873 3193 932 3251 δὲ
984 3200 1083 3250 τοῖ’)
1146 3194 1402 3269 τεμένους
1459 3197 1604 3272 παρὰ
1660 3200 1770 3251 τῶν
1822 3194 1902 3258 εἷς

253 3288 427 3343 αὐτοῦ
459 3287 698 3363 φρουρὰν
730 3284 1154 3359 ἀπεσταλμένων
1205 3282 1617 3362 πελεκοφόρων,
1671 3287 1745 3358 μὴ
1805 3306 1899 3359 με·

257 3376 580 3449 θιστάμενοι
646 3379 744 3430 τοῖ’)
832 3375 1171 3450 πραιτωρίου
1229 3375 1365 3429 κατὰ
1418 3378 1514 3429 τοῦ
1579 3379 1905 3445 κρατοῦντος

250 3464 578 3543 ἐρεσχελίας
647 3465 874 3544 ἠφίεσαν
923 3464 1205 3540 ἀπρεπεῖς.
1263 3465 1322 3520 Ὀ
1382 3460 1438 3518 δὲ
1480 3465 1556 3537 μὴ
1598 3463 1784 3539 παρὼν
1836 3469 1905 3539 τῇ

248 3552 445 3623 πόλει,
487 3550 631 3607 ἀλλὰ
696 3553 820 3627 περὶ
885 3553 985 3621 τὴν
1044 3549 1399 3626 Χρυσόπολιν
1458 3550 1904 3626 ἐναυλιζόμενος,

247 3644 466 3717 πέμπει
491 3647 687 3717 μοῖραν
716 3642 825 3697 τῶν
870 3640 995 3716 περὶ
1044 3642 1142 3710 τὴν
1201 3639 1449 3719 φυλακὴν
1506 3641 1603 3696 τοῦ
1652 3642 1907 3714 σώματος

248 3731 723 3806 καταληψομένην
755 3730 818 3786 τὸ
856 3732 1217 3805 πραιτώριον.
1263 3732 1436 3785 Ἰκετο
1491 3727 1539 3784 δ’
1597 3730 1769 3786 ἐκεῖσε
1815 3732 1907 3786 καὶ

255 3824 284 3878 ὃ
311 3828 415 3892 τῆς
473 3819 690 3883 πόλεως
734 3814 975 3896 ἔπαρχος
1016 3823 1419 3880 Κωνσταντῖνος
1467 3820 1495 3874 6
1527 3820 1818 3896 Τορνίκης’
1870 3823 1905 3890 ἡ

256 3909 317 3967 δὲ
349 3908 567 3981 πληθὺς
595 3908 685 3965 καί
713 3910 850 3982 πρὸς
883 3908 1056 3984 μόνην
1087 3911 1187 3979 τήν
1235 3908 1400 3964 αὐτοῦ
1445 3906 1564 3964 θέαν
1613 3909 1909 3985 ἐκτραχυν-

255 4000 439 4062 θέντες
496 3999 590 4055 τόν
650 4020 709 4054 τε
761 3993 1001 4075 ἔπαρχον
1042 3994 1360 4060 λαϊϐοΑίαις
1422 3998 1765 4073 ἐκτρέπονται
1817 3999 1909 4055 καὶ

259 4090 392 4153 τοὺς
456 4087 934 4166 σωματοφύλακας
989 4086 1431 4160 ἀποπέμπονται.
1494 4089 1643 4145 Ἐπεὶ
1700 4087 1758 4143 δὲ
1812 4089 1909 4151 τὰς

232 4184 358 4241 ντοῦ
400 4177 740 4253 πραιτωρίου
791 4176 1175 4252 ἀνατρέψαντες
1212 4175 1391 4238 πύλας
1439 4178 1610 4231 ἄνεσιν
1658 4183 1776 4240 τοῖς
1824 4173 1910 4232 ἔν-

260 4268 356 4326 δον
387 4265 625 4338 διδόασι,
685 4265 1008 4322 σκυλεύουσί
1068 4287 1127 4322 τε
1173 4267 1265 4320 τὸν
1310 4266 1481 4321 ἐκεῖσε
1528 4268 1911 4341 Χριστιανικὸν

258 4357 509 4428 ναὸν,τὸ
558 4356 615 4413 δὲ
664 4360 772 4411 τῶν
833 4360 1162 4431 Σαρακηνῶν
1216 4355 1550 4431 συναγώγιον
1605 4355 1914 4411 ἀνασπῶσιν

260 4450 323 4506 ἐκ
356 4449 575 4524 βαθρων
626 4447 827 4504 αὐτῶν.
870 4449 970 4500 Καὶ
1016 4449 1183 4500 ταῦτα
1239 4445 1330 4499 σὺν
1390 4442 1568 4499 οὐδενί
1619 4441 1913 4521 διαπραξά-

266 4558 427 4614 μενοι
457 4536 610 4613 λόγῳ
640 4534 949 4616 ἐφίστανται
979 4539 1048 4609 τῇ
1090 4535 1299 4610 φρόυρᾷ
1344 4536 1412 4597 τῇ
1464 4531 1733 4609 λεγομένῃ
1770 4535 1915 4609 χαλ.

2029 613 2184 683 quod
2206 613 2279 668 ad
2304 614 2611 683 sanguinis
2634 615 2978 672 effusionem
3001 621 3090 673 est
3112 635 3510 691 progressum.
3535 623 3687 677 Nam

2025 702 2301 770 Joannes,
2336 706 2434 774 qui
2482 704 2721 776 quidem
2752 711 3137 776 cognomento
3179 707 3388 780 Lagus,
3429 710 3685 780 praetorii

2026 793 2308 847 custodite
2340 795 2412 848 ab
2446 792 2794 864 imperatore
2840 797 3169 865 praefectus,
3205 799 3336 853 inde
3384 803 3439 854 et
3471 799 3582 853 sibi
3614 804 3672 854 et

2025 881 2151 937 suis
2185 882 2489 952 pecuniam
2513 899 2853 954 comparare
2874 885 3158 941 instituit.
3184 885 3228 940 Ο
3259 888 3563 944 sordidum
3586 888 3673 944 in-

2024 968 2302 1040 genium!
2358 986 2462 1026 nec
2506 972 2665 1027 enim
2719 972 2973 1028 historias
3008 972 3100 1028 lex
3141 990 3233 1030 me
3267 973 3436 1046 plura
3483 975 3674 1032 dicere

2024 1058 2186 1113 sinit.
2214 1059 2273 1113 Et
2305 1062 2664 1131 stipe,quam
2686 1062 2955 1118 homines
2985 1063 3063 1134 pii
3090 1063 3237 1120 ultro
3269 1065 3667 1135 conferebant,

2023 1146 2081 1201 in
2115 1164 2280 1202 suam
2335 1164 2454 1204 rem
2489 1166 2790 1216 conversa,
2825 1156 2999 1206 noctu
3050 1151 3309 1209 celebres
3351 1153 3506 1210 iures
3537 1155 3667 1209 vin-

2023 1236 2173 1291 culis
2208 1237 2484 1294 liberatos
2514 1255 2740 1295 carcere
2771 1241 3086 1309 educebat;
3129 1243 3225 1312 qui
3258 1243 3482 1300 aedibus
3512 1243 3664 1300 clam

2021 1326 2390 1397 perlustratis
2422 1329 2570 1386 εἰθῦ
2596 1331 2751 1384 furta
2776 1329 2850 1385 ad
2881 1330 3049 1386 illum
3082 1332 3475 1388 conferebant.
3499 1332 3663 1389 Unde

2022 1415 2260 1485 praemio
2294 1416 2520 1472 furibus
2570 1417 2909 1485 distributo,
2947 1418 3176 1489 reliqua
3219 1419 3396 1476 homo
3446 1421 3666 1479 facino-
3760 1473 3775 1484 .

2021 1518 2191 1558 rosus
2239 1504 2387 1560 male
2434 1505 2777 1573 collocabat,
2824 1507 2979 1563 fideli
3033 1507 3298 1564 ministro
3349 1507 3662 1575 simulato,

2019 1607 2152 1647 cum
2197 1594 2559 1651 omnibusin
2607 1596 2780 1651 rebus
2810 1602 2925 1652 Deo
2971 1597 3231 1669 perﬁdus
3277 1602 3455 1655 esset.
3505 1600 3665 1655 Hunc

2021 1681 2240 1752 Lagum
2274 1684 2443 1739 multi
2474 1686 2629 1756 apud
2662 1685 3075 1757 imperatorem
3119 1686 3409 1759 sacrilegii
3438 1687 3665 1744 detule-

2018 1773 2174 1825 runt.
2208 1771 2315 1835 Qui
2344 1774 2702 1831 correctione
2744 1775 3030 1846 promissa
3059 1792 3181 1832 rem
3217 1776 3467 1833 subinde
3498 1776 3666 1834 diffe-

2017 1859 2211 1927 rebat,
2272 1861 2437 1932 quasi
2486 1862 2711 1919 viribus
2757 1866 3196 1922 destitueretur.
3254 1865 3418 1922 Unde
3472 1868 3664 1938 Lagus

2019 1947 2094 2001 ob
2141 1948 2360 2005 scelera
2389 1949 2631 2007 minime
2660 1952 2986 2024 trepidans,
3020 1954 3123 2009 sed
3152 1958 3435 2025 tanquam
3481 1953 3663 2011 libero

2020 2036 2367 2108 magistratu
2417 2040 2698 2111 iungens,
2749 2045 2945 2113 aperte
3000 2042 3259 2100 facinora
3304 2043 3421 2099 Deo
3471 2043 3662 2101 invisa

2018 2128 2407 2197 perpetrabat.
2459 2129 2720 2192 Quodam
2753 2146 2886 2186 vero
2930 2135 3207 2203 tempore,
3241 2149 3375 2188 cum
3424 2133 3660 2189 foraneo

2017 2217 2271 2285 quodam
2300 2217 2499 2274 multis
2531 2220 2871 2276 verberibus
2902 2220 3105 2277 affecto
3127 2227 3184 2277 et
3203 2238 3357 2292 raso,
3388 2221 3660 2278 audacio-

2017 2323 2135 2362 rem
2163 2309 2359 2380 pepuli
2378 2312 2611 2366 turbam
2634 2312 2962 2381 etejusdem
2980 2312 3195 2383 opiﬁcii
3219 2314 3285 2369 ad
3312 2314 3662 2370 seditionem

2014 2396 2290 2452 incitavit.
2314 2398 2523 2454 Statim
2541 2400 2718 2471 igitur
2735 2405 2860 2457 orto
2880 2403 3134 2457 tumultu
3150 2448 3162 2468 ,
3177 2419 3292 2459 non
3310 2419 3483 2473 parva
3502 2404 3664 2474 cpiti-

2013 2501 2145 2541 cum
2166 2502 2294 2556 pars
2314 2488 2446 2557 Lagi
2461 2488 2722 2559 capiendi
2742 2506 2915 2547 causa
2932 2491 3003 2545 ad
3030 2492 3358 2562 praetorium
3375 2491 3661 2548 convolat.

2014 2575 2124 2629 Sed
2140 2591 2267 2630 cum
2284 2576 2334 2630 is
2347 2576 3036 2647 quovislepore,velocius
3052 2580 3662 2651 evanuisset,populus

2015 2664 2398 2719 nihilominus
2420 2664 3012 2737 conﬂuensmagnum
3032 2667 3314 2739 templum
3340 2668 3662 2739 bipennife-

2013 2754 2059 2807 ri
2078 2753 2327 2824 praasidii
2342 2769 2510 2808 causa
2522 2770 2589 2809 eo
2610 2754 2904 2825 missijam
2930 2762 3297 2827 occuparant,
3313 2774 3429 2813 non
3445 2757 3653 2828 digres-

2013 2842 2113 2899 sia
2135 2843 2398 2914 praetorio
2418 2843 2607 2898 verbis
2634 2844 2925 2899 indecoris
2958 2845 3364 2916 imperatorem
3393 2844 3659 2902 insectati

2012 2935 2170 2985 sunt.
2208 2929 2317 2995 Qui
2348 2930 2690 3003 Chrysopoli
2722 2937 2849 2987 tum
2878 2948 3057 3004 agens
3089 2937 3307 3005 partem
3339 2933 3656 2989 satellitum

2010 3021 2081 3075 ad
2116 3019 2447 3091 praetorium
2480 3022 2880 3092 occupandum
2916 3021 3095 3077 mittit
3118 3041 3133 3088 ;
3156 3022 3472 3094 eodemque
3503 3022 3657 3079 096

2012 3109 2318 3181 praefectus
2348 3109 2510 3164 urbis
2558 3110 2978 3167 Constantinus
3010 3111 3314 3168 Tornicius
3345 3113 3522 3168 venit.
3572 3112 3656 3166 Ad

2011 3200 2179 3269 cujus
2226 3198 2415 3255 solum
2461 3203 2841 3271 conspectum
2890 3200 3178 3271 exsperati
3211 3199 3501 3273 lapidibus
3551 3200 3661 3256 ho-

2015 3289 2233 3344 minem
2268 3292 2492 3359 petunt,
2523 3292 2581 3345 et
2610 3288 2889 3345 satellites
2923 3289 3266 3361 proﬂigant;
3319 3293 3377 3346 et
3407 3290 3661 3362 pratorii

2014 3378 2235 3433 foribus
2282 3379 2538 3435 eﬁractis
2593 3384 2650 3434 et
2699 3379 2943 3452 captivis
2989 3381 3225 3436 emissis
3271 3380 3661 3438 Christianam

2012 3467 2168 3524 illius
2197 3467 2302 3523 ioci
2342 3469 2526 3524 eadem
2559 3468 2833 3542 spoliant,
2882 3469 3301 3526 Saracenorum
3346 3485 3478 3526 vero
3525 3485 3666 3526 con-

2011 3556 2374 3612 venticulum
2409 3575 2442 3612 a
2472 3557 2869 3614 fundamentis
2899 3565 3182 3615 evertunt.
3209 3559 3339 3622 Quae
3371 3574 3506 3615 cum
3541 3559 3667 3615 sine

2017 3646 2131 3702 ulla
2162 3647 2383 3702 ratione
2415 3645 2709 3718 fecissent,
2741 3648 2811 3702 ad
2843 3647 3147 3703 castellum
3180 3662 3304 3717 qua:
3333 3648 3542 3705 Chalce
3574 3648 3664 3704 di-

2014 3736 2165 3791 citur
2212 3737 2415 3791 eodem
2468 3736 2640 3792 modo
2688 3736 2938 3807 grassari
2985 3736 3323 3793 voluerunt.
3374 3737 3484 3792 Sed
3526 3753 3660 3793 cum

2015 3823 2385 3895 imperatoris
2416 3838 2591 3894 gener
2618 3822 2851 3879 Alexius
2873 3822 3229 3895 Palteologus
3258 3825 3573 3880 exercitum
3596 3825 3658 3881 in

2015 3913 2214 3967 urbem
2250 3911 2598 3977 reduxisset,
2633 3912 2828 3968 furore
2866 3912 3133 3968 nonnihil
3164 3929 3415 3983 represso
3448 3916 3656 3985 emptis

2028 4016 2147 4056 non
2179 3999 2351 4071 plane
2372 3999 2751 4067 destiterunt:
2812 4001 2908 4056 sed
2943 4001 3226 4072 principio
3248 4002 3420 4058 nudis
3460 4018 3660 4074 corpo-

2017 4091 2198 4158 ribus,
2232 4089 2442 4144 deinde
2473 4090 2673 4160 paucis
2712 4090 2948 4145 armatis
2976 4090 3197 4159 ascitis,
3231 4106 3362 4147 cum
3411 4090 3663 4164 legioni-

2016 4182 2128 4237 bus
2158 4181 2305 4235 ferro
2326 4180 2587 4250 undique
2615 4177 2975 4250 fulgentibus
2999 4182 3477 4251 congrediuntur,
3501 4180 3663 4237 nullo

2017 4288 2151 4327 cum
2203 4270 2390 4324 fructu
2449 4273 2505 4324 et
2534 4267 2718 4340 gloria
2769 4268 3052 4325 morituri.
3104 4273 3281 4326 Erant
3328 4272 3505 4328 etiam
3563 4271 3667 4343 qui

2017 4359 2183 4416 tectis
2204 4358 2538 4414 conscensis
2558 4356 2780 4428 tegulas
2810 4357 3136 4429 dijicerent.
3158 4358 3451 4430 etlapides
3483 4377 3668 4433 quan-

2021 4456 2111 4507 tos
2143 4448 2267 4505 vola
2292 4450 2444 4518 capit
2466 4447 2886 4518 jacularentur.
2928 4447 3040 4505 Alii
3063 4449 3308 4520 sagittas
3338 4450 3399 4505 in
3423 4451 3672 4520 impera-

2020 4540 2234 4595 torium
2268 4537 2585 4594 exercitum
2618 4537 2991 4608 torquebant.
3035 4538 3110 4594 Ac
3141 4541 3264 4592 toto
3296 4553 3363 4593 eo
3405 4537 3498 4595 die
3528 4537 3675 4593 nihil

258 4633 359 4704 κῇ,
393 4627 608 4683 κάκεῖσε
646 4627 712 4681 τὰ
743 4628 914 4699 ὅμοια
958 4623 1266 4700 δράσοντες.
1330 4629 1594 4698 Στρατιᾶς
1647 4623 1694 4679 δ’
1752 4626 1912 4704 ἀφιγ.

2026 4629 2272 4685 remissa
2295 4627 2621 4696 iracundia,
2656 4628 2763 4682 sub
2792 4643 3086 4699 vesperam
3118 4627 3353 4683 demum
3384 4626 3672 4683 abierunt.

269 4715 441 4789 μένης
473 4711 766 4788 βασιλικῆς
819 4714 935 4786 μεθ’
984 4712 1101 4774 ἐνὸς
1148 4714 1256 4766 τῶν
1305 4715 1402 4765 τοῦ
1456 4709 1724 4785 βασιλέως
1772 4733 1915 4789 γαμ-

2030 4716 2314 4773 Postridie
2346 4732 2450 4772 nec
2481 4717 3001 4773 obmurmurarunt
3030 4717 3352 4787 quidquam
3385 4732 3491 4773 nec
3522 4732 3677 4789 pug-

263 4801 419 4881 ϐρῶν
452 4806 540 4877 (ἦν
570 4802 616 4858 δ’
650 4803 807 4866 οὗτος
838 4804 865 4857 6
891 4800 1278 4875 Παλαιολόγος
1330 4799 1598 4873 Ἀλέξιος)
1632 4801 1920 4877 ἀνασειρά-

2030 4822 2165 4861 nam
2200 4806 2500 4862 iterarunt.

270 4899 456 4964 ζονται
487 4896 588 4958 τῆς
621 4893 826 4967 ὁρμῆς,
857 4892 920 4946 ού
957 4892 1062 4965 μὴν
1116 4889 1433 4969 ἀφίστανται
1484 4890 1693 4961 τέλεον,
1749 4890 1895 4946 ἀλλὰ
1951 4893 2167 4966 σώμασι
2224 4896 2478 4966 γυμνοῖς,
2540 4893 2655 4947 εἶτα
2711 4893 2799 4947 καὶ
2852 4893 3082 4971 βραχεῖς
3136 4894 3261 4954 τοὺς
3316 4895 3433 4968 μεθ’
3488 4892 3676 4951 ὃπλων

268 4981 669 5061 ἐφισταμένους
729 4978 952 5055 ἔχοντες
1004 4979 1161 5041 ὅλαις
1217 4978 1613 5057 καταφράκτοις
1680 4975 2087 5052 συμπλέκονται
2150 4986 2450 5055 στρατιαῖς,
2522 4982 2661 5055 πρὸς
2736 4978 2891 5037 οὐδὲν
2960 4981 3217 5056 ἀνύσιμον
3266 4981 3303 5053 ἤ
3360 4984 3682 5058 παρεκτικὸν

268 5072 433 5148 ἔργον
479 5067 728 5131 εὐκλείας
783 5067 1037 5138 τελευτᾷν
1089 5064 1368 5140 ἑλόμενοι.
1417 5072 1587 5123 Ἦσαν
1636 5065 1683 5122 δ’
1734 5066 1785 5122 ο’ί
1840 5069 1931 5124 καὶ
1986 5074 2093 5125 τῶν
2154 5072 2322 5144 τεγῶν
2394 5069 2820 5146 ὗπερφερόμενοι
2886 5070 3158 5146 κεράμους
3221 5072 3535 5152 κατέφερον,
3591 5073 3683 5129 καὶ

272 5160 462 5222 λίθους
493 5155 630 5213 ἔνιοι
681 5154 1076 5234 χειροπληθεῖς
1134 5155 1532 5229 ἐπιπέμποντες
1593 5157 1682 5212 καὶ
1742 5157 2076 5223 ὸῖστεύοντες
2129 5156 2306 5232 ἓτεροι
2345 5161 2413 5230 τῇ
2470 5157 2735 5232 βασιλείῳ
2786 5159 3158 5235 ἀντεμάχοντο
3207 5161 3465 5240 φάλαγγι.
3512 5163 3686 5234 Ὅλην

269 5252 364 5307 οὗν
398 5252 498 5315 τῆς
528 5247 740 5322 ἡμέρας
770 5245 980 5318 ἐκείνης
1016 5244 1181 5319 μηδέν
1231 5267 1284 5300 τι
1331 5246 1737 5322 παραλύσαντες
1783 5255 1882 5318 τῆς
1929 5250 2101 5325 ὀργῆς
2154 5245 2514 5317 ὕπενόστησαν
2562 5248 2697 5320 πρὸς
2744 5246 2988 5321 ἑσπέραν.
3034 5251 3117 5322 Τῇ
3167 5249 3216 5304 δ’
3265 5252 3513 5328 ὑστεραίᾳ
3561 5250 3685 5310 οὔτε

265 5364 321 5399 τι
352 5334 711 5414 ἐὸαττάρισαν
744 5336 913 5408 ὅλως,
955 5335 1078 5391 οὔτε
1106 5336 1242 5412 πρὸς
1273 5336 1455 5413 ἀγῶνα
1486 5334 1821 5412 συνέδραμον
1854 5335 2124 5413 δεύτερον.

2109 5480 2256 5535 697
2312 5480 2367 5536 6.
2415 5479 2532 5534 Hoc
2572 5495 2799 5550 quoque
2848 5480 3001 5536 male
3049 5482 3266 5553 elapso,
3323 5486 3562 5557 quidam
3616 5501 3687 5543 ex

2040 5568 2363 5627 Comnenia
2412 5567 2630 5622 familia
2688 5573 2885 5623 contra
2935 5570 3347 5642 imperatorem
3409 5575 3685 5646 insurgit,

2043 5657 2280 5714 nomine
2310 5657 2609 5724 Joannes;
2640 5657 2737 5728 qui
2763 5671 2892 5712 cum
2928 5656 3102 5715 homo
3132 5665 3432 5718 ventrosus
3463 5671 3517 5718 et
3547 5659 3687 5717 dolii

346 5486 416 5555 ζ’.
467 5480 648 5541 Ἀλλᾶ
700 5482 790 5536 καὶ
846 5475 1007 5535 τοῦδε
1060 5482 1157 5534 τοῦ
1210 5482 1378 5533 κακοῦ
1430 5476 1817 5553 παρελθόντος,
1868 5479 1929 5535 ἐκ

268 5581 372 5633 τοῦ
405 5577 516 5630 τῶν
551 5573 853 5644 Κομνηνῶν
887 5591 970 5632 τις
1010 5570 1197 5646 γένους
1241 5571 1321 5640 τῷ
1374 5567 1592 5643 βασιλεῖ
1640 5566 1928 5625 ἐπανίστα-

265 5686 383 5739 ται,
417 5661 678 5729 Ἰωάννης
715 5657 973 5734 τοῦνομαο
1032 5655 1357 5736 προκοίλιος
1405 5656 1451 5710 δ’
1504 5654 1576 5712 ὢν
1620 5658 1707 5713 καὶ
1755 5661 1929 5715 πιθώ-

597 5792 865 5855 ΡΔἸἭΟῘ...
914 5791 1023 5854 Gn.
1070 5790 1392 5854 CXXXIX.
3289 5788 3368 5846 29
