  <div class='ocr_page' id='page_1' title='image "/cluster/home/n/w/nwhite01/storage/ocr_20150623/139/mdp.39015078384214/463.png"; bbox 0 0 4098 6292; ppageno 0'>
   <div class='ocr_carea' id='block_1_1' title="bbox 545 353 666 417">
    <p class='ocr_par' dir='ltr' id='par_1_1' title="bbox 545 353 666 417">
     <span class='ocr_line' id='line_1_1' title="bbox 545 353 666 417; baseline -0.025 -1"><span class='ocrx_word' id='word_1_1' title='bbox 545 353 666 417; x_wconf 81' lang='lat'><strong>907</strong></span> 
     </span>
    </p>
   </div>
   <div class='ocr_carea' id='block_1_2' title="bbox 1871 342 2652 405">
    <p class='ocr_par' dir='ltr' id='par_1_2' title="bbox 1871 342 2652 405">
     <span class='ocr_line' id='line_1_2' title="bbox 1871 342 2652 405; baseline 0.003 -2"><span class='ocrx_word' id='word_1_2' title='bbox 1871 343 2190 404; x_wconf 67' lang='lat' dir='ltr'>NICE&#39;I‘JE</span> <span class='ocrx_word' id='word_1_3' title='bbox 2231 342 2652 405; x_wconf 65' lang='lat' dir='ltr'>CBONIATxE</span> 
     </span>
    </p>
   </div>
   <div class='ocr_carea' id='block_1_3' title="bbox 3761 355 3858 416">
    <p class='ocr_par' dir='ltr' id='par_1_3' title="bbox 3761 355 3858 416">
     <span class='ocr_line' id='line_1_3' title="bbox 3761 355 3858 416; baseline 0 -1"><span class='ocrx_word' id='word_1_4' title='bbox 3761 355 3858 416; x_wconf 84' lang='lat'>908</span> 
     </span>
    </p>
   </div>
   <div class='ocr_carea' id='block_1_4' title="bbox 543 469 2186 554">
    <p class='ocr_par' dir='ltr' id='par_1_4' title="bbox 543 473 2186 554">
     <span class='ocr_line' id='line_1_4' title="bbox 543 473 2186 554; baseline -0.009 -12"><span class='ocrx_word' id='word_1_5' title='bbox 543 484 756 543; x_wconf 80' lang='lat' dir='ltr'>similis</span> <span class='ocrx_word' id='word_1_6' title='bbox 779 485 954 554; x_wconf 87' lang='lat' dir='ltr'>esset,</span> <span class='ocrx_word' id='word_1_7' title='bbox 979 479 1167 538; x_wconf 86' lang='lat' dir='ltr'>Crassi</span> <span class='ocrx_word' id='word_1_8' title='bbox 1187 480 1640 552; x_wconf 73' lang='lat' dir='ltr'>cognomentum</span> <span class='ocrx_word' id='word_1_9' title='bbox 1662 475 1894 532; x_wconf 81' lang='lat' dir='ltr'>tulerat.</span> <span class='ocrx_word' id='word_1_10' title='bbox 1915 475 1968 529; x_wconf 90' lang='lat' dir='ltr'>Is</span> <span class='ocrx_word' id='word_1_11' title='bbox 1993 473 2186 529; x_wconf 90' lang='lat' dir='ltr'>subito</span> 
     </span>
    </p>
   </div>
   <div class='ocr_carea' id='block_1_5' title="bbox 2297 469 3860 554">
    <p class='ocr_par' dir='ltr' id='par_1_5' title="bbox 2303 469 3860 550">
     <span class='ocr_line' id='line_1_5' title="bbox 2303 469 3860 550; baseline 0.002 -24"><span class='ocrx_word' id='word_1_12' title='bbox 2303 469 2401 542; x_wconf 85' lang='grc' dir='ltr'>δης</span> <span class='ocrx_word' id='word_1_13' title='bbox 2429 475 2528 542; x_wconf 77' lang='grc' dir='ltr'>τήν</span> <span class='ocrx_word' id='word_1_14' title='bbox 2561 471 2760 528; x_wconf 75' lang='grc' dir='ltr'>πλαίσιν</span> <span class='ocrx_word' id='word_1_15' title='bbox 2791 494 2888 529; x_wconf 91' lang='grc' dir='ltr'>του</span> <span class='ocrx_word' id='word_1_16' title='bbox 2929 473 3182 546; x_wconf 80' lang='grc' dir='ltr'>σώματος</span> <span class='ocrx_word' id='word_1_17' title='bbox 3233 472 3323 528; x_wconf 78' lang='grc' dir='ltr'>τὸν</span> <span class='ocrx_word' id='word_1_18' title='bbox 3377 472 3546 550; x_wconf 69' lang='grc' dir='ltr'>παχὺν</span> <span class='ocrx_word' id='word_1_19' title='bbox 3592 479 3658 540; x_wconf 77' lang='grc' dir='ltr'>εἷς</span> <span class='ocrx_word' id='word_1_20' title='bbox 3690 477 3860 538; x_wconf 81' lang='grc' dir='ltr'>ἐπώνυ.</span> 
     </span>
    </p>
   </div>
   <div class='ocr_carea' id='block_1_6' title="bbox 489 563 2192 643">
    <p class='ocr_par' dir='ltr' id='par_1_6' title="bbox 489 563 2192 643">
     <span class='ocr_line' id='line_1_6' title="bbox 489 563 2192 643; baseline -0.008 -10"><span class='ocrx_word' id='word_1_21' title='bbox 489 591 500 601; x_wconf 82' lang='grc'><strong>’</strong></span> <span class='ocrx_word' id='word_1_22' title='bbox 543 579 607 633; x_wconf 90' lang='lat' dir='ltr'>in</span> <span class='ocrx_word' id='word_1_23' title='bbox 638 575 958 631; x_wconf 81' lang='lat' dir='ltr'>maximum</span> <span class='ocrx_word' id='word_1_24' title='bbox 988 572 1274 643; x_wconf 85' lang='lat' dir='ltr'>templum</span> <span class='ocrx_word' id='word_1_25' title='bbox 1318 567 1620 639; x_wconf 83' lang='lat' dir='ltr'>confugit;</span> <span class='ocrx_word' id='word_1_26' title='bbox 1673 571 1730 622; x_wconf 90' lang='lat' dir='ltr'>et</span> <span class='ocrx_word' id='word_1_27' title='bbox 1759 565 1979 622; x_wconf 88' lang='lat' dir='ltr'>corolla</span> <span class='ocrx_word' id='word_1_28' title='bbox 2021 581 2089 620; x_wconf 82' lang='lat' dir='ltr'>ex</span> <span class='ocrx_word' id='word_1_29' title='bbox 2121 563 2192 620; x_wconf 90' lang='lat' dir='ltr'>iis</span> 
     </span>
    </p>
   </div>
   <div class='ocr_carea' id='block_1_7' title="bbox 546 654 2193 737">
    <p class='ocr_par' dir='ltr' id='par_1_7' title="bbox 546 654 2193 737">
     <span class='ocr_line' id='line_1_7' title="bbox 546 654 2193 737; baseline -0.009 -16"><span class='ocrx_word' id='word_1_30' title='bbox 546 681 674 737; x_wconf 65' lang='lat' dir='ltr'>qua</span> <span class='ocrx_word' id='word_1_31' title='bbox 705 665 924 720; x_wconf 85' lang='lat' dir='ltr'>circum</span> <span class='ocrx_word' id='word_1_32' title='bbox 958 677 1184 717; x_wconf 86' lang='lat' dir='ltr'>sacram</span> <span class='ocrx_word' id='word_1_33' title='bbox 1216 674 1474 715; x_wconf 82' lang='lat' dir='ltr'>mensam</span> <span class='ocrx_word' id='word_1_34' title='bbox 1512 657 1769 729; x_wconf 76' lang='lat' dir='ltr'>pendent</span> <span class='ocrx_word' id='word_1_35' title='bbox 1795 654 1969 727; x_wconf 81' lang='lat' dir='ltr'>capiti</span> <span class='ocrx_word' id='word_1_36' title='bbox 2001 655 2193 726; x_wconf 89' lang='lat' dir='ltr'>impo-</span> 
     </span>
    </p>
   </div>
   <div class='ocr_carea' id='block_1_8' title="bbox 545 741 2194 823">
    <p class='ocr_par' dir='ltr' id='par_1_8' title="bbox 545 741 2194 823">
     <span class='ocr_line' id='line_1_8' title="bbox 545 741 2194 823; baseline -0.01 -12"><span class='ocrx_word' id='word_1_37' title='bbox 545 759 677 821; x_wconf 81' lang='lat' dir='ltr'>sita,</span> <span class='ocrx_word' id='word_1_38' title='bbox 725 767 920 808; x_wconf 82' lang='lat' dir='ltr'>rursus</span> <span class='ocrx_word' id='word_1_39' title='bbox 951 750 1270 823; x_wconf 83' lang='lat' dir='ltr'>egreditur,</span> <span class='ocrx_word' id='word_1_40' title='bbox 1303 753 1360 804; x_wconf 89' lang='lat' dir='ltr'>et</span> <span class='ocrx_word' id='word_1_41' title='bbox 1386 766 1419 804; x_wconf 86' lang='lat' dir='ltr'>a</span> <span class='ocrx_word' id='word_1_42' title='bbox 1448 746 1770 817; x_wconf 81' lang='lat' dir='ltr'>conjuratis</span> <span class='ocrx_word' id='word_1_43' title='bbox 1803 745 1924 816; x_wconf 89' lang='lat' dir='ltr'>(qui</span> <span class='ocrx_word' id='word_1_44' title='bbox 1956 741 2194 815; x_wconf 85' lang='lat' dir='ltr'>plurimi</span> 
     </span>
    </p>
   </div>
   <div class='ocr_carea' id='block_1_9' title="bbox 545 834 2193 912">
    <p class='ocr_par' dir='ltr' id='par_1_9' title="bbox 545 834 2193 912">
     <span class='ocr_line' id='line_1_9' title="bbox 545 834 2193 912; baseline -0.008 -13"><span class='ocrx_word' id='word_1_45' title='bbox 545 847 728 910; x_wconf 89' lang='lat' dir='ltr'>erant,</span> <span class='ocrx_word' id='word_1_46' title='bbox 781 845 840 896; x_wconf 89' lang='lat' dir='ltr'>et</span> <span class='ocrx_word' id='word_1_47' title='bbox 898 839 1162 912; x_wconf 83' lang='lat' dir='ltr'>plerique</span> <span class='ocrx_word' id='word_1_48' title='bbox 1210 836 1512 893; x_wconf 87' lang='lat' dir='ltr'>nobilitate</span> <span class='ocrx_word' id='word_1_49' title='bbox 1543 834 1824 905; x_wconf 84' lang='lat' dir='ltr'>insignes)</span> <span class='ocrx_word' id='word_1_50' title='bbox 1874 837 1930 890; x_wconf 88' lang='lat' dir='ltr'>et</span> <span class='ocrx_word' id='word_1_51' title='bbox 1971 847 2193 904; x_wconf 64' lang='lat' dir='ltr'>magna;</span> 
     </span>
    </p>
   </div>
   <div class='ocr_carea' id='block_1_10' title="bbox 545 923 2194 998">
    <p class='ocr_par' dir='ltr' id='par_1_10' title="bbox 545 923 2194 998">
     <span class='ocr_line' id='line_1_10' title="bbox 545 923 2194 998; baseline -0.007 -10"><span class='ocrx_word' id='word_1_52' title='bbox 545 932 729 988; x_wconf 70' lang='lat' dir='ltr'>turbae</span> <span class='ocrx_word' id='word_1_53' title='bbox 777 944 1056 986; x_wconf 82' lang='lat' dir='ltr'>concursu</span> <span class='ocrx_word' id='word_1_54' title='bbox 1115 927 1284 984; x_wconf 80' lang='lat' dir='ltr'>facile</span> <span class='ocrx_word' id='word_1_55' title='bbox 1313 927 1372 982; x_wconf 90' lang='lat' dir='ltr'>in</span> <span class='ocrx_word' id='word_1_56' title='bbox 1422 926 1694 998; x_wconf 83' lang='lat' dir='ltr'>Magnum</span> <span class='ocrx_word' id='word_1_57' title='bbox 1727 923 2011 978; x_wconf 82' lang='lat' dir='ltr'>Palatium</span> <span class='ocrx_word' id='word_1_58' title='bbox 2063 937 2194 994; x_wconf 89' lang='lat' dir='ltr'>per-</span> 
     </span>
    </p>
   </div>
   <div class='ocr_carea' id='block_1_11' title="bbox 544 1013 2198 1086">
    <p class='ocr_par' dir='ltr' id='par_1_11' title="bbox 544 1013 2198 1086">
     <span class='ocr_line' id='line_1_11' title="bbox 544 1013 2198 1086; baseline -0.008 -6"><span class='ocrx_word' id='word_1_59' title='bbox 544 1024 760 1080; x_wconf 88' lang='lat' dir='ltr'>ductus</span> <span class='ocrx_word' id='word_1_60' title='bbox 791 1022 852 1078; x_wconf 92' lang='lat' dir='ltr'>in</span> <span class='ocrx_word' id='word_1_61' title='bbox 883 1024 1084 1077; x_wconf 87' lang='lat' dir='ltr'>aurato</span> <span class='ocrx_word' id='word_1_62' title='bbox 1115 1018 1259 1074; x_wconf 89' lang='lat' dir='ltr'>solio</span> <span class='ocrx_word' id='word_1_63' title='bbox 1290 1015 1576 1084; x_wconf 83' lang='lat' dir='ltr'>consedit,</span> <span class='ocrx_word' id='word_1_64' title='bbox 1609 1017 1667 1070; x_wconf 89' lang='lat' dir='ltr'>et</span> <span class='ocrx_word' id='word_1_65' title='bbox 1696 1013 2045 1086; x_wconf 71' lang='lat' dir='ltr'>quibusdam</span> <span class='ocrx_word' id='word_1_66' title='bbox 2079 1028 2198 1068; x_wconf 86' lang='lat' dir='ltr'>ma-</span> 
     </span>
    </p>
   </div>
   <div class='ocr_carea' id='block_1_12' title="bbox 547 1101 2196 1176">
    <p class='ocr_par' dir='ltr' id='par_1_12' title="bbox 547 1101 2196 1176">
     <span class='ocr_line' id='line_1_12' title="bbox 547 1101 2196 1176; baseline -0.008 -6"><span class='ocrx_word' id='word_1_67' title='bbox 547 1113 703 1170; x_wconf 84' lang='lat' dir='ltr'>xima</span> <span class='ocrx_word' id='word_1_68' title='bbox 720 1111 909 1168; x_wconf 73' lang='lat' dir='ltr'>officia</span> <span class='ocrx_word' id='word_1_69' title='bbox 937 1107 1276 1173; x_wconf 79' lang='lat' dir='ltr'>committit,</span> <span class='ocrx_word' id='word_1_70' title='bbox 1307 1107 1538 1162; x_wconf 90' lang='lat' dir='ltr'>interim</span> <span class='ocrx_word' id='word_1_71' title='bbox 1571 1103 1742 1176; x_wconf 88' lang='lat' dir='ltr'>vulgo</span> <span class='ocrx_word' id='word_1_72' title='bbox 1773 1109 1831 1159; x_wconf 88' lang='lat' dir='ltr'>et</span> <span class='ocrx_word' id='word_1_73' title='bbox 1860 1109 2016 1174; x_wconf 90' lang='lat' dir='ltr'>parte</span> <span class='ocrx_word' id='word_1_74' title='bbox 2048 1101 2196 1157; x_wconf 87' lang='lat' dir='ltr'>sedi-</span> 
     </span>
    </p>
   </div>
   <div class='ocr_carea' id='block_1_13' title="bbox 543 1194 2192 1271">
    <p class='ocr_par' dir='ltr' id='par_1_13' title="bbox 543 1194 2192 1271">
     <span class='ocr_line' id='line_1_13' title="bbox 543 1194 2192 1271; baseline -0.008 -13"><span class='ocrx_word' id='word_1_75' title='bbox 543 1203 826 1258; x_wconf 88' lang='lat' dir='ltr'>tiosorum</span> <span class='ocrx_word' id='word_1_76' title='bbox 851 1214 946 1271; x_wconf 89' lang='lat' dir='ltr'>per</span> <span class='ocrx_word' id='word_1_77' title='bbox 977 1198 1122 1264; x_wconf 82' lang='lat' dir='ltr'>fora,</span> <span class='ocrx_word' id='word_1_78' title='bbox 1145 1196 1304 1251; x_wconf 85' lang='lat' dir='ltr'>vicos</span> <span class='ocrx_word' id='word_1_79' title='bbox 1334 1199 1393 1252; x_wconf 88' lang='lat' dir='ltr'>et</span> <span class='ocrx_word' id='word_1_80' title='bbox 1417 1194 1609 1250; x_wconf 82' lang='lat' dir='ltr'>littora</span> <span class='ocrx_word' id='word_1_81' title='bbox 1631 1209 1762 1249; x_wconf 91' lang='lat' dir='ltr'>eum</span> <span class='ocrx_word' id='word_1_82' title='bbox 1795 1197 2192 1248; x_wconf 86' lang='lat' dir='ltr'>Romanorum</span> 
     </span>
    </p>
   </div>
   <div class='ocr_carea' id='block_1_14' title="bbox 541 1277 2192 1362">
    <p class='ocr_par' dir='ltr' id='par_1_14' title="bbox 541 1277 2192 1362">
     <span class='ocr_line' id='line_1_14' title="bbox 541 1277 2192 1362; baseline -0.008 -16"><span class='ocrx_word' id='word_1_83' title='bbox 541 1289 952 1362; x_wconf 80' lang='lat' dir='ltr'>imperatorem</span> <span class='ocrx_word' id='word_1_84' title='bbox 1001 1285 1398 1358; x_wconf 82' lang='lat' dir='ltr'>proclamante</span> <span class='ocrx_word' id='word_1_85' title='bbox 1440 1289 1497 1339; x_wconf 87' lang='lat' dir='ltr'>et</span> <span class='ocrx_word' id='word_1_86' title='bbox 1545 1281 1885 1354; x_wconf 84' lang='lat' dir='ltr'>magniﬁcas</span> <span class='ocrx_word' id='word_1_87' title='bbox 1917 1279 2072 1336; x_wconf 82' lang='lat' dir='ltr'>sedes</span> <span class='ocrx_word' id='word_1_88' title='bbox 2103 1277 2192 1334; x_wconf 91' lang='lat' dir='ltr'>di-</span> 
     </span>
    </p>
   </div>
   <div class='ocr_carea' id='block_1_15' title="bbox 541 1369 2195 1442">
    <p class='ocr_par' dir='ltr' id='par_1_15' title="bbox 541 1369 2195 1442">
     <span class='ocr_line' id='line_1_15' title="bbox 541 1369 2195 1442; baseline -0.008 -6"><span class='ocrx_word' id='word_1_89' title='bbox 541 1382 762 1436; x_wconf 88' lang='lat' dir='ltr'>ruente.</span> <span class='ocrx_word' id='word_1_90' title='bbox 797 1377 974 1433; x_wconf 85' lang='lat' dir='ltr'>Nocte</span> <span class='ocrx_word' id='word_1_91' title='bbox 1025 1377 1279 1432; x_wconf 90' lang='lat' dir='ltr'>instante</span> <span class='ocrx_word' id='word_1_92' title='bbox 1308 1377 1562 1430; x_wconf 82' lang='lat' dir='ltr'>Joannes</span> <span class='ocrx_word' id='word_1_93' title='bbox 1613 1387 1718 1426; x_wconf 90' lang='lat' dir='ltr'>nec</span> <span class='ocrx_word' id='word_1_94' title='bbox 1752 1369 1947 1442; x_wconf 81' lang='lat' dir='ltr'>palatii</span> <span class='ocrx_word' id='word_1_95' title='bbox 2000 1373 2195 1424; x_wconf 88' lang='lat' dir='ltr'>custo-</span> 
     </span>
    </p>
   </div>
   <div class='ocr_carea' id='block_1_16' title="bbox 547 1457 2194 1537">
    <p class='ocr_par' dir='ltr' id='par_1_16' title="bbox 547 1457 2194 1537">
     <span class='ocr_line' id='line_1_16' title="bbox 547 1457 2194 1537; baseline -0.008 -13"><span class='ocrx_word' id='word_1_96' title='bbox 547 1469 707 1526; x_wconf 85' lang='lat' dir='ltr'>diam</span> <span class='ocrx_word' id='word_1_97' title='bbox 739 1467 981 1533; x_wconf 86' lang='lat' dir='ltr'>curavit,</span> <span class='ocrx_word' id='word_1_98' title='bbox 1017 1471 1082 1520; x_wconf 89' lang='lat' dir='ltr'>ut</span> <span class='ocrx_word' id='word_1_99' title='bbox 1113 1463 1390 1537; x_wconf 85' lang='lat' dir='ltr'>oportuit,</span> <span class='ocrx_word' id='word_1_100' title='bbox 1437 1477 1541 1518; x_wconf 91' lang='lat' dir='ltr'>nec</span> <span class='ocrx_word' id='word_1_101' title='bbox 1573 1477 1803 1517; x_wconf 86' lang='lat' dir='ltr'>eversas</span> <span class='ocrx_word' id='word_1_102' title='bbox 1835 1459 1985 1515; x_wconf 89' lang='lat' dir='ltr'>fores</span> <span class='ocrx_word' id='word_1_103' title='bbox 2031 1457 2194 1512; x_wconf 77' lang='lat' dir='ltr'>resti~</span> 
     </span>
    </p>
   </div>
   <div class='ocr_carea' id='block_1_17' title="bbox 546 1545 2194 1614">
    <p class='ocr_par' dir='ltr' id='par_1_17' title="bbox 546 1545 2194 1614">
     <span class='ocr_line' id='line_1_17' title="bbox 546 1545 2194 1614; baseline -0.007 0"><span class='ocrx_word' id='word_1_104' title='bbox 546 1557 664 1614; x_wconf 89' lang='lat' dir='ltr'>tuit</span> <span class='ocrx_word' id='word_1_105' title='bbox 689 1573 702 1612; x_wconf 92' lang='lat'>:</span> <span class='ocrx_word' id='word_1_106' title='bbox 727 1556 826 1612; x_wconf 90' lang='lat' dir='ltr'>sed</span> <span class='ocrx_word' id='word_1_107' title='bbox 856 1553 1014 1611; x_wconf 88' lang='lat' dir='ltr'>velut</span> <span class='ocrx_word' id='word_1_108' title='bbox 1039 1551 1386 1608; x_wconf 88' lang='lat' dir='ltr'>adversariis</span> <span class='ocrx_word' id='word_1_109' title='bbox 1419 1549 1691 1606; x_wconf 90' lang='lat' dir='ltr'>omnibus</span> <span class='ocrx_word' id='word_1_110' title='bbox 1710 1546 1964 1604; x_wconf 84' lang='lat' dir='ltr'>sublatis</span> <span class='ocrx_word' id='word_1_111' title='bbox 1985 1545 2045 1601; x_wconf 91' lang='lat' dir='ltr'>in</span> <span class='ocrx_word' id='word_1_112' title='bbox 2069 1550 2194 1602; x_wconf 91' lang='lat' dir='ltr'>tuto</span> 
     </span>
    </p>
   </div>
   <div class='ocr_carea' id='block_1_18' title="bbox 549 1633 2193 1714">
    <p class='ocr_par' dir='ltr' id='par_1_18' title="bbox 549 1633 2193 1714">
     <span class='ocr_line' id='line_1_18' title="bbox 549 1633 2193 1714; baseline -0.008 -12"><span class='ocrx_word' id='word_1_113' title='bbox 549 1645 884 1714; x_wconf 90' lang='lat' dir='ltr'>collocatus,</span> <span class='ocrx_word' id='word_1_114' title='bbox 915 1648 1191 1714; x_wconf 85' lang='lat' dir='ltr'>tanquam</span> <span class='ocrx_word' id='word_1_115' title='bbox 1241 1640 1484 1712; x_wconf 86' lang='lat' dir='ltr'>delphin</span> <span class='ocrx_word' id='word_1_116' title='bbox 1517 1639 1800 1694; x_wconf 85' lang='lat' dir='ltr'>anhelans</span> <span class='ocrx_word' id='word_1_117' title='bbox 1848 1644 1903 1692; x_wconf 92' lang='lat' dir='ltr'>et</span> <span class='ocrx_word' id='word_1_118' title='bbox 1933 1635 2004 1692; x_wconf 90' lang='lat' dir='ltr'>ob</span> <span class='ocrx_word' id='word_1_119' title='bbox 2033 1633 2193 1691; x_wconf 83' lang='lat' dir='ltr'>sitim</span> 
     </span>
    </p>
   </div>
   <div class='ocr_carea' id='block_1_19' title="bbox 549 1723 2192 1799">
    <p class='ocr_par' dir='ltr' id='par_1_19' title="bbox 549 1723 2192 1799">
     <span class='ocr_line' id='line_1_19' title="bbox 549 1723 2192 1799; baseline -0.009 -9"><span class='ocrx_word' id='word_1_120' title='bbox 549 1731 1126 1790; x_wconf 86' lang='lat' dir='ltr'>vehementissimam</span> <span class='ocrx_word' id='word_1_121' title='bbox 1142 1732 1294 1784; x_wconf 90' lang='lat' dir='ltr'>totas</span> <span class='ocrx_word' id='word_1_122' title='bbox 1316 1745 1408 1784; x_wconf 89' lang='lat' dir='ltr'>am</span> <span class='ocrx_word' id='word_1_123' title='bbox 1419 1727 1631 1799; x_wconf 87' lang='lat' dir='ltr'>phoras</span> <span class='ocrx_word' id='word_1_124' title='bbox 1645 1741 1809 1797; x_wconf 81' lang='lat' dir='ltr'>aquas</span> <span class='ocrx_word' id='word_1_125' title='bbox 1824 1723 2192 1785; x_wconf 88' lang='lat' dir='ltr'>exhauriens,</span> 
     </span>
    </p>
   </div>
   <div class='ocr_carea' id='block_1_20' title="bbox 550 1814 2194 1886">
    <p class='ocr_par' dir='ltr' id='par_1_20' title="bbox 550 1814 2194 1886">
     <span class='ocr_line' id='line_1_20' title="bbox 550 1814 2194 1886; baseline -0.009 -8"><span class='ocrx_word' id='word_1_126' title='bbox 550 1821 824 1878; x_wconf 90' lang='lat' dir='ltr'>sudorem</span> <span class='ocrx_word' id='word_1_127' title='bbox 857 1819 962 1876; x_wconf 81' lang='lat' dir='ltr'>rivi</span> <span class='ocrx_word' id='word_1_128' title='bbox 991 1818 1180 1874; x_wconf 88' lang='lat' dir='ltr'>instar</span> <span class='ocrx_word' id='word_1_129' title='bbox 1211 1832 1280 1872; x_wconf 84' lang='lat' dir='ltr'>ex</span> <span class='ocrx_word' id='word_1_130' title='bbox 1308 1822 1472 1872; x_wconf 86' lang='lat' dir='ltr'>vasto</span> <span class='ocrx_word' id='word_1_131' title='bbox 1521 1830 1759 1886; x_wconf 89' lang='lat' dir='ltr'>corpore</span> <span class='ocrx_word' id='word_1_132' title='bbox 1788 1814 2194 1870; x_wconf 88' lang='lat' dir='ltr'>decurrentem</span> 
     </span>
    </p>
   </div>
   <div class='ocr_carea' id='block_1_21' title="bbox 553 1897 2198 1978">
    <p class='ocr_par' dir='ltr' id='par_1_21' title="bbox 553 1897 2198 1978">
     <span class='ocr_line' id='line_1_21' title="bbox 553 1897 2198 1978; baseline -0.008 -11"><span class='ocrx_word' id='word_1_133' title='bbox 553 1915 610 1968; x_wconf 89' lang='lat' dir='ltr'>et</span> <span class='ocrx_word' id='word_1_134' title='bbox 666 1911 992 1967; x_wconf 81' lang='lat' dir='ltr'>fumantem</span> <span class='ocrx_word' id='word_1_135' title='bbox 1056 1906 1442 1978; x_wconf 80' lang='lat' dir='ltr'>abstergebat.</span> <span class='ocrx_word' id='word_1_136' title='bbox 1492 1905 1630 1976; x_wconf 87' lang='lat' dir='ltr'>Ejus</span> <span class='ocrx_word' id='word_1_137' title='bbox 1675 1919 1807 1960; x_wconf 89' lang='lat' dir='ltr'>vero</span> <span class='ocrx_word' id='word_1_138' title='bbox 1856 1899 2074 1957; x_wconf 88' lang='lat' dir='ltr'>milites</span> <span class='ocrx_word' id='word_1_139' title='bbox 2125 1897 2198 1954; x_wconf 88' lang='lat' dir='ltr'>ad</span> 
     </span>
    </p>
   </div>
   <div class='ocr_carea' id='block_1_22' title="bbox 552 1988 2199 2067">
    <p class='ocr_par' dir='ltr' id='par_1_22' title="bbox 552 1988 2199 2067">
     <span class='ocr_line' id='line_1_22' title="bbox 552 1988 2199 2067; baseline -0.007 -14"><span class='ocrx_word' id='word_1_140' title='bbox 552 1997 772 2054; x_wconf 86' lang='lat' dir='ltr'>circum</span> <span class='ocrx_word' id='word_1_141' title='bbox 829 1997 1154 2067; x_wconf 83' lang='lat' dir='ltr'>equestrem</span> <span class='ocrx_word' id='word_1_142' title='bbox 1223 1998 1438 2048; x_wconf 87' lang='lat' dir='ltr'>temere</span> <span class='ocrx_word' id='word_1_143' title='bbox 1495 1988 1971 2046; x_wconf 86' lang='lat' dir='ltr'>deambulabant.</span> <span class='ocrx_word' id='word_1_144' title='bbox 2050 1991 2199 2042; x_wconf 84' lang='lat' dir='ltr'>Nam</span> 
     </span>
    </p>
   </div>
   <div class='ocr_carea' id='block_1_23' title="bbox 552 2076 2198 2158">
    <p class='ocr_par' dir='ltr' id='par_1_23' title="bbox 552 2076 2198 2158">
     <span class='ocr_line' id='line_1_23' title="bbox 552 2076 2198 2158; baseline -0.007 -18"><span class='ocrx_word' id='word_1_145' title='bbox 552 2087 720 2158; x_wconf 90' lang='lat' dir='ltr'>plebs</span> <span class='ocrx_word' id='word_1_146' title='bbox 753 2089 886 2157; x_wconf 88' lang='lat' dir='ltr'>post</span> <span class='ocrx_word' id='word_1_147' title='bbox 916 2083 1061 2140; x_wconf 92' lang='lat' dir='ltr'>solis</span> <span class='ocrx_word' id='word_1_148' title='bbox 1088 2098 1361 2138; x_wconf 88' lang='lat' dir='ltr'>occasum</span> <span class='ocrx_word' id='word_1_149' title='bbox 1393 2083 1459 2135; x_wconf 90' lang='lat' dir='ltr'>ut</span> <span class='ocrx_word' id='word_1_150' title='bbox 1507 2095 1646 2151; x_wconf 84' lang='lat' dir='ltr'>grex</span> <span class='ocrx_word' id='word_1_151' title='bbox 1673 2079 1863 2134; x_wconf 86' lang='lat' dir='ltr'>avium</span> <span class='ocrx_word' id='word_1_152' title='bbox 1897 2076 2198 2148; x_wconf 85' lang='lat' dir='ltr'>dissipata,</span> 
     </span>
    </p>
   </div>
   <div class='ocr_carea' id='block_1_24' title="bbox 553 2165 2199 2239">
    <p class='ocr_par' dir='ltr' id='par_1_24' title="bbox 553 2165 2199 2239">
     <span class='ocr_line' id='line_1_24' title="bbox 553 2165 2199 2239; baseline -0.005 -9"><span class='ocrx_word' id='word_1_153' title='bbox 553 2175 706 2230; x_wconf 79' lang='lat'><strong>698</strong></span> <span class='ocrx_word' id='word_1_154' title='bbox 754 2178 817 2228; x_wconf 92' lang='lat' dir='ltr'>ut</span> <span class='ocrx_word' id='word_1_155' title='bbox 847 2188 1052 2228; x_wconf 86' lang='lat' dir='ltr'>aurora</span> <span class='ocrx_word' id='word_1_156' title='bbox 1098 2171 1342 2228; x_wconf 87' lang='lat' dir='ltr'>celerius</span> <span class='ocrx_word' id='word_1_157' title='bbox 1391 2171 1635 2224; x_wconf 88' lang='lat' dir='ltr'>oriretur</span> <span class='ocrx_word' id='word_1_158' title='bbox 1681 2167 1937 2239; x_wconf 77' lang='lat' dir='ltr'>optabat,</span> <span class='ocrx_word' id='word_1_159' title='bbox 1970 2182 2086 2238; x_wconf 91' lang='lat' dir='ltr'>quo</span> <span class='ocrx_word' id='word_1_160' title='bbox 2115 2165 2199 2222; x_wconf 87' lang='lat' dir='ltr'>lo-</span> 
     </span>
    </p>
   </div>
   <div class='ocr_carea' id='block_1_25' title="bbox 552 2259 2198 2335">
    <p class='ocr_par' dir='ltr' id='par_1_25' title="bbox 552 2259 2198 2335">
     <span class='ocr_line' id='line_1_25' title="bbox 552 2259 2198 2335; baseline -0.005 -15"><span class='ocrx_word' id='word_1_161' title='bbox 552 2263 851 2335; x_wconf 87' lang='lat' dir='ltr'>cupletum</span> <span class='ocrx_word' id='word_1_162' title='bbox 883 2261 1034 2316; x_wconf 73' lang='lat' dir='ltr'>aedes</span> <span class='ocrx_word' id='word_1_163' title='bbox 1065 2259 1360 2332; x_wconf 85' lang='lat' dir='ltr'>diriperet.</span> <span class='ocrx_word' id='word_1_164' title='bbox 1395 2260 1708 2330; x_wconf 88' lang='lat' dir='ltr'>Imperator</span> <span class='ocrx_word' id='word_1_165' title='bbox 1736 2272 1870 2313; x_wconf 88' lang='lat' dir='ltr'>vero</span> <span class='ocrx_word' id='word_1_166' title='bbox 1905 2259 2198 2326; x_wconf 80' lang='lat' dir='ltr'>cognatos,</span> 
     </span>
    </p>
   </div>
   <div class='ocr_carea' id='block_1_26' title="bbox 556 2345 2199 2424">
    <p class='ocr_par' dir='ltr' id='par_1_26' title="bbox 556 2345 2199 2424">
     <span class='ocr_line' id='line_1_26' title="bbox 556 2345 2199 2424; baseline -0.006 -14"><span class='ocrx_word' id='word_1_167' title='bbox 556 2357 616 2410; x_wconf 89' lang='lat' dir='ltr'>et</span> <span class='ocrx_word' id='word_1_168' title='bbox 644 2351 926 2424; x_wconf 89' lang='lat' dir='ltr'>quidquid</span> <span class='ocrx_word' id='word_1_169' title='bbox 953 2349 1353 2406; x_wconf 86' lang='lat' dir='ltr'>bellicosorum</span> <span class='ocrx_word' id='word_1_170' title='bbox 1371 2347 1678 2403; x_wconf 87' lang='lat' dir='ltr'>hominum</span> <span class='ocrx_word' id='word_1_171' title='bbox 1701 2362 1901 2402; x_wconf 88' lang='lat' dir='ltr'>secum</span> <span class='ocrx_word' id='word_1_172' title='bbox 1925 2345 2199 2413; x_wconf 87' lang='lat' dir='ltr'>habebat,</span> 
     </span>
    </p>
   </div>
   <div class='ocr_carea' id='block_1_27' title="bbox 557 2434 2200 2510">
    <p class='ocr_par' dir='ltr' id='par_1_27' title="bbox 557 2434 2200 2510">
     <span class='ocr_line' id='line_1_27' title="bbox 557 2434 2200 2510; baseline -0.008 -8"><span class='ocrx_word' id='word_1_173' title='bbox 557 2442 742 2510; x_wconf 87' lang='lat' dir='ltr'>misit,</span> <span class='ocrx_word' id='word_1_174' title='bbox 775 2445 838 2496; x_wconf 89' lang='lat' dir='ltr'>ut</span> <span class='ocrx_word' id='word_1_175' title='bbox 867 2439 928 2496; x_wconf 91' lang='lat' dir='ltr'>in</span> <span class='ocrx_word' id='word_1_176' title='bbox 973 2439 1230 2496; x_wconf 89' lang='lat' dir='ltr'>tenebris</span> <span class='ocrx_word' id='word_1_177' title='bbox 1269 2441 1551 2494; x_wconf 84' lang='lat' dir='ltr'>Joannem</span> <span class='ocrx_word' id='word_1_178' title='bbox 1605 2436 2020 2509; x_wconf 88' lang='lat' dir='ltr'>opprimerent.</span> <span class='ocrx_word' id='word_1_179' title='bbox 2055 2434 2200 2490; x_wconf 88' lang='lat' dir='ltr'>Nam</span> 
     </span>
    </p>
   </div>
   <div class='ocr_carea' id='block_1_28' title="bbox 559 2525 2200 2597">
    <p class='ocr_par' dir='ltr' id='par_1_28' title="bbox 559 2525 2200 2597">
     <span class='ocr_line' id='line_1_28' title="bbox 559 2525 2200 2597; baseline -0.005 -9"><span class='ocrx_word' id='word_1_180' title='bbox 559 2532 610 2589; x_wconf 90' lang='lat' dir='ltr'>si</span> <span class='ocrx_word' id='word_1_181' title='bbox 643 2529 965 2596; x_wconf 85' lang='lat' dir='ltr'>diluxisset,</span> <span class='ocrx_word' id='word_1_182' title='bbox 987 2527 1267 2584; x_wconf 87' lang='lat' dir='ltr'>urbanam</span> <span class='ocrx_word' id='word_1_183' title='bbox 1298 2528 1526 2584; x_wconf 80' lang='lat' dir='ltr'>turbam</span> <span class='ocrx_word' id='word_1_184' title='bbox 1553 2543 1668 2582; x_wconf 91' lang='lat' dir='ltr'>non</span> <span class='ocrx_word' id='word_1_185' title='bbox 1700 2542 1826 2582; x_wconf 88' lang='lat' dir='ltr'>esse</span> <span class='ocrx_word' id='word_1_186' title='bbox 1844 2525 2200 2597; x_wconf 88' lang='lat' dir='ltr'>quieturam,</span> 
     </span>
    </p>
   </div>
   <div class='ocr_carea' id='block_1_29' title="bbox 561 2614 2202 2691">
    <p class='ocr_par' dir='ltr' id='par_1_29' title="bbox 561 2614 2202 2691">
     <span class='ocr_line' id='line_1_29' title="bbox 561 2614 2202 2691; baseline -0.004 -15"><span class='ocrx_word' id='word_1_187' title='bbox 561 2619 661 2678; x_wconf 88' lang='lat' dir='ltr'>sed</span> <span class='ocrx_word' id='word_1_188' title='bbox 691 2617 864 2690; x_wconf 85' lang='lat' dir='ltr'>longe</span> <span class='ocrx_word' id='word_1_189' title='bbox 904 2617 1098 2691; x_wconf 87' lang='lat' dir='ltr'>plures</span> <span class='ocrx_word' id='word_1_190' title='bbox 1127 2621 1186 2674; x_wconf 90' lang='lat' dir='ltr'>et</span> <span class='ocrx_word' id='word_1_191' title='bbox 1231 2617 1680 2689; x_wconf 86' lang='lat' dir='ltr'>importuniores</span> <span class='ocrx_word' id='word_1_192' title='bbox 1719 2630 2104 2673; x_wconf 87' lang='lat' dir='ltr'>concursuros</span> <span class='ocrx_word' id='word_1_193' title='bbox 2133 2614 2202 2670; x_wconf 87' lang='lat' dir='ltr'>ad</span> 
     </span>
    </p>
   </div>
   <div class='ocr_carea' id='block_1_30' title="bbox 563 2703 2202 2783">
    <p class='ocr_par' dir='ltr' id='par_1_30' title="bbox 563 2703 2202 2783">
     <span class='ocr_line' id='line_1_30' title="bbox 563 2703 2202 2783; baseline -0.004 -18"><span class='ocrx_word' id='word_1_194' title='bbox 563 2713 880 2783; x_wconf 79' lang='lat' dir='ltr'>tyrannum</span> <span class='ocrx_word' id='word_1_195' title='bbox 910 2708 1292 2780; x_wconf 87' lang='lat' dir='ltr'>adjutandum</span> <span class='ocrx_word' id='word_1_196' title='bbox 1341 2713 1398 2764; x_wconf 88' lang='lat' dir='ltr'>et</span> <span class='ocrx_word' id='word_1_197' title='bbox 1427 2706 1879 2762; x_wconf 82' lang='lat' dir='ltr'>defendendum.</span> <span class='ocrx_word' id='word_1_198' title='bbox 1912 2707 2094 2772; x_wconf 84' lang='lat' dir='ltr'>Quare</span> <span class='ocrx_word' id='word_1_199' title='bbox 2140 2703 2202 2759; x_wconf 90' lang='lat' dir='ltr'>bi</span> 
     </span>
    </p>
   </div>
   <div class='ocr_carea' id='block_1_31' title="bbox 557 2795 2198 2867">
    <p class='ocr_par' dir='ltr' id='par_1_31' title="bbox 557 2795 2198 2867">
     <span class='ocr_line' id='line_1_31' title="bbox 557 2795 2198 2867; baseline -0.004 -11"><span class='ocrx_word' id='word_1_200' title='bbox 557 2797 844 2856; x_wconf 87' lang='lat' dir='ltr'>naviculis</span> <span class='ocrx_word' id='word_1_201' title='bbox 891 2798 964 2854; x_wconf 88' lang='lat' dir='ltr'>ad</span> <span class='ocrx_word' id='word_1_202' title='bbox 1025 2798 1340 2867; x_wconf 85' lang='lat' dir='ltr'>llodegium</span> <span class='ocrx_word' id='word_1_203' title='bbox 1404 2795 1821 2854; x_wconf 84' lang='lat' dir='ltr'>monasterium</span> <span class='ocrx_word' id='word_1_204' title='bbox 1882 2795 2198 2866; x_wconf 75' lang='lat' dir='ltr'>trajiciunt,</span> 
     </span>
    </p>
   </div>
   <div class='ocr_carea' id='block_1_32' title="bbox 553 2884 2202 2961">
    <p class='ocr_par' dir='ltr' id='par_1_32' title="bbox 553 2884 2202 2961">
     <span class='ocr_line' id='line_1_32' title="bbox 553 2884 2202 2961; baseline -0.003 -15"><span class='ocrx_word' id='word_1_205' title='bbox 553 2894 732 2961; x_wconf 88' lang='lat' dir='ltr'>atque</span> <span class='ocrx_word' id='word_1_206' title='bbox 753 2887 889 2944; x_wconf 90' lang='lat' dir='ltr'>inde</span> <span class='ocrx_word' id='word_1_207' title='bbox 907 2903 1037 2943; x_wconf 91' lang='lat' dir='ltr'>cum</span> <span class='ocrx_word' id='word_1_208' title='bbox 1059 2887 1437 2959; x_wconf 84' lang='lat' dir='ltr'>bipenniferis</span> <span class='ocrx_word' id='word_1_209' title='bbox 1461 2885 1833 2958; x_wconf 84' lang='lat' dir='ltr'>imperatoris</span> <span class='ocrx_word' id='word_1_210' title='bbox 1855 2884 2202 2941; x_wconf 84' lang='lat' dir='ltr'>satellitibus</span> 
     </span>
    </p>
   </div>
   <div class='ocr_carea' id='block_1_33' title="bbox 555 2975 2199 3050">
    <p class='ocr_par' dir='ltr' id='par_1_33' title="bbox 555 2975 2199 3050">
     <span class='ocr_line' id='line_1_33' title="bbox 555 2975 2199 3050; baseline -0.004 -14"><span class='ocrx_word' id='word_1_211' title='bbox 555 2996 618 3036; x_wconf 92' lang='lat' dir='ltr'>se</span> <span class='ocrx_word' id='word_1_212' title='bbox 675 2979 1042 3050; x_wconf 82' lang='lat' dir='ltr'>conjungunt</span> <span class='ocrx_word' id='word_1_213' title='bbox 1087 2978 1301 3050; x_wconf 89' lang='lat' dir='ltr'>(neque</span> <span class='ocrx_word' id='word_1_214' title='bbox 1357 2977 1514 3033; x_wconf 88' lang='lat' dir='ltr'>enim</span> <span class='ocrx_word' id='word_1_215' title='bbox 1576 2975 1814 3032; x_wconf 87' lang='lat' dir='ltr'>armatis</span> <span class='ocrx_word' id='word_1_216' title='bbox 1860 2992 1959 3046; x_wconf 90' lang='lat' dir='ltr'>per</span> <span class='ocrx_word' id='word_1_217' title='bbox 2009 2976 2199 3031; x_wconf 84' lang='lat' dir='ltr'>forum</span> 
     </span>
    </p>
   </div>
   <div class='ocr_carea' id='block_1_34' title="bbox 553 3065 2200 3138">
    <p class='ocr_par' dir='ltr' id='par_1_34' title="bbox 553 3065 2200 3138">
     <span class='ocr_line' id='line_1_34' title="bbox 553 3065 2200 3138; baseline -0.004 -13"><span class='ocrx_word' id='word_1_218' title='bbox 553 3069 808 3126; x_wconf 87' lang='lat' dir='ltr'>transire</span> <span class='ocrx_word' id='word_1_219' title='bbox 837 3065 1162 3138; x_wconf 81' lang='lat' dir='ltr'>licebat),et</span> <span class='ocrx_word' id='word_1_220' title='bbox 1192 3066 1346 3122; x_wconf 90' lang='lat' dir='ltr'>circa</span> <span class='ocrx_word' id='word_1_221' title='bbox 1377 3067 1666 3121; x_wconf 87' lang='lat' dir='ltr'>theatrum</span> <span class='ocrx_word' id='word_1_222' title='bbox 1701 3065 2012 3121; x_wconf 84' lang='lat' dir='ltr'>factionem</span> <span class='ocrx_word' id='word_1_223' title='bbox 2027 3065 2200 3120; x_wconf 85' lang='lat' dir='ltr'>Joan-</span> 
     </span>
    </p>
   </div>
   <div class='ocr_carea' id='block_1_35' title="bbox 547 3153 2200 3226">
    <p class='ocr_par' dir='ltr' id='par_1_35' title="bbox 547 3153 2200 3226">
     <span class='ocr_line' id='line_1_35' title="bbox 547 3153 2200 3226; baseline -0.002 -13"><span class='ocrx_word' id='word_1_224' title='bbox 547 3158 642 3213; x_wconf 89' lang='lat' dir='ltr'>nis</span> <span class='ocrx_word' id='word_1_225' title='bbox 691 3155 880 3211; x_wconf 86' lang='lat' dir='ltr'>subito</span> <span class='ocrx_word' id='word_1_226' title='bbox 913 3155 1102 3210; x_wconf 88' lang='lat' dir='ltr'>adorti</span> <span class='ocrx_word' id='word_1_227' title='bbox 1151 3160 1306 3210; x_wconf 90' lang='lat' dir='ltr'>sunt.</span> <span class='ocrx_word' id='word_1_228' title='bbox 1349 3156 1472 3218; x_wconf 89' lang='lat' dir='ltr'>Qua</span> <span class='ocrx_word' id='word_1_229' title='bbox 1520 3153 1685 3210; x_wconf 82' lang='lat' dir='ltr'>facile</span> <span class='ocrx_word' id='word_1_230' title='bbox 1715 3153 2046 3226; x_wconf 81' lang='lat' dir='ltr'>proﬂigata,</span> <span class='ocrx_word' id='word_1_231' title='bbox 2097 3169 2200 3226; x_wconf 87' lang='lat' dir='ltr'>per</span> 
     </span>
    </p>
   </div>
   <div class='ocr_carea' id='block_1_36' title="bbox 548 3243 2190 3314">
    <p class='ocr_par' dir='ltr' id='par_1_36' title="bbox 548 3243 2190 3314">
     <span class='ocr_line' id='line_1_36' title="bbox 548 3243 2190 3314; baseline -0.002 -13"><span class='ocrx_word' id='word_1_232' title='bbox 548 3261 846 3302; x_wconf 91' lang='lat' dir='ltr'>summum</span> <span class='ocrx_word' id='word_1_233' title='bbox 899 3244 1084 3300; x_wconf 92' lang='lat' dir='ltr'>otium</span> <span class='ocrx_word' id='word_1_234' title='bbox 1133 3245 1202 3300; x_wconf 91' lang='lat' dir='ltr'>ad</span> <span class='ocrx_word' id='word_1_235' title='bbox 1253 3245 1445 3314; x_wconf 92' lang='lat' dir='ltr'>ipsum</span> <span class='ocrx_word' id='word_1_236' title='bbox 1495 3243 1785 3303; x_wconf 87' lang='lat' dir='ltr'>Joannem</span> <span class='ocrx_word' id='word_1_237' title='bbox 1835 3243 2190 3314; x_wconf 90' lang='lat' dir='ltr'>irrumpunt,</span> 
     </span>
    </p>
   </div>
   <div class='ocr_carea' id='block_1_37' title="bbox 544 3329 2194 3404">
    <p class='ocr_par' dir='ltr' id='par_1_37' title="bbox 544 3329 2194 3404">
     <span class='ocr_line' id='line_1_37' title="bbox 544 3329 2194 3404; baseline -0.002 -15"><span class='ocrx_word' id='word_1_238' title='bbox 544 3349 799 3404; x_wconf 89' lang='lat' dir='ltr'>eumque</span> <span class='ocrx_word' id='word_1_239' title='bbox 818 3335 1098 3402; x_wconf 87' lang='lat' dir='ltr'>tanquam</span> <span class='ocrx_word' id='word_1_240' title='bbox 1128 3332 1408 3404; x_wconf 85' lang='lat' dir='ltr'>pecudem</span> <span class='ocrx_word' id='word_1_241' title='bbox 1434 3331 1571 3386; x_wconf 89' lang='lat' dir='ltr'>totis</span> <span class='ocrx_word' id='word_1_242' title='bbox 1601 3330 1936 3402; x_wconf 85' lang='lat' dir='ltr'>corporibus</span> <span class='ocrx_word' id='word_1_243' title='bbox 1961 3329 2194 3386; x_wconf 82' lang='lat' dir='ltr'>connixi</span> 
     </span>
    </p>
   </div>
   <div class='ocr_carea' id='block_1_38' title="bbox 543 3419 2190 3494">
    <p class='ocr_par' dir='ltr' id='par_1_38' title="bbox 543 3419 2190 3494">
     <span class='ocr_line' id='line_1_38' title="bbox 543 3419 2190 3494; baseline -0.002 -16"><span class='ocrx_word' id='word_1_244' title='bbox 543 3423 794 3488; x_wconf 62' lang='lat' dir='ltr'>caedunt,</span> <span class='ocrx_word' id='word_1_245' title='bbox 827 3425 884 3476; x_wconf 87' lang='lat' dir='ltr'>et</span> <span class='ocrx_word' id='word_1_246' title='bbox 929 3425 1105 3494; x_wconf 89' lang='lat' dir='ltr'>caput</span> <span class='ocrx_word' id='word_1_247' title='bbox 1151 3421 1278 3491; x_wconf 83' lang='lat' dir='ltr'>ejus</span> <span class='ocrx_word' id='word_1_248' title='bbox 1329 3420 1669 3493; x_wconf 87' lang='lat' dir='ltr'>imperatori</span> <span class='ocrx_word' id='word_1_249' title='bbox 1713 3419 1984 3476; x_wconf 74' lang='lat' dir='ltr'>offerunt.</span> <span class='ocrx_word' id='word_1_250' title='bbox 2021 3421 2080 3476; x_wconf 87' lang='lat' dir='ltr'>Id</span> <span class='ocrx_word' id='word_1_251' title='bbox 2130 3421 2190 3475; x_wconf 90' lang='lat' dir='ltr'>in</span> 
     </span>
    </p>
   </div>
   <div class='ocr_carea' id='block_1_39' title="bbox 543 3509 2190 3582">
    <p class='ocr_par' dir='ltr' id='par_1_39' title="bbox 543 3509 2190 3582">
     <span class='ocr_line' id='line_1_39' title="bbox 543 3509 2190 3582; baseline -0.001 -16"><span class='ocrx_word' id='word_1_252' title='bbox 543 3511 764 3568; x_wconf 82' lang='lat' dir='ltr'>fornice</span> <span class='ocrx_word' id='word_1_253' title='bbox 819 3509 927 3567; x_wconf 82' lang='lat' dir='ltr'>fori</span> <span class='ocrx_word' id='word_1_254' title='bbox 981 3526 1083 3582; x_wconf 90' lang='lat' dir='ltr'>pro</span> <span class='ocrx_word' id='word_1_255' title='bbox 1133 3509 1370 3581; x_wconf 92' lang='lat' dir='ltr'>publico</span> <span class='ocrx_word' id='word_1_256' title='bbox 1419 3510 1748 3580; x_wconf 88' lang='lat' dir='ltr'>spectaculo</span> <span class='ocrx_word' id='word_1_257' title='bbox 1803 3513 1892 3564; x_wconf 82' lang='lat' dir='ltr'>est</span> <span class='ocrx_word' id='word_1_258' title='bbox 1944 3524 2190 3580; x_wconf 85' lang='lat' dir='ltr'>suspen-</span> 
     </span>
    </p>
   </div>
   <div class='ocr_carea' id='block_1_40' title="bbox 543 3597 2189 3668">
    <p class='ocr_par' dir='ltr' id='par_1_40' title="bbox 543 3597 2189 3668">
     <span class='ocr_line' id='line_1_40' title="bbox 543 3597 2189 3668; baseline -0.001 -12"><span class='ocrx_word' id='word_1_259' title='bbox 543 3615 698 3668; x_wconf 89' lang='lat' dir='ltr'>sum,</span> <span class='ocrx_word' id='word_1_260' title='bbox 755 3615 961 3655; x_wconf 89' lang='lat' dir='ltr'>cruore</span> <span class='ocrx_word' id='word_1_261' title='bbox 1021 3597 1214 3654; x_wconf 88' lang='lat' dir='ltr'>adhuc</span> <span class='ocrx_word' id='word_1_262' title='bbox 1269 3597 1619 3666; x_wconf 86' lang='lat' dir='ltr'>destillante,</span> <span class='ocrx_word' id='word_1_263' title='bbox 1675 3614 1807 3653; x_wconf 89' lang='lat' dir='ltr'>cum</span> <span class='ocrx_word' id='word_1_264' title='bbox 1857 3598 2007 3654; x_wconf 70' lang='lat' dir='ltr'>findo</span> <span class='ocrx_word' id='word_1_265' title='bbox 2069 3597 2189 3654; x_wconf 88' lang='lat' dir='ltr'>oris</span> 
     </span>
    </p>
   </div>
   <div class='ocr_carea' id='block_1_41' title="bbox 536 3686 2186 3760">
    <p class='ocr_par' dir='ltr' id='par_1_41' title="bbox 536 3686 2186 3760">
     <span class='ocr_line' id='line_1_41' title="bbox 536 3686 2186 3760; baseline 0 -16"><span class='ocrx_word' id='word_1_266' title='bbox 536 3689 697 3746; x_wconf 88' lang='lat' dir='ltr'>hiatu</span> <span class='ocrx_word' id='word_1_267' title='bbox 733 3693 792 3745; x_wconf 90' lang='lat' dir='ltr'>et</span> <span class='ocrx_word' id='word_1_268' title='bbox 839 3689 1053 3744; x_wconf 89' lang='lat' dir='ltr'>clausis</span> <span class='ocrx_word' id='word_1_269' title='bbox 1083 3686 1286 3744; x_wconf 89' lang='lat' dir='ltr'>oculis.</span> <span class='ocrx_word' id='word_1_270' title='bbox 1324 3687 1632 3760; x_wconf 82' lang='lat' dir='ltr'>Reliquum</span> <span class='ocrx_word' id='word_1_271' title='bbox 1676 3688 1801 3758; x_wconf 85' lang='lat' dir='ltr'>ejus</span> <span class='ocrx_word' id='word_1_272' title='bbox 1858 3689 2097 3744; x_wconf 84' lang='lat' dir='ltr'>cadaver</span> <span class='ocrx_word' id='word_1_273' title='bbox 2127 3687 2186 3744; x_wconf 93' lang='lat' dir='ltr'>in</span> 
     </span>
    </p>
   </div>
   <div class='ocr_carea' id='block_1_42' title="bbox 535 3776 2184 3848">
    <p class='ocr_par' dir='ltr' id='par_1_42' title="bbox 535 3776 2184 3848">
     <span class='ocr_line' id='line_1_42' title="bbox 535 3776 2184 3848; baseline 0 -16"><span class='ocrx_word' id='word_1_274' title='bbox 535 3776 684 3835; x_wconf 88' lang='lat' dir='ltr'>lecto</span> <span class='ocrx_word' id='word_1_275' title='bbox 731 3777 1077 3834; x_wconf 91' lang='lat' dir='ltr'>collocatum</span> <span class='ocrx_word' id='word_1_276' title='bbox 1130 3777 1188 3832; x_wconf 90' lang='lat' dir='ltr'>in</span> <span class='ocrx_word' id='word_1_277' title='bbox 1236 3776 1598 3833; x_wconf 88' lang='lat' dir='ltr'>meridionali</span> <span class='ocrx_word' id='word_1_278' title='bbox 1654 3781 1816 3848; x_wconf 89' lang='lat' dir='ltr'>porta</span> <span class='ocrx_word' id='word_1_279' title='bbox 1857 3776 2184 3832; x_wconf 87' lang='lat' dir='ltr'>Blachernii</span> 
     </span>
    </p>
   </div>
   <div class='ocr_carea' id='block_1_43' title="bbox 536 3865 2182 3938">
    <p class='ocr_par' dir='ltr' id='par_1_43' title="bbox 536 3865 2182 3938">
     <span class='ocr_line' id='line_1_43' title="bbox 536 3865 2182 3938; baseline -0.001 -16"><span class='ocrx_word' id='word_1_280' title='bbox 536 3866 736 3938; x_wconf 86' lang='lat' dir='ltr'>palatii</span> <span class='ocrx_word' id='word_1_281' title='bbox 769 3867 875 3923; x_wconf 92' lang='lat' dir='ltr'>sub</span> <span class='ocrx_word' id='word_1_282' title='bbox 931 3867 1028 3922; x_wconf 90' lang='lat' dir='ltr'>dio</span> <span class='ocrx_word' id='word_1_283' title='bbox 1087 3865 1415 3938; x_wconf 85' lang='lat' dir='ltr'>exponitur.</span> <span class='ocrx_word' id='word_1_284' title='bbox 1451 3866 1768 3936; x_wconf 88' lang='lat' dir='ltr'>Imperator</span> <span class='ocrx_word' id='word_1_285' title='bbox 1819 3881 1950 3922; x_wconf 88' lang='lat' dir='ltr'>vero</span> <span class='ocrx_word' id='word_1_286' title='bbox 2009 3881 2039 3921; x_wconf 88' lang='lat' dir='ltr'>e</span> <span class='ocrx_word' id='word_1_287' title='bbox 2085 3882 2182 3922; x_wconf 86' lang='lat' dir='ltr'>su-</span> 
     </span>
    </p>
   </div>
   <div class='ocr_carea' id='block_1_44' title="bbox 535 3953 2183 4028">
    <p class='ocr_par' dir='ltr' id='par_1_44' title="bbox 535 3953 2183 4028">
     <span class='ocr_line' id='line_1_44' title="bbox 535 3953 2183 4028; baseline -0.002 -16"><span class='ocrx_word' id='word_1_288' title='bbox 535 3955 746 4028; x_wconf 89' lang='lat' dir='ltr'>periori</span> <span class='ocrx_word' id='word_1_289' title='bbox 775 3955 1033 4012; x_wconf 89' lang='lat' dir='ltr'>conclavi</span> <span class='ocrx_word' id='word_1_290' title='bbox 1067 3953 1246 4011; x_wconf 90' lang='lat' dir='ltr'>simul</span> <span class='ocrx_word' id='word_1_291' title='bbox 1277 3959 1333 4010; x_wconf 90' lang='lat' dir='ltr'>et</span> <span class='ocrx_word' id='word_1_292' title='bbox 1361 3953 1688 4025; x_wconf 87' lang='lat' dir='ltr'>spectaculo</span> <span class='ocrx_word' id='word_1_293' title='bbox 1721 3954 1872 4010; x_wconf 75' lang='lat'>999</span> <span class='ocrx_word' id='word_1_294' title='bbox 1905 3953 2003 4010; x_wconf 90' lang='lat' dir='ltr'>illo</span> <span class='ocrx_word' id='word_1_295' title='bbox 2038 3953 2183 4009; x_wconf 84' lang='lat' dir='ltr'>frue-</span> 
     </span>
    </p>
   </div>
   <div class='ocr_carea' id='block_1_45' title="bbox 537 4041 2182 4110">
    <p class='ocr_par' dir='ltr' id='par_1_45' title="bbox 537 4041 2182 4110">
     <span class='ocr_line' id='line_1_45' title="bbox 537 4041 2182 4110; baseline -0.001 -9"><span class='ocrx_word' id='word_1_296' title='bbox 537 4046 705 4101; x_wconf 88' lang='lat' dir='ltr'>batur</span> <span class='ocrx_word' id='word_1_297' title='bbox 727 4045 1024 4100; x_wconf 78' lang='lat' dir='ltr'>cadaveris</span> <span class='ocrx_word' id='word_1_298' title='bbox 1045 4045 1229 4100; x_wconf 87' lang='lat' dir='ltr'>instar</span> <span class='ocrx_word' id='word_1_299' title='bbox 1255 4043 1402 4100; x_wconf 89' lang='lat' dir='ltr'>vasti</span> <span class='ocrx_word' id='word_1_300' title='bbox 1427 4043 1574 4100; x_wconf 88' lang='lat' dir='ltr'>tauri</span> <span class='ocrx_word' id='word_1_301' title='bbox 1607 4043 1904 4110; x_wconf 86' lang='lat' dir='ltr'>tumentis,</span> <span class='ocrx_word' id='word_1_302' title='bbox 1929 4041 2182 4099; x_wconf 89' lang='lat' dir='ltr'>simulet</span> 
     </span>
    </p>
   </div>
   <div class='ocr_carea' id='block_1_46' title="bbox 535 4131 2180 4190">
    <p class='ocr_par' dir='ltr' id='par_1_46' title="bbox 535 4131 2180 4190">
     <span class='ocr_line' id='line_1_46' title="bbox 535 4131 2180 4190; baseline -0.001 -2"><span class='ocrx_word' id='word_1_303' title='bbox 535 4137 700 4189; x_wconf 89' lang='lat' dir='ltr'>tanto</span> <span class='ocrx_word' id='word_1_304' title='bbox 733 4149 1002 4190; x_wconf 90' lang='lat' dir='ltr'>successu</span> <span class='ocrx_word' id='word_1_305' title='bbox 1035 4149 1170 4188; x_wconf 91' lang='lat' dir='ltr'>cum</span> <span class='ocrx_word' id='word_1_306' title='bbox 1204 4131 1510 4188; x_wconf 81' lang='lat' dir='ltr'>insolentia</span> <span class='ocrx_word' id='word_1_307' title='bbox 1531 4131 1859 4188; x_wconf 80' lang='lat' dir='ltr'>laetabatur.</span> <span class='ocrx_word' id='word_1_308' title='bbox 1892 4131 2180 4188; x_wconf 88' lang='lat' dir='ltr'>Cadavere</span> 
     </span>
    </p>
   </div>
   <div class='ocr_carea' id='block_1_47' title="bbox 531 4221 2178 4292">
    <p class='ocr_par' dir='ltr' id='par_1_47' title="bbox 531 4221 2178 4292">
     <span class='ocr_line' id='line_1_47' title="bbox 531 4221 2178 4292; baseline -0.001 -15"><span class='ocrx_word' id='word_1_309' title='bbox 531 4221 666 4277; x_wconf 88' lang='lat' dir='ltr'>inde</span> <span class='ocrx_word' id='word_1_310' title='bbox 722 4221 949 4278; x_wconf 75' lang='lat' dir='ltr'>sublato</span> <span class='ocrx_word' id='word_1_311' title='bbox 1003 4226 1060 4277; x_wconf 89' lang='lat' dir='ltr'>et</span> <span class='ocrx_word' id='word_1_312' title='bbox 1105 4221 1345 4278; x_wconf 87' lang='lat' dir='ltr'>canibus</span> <span class='ocrx_word' id='word_1_313' title='bbox 1403 4237 1468 4276; x_wconf 90' lang='lat' dir='ltr'>ac</span> <span class='ocrx_word' id='word_1_314' title='bbox 1511 4221 1844 4276; x_wconf 88' lang='lat' dir='ltr'>volucribus</span> <span class='ocrx_word' id='word_1_315' title='bbox 1903 4225 2178 4292; x_wconf 84' lang='lat' dir='ltr'>projecto,</span> 
     </span>
    </p>
   </div>
   <div class='ocr_carea' id='block_1_48' title="bbox 527 4310 2180 4384">
    <p class='ocr_par' dir='ltr' id='par_1_48' title="bbox 527 4310 2180 4384">
     <span class='ocr_line' id='line_1_48' title="bbox 527 4310 2180 4384; baseline 0 -16"><span class='ocrx_word' id='word_1_316' title='bbox 527 4312 684 4384; x_wconf 90' lang='lat' dir='ltr'>quod</span> <span class='ocrx_word' id='word_1_317' title='bbox 715 4313 988 4368; x_wconf 88' lang='lat' dir='ltr'>omnibus</span> <span class='ocrx_word' id='word_1_318' title='bbox 1019 4312 1134 4368; x_wconf 85' lang='lat' dir='ltr'>fere</span> <span class='ocrx_word' id='word_1_319' title='bbox 1156 4312 1413 4368; x_wconf 87' lang='lat' dir='ltr'>immane</span> <span class='ocrx_word' id='word_1_320' title='bbox 1444 4317 1500 4368; x_wconf 89' lang='lat' dir='ltr'>et</span> <span class='ocrx_word' id='word_1_321' title='bbox 1521 4310 1916 4367; x_wconf 88' lang='lat' dir='ltr'>inhumanum</span> <span class='ocrx_word' id='word_1_322' title='bbox 1953 4311 2180 4368; x_wconf 88' lang='lat' dir='ltr'>facinus</span> 
     </span>
    </p>
   </div>
   <div class='ocr_carea' id='block_1_49' title="bbox 522 4401 2176 4474">
    <p class='ocr_par' dir='ltr' id='par_1_49' title="bbox 522 4401 2176 4474">
     <span class='ocr_line' id='line_1_49' title="bbox 522 4401 2176 4474; baseline 0 -16"><span class='ocrx_word' id='word_1_323' title='bbox 522 4402 719 4459; x_wconf 89' lang='lat' dir='ltr'>visum</span> <span class='ocrx_word' id='word_1_324' title='bbox 751 4405 862 4471; x_wconf 89' lang='lat' dir='ltr'>est,</span> <span class='ocrx_word' id='word_1_325' title='bbox 895 4402 1179 4474; x_wconf 88' lang='lat' dir='ltr'>conjurati</span> <span class='ocrx_word' id='word_1_326' title='bbox 1208 4403 1338 4474; x_wconf 89' lang='lat' dir='ltr'>ejus</span> <span class='ocrx_word' id='word_1_327' title='bbox 1369 4401 1781 4474; x_wconf 90' lang='lat' dir='ltr'>comprehensi</span> <span class='ocrx_word' id='word_1_328' title='bbox 1813 4410 1869 4457; x_wconf 90' lang='lat' dir='ltr'>et</span> <span class='ocrx_word' id='word_1_329' title='bbox 1897 4401 2176 4474; x_wconf 70' lang='lat' dir='ltr'>quaastio-</span> 
     </span>
    </p>
   </div>
   <div class='ocr_carea' id='block_1_50' title="bbox 2305 561 3864 639">
    <p class='ocr_par' dir='ltr' id='par_1_50' title="bbox 2305 561 3864 639">
     <span class='ocr_line' id='line_1_50' title="bbox 2305 561 3864 639; baseline 0.007 -23"><span class='ocrx_word' id='word_1_330' title='bbox 2305 583 2406 634; x_wconf 93' lang='grc' dir='ltr'>μον</span> <span class='ocrx_word' id='word_1_331' title='bbox 2441 561 2690 637; x_wconf 69' lang='grc' dir='ltr'>εἴληχεν.</span> <span class='ocrx_word' id='word_1_332' title='bbox 2723 563 2893 626; x_wconf 80' lang='grc' dir='ltr'>Οὗτος</span> <span class='ocrx_word' id='word_1_333' title='bbox 2933 561 3113 618; x_wconf 86' lang='grc' dir='ltr'>τοίνυν</span> <span class='ocrx_word' id='word_1_334' title='bbox 3165 567 3242 634; x_wconf 82' lang='grc' dir='ltr'>τῷ</span> <span class='ocrx_word' id='word_1_335' title='bbox 3296 563 3519 639; x_wconf 81' lang='grc' dir='ltr'>μεγίστῳ</span> <span class='ocrx_word' id='word_1_336' title='bbox 3559 567 3653 638; x_wconf 78' lang='grc' dir='ltr'>νεῲ</span> <span class='ocrx_word' id='word_1_337' title='bbox 3691 567 3864 638; x_wconf 75' lang='grc' dir='ltr'>ἐξάπινα</span> 
     </span>
    </p>
   </div>
   <div class='ocr_carea' id='block_1_51' title="bbox 2305 649 3866 732">
    <p class='ocr_par' dir='ltr' id='par_1_51' title="bbox 2305 649 3866 732">
     <span class='ocr_line' id='line_1_51' title="bbox 2305 649 3866 732; baseline 0.006 -26"><span class='ocrx_word' id='word_1_338' title='bbox 2305 651 2555 726; x_wconf 79' lang='grc' dir='ltr'>εἰσρυεὶς,</span> <span class='ocrx_word' id='word_1_339' title='bbox 2587 653 2676 707; x_wconf 87' lang='grc' dir='ltr'>καὶ</span> <span class='ocrx_word' id='word_1_340' title='bbox 2707 657 2816 708; x_wconf 81' lang='grc' dir='ltr'>τῶν</span> <span class='ocrx_word' id='word_1_341' title='bbox 2861 651 3219 729; x_wconf 68' lang='grc' dir='ltr'>στεφανίσκων</span> <span class='ocrx_word' id='word_1_342' title='bbox 3281 649 3369 708; x_wconf 71' lang='grc' dir='ltr'>ἕνα</span> <span class='ocrx_word' id='word_1_343' title='bbox 3413 657 3478 727; x_wconf 79' lang='grc' dir='ltr'>τῇ</span> <span class='ocrx_word' id='word_1_344' title='bbox 3517 655 3705 732; x_wconf 70' lang='grc' dir='ltr'>κεφαλῇ</span> <span class='ocrx_word' id='word_1_345' title='bbox 3744 680 3866 732; x_wconf 81' lang='grc' dir='ltr'>περι-</span> 
     </span>
    </p>
   </div>
   <div class='ocr_carea' id='block_1_52' title="bbox 2303 737 3864 820">
    <p class='ocr_par' dir='ltr' id='par_1_52' title="bbox 2303 737 3864 820">
     <span class='ocr_line' id='line_1_52' title="bbox 2303 737 3864 820; baseline 0.004 -24"><span class='ocrx_word' id='word_1_346' title='bbox 2303 741 2413 804; x_wconf 83' lang='grc' dir='ltr'>θεὶς</span> <span class='ocrx_word' id='word_1_347' title='bbox 2446 737 2501 795; x_wconf 73' lang='grc' dir='ltr'>ο⁹ί</span> <span class='ocrx_word' id='word_1_348' title='bbox 2532 741 2630 810; x_wconf 74' lang='grc' dir='ltr'>τὴν</span> <span class='ocrx_word' id='word_1_349' title='bbox 2663 743 2810 817; x_wconf 66' lang='grc' dir='ltr'>ἱερὰν</span> <span class='ocrx_word' id='word_1_350' title='bbox 2867 741 3417 820; x_wconf 74' lang='grc' dir='ltr'>ἀμφιπεριῃώρηνται</span> <span class='ocrx_word' id='word_1_351' title='bbox 3460 743 3717 818; x_wconf 81' lang='grc' dir='ltr'>τράπεζαν,</span> <span class='ocrx_word' id='word_1_352' title='bbox 3764 741 3864 820; x_wconf 81' lang='grc' dir='ltr'>ἕξει-</span> 
     </span>
    </p>
   </div>
   <div class='ocr_carea' id='block_1_53' title="bbox 2303 828 3866 910">
    <p class='ocr_par' dir='ltr' id='par_1_53' title="bbox 2303 828 3866 910">
     <span class='ocr_line' id='line_1_53' title="bbox 2303 828 3866 910; baseline 0.006 -26"><span class='ocrx_word' id='word_1_353' title='bbox 2303 851 2384 884; x_wconf 91' lang='grc' dir='ltr'>σιν</span> <span class='ocrx_word' id='word_1_354' title='bbox 2461 828 2682 886; x_wconf 78' lang='grc' dir='ltr'>ἐκεῖθεν·</span> <span class='ocrx_word' id='word_1_355' title='bbox 2760 832 2853 886; x_wconf 81' lang='grc' dir='ltr'>καὶ</span> <span class='ocrx_word' id='word_1_356' title='bbox 2927 829 3298 910; x_wconf 72' lang='grc' dir='ltr'>προσληφθεῖς</span> <span class='ocrx_word' id='word_1_357' title='bbox 3373 831 3472 888; x_wconf 83' lang='grc' dir='ltr'>ὑπὸ</span> <span class='ocrx_word' id='word_1_358' title='bbox 3538 836 3637 888; x_wconf 81' lang='grc' dir='ltr'>τῶν</span> <span class='ocrx_word' id='word_1_359' title='bbox 3695 835 3866 908; x_wconf 80' lang='grc' dir='ltr'>ὁμοτῶν</span> 
     </span>
    </p>
   </div>
   <div class='ocr_carea' id='block_1_54' title="bbox 2303 917 3868 998">
    <p class='ocr_par' dir='ltr' id='par_1_54' title="bbox 2303 917 3868 998">
     <span class='ocr_line' id='line_1_54' title="bbox 2303 917 3868 998; baseline 0.004 -24"><span class='ocrx_word' id='word_1_360' title='bbox 2303 917 2574 993; x_wconf 87' lang='grc' dir='ltr'>(πλεῖστοι</span> <span class='ocrx_word' id='word_1_361' title='bbox 2608 917 2666 974; x_wconf 71' lang='grc' dir='ltr'>δὲ</span> <span class='ocrx_word' id='word_1_362' title='bbox 2694 921 2830 989; x_wconf 80' lang='grc' dir='ltr'>ἦσαν</span> <span class='ocrx_word' id='word_1_363' title='bbox 2898 919 3076 988; x_wconf 73' lang='grc' dir='ltr'>οὗτοι,</span> <span class='ocrx_word' id='word_1_364' title='bbox 3125 920 3214 975; x_wconf 84' lang='grc' dir='ltr'>καὶ</span> <span class='ocrx_word' id='word_1_365' title='bbox 3259 917 3448 995; x_wconf 88' lang='grc' dir='ltr'>σχεδὸν</span> <span class='ocrx_word' id='word_1_366' title='bbox 3505 926 3594 977; x_wconf 89' lang='grc' dir='ltr'>τοῦ</span> <span class='ocrx_word' id='word_1_367' title='bbox 3651 922 3868 998; x_wconf 72' lang='grc' dir='ltr'>ἐπισήμου</span> 
     </span>
    </p>
   </div>
   <div class='ocr_carea' id='block_1_55' title="bbox 2301 1006 3867 1085">
    <p class='ocr_par' dir='ltr' id='par_1_55' title="bbox 2301 1006 3867 1085">
     <span class='ocr_line' id='line_1_55' title="bbox 2301 1006 3867 1085; baseline 0.004 -23"><span class='ocrx_word' id='word_1_368' title='bbox 2301 1010 2492 1071; x_wconf 63' lang='grc' dir='ltr'>πάντες</span> <span class='ocrx_word' id='word_1_369' title='bbox 2523 1007 2810 1084; x_wconf 71' lang='grc' dir='ltr'>σ’ίματος),</span> <span class='ocrx_word' id='word_1_370' title='bbox 2843 1007 3262 1085; x_wconf 82' lang='grc' dir='ltr'>συνδραμόντων</span> <span class='ocrx_word' id='word_1_371' title='bbox 3298 1008 3384 1064; x_wconf 86' lang='grc' dir='ltr'>καὶ</span> <span class='ocrx_word' id='word_1_372' title='bbox 3435 1006 3610 1085; x_wconf 71' lang='grc' dir='ltr'>ὄχλων</span> <span class='ocrx_word' id='word_1_373' title='bbox 3655 1011 3741 1067; x_wconf 78' lang='grc' dir='ltr'>οὐκ</span> <span class='ocrx_word' id='word_1_374' title='bbox 3777 1013 3867 1069; x_wconf 80' lang='grc' dir='ltr'>ὀλί-</span> 
     </span>
    </p>
   </div>
   <div class='ocr_carea' id='block_1_56' title="bbox 2301 1099 3867 1176">
    <p class='ocr_par' dir='ltr' id='par_1_56' title="bbox 2301 1099 3867 1176">
     <span class='ocr_line' id='line_1_56' title="bbox 2301 1099 3867 1176; baseline 0.004 -24"><span class='ocrx_word' id='word_1_375' title='bbox 2301 1119 2414 1174; x_wconf 89' lang='grc' dir='ltr'>γων</span> <span class='ocrx_word' id='word_1_376' title='bbox 2447 1099 2582 1172; x_wconf 86' lang='grc' dir='ltr'>πρὸς</span> <span class='ocrx_word' id='word_1_377' title='bbox 2611 1099 2711 1168; x_wconf 77' lang='grc' dir='ltr'>τὴν</span> <span class='ocrx_word' id='word_1_378' title='bbox 2745 1101 2937 1176; x_wconf 76' lang='grc' dir='ltr'>φήμην</span> <span class='ocrx_word' id='word_1_379' title='bbox 2964 1103 3072 1154; x_wconf 83' lang='grc' dir='ltr'>τῶν</span> <span class='ocrx_word' id='word_1_380' title='bbox 3114 1101 3200 1172; x_wconf 83' lang='grc' dir='ltr'>[Ρ.</span> <span class='ocrx_word' id='word_1_381' title='bbox 3245 1100 3369 1174; x_wconf 78' lang='grc'>340]</span> <span class='ocrx_word' id='word_1_382' title='bbox 3415 1101 3784 1175; x_wconf 79' lang='grc' dir='ltr'>πραττομένων,</span> <span class='ocrx_word' id='word_1_383' title='bbox 3822 1104 3867 1158; x_wconf 80' lang='grc' dir='ltr'>τὸ</span> 
     </span>
    </p>
   </div>
   <div class='ocr_carea' id='block_1_57' title="bbox 2307 1187 3870 1264">
    <p class='ocr_par' dir='ltr' id='par_1_57' title="bbox 2307 1187 3870 1264">
     <span class='ocr_line' id='line_1_57' title="bbox 2307 1187 3870 1264; baseline 0.003 -22"><span class='ocrx_word' id='word_1_384' title='bbox 2307 1187 2441 1262; x_wconf 70' lang='grc' dir='ltr'>μέγα</span> <span class='ocrx_word' id='word_1_385' title='bbox 2463 1187 2731 1244; x_wconf 78' lang='grc' dir='ltr'>παλάτιον</span> <span class='ocrx_word' id='word_1_386' title='bbox 2773 1189 2992 1246; x_wconf 76' lang='grc' dir='ltr'>ε’ἰσεισιν</span> <span class='ocrx_word' id='word_1_387' title='bbox 3047 1189 3322 1264; x_wconf 76' lang='grc' dir='ltr'>εὐμαρῶς,</span> <span class='ocrx_word' id='word_1_388' title='bbox 3367 1190 3452 1244; x_wconf 79' lang='grc' dir='ltr'>καὶ</span> <span class='ocrx_word' id='word_1_389' title='bbox 3499 1188 3646 1252; x_wconf 80' lang='grc' dir='ltr'>αὐτὸς</span> <span class='ocrx_word' id='word_1_390' title='bbox 3689 1191 3766 1264; x_wconf 82' lang='grc' dir='ltr'>μὶν</span> <span class='ocrx_word' id='word_1_391' title='bbox 3805 1190 3870 1247; x_wconf 77' lang='grc' dir='ltr'>ἐπὶ</span> 
     </span>
    </p>
   </div>
   <div class='ocr_carea' id='block_1_58' title="bbox 2303 1275 3870 1354">
    <p class='ocr_par' dir='ltr' id='par_1_58' title="bbox 2303 1275 3870 1354">
     <span class='ocr_line' id='line_1_58' title="bbox 2303 1275 3870 1354; baseline 0.003 -24"><span class='ocrx_word' id='word_1_392' title='bbox 2303 1275 2500 1351; x_wconf 80' lang='grc' dir='ltr'>θρόνου</span> <span class='ocrx_word' id='word_1_393' title='bbox 2564 1275 2868 1352; x_wconf 83' lang='grc' dir='ltr'>διαχρύσου</span> <span class='ocrx_word' id='word_1_394' title='bbox 2917 1277 3138 1340; x_wconf 87' lang='grc' dir='ltr'>καθίσας</span> <span class='ocrx_word' id='word_1_395' title='bbox 3193 1278 3343 1340; x_wconf 84' lang='grc' dir='ltr'>τινὰς</span> <span class='ocrx_word' id='word_1_396' title='bbox 3379 1276 3466 1333; x_wconf 85' lang='grc' dir='ltr'>ἐπὶ</span> <span class='ocrx_word' id='word_1_397' title='bbox 3508 1283 3608 1332; x_wconf 72' lang='grc' dir='ltr'>τῶν</span> <span class='ocrx_word' id='word_1_398' title='bbox 3658 1281 3870 1354; x_wconf 80' lang='grc' dir='ltr'>μεγίστων</span> 
     </span>
    </p>
   </div>
   <div class='ocr_carea' id='block_1_59' title="bbox 2304 1362 3873 1444">
    <p class='ocr_par' dir='ltr' id='par_1_59' title="bbox 2304 1362 3873 1444">
     <span class='ocr_line' id='line_1_59' title="bbox 2304 1362 3873 1444; baseline 0.003 -26"><span class='ocrx_word' id='word_1_399' title='bbox 2304 1365 2570 1444; x_wconf 72' lang='grc' dir='ltr'>ὀφφικίων</span> <span class='ocrx_word' id='word_1_400' title='bbox 2620 1363 3025 1442; x_wconf 75' lang='grc' dir='ltr'>προϐάλλεται,</span> <span class='ocrx_word' id='word_1_401' title='bbox 3055 1368 3084 1422; x_wconf 99' lang='lat'>6</span> <span class='ocrx_word' id='word_1_402' title='bbox 3113 1365 3159 1421; x_wconf 87' lang='grc' dir='ltr'>δ’</span> <span class='ocrx_word' id='word_1_403' title='bbox 3213 1362 3388 1442; x_wconf 76' lang='grc' dir='ltr'>ὄχλος</span> <span class='ocrx_word' id='word_1_404' title='bbox 3438 1367 3520 1422; x_wconf 72' lang='grc' dir='ltr'>οιαὶ</span> <span class='ocrx_word' id='word_1_405' title='bbox 3565 1372 3652 1422; x_wconf 85' lang='grc' dir='ltr'>τοῦ</span> <span class='ocrx_word' id='word_1_406' title='bbox 3693 1389 3873 1423; x_wconf 79' lang='grc' dir='ltr'>συναπο-</span> 
     </span>
    </p>
   </div>
   <div class='ocr_carea' id='block_1_60' title="bbox 2305 1454 3875 1532">
    <p class='ocr_par' dir='ltr' id='par_1_60' title="bbox 2305 1454 3875 1532">
     <span class='ocr_line' id='line_1_60' title="bbox 2305 1454 3875 1532; baseline 0 -24"><span class='ocrx_word' id='word_1_407' title='bbox 2305 1455 2526 1517; x_wconf 77' lang='grc' dir='ltr'>στάντος</span> <span class='ocrx_word' id='word_1_408' title='bbox 2559 1464 2758 1532; x_wconf 78' lang='grc' dir='ltr'>μὲρους</span> <span class='ocrx_word' id='word_1_409' title='bbox 2787 1456 2950 1526; x_wconf 64' lang='grc' dir='ltr'>τινες,</span> <span class='ocrx_word' id='word_1_410' title='bbox 2999 1455 3094 1518; x_wconf 75' lang='grc' dir='ltr'>τὰς</span> <span class='ocrx_word' id='word_1_411' title='bbox 3151 1455 3349 1532; x_wconf 80' lang='grc' dir='ltr'>ἀγορὰς</span> <span class='ocrx_word' id='word_1_412' title='bbox 3395 1456 3481 1510; x_wconf 83' lang='grc' dir='ltr'>καὶ</span> <span class='ocrx_word' id='word_1_413' title='bbox 3524 1455 3698 1532; x_wconf 82' lang='grc' dir='ltr'>ἀγυιὰς</span> <span class='ocrx_word' id='word_1_414' title='bbox 3739 1454 3875 1511; x_wconf 73' lang='grc' dir='ltr'>διιόν-</span> 
     </span>
    </p>
   </div>
   <div class='ocr_carea' id='block_1_61' title="bbox 2302 1541 3879 1621">
    <p class='ocr_par' dir='ltr' id='par_1_61' title="bbox 2302 1541 3879 1621">
     <span class='ocr_line' id='line_1_61' title="bbox 2302 1541 3879 1621; baseline 0.001 -21"><span class='ocrx_word' id='word_1_415' title='bbox 2302 1565 2388 1606; x_wconf 88' lang='grc' dir='ltr'>τες</span> <span class='ocrx_word' id='word_1_416' title='bbox 2431 1545 2646 1609; x_wconf 77' lang='grc' dir='ltr'>καὶτὰς</span> <span class='ocrx_word' id='word_1_417' title='bbox 2712 1547 2900 1616; x_wconf 71' lang='grc' dir='ltr'>ἠϊόνας</span> <span class='ocrx_word' id='word_1_418' title='bbox 2952 1541 3479 1618; x_wconf 78' lang='grc' dir='ltr'>καταλαμϐάνοντες,</span> <span class='ocrx_word' id='word_1_419' title='bbox 3531 1545 3735 1621; x_wconf 77' lang='grc' dir='ltr'>βασιλέα</span> <span class='ocrx_word' id='word_1_420' title='bbox 3772 1547 3879 1603; x_wconf 85' lang='grc' dir='ltr'>Ῥω-</span> 
     </span>
    </p>
   </div>
   <div class='ocr_carea' id='block_1_62' title="bbox 2308 1633 3880 1710">
    <p class='ocr_par' dir='ltr' id='par_1_62' title="bbox 2308 1633 3880 1710">
     <span class='ocr_line' id='line_1_62' title="bbox 2308 1633 3880 1710; baseline 0.001 -22"><span class='ocrx_word' id='word_1_421' title='bbox 2308 1633 2480 1708; x_wconf 84' lang='grc' dir='ltr'>μαίων</span> <span class='ocrx_word' id='word_1_422' title='bbox 2519 1635 2683 1690; x_wconf 85' lang='grc' dir='ltr'>αὐτὸν</span> <span class='ocrx_word' id='word_1_423' title='bbox 2743 1636 3070 1710; x_wconf 86' lang='grc' dir='ltr'>ἀνηγόρευον</span> <span class='ocrx_word' id='word_1_424' title='bbox 3125 1633 3218 1690; x_wconf 70' lang='grc' dir='ltr'>καί</span> <span class='ocrx_word' id='word_1_425' title='bbox 3265 1635 3466 1696; x_wconf 76' lang='grc' dir='ltr'>οἲκείας</span> <span class='ocrx_word' id='word_1_426' title='bbox 3519 1634 3764 1690; x_wconf 66' lang='grc' dir='ltr'>κατέσπων</span> <span class='ocrx_word' id='word_1_427' title='bbox 3805 1655 3880 1690; x_wconf 83' lang='grc' dir='ltr'>πε·</span> 
     </span>
    </p>
   </div>
   <div class='ocr_carea' id='block_1_63' title="bbox 2305 1721 3882 1802">
    <p class='ocr_par' dir='ltr' id='par_1_63' title="bbox 2305 1721 3882 1802">
     <span class='ocr_line' id='line_1_63' title="bbox 2305 1721 3882 1802; baseline 0 -25"><span class='ocrx_word' id='word_1_428' title='bbox 2305 1729 2566 1802; x_wconf 73' lang='grc' dir='ltr'>ριφανεῖς.</span> <span class='ocrx_word' id='word_1_429' title='bbox 2599 1724 2810 1786; x_wconf 88' lang='grc' dir='ltr'>Νυκτὸς</span> <span class='ocrx_word' id='word_1_430' title='bbox 2843 1721 2888 1778; x_wconf 88' lang='grc' dir='ltr'>δ’</span> <span class='ocrx_word' id='word_1_431' title='bbox 2923 1723 3187 1794; x_wconf 78' lang='grc' dir='ltr'>ἐπιούσης</span> <span class='ocrx_word' id='word_1_432' title='bbox 3243 1723 3366 1779; x_wconf 72' lang='grc' dir='ltr'>οὕτε</span> <span class='ocrx_word' id='word_1_433' title='bbox 3413 1730 3512 1793; x_wconf 83' lang='grc' dir='ltr'>τῆς</span> <span class='ocrx_word' id='word_1_434' title='bbox 3561 1727 3788 1802; x_wconf 76' lang='grc' dir='ltr'>φρουρᾶς,</span> <span class='ocrx_word' id='word_1_435' title='bbox 3827 1723 3882 1786; x_wconf 79' lang='grc' dir='ltr'>ὡς</span> 
     </span>
    </p>
   </div>
   <div class='ocr_carea' id='block_1_64' title="bbox 2308 1807 3882 1888">
    <p class='ocr_par' dir='ltr' id='par_1_64' title="bbox 2308 1807 3882 1888">
     <span class='ocr_line' id='line_1_64' title="bbox 2308 1807 3882 1888; baseline 0 -22"><span class='ocrx_word' id='word_1_436' title='bbox 2308 1807 2438 1882; x_wconf 75' lang='grc' dir='ltr'>ἔδει,</span> <span class='ocrx_word' id='word_1_437' title='bbox 2467 1816 2574 1868; x_wconf 83' lang='grc' dir='ltr'>τῶν</span> <span class='ocrx_word' id='word_1_438' title='bbox 2627 1812 2868 1888; x_wconf 81' lang='grc' dir='ltr'>ἀρχείων</span> <span class='ocrx_word' id='word_1_439' title='bbox 2928 1814 2957 1868; x_wconf 94' lang='lat'>6</span> <span class='ocrx_word' id='word_1_440' title='bbox 3015 1815 3267 1883; x_wconf 79' lang='grc' dir='ltr'>Ἰωάννης</span> <span class='ocrx_word' id='word_1_441' title='bbox 3335 1811 3624 1888; x_wconf 78' lang='grc' dir='ltr'>ἐφρόντ.σεν</span> <span class='ocrx_word' id='word_1_442' title='bbox 3675 1809 3779 1868; x_wconf 62' lang='grc' dir='ltr'>οὔτε</span> <span class='ocrx_word' id='word_1_443' title='bbox 3811 1813 3882 1874; x_wconf 76' lang='grc' dir='ltr'>τὰς</span> 
     </span>
    </p>
   </div>
   <div class='ocr_carea' id='block_1_65' title="bbox 2310 1899 3883 1980">
    <p class='ocr_par' dir='ltr' id='par_1_65' title="bbox 2310 1899 3883 1980">
     <span class='ocr_line' id='line_1_65' title="bbox 2310 1899 3883 1980; baseline -0.001 -24"><span class='ocrx_word' id='word_1_444' title='bbox 2310 1900 2702 1976; x_wconf 82' lang='grc' dir='ltr'>ἀνατραπείσας</span> <span class='ocrx_word' id='word_1_445' title='bbox 2731 1902 2908 1964; x_wconf 86' lang='grc' dir='ltr'>πύλας</span> <span class='ocrx_word' id='word_1_446' title='bbox 2934 1899 3243 1974; x_wconf 70' lang='grc' dir='ltr'>ἀνέστησεν·</span> <span class='ocrx_word' id='word_1_447' title='bbox 3275 1901 3402 1958; x_wconf 83' lang='grc' dir='ltr'>ἀλλ’</span> <span class='ocrx_word' id='word_1_448' title='bbox 3439 1903 3512 1964; x_wconf 87' lang='grc' dir='ltr'>ὡς</span> <span class='ocrx_word' id='word_1_449' title='bbox 3559 1900 3606 1956; x_wconf 83' lang='grc' dir='ltr'>ἐν</span> <span class='ocrx_word' id='word_1_450' title='bbox 3649 1905 3717 1972; x_wconf 78' lang='grc' dir='ltr'>τῷ</span> <span class='ocrx_word' id='word_1_451' title='bbox 3751 1901 3883 1980; x_wconf 68' lang='grc' dir='ltr'>ἄσφα-</span> 
     </span>
    </p>
   </div>
   <div class='ocr_carea' id='block_1_66' title="bbox 2307 1988 3884 2067">
    <p class='ocr_par' dir='ltr' id='par_1_66' title="bbox 2307 1988 3884 2067">
     <span class='ocr_line' id='line_1_66' title="bbox 2307 1988 3884 2067; baseline -0.002 -21"><span class='ocrx_word' id='word_1_452' title='bbox 2307 1989 2396 2046; x_wconf 90' lang='grc' dir='ltr'>λεῖ</span> <span class='ocrx_word' id='word_1_453' title='bbox 2423 1990 2816 2066; x_wconf 80' lang='grc' dir='ltr'>καθιστάμενος</span> <span class='ocrx_word' id='word_1_454' title='bbox 2848 1993 2934 2047; x_wconf 87' lang='grc' dir='ltr'>καὶ</span> <span class='ocrx_word' id='word_1_455' title='bbox 2975 1990 3181 2066; x_wconf 67' lang='grc' dir='ltr'>μηδένα</span> <span class='ocrx_word' id='word_1_456' title='bbox 3211 1988 3356 2067; x_wconf 79' lang='grc' dir='ltr'>ἔχων</span> <span class='ocrx_word' id='word_1_457' title='bbox 3405 1988 3512 2061; x_wconf 77' lang='grc' dir='ltr'>ἤδη</span> <span class='ocrx_word' id='word_1_458' title='bbox 3561 1991 3646 2045; x_wconf 89' lang='grc' dir='ltr'>τὸν</span> <span class='ocrx_word' id='word_1_459' title='bbox 3687 1989 3884 2044; x_wconf 76' lang='grc' dir='ltr'>ἀνθιστά-</span> 
     </span>
    </p>
   </div>
   <div class='ocr_carea' id='block_1_67' title="bbox 2312 2075 3885 2160">
    <p class='ocr_par' dir='ltr' id='par_1_67' title="bbox 2312 2075 3885 2160">
     <span class='ocr_line' id='line_1_67' title="bbox 2312 2075 3885 2160; baseline -0.003 -25"><span class='ocrx_word' id='word_1_460' title='bbox 2312 2100 2496 2152; x_wconf 84' lang='grc' dir='ltr'>μενον,</span> <span class='ocrx_word' id='word_1_461' title='bbox 2529 2082 2665 2137; x_wconf 82' lang='grc' dir='ltr'>κατᾶ</span> <span class='ocrx_word' id='word_1_462' title='bbox 2695 2078 2954 2159; x_wconf 72' lang='grc' dir='ltr'>δελφῖνας</span> <span class='ocrx_word' id='word_1_463' title='bbox 3005 2081 3290 2160; x_wconf 75' lang='grc' dir='ltr'>ἀναφυυῶν</span> <span class='ocrx_word' id='word_1_464' title='bbox 3343 2080 3432 2135; x_wconf 80' lang='grc' dir='ltr'>καὶ</span> <span class='ocrx_word' id='word_1_465' title='bbox 3479 2075 3658 2140; x_wconf 75' lang='grc' dir='ltr'>ὕδατος</span> <span class='ocrx_word' id='word_1_466' title='bbox 3704 2077 3790 2132; x_wconf 77' lang='grc' dir='ltr'>ὅλα</span> <span class='ocrx_word' id='word_1_467' title='bbox 3823 2097 3885 2131; x_wconf 86' lang='grc' dir='ltr'>κε-</span> 
     </span>
    </p>
   </div>
   <div class='ocr_carea' id='block_1_68' title="bbox 2312 2161 3883 2246">
    <p class='ocr_par' dir='ltr' id='par_1_68' title="bbox 2312 2161 3883 2246">
     <span class='ocr_line' id='line_1_68' title="bbox 2312 2161 3883 2246; baseline -0.003 -22"><span class='ocrx_word' id='word_1_468' title='bbox 2312 2170 2482 2244; x_wconf 78' lang='grc' dir='ltr'>ράμια</span> <span class='ocrx_word' id='word_1_469' title='bbox 2512 2169 2761 2239; x_wconf 81' lang='grc' dir='ltr'>ἐκκενῶν,</span> <span class='ocrx_word' id='word_1_470' title='bbox 2795 2167 2942 2244; x_wconf 82' lang='grc' dir='ltr'>δίψει</span> <span class='ocrx_word' id='word_1_471' title='bbox 2983 2169 3190 2246; x_wconf 83' lang='grc' dir='ltr'>ἀμάχῳ</span> <span class='ocrx_word' id='word_1_472' title='bbox 3240 2169 3506 2245; x_wconf 83' lang='grc' dir='ltr'>ἐχόμενος</span> <span class='ocrx_word' id='word_1_473' title='bbox 3555 2169 3636 2224; x_wconf 84' lang='grc' dir='ltr'>οἶα</span> <span class='ocrx_word' id='word_1_474' title='bbox 3673 2161 3883 2242; x_wconf 72' lang='grc' dir='ltr'>κρεωῦρι-</span> 
     </span>
    </p>
   </div>
   <div class='ocr_carea' id='block_1_69' title="bbox 2309 2255 3886 2334">
    <p class='ocr_par' dir='ltr' id='par_1_69' title="bbox 2309 2255 3886 2334">
     <span class='ocr_line' id='line_1_69' title="bbox 2309 2255 3886 2334; baseline -0.004 -20"><span class='ocrx_word' id='word_1_475' title='bbox 2309 2260 2432 2328; x_wconf 77' lang='grc' dir='ltr'>θὴς,</span> <span class='ocrx_word' id='word_1_476' title='bbox 2481 2259 2663 2334; x_wconf 75' lang='grc' dir='ltr'>ἀπέψα</span> <span class='ocrx_word' id='word_1_477' title='bbox 2722 2261 2849 2321; x_wconf 84' lang='grc' dir='ltr'>τοὺς</span> <span class='ocrx_word' id='word_1_478' title='bbox 2907 2255 3142 2334; x_wconf 72' lang='grc' dir='ltr'>ἴδρῶτας</span> <span class='ocrx_word' id='word_1_479' title='bbox 3190 2257 3494 2332; x_wconf 90' lang='grc' dir='ltr'>κρουνηδὸν</span> <span class='ocrx_word' id='word_1_480' title='bbox 3551 2257 3886 2324; x_wconf 77' lang='grc' dir='ltr'>ἆποστάζοντας</span> 
     </span>
    </p>
   </div>
   <div class='ocr_carea' id='block_1_70' title="bbox 2309 2343 3886 2423">
    <p class='ocr_par' dir='ltr' id='par_1_70' title="bbox 2309 2343 3886 2423">
     <span class='ocr_line' id='line_1_70' title="bbox 2309 2343 3886 2423; baseline -0.004 -21"><span class='ocrx_word' id='word_1_481' title='bbox 2309 2346 2400 2402; x_wconf 84' lang='grc' dir='ltr'>καὶ</span> <span class='ocrx_word' id='word_1_482' title='bbox 2442 2347 2641 2422; x_wconf 86' lang='grc' dir='ltr'>θερμὸν</span> <span class='ocrx_word' id='word_1_483' title='bbox 2674 2347 3106 2419; x_wconf 83' lang='grc' dir='ltr'>ἀπατμίζοντας,</span> <span class='ocrx_word' id='word_1_484' title='bbox 3135 2347 3211 2404; x_wconf 88' lang='grc' dir='ltr'>Τὸ</span> <span class='ocrx_word' id='word_1_485' title='bbox 3253 2345 3315 2402; x_wconf 71' lang='grc' dir='ltr'>δὲ</span> <span class='ocrx_word' id='word_1_486' title='bbox 3362 2347 3484 2423; x_wconf 85' lang='grc' dir='ltr'>περὶ</span> <span class='ocrx_word' id='word_1_487' title='bbox 3526 2347 3672 2402; x_wconf 81' lang='grc' dir='ltr'>αὐτὸν</span> <span class='ocrx_word' id='word_1_488' title='bbox 3713 2343 3886 2400; x_wconf 80' lang='grc' dir='ltr'>ὁπλιτι-</span> 
     </span>
    </p>
   </div>
   <div class='ocr_carea' id='block_1_71' title="bbox 2311 2434 3885 2512">
    <p class='ocr_par' dir='ltr' id='par_1_71' title="bbox 2311 2434 3885 2512">
     <span class='ocr_line' id='line_1_71' title="bbox 2311 2434 3885 2512; baseline -0.001 -22"><span class='ocrx_word' id='word_1_489' title='bbox 2311 2438 2404 2492; x_wconf 85' lang='grc' dir='ltr'>κὸν</span> <span class='ocrx_word' id='word_1_490' title='bbox 2433 2439 2536 2507; x_wconf 81' lang='grc' dir='ltr'>τήν</span> <span class='ocrx_word' id='word_1_491' title='bbox 2567 2435 2941 2512; x_wconf 72' lang='grc' dir='ltr'>ἱπποδρομίαν</span> <span class='ocrx_word' id='word_1_492' title='bbox 2995 2439 3206 2512; x_wconf 88' lang='grc' dir='ltr'>περιιὸν</span> <span class='ocrx_word' id='word_1_493' title='bbox 3247 2434 3392 2507; x_wconf 76' lang='grc' dir='ltr'>ἤλυε</span> <span class='ocrx_word' id='word_1_494' title='bbox 3435 2435 3707 2508; x_wconf 81' lang='grc' dir='ltr'>τηνάλλως</span> <span class='ocrx_word' id='word_1_495' title='bbox 3741 2434 3885 2488; x_wconf 77' lang='grc' dir='ltr'>ἐκεῖσε·</span> 
     </span>
    </p>
   </div>
   <div class='ocr_carea' id='block_1_72' title="bbox 2312 2524 3887 2606">
    <p class='ocr_par' dir='ltr' id='par_1_72' title="bbox 2312 2524 3887 2606">
     <span class='ocr_line' id='line_1_72' title="bbox 2312 2524 3887 2606; baseline -0.005 -24"><span class='ocrx_word' id='word_1_496' title='bbox 2312 2528 2364 2582; x_wconf 78' lang='grc' dir='ltr'>οἱ</span> <span class='ocrx_word' id='word_1_497' title='bbox 2394 2527 2500 2602; x_wconf 80' lang='grc' dir='ltr'>γὰρ</span> <span class='ocrx_word' id='word_1_498' title='bbox 2552 2524 2720 2606; x_wconf 71' lang='grc' dir='ltr'>ὄχλοι</span> <span class='ocrx_word' id='word_1_499' title='bbox 2777 2525 3034 2590; x_wconf 84' lang='grc' dir='ltr'>δύναντος</span> <span class='ocrx_word' id='word_1_500' title='bbox 3092 2525 3257 2597; x_wconf 73' lang='grc' dir='ltr'>ἡλίου</span> <span class='ocrx_word' id='word_1_501' title='bbox 3312 2528 3429 2583; x_wconf 82' lang='grc' dir='ltr'>κατ’</span> <span class='ocrx_word' id='word_1_502' title='bbox 3487 2525 3670 2601; x_wconf 80' lang='grc' dir='ltr'>ἀγέλας</span> <span class='ocrx_word' id='word_1_503' title='bbox 3715 2524 3887 2598; x_wconf 81' lang='grc' dir='ltr'>ὀρνίθων</span> 
     </span>
    </p>
   </div>
   <div class='ocr_carea' id='block_1_73' title="bbox 2313 2612 3884 2692">
    <p class='ocr_par' dir='ltr' id='par_1_73' title="bbox 2313 2612 3884 2692">
     <span class='ocr_line' id='line_1_73' title="bbox 2313 2612 3884 2692; baseline 0.001 -21"><span class='ocrx_word' id='word_1_504' title='bbox 2313 2614 2626 2688; x_wconf 65' lang='grc' dir='ltr'>διέστησαν,</span> <span class='ocrx_word' id='word_1_505' title='bbox 2655 2617 2851 2692; x_wconf 84' lang='grc' dir='ltr'>τάχιον</span> <span class='ocrx_word' id='word_1_506' title='bbox 2881 2615 3200 2692; x_wconf 81' lang='grc' dir='ltr'>διαγελάσαι</span> <span class='ocrx_word' id='word_1_507' title='bbox 3234 2618 3336 2686; x_wconf 74' lang='grc' dir='ltr'>τήν</span> <span class='ocrx_word' id='word_1_508' title='bbox 3375 2613 3450 2672; x_wconf 75' lang='grc' dir='ltr'>ἕω</span> <span class='ocrx_word' id='word_1_509' title='bbox 3492 2615 3798 2690; x_wconf 79' lang='grc' dir='ltr'>γλιχόμενοι,</span> <span class='ocrx_word' id='word_1_510' title='bbox 3833 2612 3884 2672; x_wconf 78' lang='grc' dir='ltr'>ὥς</span> 
     </span>
    </p>
   </div>
   <div class='ocr_carea' id='block_1_74' title="bbox 2312 2702 3881 2784">
    <p class='ocr_par' dir='ltr' id='par_1_74' title="bbox 2312 2702 3881 2784">
     <span class='ocr_line' id='line_1_74' title="bbox 2312 2702 3881 2784; baseline -0.006 -23"><span class='ocrx_word' id='word_1_511' title='bbox 2312 2707 2464 2771; x_wconf 73' lang='grc' dir='ltr'>αὖθις</span> <span class='ocrx_word' id='word_1_512' title='bbox 2523 2704 2917 2780; x_wconf 85' lang='grc' dir='ltr'>συνδραμόντες</span> <span class='ocrx_word' id='word_1_513' title='bbox 2971 2711 3090 2768; x_wconf 90' lang='grc' dir='ltr'>τοῖς</span> <span class='ocrx_word' id='word_1_514' title='bbox 3153 2705 3519 2784; x_wconf 64' lang='grc' dir='ltr'>ὑπερηφάνοις</span> <span class='ocrx_word' id='word_1_515' title='bbox 3571 2702 3881 2760; x_wconf 73' lang='grc' dir='ltr'>ἐπεισπέσωσιν</span> 
     </span>
    </p>
   </div>
   <div class='ocr_carea' id='block_1_75' title="bbox 2313 2787 3882 2874">
    <p class='ocr_par' dir='ltr' id='par_1_75' title="bbox 2313 2787 3882 2874">
     <span class='ocr_line' id='line_1_75' title="bbox 2313 2787 3882 2874; baseline 0 -22"><span class='ocrx_word' id='word_1_516' title='bbox 2313 2795 2487 2860; x_wconf 79' lang='grc' dir='ltr'>οἷ’κοις</span> <span class='ocrx_word' id='word_1_517' title='bbox 2517 2799 2606 2852; x_wconf 86' lang='grc' dir='ltr'>καὶ</span> <span class='ocrx_word' id='word_1_518' title='bbox 2633 2797 2702 2854; x_wconf 79' lang='grc' dir='ltr'>τά</span> <span class='ocrx_word' id='word_1_519' title='bbox 2742 2818 2929 2874; x_wconf 82' lang='grc' dir='ltr'>σφισιν</span> <span class='ocrx_word' id='word_1_520' title='bbox 2983 2797 3166 2854; x_wconf 73' lang='grc' dir='ltr'>ἐνόντα</span> <span class='ocrx_word' id='word_1_521' title='bbox 3214 2795 3552 2872; x_wconf 78' lang='grc' dir='ltr'>διαρπάσωσι</span> <span class='ocrx_word' id='word_1_522' title='bbox 3600 2793 3818 2852; x_wconf 70' lang='grc' dir='ltr'>Βασιλεὺς</span> <span class='ocrx_word' id='word_1_523' title='bbox 3851 2787 3882 2843; x_wconf 85' lang='grc' dir='ltr'>δ’</span> 
     </span>
    </p>
   </div>
   <div class='ocr_carea' id='block_1_76' title="bbox 2311 2877 3878 2963">
    <p class='ocr_par' dir='ltr' id='par_1_76' title="bbox 2311 2877 3878 2963">
     <span class='ocr_line' id='line_1_76' title="bbox 2311 2877 3878 2963; baseline -0.005 -23"><span class='ocrx_word' id='word_1_524' title='bbox 2311 2887 2510 2942; x_wconf 87' lang='grc' dir='ltr'>ὁπόσον</span> <span class='ocrx_word' id='word_1_525' title='bbox 2543 2888 2789 2963; x_wconf 72' lang='grc' dir='ltr'>συγγενὲς</span> <span class='ocrx_word' id='word_1_526' title='bbox 2839 2885 3191 2961; x_wconf 80' lang='grc' dir='ltr'>συναθροίσας</span> <span class='ocrx_word' id='word_1_527' title='bbox 3232 2885 3325 2941; x_wconf 82' lang='grc' dir='ltr'>καὶ</span> <span class='ocrx_word' id='word_1_528' title='bbox 3371 2887 3432 2941; x_wconf 83' lang='grc' dir='ltr'>τὸ</span> <span class='ocrx_word' id='word_1_529' title='bbox 3478 2885 3596 2961; x_wconf 80' lang='grc' dir='ltr'>περὶ</span> <span class='ocrx_word' id='word_1_530' title='bbox 3643 2881 3774 2938; x_wconf 67' lang='grc' dir='ltr'>αὺτὸν</span> <span class='ocrx_word' id='word_1_531' title='bbox 3807 2877 3878 2933; x_wconf 74' lang='grc' dir='ltr'>οὐκ</span> 
     </span>
    </p>
   </div>
   <div class='ocr_carea' id='block_1_77' title="bbox 2311 2971 3874 3054">
    <p class='ocr_par' dir='ltr' id='par_1_77' title="bbox 2311 2971 3874 3054">
     <span class='ocr_line' id='line_1_77' title="bbox 2311 2971 3874 3054; baseline -0.004 -24"><span class='ocrx_word' id='word_1_532' title='bbox 2311 2975 2590 3050; x_wconf 82' lang='grc' dir='ltr'>ἀπόλεμον</span> <span class='ocrx_word' id='word_1_533' title='bbox 2645 2976 2851 3050; x_wconf 79' lang='grc' dir='ltr'>πέμπει</span> <span class='ocrx_word' id='word_1_534' title='bbox 2907 2975 3174 3054; x_wconf 76' lang='grc' dir='ltr'>κνεφαίως</span> <span class='ocrx_word' id='word_1_535' title='bbox 3233 2974 3512 3040; x_wconf 78' lang='grc' dir='ltr'>ἐπιθέσθαι</span> <span class='ocrx_word' id='word_1_536' title='bbox 3569 2979 3641 3046; x_wconf 82' lang='grc' dir='ltr'>τῷ</span> <span class='ocrx_word' id='word_1_537' title='bbox 3698 2971 3874 3040; x_wconf 58' lang='lat' dir='ltr'>’lwaiwg&#39;</span> 
     </span>
    </p>
   </div>
   <div class='ocr_carea' id='block_1_78' title="bbox 2309 3059 3872 3141">
    <p class='ocr_par' dir='ltr' id='par_1_78' title="bbox 2309 3059 3872 3141">
     <span class='ocr_line' id='line_1_78' title="bbox 2309 3059 3872 3141; baseline -0.003 -23"><span class='ocrx_word' id='word_1_538' title='bbox 2309 3063 2434 3120; x_wconf 76' lang='grc' dir='ltr'>οὐδὲ</span> <span class='ocrx_word' id='word_1_539' title='bbox 2464 3064 2568 3139; x_wconf 75' lang='grc' dir='ltr'>γὰρ</span> <span class='ocrx_word' id='word_1_540' title='bbox 2600 3063 2659 3119; x_wconf 79' lang='grc' dir='ltr'>ἅν</span> <span class='ocrx_word' id='word_1_541' title='bbox 2703 3063 2912 3138; x_wconf 72' lang='grc' dir='ltr'>ἡμέρας</span> <span class='ocrx_word' id='word_1_542' title='bbox 2957 3061 3332 3140; x_wconf 79' lang='grc' dir='ltr'>διαφαύσάσης</span> <span class='ocrx_word' id='word_1_543' title='bbox 3377 3061 3609 3141; x_wconf 83' lang='grc' dir='ltr'>ἡσυχίαν</span> <span class='ocrx_word' id='word_1_544' title='bbox 3656 3059 3872 3137; x_wconf 68' lang='grc' dir='ltr'>ἀγαπήσειν</span> 
     </span>
    </p>
   </div>
   <div class='ocr_carea' id='block_1_79' title="bbox 2307 3142 3874 3226">
    <p class='ocr_par' dir='ltr' id='par_1_79' title="bbox 2307 3142 3874 3226">
     <span class='ocr_line' id='line_1_79' title="bbox 2307 3142 3874 3226; baseline -0.001 -20"><span class='ocrx_word' id='word_1_545' title='bbox 2307 3153 2399 3207; x_wconf 89' lang='grc' dir='ltr'>τὸν</span> <span class='ocrx_word' id='word_1_546' title='bbox 2430 3160 2530 3223; x_wconf 82' lang='grc' dir='ltr'>τῆς</span> <span class='ocrx_word' id='word_1_547' title='bbox 2587 3151 2804 3216; x_wconf 87' lang='grc' dir='ltr'>πόλεως</span> <span class='ocrx_word' id='word_1_548' title='bbox 2865 3149 3084 3226; x_wconf 80' lang='grc' dir='ltr'>ὅμιλον,</span> <span class='ocrx_word' id='word_1_549' title='bbox 3144 3152 3294 3208; x_wconf 78' lang='grc' dir='ltr'>ἀλλὰ</span> <span class='ocrx_word' id='word_1_550' title='bbox 3347 3152 3573 3209; x_wconf 85' lang='grc' dir='ltr'>πλείονα</span> <span class='ocrx_word' id='word_1_551' title='bbox 3625 3147 3780 3218; x_wconf 71' lang='grc' dir='ltr'>πολλῷ</span> <span class='ocrx_word' id='word_1_552' title='bbox 3808 3142 3874 3198; x_wconf 70' lang='grc' dir='ltr'>καὶ</span> 
     </span>
    </p>
   </div>
   <div class='ocr_carea' id='block_1_80' title="bbox 2234 3229 3883 3319">
    <p class='ocr_par' dir='ltr' id='par_1_80' title="bbox 2234 3229 3883 3319">
     <span class='ocr_line' id='line_1_80' title="bbox 2234 3229 3883 3319; baseline 0.003 -24"><span class='ocrx_word' id='word_1_553' title='bbox 2234 3229 2275 3295; x_wconf 80' lang='lat' dir='ltr'><strong>C</strong></span> <span class='ocrx_word' id='word_1_554' title='bbox 2309 3241 2665 3299; x_wconf 80' lang='grc' dir='ltr'>δυσκάθεκτον</span> <span class='ocrx_word' id='word_1_555' title='bbox 2729 3241 2855 3315; x_wconf 72' lang='grc' dir='ltr'>περὶ</span> <span class='ocrx_word' id='word_1_556' title='bbox 2909 3242 3002 3297; x_wconf 77' lang='grc' dir='ltr'>τὸν</span> <span class='ocrx_word' id='word_1_557' title='bbox 3058 3241 3322 3319; x_wconf 87' lang='grc' dir='ltr'>τύραννον</span> <span class='ocrx_word' id='word_1_558' title='bbox 3385 3241 3648 3306; x_wconf 80' lang='grc' dir='ltr'>συνελθεῖν</span> <span class='ocrx_word' id='word_1_559' title='bbox 3701 3231 3883 3311; x_wconf 54' lang='lat' dir='ltr'>aperui-</span> 
     </span>
    </p>
   </div>
   <div class='ocr_carea' id='block_1_81' title="bbox 2305 3328 3883 3407">
    <p class='ocr_par' dir='ltr' id='par_1_81' title="bbox 2305 3328 3883 3407">
     <span class='ocr_line' id='line_1_81' title="bbox 2305 3328 3883 3407; baseline -0.008 -20"><span class='ocrx_word' id='word_1_560' title='bbox 2305 3352 2483 3407; x_wconf 85' lang='grc' dir='ltr'>τερον,</span> <span class='ocrx_word' id='word_1_561' title='bbox 2517 3328 2944 3405; x_wconf 79' lang='grc' dir='ltr'>συλληψόμενον</span> <span class='ocrx_word' id='word_1_562' title='bbox 2975 3329 3162 3403; x_wconf 79' lang='grc' dir='ltr'>ἐκείνῳ</span> <span class='ocrx_word' id='word_1_563' title='bbox 3197 3336 3294 3385; x_wconf 82' lang='grc' dir='ltr'>τοῦ</span> <span class='ocrx_word' id='word_1_564' title='bbox 3353 3329 3516 3407; x_wconf 77' lang='grc' dir='ltr'>ἔργου</span> <span class='ocrx_word' id='word_1_565' title='bbox 3563 3329 3646 3386; x_wconf 72' lang='grc' dir='ltr'>καί</span> <span class='ocrx_word' id='word_1_566' title='bbox 3691 3331 3883 3394; x_wconf 79' lang='grc' dir='ltr'>πολυμε-</span> 
     </span>
    </p>
   </div>
   <div class='ocr_carea' id='block_1_82' title="bbox 2309 3411 3884 3494">
    <p class='ocr_par' dir='ltr' id='par_1_82' title="bbox 2309 3411 3884 3494">
     <span class='ocr_line' id='line_1_82' title="bbox 2309 3411 3884 3494; baseline -0.006 -19"><span class='ocrx_word' id='word_1_567' title='bbox 2309 3425 2418 3494; x_wconf 82' lang='grc' dir='ltr'>ρῶς</span> <span class='ocrx_word' id='word_1_568' title='bbox 2475 3419 2662 3482; x_wconf 75' lang='grc' dir='ltr'>αὐτοῖς</span> <span class='ocrx_word' id='word_1_569' title='bbox 2719 3419 3264 3494; x_wconf 86' lang='grc' dir='ltr'>ἆντιμαχησόμενον.</span> <span class='ocrx_word' id='word_1_570' title='bbox 3316 3421 3385 3474; x_wconf 84' lang='grc' dir='ltr'><strong>Οἱ</strong></span> <span class='ocrx_word' id='word_1_571' title='bbox 3437 3421 3534 3494; x_wconf 76' lang='grc' dir='ltr'>μὶν</span> <span class='ocrx_word' id='word_1_572' title='bbox 3582 3419 3666 3474; x_wconf 77' lang='grc' dir='ltr'>οῦν</span> <span class='ocrx_word' id='word_1_573' title='bbox 3724 3411 3884 3470; x_wconf 79' lang='grc' dir='ltr'>πλοίων</span> 
     </span>
    </p>
   </div>
   <div class='ocr_carea' id='block_1_83' title="bbox 2296 3503 3884 3586">
    <p class='ocr_par' dir='ltr' id='par_1_83' title="bbox 2296 3503 3884 3586">
     <span class='ocr_line' id='line_1_83' title="bbox 2296 3503 3884 3586; baseline 0.023 -22"><span class='ocrx_word' id='word_1_574' title='bbox 2296 3506 2588 3582; x_wconf 73' lang='grc' dir='ltr'>ἐπέϐησαν,</span> <span class='ocrx_word' id='word_1_575' title='bbox 2619 3510 2710 3564; x_wconf 70' lang='grc' dir='ltr'>καὶ</span> <span class='ocrx_word' id='word_1_576' title='bbox 2741 3513 2811 3584; x_wconf 75' lang='grc' dir='ltr'>τῇ</span> <span class='ocrx_word' id='word_1_577' title='bbox 2867 3510 3004 3582; x_wconf 70' lang='grc' dir='ltr'>ἀκτῇ</span> <span class='ocrx_word' id='word_1_578' title='bbox 3059 3509 3435 3586; x_wconf 78' lang='grc' dir='ltr'>προσίσχουσι</span> <span class='ocrx_word' id='word_1_579' title='bbox 3480 3515 3580 3580; x_wconf 69' lang='grc' dir='ltr'>τῆς</span> <span class='ocrx_word' id='word_1_580' title='bbox 3623 3511 3768 3582; x_wconf 63' lang='grc' dir='ltr'>μονῆς</span> <span class='ocrx_word' id='word_1_581' title='bbox 3805 3503 3884 3556; x_wconf 65' lang='grc' dir='ltr'>τῶν</span> 
     </span>
    </p>
   </div>
   <div class='ocr_carea' id='block_1_84' title="bbox 2297 3595 3886 3678">
    <p class='ocr_par' dir='ltr' id='par_1_84' title="bbox 2297 3595 3886 3678">
     <span class='ocr_line' id='line_1_84' title="bbox 2297 3595 3886 3678; baseline -0.011 -21"><span class='ocrx_word' id='word_1_582' title='bbox 2297 3597 2575 3674; x_wconf 75' lang='grc' dir='ltr'>Ὀδηγῶν,</span> <span class='ocrx_word' id='word_1_583' title='bbox 2621 3598 2866 3654; x_wconf 78' lang='grc' dir='ltr'>κάκεῖθεν</span> <span class='ocrx_word' id='word_1_584' title='bbox 2916 3602 3034 3660; x_wconf 89' lang='grc' dir='ltr'>τοῖς</span> <span class='ocrx_word' id='word_1_585' title='bbox 3091 3597 3494 3678; x_wconf 72' lang='grc' dir='ltr'>πελεκυςρόροις</span> <span class='ocrx_word' id='word_1_586' title='bbox 3556 3595 3886 3670; x_wconf 78' lang='grc' dir='ltr'>συμμί-(νυνται</span> 
     </span>
    </p>
   </div>
   <div class='ocr_carea' id='block_1_85' title="bbox 2295 3681 3888 3765">
    <p class='ocr_par' dir='ltr' id='par_1_85' title="bbox 2295 3681 3888 3765">
     <span class='ocr_line' id='line_1_85' title="bbox 2295 3681 3888 3765; baseline -0.004 -21"><span class='ocrx_word' id='word_1_587' title='bbox 2295 3689 2392 3744; x_wconf 84' lang='grc' dir='ltr'>τοῦ</span> <span class='ocrx_word' id='word_1_588' title='bbox 2428 3685 2698 3764; x_wconf 80' lang='grc' dir='ltr'>βασιλέως</span> <span class='ocrx_word' id='word_1_589' title='bbox 2742 3687 3122 3749; x_wconf 54' lang='grc' dir='ltr'>ὑπασπισταῖς</span> <span class='ocrx_word' id='word_1_590' title='bbox 3156 3685 3310 3742; x_wconf 70' lang='grc' dir='ltr'>οὐδὲν</span> <span class='ocrx_word' id='word_1_591' title='bbox 3334 3689 3438 3765; x_wconf 81' lang='grc' dir='ltr'>γὰρ</span> <span class='ocrx_word' id='word_1_592' title='bbox 3491 3691 3554 3757; x_wconf 75' lang='grc' dir='ltr'>ἦν</span> <span class='ocrx_word' id='word_1_593' title='bbox 3602 3681 3888 3759; x_wconf 62' lang='grc' dir='ltr'>ὁπλοφόρους</span> 
     </span>
    </p>
   </div>
   <div class='ocr_carea' id='block_1_86' title="bbox 2295 3770 3886 3850">
    <p class='ocr_par' dir='ltr' id='par_1_86' title="bbox 2295 3770 3886 3850">
     <span class='ocr_line' id='line_1_86' title="bbox 2295 3770 3886 3850; baseline -0.003 -20"><span class='ocrx_word' id='word_1_594' title='bbox 2295 3773 2386 3831; x_wconf 81' lang='grc' dir='ltr'>διὰ</span> <span class='ocrx_word' id='word_1_595' title='bbox 2419 3775 2590 3850; x_wconf 68' lang='grc' dir='ltr'>μέσης</span> <span class='ocrx_word' id='word_1_596' title='bbox 2634 3783 2736 3846; x_wconf 83' lang='grc' dir='ltr'>τῆς</span> <span class='ocrx_word' id='word_1_597' title='bbox 2787 3773 3003 3839; x_wconf 87' lang='grc' dir='ltr'>πόλεως</span> <span class='ocrx_word' id='word_1_598' title='bbox 3048 3774 3364 3850; x_wconf 86' lang='grc' dir='ltr'>παρελθεῖν.</span> <span class='ocrx_word' id='word_1_599' title='bbox 3408 3777 3512 3834; x_wconf 84' lang='grc' dir='ltr'>Καὶ</span> <span class='ocrx_word' id='word_1_600' title='bbox 3566 3775 3664 3849; x_wconf 72' lang='grc' dir='ltr'>μὴν</span> <span class='ocrx_word' id='word_1_601' title='bbox 3717 3770 3886 3840; x_wconf 72' lang='grc' dir='ltr'>ἐξαπινα</span> 
     </span>
    </p>
   </div>
   <div class='ocr_carea' id='block_1_87' title="bbox 2294 3857 3886 3942">
    <p class='ocr_par' dir='ltr' id='par_1_87' title="bbox 2294 3857 3886 3942">
     <span class='ocr_line' id='line_1_87' title="bbox 2294 3857 3886 3942; baseline 0.001 -21"><span class='ocrx_word' id='word_1_602' title='bbox 2294 3864 2644 3942; x_wconf 71' lang='grc' dir='ltr'>συρραγέντες</span> <span class='ocrx_word' id='word_1_603' title='bbox 2709 3870 2828 3928; x_wconf 86' lang='grc' dir='ltr'>τοῖς</span> <span class='ocrx_word' id='word_1_604' title='bbox 2885 3865 3008 3941; x_wconf 89' lang='grc' dir='ltr'>περὶ</span> <span class='ocrx_word' id='word_1_605' title='bbox 3063 3866 3127 3920; x_wconf 84' lang='grc' dir='ltr'>τὸ</span> <span class='ocrx_word' id='word_1_606' title='bbox 3183 3863 3411 3942; x_wconf 73' lang='grc' dir='ltr'>θέατρον</span> <span class='ocrx_word' id='word_1_607' title='bbox 3474 3864 3768 3922; x_wconf 83' lang='grc' dir='ltr'>στασιώταις</span> <span class='ocrx_word' id='word_1_608' title='bbox 3814 3857 3886 3910; x_wconf 69' lang='grc' dir='ltr'>τοῖ’</span> 
     </span>
    </p>
   </div>
   <div class='ocr_carea' id='block_1_88' title="bbox 2293 3942 3882 4028">
    <p class='ocr_par' dir='ltr' id='par_1_88' title="bbox 2293 3942 3882 4028">
     <span class='ocr_line' id='line_1_88' title="bbox 2293 3942 3882 4028; baseline -0.004 -18"><span class='ocrx_word' id='word_1_609' title='bbox 2293 3955 2540 4010; x_wconf 81' lang='grc' dir='ltr'>Ἰωάννου</span> <span class='ocrx_word' id='word_1_610' title='bbox 2572 3953 2767 4017; x_wconf 79' lang='grc' dir='ltr'>αὐτοὺς</span> <span class='ocrx_word' id='word_1_611' title='bbox 2825 3975 2884 4010; x_wconf 87' lang='grc' dir='ltr'>τε</span> <span class='ocrx_word' id='word_1_612' title='bbox 2932 3953 3135 4028; x_wconf 73' lang='grc' dir='ltr'>ῥᾳδίως</span> <span class='ocrx_word' id='word_1_613' title='bbox 3186 3951 3620 4026; x_wconf 74' lang='grc' dir='ltr'>διασκεδάζουσι,</span> <span class='ocrx_word' id='word_1_614' title='bbox 3665 3949 3743 4006; x_wconf 81' lang='grc' dir='ltr'>καὶ</span> <span class='ocrx_word' id='word_1_615' title='bbox 3783 3942 3882 4000; x_wconf 76' lang='grc' dir='ltr'>κατᾶ</span> 
     </span>
    </p>
   </div>
   <div class='ocr_carea' id='block_1_89' title="bbox 2291 4030 3880 4124">
    <p class='ocr_par' dir='ltr' id='par_1_89' title="bbox 2291 4030 3880 4124">
     <span class='ocr_line' id='line_1_89' title="bbox 2291 4030 3880 4124; baseline -0.007 -25"><span class='ocrx_word' id='word_1_616' title='bbox 2291 4044 2566 4118; x_wconf 75' lang='grc' dir='ltr'>ῥᾳστώνην</span> <span class='ocrx_word' id='word_1_617' title='bbox 2605 4049 2778 4124; x_wconf 78' lang='grc' dir='ltr'>πᾶσαν</span> <span class='ocrx_word' id='word_1_618' title='bbox 2808 4047 2888 4116; x_wconf 81' lang='grc' dir='ltr'>τῷ</span> <span class='ocrx_word' id='word_1_619' title='bbox 2919 4045 3146 4119; x_wconf 75' lang='grc' dir='ltr'>Ἰωάννῃ</span> <span class='ocrx_word' id='word_1_620' title='bbox 3173 4040 3614 4120; x_wconf 76' lang='grc' dir='ltr'>προσϐάλλουσι,</span> <span class='ocrx_word' id='word_1_621' title='bbox 3667 4030 3880 4096; x_wconf 76' lang='grc' dir='ltr'>κτείνουσί</span> 
     </span>
    </p>
   </div>
   <div class='ocr_carea' id='block_1_90' title="bbox 2286 4123 3880 4210">
    <p class='ocr_par' dir='ltr' id='par_1_90' title="bbox 2286 4123 3880 4210">
     <span class='ocr_line' id='line_1_90' title="bbox 2286 4123 3880 4210; baseline 0.001 -22"><span class='ocrx_word' id='word_1_622' title='bbox 2286 4154 2348 4188; x_wconf 88' lang='grc' dir='ltr'>τε</span> <span class='ocrx_word' id='word_1_623' title='bbox 2421 4133 2496 4194; x_wconf 82' lang='grc' dir='ltr'>ὡς</span> <span class='ocrx_word' id='word_1_624' title='bbox 2575 4133 2796 4210; x_wconf 86' lang='grc' dir='ltr'>βόκημα</span> <span class='ocrx_word' id='word_1_625' title='bbox 2868 4134 3198 4206; x_wconf 86' lang='grc' dir='ltr'>πανσώμους</span> <span class='ocrx_word' id='word_1_626' title='bbox 3269 4133 3617 4210; x_wconf 72' lang='grc' dir='ltr'>ἒπενεγκότες</span> <span class='ocrx_word' id='word_1_627' title='bbox 3687 4123 3880 4200; x_wconf 70' lang='grc' dir='ltr'>πλη-ίᾶς,</span> 
     </span>
    </p>
   </div>
   <div class='ocr_carea' id='block_1_91' title="bbox 2287 4218 3878 4302">
    <p class='ocr_par' dir='ltr' id='par_1_91' title="bbox 2287 4218 3878 4302">
     <span class='ocr_line' id='line_1_91' title="bbox 2287 4218 3878 4302; baseline -0.006 -24"><span class='ocrx_word' id='word_1_628' title='bbox 2287 4221 2378 4278; x_wconf 77' lang='grc' dir='ltr'>καὶ</span> <span class='ocrx_word' id='word_1_629' title='bbox 2405 4223 2505 4292; x_wconf 72' lang='grc' dir='ltr'>τὴν</span> <span class='ocrx_word' id='word_1_630' title='bbox 2539 4219 2780 4298; x_wconf 70' lang='grc' dir='ltr'>κεφαλήν</span> <span class='ocrx_word' id='word_1_631' title='bbox 2808 4219 3135 4302; x_wconf 70' lang='grc' dir='ltr'>ἀφελόμενοι</span> <span class='ocrx_word' id='word_1_632' title='bbox 3173 4227 3253 4294; x_wconf 83' lang='grc' dir='ltr'>τῷ</span> <span class='ocrx_word' id='word_1_633' title='bbox 3313 4222 3538 4298; x_wconf 85' lang='grc' dir='ltr'>βασιλεῖ</span> <span class='ocrx_word' id='word_1_634' title='bbox 3583 4218 3878 4295; x_wconf 80' lang='grc' dir='ltr'>προσάγουσι.</span> 
     </span>
    </p>
   </div>
   <div class='ocr_carea' id='block_1_92' title="bbox 2289 4305 3878 4387">
    <p class='ocr_par' dir='ltr' id='par_1_92' title="bbox 2289 4305 3878 4387">
     <span class='ocr_line' id='line_1_92' title="bbox 2289 4305 3878 4387; baseline -0.012 -17"><span class='ocrx_word' id='word_1_635' title='bbox 2289 4311 2391 4370; x_wconf 79' lang='grc' dir='ltr'>Καὶ</span> <span class='ocrx_word' id='word_1_636' title='bbox 2421 4313 2456 4382; x_wconf 77' lang='grc' dir='ltr'><strong>ἡ</strong></span> <span class='ocrx_word' id='word_1_637' title='bbox 2495 4312 2588 4384; x_wconf 77' lang='grc' dir='ltr'>μὶν</span> <span class='ocrx_word' id='word_1_638' title='bbox 2618 4314 2687 4385; x_wconf 74' lang='grc' dir='ltr'>τῇ</span> <span class='ocrx_word' id='word_1_639' title='bbox 2736 4311 2870 4366; x_wconf 80' lang='grc' dir='ltr'>κατᾶ</span> <span class='ocrx_word' id='word_1_640' title='bbox 2926 4313 3026 4382; x_wconf 78' lang='grc' dir='ltr'>τὴν</span> <span class='ocrx_word' id='word_1_641' title='bbox 3089 4311 3283 4386; x_wconf 76' lang='grc' dir='ltr'>ἀγορὰν</span> <span class='ocrx_word' id='word_1_642' title='bbox 3347 4310 3509 4387; x_wconf 79' lang='grc' dir='ltr'>ἁψῖδι</span> <span class='ocrx_word' id='word_1_643' title='bbox 3560 4305 3878 4385; x_wconf 79' lang='grc' dir='ltr'>μετεωρίζεται</span> 
     </span>
    </p>
   </div>
   <div class='ocr_carea' id='block_1_93' title="bbox 2286 4393 3876 4476">
    <p class='ocr_par' dir='ltr' id='par_1_93' title="bbox 2286 4393 3876 4476">
     <span class='ocr_line' id='line_1_93' title="bbox 2286 4393 3876 4476; baseline -0.003 -20"><span class='ocrx_word' id='word_1_644' title='bbox 2286 4401 2423 4476; x_wconf 87' lang='grc' dir='ltr'>πρὸς</span> <span class='ocrx_word' id='word_1_645' title='bbox 2454 4399 2573 4456; x_wconf 76' lang='grc' dir='ltr'>θὲον</span> <span class='ocrx_word' id='word_1_646' title='bbox 2619 4397 2936 4474; x_wconf 77' lang='grc' dir='ltr'>πάνδημον,</span> <span class='ocrx_word' id='word_1_647' title='bbox 2968 4395 3047 4456; x_wconf 78' lang='grc' dir='ltr'>ἔτι</span> <span class='ocrx_word' id='word_1_648' title='bbox 3100 4404 3198 4456; x_wconf 87' lang='grc' dir='ltr'>τοῦ</span> <span class='ocrx_word' id='word_1_649' title='bbox 3239 4401 3481 4474; x_wconf 82' lang='grc' dir='ltr'>αἳματος</span> <span class='ocrx_word' id='word_1_650' title='bbox 3530 4393 3876 4462; x_wconf 73' lang='grc' dir='ltr'>ἆποϐλύζουσαν</span> 
     </span>
    </p>
   </div>
   <div class='ocr_carea' id='block_1_94' title="bbox 2233 1861 2278 1927">
    <p class='ocr_par' dir='ltr' id='par_1_94' title="bbox 2233 1861 2278 1927">
     <span class='ocr_line' id='line_1_94' title="bbox 2233 1861 2278 1927; baseline 0 0"><span class='ocrx_word' id='word_1_651' title='bbox 2233 1861 2278 1927; x_wconf 91' lang='grc' dir='ltr'><strong>Β</strong></span> 
     </span>
    </p>
   </div>
   <div class='ocr_carea' id='block_1_95' title="bbox 521 4473 2186 4568">
    <p class='ocr_par' dir='ltr' id='par_1_95' title="bbox 521 4473 2174 4562">
     <span class='ocr_line' id='line_1_95' title="bbox 521 4473 2174 4562; baseline -0.001 -14"><span class='ocrx_word' id='word_1_652' title='bbox 521 4492 692 4549; x_wconf 89' lang='lat' dir='ltr'>nibus</span> <span class='ocrx_word' id='word_1_653' title='bbox 723 4473 1092 4562; x_wconf 17' lang='lat' dir='ltr'>adhibiti,iut</span> <span class='ocrx_word' id='word_1_654' title='bbox 1120 4473 1385 4547; x_wconf 89' lang='lat' dir='ltr'>conscios</span> <span class='ocrx_word' id='word_1_655' title='bbox 1415 4473 1812 4558; x_wconf 84' lang='lat' dir='ltr'>nominarent,</span> <span class='ocrx_word' id='word_1_656' title='bbox 1848 4473 2174 4547; x_wconf 15' lang='lat' dir='ltr'>inrvincula</span> 
     </span>
    </p>
   </div>
   <div class='ocr_carea' id='block_1_96' title="bbox 2297 4473 3875 4568">
    <p class='ocr_par' dir='ltr' id='par_1_96' title="bbox 2297 4473 3875 4568">
     <span class='ocr_line' id='line_1_96' title="bbox 2297 4473 3875 4568; baseline -0.007 -23"><span class='ocrx_word' id='word_1_657' title='bbox 2297 4473 2545 4565; x_wconf 66' lang='lat' dir='ltr'>recnpu‘ia&#39;t</span> <span class='ocrx_word' id='word_1_658' title='bbox 2570 4511 2628 4545; x_wconf 89' lang='grc' dir='ltr'>τε</span> <span class='ocrx_word' id='word_1_659' title='bbox 2677 4473 2850 4544; x_wconf 80' lang='grc' dir='ltr'>δεινὸν</span> <span class='ocrx_word' id='word_1_660' title='bbox 2893 4488 2988 4544; x_wconf 88' lang='grc' dir='ltr'>καὶ</span> <span class='ocrx_word' id='word_1_661' title='bbox 3043 4473 3318 4563; x_wconf 79' lang='grc' dir='ltr'>μεμυκυῖα</span> <span class='ocrx_word' id='word_1_662' title='bbox 3365 4491 3450 4548; x_wconf 85' lang='grc' dir='ltr'>τὼ</span> <span class='ocrx_word' id='word_1_663' title='bbox 3501 4485 3765 4568; x_wconf 61' lang='grc' dir='ltr'>ὀφθαλμώ</span> <span class='ocrx_word' id='word_1_664' title='bbox 3793 4473 3875 4533; x_wconf 77' lang='grc' dir='ltr'>ὁδὶ</span> 
     </span>
    </p>
   </div>
   <div class='ocr_carea' id='block_1_97' title="bbox 517 4579 1308 4653">
    <p class='ocr_par' dir='ltr' id='par_1_97' title="bbox 517 4579 1308 4653">
     <span class='ocr_line' id='line_1_97' title="bbox 517 4579 1308 4653; baseline -0.004 -15"><span class='ocrx_word' id='word_1_665' title='bbox 517 4585 574 4638; x_wconf 88' lang='lat' dir='ltr'>et</span> <span class='ocrx_word' id='word_1_666' title='bbox 604 4597 864 4640; x_wconf 87' lang='lat' dir='ltr'>carceres</span> <span class='ocrx_word' id='word_1_667' title='bbox 893 4579 1308 4653; x_wconf 82' lang='lat' dir='ltr'>conjiciuntur.</span> 
     </span>
    </p>
   </div>
   <div class='ocr_carea' id='block_1_98' title="bbox 2287 4571 3865 4656">
    <p class='ocr_par' dir='ltr' id='par_1_98' title="bbox 2287 4571 3865 4656">
     <span class='ocr_line' id='line_1_98' title="bbox 2287 4571 3865 4656; baseline -0.001 -20"><span class='ocrx_word' id='word_1_668' title='bbox 2287 4579 2482 4643; x_wconf 86' lang='grc' dir='ltr'>λοιπὸς</span> <span class='ocrx_word' id='word_1_669' title='bbox 2518 4579 2776 4650; x_wconf 81' lang='grc' dir='ltr'>Ἰωάννης</span> <span class='ocrx_word' id='word_1_670' title='bbox 2810 4579 2989 4654; x_wconf 78' lang='grc' dir='ltr'>ἀρθεὶς</span> <span class='ocrx_word' id='word_1_671' title='bbox 3020 4578 3106 4634; x_wconf 77' lang='grc' dir='ltr'>ἐπὶ</span> <span class='ocrx_word' id='word_1_672' title='bbox 3139 4578 3336 4652; x_wconf 84' lang='grc' dir='ltr'>κλίνης</span> <span class='ocrx_word' id='word_1_673' title='bbox 3369 4579 3590 4656; x_wconf 67' lang='grc' dir='ltr'>α’ίθριος</span> <span class='ocrx_word' id='word_1_674' title='bbox 3621 4571 3865 4656; x_wconf 61' lang='grc' dir='ltr'>προτίθεῖαε</span> 
     </span>
    </p>
   </div>
   <div class='ocr_carea' id='block_1_99' title="bbox 511 4653 3862 4744">
    <p class='ocr_par' dir='ltr' id='par_1_99' title="bbox 511 4653 3862 4744">
     <span class='ocr_line' id='line_1_99' title="bbox 511 4653 3862 4744; baseline -0.002 -19"><span class='ocrx_word' id='word_1_675' title='bbox 511 4669 648 4725; x_wconf 71' lang='grc' dir='ltr'>κατὰ</span> <span class='ocrx_word' id='word_1_676' title='bbox 703 4670 800 4740; x_wconf 76' lang='grc' dir='ltr'>τὴν</span> <span class='ocrx_word' id='word_1_677' title='bbox 865 4664 1248 4742; x_wconf 71' lang='grc' dir='ltr'>μεσημϐρινὴν</span> <span class='ocrx_word' id='word_1_678' title='bbox 1307 4665 1487 4736; x_wconf 81' lang='grc' dir='ltr'>πύλην</span> <span class='ocrx_word' id='word_1_679' title='bbox 1556 4669 1663 4722; x_wconf 81' lang='grc' dir='ltr'>τῶν</span> <span class='ocrx_word' id='word_1_680' title='bbox 1722 4665 1774 4721; x_wconf 83' lang='grc' dir='ltr'>ἐν</span> <span class='ocrx_word' id='word_1_681' title='bbox 1827 4665 2166 4743; x_wconf 77' lang='grc' dir='ltr'>Βλαχὲρναις</span> <span class='ocrx_word' id='word_1_682' title='bbox 2224 4667 2486 4744; x_wconf 82' lang='grc' dir='ltr'>ἀρχείων.</span> <span class='ocrx_word' id='word_1_683' title='bbox 2546 4668 2648 4725; x_wconf 80' lang='grc' dir='ltr'>Καὶ</span> <span class='ocrx_word' id='word_1_684' title='bbox 2709 4653 2966 4742; x_wconf 85' lang='grc' dir='ltr'>βασιλεὺς</span> <span class='ocrx_word' id='word_1_685' title='bbox 3041 4668 3135 4730; x_wconf 82' lang='grc' dir='ltr'>τὰς</span> <span class='ocrx_word' id='word_1_686' title='bbox 3194 4667 3397 4731; x_wconf 81' lang='grc' dir='ltr'>ἂνωθεν</span> <span class='ocrx_word' id='word_1_687' title='bbox 3469 4653 3638 4736; x_wconf 84' lang='grc' dir='ltr'>αὐτῆς</span> <span class='ocrx_word' id='word_1_688' title='bbox 3686 4653 3862 4744; x_wconf 12' lang='grc' dir='ltr'>ἆρχγικάξ</span> 
     </span>
    </p>
   </div>
   <div class='ocr_carea' id='block_1_100' title="bbox 514 4743 3849 4832">
    <p class='ocr_par' dir='ltr' id='par_1_100' title="bbox 514 4743 3849 4832">
     <span class='ocr_line' id='line_1_100' title="bbox 514 4743 3849 4832; baseline -0.004 -20"><span class='ocrx_word' id='word_1_689' title='bbox 514 4755 720 4820; x_wconf 84' lang='grc' dir='ltr'>διαίτας</span> <span class='ocrx_word' id='word_1_690' title='bbox 747 4759 929 4814; x_wconf 87' lang='grc' dir='ltr'>εἰσιὼν</span> <span class='ocrx_word' id='word_1_691' title='bbox 959 4757 1141 4814; x_wconf 79' lang='grc' dir='ltr'>ἐθεᾶτο</span> <span class='ocrx_word' id='word_1_692' title='bbox 1171 4758 1434 4826; x_wconf 74' lang='grc' dir='ltr'>κάτωθεν,</span> <span class='ocrx_word' id='word_1_693' title='bbox 1492 4757 1633 4826; x_wconf 83' lang='grc' dir='ltr'>ὁμοῦ</span> <span class='ocrx_word' id='word_1_694' title='bbox 1685 4757 1781 4828; x_wconf 76' lang='grc' dir='ltr'>μὲν</span> <span class='ocrx_word' id='word_1_695' title='bbox 1811 4757 1905 4818; x_wconf 75' lang='grc' dir='ltr'>τὰς</span> <span class='ocrx_word' id='word_1_696' title='bbox 1951 4757 2104 4832; x_wconf 80' lang='grc' dir='ltr'>δψέις</span> <span class='ocrx_word' id='word_1_697' title='bbox 2153 4743 2336 4820; x_wconf 75' lang='grc' dir='ltr'>διδοὺς</span> <span class='ocrx_word' id='word_1_698' title='bbox 2383 4763 2463 4830; x_wconf 81' lang='grc' dir='ltr'>τῷ</span> <span class='ocrx_word' id='word_1_699' title='bbox 2519 4777 2774 4831; x_wconf 87' lang='grc' dir='ltr'>πτωματι</span> <span class='ocrx_word' id='word_1_700' title='bbox 2843 4757 2975 4832; x_wconf 77' lang='grc' dir='ltr'>ὑπὲρ</span> <span class='ocrx_word' id='word_1_701' title='bbox 3009 4759 3138 4832; x_wconf 86' lang='grc' dir='ltr'>βοῦν</span> <span class='ocrx_word' id='word_1_702' title='bbox 3197 4753 3500 4831; x_wconf 80' lang='grc' dir='ltr'>διῳδηκότι</span> <span class='ocrx_word' id='word_1_703' title='bbox 3552 4743 3849 4832; x_wconf 67' lang='grc' dir='ltr'>μεγαλόπλευ·</span> 
     </span>
    </p>
   </div>
   <div class='ocr_carea' id='block_1_101' title="bbox 517 4830 3857 4922">
    <p class='ocr_par' dir='ltr' id='par_1_101' title="bbox 517 4830 3857 4922">
     <span class='ocr_line' id='line_1_101' title="bbox 517 4830 3857 4922; baseline 0 -22"><span class='ocrx_word' id='word_1_704' title='bbox 517 4866 636 4920; x_wconf 85' lang='grc' dir='ltr'>ρον,</span> <span class='ocrx_word' id='word_1_705' title='bbox 667 4848 810 4918; x_wconf 85' lang='grc' dir='ltr'>ὁμοῦ</span> <span class='ocrx_word' id='word_1_706' title='bbox 841 4844 898 4902; x_wconf 69' lang='grc' dir='ltr'>δὲ</span> <span class='ocrx_word' id='word_1_707' title='bbox 939 4845 1298 4922; x_wconf 80' lang='grc' dir='ltr'>διαχεόμενος</span> <span class='ocrx_word' id='word_1_708' title='bbox 1357 4851 1436 4919; x_wconf 79' lang='grc' dir='ltr'>τῷ</span> <span class='ocrx_word' id='word_1_709' title='bbox 1487 4845 1714 4920; x_wconf 78' lang='grc' dir='ltr'>ῥεύματι</span> <span class='ocrx_word' id='word_1_710' title='bbox 1771 4845 1862 4902; x_wconf 84' lang='grc' dir='ltr'>καὶ</span> <span class='ocrx_word' id='word_1_711' title='bbox 1919 4830 2486 4922; x_wconf 82' lang='grc' dir='ltr'>καταλαζονευόμενος</span> <span class='ocrx_word' id='word_1_712' title='bbox 2535 4847 2597 4902; x_wconf 84' lang='grc' dir='ltr'>τὸ</span> <span class='ocrx_word' id='word_1_713' title='bbox 2651 4830 3016 4920; x_wconf 50' lang='grc' dir='ltr'>κατορθωμαξ</span> <span class='ocrx_word' id='word_1_714' title='bbox 3063 4846 3210 4902; x_wconf 82' lang='grc' dir='ltr'>Μετὰ</span> <span class='ocrx_word' id='word_1_715' title='bbox 3271 4830 3327 4902; x_wconf 78' lang='grc' dir='ltr'>δὲ</span> <span class='ocrx_word' id='word_1_716' title='bbox 3387 4847 3454 4903; x_wconf 84' lang='grc' dir='ltr'>τὸ</span> <span class='ocrx_word' id='word_1_717' title='bbox 3515 4849 3669 4918; x_wconf 78' lang='grc' dir='ltr'>σῶμα</span> <span class='ocrx_word' id='word_1_718' title='bbox 3710 4830 3857 4922; x_wconf 49' lang='grc' dir='ltr'>ἒκέἶθεν</span> 
     </span>
    </p>
   </div>
   <div class='ocr_carea' id='block_1_102' title="bbox 513 4921 3866 5013">
    <p class='ocr_par' dir='ltr' id='par_1_102' title="bbox 513 4921 3866 5013">
     <span class='ocr_line' id='line_1_102' title="bbox 513 4921 3866 5013; baseline -0.004 -26"><span class='ocrx_word' id='word_1_719' title='bbox 513 4933 678 5008; x_wconf 71' lang='grc' dir='ltr'>ἀρθὲν</span> <span class='ocrx_word' id='word_1_720' title='bbox 735 4935 859 4989; x_wconf 85' lang='grc' dir='ltr'>κυσὶ</span> <span class='ocrx_word' id='word_1_721' title='bbox 925 4937 1016 4990; x_wconf 81' lang='grc' dir='ltr'>καὶ</span> <span class='ocrx_word' id='word_1_722' title='bbox 1075 4931 1249 5009; x_wconf 77' lang='grc' dir='ltr'>ὄρνισι</span> <span class='ocrx_word' id='word_1_723' title='bbox 1313 4937 1452 5011; x_wconf 78' lang='grc' dir='ltr'>βορὰ</span> <span class='ocrx_word' id='word_1_724' title='bbox 1516 4936 1891 5009; x_wconf 85' lang='grc' dir='ltr'>παρατίθεται,</span> <span class='ocrx_word' id='word_1_725' title='bbox 1945 4937 1974 4990; x_wconf 88' lang='lat'>6&#39;</span> <span class='ocrx_word' id='word_1_726' title='bbox 2039 4935 2128 4992; x_wconf 82' lang='grc' dir='ltr'>καὶ</span> <span class='ocrx_word' id='word_1_727' title='bbox 2170 4934 2439 5013; x_wconf 84' lang='grc' dir='ltr'>θηριῶδες</span> <span class='ocrx_word' id='word_1_728' title='bbox 2515 4939 2712 5010; x_wconf 88' lang='grc' dir='ltr'>μικροῦ</span> <span class='ocrx_word' id='word_1_729' title='bbox 2777 4935 2867 4991; x_wconf 84' lang='grc' dir='ltr'>καὶ</span> <span class='ocrx_word' id='word_1_730' title='bbox 2927 4936 3279 5010; x_wconf 70' lang='grc' dir='ltr'>ἀπάνθρωπον</span> <span class='ocrx_word' id='word_1_731' title='bbox 3341 4941 3462 5000; x_wconf 83' lang='grc' dir='ltr'>τοῖς</span> <span class='ocrx_word' id='word_1_732' title='bbox 3523 4951 3673 4990; x_wconf 83' lang='grc' dir='ltr'>πασιν</span> <span class='ocrx_word' id='word_1_733' title='bbox 3735 4921 3866 5013; x_wconf 57' lang='grc' dir='ltr'>ἱδοξξνν</span> 
     </span>
    </p>
   </div>
   <div class='ocr_carea' id='block_1_103' title="bbox 519 5005 3871 5102">
    <p class='ocr_par' dir='ltr' id='par_1_103' title="bbox 519 5005 3871 5102">
     <span class='ocr_line' id='line_1_103' title="bbox 519 5005 3871 5102; baseline -0.004 -15"><span class='ocrx_word' id='word_1_734' title='bbox 519 5023 572 5078; x_wconf 73' lang='grc' dir='ltr'>οῖ</span> <span class='ocrx_word' id='word_1_735' title='bbox 603 5020 650 5077; x_wconf 85' lang='grc' dir='ltr'>δ’</span> <span class='ocrx_word' id='word_1_736' title='bbox 681 5022 742 5078; x_wconf 68' lang='grc' dir='ltr'>ἐκ</span> <span class='ocrx_word' id='word_1_737' title='bbox 769 5030 867 5092; x_wconf 83' lang='grc' dir='ltr'>τῆς</span> <span class='ocrx_word' id='word_1_738' title='bbox 897 5022 1276 5097; x_wconf 83' lang='grc' dir='ltr'>συνωμότιδος</span> <span class='ocrx_word' id='word_1_739' title='bbox 1311 5023 1533 5100; x_wconf 84' lang='grc' dir='ltr'>μερίδος</span> <span class='ocrx_word' id='word_1_740' title='bbox 1562 5029 1658 5080; x_wconf 89' lang='grc' dir='ltr'>τοῦ</span> <span class='ocrx_word' id='word_1_741' title='bbox 1692 5022 1938 5082; x_wconf 75' lang='grc' dir='ltr'>Ἰωάννου</span> <span class='ocrx_word' id='word_1_742' title='bbox 1973 5005 2343 5102; x_wconf 80' lang='grc' dir='ltr'>συαχεθέντες,</span> <span class='ocrx_word' id='word_1_743' title='bbox 2399 5025 2492 5081; x_wconf 79' lang='grc' dir='ltr'>καὶ</span> <span class='ocrx_word' id='word_1_744' title='bbox 2515 5005 2788 5101; x_wconf 57' lang='grc' dir='ltr'>βασάνοις</span> <span class='ocrx_word' id='word_1_745' title='bbox 2838 5005 3238 5096; x_wconf 57' lang='grc' dir='ltr'>ὑποϐληθέντες</span> <span class='ocrx_word' id='word_1_746' title='bbox 3286 5020 3440 5092; x_wconf 77' lang='grc' dir='ltr'>ὅπως</span> <span class='ocrx_word' id='word_1_747' title='bbox 3485 5023 3739 5101; x_wconf 69' lang='grc' dir='ltr'>ἐκφήνωσι</span> <span class='ocrx_word' id='word_1_748' title='bbox 3777 5005 3871 5065; x_wconf 64' lang='grc' dir='ltr'>τοὺς</span> 
     </span>
    </p>
   </div>
   <div class='ocr_carea' id='block_1_104' title="bbox 509 5109 2018 5190">
    <p class='ocr_par' dir='ltr' id='par_1_104' title="bbox 509 5109 2018 5190">
     <span class='ocr_line' id='line_1_104' title="bbox 509 5109 2018 5190; baseline 0.005 -25"><span class='ocrx_word' id='word_1_749' title='bbox 509 5113 849 5186; x_wconf 85' lang='grc' dir='ltr'>συνίστορας,</span> <span class='ocrx_word' id='word_1_750' title='bbox 873 5109 1096 5185; x_wconf 80' lang='grc' dir='ltr'>δεσμοῖς</span> <span class='ocrx_word' id='word_1_751' title='bbox 1119 5115 1207 5168; x_wconf 84' lang='grc' dir='ltr'>καὶ</span> <span class='ocrx_word' id='word_1_752' title='bbox 1240 5119 1503 5190; x_wconf 76' lang='grc' dir='ltr'>φρουραῖς</span> <span class='ocrx_word' id='word_1_753' title='bbox 1534 5117 2018 5187; x_wconf 67' lang='grc' dir='ltr'>παραπέμπονται.</span> 
     </span>
    </p>
   </div>
   <div class='ocr_carea' id='block_1_105' title="bbox 578 5202 2150 5278">
    <p class='ocr_par' dir='ltr' id='par_1_105' title="bbox 578 5202 2150 5278">
     <span class='ocr_line' id='line_1_105' title="bbox 578 5202 2150 5278; baseline 0.003 -20"><span class='ocrx_word' id='word_1_754' title='bbox 578 5202 738 5258; x_wconf 89' lang='lat' dir='ltr'>Fecit</span> <span class='ocrx_word' id='word_1_755' title='bbox 768 5208 825 5257; x_wconf 89' lang='lat' dir='ltr'>et</span> <span class='ocrx_word' id='word_1_756' title='bbox 855 5202 1012 5258; x_wconf 88' lang='lat' dir='ltr'>aliud</span> <span class='ocrx_word' id='word_1_757' title='bbox 1047 5205 1376 5274; x_wconf 90' lang='lat' dir='ltr'>imperator,</span> <span class='ocrx_word' id='word_1_758' title='bbox 1418 5207 1612 5262; x_wconf 88' lang='lat' dir='ltr'>nescio</span> <span class='ocrx_word' id='word_1_759' title='bbox 1645 5205 1833 5278; x_wconf 85' lang='lat' dir='ltr'>quale.</span> <span class='ocrx_word' id='word_1_760' title='bbox 1865 5210 2150 5263; x_wconf 89' lang='lat' dir='ltr'>Constan-</span> 
     </span>
    </p>
   </div>
   <div class='ocr_carea' id='block_1_106' title="bbox 501 5291 2144 5366">
    <p class='ocr_par' dir='ltr' id='par_1_106' title="bbox 501 5291 2144 5366">
     <span class='ocr_line' id='line_1_106' title="bbox 501 5291 2144 5366; baseline 0.002 -17"><span class='ocrx_word' id='word_1_761' title='bbox 501 5291 694 5349; x_wconf 92' lang='lat' dir='ltr'>tinum</span> <span class='ocrx_word' id='word_1_762' title='bbox 725 5294 1037 5364; x_wconf 88' lang='lat' dir='ltr'>quemdam</span> <span class='ocrx_word' id='word_1_763' title='bbox 1069 5294 1492 5366; x_wconf 82' lang='lat' dir='ltr'>Francopulum</span> <span class='ocrx_word' id='word_1_764' title='bbox 1525 5311 1658 5350; x_wconf 89' lang='lat' dir='ltr'>cum</span> <span class='ocrx_word' id='word_1_765' title='bbox 1689 5313 1784 5350; x_wconf 87' lang='lat' dir='ltr'>sex</span> <span class='ocrx_word' id='word_1_766' title='bbox 1804 5295 2144 5352; x_wconf 85' lang='lat' dir='ltr'>triremibus</span> 
     </span>
    </p>
   </div>
   <div class='ocr_carea' id='block_1_107' title="bbox 501 5380 2143 5456">
    <p class='ocr_par' dir='ltr' id='par_1_107' title="bbox 501 5380 2143 5456">
     <span class='ocr_line' id='line_1_107' title="bbox 501 5380 2143 5456; baseline 0.004 -20"><span class='ocrx_word' id='word_1_767' title='bbox 501 5380 562 5436; x_wconf 92' lang='lat' dir='ltr'>in</span> <span class='ocrx_word' id='word_1_768' title='bbox 594 5384 845 5436; x_wconf 91' lang='lat' dir='ltr'>Pontum</span> <span class='ocrx_word' id='word_1_769' title='bbox 865 5380 1150 5436; x_wconf 80' lang='lat' dir='ltr'>Euxinum</span> <span class='ocrx_word' id='word_1_770' title='bbox 1174 5383 1330 5437; x_wconf 81' lang='lat' dir='ltr'>misit</span> <span class='ocrx_word' id='word_1_771' title='bbox 1357 5400 1455 5455; x_wconf 90' lang='lat' dir='ltr'>per</span> <span class='ocrx_word' id='word_1_772' title='bbox 1471 5384 1727 5456; x_wconf 82' lang='lat' dir='ltr'>speciem</span> <span class='ocrx_word' id='word_1_773' title='bbox 1757 5385 1828 5440; x_wconf 91' lang='lat' dir='ltr'>de</span> <span class='ocrx_word' id='word_1_774' title='bbox 1850 5387 2143 5442; x_wconf 89' lang='lat' dir='ltr'>mercibus</span> 
     </span>
    </p>
   </div>
   <div class='ocr_carea' id='block_1_108' title="bbox 497 5469 2142 5546">
    <p class='ocr_par' dir='ltr' id='par_1_108' title="bbox 497 5469 2142 5546">
     <span class='ocr_line' id='line_1_108' title="bbox 497 5469 2142 5546; baseline 0.003 -20"><span class='ocrx_word' id='word_1_775' title='bbox 497 5469 666 5527; x_wconf 85' lang='lat' dir='ltr'>navis</span> <span class='ocrx_word' id='word_1_776' title='bbox 697 5471 1032 5542; x_wconf 82' lang='lat' dir='ltr'>cujusdam,</span> <span class='ocrx_word' id='word_1_777' title='bbox 1065 5487 1189 5542; x_wconf 81' lang='lat' dir='ltr'>quas</span> <span class='ocrx_word' id='word_1_778' title='bbox 1223 5486 1290 5527; x_wconf 84' lang='lat' dir='ltr'>ex</span> <span class='ocrx_word' id='word_1_779' title='bbox 1321 5472 1562 5528; x_wconf 83' lang='lat' dir='ltr'>Phaside</span> <span class='ocrx_word' id='word_1_780' title='bbox 1611 5472 1951 5546; x_wconf 80' lang='lat' dir='ltr'>Byzantium</span> <span class='ocrx_word' id='word_1_781' title='bbox 1985 5475 2142 5530; x_wconf 84' lang='lat' dir='ltr'>navi-</span> 
     </span>
    </p>
   </div>
   <div class='ocr_carea' id='block_1_109' title="bbox 500 5561 2140 5636">
    <p class='ocr_par' dir='ltr' id='par_1_109' title="bbox 500 5561 2140 5636">
     <span class='ocr_line' id='line_1_109' title="bbox 500 5561 2140 5636; baseline 0.002 -20"><span class='ocrx_word' id='word_1_782' title='bbox 500 5577 646 5634; x_wconf 78' lang='lat' dir='ltr'>gans</span> <span class='ocrx_word' id='word_1_783' title='bbox 686 5562 855 5633; x_wconf 85' lang='lat' dir='ltr'>juxta</span> <span class='ocrx_word' id='word_1_784' title='bbox 902 5561 1281 5618; x_wconf 87' lang='lat' dir='ltr'>Ccrasuntem</span> <span class='ocrx_word' id='word_1_785' title='bbox 1333 5562 1513 5618; x_wconf 85' lang='lat' dir='ltr'>fracta</span> <span class='ocrx_word' id='word_1_786' title='bbox 1559 5569 1730 5630; x_wconf 87' lang='lat' dir='ltr'>esset,</span> <span class='ocrx_word' id='word_1_787' title='bbox 1781 5563 2140 5636; x_wconf 88' lang='lat' dir='ltr'>inquirendi,</span> 
     </span>
    </p>
   </div>
   <div class='ocr_carea' id='block_1_110' title="bbox 501 5652 2142 5726">
    <p class='ocr_par' dir='ltr' id='par_1_110' title="bbox 501 5652 2142 5726">
     <span class='ocr_line' id='line_1_110' title="bbox 501 5652 2142 5726; baseline 0 -14"><span class='ocrx_word' id='word_1_788' title='bbox 501 5668 699 5712; x_wconf 82' lang='lat' dir='ltr'>revera</span> <span class='ocrx_word' id='word_1_789' title='bbox 746 5662 936 5710; x_wconf 87' lang='lat' dir='ltr'>autem</span> <span class='ocrx_word' id='word_1_790' title='bbox 969 5657 1034 5710; x_wconf 91' lang='lat' dir='ltr'>ut</span> <span class='ocrx_word' id='word_1_791' title='bbox 1064 5653 1323 5710; x_wconf 87' lang='lat' dir='ltr'>oneraria</span> <span class='ocrx_word' id='word_1_792' title='bbox 1371 5652 1625 5726; x_wconf 76' lang='lat' dir='ltr'>navigia,</span> <span class='ocrx_word' id='word_1_793' title='bbox 1659 5669 1782 5725; x_wconf 65' lang='lat' dir='ltr'>qua</span> <span class='ocrx_word' id='word_1_794' title='bbox 1836 5656 2142 5714; x_wconf 88' lang='lat' dir='ltr'>Aminsum</span> 
     </span>
    </p>
   </div>
   <div class='ocr_carea' id='block_1_111' title="bbox 2333 5180 3873 5282">
    <p class='ocr_par' dir='ltr' id='par_1_111' title="bbox 2333 5180 3873 5282">
     <span class='ocr_line' id='line_1_111' title="bbox 2333 5180 3873 5282; baseline -0.003 -19"><span class='ocrx_word' id='word_1_795' title='bbox 2333 5203 2492 5263; x_wconf 82' lang='grc' dir='ltr'>Ἀλλ’</span> <span class='ocrx_word' id='word_1_796' title='bbox 2527 5206 2643 5260; x_wconf 88' lang='grc' dir='ltr'>οἷον</span> <span class='ocrx_word' id='word_1_797' title='bbox 2673 5205 2763 5260; x_wconf 87' lang='grc' dir='ltr'>καὶ</span> <span class='ocrx_word' id='word_1_798' title='bbox 2791 5201 2904 5260; x_wconf 86' lang='grc' dir='ltr'>τόδ’</span> <span class='ocrx_word' id='word_1_799' title='bbox 2937 5198 3144 5282; x_wconf 74' lang='grc' dir='ltr'>ἔρρεξεν</span> <span class='ocrx_word' id='word_1_800' title='bbox 3179 5203 3338 5268; x_wconf 81' lang='grc' dir='ltr'>οὗτος</span> <span class='ocrx_word' id='word_1_801' title='bbox 3364 5205 3392 5258; x_wconf 91' lang='lat'>6</span> <span class='ocrx_word' id='word_1_802' title='bbox 3447 5196 3714 5278; x_wconf 84' lang='grc' dir='ltr'>βασιλεύς·</span> <span class='ocrx_word' id='word_1_803' title='bbox 3750 5180 3873 5260; x_wconf 69' lang='grc' dir='ltr'>ἀνδρί</span> 
     </span>
    </p>
   </div>
   <div class='ocr_carea' id='block_1_112' title="bbox 2259 5281 3875 5369">
    <p class='ocr_par' dir='ltr' id='par_1_112' title="bbox 2259 5281 3875 5369">
     <span class='ocr_line' id='line_1_112' title="bbox 2259 5281 3875 5369; baseline -0.016 -20"><span class='ocrx_word' id='word_1_804' title='bbox 2259 5315 2370 5349; x_wconf 92' lang='grc' dir='ltr'>τινι</span> <span class='ocrx_word' id='word_1_805' title='bbox 2398 5291 2674 5369; x_wconf 84' lang='grc' dir='ltr'>παραδοὺς</span> <span class='ocrx_word' id='word_1_806' title='bbox 2705 5296 2954 5369; x_wconf 73' lang='grc' dir='ltr'>τριήρεις</span> <span class='ocrx_word' id='word_1_807' title='bbox 3001 5292 3078 5365; x_wconf 82' lang='grc' dir='ltr'>ἓξ,</span> <span class='ocrx_word' id='word_1_808' title='bbox 3109 5295 3154 5365; x_wconf 83' lang='grc' dir='ltr'>ᾧ</span> <span class='ocrx_word' id='word_1_809' title='bbox 3185 5295 3221 5362; x_wconf 76' lang='grc' dir='ltr'><strong>ἡ</strong></span> <span class='ocrx_word' id='word_1_810' title='bbox 3258 5293 3352 5367; x_wconf 70' lang='grc' dir='ltr'>μὲν</span> <span class='ocrx_word' id='word_1_811' title='bbox 3391 5290 3593 5361; x_wconf 74' lang='grc' dir='ltr'>κλῆσις</span> <span class='ocrx_word' id='word_1_812' title='bbox 3639 5286 3698 5355; x_wconf 80' lang='grc' dir='ltr'>ἦν</span> <span class='ocrx_word' id='word_1_813' title='bbox 3743 5281 3875 5369; x_wconf 65' lang='grc' dir='ltr'>Κων-</span> 
     </span>
    </p>
   </div>
   <div class='ocr_carea' id='block_1_113' title="bbox 2259 5357 3877 5456">
    <p class='ocr_par' dir='ltr' id='par_1_113' title="bbox 2259 5357 3877 5456">
     <span class='ocr_line' id='line_1_113' title="bbox 2259 5357 3877 5456; baseline -0.01 -17"><span class='ocrx_word' id='word_1_814' title='bbox 2259 5357 2561 5452; x_wconf 78' lang='grc' dir='ltr'>σταντῖνος,</span> <span class='ocrx_word' id='word_1_815' title='bbox 2594 5384 2629 5452; x_wconf 89' lang='grc' dir='ltr'>ἡ</span> <span class='ocrx_word' id='word_1_816' title='bbox 2663 5380 2710 5437; x_wconf 87' lang='grc' dir='ltr'>δ’</span> <span class='ocrx_word' id='word_1_817' title='bbox 2741 5357 3072 5454; x_wconf 42' lang='grc' dir='ltr'>’ἐπ’ίκλησιςν</span> <span class='ocrx_word' id='word_1_818' title='bbox 3095 5357 3556 5456; x_wconf 54' lang='grc' dir='ltr'>ὦραγγόπουλος,</span> <span class='ocrx_word' id='word_1_819' title='bbox 3590 5377 3639 5438; x_wconf 85' lang='grc' dir='ltr'>ἐς</span> <span class='ocrx_word' id='word_1_820' title='bbox 3663 5372 3745 5428; x_wconf 80' lang='grc' dir='ltr'>τὸν</span> <span class='ocrx_word' id='word_1_821' title='bbox 3788 5357 3877 5422; x_wconf 67' lang='grc' dir='ltr'>Εὗ-</span> 
     </span>
    </p>
   </div>
   <div class='ocr_carea' id='block_1_114' title="bbox 2253 5463 3870 5548">
    <p class='ocr_par' dir='ltr' id='par_1_114' title="bbox 2253 5463 3870 5548">
     <span class='ocr_line' id='line_1_114' title="bbox 2253 5463 3870 5548; baseline -0.006 -19"><span class='ocrx_word' id='word_1_822' title='bbox 2253 5476 2422 5548; x_wconf 79' lang='grc' dir='ltr'>ξεινον</span> <span class='ocrx_word' id='word_1_823' title='bbox 2474 5471 2674 5528; x_wconf 85' lang='grc' dir='ltr'>Πάντον</span> <span class='ocrx_word' id='word_1_824' title='bbox 2733 5470 3019 5547; x_wconf 71' lang='grc' dir='ltr'>ἐξέπεμψε,</span> <span class='ocrx_word' id='word_1_825' title='bbox 3076 5475 3158 5545; x_wconf 80' lang='grc' dir='ltr'>τῷ</span> <span class='ocrx_word' id='word_1_826' title='bbox 3212 5471 3306 5544; x_wconf 77' lang='grc' dir='ltr'>μὲν</span> <span class='ocrx_word' id='word_1_827' title='bbox 3368 5467 3548 5524; x_wconf 88' lang='grc' dir='ltr'>δοκεῖν</span> <span class='ocrx_word' id='word_1_828' title='bbox 3591 5463 3706 5538; x_wconf 86' lang='grc' dir='ltr'>περὶ</span> <span class='ocrx_word' id='word_1_829' title='bbox 3751 5471 3870 5532; x_wconf 80' lang='grc' dir='ltr'>φορ-</span> 
     </span>
    </p>
   </div>
   <div class='ocr_carea' id='block_1_115' title="bbox 2249 5551 3863 5636">
    <p class='ocr_par' dir='ltr' id='par_1_115' title="bbox 2249 5551 3863 5636">
     <span class='ocr_line' id='line_1_115' title="bbox 2249 5551 3863 5636; baseline -0.01 -14"><span class='ocrx_word' id='word_1_830' title='bbox 2249 5565 2368 5622; x_wconf 86' lang='grc' dir='ltr'>τίου</span> <span class='ocrx_word' id='word_1_831' title='bbox 2397 5562 2598 5618; x_wconf 84' lang='grc' dir='ltr'>πλοίου</span> <span class='ocrx_word' id='word_1_832' title='bbox 2626 5562 2776 5626; x_wconf 85' lang='grc' dir='ltr'>τινὸς</span> <span class='ocrx_word' id='word_1_833' title='bbox 2809 5562 3142 5636; x_wconf 73' lang='grc' dir='ltr'>ἐξετάσοντα,</span> <span class='ocrx_word' id='word_1_834' title='bbox 3176 5561 3236 5618; x_wconf 80' lang='grc' dir='ltr'>ἐκ</span> <span class='ocrx_word' id='word_1_835' title='bbox 3267 5557 3506 5621; x_wconf 79' lang='grc' dir='ltr'>Φάσιδος</span> <span class='ocrx_word' id='word_1_836' title='bbox 3547 5551 3863 5628; x_wconf 78' lang='grc' dir='ltr'>καταίροντος</span> 
     </span>
    </p>
   </div>
   <div class='ocr_carea' id='block_1_116' title="bbox 2251 5642 3880 5730">
    <p class='ocr_par' dir='ltr' id='par_1_116' title="bbox 2251 5642 3880 5730">
     <span class='ocr_line' id='line_1_116' title="bbox 2251 5642 3880 5730; baseline -0.007 -20"><span class='ocrx_word' id='word_1_837' title='bbox 2251 5653 2328 5717; x_wconf 81' lang='grc' dir='ltr'>εἷς</span> <span class='ocrx_word' id='word_1_838' title='bbox 2395 5651 2705 5726; x_wconf 82' lang='grc' dir='ltr'>Βυζάντιον,</span> <span class='ocrx_word' id='word_1_839' title='bbox 2766 5652 2890 5729; x_wconf 82' lang='grc' dir='ltr'>περὶ</span> <span class='ocrx_word' id='word_1_840' title='bbox 2940 5651 2998 5708; x_wconf 77' lang='grc' dir='ltr'>οὶ</span> <span class='ocrx_word' id='word_1_841' title='bbox 3058 5655 3398 5730; x_wconf 81' lang='grc' dir='ltr'>Κερασοῦντα</span> <span class='ocrx_word' id='word_1_842' title='bbox 3503 5642 3880 5720; x_wconf 71' lang='grc' dir='ltr'>ναυαγήςαντον</span> 
     </span>
    </p>
   </div>
  </div>
