4098 6292
220 372 335 439 909

1011 318 1019 325 ’
1101 368 1202 430 DE
1238 368 1537 432 ALEXIO
1581 365 1869 430 ISAACII
1913 368 2201 431 ANGELI
2246 371 2369 432 FB.
2418 374 2571 434 LIB.
2622 372 2730 435 III.

3508 378 3628 443 910

215 509 297 580 τῷ
328 502 387 561 δὲ
416 502 530 560 ὄντι
562 505 682 565 ταῖς
738 501 791 565 ἐς
847 500 1011 557 πὸλιν
1067 503 1166 570 τὴν
1224 504 1490 575 ’Άμινσον
1535 498 1871 555 καταπλεού-

1993 503 2365 575 appellerent,
2423 507 2715 578 spoliaret.
2779 507 2857 576 Is,
2914 510 2977 564 ut
3028 509 3200 581 jussa
3255 509 3631 583 imperatoris

219 618 335 660 σαις
370 599 452 669 [Ρ.
484 596 609 668 341]
656 590 880 649 ὁλκάσιν
941 592 1341 666 ἐπιθησόμενον
1400 592 1492 647 καὶ
1552 588 1760 646 τούτων
1815 590 1882 645 τά

220 685 478 762 ἀγώγιμα
507 684 969 758 προνομεόσοντα.
1013 683 1074 739 Ὁ
1117 680 1177 736 δὲ
1207 684 1323 737 κατ’
1356 680 1633 755 ἐπίταγμα
1664 680 1727 734 τὸ
1784 680 1878 755 βα-

224 773 437 830 σιλικὸν
483 770 535 834 ἐς
567 772 659 827 τὸν
690 768 937 843 Εὔξεινον
992 768 1330 831 ἀναπλεύσας
1386 766 1647 839 οὐδεμιᾶς
1705 763 1880 843 φείδε-

219 885 304 919 ται
329 862 484 934 νηὸς,
526 860 675 916 ἀλλὰ
705 859 879 922 πάσας
928 858 1251 927 σκυλεύσας,
1309 856 1431 912 ὅσαι
1485 878 1544 912 τε
1575 856 1626 917 ἐς
1683 854 1882 923 Βυζάνς

221 972 337 1008 τιον
398 951 834 1024 ἐμπορευμάτων
900 948 1134 1020 πλήρεις
1203 949 1523 1020 κατήγοντο,
1606 944 1697 1000 καὶ
1758 943 1879 1030 δσαξ

220 1042 372 1102 αὖθις
429 1039 699 1112 ἀνήγοντο
757 1035 1155 1110 ἀποδιδόμεναι
1215 1038 1282 1090 τὰ
1339 1036 1540 1089 ἑαυτῶν
1608 1032 1695 1087 καὶ
1752 1029 1859 1086 ἀλλ

219 1127 349 1186 ἄττα
408 1127 708 1201 ἐνθέμεναι,
773 1125 907 1200 μετά
964 1123 1061 1180 δύο
1124 1133 1297 1198 μῆνας
1365 1124 1681 1198 ὑπέστρεψε,
1738 1121 1883 1182 τινὰς

219 1223 328 1274 τῶν
390 1213 652 1292 ἐμπόρων
713 1215 958 1291 μαχαίρᾳ
1011 1212 1345 1276 ὑποδικάσας
1422 1214 1513 1269 καὶ
1585 1215 1665 1283 τῷ
1735 1212 1884 1284 βυθῷ

220 1307 612 1383 παραπέμψας,
652 1303 729 1360 ὧν
782 1306 849 1360 τά
881 1306 1146 1380 χρήματα
1198 1303 1357 1365 αὐτὸς
1421 1300 1699 1371 ἱδιώσατο,
1754 1297 1883 1358 τοὺς

222 1395 271 1452 δ’
318 1394 527 1457 ἄλλους
589 1395 791 1470 ὑπέρου
842 1393 1214 1469 γυμνοτέρους
1269 1390 1751 1465 ἀποπεμψάμενος.
1814 1389 1881 1457 Οῖ

224 1484 279 1543 δὲ
306 1487 407 1555 τήν
435 1485 599 1541 πόλιν
636 1483 893 1545 εἰσιόντες
925 1482 1198 1544 πολλάκις
1261 1483 1355 1555 μὶν
1419 1483 1690 1535 ἱκέτευσαν
1748 1477 1878 1550 ὑπὲρ

226 1579 297 1632 ὧν
330 1576 476 1652 παρὰ
517 1573 674 1645 δίκην
735 1576 1093 1643 πεπόνθασιν,
1150 1572 1397 1648 ἀρχείοις
1444 1572 1761 1646 προσιόντες
1791 1566 1881 1622 καὶ

226 1668 393 1733 θείοις
422 1667 557 1740 μετά
588 1667 783 1740 φώτων
839 1662 1086 1737 τεμένεσι
1143 1657 1612 1736 παραϐάλλοντες,
1672 1659 1773 1712 οὐκ
1802 1658 1880 1711 εἴ·

222 1777 323 1833 χον
353 1754 412 1811 δὲ
437 1756 533 1811 τὸν
559 1753 786 1830 βασιλέα
815 1756 949 1829 πρὸς
980 1755 1169 1808 οἶκτον
1202 1749 1496 1826 ἐπιρῥεπῆ,
1553 1750 1649 1808 τὰς
1702 1746 1876 1801 αὐτῶν

220 1843 488 1921 ἐμπορίας
546 1842 789 1913 καθάπαξ
843 1841 1293 1918 ἐξαργυρώσαντα
1364 1839 1461 1941 καὶ
1704 1834 1879 1941 ἀὐτοῦ
1912 1877 1957 1941 Β

217 1936 452 2012 ταμιείῳ
490 1935 940 2012 έγυιαταθέμενον.
973 1933 1037 1986 Οἱ
1104 1931 1152 2000 ἐξ
1214 1928 1440 1989 Ἰκονίου
1488 1927 1662 1982 τοίνυν
1697 1925 1877 2002 ὁρμώ-

225 2047 380 2100 μενοι
423 2018 660 2099 ἔμποροι
710 2026 791 2094 τῷ
847 2020 1213 2094 Ῥουκρατίνῳ
1269 2017 1545 2093 προσίασι,
1607 2016 1699 2071 καὶ
1732 2015 1874 2088 πέμ-

222 2121 326 2192 ψας
358 2114 516 2177 οὗτος
564 2112 617 2177 ἐς
682 2111 911 2189 βασιλέα
965 2112 1033 2167 τὰ
1088 2110 1296 2165 τούτων
1344 2107 1541 2183 ἀπῄτει
1589 2108 1873 2185 χρήματα·

222 2207 290 2276 ἦν
324 2203 381 2260 δὲ
412 2204 503 2259 καὶ
535 2203 698 2276 λόγος
726 2200 849 2257 τότε
878 2201 1002 2274 περὶ
1052 2197 1320 2257 σπονδῶν.
1352 2194 1619 2259 Βασιλεὺς
1658 2193 1715 2249 δὲ
1741 2195 1875 2249 ἀπο-

222 2296 426 2365 στάτην
460 2293 747 2367 ὀνομάζων
782 2291 974 2345 ἑαυτοῦ
1004 2291 1093 2344 τὸν
1156 2283 1611 2363 Φραγγόπουλον,
1642 2291 1744 2353 τῆς
1793 2284 1877 2338 οἰ-

218 2385 368 2446 κείας
408 2383 637 2458 γνώμης
705 2381 912 2454 ἀπῆγεν
947 2378 1046 2433 ὅσα
1100 2378 1257 2438 οὗτος
1316 2374 1756 2450 ἀνοσιούργησεν,
1788 2372 1876 2428 ἐπὶ

222 2469 410 2549 ψεύδει
453 2473 555 2540 τὴν
606 2467 802 2527 ἐλπίδα
847 2467 1128 2540 τιθέμενος
1185 2468 1274 2521 καί
1350 2470 1420 2539 τῇ
1477 2462 1723 2538 ἐναργείᾳ
1769 2467 1877 2517 τῶν

217 2562 562 2640 πραγμάτων
596 2558 1054 2634 ἀντιμαχόμενος.
1112 2554 1475 2624 Τελεσθείσης
1511 2551 1567 2607 δὲ
1604 2560 1706 2621 τῆς
1738 2553 1874 2627 ἀγά-

213 2673 330 2724 πης
391 2654 418 2706 ὁ
478 2652 972 2723 μὲνῬουκρατῖνος
1028 2647 1142 2720 μεθ’
1203 2644 1398 2720 ἐτέρων
1458 2642 1724 2711 αἰτήσεως
1784 2640 1878 2718 φό-

215 2763 329 2818 ρων
362 2741 453 2795 καὶ
490 2744 630 2813 μνᾶς
677 2736 944 2814 ἀργυρίου
996 2732 1359 2810 προσειλήφει
1403 2732 1760 2818 πεντήκοντα
1801 2728 1879 2818 εἷς

215 2816 475 2900 ἀπόδομα
506 2827 578 2883 ὧν
638 2828 692 2881 o't
748 2822 984 2898 ἔμποροι
1034 2822 1406 2901 ἀφῃρέθησαν,
1438 2820 1466 2872 ὁ
1523 2816 1578 2873 δὲ
1623 2816 1877 2892 βασιλεὺς

228 2923 476 2998 φωρᾶται
509 2918 627 2990 μεθ’
666 2915 880 2988 ἡμέρας
925 2917 994 2986 τῇ
1044 2910 1252 2966 ἐκείνου
1311 2903 1682 2998 ἐπιϐουλεόων

228 2993 524 3083 Μεγίσταις
565 3005 669 3080 γὰρ
708 3000 1038 3077 ὑποσχέσεσι
1088 2998 1349 3057 Χασίσιόν
1384 3017 1505 3051 τινα
1561 2993 1875 3071 ἐλαφρίσας,

228 3097 319 3151 καὶ
348 3097 522 3168 τούτῳ
550 3095 799 3167 ἀμαθῶς,
845 3093 917 3152 ὡς
966 3089 1020 3152 ἐς
1054 3088 1239 3164 φιλίαν
1268 3087 1640 3159 ἀστάθμητος,
1689 3083 1879 3159 ἐγχει-

224 3185 378 3262 ρίσας
446 3185 798 3260 γραμμάτιον
899 3178 1339 3254 ἐρυθρόγραφον,
1423 3173 1686 3262 ἐκπέμπει
1787 3173 1879 3227 τὸν

221 3248 606 3349 ἔΡουκρατῖνον
679 3272 1067 3347 ἀναιρήσοντα.
1140 3264 1560 3342 Συλληφοέντος
1644 3261 1702 3318 δὲ
1783 3248 1954 3318 τοῦίῖ

222 3363 487 3422 Χασισίου
535 3362 626 3417 καὶ
673 3362 736 3417 τὸ
789 3360 1022 3437 γράμμα
1077 3357 1165 3413 καὶ
1226 3357 1288 3410 τὸ
1322 3352 1502 3431 δρᾶμα
1531 3352 1882 3431 ἐκφήναντος,

220 3450 608 3532 παρεϐἀθησαν
647 3455 740 3527 μὲν
783 3453 837 3505 at
873 3446 1123 3518 σπονδαὶ,
1174 3444 1381 3502 πολλαὶ
1414 3442 1459 3498 δ’
1492 3445 1551 3499 ἐκ
1580 3448 1685 3498 τῶν
1710 3441 1885 3532 Τούρ-

221 3566 336 3601 κων
395 3540 692 3617 ἐπιδρομαὶ
755 3537 843 3594 διὰ
885 3539 986 3605 τὴν
1016 3536 1277 3605 τοιαύτην
1316 3531 1491 3588 αἰτίαν
1547 3536 1665 3593 ταῖς
1724 3531 1886 3603 ἐῲαις

220 3632 560 3711 ἐπανέφυσαν
593 3627 810 3685 πόλεσι.
864 3626 962 3711 Καὶ
1019 3626 1253 3701 Μιχαὴλ
1316 3621 1373 3677 δέ
1420 3641 1502 3680 τις
1559 3619 1633 3711 έκ-
1672 3621 1885 3711 νοθείας

220 3725 341 3787 υἱὸς
388 3709 643 3777 Ἰωάννου
701 3721 798 3774 τοῦ
859 3710 1375 3788 σεϐαστοκράτοροςν
1436 3717 1536 3780 τῆς
1618 3709 1889 3788 ἐπαρχίας

223 3812 532 3883 Μυλάσσης
584 3806 896 3887 φορολόγος
955 3803 1305 3874 ἀποσταλεὶς,
1342 3803 1462 3862 νέος
1495 3796 1569 3854 ὦν
1601 3801 1690 3854 καὶ
1724 3798 1886 3853 αὐθά-

222 3904 329 3977 δης
376 3906 475 3959 τοῦ
538 3898 809 3979 βασιλέως
862 3897 1172 3973 ἀφίσταται.
1225 3894 1467 3965 Πολέμῳ
1525 3889 1581 3946 δὲ
1633 3889 1890 3960 ἡττηθεὶς

224 3995 320 4050 καὶ
383 3994 569 4074 φυγὼν
617 3994 700 4063 τῷ
772 3986 1143 4060 Ῥουκρατίνῳ
1208 3982 1558 4059 προσρύεται,
1635 3980 1726 4034 καὶ
1810 3982 1889 4050 τῷ

223 4088 327 4140 τοῦ
353 4072 629 4158 βασιλέως
687 4078 830 4152 μίσει
880 4073 1241 4152 προσδεχθεὶς
1300 4072 1687 4144 ἀσμενέστατα,
1721 4089 1889 4139 στρα-

226 4157 380 4230 τείαν
414 4172 462 4241 ἐξ
496 4169 701 4227 ἐκείνου
756 4163 1080 4241 δεχόμενος,
1137 4163 1236 4224 τὰς
1290 4157 1660 4233 Μαιανδρικάς
1700 4157 1891 4217 πόλεις

1989 599 2419 664 exsequeretur,
2453 595 2598 650 nulli
2632 595 2761 651 navi
2802 596 3025 668 parcit:
3075 598 3178 654 sed
3208 598 3472 671 spoliatis
3506 618 3633 658 om-

1991 681 2164 736 nibus
2196 700 2323 754 quaa
2365 694 2417 740 et
2450 685 2785 757 Byzantium
2819 686 3003 758 plena:
3031 689 3324 745 mercibus
3362 688 3547 761 ibant,
3578 697 3636 749 et

1990 770 2111 825 suis
2134 772 2303 827 rebus
2324 774 2570 829 venditis
2582 780 2637 829 et
2654 774 3092 848 aliisimpositis
3110 777 3245 831 inde
3265 779 3637 855 recedebant,

1991 864 2124 930 post
2174 861 2449 917 bimestre
2480 865 2541 918 in
2574 864 2777 919 urbem
2825 865 3017 932 rediit,
3048 865 3407 935 quibusdam
3456 885 3637 942 nego-

1990 948 2295 1005 tiatoribus
2325 949 2532 1006 occisis
2563 956 2620 1007 et
2649 953 2706 1007 in
2756 953 2897 1008 mari
2929 953 3210 1009 demersis
3253 971 3501 1026 quorum
3536 975 3634 1029 pe-

1992 1037 2227 1093 cuniam
2265 1038 2376 1094 sibi
2408 1040 2752 1109 vendicavit,
2788 1046 3019 1097 caeteros
3052 1042 3327 1099 Leberide
3359 1046 3635 1103 nudiores

1992 1126 2233 1182 dimisit.
2256 1129 2299 1183 Ii
2331 1130 2532 1185 urbem
2565 1131 3185 1204 etpalatiumingressi
3219 1150 3367 1205 saepe
3398 1136 3640 1192 suasin-

1984 1216 2171 1286 jurias
2230 1221 2530 1289 conquesti
2588 1224 2744 1287 sunt,
2790 1227 2845 1276 et
2884 1237 3012 1277 cum
3068 1221 3389 1280 luminibus
3441 1242 3636 1283 sacras

1990 1307 2139 1360 mdes
2198 1308 2348 1362 700
2398 1310 2857 1379 frequentarunt.
2918 1311 3022 1364 Sed
3085 1311 3232 1367 nihil
3283 1312 3636 1385 abimpera-

1990 1398 2115 1449 tore
2146 1397 2556 1466 impetrarunt,
2588 1400 2685 1469 qui
2718 1398 2885 1455 bonis
2929 1398 3046 1454 illis
3093 1402 3214 1470 jam
3248 1402 3495 1459 venditis
3537 1419 3634 1474 pe-

1991 1486 2220 1540 cuniam
2256 1486 2314 1540 in
2340 1486 2541 1543 fiscum
2577 1489 3084 1560 redegerat.Quare
3108 1489 3436 1547 Iconienses
3460 1508 3635 1565 nego-

1994 1573 2227 1630 tiatores
2278 1575 2656 1631 Rucratinum
2708 1578 2944 1645 adeunt,
2980 1577 3079 1649 qui
3121 1595 3224 1649 per
3274 1578 3498 1651 legatos
3547 1597 3637 1637 res

1991 1679 2190 1719 eorum
2218 1665 2289 1751 ab
2324 1665 2672 1736 imperatore
2699 1667 3017 1738 repetebat,
3039 1667 3197 1740 pacis
3228 1686 3458 1741 quoque
3479 1685 3642 1726 men-

1991 1753 2147 1808 tione
2179 1754 2351 1808 facta.
2386 1754 2707 1824 Imperator
2726 1772 2859 1811 vero
2891 1757 3320 1829 Francopulum
3352 1759 3636 1816 defecisse

1990 1847 2262 1897 causatus
2314 1841 2535 1898 nefaria
2582 1842 2740 1899 illius
2788 1845 3040 1901 facinora
3082 1864 3114 1901 a
3167 1864 3230 1902 se
3278 1848 3631 1913 removebat,

1990 1947 2094 2004 spe
2125 1931 2183 1986 in
2242 1932 2543 1988 mendacio
2592 1931 2869 1989 collocata
2912 1938 2968 1989 et
3007 1951 3198 1991 rerum
3229 1936 3465 1992 veritate
3513 1937 3636 1993 dis-

1988 2020 2284 2078 simulata.
2317 2021 2465 2078 Pace
2498 2022 2650 2077 facta
2680 2022 3027 2080 Rucralinus
3058 2028 3266 2095 praeter
3296 2025 3477 2081 annui
3529 2025 3637 2081 tri-

1987 2110 2109 2165 buti
2142 2111 2465 2182 pactionem
2500 2112 2674 2168 etiam
2724 2112 3154 2185 quinquaginta
3188 2113 3379 2170 minas
3410 2114 3635 2187 argenti

1985 2200 2230 2270 accepit,
2280 2217 2421 2270 quas
2466 2202 2734 2272 spoliatis
2795 2203 3215 2259 mercatoribus
3285 2203 3632 2260 restitueret.

1984 2292 2308 2357 Imperator
2361 2307 2493 2346 vero
2545 2296 2674 2361 post
2723 2292 2850 2348 dies
2910 2292 3134 2364 aliquot
3166 2292 3466 2350 Rucratini
3498 2292 3629 2350 vitae

1983 2377 2243 2433 insidiari
2272 2379 2666 2449 deprehensus
2691 2385 2799 2438 est.
2816 2381 2959 2437 Nam
2972 2381 3296 2438 Chasisium
3317 2384 3630 2454 quemdam

1985 2468 2257 2523 maximis
2289 2469 2806 2538 pollicitationibus
2836 2471 3158 2542 impulsum
3185 2471 3329 2528 levis
3360 2473 3628 2528 amicitiae

1986 2556 2172 2613 cultor
2215 2573 2348 2611 cum
2406 2558 2710 2614 rubricatis
2758 2559 2966 2614 litteris
2995 2560 3066 2614 ad
3122 2577 3255 2615 eum
3307 2560 3628 2616 tollendum

1987 2645 2234 2716 ablegat.
2256 2644 2469 2700 Verum
2494 2656 2660 2716 capto
2693 2646 2978 2712 Chasisio,
3013 2647 3221 2703 litteris
3254 2648 3634 2719 deprehensis

1987 2739 2044 2788 et
2068 2734 2229 2790 omni
2255 2734 2447 2789 fabula
2479 2735 2784 2805 explicata,
2819 2741 3054 2807 ruptum
3082 2742 3171 2792 est
3200 2737 3388 2792 fmdus
3412 2753 3426 2802 ;
3450 2752 3635 2808 eaque

1988 2823 2058 2878 de
2111 2840 2282 2879 causa
2314 2824 2515 2878 Turcae
2568 2824 2784 2880 multas
2826 2825 3135 2880 orientales
3176 2826 3345 2881 urbes
3399 2825 3638 2881 infesta-

1988 2917 2145 2968 runt.
2184 2913 2264 2966 Ad
2285 2912 2408 2967 haec
2441 2912 2682 2968 Michael
2716 2914 2976 2985 quidam,
3004 2914 3251 2970 Joannis
3271 2914 3634 2970 sebastocra-

1990 3002 2132 3056 toris
2173 3001 2392 3057 nothus
2448 3001 2624 3071 ﬁlius,
2657 3004 2728 3057 ad
2790 3003 3072 3074 exigenda
3105 3003 3446 3083 Mylassenae
3494 3020 3630 3076 pro-

1988 3090 2192 3146 vincias
2244 3092 2462 3146 tributa
2511 3090 2748 3161 missus,
2799 3092 2970 3149 homo
3009 3094 3347 3149 adolescens
3394 3099 3463 3149 et'
3496 3109 3636 3150 con-

1991 3187 2214 3248 tumax,
2246 3180 2480 3235 deﬁcit:
2519 3182 2662 3236 τοι
2702 3182 2804 3237 sed
2842 3182 3040 3254 praelio
3071 3182 3260 3238 victus
3313 3187 3369 3238 et
3399 3182 3633 3255 fugatus

1993 3270 2064 3323 ad
2101 3269 2482 3325 Rucratinum
2515 3286 2577 3326 se
2608 3271 2849 3327 confert.
2882 3273 2932 3326 A
2956 3288 3070 3344 quo
3102 3270 3471 3344 imperatoris
3503 3272 3637 3328 odio

1995 3358 2367 3430 cupidissime
2398 3364 2723 3432 susceptus,
2749 3370 3098 3433 acceptoque
3126 3362 3404 3429 exercitu,
3436 3366 3639 3418 Maean-

1994 3447 2187 3504 dricas
2235 3449 2411 3504 urbes
2455 3448 2632 3505 variis
2673 3449 2882 3522 afﬂigit
2931 3450 3139 3521 modis,
3172 3451 3446 3507 Barbarie
3495 3451 3641 3523 ipsis

1995 3536 2302 3593 crudelior.
2344 3538 2559 3602 Quodsi
2591 3537 2712 3594 ulla
2740 3539 3090 3611 gravissima
3138 3556 3316 3595 causa
3348 3539 3481 3610 fuit,
3537 3556 3643 3596 cur

1995 3626 2328 3682 Romanum
2385 3627 2699 3698 imperium
2750 3628 3160 3685 labefactatum
3236 3628 3410 3683 urbes
3466 3634 3643 3700 atque

1999 3716 2320 3787 provincias
2375 3717 2637 3773 amiserit
2664 3722 2722 3773 et
2778 3718 2967 3789 ipsum
3028 3717 3281 3789 denique
3337 3718 3638 3785 corruerit,

1996 3806 2320 3862 Commeuii
2379 3806 2540 3878 regni
2590 3807 2908 3877 cupiditate
2956 3808 3026 3862 ad
3077 3807 3276 3864 hostes
3320 3806 3643 3864 deﬁciendo

1998 3910 2126 3950 eam
2158 3895 2620 3964 suppeditarunt.
2672 3895 2813 3951 Nam
2848 3912 2983 3951 cum
3014 3897 3085 3951 ad
3117 3900 3322 3967 gentes
3370 3896 3644 3952 Romanis

1998 3983 2265 4039 inimicas
2342 3984 2744 4053 confugerent,
2826 3985 3025 4054 patriae
3094 3985 3387 4054 pernicies
3454 3989 3642 4050 erant,

2000 4088 2334 4143 quanquam
2382 4073 2534 4143 apud
2571 4088 2675 4127 nos
2730 4072 2915 4127 rebus
2963 4073 3235 4144 gerendis
3283 4078 3339 4129 et
3386 4074 3644 4130 admini-

2001 4163 2236 4217 strando
2268 4163 2509 4233 imperio
2541 4161 2886 4232 ineptissimi
2919 4166 2977 4218 et
3005 4163 3366 4219 solidissimi.

226 4260 609 4338 πολυτρόπως
634 4256 860 4324 ἐσίνετο,
919 4255 1124 4332 χείρων
1182 4256 1290 4307 τῶν
1348 4247 1682 4327 ἀλλοφύλων
1742 4248 1831 4302 καὶ
1878 4247 2230 4321 νηλεέστερος
2285 4246 2614 4326 ἀνδροφόνος
2671 4245 3031 4320 δεικνύμενος.
3067 4249 3134 4307 Εἲ
3184 4274 3236 4307 τι
3262 4256 3391 4328 γοῦν
3451 4249 3644 4307 αίτιώο

224 4373 392 4410 τατον
421 4334 522 4405 τοῦ
550 4350 649 4418 τὴν
680 4344 967 4417 Ῥωμαίων
999 4341 1176 4415 ἀρχὴν
1212 4338 1264 4400 ἐς
1324 4337 1451 4415 γόνυ
1481 4340 1798 4391 καταπεσεῖν
1853 4338 1944 4391 καὶ
2002 4341 2200 4413 χωρῶν
2258 4338 2347 4394 καὶ
2405 4334 2622 4393 πόλεων
2683 4338 2975 4416 χειρώσεις
3043 4346 3254 4411 παθεῖν,
3331 4341 3535 4396 ὕστατα
3582 4337 3644 4394 δέ

223 4444 323 4498 καὶ
383 4440 550 4509 αὐτὴν
610 4430 1034 4510 ἐξαπολωλέναι,
1090 4434 1252 4485 τοῦτο
1313 4428 1365 4482 οἱ
1432 4425 1491 4481 ἐκ
1552 4430 1847 4499 Κομνηνῶν
1932 4429 2210 4503 γεγόνασιν
2297 4429 2653 4506 ἀφιστάμενοι
2722 4427 2810 4482 καὶ
2872 4427 3277 4502 βασιλειῶντες.
3336 4431 3488 4504 Παρὰ
3543 4428 3645 4503 γὰρ

225 4529 408 4599 ἔθνεσι
467 4526 825 4587 καταλύοντες
876 4524 952 4597 μή
1015 4518 1172 4600 φίλια
1226 4515 1519 4589 Ῥωμαίοις
1564 4519 1749 4570 νοοῦσι
1802 4522 1901 4585 τῆς
1955 4514 2218 4591 πατρίδος
2273 4518 2407 4587 ἦσαν
2463 4516 2765 4585 πανώλεια,
2812 4519 3009 4594 καίπερ
3060 4516 3113 4572 ἐν
3180 4523 3261 4590 τῷ
3318 4519 3443 4595 παρ’
3501 4517 3639 4590 ἡμῖν

230 4623 413 4698 μένειν
445 4620 755 4694 πράγμασιν
788 4612 1132 4688 ἐγχειρήσειν
1165 4608 1306 4662 ἑλεῖν
1340 4627 1397 4661 τε
1456 4604 1546 4660 καὶ
1606 4607 1892 4680 κρατήσειν
1953 4604 2458 4677 ἀνεπιτηδειότατοι
2517 4602 2666 4669 ὄντες
2723 4606 2817 4662 καὶ
2875 4608 3091 4662 πάντων
3137 4604 3488 4685 ἀχρειότατοι
3546 4604 3644 4660 καὶ

227 4709 575 4767 σκαιότατοι.

302 4801 404 4855 Διά
434 4795 493 4853 δὲ
521 4798 621 4866 τήν
652 4796 753 4848 τοῦ
783 4789 1018 4867 Μιχαὴλ
1074 4784 1380 4861 νεωτέρισιν
1438 4784 1562 4859 περί
1616 4789 1761 4857 μῆνα
1790 4784 1882 4838 τὸν

2065 4787 2605 4863 Οωιοιιυω-Αιθχίυε
2629 4786 2934 4843 Novembri
2960 4803 3159 4844 mense
3172 4791 3373 4843 contra
3398 4783 3651 4842 Michae-

228 4887 559 4970 φυλλοχόον
589 4883 787 4970 ἔξεισιν
845 4879 922 4970 εἷς
1105 4874 1368 4970 ’Δλᾲέξιοα
1425 4870 1884 4970 δποστρέφφν.δν

229 4961 832 5052 ἐκεῖθεν-παρενέϐαλεν
864 4969 938 5031 εἷς
995 4968 1063 5022 τὰ
1114 4966 1308 5033 Πύθια,
1360 4967 1478 5026 τοῖς
1539 4964 1764 5037 θερμοῖς
1803 4961 1887 5017 ἐν-

227 5070 547 5145 νηζόμενος
580 5061 790 5119 ὕδασιν.
822 5060 910 5119 Ὠς
944 5055 987 5113 δ’
1021 5056 1147 5118 ’ἀλις
1174 5054 1292 5111 εἶχε
1321 5052 1608 5145 λουτήρων
1641 5053 1731 5145 καὶ
1762 5071 1893 5127 κρα-

230 5139 445 5235 τήρων,
469 5156 564 5232 ἐρᾷ
593 5152 684 5209 καὶ
720 5144 1055 5224 μακροτέρου
1091 5148 1176 5218 [Ρ.
1202 5145 1360 5235 “342]
1418 5140 1611 5235 ulcdq:
1660 5139 1895 5235 ⁸διημφι-

227 5227 628 5321 σϐήτουντγάρ
681 5238 828 5314 παρὰ
890 5234 1033 5309 τῷδε
1071 5238 1149 5306 τῷ
1196 5227 1383 5287 ἄνακτι
1432 5231 1521 5285 καὶ
1588 5230 1683 5285 ἀνά
1733 5230 1893 5305 μέρος

225 5319 499 5403 ἐκράτουν
533 5319 587 5387 αἱ
622 5328 852 5403 ἐπίγειοι
904 5326 993 5381 καὶ
1043 5322 1251 5379 ἐνάλιοι
1309 5322 1557 5399 χάριτες,
1616 5320 1705 5374 καὶ
1749 5319 1893 5391 λαμ-

223 5396 372 5505 πρὰν
407 5419 702 5482 ἂνεδοῦντο
732 5417 829 5486 τήν
884 5414 1059 5484 νίκην.
1114 5419 1234 5481 Νῆα
1288 5411 1467 5464 τοίνυν
1501 5407 1681 5463 εἷ’σιὼν
1729 5427 1890 5480 στρα-

218 5496 430 5596 τήγίδα
460 5512 589 5571 εὐθὺ
632 5512 740 5562 τῶν
799 5497 1512 5596 νησιδίωνᾉδιαπλωίζεται
1661 5496 1894 5596 ἄγχιστα

417 5596 826 5663 Κωνσταντίνου
916 5590 1338 5673 ἆμφιρρέονται,
1423 5588 1485 5644 τὸ
1570 5587 1892 5658 Ἀστακηνὸν

221 5676 446 5763 κόλπον
489 5688 645 5771 ἀφεὶς
699 5681 1005 5766 περιπλεῖν·
1076 5680 1352 5743 λαίλαπος
1413 5676 1460 5733 δ’
1516 5677 1899 5755 ἀνεγερθείσης

1998 4877 2113 4932 lem
2158 4878 2216 4931 in
2275 4878 2568 4953 Orientem
2626 4877 2918 4949 profectus
2968 4878 3024 4932 in
3084 4875 3269 4934 reditu
3322 4877 3392 4932 ad
3439 4872 3644 4948 Pytbia

2000 4970 2442 5023 castrametatus
2470 4970 2583 5033 cst,
2617 4971 2682 5021 ut
2722 4966 2928 5023 calidis
2960 4969 3130 5039 aquis
3161 4966 3471 5022 innataret.
3505 4963 3639 5020 Bal-

2001 5056 2127 5112 neis
2157 5059 2213 5111 et
2234 5056 2555 5112 crateribus
2584 5057 2832 5111 satiatus
2861 5055 3183 5127 longiorem
3214 5054 3649 5128 navigationem

2002 5142 2369 5198 desideravit.
2396 5141 2541 5197 Nam
2576 5142 2634 5196 in
2664 5142 2789 5213 ejus
2821 5142 3018 5198 animo
3050 5142 3410 5199 terrestrium
3442 5145 3500 5198 et
3530 5157 3651 5197 ma-

2004 5233 2265 5288 rinarum
2298 5230 2656 5302 voluptatum
2702 5232 2995 5303 cupiditas
3026 5247 3095 5286 ex
3127 5248 3291 5303 aquo
3321 5231 3648 5299 certabant,

2005 5337 2160 5378 nunc
2192 5320 2282 5375 his
2316 5337 2470 5376 nunc
2524 5320 2641 5375 illis
2676 5321 3061 5378 vincentibus.
3115 5321 3446 5377 Conscensa
3497 5319 3655 5376 702

2004 5413 2184 5484 igitur
2199 5426 2227 5462 n
2239 5409 2324 5463 avi
2342 5410 2716 5480 imperatoria
2731 5416 2885 5466 recta
2899 5408 2973 5465 ad
2989 5426 3192 5481 parvas
3204 5411 3427 5466 insulas
3442 5409 3660 5480 passim

1999 5502 2166 5573 juxta
2186 5499 2387 5555 urbem
2419 5500 2564 5554 sitas
2596 5498 2922 5564 contendit,
2944 5500 3296 5555 Astacenum
3321 5499 3517 5556 sinum
3552 5497 3666 5552 cir-

2007 5593 2371 5646 cumvectus.
2420 5588 2559 5643 Orto
2593 5596 2785 5644 autem
2829 5587 3024 5643 subito
3063 5588 3317 5656 turbine,
3370 5589 3545 5643 fluctu
3600 5585 3666 5641 in

2008 5678 2193 5737 altum
2247 5683 2460 5749 erecto,
2516 5675 2685 5731 navis
2738 5689 2974 5748 aprora
3030 5674 3093 5730 in
3141 5675 3386 5751 puppim
3437 5671 3669 5727 sublata
