4098 6292
415 391 530 458 911

1735 380 2044 443 ΝΙΟΕΤᾸΞ
2085 377 2514 441 CHONIATJE

3705 378 3827 439 912

417 529 838 604 promepodum
871 521 1290 595 submergitur,
1327 519 1501 576 undis
1529 517 1787 588 undique
1816 515 2066 604 urgenti-

2177 510 2425 604 ἐξαίφνης
2456 512 2548 566 καὶ
2582 507 2998 586 μετεωριοάσης
3049 510 3111 567 τὸ
3166 514 3316 584 κῦμα
3346 509 3502 593 ὀρθὸν
3543 508 3606 564 τὸ
3635 507 3829 564 πλοίον

417 600 550 674 bus.
581 617 777 672 Nautes
797 609 1166 678 tumultuari,
1188 607 1401 664 sudare
1423 610 1700 672 vectores,
1731 600 2054 666 vociferari,

419 715 601 766 Deum
626 707 911 771 invocare,
945 700 1259 769 suspirare,
1292 697 1442 752 clare
1471 695 1708 766 eiulare.
1754 692 2057 748 Veheban-

415 804 516 854 tur
541 795 695 853 enim
730 811 846 849 una
875 807 1080 847 omnes
1103 786 1474 860 imperatoris
1499 783 1815 840 familiares
1847 779 2060 836 utrius-

414 903 528 960 que
559 901 755 950 sexus,
803 889 968 939 terra;
1019 879 1276 935 videndae
1307 881 1363 931 et
1405 874 1752 945 attingendae
1807 869 2060 942 cupidis-

412 958 571 1034 simi.
605 975 742 1030 Post
788 970 1000 1028 multos
1030 968 1264 1024 labores
1313 969 1370 1020 et
1401 962 1654 1036 pericula
1685 962 1778 1016 vix
1827 958 2064 1032 optatis-

411 1067 628 1123 simam
660 1061 944 1136 principis
973 1056 1232 1113 insulam
1266 1055 1582 1125 attingunt.
1611 1055 1686 1106 Ex
1723 1067 1809 1117 ea,
1845 1055 2064 1120 tempe-

415 1159 528 1211 tate
560 1154 779 1220 sedata,
819 1148 1246 1206 Chalcedonem
1289 1143 1612 1214 trajiciunt.
1643 1139 1752 1196 Ubi
1779 1137 2064 1210 vertigine

419 1245 612 1319 posita
641 1248 697 1300 et
746 1239 1042 1313 salsugine
1076 1238 1304 1309 rejecta,
1354 1235 1670 1291 timoribus
1703 1237 1760 1288 et
1793 1227 2064 1304 periculis

422 1331 700 1393 oblivioni
729 1330 981 1396 traditis,
1016 1329 1076 1383 in
1119 1327 1397 1398 Magnum
1431 1321 1715 1378 Palatium
1767 1320 2065 1376 transeunt

420 1425 492 1480 ad
523 1422 779 1480 edendos
809 1419 1092 1476 circenses
1121 1414 1290 1470 ludos
1316 1417 1374 1468 et
1404 1410 1683 1484 populum
1717 1405 2064 1480 spectaculis

420 1509 884 1569 exhilarandum.
913 1506 1132 1571 Quibus
1183 1503 1366 1559 ﬁnitis
1417 1501 1728 1572 imperator
1774 1498 1973 1554 statim
2003 1495 2064 1550 in

423 1601 773 1658 Blachernas
821 1613 883 1654 se
930 1596 1190 1651 conferre
1237 1591 1454 1648 voluit:
1507 1590 1610 1646 sed
1657 1588 1794 1660 quia
1837 1590 2068 1658 tempus

423 1686 852 1746 incommodius
881 1681 1146 1741 obstabat
1177 1681 1334 1754 (nam
1366 1678 1548 1735 nostri
1579 1675 1860 1748 temporis
1893 1675 2071 1746 impe-

427 1783 646 1835 ratores
675 1792 780 1832 nec
811 1772 1119 1830 minimam
1158 1769 1535 1826 mutationem
1566 1766 1738 1822 astris
1771 1761 2070 1819 inconsul-

427 1868 502 1924 tis
530 1863 884 1937 instiluunt),
909 1864 1158 1934 primam
1183 1857 1544 1930 jejuniorum
1569 1853 1986 1910 hebdomadam
2008 1850 2068 1906 in

429 1972 644 2028 magno
660 1953 873 2026 palatio
905 1951 1060 2007 haud
1085 1965 1220 2005 sane
1252 1947 1454 2003 volens
1485 1942 1824 2018 permansit.
1849 1939 2068 1996 Utvero

427 2050 551 2103 dies
581 2049 776 2102 sextus
807 2045 879 2100 ad
903 2041 1314 2114 migrationem
1344 2055 1458 2093 non
1493 2040 1618 2092 erat
1639 2031 2066 2102 incommodus,

426 2139 578 2193 708
611 2134 927 2209 praesertim
961 2133 1006 2188 si
1037 2148 1106 2188 ea
1134 2145 1364 2188 summo
1398 2143 1568 2183 mane
1601 2126 1784 2191 fieret,
1816 2123 2069 2180 diluculo

423 2231 560 2283 ante
591 2225 727 2282 solis
756 2228 946 2280 ortum
979 2219 1228 2276 transire
1261 2217 1610 2273 Blachernas
1640 2214 1913 2272 instituit.
1961 2211 2070 2285 lgi-

421 2324 516 2372 tur
562 2318 620 2370 et
649 2312 902 2369 triremis
931 2311 991 2366 in
1021 2309 1250 2366 ancoris
1277 2308 1348 2364 ad
1399 2305 1676 2379 palatium
1720 2304 1978 2371 ﬂuctuat,
2011 2306 2069 2358 et

423 2403 617 2460 omnis
649 2401 1017 2474 imperatoris
1049 2396 1311 2464 cOgnalio
1339 2413 1470 2451 cum
1508 2393 1831 2450 luminibus
1877 2392 2063 2462 adest,

423 2501 484 2550 ut
515 2491 746 2564 naviget
773 2507 908 2546 una.
936 2488 1052 2546 Deo
1082 2505 1213 2544 vero
1254 2490 1615 2542 monstrante
1647 2500 1707 2540 se
1739 2497 1868 2538 esse
1897 2481 2066 2537 hora-

423 2599 552 2639 rum
591 2585 649 2638 et
681 2587 1008 2652 temporum
1041 2577 1367 2646 dominum,
1402 2579 1460 2630 et
1489 2592 1521 2630 a
1559 2589 1616 2629 se
1646 2573 1854 2628 itinera
1881 2569 2067 2626 homi-

423 2687 559 2728 num
591 2669 678 2726 vel
711 2669 1039 2742 prosperari
1070 2665 1156 2722 vel
1189 2665 1481 2737 irnpediri,
1513 2661 1696 2719 solum
1729 2666 1859 2718 ante
1889 2661 2068 2732 impe-

418 2761 696 2818 ratorium
755 2757 944 2815 cubile
999 2757 1148 2814 ultro
1203 2755 1414 2812 cedens
1463 2753 1744 2826 profunde
1796 2749 2065 2816 dehiscit,

418 2867 482 2908 ac
515 2849 572 2905 id
604 2847 928 2923 periculum
982 2847 1296 2918 imperator
1325 2843 1671 2898 mirabiliter
1714 2838 1924 2898 evadit.
1955 2839 2066 2896 Sed

419 2939 565 2996 alter
593 2939 718 3009 ejus
767 2953 944 3010 gener
971 2935 1204 2991 Alexius
1257 2932 1613 3004 Palaaologus
1643 2938 1695 2986 et
1727 2929 1828 2984 alii
1876 2927 2068 2998 plures

417 3027 691 3100 voragine
719 3026 821 3082 illa
842 3023 1110 3096 impliciti
1145 3023 1201 3076 in
1231 3021 1492 3078 curribus
1524 3017 1672 3074 male
1701 3014 2068 3087 afﬁciuntur;

425 3117 664 3190 quidam
701 3129 835 3170 vero
879 3113 1176 3168 eunuchus
1206 3110 1268 3166 in
1297 3111 1478 3165 imum
1532 3108 1753 3164 hiatum
1798 3106 2071 3178 delapsus

422 3205 614 3278 periit.
665 3201 810 3268 Quid
865 3201 1181 3272 imperator
1209 3215 1276 3254 ea
1321 3200 1391 3254 de
1437 3214 1496 3253 re
1554 3197 1835 3267 cogitarit,
1892 3201 1949 3252 et
1995 3215 2067 3254 an

424 3291 736 3351 consilium
769 3289 1030 3351 mutarit,
1063 3289 1254 3344 dicere
1284 3287 1441 3342 nullo
1475 3287 1646 3342 modo
1678 3302 1939 3358 possum.

427 3383 584 3450 Quod
608 3397 738 3436 vero
769 3396 800 3437 e
826 3378 1065 3450 vestigio
1097 3381 1470 3434 consecutum
1505 3380 1614 3444 est,
1649 3377 1914 3433 referam.

2165 599 2224 655 ἐκ
2279 602 2501 677 πρώρας
2559 600 2648 656 ἐπὶ
2699 603 2948 676 πρύμναν
2981 599 3197 670 α’ίρεται
3255 600 3347 655 καὶ
3411 605 3616 676 μικροῦ
3668 619 3831 656 καταο

2165 685 2370 758 δύεται,
2411 686 2554 744 ἔνθεν
2621 690 2712 744 καὶ
2772 687 2917 754 ἔνθεν
2981 689 3438 763 ἐπικλυζόμενον.
3500 689 3833 770 Ἐθορύϐουν

2175 777 2269 850 μὲν
2299 775 2390 832 οὖν
2421 779 2471 832 oi
2501 777 2795 855 πλωτῆρες
2852 778 2941 834 καὶ
3005 775 3200 852 ἱδρῶσι
3264 779 3673 856 περιερρἑντο,
3709 783 3831 858 βοαι

2169 863 2226 921 δὲ
2256 871 2364 922 τῶν
2394 865 2747 940 ἐμπλεόντων
2796 869 2884 923 καί
2945 866 3340 939 θεοκλυτήσεις
3395 871 3555 942 ἦσαν,
3593 870 3830 946 οἰμωγαί

2167 976 2226 1010 τε
2254 955 2344 1010 καὶ
2395 955 2665 1034 ὀλολυγαὶ
2699 955 2996 1034 διωλύγιον
3063 955 3409 1031 ἐξηκούοντο’
3443 957 3733 1017 ωνέπλεον
3771 959 3830 1017 δὲ

2174 1045 2394 1122 βασιλεῖ
2447 1047 2614 1103 πᾶσαί
2669 1068 2728 1102 τε
2777 1048 2869 1103 καὶ
2928 1049 3120 1112 πάντες
3177 1048 3504 1122 ἐπιτήδειοι,
3596 1054 3683 1115 οἷς
3733 1054 3822 1109 καὶ

2170 1135 2399 1206 ποθεινὴ
2434 1137 2528 1209 μὶν
2567 1139 2595 1207 ἡ
2627 1143 2696 1211 γῆ
2725 1141 2845 1202 τοῖς
2889 1135 3192 1214 βαδίζουσι,
3238 1141 3459 1210 ποθεινὴ
3523 1138 3581 1196 δὲ
3613 1141 3704 1196 καὶ
3731 1141 3825 1198 αὖ·

2169 1231 2288 1289 τοῖς
2319 1223 2494 1282 ἐδόκει
2516 1248 2601 1290 τις
2641 1226 2907 1307 ἐντυχεῖν.
2943 1227 3137 1286 Ηολλὰ
3180 1227 3238 1286 δὲ
3291 1231 3380 1286 καὶ
3427 1239 3662 1288 παντοῖα
3719 1231 3828 1291 δια..

2172 1314 2611 1380 κινδυνεύσαντες
2652 1319 2953 1394 ἀγαπητῶς
2981 1318 3076 1374 καὶ
3109 1318 3276 1394 μόλις
3333 1322 3456 1398 περὶ
3513 1324 3616 1392 τήν
3653 1324 3828 1400 ΙῙρίγ-

2173 1429 2334 1464 κιπον
2367 1407 2748 1480 διασώζονται,
2787 1408 2847 1465 ἐκ
2904 1407 2962 1464 δὲ
3026 1411 3228 1483 ταύτης
3285 1417 3383 1468 τοῦ
3421 1414 3668 1486 κύματος
3699 1417 3830 1490 ἠρε-

2179 1499 2454 1570 μήσαντος
2531 1497 2582 1561 ἐς
2664 1496 2992 1570 Χαλκηδόνα
3075 1500 3444 1576 καταίρουσιν·
3532 1497 3656 1567 ἔνθα
3733 1506 3830 1559 τοῦ

2179 1584 2402 1661 ἰλίγγου
2431 1585 2699 1650 ἀνεθὲντες
2739 1587 2829 1642 καὶ
2879 1589 2980 1658 τὴν
3038 1589 3224 1664 ἅλμην
3253 1589 3681 1661 ἀποπτύσαντες,
3743 1591 3831 1648 καὶ

2182 1675 2358 1746 λήθης
2395 1677 2548 1750 βυθῷ
2573 1673 2906 1751 παραδόντες
2967 1677 3034 1731 τὰ
3074 1680 3296 1756 χαλεπά
3325 1684 3426 1734 τοῦ
3457 1678 3710 1736 κινδύνου
3741 1681 3829 1737 καί

2181 1758 2408 1842 φοϐερὰ,
2441 1763 2493 1826 ἐς
2522 1766 2778 1840 τὸ’μέγα
2836 1763 3272 1842 διαπεραιοῦνται
3321 1769 3609 1839 παλάτιον,
3653 1771 3829 1844 ἀμίλ-

2181 1853 2280 1916 λας
2307 1851 2618 1916 τελέσοντες
2634 1851 2822 1910 ἵππων
2849 1856 2941 1935 καὶ
2973 1857 3222 1931 θεάτροις
3272 1855 3365 1914 τὸν
3427 1857 3604 1932 δῆμον
3637 1857 3828 1931 δεξιω-

2181 1943 2424 2015 σόμενοι.
2458 1946 2548 2006 Ὠς
2579 1942 2670 1998 οὗν
2719 1942 2935 2022 εἰλήφει
2983 1942 3147 2020 πέρας
3211 1945 3298 2001 καὶ
3364 1945 3510 2021 τάδε,
3572 1945 3830 2024 βασιλεὺς

2183 2031 2276 2106 μὶν
2305 2029 2558 2096 ἀπελθεῖν
2593 2031 2647 2095 ἐς
2680 2031 2996 2108 Βλαχέρνας
3027 2034 3218 2092 αὐτίκα
3248 2035 3432 2106 ¹ἤθελε,
3491 2045 3592 2108 τῆς
3639 2036 3696 2094 δὲ
3717 2044 3823 2094 τῶν

2177 2121 2468 2195 Ῥωμαίων
2507 2121 2758 2200 ἀκαιρίας
2786 2125 3226 2199 προσισταμένης
3281 2127 3356 2198 (οἱ
3411 2126 3510 2202 γὰρ
3569 2126 3623 2190 ἐς
3677 2131 3828 2201 ἡμᾶς

2177 2213 2575 2288 αὐτοκράτορες
2600 2213 2692 2270 καὶ
2762 2213 2930 2290 μέχρι
2987 2215 3287 2290 βηματίσαι
3317 2218 3416 2286 τὴν
3470 2221 3581 2272 τῶν
3621 2215 3830 2292 ἄστρων

2176 2301 2318 2356 θέσιν
2395 2301 2862 2378 περιεργάζονται)
2918 2305 3017 2375 τὴν
3093 2305 3319 2380 πρώτην
3401 2311 3508 2361 τῶν
3565 2314 3832 2378 νηστειῶν

2175 2386 2456 2464 ἑϐδομάδα
2484 2396 2563 2465 τῷ
2597 2391 2820 2469 μεγάλῳ
2849 2390 3100 2467 παλατίῳ
3129 2397 3455 2469 προσέμενεν
3487 2397 3598 2472 οὐχ
3671 2399 3832 2455 ἑκών.

2171 2487 2262 2542 Ὠς
2293 2477 2340 2534 δ’
2378 2481 2444 2548 ἧν
2512 2483 2547 2551 ἡ
2593 2477 2720 2552 ἕκτη
2773 2485 2882 2537 τῶν
2950 2484 3176 2558 ἡμερῶν
3236 2483 3334 2540 οὐκ
3387 2485 3644 2560 ἀνάρσιος
3694 2489 3834 2562 πρὸς

2179 2565 2497 2643 μετάϐασιν,
2526 2570 2617 2625 καὶ
2670 2568 2909 2644 μάλιστα
2937 2570 3018 2644 τῷ
3077 2571 3272 2647 βαθέος
3329 2569 3533 2650 ὄρθρου
3577 2589 3832 2650 μεθιστα-

2180 2659 2348 2734 μένῳ,
2404 2653 2540 2734 ἔγνω
2601 2659 3022 2732 μεταναστεῦσαι
3077 2669 3328 2739 κνεφαῖος
3364 2665 3455 2718 καὶ
3498 2668 3670 2737 μήπω
3725 2669 3824 2721 τοῦ

2175 2747 2340 2820 ἡλίου
2376 2747 2782 2825 διασπείραντος
2819 2749 2916 2813 τάς
2948 2751 3166 2814 ἀκτῖνας
3221 2751 3316 2815 τὰς
3375 2751 3698 2830 Βλαχέρνας
3726 2775 3828 2810 και

2175 2833 2450 2897 ταλαϐεῖν.
2481 2840 2554 2896 ⁴Ἠ
2608 2860 2668 2895 τε
2726 2841 2818 2895 οὗν
2875 2841 3107 2915 τριήρης
3155 2842 3300 2916 παρᾶ
3326 2846 3445 2906 ταῖς
3477 2843 3666 2906 ἀκταῖς
3721 2849 3830 2900 τῶν

2177 2928 2415 3006 ἀρχείων
2468 2926 2708 3000 ἐσάλευε,
2762 2929 2853 2985 καὶ
2899 2930 2962 2986 τὸ
3017 2931 3260 3007 συγγενὲς
3315 2933 3453 2987 ’ἁπαν
3507 2938 3606 2988 τοῦ
3676 2935 3828 3010 βασι-

2181 3018 2321 3082 λέως
2343 3019 2468 3094 παρ’
2499 3017 2660 3074 αὐτὸν
2723 3020 2858 3093 μετὰ
2913 3021 3108 3099 φώτων
3170 3019 3488 3093 συνήλιστο,
3542 3023 3825 3098 σύμπλουν

2181 3107 2456 3182 ἐσόμενονο
2495 3111 2594 3163 τοῖ’)
2645 3112 2780 3164 Θεοῦ
2839 3107 2895 3164 δὲ
2955 3107 3258 3176 δεικνύντος
3314 3112 3390 3176 ὡς
3444 3113 3632 3186 κύριός
3681 3112 3822 3168 ἐστιν

2181 3197 2338 3272 ὠρῶν
2371 3197 2460 3252 καὶ
2493 3198 2708 3273 χρόνων
2741 3196 2922 3272 αὐτὸς,
2984 3198 3071 3254 οιαὶ
3127 3201 3257 3276 παρ’
3307 3200 3473 3256 αὐτοῦ
3515 3203 3831 3267 κοιτευθύνσε⁴⁹

2107 3257 2265 3343 Crat
2298 3285 2406 3342 ε’ἰτε
2447 3287 2554 3359 μὴν
2605 3284 2993 3360 συμποδίζεται
3049 3287 3116 3343 τά
3167 3257 3328 3345 τίνων
3384 3286 3723 3366 διαδήματα,
3772 3293 3840 3348 τὸ

2178 3377 2412 3452 πρὸτῆς
2470 3375 2748 3452 βασιλείου
2805 3375 2997 3449 κλίνης
3049 3375 3282 3434 δάπεδον
3329 3378 3658 3452 αὐτομάτως
3702 3383 3847 3437 ὑπο-

423 3470 572 3548 χαλᾷ
601 3468 690 3523 καὶ
723 3466 800 3530 εἷς
832 3465 1022 3542 χάσμα
1049 3465 1243 3527 ἱκανῶς
1277 3462 1624 3538 διανοίγεται.
1657 3462 1756 3520 Καὶ
1790 3463 2044 3538 βασιλεὺς
2081 3468 2173 3541 μὲν
2196 3462 2638 3542 παραδόξως,τοῦ
2669 3462 2922 3521 κινδύνου
2953 3465 3390 3544 ῥύετυαι,ἅτερος
3420 3465 3478 3524 δὲ
3499 3474 3608 3524 τῶν
3636 3476 3838 3528 τοῦτον

423 3553 685 3635 γαμϐρῶν
722 3558 750 3612 6
791 3553 1178 3631 Παλαιολόγος
1211 3551 1449 3624 ’Λλὲξιος
1478 3551 1569 3606 καὶ
1601 3551 1791 3630 συχνοὶ
1834 3551 1998 3610 ἄλλοι
2039 3555 2342 3632 ἐνίσχονται
2397 3558 2476 3626 τῷ
2535 3551 2864 3629 διαστήματι
2904 3554 2995 3611 καὶ
3039 3557 3318 3636 πάσχουσι
3348 3563 3530 3622 κακῶς
3559 3559 3629 3615 τὰ
3661 3561 3845 3638 βάθρα

422 3653 520 3705 τοῦ
552 3651 826 3722 σώματος·
861 3647 942 3711 εἷς
972 3643 1028 3700 δέ
1057 3667 1140 3708 τις
1171 3642 1428 3718 ἐκτομίας
1449 3643 1540 3698 καὶ
1573 3640 1864 3714 ἐτεθνήκει,
1899 3645 1974 3707 εἷς
2007 3645 2070 3702 τὸ
2113 3646 2366 3721 βάθιστον
2405 3647 2502 3699 τοῦ
2535 3644 2820 3720 χάσματος
2847 3641 3102 3709 καταδύς.
3139 3647 3270 3704 Οἳαν
3303 3647 3401 3720 μὶν
3437 3649 3530 3704 οὖν
3554 3645 3764 3706 ἔννοιαν
3800 3651 3840 3722 ἢ

427 3741 713 3816 μετάνοιαν
747 3737 832 3794 ἐπὶ
861 3737 1080 3802 τούτοις
1109 3735 1334 3814 εἳληφεν
1368 3737 1396 3791 ὁ
1427 3739 1664 3810 κρατῶν,
1706 3733 1961 3810 οὐδαμῶς
1989 3731 2105 3816 ἔχω
2145 3734 2430 3806 ἐπεξιέναι·
2465 3737 2494 3792 6'
2526 3733 2583 3792 δὲ
2611 3737 2746 3793 κατὰ
2786 3734 2958 3800 πόδάς
2987 3735 3423 3812 ἐπηκολούθησε,
3443 3762 3609 3798 τουτο
3639 3740 3710 3814 δὴ
3741 3761 3842 3816 καὶ¹

417 3835 488 3906 τῇ
521 3829 734 3906 ἱστορίᾳ
767 3825 1147 3904 παραδίδωμι.

493 3921 550 3978 7.
581 3920 796 3977 Habuit
822 3919 1054 3976 Alexius
1105 3917 1334 3974 tertiam
1378 3931 1602 3989 quoque
1640 3916 1844 3987 ﬁliam,
1885 3916 2069 3974 Eudo-

427 4009 573 4068 ciam
620 4009 884 4077 nomine;
919 4024 1088 4080 quam
1141 4008 1268 4080 ipso
1318 4006 1505 4064 adhuc
1554 4007 1953 4062 Andronicum
2011 4007 2069 4063 fu

425 4101 620 4172 giente
636 4103 693 4154 et
722 4099 869 4170 apud
897 4097 1218 4154 Ismaelitas
1243 4099 1299 4152 et
1321 4097 1380 4152 in
1397 4096 1703 4152 Palaestina
1737 4096 2069 4153 7040ber-

425 4195 588 4244 rante
643 4191 884 4258 patruus
939 4187 1184 4242 lsaacius
1249 4185 1541 4258 Stephano
1592 4185 1712 4241 ﬁlio
1759 4185 2070 4242 Neemauis

427 4276 758 4348 despondit,
791 4275 1172 4332 Triballorum
1204 4275 1472 4347 principi.
1523 4277 1735 4330 Verum
1767 4274 1816 4331 is
1865 4275 2070 4348 exiguo

427 4375 680 4438 tempore
710 4367 772 4422 in
821 4365 1149 4438 principatu
1185 4368 1382 4422 exacto
1415 4363 1476 4420 in
1523 4363 1754 4435 Papicio
1786 4369 1979 4420 monte
2011 4364 2073 4420 lit

426 4457 765 4514 monachus.
831 4455 1008 4512 Filius
1066 4471 1198 4511 vero
1249 4456 1372 4526 ejus
1420 4455 1618 4511 eodem
1665 4454 1905 4510 nomine
1950 4458 2070 4510 Ste-

423 4548 651 4620 phanus
692 4546 939 4603 Eudocia
992 4553 1244 4617 paternae
1301 4543 1564 4614 satrapize
1613 4543 1847 4600 domina
1892 4543 2076 4600 decla-

2255 3918 2314 3986 ζ’.
2347 3920 2443 3990 Τῷ
2476 3915 2695 3991 βασιλεῖ
2719 3915 2863 3991 τῷδε
2890 3918 2980 3973 καὶ
3035 3917 3193 3994 τρίτη
3253 3919 3496 3996 θυγάτηρ
3525 3924 3616 3994 ἦν,
3651 3921 3847 3981 Εὐδο-

2179 4005 2272 4060 κία
2307 4003 2570 4079 τοῦνομα.
2610 4005 2824 4075 Ταύτην
2876 4004 2953 4062 ἔτι
3017 4012 3115 4063 τοῦ
3171 4009 3421 4073 τεκόντος
3477 4009 3846 4090 Ἀνδρόνικον

2181 4093 2628 4173 ἐκδιδράσκοντπ
2668 4095 3022 4170 Ἰσμαηλίτας
3079 4094 3154 4154 τε
3181 4099 3271 4156 καὶ
3329 4097 3703 4176 Παλαιστίνην
3747 4126 3853 4162 πε-

2186 4185 2418 4262 ριιόντος
2446 4184 2724 4256 πλάνητος
2790 4187 2818 4242 ὁ
2877 4185 3264 4266 πατράδελφος
3296 4191 3570 4255 Ἰσαάκιος
3599 4192 3676 4249 ἐνὶ
3735 4199 3850 4250 τῶν

2181 4273 2389 4332 παίδων
2421 4271 2686 4331 ἐκδέδωκε
2747 4278 2829 4348 τῷ
2881 4279 3134 4356 Στεφάνῳ
3190 4283 3291 4334 τοῦ
3348 4282 3584 4356 Νεεμάν·
3674 4284 3747 4353 ἦν
3803 4282 3853 4340 δ’

2184 4366 2344 4428 οὗτος
2372 4363 2597 4444 ἡγεμὼν
2620 4368 2728 4420 τῶν
2758 4360 3120 4442 Τριϐαλλῶν.
3175 4367 3339 4427 Ἀλλ’
3368 4371 3396 4426 6
3427 4374 3513 4446 [P.
3558 4376 3691 4447 343]
3753 4375 3851 4449 μὲν

2185 4456 2396 4532 βραχὺν
2437 4453 2716 4530 ἐπιμείνας
2745 4457 2813 4530 τῇ
2846 4455 2996 4533 ἀρχῇ
3046 4458 3248 4536 χρόνον
3293 4459 3355 4514 τὸ
3387 4457 3514 4535 ὅρος
3547 4461 3724 4518 ἄνεισι
3781 4465 3846 4520 τὸ

2182 4544 2460 4601 Παπύκιον
2516 4545 2606 4599 καὶ
2668 4544 2787 4622 βίον
2856 4545 3035 4601 ὕπεισι
3091 4547 3184 4602 τὸν
3256 4547 3575 4622 μοναδικόν
3638 4555 3666 4609 6
3699 4550 3760 4608 δέ
3790 4553 3842 4608 οἱ

423 4643 543 4694 rata
572 4635 838 4710 plusculo
897 4643 1155 4707 tempore
1189 4637 1384 4688 exacto
1432 4631 1643 4689 liberos
1691 4648 1759 4688 ex
1784 4648 1847 4688 ea
1897 4632 2066 4690 susci-

2180 4635 2297 4698 υίὸς
2357 4631 2625 4712 Στέφανος
2677 4633 2998 4714 κληροῦχον
3057 4643 3157 4706 τῆς
3216 4640 3472 4715 πατρῴας
3513 4641 3840 4718 σατραπείας

421 4728 524 4801 pit.
569 4729 675 4785 Sed
706 4731 934 4799 tempus
963 4726 1156 4780 omnia
1185 4725 1456 4780 innovare
1487 4727 1543 4779 et
1583 4728 1856 4794 perpetuo
1887 4721 2063 4778 dissi-

421 4820 778 4876 militudines
836 4817 1108 4874 inducere
1166 4814 1397 4871 solitum
1451 4812 1653 4869 ambos
1713 4829 1746 4868 a
1821 4813 2066 4884 pristina

423 4910 831 4978 conjunctione
883 4916 936 4964 et
967 4904 1351 4964 consensione
1404 4903 1708 4977 disjungit,
1739 4919 1848 4960 nec
1891 4904 1950 4958 in
1999 4919 2065 4959 eo

426 5012 669 5052 nurnero
727 5013 852 5052 esse
910 4997 1125 5068 patitur
1171 5012 1312 5068 quos
1373 4994 1604 5068 Lyricus
1661 4993 1750 5050 his
1801 4993 2064 5050 versibus

427 5084 715 5140 celebrat:
773 5105 798 5138 α
832 5084 1050 5142 Felices
1105 5089 1193 5141 ter
1245 5089 1302 5140 et
1358 5083 1612 5155 amplius
1660 5099 1802 5156 quos
1845 5083 2067 5155 irrupta

424 5177 582 5228 tenet
611 5171 838 5244 copula,
891 5187 997 5228 nec
1037 5173 1204 5229 malis
1259 5173 1517 5228 divulsus
1548 5170 1924 5244 querimoniis
1967 5186 2063 5226 su-

425 5277 626 5332 prema
684 5261 854 5316 citius
908 5261 1077 5316 solvit
1134 5279 1298 5317 amor
1350 5263 1460 5319 die.
1521 5283 1548 5312 »
1581 5261 1724 5316 Nam
1757 5260 1852 5316 ille
1901 5259 2065 5316 uxori

425 5349 710 5421 pruritum
765 5349 1038 5416 libidinis,
1079 5366 1143 5404 ea
1191 5359 1387 5406 contra
1436 5351 1639 5407 marito
1698 5349 2062 5406 bibacilatem

423 5457 454 5494 a
486 5439 668 5509 primo
699 5438 954 5494 diluculo
994 5447 1046 5495 et
1079 5437 1318 5494 aliarum
1369 5440 1671 5495 mulierum
1704 5440 2063 5496 consuetudi-

425 5545 561 5586 nem
587 5528 918 5600 objiciebat.
970 5527 1051 5582 Ita
1081 5527 1322 5582 dissidio
1354 5527 1594 5584 subinde
1624 5535 1916 5586 crescente
1948 5532 2068 5587 Ste-

421 5617 650 5691 phanus
696 5617 1059 5674 barbaricum
1117 5615 1420 5672 consilium
1463 5617 1569 5673 init
1597 5625 1764 5690 atque
1809 5619 2068 5692 exsequi-

419 5716 530 5767 tur.
565 5714 707 5766 Nam
751 5708 868 5765 sive
898 5707 1146 5766 conficto
1189 5705 1306 5763 sive
1353 5721 1480 5764 vere
1525 5707 1750 5780 objecto
1797 5709 2066 5766 adulterii

2171 4725 2268 4794 τήν
2317 4721 2584 4780 Εύδοκίαν
2647 4719 2856 4788 δεικνὺς
2913 4724 3110 4794 ἡλίους
3166 4727 3406 4804 συχνοὺς
3494 4728 3826 4806 ἐξεμέτρησε,

2171 4815 2262 4872 καὶ
2293 4810 2500 4869 παίδων
2549 4812 2598 4883 ἐξ
2661 4811 2826 4882 αὖτῆς
2895 4814 3079 4871 ἀκούει
3137 4820 3340 4894 πατήρ.
3395 4821 3727 4894 Καινοτόμος
3781 4815 3828 4874 δ’

2175 4897 2248 4958 ὤν
2282 4903 2310 4958 6
2341 4903 2542 4978 χρόνος
2591 4902 2682 4956 καὶ
2730 4897 3041 4977 προϐολεὺς
3089 4911 3197 4962 τῶν
3257 4907 3538 4982 ἀνομοίων
3597 4908 3838 4982 ἄληκτος

2175 4987 2440 5062 διίστησιν
2501 4989 2840 5068 ἀμφοτέρους
2898 4999 2998 5062 τῆς
3065 4995 3191 5069 πρὶν
3249 4996 3507 5068 ἒνότητος
3556 5001 3648 5055 καὶ
3699 5022 3840 5074 συμ-

2174 5081 2388 5150 πνοίας,
2419 5081 2518 5136 οὐκ
2576 5079 2706 5156 ἄχρι
2763 5087 2872 5136 τῶν
2930 5081 3176 5160 ἐσχάτων
3227 5088 3510 5145 ἀναπνοῶν
3565 5093 3844 5170 συμφυίαν

2173 5171 2364 5247 παρεὶς
2397 5169 2706 5238 ἀνόθευτον,
2761 5169 2792 5226 6'
2845 5178 2962 5236 τοῖς
3022 5173 3278 5252 ἐχέφροσι
3323 5181 3642 5254 συζυγίταις
3696 5169 3850 5252 πλή-

2175 5281 2335 5339 ρωμα
2361 5267 2464 5330 τῆς
2523 5259 2874 5336 ἀνθρωπίνης
2939 5260 3290 5338 εὐδαίμονίας
3317 5269 3584 5343 κρίνεται.
3621 5269 3848 5330 Οὔκοῧν

2174 5351 2202 5405 ὁ
2237 5348 2331 5423 μὶν
2355 5351 2424 5422 τῇ
2460 5347 2672 5424 γυναικὶ
2720 5347 2960 5406 ἐνεκάλει
3015 5353 3105 5408 τὸν
3161 5361 3263 5424 τῆς
3323 5355 3641 5432 ψωρώδους
3671 5362 3849 5436 ἀκρα-

2175 5439 2290 5500 σίας
2322 5436 2656 5512 ὁδαξηομὸν,
2689 5439 2723 5508 ἡ
2771 5435 2830 5493 δὲ
2878 5439 3065 5516 τάνδρὶ
3122 5451 3410 5517 προσῆπτε
3438 5449 3530 5502 τὸν
3561 5435 3753 5512 εὐθὺς
3790 5449 3849 5521 ἐξ

2173 5529 2456 5607 ἑωσφόρου
2483 5526 2830 5603 ἀκροχάλικα
2859 5529 2950 5584 καί
2979 5531 3041 5586 τὸ
3075 5533 3152 5605 μή
3207 5533 3384 5590 πίνειν
3443 5534 3616 5592 ὕδατα
3649 5537 3702 5609 ἐξ
3755 5537 3852 5594 οῖ-

2173 5619 2332 5674 κείων
2364 5617 2601 5695 ἀγγείων
2661 5615 2750 5672 καὶ
2807 5615 2869 5672 τὸ
2921 5619 3166 5698 κρυφίων
3205 5617 3384 5695 ἄρτων
3429 5621 3849 5697 ἐμπίπλασθαι.

2177 5708 2280 5766 Καὶ
2310 5703 2714 5784 προϐαινούσης
2745 5705 2889 5764 οὕτω
2919 5715 3019 5782 τῆς
3079 5707 3360 5778 διχονοίας
3419 5714 3502 5770 ἀεὶ
3547 5715 3640 5773 ἐπὶ
3702 5717 3852 5797 μέγα
