4098 6292
214 389 334 452 913

1102 384 1203 445 DE
1244 383 1545 446 ALEXIO
1590 384 1879 448 ISAACII
1922 384 2222 449 ANGELI
2268 387 2391 447 FR.
2440 388 2590 450 LIB.
2639 386 2745 449 III.

3511 392 3632 452 914

218 519 507 578 σκέπτεταί
542 540 595 574 τι
657 512 1079 594 βαρϐαρώτερον
1134 512 1295 594 ἔργον
1349 517 1378 573 ὁ
1437 517 1732 593 Στέφανος,
1785 520 1874 574 καὶ

1992 521 2258 589 crimine,
2289 522 2604 580 Eudociam
2628 523 2791 579 omni
2838 523 3052 581 vestitu
3091 523 3364 582 muliebri
3389 526 3627 599 spoliat,

219 612 351 668 αὐτὸ
418 610 645 684 μέτεισι·
706 607 1054 680 πλασάμενος
1109 608 1234 684 γὰρ,
1289 608 1416 677 ἤτοι
1489 609 1580 663 καὶ
1637 608 1877 682 φάμενος

220 700 471 770 ὰληθῶς,
503 697 910 773 μοιχευομένην
960 695 1171 752 ἁλῶναι
1228 699 1326 767 τὴν
1378 694 1640 754 Εύδοκίαν
1676 700 1875 762 παντὸς

218 791 532 866 ἀπογυμνοῖ
597 784 1017 863 περιϐλήματος
1097 786 1424 863 γυναικείου,
1481 789 1575 842 τὸν
1639 783 1874 863 ἔσχατον

219 881 357 955 αὐτῇ
408 880 498 935 καὶ
552 877 852 935 λεπταλέον
902 883 1113 957 χιτῶνα
1165 878 1331 951 μόνον
1391 876 1729 948 καταλιπὼν,
1783 881 1872 935 καὶ

214 976 408 1026 τοῦτον
450 968 639 1041 κύκλῳ
677 967 1036 1041 περικοπέντα
1082 967 1158 1031 ὡς
1209 966 1372 1040 μόλις
1403 967 1776 1041 περιστέλλειν
1806 969 1872 1024 τὰ

214 1065 324 1115 τῶν
361 1056 546 1132 μελῶν
578 1059 896 1133 ἀσχήμονα,
947 1056 1036 1112 καὶ
1098 1054 1375 1132 διαφίησιν
1416 1052 1588 1119 οὕτως
1638 1057 1868 1131 ἀτίμως,

213 1142 337 1203 ἔνθα
385 1146 477 1202 καὶ
535 1144 781 1222 διοργῲη
828 1145 1167 1220 πορεύεσθαι.
1224 1146 1364 1220 Πρὸς
1414 1142 1472 1200 δὲ
1513 1147 1739 1217 ταυτηνὶ
1768 1149 1868 1216 τὴν

212 1236 407 1311 πρᾶξιν
459 1236 558 1303 τήν
609 1229 782 1297 ὅντως
831 1231 1057 1308 ἄσεμνον
1109 1234 1199 1289 καὶ
1247 1233 1527 1306 ἀπότομον
1559 1234 1651 1291 καὶ
1679 1237 1779 1305 τήν
1811 1237 1868 1290 ὑ-

211 1326 486 1400 πέρογκον
533 1323 870 1398 ἀμυντηρίάν
917 1325 945 1378 6
990 1321 1223 1397 ἁδελφὸς
1271 1324 1525 1387 ἀντιστὰς
1573 1321 1785 1386 Βόλκος
1815 1322 1869 1387 ἔς

210 1435 270 1470 τε
326 1415 388 1469 τὸ
446 1412 811 1489 ἀπάνθρωπον
866 1413 1001 1482 ἦθος
1075 1408 1317 1467 ὠνείδισε
1358 1412 1453 1467 τὸν
1516 1411 1866 1486 κασίγνητον,

216 1501 667 1577 μεθαρμοσθῆναί
718 1523 776 1558 τε
827 1505 927 1567 τῆς
979 1502 1152 1577 ὀργῆς
1198 1500 1289 1556 καὶ
1336 1500 1650 1579 καθυφεῖναί
1688 1524 1740 1558 τι
1777 1524 1867 1576 μι-

208 1593 343 1667 κρὸν
390 1592 783 1659 καθικέτευσεν,
818 1587 1081 1646 ἂπιδόντα
1135 1591 1271 1666 πρὸς
1327 1591 1389 1645 τὸ
1448 1588 1739 1667 μεγαλεῖον
1768 1596 1867 1647 τοῦ

210 1681 402 1757 γένους
460 1688 561 1750 τῆς
619 1678 887 1743 Σύδοκίας
947 1680 1037 1735 καὶ
1095 1679 1280 1736 ἑαυτὸν
1331 1677 1391 1735 δὲ
1427 1679 1862 1755 οῗκτειρήσαντα,

206 1772 573 1847 γενησόμενον
617 1770 791 1833 οὓτως
841 1769 924 1825 ἐπ’
977 1770 1292 1844 ἀσχήμοσιν
1348 1766 1532 1845 ἔργοις
1580 1767 1862 1843 ἀοίδιμον.

210 1860 331 1919 Ούκ
358 1854 505 1939 ἔχων
540 1856 597 1913 δὲ
638 1857 727 1914 καί
776 1857 974 1915 πείθειν
1004 1860 1078 1921 ὡς
1100 1861 1208 1952 τὴν
1240 1859 1470 1936 γνώμην
1500 1860 1728 1933 ἀκαμπῆ
1771 1861 1859 1915 καὶ
1892 1889 1937 1952 Β

208 1947 621 2022 δυσμείλικτον,
653 1948 816 2011 αὐτὸς
862 1950 963 2018 τὴν
1012 1945 1280 2004 Εύδοκίαν
1327 1950 1718 2024 προσηκούσης
1766 1970 1858 2006 κο-

210 2037 379 2114 μιδῆς
437 2038 672 2108 ἀξιώσας
723 2035 1065 2113 παραδίδωσι
1137 2043 1254 2100 τοῖς
1307 2038 1567 2108 ἀπάξουσι
1625 2037 1856 2102 δεόντως

207 2129 286 2189 εἷς
338 2127 401 2183 τὸ
457 2126 787 2204 Δυρράχιον.
849 2127 1047 2184 Μαθὼν
1104 2125 1162 2182 δὲ
1217 2128 1279 2183 τὸ
1337 2129 1561 2205 γεγονὸς
1594 2130 1621 2185 6
1654 2131 1856 2205 πατὴρ,

206 2220 429 2292 πέμψας
488 2215 866 2294 ἀμφικέφαλον
940 2213 1199 2291 καθέδραν
1260 2217 1350 2272 καὶ
1408 2219 1650 2292 κόσμους
1705 2239 1859 2294 περι-

211 2306 494 2384 δερῥαίους
526 2304 700 2368 ἄλλας
729 2327 788 2361 τε
840 2303 1283 2382 λαμπρειμονίας
1316 2307 1602 2382 βασιλικάς
1635 2307 1859 2364 εἰσοικί-

211 2403 356 2468 ζεται
403 2399 503 2467 τήν
560 2392 843 2471 Θυγατέρα.
908 2394 1060 2465 Πλὴν
1122 2392 1247 2450 οὐδὲ
1301 2401 1402 2451 τοῦ
1448 2396 1656 2470 Νεεμὰν
1712 2399 1860 2452 οὗτοι

212 2487 321 2541 υἱοὶ
371 2483 581 2563 ἀδελφά
628 2488 949 2562 φρονοῦντες
1003 2483 1078 2546 εἰς
1142 2483 1298 2547 τέλος
1348 2484 1658 2559 διήρκεσαν,
1702 2484 1863 2542 ἐκπο-

214 2574 552 2647 λεμωϐἐντες
585 2572 644 2629 δὲ
674 2575 790 2628 κατ’
818 2571 1086 2644 ἀλλήλων
1117 2578 1194 2646 τῷ
1231 2579 1386 2649 χορῷ
1414 2579 1522 2630 τῶν
1552 2572 1738 2631 ἄλλων
1771 2576 1862 2631 καὶ

214 2661 327 2719 σ’ίδε
389 2664 762 2739 συνήφθησαν,
838 2660 930 2724 οὕς
1006 2666 1186 2738 μικρῷ
1258 2662 1488 2737 πρόσθεν
1552 2663 1862 2738 εἰρήκειμεν

213 2751 543 2830 ἠγνοηκέναι
582 2753 681 2821 τὴν
734 2750 891 2826 φύσιν
942 2749 1031 2807 διά
1075 2772 1134 2806 τε
1186 2751 1484 2827 φιλαρχίαν
1537 2753 1627 2807 καὶ
1657 2755 1863 2829 τρόπου

1983 611 2104 668 sols
2134 613 2295 667 tenui
2328 611 2581 668 interula
2612 612 2832 681 relicta,
2855 630 3039 686 eaque
3068 615 3326 686 undique
3359 616 3623 687 praecisa,

1984 707 2043 756 ut
2076 701 2165 757 vix
2197 702 2501 773 pudendas
2541 709 2731 774 partes
2776 708 3015 773 tegeret,
3044 706 3218 771 atque
3260 704 3338 760 ita
3367 705 3622 776 ignomi-

1983 789 2144 847 nioso
2176 807 2292 861 quo
2344 789 2575 847 libitum
2625 795 2779 848 esset
2836 791 2993 847 abire
3052 791 3208 849 sinit.
3243 792 3386 849 Huic
3440 811 3623 865 pmnae

1979 883 2100 935 tam
2133 880 2640 947 inhoneste,705
2668 881 2844 936 atroci
2868 885 2926 935 et
2958 882 3287 936 immodicae
3308 884 3620 953 fraterejus

1985 968 2189 1026 Volcus
2220 969 2526 1026 intercedit
2552 996 2567 1037 ;
2599 971 2972 1040 etobjurgata
2999 971 3129 1040 ejus
3162 970 3617 1043 inhumanitate,

1977 1061 2103 1113 crat
2130 1062 2192 1112 ut
2243 1058 2506 1128 deposita
2535 1060 2835 1114 iracundia
2883 1058 3051 1131 paulo
3083 1059 3432 1117 clementius
3462 1066 3617 1133 agat,

1975 1145 2175 1201 habita
2206 1146 2427 1202 ratione
2458 1147 2705 1203 illustris
2735 1150 2965 1219 generis
3022 1148 3311 1215 Eudocio'e,
3354 1153 3412 1205 et
3447 1150 3614 1205 famis

1974 1251 2089 1291 suae
2121 1236 2409 1304 consulat,
2444 1253 2508 1292 ac
2543 1241 2767 1293 tantam
2801 1237 3134 1309 ignominiaa
3167 1237 3358 1294 labem
3388 1244 3613 1298 caveat.

1972 1324 2081 1380 Sed
2115 1341 2247 1381 cum
2296 1326 2561 1397 pertinax
2606 1331 2662 1381 et
2720 1326 3087 1397 implacabile
3125 1327 3255 1398 ejus
3311 1328 3615 1400 ingenium

1972 1430 2200 1470 movere
2232 1431 2346 1471 non
2381 1419 2598 1486 posset,
2633 1415 2755 1487 ipse
2812 1416 3126 1471 Eudociam
3160 1416 3245 1472 ita
3275 1426 3612 1490 susceptam

1970 1507 2035 1558 ut
2053 1503 2315 1575 dignitas
2346 1505 2474 1573 ejus
2496 1504 2851 1576 postulabat,
2878 1504 3261 1577 Dyrrachium
3286 1508 3608 1578 perducen-

1967 1592 2101 1649 dam
2133 1600 2311 1649 curat.
2345 1593 2467 1657 Quo
2496 1608 2638 1649 casu
2660 1594 2893 1666 cognito
2924 1599 3093 1664 pater
3118 1594 3300 1650 ﬁliam
3326 1594 3528 1651 lectica
3559 1603 3615 1651 et

1966 1682 2327 1739 ornamentis
2358 1682 2745 1740 muliebribus
2803 1684 3026 1750 missis,
3051 1684 3111 1739 in
3171 1686 3320 1741 aedes
3350 1701 3487 1743 suas
3518 1702 3611 1741 re-

1967 1771 2126 1845 cipit.
2158 1771 2441 1829 C-aeterum
2471 1788 2544 1828 ne
2566 1773 2626 1827 hi
2660 1773 2900 1845 quidem
2940 1773 3252 1830 Neemanis
3285 1772 3386 1829 filii
3436 1775 3610 1847 longo

1966 1869 2224 1934 tempore
2264 1864 2580 1920 concordes
2615 1869 3085 1935 permanserunt,
3119 1866 3219 1921 sed
3281 1865 3608 1922 inimicitiis

1966 1952 2251 2024 susceptis
2281 1953 2341 2007 in
2390 1958 2725 2009 caeterorum
2785 1959 2991 2010 ccetum
3049 1955 3424 2023 transierunt,
3459 1972 3608 2028 quos

1966 2062 2146 2117 supra
2167 2046 2423 2101 diximus
2457 2062 2557 2117 per
2609 2046 2992 2103 ambitionem
3046 2051 3105 2102 et
3132 2048 3461 2104 vecordiam
3501 2066 3607 2105 na-

1966 2139 2107 2191 tura
2137 2135 2352 2192 oblitos
2374 2152 2541 2201 esse;
2575 2141 2630 2191 et
2661 2135 2871 2192 Volcus
2918 2137 3103 2193 victor
3159 2138 3521 2209 Stephanum
3556 2145 3614 2196 et

1972 2225 2295 2297 principatu
2351 2232 2407 2281 et
2463 2226 2646 2297 patria
2705 2226 2914 2296 exegit.
2966 2228 3109 2282 Nam
3158 2242 3289 2282 cum
3346 2227 3612 2285 fraternae

1970 2314 2142 2370 credis
2172 2314 2498 2385 exemplum
2539 2331 2606 2370 ex
2648 2315 2789 2371 urbe
2811 2316 3171 2386 imperatrice
3202 2322 3612 2388 promanasset

1969 2409 2027 2460 et
2051 2410 2341 2462 extremos
2360 2406 2518 2461 orbis
2542 2411 2829 2462 terrarum
2858 2407 3000 2462 fines
3030 2413 3410 2480 pervagatum
3438 2415 3613 2477 esset,

1971 2511 2087 2551 non
2117 2494 2305 2551 Persis
2339 2500 2565 2551 tantum
2595 2501 2652 2551 et
2699 2497 3105 2569 Tauroscythae
3145 2503 3202 2553 et
3246 2497 3301 2552 hi
3334 2498 3615 2556 Dalmatae

1972 2587 2030 2639 et
2058 2589 2262 2655 postea
2306 2584 2615 2651 Pannonii,
2647 2585 2746 2640 sed
2780 2592 2832 2639 et
2890 2585 2988 2640 alii
3036 2585 3233 2656 plures
3277 2591 3616 2643 ceterarum

1972 2669 2232 2741 gentium
2264 2671 2560 2742 principes
2583 2669 2824 2725 ensibus
2846 2669 2903 2723 in
2936 2676 3213 2741 cognatos
3231 2688 3368 2727 suos
3394 2673 3615 2728 strictis

1976 2758 2321 2814 seditionem
2355 2763 2412 2813 et
2439 2757 2687 2813 caedium
2721 2758 2935 2828 patrias
2965 2773 3103 2814 suas
3158 2759 3614 2829 compleverunt'

214 2844 529 2913 σκαιότητα·
564 2842 654 2896 καὶ
688 2843 873 2919 φανεὶς
901 2841 1157 2917 κρείττων
1192 2843 1220 2896 ὁ
1260 2840 1471 2904 Βόλκος
1520 2849 1620 2912 τῆς
1668 2842 1847 2918 ἀρχῆς
1897 2845 2010 2917 ἅμα
2066 2845 2156 2900 ααὶ
2201 2852 2303 2914 τῆς
2361 2841 2619 2919 πατρίδος
2677 2843 2946 2914 ἐκτοπίζει
2999 2846 3089 2899 τὸν
3158 2844 3447 2924 Στέφανον.
3510 2848 3610 2905 Ἐκ

207 2933 305 3009 γὰρ
375 2937 476 3000 τῆς
512 2935 619 2985 τῶν
688 2930 904 2986 πόλεων
979 2928 1261 3007 βασιλίδος
1316 2931 1496 3006 ὥσπερ
1562 2933 1708 2995 τινὸς
1775 2933 2142 3009 ὑπογραμμοῦ
2207 2934 2299 2989 καὶ
2363 2935 2536 2989 τύπου
2602 2932 2692 2987 καὶ
2766 2937 2954 2988 κοινοῦ
3017 2932 3446 3007 θεμιστεύματος
3513 2942 3615 3005 τῆς

211 3021 637 3100 ἀδελφοκτονίας
695 3020 945 3093 ἐξιούσης
996 3021 1088 3076 καὶ
1147 3019 1554 3097 διαδραμούσης
1603 3029 1705 3092 τῆς
1769 3031 1874 3098 γῆς
1931 3025 1998 3080 τὰ
2048 3024 2275 3099 πέρατα,
2335 3023 2396 3079 οὗ
2464 3023 2661 3098 Πέρσαι
2726 3023 2892 3096 μόνον
2949 3024 3039 3079 καὶ
3096 3022 3468 3099 Τουροσκύθαι
3524 3024 3616 3081 καὶ

214 3110 323 3169 οἳδε
355 3114 408 3167 οἱ
440 3110 725 3185 Δαλμάται
754 3112 842 3166 καὶ
881 3110 1168 3185 μετέπειτα
1201 3112 1485 3181 Πάννονες,
1519 3112 1665 3168 ἀλλά
1691 3114 1782 3168 καὶ
1814 3113 2001 3169 λοιποὶ
2029 3111 2206 3189 ἕτεροι
2236 3116 2362 3189 παρ’
2394 3112 2565 3169 ἔθνεσι
2599 3111 3010 3178 δυναστεύοντες
3050 3115 3285 3170 στάσεων
3317 3114 3406 3170 καὶ
3432 3115 3612 3195 φόνων

208 3204 301 3264 τὰς
333 3204 539 3257 ἑαυτῶν
571 3198 838 3277 πατρίδας
866 3198 1195 3272 ἐνέπλησαν,
1227 3202 1347 3256 καθ’
1378 3202 1661 3277 ὁμογενῶν
1691 3203 1757 3257 τὰ
1788 3202 1911 3278 ξίφη
1947 3202 2305 3277 σπασάμενοι.

278 3292 434 3348 Κατᾶ
484 3288 541 3344 δὲ
587 3291 717 3352 τοὺς
764 3288 998 3364 χρόνους
1042 3289 1268 3352 τούτους
1317 3286 1479 3363 ἔξεισι
1527 3297 1627 3360 τῆς
1660 3290 1867 3354 Μυσίας

2050 3294 2200 3350 706
2229 3294 2348 3350 Sub
2378 3293 2488 3351 hoc
2517 3296 2745 3364 tempus
2772 3293 3028 3350 Joannes
3059 3309 3190 3350 cum
3249 3294 3504 3352 maximo
3561 3299 3619 3353 et

214 3382 241 3436 ό
288 3382 546 3451 Ἰωάννης
603 3381 838 3454 μεγίστῳ
894 3399 953 3434 τε
1003 3380 1094 3433 καὶ
1142 3378 1453 3455 παγχάλκῳ
1486 3378 1870 3455 στρατεύματι,

217 3472 304 3526 καὶ
375 3468 678 3546 διειληφὼς
736 3469 834 3537 τὴν
890 3466 1263 3525 Κωνστάντιαν
1329 3473 1613 3544 χειροῦται
1669 3470 1870 3540 ταύτην

218 3562 354 3616 κατὰ
414 3565 587 3615 πᾶσαν
646 3557 942 3629 εὐπέτειαν,
1000 3561 1083 3632 [Ρ.
1138 3560 1266 3632 344]
1328 3556 1596 3631 διάσημον
1631 3558 1791 3616 οὖσαν
1822 3560 1873 3616 έν

216 3654 337 3711 τοῖς
389 3652 490 3714 τῆς
550 3645 822 3717 Ῥοδόπης
883 3648 1262 3726 σχοινίσμασι.
1323 3648 1423 3703 Καὶ
1481 3646 1726 3713 καθελὼν
1779 3650 1871 3705 τὸν

216 3739 422 3808 ταύτης
472 3732 765 3812 περίϐολον
822 3735 1023 3801 ἐκεῖθεν
1081 3737 1435 3792 ἀπανίσταται
1482 3739 1572 3793 καὶ
1619 3740 1744 3814 περὶ
1772 3740 1871 3808 τὴν

218 3829 429 3903 Βάρναν
486 3824 985 3903 στρατοπεδεύεται,
1034 3829 1124 3882 καὶ
1173 3826 1463 3901 πολιορκεῖ
1497 3826 1751 3901 γενναίως
1781 3830 1872 3884 καὶ

214 3919 421 3990 ταύτην
475 3918 615 3973 κατὰ
668 3917 767 3986 τὴν
828 3911 988 3988 ἕκτην
1040 3922 1152 3972 τῶν
1207 3921 1304 3972 τοῦ
1345 3919 1584 3992 Χριστοῦ
1612 3920 1875 3991 παθημά-

211 4028 322 4063 των
383 4007 615 4081 ἠμέραν.
682 4005 938 4061 Παντοίαν
1023 4003 1070 4060 δ’
1141 3999 1384 4061 ἔνστασιν
1453 4005 1870 4081 ἐνδεικνυμένων

212 4101 324 4153 τῶν
356 4094 560 4167 ἔνδοθι,
588 4094 890 4171 κρατίστων
952 4092 1123 4151 ὄντων
1179 4099 1287 4151 τῶν
1344 4095 1615 4153 πλείστων
1644 4099 1751 4154 κάκ
1777 4102 1874 4153 τοῦ

215 4188 511 4240 Λατινικοῦ
572 4183 793 4263 στίφους
872 4181 1417 4258 συγκεκροτημένων,
1474 4182 1872 4259 τετράπλευρον

218 4277 503 4347 συντίθησι
565 4276 824 4350 μηχανὴν
889 4276 1386 4349 συμμηκιζομένην
1438 4281 1519 4347 τῷ
1576 4272 1718 4351 εὔρει
1775 4278 1874 4345 τῆς

218 4368 429 4447 τάφρου
468 4366 560 4422 καὶ
610 4366 806 4441 ἴσοϋψῆ
861 4370 941 4438 τῷ
986 4365 1162 4440 τείχει
1207 4373 1309 4435 τῆς
1355 4366 1593 4435 πόλεως,
1624 4368 1713 4423 καὶ
1744 4368 1876 4422 ταύ-

214 4478 319 4527 την
354 4455 670 4532 ὑπότροχον
729 4453 888 4511 οὖσαν
947 4461 1048 4524 τῆς
1101 4454 1308 4530 τάφρου
1368 4452 1603 4530 ἄγχιστα
1650 4457 1873 4527 στήσας,

220 4546 334 4601 εἶτα
393 4544 693 4619 ἀνατρέψας
741 4542 1066 4620 ἀμφοτέρων
1114 4547 1223 4598 τῶν
1272 4542 1518 4617 περάτων
1564 4539 1873 4618 ἐπιλαμϐάο

1975 3383 2158 3438 armis
2187 3381 2639 3439 instructissimo
2662 3382 2914 3438 exercitu
2946 3382 3135 3455 Mysia
3164 3399 3440 3455 egressus
3470 3386 3615 3441 Con-

1973 3475 2248 3532 stantiam
2281 3475 2571 3546 insignem
2607 3475 2810 3530 urbem
2844 3474 3157 3547 Rhodopaai
3182 3475 3460 3531 territorii
3491 3476 3622 3533 sine

1976 3563 2098 3620 ulla
2127 3563 2476 3620 difﬁcultate
2506 3565 2684 3635 capit,
2719 3569 2777 3620 et
2807 3564 3098 3619 moenibus
3126 3563 3338 3618 dirutis
3368 3564 3619 3619 Varnam

1974 3657 2134 3709 sexto
2184 3654 2277 3708 die
2317 3652 2614 3708 Passionis
2670 3652 2978 3708 dominica
3029 3652 3254 3708 fortiter
3301 3660 3617 3722 oppugnat.

1975 3746 2084 3802 Sed
2118 3761 2250 3800 cum
2283 3745 2323 3798 ii
2379 3743 2479 3814 qui
2510 3745 2712 3799 urbem
2766 3743 3068 3812 tenebart,
3104 3742 3368 3815 plerique
3412 3741 3611 3799 fortis-

1976 3834 2109 3891 simi
2141 3835 2252 3889 viri
2281 3838 2338 3889 et
2368 3832 2554 3888 Latini
2579 3832 3079 3904 generis,summa
3111 3848 3219 3904 ope
3252 3832 3613 3902 resisterent,

1976 3922 2423 3994 quadrilateram
2457 3920 2790 3976 machinam
2819 3919 3228 3991 fabricatiquze
3252 3918 3620 3990 longitudine

1980 4010 2273 4068 latitudini
2301 4011 2466 4065 fossis
2489 4014 2545 4066 et
2595 4009 2908 4065 altitudine
2940 4008 3173 4081 fastigio
3216 4009 3494 4066 mcenium
3523 4027 3618 4066 re-

1976 4100 2287 4172 sponderet
2318 4116 2333 4166 ;
2366 4102 2423 4153 et
2451 4114 2519 4153 ea
2562 4097 2701 4153 rotis
2758 4096 3044 4167 subjectis
3096 4097 3356 4170 proxime
3402 4098 3621 4155 fossam

1977 4187 2323 4246 collocataet
2353 4187 2561 4242 deinde
2594 4202 2791 4242 eversa
2817 4190 3092 4257 utrosque
3120 4187 3264 4243 lines
3292 4188 3618 4260 apprehen-

1978 4277 2062 4334 dit
2083 4297 2098 4346 ;
2114 4278 2432 4347 eademque
2448 4274 2780 4329 machinaet
2794 4275 2863 4328 ad
2883 4275 3226 4347 explendam
3243 4276 3459 4332 fossam
3483 4281 3540 4333 et
3552 4276 3626 4334 ad

1978 4366 2418 4424 conscendenda
2440 4364 2654 4420 mmnia
2686 4380 2787 4435 pro
2818 4364 2996 4419 scalis
3029 4380 3173 4420 usus
3197 4365 3390 4421 triduo
3422 4366 3623 4422 Barnts

1980 4457 2219 4527 potitur.
2253 4455 2453 4525 Neque
2492 4452 2608 4509 diei
2666 4451 3101 4509 solemnitatem
3156 4456 3298 4521 (erat
3354 4454 3511 4509 enim
3564 4455 3620 4509 id

1979 4545 2419 4601 sanctissimum
2452 4542 2793 4609 Sabbatum,
2827 4556 2939 4611 quo
2967 4540 3248 4595 Dominus
3279 4540 3337 4595 in
3360 4540 3624 4611 sepulcro

216 4656 389 4704 νεται,
440 4633 531 4689 καὶ
589 4637 670 4705 τῷ
719 4633 871 4705 αύτῷ
926 4631 1019 4687 καὶ
1077 4631 1154 4687 svi
1219 4634 1577 4707 μηχανήματι
1620 4632 1873 4709 ζεύγματί

1984 4632 2277 4704 dormivit)
2312 4646 2493 4700 neque
2523 4631 2925 4687 Christianum
2982 4645 3192 4685 nomen
3250 4631 3472 4684 veritus
3500 4630 3628 4685 bar-

215 4749 273 4784 τε
328 4732 433 4795 τῆς
490 4723 697 4800 τάφρου
775 4723 1131 4801 χρησάμενος
1203 4721 1293 4777 καὶ
1348 4721 1583 4795 κλίμακι
1639 4721 1875 4793 ἐξικνου-

220 4820 358 4891 μένῃ
413 4813 510 4869 τοῦ
569 4813 739 4887 ὕψους
796 4818 898 4880 τῆς
972 4810 1190 4873 πόλεως
1253 4810 1431 4884 τρισὶν
1488 4811 1720 4886 ἡμέραις
1776 4818 1879 4881 τῆς

218 4907 430 4981 Βάρνας
463 4907 669 4977 κρατεῖ.
720 4897 860 4959 Οὔτε
919 4897 977 4954 δὲ
1030 4906 1134 4969 τῆς
1192 4899 1402 4975 ἡμέρας
1455 4902 1555 4969 τήν
1589 4898 1816 4975 δύναμιν
1850 4902 1878 4956 ὁ

223 4989 501 5071 βάρϐαρος
550 4991 809 5061 πτοηθεὶς
986 4986 1041 5043 δὲ
1094 4990 1156 5044 τὸ
1199 4987 1706 5065 ύπερευλογημένον
1735 4985 1879 5044 Σάϐ-

218 5080 386 5140 ϐατον
441 5083 558 5137 καθ’
616 5078 646 5133 6'
703 5076 975 5134 ὕπνωττεν
1037 5076 1091 5132 ἐν
1143 5078 1298 5154 τάφῳ
1344 5079 1600 5152 Χριστὸς)
1632 5078 1757 5134 οὔτέ
1784 5079 1879 5134 τὸν

216 5170 548 5249 Χριστιανὸν
603 5167 890 5239 αἴδεσθεῖς,
950 5168 1010 5223 ὃν
1071 5167 1257 5241 μόνοις
1299 5168 1583 5246 περιέφερε
1612 5167 1878 5244 χείλεσιν,

215 5265 367 5322 ἀλλᾶ
423 5260 782 5341 φιλαιμάτοις
860 5255 1111 5330 δαίμοσιν
1190 5254 1620 5331 ἐλαστρούμενος
1678 5255 1879 5318 πάντας

219 5351 315 5417 οῦς
376 5349 674 5427 συνείληφε
733 5349 936 5415 ζῶντας
990 5344 1127 5400 κατὰ
1184 5351 1288 5414 τῆς
1340 5344 1552 5420 τάφρου
1604 5345 1756 5412 ὠθεῖ,
1788 5344 1879 5399 καὶ

1988 4720 2188 4785 barus,
2213 4721 2361 4789 quod
2397 4718 2538 4774 solis
2574 4718 2743 4774 labiis
2792 4718 3073 4790 jactabat,
3110 4717 3210 4773 sed
3261 4717 3625 4788 intemperiis

1989 4809 2350 4881 sanguinarii
2382 4807 2631 4878 alicujus
2691 4806 2972 4863 daemonis
3021 4809 3208 4871 actus,
3242 4822 3446 4861 omnes
3478 4822 3629 4878 quos

1990 4899 2150 4955 vivos
2208 4901 2437 4968 ceperat
2488 4896 2544 4950 in
2603 4898 2815 4953 fossam
2867 4894 3266 4967 praecipitavit,
3301 4896 3628 4966 injectaque

1987 4988 2167 5044 humo
2198 4989 2255 5041 et
2284 4985 2513 5055 expleta
2557 4984 2949 5056 sepulcretum
3008 4983 3200 5039 locum
3252 4983 3420 5040 illum
3451 4985 3628 5054 facit;

1988 5093 2089 5134 nec
2122 5075 2304 5131 multo
2340 5078 2488 5145 post,
2520 5074 2697 5129 etiam
2735 5074 3027 5128 moenibus
3057 5073 3275 5129 eversis
3301 5075 3361 5129 in
3386 5074 3629 5147 Mysiam

1989 5164 2317 5231 revertitur,
2352 5162 2684 5231 hujusmodi
2711 5162 2960 5217 victimis
2981 5165 3038 5216 et
3080 5162 3226 5216 701
3287 5163 3630 5220 abominan-

1988 5258 2080 5313 dis
2106 5254 2332 5311 inferiis
2363 5253 2586 5311 celebre
2612 5253 2756 5310 illud
2780 5254 3099 5309 Sabbatum
3125 5259 3423 5311 veneratus
3450 5258 3632 5327 Atque

1990 5345 2112 5401 haec
2134 5344 2219 5400 sic
2249 5349 2410 5414 gesta
2440 5348 2597 5398 sunt.

219 5449 359 5520 χοῦν
391 5441 449 5503 ἇς
481 5434 735 5493 ἷσόπεδον
768 5436 992 5510 έπιχεας
1020 5430 1392 5506 πολυάνδριον
1422 5434 1513 5488 τὸν
1545 5431 1710 5488 τόπον
1743 5430 2032 5489 δείκνοσιν.
2065 5434 2297 5489 ’Ἔπειτα
2342 5430 2433 5484 καὶ
2474 5430 2543 5484 τὰ
2577 5430 2739 5520 τείχη
2772 5430 3285 5503 καταστρεψάμενος
3314 5430 3390 5493 εἷς
3421 5432 3627 5488 Μυσίαν

220 5512 523 5598 ἐπάνεισιν,
556 5526 880 5602 ἐναγίσμασι
907 5520 1181 5586 τοιούτοις
1228 5522 1318 5577 καὶ
1365 5521 1610 5578 τελεταῖς
1664 5522 2082 5595 μυσαρωτάταις
2136 5519 2235 5586 τὴν
2298 5517 2426 5590 μίαν
2456 5524 2565 5573 τῶν
2609 5512 2892 5573 σαϐϐάτων
2921 5516 3012 5571 καὶ
3041 5520 3149 5571 τῶν
3181 5519 3405 5592 ἡμερῶν
3437 5520 3627 5594 κυρίαν

214 5621 562 5698 τετιμηκώςο

287 5713 399 5772 Καὶ
429 5706 567 5785 τῇδε
599 5708 694 5782 μὲν
724 5706 814 5762 καὶ
839 5707 1006 5761 ταῦτα
1036 5700 1318 5779 ἐφέρετοθό
1350 5700 1407 5759 δέ
1433 5722 1493 5779 γε
1516 5702 1860 5778 πρωτοπρά.

2041 5697 2267 5761 Manuel
2315 5714 2449 5756 vero
2482 5702 2754 5771 Camyses
2809 5700 3215 5770 protostrator,
3245 5699 3420 5769 longo
3464 5703 3582 5758 tem
3605 5734 3633 5746 -
