4098 6292
397 369 516 431 915

1721 354 2032 421 NICETJE
2071 349 2492 413 CHONIATE

3689 349 3815 412 916

405 521 543 578 pore
597 502 656 558 in
715 501 900 574 Mysia
953 504 1177 572 captus,
1241 500 1652 569 imperatorem
1727 499 1785 550 et
1840 508 2042 548 conso-

2183 505 2267 556 mp
2301 481 2564 552 Μανουήλ
2597 483 2626 538 ὁ
2649 479 2965 554 Καμύτζης,
3013 481 3240 578 χρόνιος
3290 479 3344 536 ἓν
3385 480 3566 554 Μυσίᾳ
3594 493 3818 556 καθειρ-

409 597 642 649 brinum
675 599 799 647 orat
823 595 885 645 ut
917 591 986 644 de
1011 607 1116 644 sua
1136 605 1195 644 re
1225 588 1495 643 familiari
1521 587 1842 642 redimatur
1862 597 2050 652 neque

410 689 477 740 ut
517 681 818 738 maleficus
850 680 1021 750 longo
1053 685 1310 748 tempore
1342 679 1400 732 in
1463 678 1855 732 Barbarorum
1888 677 2046 743 pote-

411 777 533 828 tate
565 770 946 840 relinquatur.
979 768 1088 823 Sed
1139 767 1211 822 iis
1242 766 1452 822 litteris
1505 766 1648 820 nihil
1697 760 2048 834 impetravit.

409 865 729 932 Desperata
758 857 937 928 igitur
967 857 1196 928 cognati
1227 873 1333 928 ope
1377 856 1447 910 ad
1481 855 1766 926 Chrysum
1821 868 1882 907 se
1911 866 2052 906 con-

409 949 596 1016 vertit,
627 952 686 1003 et
714 947 1004 1001 solutione
1032 947 1106 1000 ab
1137 961 1203 1000 eo
1233 945 1541 1015 impetrata
1563 947 1880 998 Prosacum
1911 938 2051 994 abit.

414 1044 494 1095 Ac
525 1052 598 1093 ne
629 1035 706 1091 ibi
737 1035 973 1107 quidem
1000 1034 1406 1104 imperatorem
1439 1031 1714 1088 obtestari
1745 1027 1961 1085 desinit
1991 1028 2057 1080 ut

411 1129 626 1202 Chryse
647 1125 798 1182 duos
828 1123 956 1180 auri
989 1123 1352 1180 centenarios
1401 1138 1506 1194 pro
1538 1122 1629 1178 sui
1659 1116 2057 1189 redemptione

413 1217 618 1284 solvat,
650 1229 781 1270 cum
837 1213 1008 1286 longe
1067 1212 1202 1284 plus
1233 1227 1302 1268 cx
1335 1211 1463 1268 suis
1522 1210 1733 1282 opibus
1778 1205 2056 1278 rapuerit,

413 1311 620 1380 praeter
650 1319 827 1360 aurea
854 1309 912 1358 et
940 1307 1213 1374 argentea
1246 1318 1381 1357 vasa
1413 1307 1472 1356 et
1503 1299 1673 1356 telam
1708 1297 1954 1354 sericam
2001 1299 2060 1350 et

414 1399 604 1452 vestes
633 1393 938 1466 pretiosas,
971 1406 1214 1462 quarum
1251 1405 1442 1445 rerum
1503 1387 1674 1460 copia
1722 1384 2058 1442 mortalium

415 1481 908 1555 locupletissimus
939 1479 1113 1536 fuerit
1144 1479 1410 1534 habitus.
1436 1477 1540 1534 Ille
1570 1493 1706 1533 vero
1742 1478 2059 1546 protostra-

419 1573 567 1630 toris
597 1571 939 1644 cognatione
968 1570 1028 1624 in
1060 1585 1178 1624 una
1217 1569 1382 1624 lance
1414 1567 1594 1622 animi
1645 1567 1740 1621 sui
1795 1568 2060 1637 pensata,

423 1661 674 1736 pecunia
703 1676 833 1716 vero
875 1660 1002 1728 ejus
1034 1659 1090 1714 in
1124 1657 1365 1713 alteram
1398 1657 1696 1721 collocata,
1731 1661 1786 1710 et
1817 1649 2064 1724 utraq'ue

424 1770 729 1830 perpensa,
764 1751 1140 1824 posteriorem
1177 1750 1426 1805 multum
1487 1747 1927 1820 pra'ponderare
1975 1746 2067 1798 de-

2151 573 2435 647 γνύμενος,
2495 570 2666 627 δεῖται
2735 576 2832 626 τοῦ
2917 567 3211 650 ἐξαδέλιρου
3265 571 3354 626 καὶ
3417 569 3693 646 βασιλέως
3754 570 3812 627 ἐκ

2153 670 2252 732 τῆς
2300 663 2501 726 οὶκείας
2554 653 2738 724 οὐσίας
2787 659 3020 730 λυθῆναι
3072 658 3203 733 μηδ’
3255 662 3329 724 ὡς
3380 666 3690 738 κακοῦργος
3729 661 3817 717 ἐπὶ

2155 751 2300 806 πολὺ
2345 754 2690 829 παροφθῆναι
2748 750 2895 826 παρᾶ
2953 745 3254 824 βαρϐάροις
3307 748 3669 825 δορύκτητος.
3703 751 3818 810 Οὐκ

2158 841 2278 918 εἶχε
2309 838 2365 894 δὲ
2409 842 2496 895 καὶ
2549 839 2750 905 πείθειν
2809 837 2878 894 δι’
2934 839 3010 894 ὧν
3064 837 3408 897 ἐπέστελλεν.
3461 841 3818 915 ’Δπειρηκὼς

2159 928 2250 984 οὖν
2304 931 2394 984 τὸν
2452 928 2720 999 κηδεστὴν
2784 929 2988 1004 μέτεισι
3045 929 3278 1004 Χρύσον,
3328 931 3419 985 καὶ
3471 931 3600 1004 παρ’
3647 929 3818 986 αὐτοῦ

2161 1016 2330 1074 δεῖται
2390 1017 2644 1089 λυθῆναι,
2696 1018 2787 1073 καὶ
2849 1019 2922 1080 ὡς
2980 1017 3100 1093 εἶχε
3155 1020 3220 1072 τὰ
3277 1017 3530 1093 ᾖτημένα
3572 1039 3812 1096 πεπερα-

2161 1110 2352 1182 σμένα,
2412 1109 2471 1164 ἐκ
2524 1108 2736 1170 Μυσίας
2791 1107 2845 1170 ἐς
2891 1108 3169 1184 Πρόσακον
3227 1106 3458 1166 ἄπεισιν.
3505 1107 3669 1165 Ἀλλ’
3699 1107 3820 1165 οὐδ’

2160 1198 2332 1254 ἐκεῖσε
2381 1200 2671 1274 γενόμενος
2728 1205 3007 1275 καθυφῆκε
3059 1202 3158 1253 τοῦ
3213 1195 3484 1274 βασιλέως
3535 1196 3819 1272 δεόμενος,

2163 1288 2213 1343 εἲ
2264 1308 2380 1348 πως
2432 1291 2510 1359 τῷ
2571 1287 2769 1364 Χρύσῳ
2815 1287 2883 1342 τὰ
2927 1285 3099 1362 λύτρα
3129 1289 3440 1356 κατάθοιτο,
3474 1287 3551 1351 εἰς
3583 1286 3680 1344 δύο
3712 1310 3817 1344 πο-

2165 1376 2406 1450 σούμένα
2453 1379 2664 1451 χρυσοῦ
2711 1377 3057 1452 κεντηνάρια,
3105 1374 3565 1433 πολλαπλασίονα
3612 1377 3822 1434 τούτων

2165 1468 2518 1546 ἀφαιρεθῆναι
2567 1466 2786 1542 φάσκων
2844 1465 2992 1535 πλὴν
3047 1469 3154 1520 τῶν
3208 1465 3485 1542 ἆργορέων
3531 1465 3625 1522 καὶ
3677 1486 3822 1543 χρυ-

2168 1555 2301 1610 σέων
2335 1559 2539 1610 σκευῶν
2593 1559 2699 1610 τῶν
2757 1559 3012 1630 Σηρικῶν
3057 1575 3116 1610 τε
3159 1557 3420 1628 νημάτων
3467 1557 3700 1613 καὶτῶν
3727 1579 3832 1614 πε-

2170 1650 2408 1721 ριφανῶν
2466 1644 2810 1718 ἐσθημάτων,
2872 1645 2957 1706 οἷς
3021 1644 3332 1720 ὑπερεκόμα
3391 1644 3829 1723 ῥυηφενέστατος

2169 1733 2472 1808 ἀνθρώπων
2505 1733 2708 1806 φανείς.
2761 1735 2822 1790 Ὀ
2873 1731 2930 1788 δὲ
2971 1733 3070 1801 τήν
3120 1732 3306 1808 σχέσιν
3338 1739 3434 1789 τοῦ
3464 1736 3833 1812 πρωτοστρά-

422 1822 746 1914 prehendit.
769 1822 928 1895 ‘108
980 1837 1177 1906 Itaque
1235 1836 1618 1907 ﬂagitationes
1651 1837 1778 1902 ejus
1839 1847 1942 1887 nec
1977 1847 2064 1887 ex-

2183 1843 2331 1892 τορος
2363 1822 2416 1878 ἐν
2442 1822 2740 1899 πλάστιγγι
2792 1827 2891 1896 μιᾷ
2936 1827 3033 1878 τοῦ
3083 1831 3185 1892 τῆς
3239 1825 3433 1899 φρενὸς
3465 1829 3632 1902 ζυγοῦ
3661 1847 3839 1882 κατα-

421 1931 624 1988 tremis
673 1929 910 1984 auribus
969 1928 1229 1983 admisit.
1263 1925 1426 1980 Unde
1466 1929 1741 1996 Camyzes
1792 1923 2065 1993 despera-

422 2021 579 2076 tione
609 2026 844 2074 coactus
875 2015 1073 2071 statuit
1102 2031 1236 2072 cum
1268 2014 1489 2085 Chryso
1511 2012 1792 2068 finitimos
1822 2015 2067 2066 Prosaco

435 2111 834 2166 Romanorum
860 2123 1030 2178 agros
1062 2111 1383 2172 vastare,ac
1405 2103 1776 2174 Pelagoniam
1809 2101 2068 2157 celeriter

429 2199 748 2268 subigunt;
781 2200 838 2250 et
878 2195 1108 2266 Prilapo
1138 2194 1264 2249 sine
1293 2192 1638 2248 difficultate
1669 2191 1833 2263 potiti
1866 2191 2070 2246 ordine

430 2293 636 2344 caetera
662 2286 969 2352 invadunt,
1000 2288 1226 2339 remota
1255 2284 1326 2338 ad
1357 2282 1710 2338 deditionem
1736 2279 2068 2352 impellunt,

435 2392 536 2449 per
555 2376 770 2446 Tempe
800 2371 1133 2430 Thessalica
1163 2376 1492 2444 penetrant,
1524 2371 1878 2442 campestria
1907 2385 2072 2426 occu-

433 2469 595 2538 pant,
629 2463 908 2520 Graeciam
938 2463 1328 2531 commovent,
1379 2460 1850 2535 Peloponnesum
1881 2459 1951 2514 ad
1988 2474 2070 2514 re~

431 2555 746 2610 bellionem
777 2551 1080 2622 instigant.
1111 2555 1267 2607 Tunc
1299 2554 1358 2606 et
1387 2551 1540 2606 alius
1569 2547 2074 2617 seditiosus,velut

433 2645 568 2701 olim
600 2646 765 2699 terras
795 2641 924 2709 filii,
955 2641 1196 2710 exstitit,
1225 2643 1481 2697 Joannes
1511 2639 1928 2712 Spyridonaces
1958 2637 2070 2708 Cy-

430 2733 616 2806 prius,
643 2733 818 2788 homo
849 2731 1094 2786 deformi
1120 2730 1304 2793 vultu,
1329 2733 1554 2786 statura
1579 2729 1836 2796 fcediore,
1857 2726 2072 2782 strahis

431 2821 638 2888 oculis,
669 2819 946 2877 sordidus
966 2819 1180 2890 opifex,
1215 2818 1450 2886 fortuna
1483 2818 1708 2872 inﬁma.
1767 2817 1882 2872 Sed
1931 2816 2072 2870 dum

431 2909 767 2983 imperatori
789 2908 1430 2974 inservit,mirabilibus
1460 2905 1835 2962 successibus
1857 2911 1912 2960 et
1941 2921 2072 2976 pro-

433 2999 791 3056 motionihus
845 2997 1141 3054 interioris
1199 2996 1326 3052 ﬁsci
1401 2995 1679 3052 custodias
1738 2995 2072 3066 praeficitur.

434 3089 652 3146 Deinde
681 3087 977 3144 Smolanis
1012 3087 1354 3158 praepositus
1411 3101 1546 3140 eum
1599 3102 1631 3139 a
1679 3101 1794 3156 quo
1855 3084 2074 3140 missus

435 3184 562 3236 erat
582 3182 928 3247 aspernatur
958 3181 1021 3230 ut
1046 3175 1140 3229 vili
1171 3179 1228 3229 et
1255 3175 1510 3246 simplici
1568 3174 1804 3242 ingenio
1867 3173 2072 3244 praedi-

437 3273 607 3330 tum;
661 3269 718 3318 et
747 3263 970 3318 difﬁcili
1027 3263 1338 3334 provinciae
1397 3263 1561 3318 aditu
1595 3264 1779 3317 fretus
1810 3262 2077 3317 bifariam

443 3353 532 3412 illi
563 3353 805 3423 resistit,
837 3353 1204 3426 inopinatum
1235 3357 1292 3409 et
1314 3353 1636 3424 pessimum
1671 3353 2077 3408 infortunium.

445 3450 520 3502 At
549 3444 866 3516 imperator
894 3442 1062 3498 tertio
1121 3447 1247 3497 tum
1303 3441 1456 3497 malo
1514 3443 1874 3508 contlictans,
1912 3441 2079 3496 fami-

447 3534 574 3590 liari
631 3531 745 3588 sibi
801 3531 1097 3588 articulari
1158 3531 1381 3598 morbo,
1447 3531 1664 3601 duplici
1742 3530 2082 3602 paenitentia

439 3639 617 3696 supra
647 3623 889 3678 modum
932 3621 1270 3692 angebatur,
1306 3621 1457 3692 quod
1500 3637 1604 3675 nec
1662 3620 2080 3675 consobrinum

437 3711 851 3768 redemissetet
881 3725 1132 3779 nequam
1155 3707 1454 3764 hominem
1469 3707 1918 3781 Spyridonacem
1946 3724 2080 3763 cum

436 3819 543 3858 suo
574 3801 858 3857 dedecore
879 3804 964 3854 tot
998 3799 1148 3854 709
1176 3798 1594 3854 munitissimis
1613 3798 1856 3853 urbibus
1887 3797 2084 3869 praefe-

435 3891 646 3960 cisset;
677 3895 734 3944 et
763 3889 946 3960 copiis
969 3905 1115 3960 quas
1145 3893 1432 3958 coegerat,
1463 3887 1525 3942 in
1554 3887 1702 3943 duas
1733 3893 1928 3957 partes
1959 3886 2080 3942 dis-

433 3978 696 4047 tributis,
724 3977 966 4033 alteram
1003 3977 1200 4032 Alexia
1234 3975 1550 4047 Palmologo
1582 3993 1794 4048 genere
1827 3992 1934 4032 suo
1965 3981 2082 4032 tra-

437 4070 522 4125 dit
545 4073 609 4124 ut
640 4067 1099 4124 homuncionem
1125 4067 1584 4138 Spyridonacem
1623 4067 1968 4134 ulciscatur,
2001 4065 2084 4120 a1-

438 4162 620 4213 teram
651 4155 719 4210 ad
767 4155 1166 4226 OEnopolitam
1207 4156 1510 4224 Joannem,
1561 4156 1662 4226 qui
1687 4156 2084 4226 protostratori

441 4245 772 4310 resistebat,
809 4245 1007 4300 mittit.
1044 4246 1116 4300 Ac
1147 4245 1521 4315 imperatoris
1582 4260 1792 4316 genero
1849 4245 2086 4300 Alexius

443 4333 754 4405 prudentia
767 4335 823 4386 ct
847 4332 1090 4387 audacia
1111 4332 1370 4386 adhibita
1396 4332 1850 4404 Spyridonacem
1877 4333 2086 4403 exiguo

441 4437 574 4478 cum
605 4420 802 4478 labore
833 4421 1090 4476 devincit
1119 4427 1176 4477 et
1226 4439 1446 4476 nanum
1501 4421 1668 4476 illum
1730 4422 1785 4476 in
1841 4422 2082 4491 Mysiam

439 4514 622 4584 fugat.
658 4510 1102 4567 Protostratoris
1127 4526 1258 4566 vero
1309 4509 1542 4565 rebellio
1575 4527 1707 4565 cum
1744 4510 1915 4582 longo
1946 4526 2087 4566 sane

437 4607 702 4674 tempore
741 4602 1038 4664 durasset.
1071 4614 1345 4670 prospero
1403 4599 1560 4653 exitu
1611 4609 1696 4655 est
1749 4600 2084 4656 terminata.
2119 4584 2163 4647 D

439 4691 586 4747 Nam
616 4691 945 4763 imperator
974 4705 1106 4744 cum
1139 4687 1268 4744 aliis
1297 4689 1592 4743 artibuset
1620 4687 1771 4744 dolis
1797 4688 2084 4760 Chrysum

440 4780 838 4850 circumvenit,
902 4784 1028 4834 tum
1107 4783 1333 4850 neptem
1405 4777 1792 4846 Theodoram,
1863 4777 2084 4850 pridem

443 4872 654 4926 Ibanco
673 4870 1044 4941 deeponsam,
1073 4869 1342 4941 Byzantio
1363 4869 1702 4925 accersitam
1737 4868 1820 4924 illi
1852 4885 2086 4924 uxorem

447 4958 627 5013 dedit.
662 4959 732 5012 Et
761 4959 868 5014 hac
892 4960 1117 5014 ratione
1148 4959 1454 5030 Pelagonia
1495 4963 1552 5013 et
1581 4957 1811 5030 Prilapo
1846 4975 2087 5029 recupe-

449 5046 589 5102 ratis
645 5045 949 5102 Thessalia
995 5062 1227 5116 quoque
1287 5047 1572 5117 Camyzen
1633 5047 1890 5118 expellit,
1947 5047 2090 5103 alias

449 5133 648 5205 praelia
665 5134 907 5202 vietum,
938 5133 1084 5190 alias
1118 5136 1266 5191 ultro
1300 5137 1640 5208 fugientem.
1669 5137 1929 5192 Tandem
1962 5137 2088 5208 ipso

447 5225 621 5281 etiam
645 5228 820 5280 Stano
851 5225 1029 5296 ejicit,
1063 5241 1176 5295 quo
1206 5230 1269 5280 ut
1297 5225 1354 5280 in
1386 5227 1610 5300 asylum
1645 5227 2089 5298 inexpugnabile

449 5329 506 5367 se
558 5316 877 5382 receperat.
922 5312 1275 5378 Hujusmodi
1333 5315 1624 5384 praeclaris
1649 5317 1925 5386 Operibus
1961 5319 2090 5386 post

448 5399 785 5454 diuturnam
820 5399 1107 5454 desidiam
1141 5404 1200 5453 et
1231 5399 1519 5471 ignaviam
1544 5404 1718 5458 editis
1744 5403 2086 5474 Byzantium

453 5487 722 5544 recurrit.
757 5487 920 5542 Tunc
952 5487 1302 5542 Strommiza
1355 5505 1584 5560 quoque
1617 5491 1839 5562 potitus
1869 5497 1976 5556 est,
2009 5493 2089 5548 ibi

452 5578 629 5632 etiam
653 5574 871 5644 Chryse
913 5574 1332 5640 circumvento,
1364 5584 1420 5631 et
1449 5595 1648 5648 pacem
1699 5595 1830 5634 cum
1861 5581 2088 5636 Joanne

452 5663 610 5722 fecit.

2177 1916 2304 1985 θεὶς,
2337 1916 2390 1970 ἐν
2423 1913 2479 1970 δὲ
2507 1917 2703 1990 θατέρᾳ
2759 1915 2953 1970 τούτου
3009 1917 3298 1990 χρήματα,
3347 1917 3438 1970 καὶ
3483 1915 3830 1974 ταλαντεύων

2176 2005 2479 2084 ἀμφότερα,
2541 2003 2728 2079 πολλῇ
2785 2009 2854 2078 τῇ
2913 2002 3055 2078 ῥοπῇ
3119 2004 3416 2080 βαρυτέραν
3445 2007 3545 2076 τήν
3579 2003 3836 2082 δευτέραν

2176 2103 2440 2176 εὖρισκεν,
2487 2105 2604 2158 ὅθεν
2656 2099 2770 2157 οὐδ’
2819 2101 3007 2176 ἄκροις
3065 2101 3197 2156 ὠσὶν
3258 2103 3570 2176 εἰσῳκίζετο
3617 2105 3684 2160 τὰ
3746 2098 3840 2161 ὑπ’

2179 2191 2384 2246 ἐκείνου
2429 2192 2766 2267 γραφόμενα.
2819 2192 3094 2246 Ἀπειπὼν
3145 2189 3238 2246 οὖν
3293 2193 3320 2247 ὁ
3371 2193 3669 2266 Καμύτζης
3706 2192 3845 2271 ἔγνω

2181 2283 2273 2336 σὺν
2324 2282 2520 2354 Χρύσῳ
2569 2286 2686 2344 τοῖς
2734 2280 3130 2356 ἀγχιτέρμοσιν
3186 2281 3454 2356 Προσάκῳ
3501 2285 3844 2358 Ῥωμαϊκοῖς

2181 2369 2457 2434 ἐπιθέσθαι
2511 2368 2788 2444 τέρμασιν.
2851 2369 3120 2444 Εὐμαρῶς
3183 2367 3274 2425 οὖν
3328 2368 3668 2446 Πελαγονίαν
3719 2391 3848 2449 χει⁹

2183 2466 2423 2536 ροῦνται,
2483 2458 2572 2514 καὶ
2627 2455 2825 2534 ῥᾳδίως
2868 2459 3168 2534 ὑπάγονται
3223 2459 3529 2533 Πρίλαπον,
3587 2459 3846 2539 ἐπιφύον-

2181 2571 2268 2604 ται
2322 2549 2389 2604 τὰ
2445 2547 2589 2619 ἐξοῖς,
2649 2547 2916 2624 ἀφιστῶσι
2975 2547 3041 2602 τά
3096 2547 3406 2624 πόῤῥωθεν,
3459 2545 3842 2608 διεκπίπτουσι

2183 2643 2421 2712 Τεμπῶν
2451 2643 2560 2692 τῶν
2595 2635 2962 2707 Θετταλικῶν,
3019 2641 3124 2692 τῶν
3187 2635 3464 2693 πεδιάδων
3526 2635 3842 2713 ἐπιλαμϐά-

2183 2747 2389 2796 νονται,
2442 2730 2798 2800 παρακινοῦσι
2853 2727 2954 2796 τήν
3025 2723 3287 2798 Ἐλλάδα,
3349 2723 3704 2801 παλίμϐολον
3759 2752 3850 2786 τι-

2185 2815 2334 2881 θέασι
2363 2817 2460 2884 τὴν
2491 2819 2587 2870 τοῦ
2647 2813 2918 2878 Πέλοπος.
2979 2815 3117 2871 Τότε
3175 2813 3234 2870 δὲ
3287 2817 3379 2871 καὶ
3421 2814 3670 2892 δεύτερος
3703 2822 3842 2875 ἀπο-

2185 2909 2383 2984 στάτης
2445 2905 2584 2960 κατὰ
2636 2905 2768 2967 τοὺς
2843 2905 3116 2981 σπαρτοίδς
3189 2905 3506 2963 ἐπανέτειλε
3561 2911 3838 2984 γίγανσας.

2184 2981 2440 3064 Ἰωάννης
2481 2995 2586 3069 γὰρ
2637 3014 2720 3056 τις
2769 2995 2832 3048 τὸ
2877 2993 3034 3068 γένος
3079 2993 3370 3070 Κύπριοις,
3409 2981 3841 3071 Σπυριδωνάκης

2183 3085 2564 3156 τοὺπώνυμον,
2621 3083 2684 3136 τὸ
2738 3080 2891 3145 δῖδος
2952 3081 3184 3161 φαῦλος,
3231 3087 3332 3155 τήν
3383 3085 3609 3156 ἡλικίαν
3636 3087 3832 3167 φαυλό-

2184 3194 2362 3248 τερος,
2424 3176 2509 3246 [Ρ.
2564 3175 2689 3245 345]
2749 3168 2996 3247 στράϐων
3049 3173 3145 3235 τὰς
3203 3171 3378 3249 ὄψεις,
3423 3178 3692 3254 χειρῶναξ
3735 3178 3834 3246 τὴν

2188 3265 2414 3338 τέχνην,
2469 3262 2567 3330 τήν
2621 3261 2802 3336 τύχην
2853 3257 3098 3336 χθόνιος,
3156 3267 3238 3335 τῷ
3300 3265 3521 3339 βασιλεῖ
3547 3264 3692 3338 τῷδε
3743 3267 3851 3322 ὑπ-

2189 3347 2578 3423 ηρετούμενος,
2635 3354 2754 3410 ταῖς
2804 3345 2860 3404 δὲ
2913 3347 3248 3425 παραλόγοις
3303 3349 3569 3426 προόδοις
3598 3354 3688 3407 καὶ
3718 3355 3850 3410 ἀνα-

2189 3433 2372 3491 ϐάσεσι
2405 3441 2512 3492 τῶν
2565 3432 2672 3490 ἔσω
2713 3433 3029 3511 λεγομένων
3087 3438 3348 3511 ταμιείων
3401 3439 3578 3512 φύλαξ
3603 3443 3856 3517 ταχθεὶς,

2193 3528 2311 3581 εἶτα
2357 3527 2456 3595 τήν
2501 3525 2680 3600 ἀρχὴν
2708 3531 2816 3580 τῶν
2849 3526 3146 3600 Σμολένων
3202 3529 3461 3604 χειρίζειν
3501 3528 3720 3606 λαχὼν,
3751 3553 3856 3587 κα-

2190 3617 2514 3692 ταγινώσκει
2567 3619 2665 3670 τοῦ
2709 3617 3065 3694 πεπομφότος
3111 3617 3383 3673 εὐτέλειαν
3429 3619 3558 3684 νοὸς
3598 3622 3691 3675 καὶ
3723 3617 3858 3700 ἀφέ-

2195 3705 2367 3770 λειαν,
2397 3703 2488 3759 καί
2543 3709 2624 3778 τῷ
2684 3702 3040 3779 δυσπροσόδῳ
3087 3713 3187 3776 τῆς
3243 3708 3434 3783 χώρας
3483 3709 3741 3784 ἐπαρθεὶς
3776 3713 3860 3775 εἰς

2192 3793 2449 3849 ἀπόνοιαν
2531 3791 2884 3866 δισσούμενον
2961 3793 3148 3868 ἐκείνῳ
3216 3797 3415 3870 γίνεται
3474 3799 3858 3874 ἀντιστάτημα

2192 3883 2283 3936 γαὶ
2315 3882 2488 3936 Σατὰν
2543 3882 2634 3936 καὶ
2695 3881 2938 3956 σκώλωψ
2996 3883 3086 3938 καὶ
3143 3883 3490 3959 ἀπρόσκοπον
3521 3888 3860 3963 συγκύρημα

2195 3979 2496 4057 χείριστον.
2555 3980 2614 4031 Ὀ
2673 3977 2730 4034 δὲ
2791 3979 3045 4053 βασιλεὺς
3100 3981 3190 4036 καὶ
3237 3982 3404 4057 τρίτῳ
3445 3983 3574 4039 τότε
3601 3991 3760 4058 κακῶ
3788 3995 3860 4064 τῇ

2195 4069 2412 4138 συνήθει
2471 4067 2703 4145 καχεξῖᾳ
2735 4069 3104 4142 τρυχόμενος,
3162 4069 3285 4138 ἥτις
3344 4070 3634 4146 ἐπενέμετο
3664 4077 3734 4130 τὰ
3767 4075 3865 4152 ἅρ-

2195 4158 2295 4231 θρα
2353 4160 2450 4211 τοῦ
2509 4157 2786 4227 σώματος,
2843 4158 2937 4212 τὸν
2993 4159 3303 4231 Ἐπιμηθέα
3356 4163 3479 4236 εἶχε
3537 4171 3662 4218 κατ’
3695 4165 3862 4244 ἄμφω

2197 4245 2384 4306 δεινῶς
2442 4245 2778 4318 ἐπικείμενον
2838 4247 2928 4300 καὶ
2988 4247 3064 4309 εἰς
3114 4247 3324 4324 πνίγμα
3382 4255 3582 4325 μικροῦ
3625 4251 3865 4310 ἐναλλό-

2200 4335 2354 4408 μενόν
2405 4355 2464 4389 τε
2519 4335 2610 4389 καὶ
2669 4330 3089 4406 ἐπεμϐαίνοντα,
3144 4335 3228 4390 ὅτι
3281 4338 3376 4393 τὸν
3433 4337 3732 4421 ἐξάδελφον
3763 4343 3861 4400 ούκ

2195 4421 2428 4478 ἐλύσατο
2477 4423 2567 4478 καὶ
2625 4425 2709 4478 ὃτι
2766 4424 2857 4478 τὸν
2916 4422 3203 4480 ούτιδανὸν
3233 4426 3285 4481 ἐν
3319 4426 3626 4502 ἀνθρώποις
3661 4437 3861 4510 Σπυρι-

2199 4511 2443 4585 δωνόὶκην
2505 4515 2580 4576 εἷς
2630 4511 2837 4579 ὄνειδος
2883 4515 3086 4570 οἰκεῖον
3133 4517 3350 4574 πόλεων
3395 4521 3676 4577 τοσούτων
3733 4523 3856 4598 ἐρυ-

2199 4602 2479 4676 μνοτάτων
2519 4605 2842 4675 κατέστησεν
2894 4603 3156 4679 ἃρχοντα,
3190 4614 3330 4682 Διχῆ
3383 4607 3480 4664 οὖν
3523 4607 3744 4687 διαιρῶν
3788 4613 3847 4666 τὸ

2197 4691 2559 4764 συναγόμενον
2622 4695 2948 4766 στράτευμα,
3010 4693 3072 4748 τὸ
3126 4695 3219 4767 μὲν
3267 4699 3346 4768 τῷ
3401 4692 3642 4773 γαμϐρῷ
3683 4718 3835 4772 παρε-

2198 4777 2348 4834 δίδου
2383 4776 2606 4853 Ἀλέξίῳ
2651 4785 2730 4851 τῷ
2782 4779 3148 4856 Παλαιολόγῳ
3179 4783 3272 4838 τὸν
3310 4785 3677 4858 ἀνθρωπίσκον
3711 4805 3837 4858 μετ-

2201 4869 2334 4924 ιόντι
2395 4867 2852 4943 Σπυριδωνάκην,
2911 4871 2975 4926 τὸ
3028 4867 3075 4924 δ’
3131 4871 3422 4947 ἐξέπεμψεν
3482 4877 3562 4940 εἰς
3617 4877 3704 4932 τὸν
3749 4875 3851 4934 Οἱ-

2197 4956 2536 5029 νουπολίτην
2597 4959 2846 5030 Ἰωάννην
2923 4964 3002 5031 τῷ
3082 4963 3532 5038 πρωτοστράτορι
3589 4965 3859 5020 ἀντικαθι-

2199 5047 2482 5119 στάμενον.
2514 5049 2570 5100 Ὀ
2605 5048 2701 5120 μὲν
2731 5045 2823 5101 οὖν
2863 5051 2961 5102 τοῦ
3014 5047 3283 5121 βασιλέως
3326 5047 3576 5126 γαμϐρὸς
3609 5051 3858 5126 Ἀλέξιος

2198 5135 2392 5208 ἀρετὴν
2441 5136 2530 5190 καὶ
2581 5134 2792 5209 τόλμαν
2853 5131 3222 5209 ἐνδειξάμενος
3253 5133 3500 5214 ἔμφρονα
3529 5143 3624 5196 τὸν
3658 5149 3864 5218 Σπυρι-

2200 5221 2444 5295 δωνάκην
2501 5223 2927 5302 καταγωνίζεται
2985 5225 3077 5279 σὺν
3137 5221 3284 5300 πόνῳ
3337 5230 3563 5305 βραχεῖ,
3624 5232 3715 5286 καὶ
3760 5253 3858 5308 φυ.

2200 5311 2338 5390 γάὸα
2388 5314 2570 5384 τίθησι
2631 5313 2694 5368 τὸ
2748 5313 3067 5388 Πυγμαῖκὸν
3125 5313 3412 5392 ἀνδράριον
3453 5317 3507 5380 ἐς
3558 5319 3790 5376 Μυσίαν·
3824 5323 3859 5388 ἠ

2200 5400 2258 5456 δὲ
2314 5407 2412 5456 τοῦ
2472 5403 2956 5478 πρωτοστράτορος
3011 5402 3324 5460 ἀντιστασία
3389 5405 3470 5484 ἐφ’
3535 5407 3719 5464 ἰκανὸν
3771 5412 3863 5484 μὶν

2197 5488 2451 5562 διήρκεσε
2483 5492 2708 5566 χεόνον,
2741 5489 2920 5546 α’ίσιον
2977 5491 3037 5546 δὲ
3091 5493 3181 5547 καὶ
3243 5493 3380 5566 αὕτη
3425 5495 3597 5570 πέρας
3627 5497 3864 5570 ἐδέξατο.

2197 5582 2256 5638 Ὀ
2289 5582 2388 5657 γὰρ
2441 5581 2698 5656 βασιλεὺς
2755 5579 2950 5642 ἄλλαις
3006 5602 3064 5636 τε
3125 5581 3378 5654 μεθόδοις
3411 5585 3694 5660 ἐχρήσατο
3729 5600 3856 5661 μεθ.

2173 5669 2463 5760 οὐπουλίας
2519 5669 2722 5744 μετιὼν
2781 5670 2872 5726 τὸν
2925 5671 3160 5746 Χρύσον,
3208 5672 3300 5728 καὶ
3331 5669 3398 5747 δὴ
3431 5675 3522 5731 καὶ
3575 5678 3682 5749 τὴν
3722 5681 3856 5754 θυγα
