4098 6292
253 357 375 419 917
1155 356 1255 417 DE
1296 355 1588 417 ALEXIO
1632 353 1916 415 ISAACII
1960 354 2257 417 ANGELI
2297 358 2425 420 ΡΗ.
2472 358 2618 420 LIB.
2669 362 2783 421 III.
3562 354 3683 418 918

255 486 538 565 τρόπαιδα
569 484 879 563 Θεοδώραν,
920 488 986 558 ἢν
1020 492 1099 561 τῷ
1157 484 1391 564 Ἰϐαγκῷ
1447 486 1844 564 κατηγγύησεν,
1904 487 2260 560 ἐμνήστευσεν
2316 489 2464 564 αὐτῷ
2522 492 2600 554 εἷς
2648 490 2873 564 εὖνέτιν,
2933 488 2993 546 ἐκ
3042 486 3337 559 Βυζαντίου
3398 508 3677 563 μεταπεμ-

254 579 528 653 ψάμενος.
588 576 689 633 Καὶ
740 576 956 639 τούτοις
1010 582 1129 639 τοῖς
1191 575 1587 651 μεθοδεύμασιν
1646 574 1971 647 ἀνασώζεται
2062 576 2394 653 Πελαγονίαν
2478 580 2568 634 καὶ
2640 578 2945 655 Πρίλαπον,
3001 579 3091 633 καὶ
3182 577 3473 640 Θετταλίας
3566 578 3676 633 ἀπ-

255 668 512 736 ανῖστησι
543 666 634 720 τὸν
678 667 999 739 Καμύτζην,
1053 671 1129 735 πῆ
1193 668 1287 739 μὲν
1347 664 1581 739 πολέμῳ
1637 663 2165 739 κατατροπούμενον,
2235 674 2310 736 πῆ
2373 665 2429 723 δὲ
2487 675 2665 746 φυγῆς
2749 668 2992 724 ἐθελοντὶ
3044 667 3374 741 ἀπτόμενον.
3434 671 3676 725 Ὕστατα

257 754 317 811 δὲ
347 757 439 809 καὶ
474 754 641 809 αὐτοῦ
672 758 769 809 τοῦ
801 759 1004 809 Στανοῦ
1031 756 1334 829 μετανάστη
1373 753 1664 821 δείκνυσιν,
1725 754 1801 816 sic
1859 756 1916 808 δν
1976 755 2053 819 ὡς
2096 755 2173 818 εἷς
2225 756 2506 812 ἀνάλωτον
2563 757 2769 833 ἀπέδρα
2789 758 3180 837 κρησφύγετον.
3240 757 3345 814 Καὶ
3391 759 3671 822 τοιούτοις

258 840 443 921 ἔργοις
475 844 665 898 ἑαυτὸν
698 845 1068 918 περιανθίσας,
1127 844 1215 899 ἐπὶ
1268 846 1471 918 μακρὸν
1533 845 1761 918 ὀφθέντα
1810 843 2061 919 οἰκουρὸν
2109 846 2201 900 καὶ
2233 845 2534 920 ἀπόλεμον,
2569 848 2644 912 εἰς
2695 847 2984 916 Βυζάντιον
3017 845 3372 920 ἐπανέδραμε.
3414 848 3555 903 Τότε
3613 846 3674 903 δὲ

254 932 348 988 καὶ
381 940 485 1001 τῆς
520 932 899 1006 Στρουμίτζης
931 931 1241 1007 ἐκράτησεν,
1296 934 1476 1006 ἀπάτῃ
1547 934 1817 996 κάνταῦθα
1872 932 1963 986 τὸν
2020 933 2239 1009 Χρύσον
2298 935 2625 1012 περιελθὼν,
2679 938 2767 992 καὶ
2827 936 2922 1000 τὰς
2954 936 3088 1010 πρὸς
3124 936 3380 1006 Ἰωάννην
3434 933 3667 999 σπονδὰς

254 1021 567 1096 ἐξεπέρανεν
580 1065 592 1078 .

323 1122 396 1182 η’,
433 1109 612 1166 Ἀλλά
638 1109 801 1185 μέχρι
847 1112 941 1186 μὲν
999 1109 1066 1182 δὴ
1122 1110 1332 1167 τούτων
1394 1109 1661 1186 εῦδρομος
1687 1113 1821 1185 ἡμῖν
1882 1112 1896 1166 ἐ

2102 1116 2253 1171 710
2282 1117 2335 1172 8.
2361 1115 2652 1173 Hactenus
2674 1119 2979 1189 expeditus
3011 1117 3122 1173 fuit
3152 1121 3362 1175 nostra;
3381 1117 3663 1174 orationis

249 1198 424 1276 λόγος
450 1201 540 1254 καὶ
569 1197 659 1255 διὰ
689 1199 837 1263 λείας
867 1201 1044 1279 φέρων
1107 1198 1260 1269 ὁδοῦ,
1315 1202 1378 1256 τὸ
1409 1199 1455 1256 δ’
1515 1200 1751 1256 ἐντεῦθεν
1817 1199 1896 1256 οὗ)

2027 1213 2258 1274 cursus,
2282 1210 2340 1260 et
2369 1205 2529 1261 molli
2578 1207 2860 1278 processit
2897 1207 3010 1263 via.
3043 1207 3328 1278 Deinceps
3356 1223 3488 1263 vero
3525 1206 3664 1279 quid

252 1286 366 1344 οἷδ’
398 1288 550 1351 ὅπως
582 1294 661 1361 τῷ
693 1290 843 1366 λόγῳ
874 1293 1185 1365 χρήσομαι.
1220 1290 1357 1347 Τίνα
1384 1290 1485 1366 γὰρ
1515 1289 1744 1365 γνώμην
1769 1284 1896 1365 ἔχεν

2027 1295 2217 1351 dicam
2253 1297 2477 1353 nescio:
2513 1315 2627 1369 quo
2669 1298 2826 1353 enim
2861 1298 3053 1354 animo
3092 1313 3225 1354 eum
3257 1315 3389 1354 esse
3421 1314 3523 1369 par
3551 1301 3663 1365 est,

249 1379 402 1440 εἷ’κὸς
459 1379 552 1433 τὸν
605 1379 700 1443 τὰς
736 1380 923 1441 κοινὰς
985 1376 1233 1452 διεξιέναι
1292 1377 1563 1453 μέλλοντα
1609 1382 1892 1458 συμφορᾶς

2024 1385 2123 1454 qui
2145 1385 2406 1457 publicas
2438 1387 2651 1455 clades,
2686 1388 2894 1458 quibus
2925 1388 3125 1458 regina
3147 1388 3381 1443 urbium
3415 1386 3664 1443 terrenis

251 1468 326 1522 ὧν
367 1472 401 1537 ἡ
428 1473 538 1523 τῶν
567 1466 782 1523 πόλεων
812 1467 950 1540 αὕτη
994 1468 1315 1542 πεπείραται
1374 1468 1595 1544 βασιλὶς
1643 1473 1752 1525 τῶν
1785 1468 1896 1542 γηΐ·

2023 1471 2151 1528 istis
2173 1474 2396 1546 angelis
2443 1475 2876 1546 imperantibus
2908 1477 3124 1532 afﬂicta
3163 1480 3273 1541 est,
3305 1492 3665 1533 commemo-

249 1578 358 1611 νων
393 1556 642 1633 ἀγγέλων
672 1555 1113 1630 βασιλευόντων;
1173 1552 1489 1630 ἐϐουλόμην
1544 1558 1638 1632 μὲν
1682 1557 1801 1620 οἶός
1855 1578 1896 1612 τι

2023 1562 2216 1619 rabit?
2245 1564 2465 1621 Vellem
2514 1566 2785 1637 equidem
2811 1582 2905 1622 me
2934 1566 3200 1623 omnium
3230 1565 3576 1638 gravissima
3606 1569 3664 1620 et

248 1646 388 1700 εἶναι
427 1642 716 1715 διεξελθεῖν
746 1646 911 1716 ἀξίως
965 1650 1043 1719 τῷ
1078 1645 1233 1722 λόγῳ
1286 1648 1352 1702 τὰ
1402 1647 1620 1702 πάντων
1649 1652 1757 1703 τῶν
1815 1668 1913 1702 κα-

248 1738 362 1788 κῶν
395 1733 753 1808 ἀχθεινότατά
788 1755 847 1789 τε
904 1735 995 1788 καὶ
1049 1734 1435 1814 χαλεπώτατα’
1496 1735 1610 1791 ἐπεὶ
1668 1734 1725 1791 δὲ
1746 1740 1911 1792 τοῦτο

248 1820 539 1890 ἀδύνατον,
573 1822 626 1877 ἐν
659 1822 906 1896 ἐπιτόμῳ
952 1822 1017 1893 δὴ
1077 1824 1167 1879 καὶ
1226 1826 1534 1898 ποιήσομαι
1563 1826 1660 1894 τὴν
1705 1823 1908 1902 διήγη-

249 1931 356 1985 σιν,
400 1908 840 1985 κερδαλεωτέραν
892 1909 1160 1986 ἐσομένην
1216 1910 1394 1983 δήπου
1449 1917 1565 1975 τοῖς
1623 1912 1907 1989 όψιγόνοις

248 1998 339 2055 διὰ
369 2002 470 2070 τὴν
511 2005 619 2055 τῶν
648 2000 908 2078 ἀλγεινῶν
969 2003 1326 2077 ἀκουσμάτων
1360 2003 1635 2078 μετρίασιν
1684 2003 1775 2059 καὶ
1805 2004 1904 2073 τὴν

245 2088 486 2155 ἐντεῦθεν
516 2098 618 2161 τῆς
650 2093 909 2155 πλείονος
939 2092 1119 2165 λύπης
1150 2094 1449 2172 ὑφαίρεσιν.

317 2181 457 2256 Εἶχε
521 2182 617 2253 μὲν
679 2181 771 2235 οὖν
824 2183 852 2236 ὁ
915 2180 1171 2258 βασιλεὺς
1228 2183 1471 2253 Ἀλὲξιος
1526 2184 1621 2238 τὸν
1670 2180 1904 2261 ἀδελφὸν

250 2272 517 2326 Ἰσαακιον
564 2270 896 2345 καθῃρηκὼς
955 2278 1056 2341 τῆς
1116 2273 1316 2347 ἀρχῆς·
1355 2270 1476 2327 δέον
1522 2270 1579 2327 δὲ
1614 2274 1688 2346 μὴ
1727 2274 1899 2345 πάντη

245 2358 523 2432 ἀμελῆσαι
553 2365 654 2428 τῆς
715 2359 967 2433 φυλακῆς
1027 2360 1214 2428 αὐτοῦ,
1273 2361 1300 2415 ὁ
1356 2357 1413 2414 δὲ
1463 2358 1768 2435 λαθόμενος
1827 2363 1901 2424 ὡς

246 2446 555 2522 ἒγκαίονται
612 2453 729 2510 τοῖς
788 2450 1071 2510 πλείστοις
1148 2450 1202 2504 αἱ
1261 2450 1536 2529 συμφοραὶ
1614 2450 1701 2504 καί
1760 2451 1893 2505 εἰσιν

246 2534 627 2601 ἀναπόνιπτοι,
664 2532 788 2591 οὔτε
822 2537 929 2609 μὴν
963 2538 997 2605 ἡ
1067 2533 1191 2607 δίκη
1228 2533 1296 2590 δι’
1357 2534 1492 2591 ’ὀλου
1528 2540 1614 2610 [Ρ.
1648 2540 1774 2611 346]
1812 2539 1896 2600 τίς

251 2623 393 2679 ἐστιν
426 2622 777 2687 ἀδιύπνιστος
807 2626 896 2680 γαὶ
948 2631 1068 2687 ταῖς
1126 2624 1373 2704 χρονίαις
1404 2624 1713 2703 φιληδοῦσα
1737 2648 1904 2700 μετα-

248 2709 468 2783 ϐολαῖς,
503 2712 629 2768 ἀλλ’
680 2713 851 2769 ἔπεισι
907 2715 998 2769 καὶ
1055 2714 1337 2793 ταχύπους
1376 2716 1468 2770 καὶ
1501 2716 1725 2795 ἀψόφως
1780 2715 1903 2772 ἐπι-

245 2805 460 2861 πίπτειν
493 2805 645 2885 φιλεῖ
671 2812 788 2868 τοῖς
817 2803 949 2881 ἔργα
981 2806 1224 2882 ῥέζουσιν
1283 2803 1462 2875 ἄδικα,
1516 2804 1767 2862 ἐνδίδωσι
1822 2814 1902 2881 τῷ

242 2898 560 2970 κασιγνήτῳ
603 2893 843 2972 διάγοντι
873 2896 1008 2951 κατά
1069 2897 1195 2958 τοὺς
1250 2896 1456 2968 κίονας,
1516 2896 1570 2952 o'i
1627 2898 1752 2974 περὶ
1806 2899 1899 2953 τὸν

243 2985 493 3060 πορθμὸν
554 2985 767 3039 ἀκταῖοι
842 2986 931 3039 καὶ
1018 2982 1298 3056 δυάξοντες
1378 2986 1642 3058 ἳστανται,
1712 2987 1899 3062 βίοτον

240 3069 387 3149 ἔχειν
419 3072 630 3145 ἄνετον,
660 3072 752 3129 καὶ
799 3078 959 3129 πᾶσιν
1021 3072 1420 3149 ἀνεπέγκλητον
1476 3077 1613 3130 εἶναι
1664 3077 1764 3144 τήν
1823 3075 1900 3139 εἷς

241 3162 404 3217 αὐτὸν
437 3159 791 3219 διαπλώϊσιν.
854 3167 950 3218 Ἠν
1010 3164 1103 3217 οὗν
1136 3168 1233 3218 τοῦ
1278 3162 1619 3239 βουλομένου
1676 3166 1900 3237 παντὸς,

250 3251 343 3307 καὶ
377 3249 433 3306 ο⁹ί
466 3250 524 3306 ἐκ
563 3250 750 3329 γένους
784 3249 1022 3325 μάλιστα
1075 3256 1182 3306 τῶν
1231 3254 1500 3324 Λατίνων,
1534 3253 1610 3318 εἰς
1632 3255 1899 3311 Ἰσαάκιον

248 3339 532 3396 ἀναπλεῖν·
595 3342 677 3402 οῖς
725 3341 816 3395 καὶ
847 3342 1088 3418 κρυφίων
1141 3342 1403 3405 κοινωνὸς
1449 3339 1720 3398 ἐδείκνυτο
1782 3345 1905 3420 βου-

245 3428 557 3501 λευμάτων,
632 3428 808 3484 ὁπόσα
861 3431 962 3498 τήν
1041 3429 1389 3495 ἀντιπάθειαν
1465 3428 1900 3507 ἐῦυσσοδόμευον

245 3519 337 3573 καὶ
369 3519 471 3586 τήν
503 3517 752 3589 Ἀλεξίου
816 3519 1129 3593 καθαίρεσιν
1194 3516 1535 3592 ἐμεθόδευον,
1584 3523 1904 3597 γραμμάτια

240 3609 377 3684 πρὸς
410 3606 655 3682 Εἰρήνην
697 3606 931 3680 πέμπων
984 3610 1086 3678 τήν
1145 3610 1431 3684 θυγατέρα,
1486 3612 1752 3666 κοινωνὸν
1809 3609 1902 3666 λέ-

238 3717 377 3772 χους
405 3693 674 3768 Φιλίππῳ
730 3700 809 3768 τῷ
851 3699 1141 3770 κρατοῦντι
1215 3696 1339 3752 τότε
1392 3702 1501 3753 τῶν
1543 3698 1898 3773 Ἀλαμανῶν,

236 3787 373 3859 πρὸς
402 3787 502 3854 τὴν
562 3785 818 3859 πατρῴαν
878 3782 1152 3855 ἐκδίκησιν
1217 3786 1606 3866 ὑπαλείφοντα,
1650 3791 1896 3844 κακεῖθεν

236 3856 623 3946 διαποτώμενα
672 3856 821 3947 ἔχων
890 3874 1192 3953 ἀντίγραφα
1271 3875 1335 3930 τὸ
1410 3856 1668 3946 ποιητέον
1744 3878 1897 3951 αὖτῷ
1935 3856 1979 3923 C

235 3961 620 4038 εἷσηγούμενα.
656 3961 787 4017 Εἶτα
840 3962 932 4016 καὶ
960 3964 1054 4017 τὸν
1109 3963 1228 4017 υἱέα
1254 3963 1451 4018 τούτου
1493 3963 1737 4036 ’Δλέξιον
1793 3974 1895 4036 τῆς

237 4055 458 4132 εἱρκτῆς
520 4054 749 4116 ἀνεικὼς
808 4052 1092 4130 ἐλεύθερον
1167 4056 1341 4131 ἀφῆκε
1424 4059 1757 4134 στρέφεσθαι.
1804 4063 1895 4115 Ἐν

235 4142 290 4200 δὲ
320 4149 400 4217 τῷ
436 4142 661 4217 μέλλειν
690 4144 826 4198 κατά
882 4147 978 4199 τοῦ
1034 4142 1519 4220 πρωτοπρᾶτορος
1570 4146 1762 4218 ἐξιέναι
1786 4169 1894 4203 κα-

232 4232 471 4295 ταλύσας
524 4233 602 4295 εἷς
661 4231 1064 4308 Δαμοκράνειαν
1126 4228 1463 4306 συνέκδημον
1527 4236 1618 4289 καὶ
1698 4240 1891 4296 τοῦτον

234 4324 495 4399 ἐπήγετο.
530 4324 589 4380 Ὀ
638 4320 696 4377 δὲ
752 4323 890 4378 κατὰ
945 4323 1173 4398 γνώμην
1226 4319 1496 4392 δήπουθεν
1541 4328 1636 4378 τοῦ
1691 4327 1895 4401 πατρὸς

231 4414 478 4484 Πισσαίῳ
561 4412 670 4466 τινὶ
787 4410 913 4486 περὶ
1000 4408 1248 4484 δρασμοῦ
1334 4412 1897 4488 κοινολογησάμενος,

232 4500 582 4576 στρογγύλης
634 4504 938 4576 προεστῶτι
1000 4499 1259 4576 μεγίστης
1314 4499 1475 4571 νεὼς,
1533 4501 1895 4580 ἒκαιροφυλά·

229 4612 313 4647 κει
346 4590 531 4645 θέσθαι
563 4589 614 4644 ἐν
675 4588 921 4664 θαλάσσῃ
981 4590 1042 4643 τὸ
1095 4588 1329 4664 ὅρμημα
1382 4590 1472 4645 καὶ
1522 4590 1585 4645 τὸ
1635 4591 1800 4666 ’ἰχνος
1838 4592 1891 4648 ἐν

229 4679 468 4741 πολλοῖς
526 4677 733 4735 ὕδασιν.
793 4680 886 4741 Ὠς
972 4676 1018 4733 δ’
1078 4677 1274 4750 ἐπέστη
1345 4680 1535 4754 καιρὸς
1588 4682 1727 4756 πρὸς
1791 4684 1889 4751 τὴν

230 4768 465 4846 ἄπαρσιν
498 4769 598 4824 οὐκ
627 4769 906 4843 ἀνάρσιος,
929 4771 964 4838 ἡ
1002 4768 1095 4841 μὲν
1157 4772 1285 4831 ναῦς
1343 4768 1541 4832 ἱστίοις
1598 4775 1890 4846 πτεροῦται

227 4858 319 4935 καὶ
370 4859 488 4913 κατ’
547 4857 708 4934 οῦρον
779 4858 995 4935 φέρεται
1057 4858 1147 4912 καὶ
1200 4857 1565 4935 προσωκείλει
1644 4864 1712 4935 τῇ
1770 4847 1890 4915 καθ’

226 4932 639 5017 Ἑλλήσποντον
669 4932 954 5019 Αὐλωνίᾳ,
981 4947 1044 5001 τὸ
1077 4944 1135 5001 δὶ
1190 4932 1391 5017 ταύτης
1441 4932 1697 5027 ἐφόλκιον
1722 4955 1886 5006 κατᾶ-

228 5056 323 5108 ραν
383 5037 439 5099 ἐς
493 5039 585 5092 τὸν
644 5036 874 5112 Ἀθύραν
931 5035 1020 5090 ἐπὶ
1076 5039 1156 5104 τῷ
1222 5033 1468 5108 δέξασθαι
1497 5039 1586 5093 τὸν
1619 5037 1887 5113 Ἀλέξιον,

225 5128 370 5181 τιθὶν
408 5128 507 5195 τὴν
545 5122 728 5200 σκέψιν
786 5126 1094 5205 ἀφώρατον,
1164 5124 1404 5204 ἐνεφόρει
1461 5128 1714 5201 ψάμαθον
1753 5128 1886 5206 φόρ-

2020 1652 2363 1710 tristissima
2387 1654 2541 1711 mala
2564 1673 2666 1726 pro
2699 1656 2983 1728 dignitate
3013 1671 3186 1728 posse
3216 1671 3521 1727 exponere.
3551 1654 3659 1710 Sed

2020 1742 2157 1814 quia
2211 1743 2267 1798 id
2321 1743 2445 1799 ﬁeri
2504 1761 2620 1799 non
2672 1748 2882 1817 potest,
2953 1745 3259 1801 historiam
3317 1742 3660 1813 compendio

2017 1846 2322 1904 exsequar,
2356 1833 2649 1890 utiliorem
2664 1834 2920 1890 futuram
2950 1834 3198 1906 posteris
3211 1835 3283 1889 ob
3298 1833 3658 1889 moderatam

2017 1920 2277 1978 tristium
2330 1939 2525 1979 rerum
2573 1924 3189 1981 commemorationem
3236 1927 3293 1980 et
3321 1921 3538 1980 doloris
3570 1920 3657 1976 di-

2018 2011 2430 2069 minutionem.

2082 2174 2318 2231 Alexius
2350 2174 2584 2231 fratrem
2628 2174 2913 2232 lsaacium
2945 2175 3195 2249 imperio
3227 2175 3518 2246 dejectum
3553 2190 3659 2230 ex-

2012 2271 2292 2319 cecaral:
2335 2264 2439 2320 sed
2481 2281 2613 2321 cum
2661 2266 2789 2337 ejus
2840 2265 3109 2321 custodia
3140 2281 3254 2321 non
3294 2281 3536 2337 prorsus
3569 2278 3663 2320 ne-

2009 2351 2283 2423 gligenda
2313 2357 2488 2420 esset,
2521 2354 2739 2410 oblitus
2783 2354 3076 2426 plerisque
3120 2354 3274 2410 inuri
3298 2353 3660 2411 calamitates

2010 2457 2112 2497 nec
2145 2441 2324 2496 deleri
2370 2459 2561 2513 posse,
2590 2448 2647 2498 et
2692 2443 3014 2499 vindictam
3058 2460 3177 2499 non
3210 2446 3488 2516 perpetuo
3512 2446 3657 2498 ster-

2370 2492 2561 2513 rw",
2594 2492 2645 2498 --
2706 2492 3014 2499 --π----ψη
3060 2492 3177 2499 κ---
3211 2492 3485 2516 τηρη-
3512 2492 3623 2498 η---

1925 2492 1972 2555 Β
2006 2533 2149 2595 tere,
2182 2531 2282 2585 sed
2316 2531 2464 2587 seris
2509 2532 2762 2603 gaudere
2797 2531 3245 2597 mutationibus,
3304 2534 3362 2586 et
3387 2530 3659 2587 celeriter

2007 2619 2378 2690 ingruentem
2408 2620 2585 2675 tacito
2624 2636 2722 2675 eos
2761 2621 2904 2689 pede
2934 2618 3258 2675 consectari
3300 2620 3399 2690 qui
3432 2618 3655 2674 nefaria

2008 2709 2257 2765 facinora
2288 2713 2641 2780 perpetrant,
2694 2710 2934 2764 fratrem
2961 2711 3133 2779 juxta
3158 2709 3309 2763 duas
3347 2707 3655 2763 columnas

2007 2815 2134 2870 quae
2166 2799 2224 2854 in
2259 2799 2387 2854 freti
2424 2798 2621 2854 littore
2650 2802 2790 2854 sunt
2833 2798 3014 2854 libere
3059 2797 3249 2852 vivere
3297 2813 3508 2868 passus
3539 2801 3652 2866 est,

2008 2902 2197 2958 neque
2238 2902 2594 2957 quemquam
2654 2886 2730 2942 ad
2768 2903 2901 2941 eum
2955 2885 3225 2956 trajicere
3264 2886 3468 2941 vetuit.
3515 2885 3652 2940 Erat

2005 2975 2188 3049 igitur
2200 2976 2461 3046 cujusvis
2484 2975 2770 3031 Isaacium
2797 2976 2981 3045 adire,
3000 2979 3125 3031 tum
3144 2990 3278 3031 vero
3294 2976 3652 3041 Latinorum,

2006 3082 2138 3121 cum
2171 3065 2385 3136 quibus
2414 3082 2630 3121 arcana
2657 3065 2905 3120 consilia
2934 3066 3005 3121 de
3037 3063 3388 3120 ulciscendis
3418 3063 3655 3134 injuriis

2008 3164 2043 3217 ’τ
2062 3164 2151 3217 71
2193 3169 2245 3217 et
2275 3163 2581 3218 evertendo
2614 3163 2789 3218 fratre
2816 3161 3015 3218 Alexio
3053 3160 3407 3229 conferebat,
3441 3158 3655 3216 litteris

2007 3254 2079 3310 ad
2114 3254 2335 3310 Irenem
2397 3253 2577 3309 ﬁliam
2618 3253 2837 3321 missis,
2890 3251 3146 3325 Philippi
3188 3252 3649 3308 Alamannorum

2007 3342 2161 3414 regis
2187 3343 2522 3414 conjugem,
2573 3342 2791 3414 quibus
2822 3358 2949 3397 eam
2994 3343 3065 3397 ad
3115 3356 3283 3413 opem
3316 3340 3426 3398 sibi
3457 3341 3649 3396 feren-

2006 3430 2142 3487 dam
2175 3431 2517 3503 instigabat,
2551 3440 2724 3503 alque
2755 3432 2892 3487 inde
2925 3432 3147 3487 litteras
3173 3430 3487 3502 recipiebat
3518 3429 3655 3501 qui-

2008 3521 2120 3576 bus
2158 3521 2297 3599 quid
2325 3521 2616 3592 agendum
2649 3526 2806 3577 esset
2838 3521 3204 3577 monebatur.
3241 3518 3455 3576 Deinde
3485 3518 3644 3575 ﬁlius

2009 3626 2241 3682 quoque
2270 3610 2396 3679 ejus
2442 3609 2676 3665 Alexius
2731 3609 2998 3665 custodia
3038 3609 3286 3664 eductus
3318 3607 3498 3663 libere
3527 3622 3643 3677 quo

2006 3698 2178 3754 libuit
2221 3696 2566 3763 ambulavit,
2605 3702 2662 3753 et
2706 3698 2779 3753 ab
2825 3699 3176 3770 imperatore
3208 3699 3416 3751 contra
3449 3702 3647 3766 proto-

2008 3791 2313 3842 stratorem
2347 3785 2571 3841 exituro
2602 3787 2824 3841 itineris
2846 3800 3040 3840 comes
3072 3788 3162 3840 est
3190 3788 3556 3854 assumptus.
3592 3782 3649 3839 Is

2006 3892 2140 3931 vero
2165 3876 2236 3931 de
2258 3876 2548 3930 sententia
2565 3875 2771 3945 patris,
2795 3891 2927 3929 cum
2949 3876 3161 3930 Pisano
3184 3873 3437 3945 quodam
3471 3872 3651 3927 maxi-

2007 3980 2114 4019 ma:
2146 3964 2406 4019 rotundae
2437 3964 2600 4018 navis
2631 3965 2866 4018 domino
2896 3963 3140 4018 consilio
3173 3963 3322 4034 fugae
3354 3960 3520 4029 inito,
3546 3978 3648 4017 na-

2006 4052 2239 4123 vigandi
2271 4052 2767 4124 opportunitatem
2799 4052 3085 4121 captabat.
3121 4054 3254 4119 Qum
3286 4067 3420 4106 cum
3452 4049 3648 4105 conti-

2005 4144 2208 4214 gisset,
2240 4141 2437 4210 majus
2468 4139 2766 4212 navigium
2791 4138 2977 4209 plenis
3009 4140 3153 4195 velis
3184 4141 3257 4195 ad
3289 4138 3651 4211 Hellesponti

2004 4230 2314 4286 Auloniam
2344 4230 2548 4298 fertur,
2599 4229 2798 4284 minus
2821 4244 2951 4284 vero
3000 4229 3233 4301 Athyras
3281 4228 3467 4286 Alexii
3499 4227 3646 4285 reci-

2006 4321 2200 4394 piendi
2232 4337 2409 4377 causa
2440 4319 2667 4391 appulit
2694 4338 2709 4388 ;
2745 4324 2801 4374 et
2828 4335 2940 4389 quo
2969 4318 3027 4374 id
3074 4320 3384 4376 consilium
3420 4320 3643 4388 lateret,

2005 4412 2194 4463 nautis
2216 4423 2450 4463 arenam
2483 4405 2810 4461 intulerunt
2857 4405 3206 4461 saburrandi
3227 4406 3451 4462 scilicet
3479 4407 3647 4463 vacui

2004 4496 2213 4567 navigii
2262 4496 2466 4563 gratia.
2508 4495 2629 4558 Quo
2682 4493 2942 4563 Alexius,
2984 4493 3366 4549 Damocrania
3398 4510 3464 4550 eo
3513 4511 3644 4565 pro-

2003 4587 2209 4655 fectus,
2250 4601 2570 4641 conscenso
2619 4585 2689 4640 ad
2724 4600 2994 4656 magnam
3028 4600 3237 4639 navem
3285 4584 3642 4654 pervehitur.

2001 4681 2161 4747 Fuga
2192 4676 2319 4746 ejus
2350 4675 2580 4745 cognita
2612 4675 2925 4730 mittuntur
2945 4673 3015 4728 ab
3039 4672 3388 4743 imperatore
3410 4672 3510 4743 qui
3540 4689 3645 4729 na-

2002 4780 2126 4821 vem
2162 4768 2618 4835 perscrutentur,
2654 4780 2759 4818 nec
2789 4767 2983 4818 tamen
3019 4762 3282 4818 Alexium
3314 4761 3644 4833 deprehen-

2001 4853 2135 4909 dere
2168 4857 2514 4925 potuerunt;
2552 4869 2685 4908 nam
2739 4852 2889 4908 712
2929 4868 3097 4908 coma
3121 4852 3187 4907 in
3209 4852 3409 4908 orbem
3444 4859 3643 4908 rasaet

2003 4951 2204 5006 Latina
2233 4955 2387 5006 veste
2421 4951 2647 5017 induta,
2680 4956 2745 5006 ut
2772 4950 2831 5005 in
2862 4951 3038 5006 turba
3067 4966 3280 5021 magna
3306 4951 3643 5023 obversans,

2001 5039 2380 5111 inquisitores
2430 5037 2624 5095 latuit.
2686 5040 3008 5095 Perductus
3044 5040 3103 5095 in
3153 5040 3414 5096 Siciliam
3454 5041 3640 5097 sorori

1999 5130 2320 5195 indicatur;
2354 5144 2483 5198 quae
2513 5129 2679 5199 justo
2722 5128 2991 5201 praesidio
3022 5132 3200 5186 misso
3248 5131 3482 5186 fratrem
3516 5148 3642 5186 am-

223 5236 312 5269 τον
355 5214 623 5289 ἐσομένην
676 5218 746 5286 τῇ
796 5212 889 5285 νηΐ
948 5214 1290 5290 κεκενωμένῃ
1334 5212 1496 5286 δῆθεν
1525 5221 1632 5271 τῶν
1667 5217 1882 5294 ἀγωγί-

2008 5218 2183 5289 plexa,
2226 5217 2500 5271 maritum
2555 5217 2890 5288 Philippum
2932 5221 3060 5272 orat
3082 5222 3145 5273 ut
3194 5219 3343 5290 patri
3389 5236 3495 5275 suo
3536 5236 3639 5291 pro

229 5327 344 5378 μων
424 5307 488 5362 '0
550 5302 598 5358 δ’
657 5302 903 5375 Ἀλέξιος
960 5301 1019 5358 ἐκ
1049 5306 1454 5380 Δαμοκρανείας
1505 5305 1677 5361 ἐκεῖσε
1707 5326 1883 5380 παρα-

225 5393 521 5467 γενόμενος
572 5394 672 5462 τήν
730 5389 939 5448 ὁλκάδα
986 5391 1176 5448 ε’ἰσεισι
1231 5394 1323 5448 καὶ
1379 5394 1517 5468 πρὸς
1601 5401 1706 5462 νῆα
1789 5415 1882 5468 με·

224 5482 599 5556 τακομίζεται.
634 5480 973 5552 Γνωσθείσης
1009 5479 1067 5536 δὲ
1119 5485 1220 5548 τῆς
1271 5480 1471 5538 τούτου
1531 5490 1710 5562 φυγῆς
1742 5485 1884 5556 πέμ·

226 5593 420 5629 πονται
458 5573 553 5647 μὲν
585 5572 730 5645 παρᾶ
758 5575 854 5628 τοῦ
927 5571 1198 5646 βασιλέως
1248 5574 1300 5626 οἱ
1346 5574 1409 5627 τὸ
1456 5573 1653 5629 πλοῖον
1683 5573 1889 5648 ἐξερευ-

1995 5304 2150 5361 virili
2180 5320 2347 5376 opem
2385 5305 2531 5359 ferat
2560 5304 2735 5360 simul
2765 5305 3010 5376 imperio
3053 5311 3110 5360 et
3140 5307 3365 5363 lumine
3394 5307 3640 5379 privato,

1994 5398 2052 5451 et
2095 5393 2333 5448 fratrem
2385 5408 2612 5463 quoque
2650 5393 2810 5462 iuvet
2840 5394 3100 5448 exsulem
3145 5398 3202 5449 et
3249 5399 3536 5451 extorrem
3579 5402 3639 5452 et

1996 5480 2317 5537 errantium
2350 5480 2652 5535 stellarum
2684 5481 2874 5535 instar
2901 5490 3233 5553 vagantem,
3258 5498 3445 5554 neque
3466 5485 3637 5554 quid-

1997 5586 2169 5641 quam
2204 5569 2484 5625 terentem
2518 5585 2714 5624 secum
2747 5573 2958 5640 praeter
2986 5583 3222 5641 corpus.

227 5666 510 5737 νήσοντες,
562 5661 632 5716 οὗ
695 5661 800 5735 μήν
858 5658 1085 5737 ἴσχυσαν
1145 5657 1440 5719 συλλαϐεῖν
1478 5664 1571 5719 τὸν
1604 5663 1868 5735 ’Δλέξιονο
1927 5661 2084 5722 οὗτος
2138 5656 2239 5732 γὰρ
2305 5658 2406 5726 τὴν
2465 5657 2646 5730 κόμην
2710 5652 3026 5730 κειράμενος
3092 5655 3471 5733 περιτρόχαλα
3542 5659 3634 5714 καὶ
