4120 6284
403 346 520 409 919

1724 327 2043 396 ΝΙΟΕΤΕ
2085 313 2514 387 ΟΗΟΝΙΑΤΑΞ

3693 310 3820 376 920

391 487 499 556 τὴν
533 482 701 552 αὐτὴν
721 484 843 542 τοῖς
875 477 1126 538 Λατίνοις
1158 473 1360 542 στολὴν
1401 469 1782 545 ἐνδυσάμενος,
1815 466 1889 526 ὡς
1917 463 1966 518 ἐν
2001 459 2188 556 ὁμίλὲ
2217 450 2419 556 ¹πολλῷ
2440 442 3170 556 σρναναστρεφξμενοςζξοῦς
3201 440 3471 556 δξφῶγξοξς
3502 441 3822 556 ξλάξθανξγ⁶

395 563 709 652 ’Λπαχθεὶς
743 571 834 625 οὖν
861 568 913 630 ἐς
948 564 1202 622 Σικελίαν
1235 561 1406 632 δῆλος
1428 565 1497 634 τῇ

412 625 596 735 ζεταιῒ
614 662 705 716 καὶ
736 657 908 714 δεῖται
937 659 1034 710 τοῦ
1056 651 1245 728 ἀνδρὸς
1281 649 1566 706 Φιλίππου
1593 648 1662 702 τὰ
1691 643 1891 701 δυνατὰ
1938 643 2017 711 τῷ
2072 633 2236 708 πατρὶ
2290 629 2559 702 ἐπαμῦναι
2617 625 2752 703 φάος
2803 625 2917 698 ἅμα

1721 733 1727 735 .
2020 726 2032 735 ι
2109 725 2123 735 ι
2190 721 2228 735 ,κ
2277 717 2299 734 λ
2487 718 2498 735 Ι
2557 717 2570 734 τ
2655 715 2665 734 1

813 746 906 801 καὶ
937 749 1014 816 τῷ
1047 709 1268 819 ἀδελφῷ
1291 739 1577 815 ἐπαρήξειν
1611 733 1823 811 ὀιστέγῳ
1851 751 1910 786 τε
1947 726 2038 784 καὶ
2099 717 2325 778 ἀπόλιει
2382 718 2498 774 κατ’
2547 715 2772 790 ἀστέρας
2809 711 3230 788 μεταφερομένῳ
3260 709 3388 774 τοὺς
3417 711 3705 782 πλάνητας
3735 715 3826 767 καί

405 751 774 832 ἀφῃρημένῳ,

403 831 574 916 μηδὲν
606 837 934 912 έπαγομένῳ
964 834 1113 902 πλὴν
1143 835 1240 886 τοῦ
1263 831 1541 903 σώματος.

467 937 583 996 Sed
614 939 815 1010 praeter
852 935 973 989 haec
1033 930 1146 986 alia
1191 945 1426 1001 quoque
1481 927 1542 981 in
1591 928 1851 979 mentem
1909 915 2052 1010 mibi
2086 917 2134 982 Α

393 1007 801 1098 veniunt,quae
834 1021 1186 1095 negligenda
1219 1036 1334 1074 non
1363 1021 1522 1072 sunt.
1555 1011 1813 1084 Angelici
1857 1007 2044 1064 nomi-

393 1120 488 1176 nis
531 1120 737 1173 fratres
789 1129 922 1168 cum
974 1111 1106 1167 aliis
1148 1109 1326 1164 rebus
1376 1105 1691 1177 imperium
1739 1112 2043 1172 perperam

401 1205 919 1270 administrabant,
979 1205 1045 1256 ut
1093 1200 1219 1270 jam
1273 1197 1551 1262 diximus,
1595 1201 1715 1247 tum
1785 1187 2048 1261 pecuniae

394 1297 716 1370 cupiditate
747 1295 1068 1350 aestuantes
1108 1303 1295 1358 neque
1321 1285 1501 1356 justis
1548 1280 1878 1338 rationibus
1909 1293 2048 1349 cpes

400 1401 613 1461 augere
635 1383 927 1451 volebant,
976 1395 1081 1435 nec
1102 1394 1171 1434 ea
1213 1392 1338 1448 quas
1383 1376 1709 1446 coegerant,
1741 1384 2048 1426 conserva-

402 1481 579 1546 bant;
604 1475 704 1530 sed
737 1470 1024 1529 ambabus
1052 1466 1324 1524 manibus
1356 1463 1744 1534 dissipabant,
1779 1474 1898 1514 non
1927 1460 2047 1512 tam

403 1577 760 1638 supervacuo
808 1558 1090 1616 comitatu
1119 1563 1175 1612 et
1219 1554 1474 1628 pretioso
1523 1549 1784 1622 corporis
1811 1551 2045 1615 ornatu,

409 1671 586 1729 quam
614 1647 1018 1708 meretricibus
1038 1651 1097 1702 et
1125 1643 1388 1715 cognatis
1417 1641 1500 1698 rei
1535 1638 1779 1729 publicae
1808 1652 2048 1709 prorsus

405 1726 714 1801 inutilibus
747 1737 1070 1809 largiendo.
1093 1733 1258 1791 Unde
1291 1731 1456 1788 novis
1477 1727 1862 1800 vectigalibus
1892 1726 2052 1782 insti-

402 1833 554 1890 tutis
612 1847 726 1886 non
807 1825 981 1882 modo
1037 1825 1328 1880 Romanas
1378 1820 1553 1876 urbes
1609 1822 1667 1874 et
1721 1815 2051 1889 provincias

403 1917 842 1982 exhauriebant,
885 1915 984 1970 sed
1045 1911 1230 1968 Latini
1289 1909 1466 1966 etiam
1508 1906 1768 1962 nominis
1825 1907 2048 1974 gentes,

405 2016 695 2083 quantum
755 2007 1043 2077 poterant,
1132 1998 1370 2055 tributis
1426 1997 1732 2051 vexabant.
1800 1992 2052 2048 Venetos

407 2080 642 2170 quidem
677 2109 828 2165 saepe
873 2090 1060 2164 partis
1100 2093 1156 2144 et
1184 2086 1482 2142 conventis
1539 2083 1768 2138 violatis
1815 2080 2052 2152 pecunia

411 2185 762 2249 multarunt,
782 2187 840 2236 et
859 2177 1108 2250 vectigal
1126 2178 1196 2232 ab
1219 2191 1420 2232 eorum
1447 2174 1690 2229 navibus
1705 2174 2048 2243 exegerunt;

1525 531 2001 636 ἀδέλφῇζγίνεται,
2033 531 2096 604 Ἦ
2131 543 2189 600 δὲ
2221 537 2550 636 δορυφορίαν
2583 537 2776 636 ἱκανὴν
2804 533 3181 636 διποστείλασα,
3203 533 3296 588 τὸν
3319 531 3568 636 ,ἀδελφὸν
3597 532 3826 608 ἀγκαλί-

2964 623 3052 678 καῖ
3085 623 3283 698 κράτος
3316 621 3419 677 ὑπὸ
3447 627 3558 678 τῶν
3587 621 3823 698 γνησίων

2241 905 2420 963 Ἀλλὰ
2448 905 2552 980 γὰρ
2592 903 2730 975 πρὸς
2760 902 2974 962 τούτοις
3023 899 3113 955 καὶ
3149 897 3295 955 ἃλλα
3355 919 3447 972 μοι
3499 897 3731 975 ἐπιῤῥεῖ,
3792 899 3832 954 ἆ

2167 999 2243 1070 μή
2278 995 2462 1070 χρεὼν
2521 991 2882 1068 παρόψεσθαι.
2914 991 2976 1044 Οἱ
3035 987 3452 1066 Ἀγγελώνυμοι
3505 987 3826 1064 κασίγνητοι

2153 1084 2246 1138 καὶ
2291 1080 2479 1144 ἂλλως
2542 1081 2636 1153 μὶν
2697 1074 3052 1151 πλημμελῶς
3111 1073 3348 1149 διῴκουν
3395 1075 3464 1130 τὰ
3491 1083 3591 1145 τῆς
3623 1075 3826 1150 ἀρχῆς,

2165 1173 2241 1236 ὡς
2275 1169 2380 1242 ἢδη
2416 1169 2665 1240 λέξαντες
2697 1165 2924 1243 ἔχομεν,
2959 1165 3198 1240 μάλιστα
3256 1164 3314 1221 δὲ
3370 1163 3828 1243 φιλοχρηματίαν

2157 1266 2443 1325 νοτοῦντες
2503 1259 2616 1314 οὔτ’
2677 1259 2782 1314 ἀπὸ
2840 1253 3064 1311 δικαίων
3133 1256 3319 1330 πόρων
3374 1253 3634 1310 πλουτεῖν
3679 1254 3836 1325 ἠνεί-

2159 1371 2332 1429 χοντο
2367 1351 2490 1405 οὕτε
2522 1354 2774 1427 συνεῖχον
2836 1346 2904 1402 τὰ
2961 1343 3364 1420 συλλεγόμενα,
3397 1343 3524 1400 ἀλλ’
3584 1343 3835 1429 ἐξέφερον

2157 1428 2495 1519 ἀμφοτέραις
2551 1437 2692 1492 αὐτὰ
2754 1434 2844 1490 καὶ
2902 1438 3133 1509 περιττῇ
3226 1433 3322 1508 μὲν
3407 1433 3664 1508 θεραπείᾳ
3735 1428 3838 1488 καὶ

2159 1531 2354 1602 κόσμῳ
2410 1526 2708 1584 πολυτελεῖ
2766 1525 3042 1599 σώματος,
3111 1521 3280 1578 πλέον
3335 1519 3384 1577 δ’
3444 1521 3831 1578 ἆπεπλοῦτουν

2160 1621 2294 1688 πρὸς
2324 1615 2594 1692 ὲταιρίδας
2643 1617 2736 1671 καὶ
2792 1619 3070 1692 συγγενεῖς
3131 1609 3474 1674 ἀλυσιτελεῖς
3511 1612 3833 1667 παντάπασι

2157 1714 2237 1780 τῷ
2266 1713 2451 1782 κοινῷ.
2485 1707 2562 1765 Οὐ
2611 1707 2775 1781 μόνον
2833 1705 3012 1761 τοίνυν
3070 1702 3166 1766 τὰς
3225 1701 3539 1776 Ῥωμαϊκὰς
3571 1704 3656 1776 [Ρ.
3688 1703 3833 1775 347]

2160 1797 2354 1860 πόλεις
2439 1796 2796 1870 έκαλαμῖυντο
2844 1793 2936 1850 καὶ
2995 1791 3393 1870 ἀπεφύλλιζον,
3447 1792 3659 1866 εὑρεταὶ
3709 1796 3831 1847 τῶν

2159 1895 2358 1944 καινῶν
2414 1887 2680 1964 είσφορῶν
2736 1885 3146 1956 καθιστάμενοι,
3204 1879 3350 1937 ἀλλὰ
3407 1881 3498 1936 καὶ
3569 1882 3698 1944 τοὺς
3753 1881 3831 1937 ἐκ

2161 1977 2347 2056 φυλῶν
2379 1973 2679 2032 Λατινίδων
2713 1973 2766 2030 έν
2825 1973 2909 2035 οἶς
2970 1972 3127 2047 εἶχον
3159 1969 3530 2037 εἰσέπραττον.
3589 1969 3828 2026 Πολλά-

2159 2053 2244 2126 κις
2302 2067 2392 2121 οὖν
2449 2067 2544 2128 τὰς
2604 2065 2740 2139 πρὸς
2800 2061 3110 2124 Βενετίκοις
3168 2062 3434 2131 ξυνθήκας
3461 2053 3831 2134 παραόλεψοὶ-

2167 2177 2315 2231 μενοι
2371 2153 2571 2215 αὐτούς
2629 2174 2687 2209 τε
2781 2151 2833 2214 ές
2911 2153 3179 2226 χρήματα
3235 2148 3552 2222 ἐζημίωσαν
3607 2145 3700 2202 καὶ
3758 2149 3834 2203 τὰ

413 2280 472 2334 et
524 2275 770 2330 Pisanos
826 2271 976 2326 718
1035 2283 1165 2324 cum
1219 2268 1303 2322 eis
1344 2265 1427 2322 ita
1483 2263 1928 2329 commiserunt,
1989 2265 2056 2316 ut

2171 2245 2333 2302 πλοῖα
2361 2245 2569 2300 τούτων
2602 2239 3038 2317 ἠργυρολόγουν,
3091 2239 3182 2295 καὶ
3211 2237 3340 2301 τοὺς
3373 2237 3434 2293 ἐκ
3479 2239 3580 2308 τῆς
3608 2239 3830 2309 Πίσσης

2212 2335 2225 2350 9
2303 2340 2323 2350 ν
2413 2333 2427 2349 ν
2549 2334 2558 2350 l
2864 2331 2908 2350 DA
2979 2327 3053 2350 !\,
3146 2329 3228 2350 ,,\
3297 2328 3326 2350 τ
3426 2328 3525 2350 1-2!,
3585 2326 3666 2350 £_X
3732 2326 3800 2350 ,AX

412 2363 728 2438 aliquando
767 2361 921 2418 intra
958 2361 1150 2432 ipsam
1201 2357 1422 2425 urbem,
1465 2354 1784 2426 aliquando
1815 2354 1874 2407 in
1908 2350 2054 2406 mari

415 2453 929 2527 congrederentur,
951 2447 1190 2504 victoria
1207 2461 1364 2502 nunc
1393 2445 1486 2500 his
1505 2459 1660 2499 nunc
1681 2441 2054 2508 illisfavente,

411 2547 470 2602 et
499 2547 703 2600 mutuo
734 2555 864 2597 sese
893 2539 1163 2611 fugerent
1201 2541 1258 2592 et
1291 2533 1629 2607 spoliarent.

480 2806 534 2858 9.
548 2804 826 2858 Caeterum
843 2800 1050 2854 Veneti
1069 2794 1309 2866 antiquo
1328 2792 1592 2848 Romano
1607 2789 1821 2846 fcedere
1835 2787 2058 2860 prolato

409 2908 579 2950 suam
618 2890 964 2964 dignitatem
993 2886 1063 2943 ad
1099 2885 1341 2942 Pisanos
1371 2881 1720 2938 translatam
1753 2896 1883 2936 esse
1907 2893 2060 2950 aegre

409 2982 684 3045 ferentes,
719 2996 753 3034 ιι
792 2976 1074 3033 Romanis
1110 2973 1392 3046 paulatim
1423 2969 1659 3026 alienati
1699 2984 1764 3025 se
1800 2967 2058 3022 vicissim

411 3073 628 3128 nostris
661 3084 762 3140 per
779 3066 1147 3122 occasionem
1179 3079 1329 3134 aegre
1359 3062 1618 3116 facturos
1649 3057 2056 3123 ostendebant,

415 3158 739 3234 praesertim
771 3171 904 3210 cum
939 3152 1174 3209 Alexius
1191 3167 1294 3223 per
1309 3149 1612 3206 avaritiam
1636 3149 1917 3202 ducentas
1933 3145 2061 3200 auri

419 3251 638 3314 minas,
669 3262 797 3318 quae
827 3245 1024 3299 debito
1060 3242 1397 3313 quindecim
1439 3237 1900 3294 centenariorum
1935 3235 2063 3290 auri

424 3337 616 3394 adhuc
645 3335 904 3400 deerant,
959 3349 1073 3387 non
1133 3329 1402 3398 solveret,
1451 3343 1598 3400 quos
1648 3324 1896 3391 Manuel,
1927 3339 2063 3380 cum

422 3429 778 3482 Venetorum
813 3423 961 3476 bona
994 3419 1368 3492 publicasset,
1393 3433 1452 3471 se
1480 3431 1800 3488 pensurum
1835 3413 2063 3485 pepige-

429 3519 539 3572 rat.
571 3512 770 3584 Neque
803 3509 1111 3564 minimum
1154 3505 1376 3561 malum
1416 3511 1540 3560 erat
1569 3507 1687 3558 dux
1714 3503 2064 3559 Venetorum

423 3602 627 3660 Ericus
659 3597 985 3665 Dandulus,
1015 3597 1184 3652 homo
1211 3611 1398 3650 cmcus
1428 3593 1524 3649 ille
1545 3593 1779 3665 quidem
1803 3597 1859 3646 et
1888 3608 2066 3664 capu-

421 3689 585 3758 laris,
605 3691 704 3746 sed
732 3687 1006 3744 Romanis
1027 3683 1446 3742 infestissimus
1461 3688 1517 3739 et
1547 3681 2065 3749 insidiosissimus,

419 3786 486 3836 ut
512 3779 828 3836 calliditate
859 3775 1168 3849 singulari,
1200 3775 1282 3829 ita
1315 3775 1648 3845 arrogantia
1681 3772 2069 3836 immensa,ut

416 3885 477 3927 le
499 3869 850 3940 prudentum
885 3863 1415 3937 prudentissimum
1432 3860 1750 3932 appellaret
1766 3865 1826 3916 et
1854 3860 2066 3932 glorio-

413 3959 482 4014 las
541 3957 862 4029 cupiditate
951 3970 1154 4010 omnes
1214 3957 1536 4024 superaret.
1611 3953 1667 4007 Is
1722 3951 1896 4005 vitam
1955 3949 2068 4006 sibi

414 4051 601 4103 morte
657 4045 1012 4101 acerbiorem
1061 4044 1186 4098 fore
1242 4043 1506 4113 putabat,
1579 4040 1694 4095 nisi
1745 4040 1903 4112 genti
1943 4059 2066 4096 suae

416 4137 604 4191 factas
637 4132 963 4189 aBomanis
991 4133 1374 4187 contumelias
1429 4129 1824 4196 ulcisceretur,
1871 4131 2067 4186 animo

417 4227 690 4295 repetens
748 4227 804 4277 et
839 4237 1146 4277 recensens
1193 4225 1339 4292 quot
1387 4219 1558 4274 malis
1607 4218 1918 4289 pOpulares
1975 4221 2065 4276 sui

417 4313 656 4386 Angelis
695 4311 975 4368 fratribus
1034 4311 1464 4382 imperantibus
1517 4310 1704 4365 all'ecti
1739 4315 1954 4372 essent,
2009 4313 2069 4364 et

419 4409 555 4460 ante
587 4403 726 4458 hoss
747 4399 1081 4456 Andronico
1103 4407 1160 4455 et
1179 4398 1441 4455 Manucle
1464 4415 1657 4454 rerum
1685 4399 2063 4470 potientibus.

414 4495 524 4551 Sed
557 4493 697 4565 quia
719 4494 888 4546 norat
917 4490 976 4544 in
997 4505 1171 4545 suum
1203 4490 1244 4544 7
1262 4491 1357 4544 l4
1379 4494 1556 4559 caput
1577 4489 2064 4555 redundaturum,

417 4584 466 4640 si
499 4583 636 4655 quid
669 4597 803 4637 cum
837 4577 962 4636 sola
991 4595 1100 4634 sua
1130 4583 1303 4647 gente
1327 4583 1532 4632 contra
1565 4577 1860 4632 Romanos
1890 4594 2064 4632 cona-

417 4675 598 4739 retur,
668 4669 739 4723 de
799 4665 1036 4723 auxiliis
1117 4663 1365 4720 aliorum
1427 4664 1785 4719 asciscendis
1852 4664 2067 4734 cogitat

417 4761 765 4829 arcanisque
825 4771 958 4810 cum
993 4753 1064 4810 iis
1127 4753 1658 4821 communicandis,
1703 4769 1847 4822 quos
1899 4757 2066 4808 norat

421 4845 893 4904 irreconciliabili
927 4844 1058 4900 odio
1081 4861 1113 4898 a
1144 4842 1715 4900 Romanisdissidere
1744 4857 2066 4913 eorumque

419 4933 679 4990 felicitati
711 4933 985 4988 invidere.
1019 4935 1162 4988 Cum
1193 4938 1382 4988 autem
1405 4931 1598 5001 ipsum
1635 4935 1864 5002 tempus
1895 4931 2063 4986 nobi-

2167 2335 2352 2394 αὐτοῖς
2411 2333 2800 2400 ἐπανέστησαν.
2863 2327 3086 2403 Ἀμέλει
3143 2329 3231 2383 καὶ
3292 2328 3358 2398 ἧν
3419 2328 3544 2403 ὁρᾷν
3579 2326 3670 2382 ὁτὲ
3727 2326 3840 2400 μὲν

2163 2431 2266 2493 τῆς
2297 2421 2510 2483 πόλεως
2540 2418 2776 2492 ἔνδοθεν,
2811 2419 2902 2474 ὁτὲ
2935 2415 2992 2474 δὲ
3029 2417 3166 2473 κατᾶ
3201 2415 3367 2491 μέσην
3399 2417 3498 2486 τὴν
3531 2415 3837 2484 θάλατταν,

2167 2511 2256 2568 διὰ
2291 2514 2481 2588 μάχης
2532 2509 2813 2589 ἀμφότερα
2862 2508 2930 2563 τὰ
2985 2509 3114 2586 γένη
3175 2511 3485 2582 χωροῦντα,
3525 2505 3840 2581 κρατοῦντά

2167 2625 2227 2660 τε
2255 2604 2354 2658 ἀνὰ
2385 2601 2550 2677 μέρος
2577 2601 2666 2657 καὶ
2722 2598 3086 2676 κρατούμενα,
3111 2599 3200 2654 καὶ
3251 2597 3518 2668 παλίωξιν
3577 2595 3832 2661 ἐντεῦθεν

2167 2695 2256 2749 καὶ
2287 2691 2716 2748 ἀντισκύλευσιν.

2242 2783 2506 2857 θ’.²Ατὰρ
2537 2782 2589 2836 οἱ
2648 2779 2919 2838 Βενέτικυι
2975 2775 3228 2834 παλαιῶν
3289 2777 3631 2851 μεμνημένοι
3684 2776 3828 2852 πρὸς

2169 2871 2475 2945 Ῥωμαίους
2531 2867 2803 2938 σπονδῶν,
2861 2869 2952 2923 καὶ
3015 2871 3442 2942 μεταχωροῦσαν
3502 2867 3640 2942 πρὸς
3687 2873 3830 2924 Πισ-

2172 2963 2357 3024 σαίους
2387 2962 2486 3030 τὴν
2519 2961 2771 3037 σφετέραν
2806 2955 3051 3028 δεξίωσιν
3119 2955 3310 3012 οὔκουν
3373 2957 3503 3032 ὁρᾷν
3553 2957 3824 3032 ἀνεχόμε-

2170 3072 2282 3120 νοι,
2316 3048 2480 3118 δῆλοι
2511 3049 2648 3118 ἦσαν
2689 3045 2978 3120 Ῥωμαίων
3037 3047 3176 3102 κατά
3230 3046 3411 3122 βραχὺ
3470 3045 3813 3126 ἀφιστάμενοι

2171 3141 2259 3195 καὶ
2323 3137 2656 3212 μελετωντες
2711 3136 2766 3191 ἐν
2821 3134 3054 3210 καιρίοις
3111 3138 3213 3204 τήν
3291 3133 3678 3205 ἀντιλύπησιν,
3727 3133 3816 3188 καὶ

2177 3228 2395 3304 μάλισθ’
2435 3231 2517 3283 ὅτι
2552 3223 3012 3300 κιμϐικευὸμενος
3076 3227 3104 3281 ὁ
3166 3222 3409 3295 Ἀλέξιος
3440 3225 3541 3280 οὐκ
3569 3221 3825 3280 ἀπεδίδου

2177 3319 2321 3396 σφίσι
2352 3317 2585 3394 χρυσίου
2623 3321 2758 3390 μνᾶς
2817 3313 3099 3378 διακοσίας
3157 3312 3438 3376 ἒνδεούσας
3467 3309 3548 3369 ἔτι
3578 3313 3714 3389 πρὸς
3765 3315 3831 3370 τὸ

2175 3409 2314 3464 ἅπαν
2343 3407 2629 3487 ὀφείλημα
2657 3411 2772 3461 τῶν
2823 3402 2950 3460 δέκα
3004 3405 3142 3481 πρὸς
3194 3409 3311 3465 τοῖς
3368 3403 3527 3459 πέντε
3565 3424 3836 3473 κεντηνα-

2179 3498 2331 3574 ρίων,
2362 3495 2396 3552 ἃ
2425 3497 2673 3550 συνέθετο
2719 3491 2902 3550 δοῦναι
2956 3499 3074 3556 τοῖς
3143 3493 3446 3554 Βενετίκοις
3481 3493 3508 3548 ὁ
3567 3491 3833 3568 βασιλεὺς

2177 3585 2463 3655 Μανουήλ,
2495 3585 2656 3654 ἡνίκα
2685 3583 3026 3655 συνειληφὼς
3056 3583 3184 3647 τοὺς
3236 3581 3549 3645 Βενετίκους
3585 3579 3838 3655 δημόσια

2175 3677 2243 3733 τὰ
2273 3677 2479 3733 τούτων
2512 3671 2660 3737 ἔθετο
2691 3675 2800 3748 χρή
2816 3673 3090 3746 ματα.”Ην
3115 3669 3172 3727 δὲ
3203 3669 3374 3728 δεινὸν
3400 3671 3500 3726 οὐκ
3530 3669 3831 3750 ἐλάχιστον

2171 3763 2320 3818 καὶὸ
2350 3765 2648 3832 τηνικαῦτα
2679 3758 2803 3830 δοὺξ
2863 3759 3159 3815 Βενετίκων
3222 3759 3432 3832 Ἐρίκος
3491 3755 3832 3830 Δὲνδουλος,

2171 3852 2308 3922 ἀνὴρ
2339 3851 2517 3922 πηρὸς
2544 3855 2659 3919 (50)
2702 3849 2795 3921 μὲν
2825 3848 2922 3911 τὰς
2981 3844 3136 3923 ὄψεις
3191 3849 3282 3902 καὶ
3338 3852 3418 3920 τῷ
3463 3847 3653 3924 χρόνῳ
3683 3847 3838 3921 πέμ-

2170 3939 2362 4008 πελος,
2438 3933 2864 3994 ἐπιϐουλότατον
2919 3935 2977 3992 δὲ
3057 3942 3288 4012 πρᾶγμα
3365 3936 3664 4010 Ῥωμαίοις
3737 3939 3837 3992 καὶ

2172 4031 2599 4110 φθονερώτατον,
2665 4027 2725 4091 ὅς
2791 4028 3130 4102 παιπάλημα
3215 4021 3288 4082 ὧν
3386 4026 3680 4102 ἀγυρτείας
3739 4029 3836 4082 καὶ

2172 4122 2588 4198 φρονιμώτερον
2649 4123 2758 4174 τῶν
2819 4119 3104 4196 φρονίμων
3167 4118 3352 4173 ἑαυτὸν
3402 4117 3688 4190 ὀνομάζων
3739 4119 3836 4174 καὶ

2173 4209 2486 4284 δοξομανῶν
2541 4211 2614 4269 ὡς
2644 4207 2751 4283 οὐχ
2805 4207 2988 4282 ἓτερος
3050 4209 3283 4272 θανάτου
3349 4205 3574 4280 ἐτιμᾶτο
3633 4207 3698 4263 τὸ
3751 4209 3832 4280 μὴ

2171 4299 2420 4364 τίσασθαι
2472 4297 2784 4372 Ῥωμαίους
2837 4293 2992 4359 δίκας
3046 4303 3148 4364 τῆς
3207 4295 3260 4358 ἐς
3335 4296 3400 4352 τὸ
3449 4296 3604 4370 γένος
3663 4296 3831 4353 αὐτοῦ

2169 4388 2473 4466 παροινίας,
2557 4386 2738 4466 φρεσὶν
2824 4385 3226 4459 ἀναπεμπάζων
3312 4385 3408 4441 καὶ
3486 4383 3833 4462 λογιστεὺων

2171 4479 2394 4542 ὁπόσοις
2425 4483 2611 4540 κακοῖς
2645 4477 2697 4532 οἱ
2742 4477 3016 4533 Βενέτικοι
3073 4473 3513 4549 προσωμίλησαν
3541 4479 3652 4532 τῶν
3700 4477 3828 4550 Ἀγ-

2167 4567 2503 4644 γελωνύμων
2553 4563 2808 4642 ἀδελφῶν
2848 4564 3216 4636 ἀνασσόντων,
3275 4565 3365 4620 καὶ
3450 4564 3558 4640 πρὸ
3615 4565 3822 4621 τούτων

2168 4655 2538 4732 Ἀνδρονίκου,
2595 4655 2688 4709 καὶ
2735 4654 2922 4710 ἀνόπιν
2982 4649 3062 4708 ἔτι
3113 4657 3210 4708 τοῦ
3278 4651 3552 4722 Μανουὴλ
3598 4655 3665 4709 τὰ
3722 4657 3818 4707 τῶν

2167 4735 2462 4818 Ῥωμαίων
2523 4751 2773 4817 σκῆπτρα
2826 4741 3131 4806 διέποντος.
3191 4740 3373 4808 Εἲδὼς
3428 4740 3485 4797 δὲ
3539 4743 3681 4799 κατὰ
3727 4747 3816 4811 τῆς

2171 4836 2363 4890 ἑαυτοῦ
2419 4841 2664 4912 κεφαλῆς
2714 4835 3126 4908 προχωρήσειν,
3159 4831 3209 4887 εἲ
3263 4831 3314 4887 τί
3373 4853 3479 4886 που
3531 4832 3820 4906 Ῥωμαίοις

2169 4920 2460 4979 ἐπίϐουλον
2522 4922 2656 4996 μετᾶ
2713 4920 2892 4994 μόνων
2955 4925 3062 4977 τῶν
3140 4919 3442 4995 ὁμοφύλων
3523 4919 3824 5001 ἒργάσεται,

419 5021 505 5078 les
557 5019 846 5092 quosdam
905 5021 1237 5090 toparchas,
1299 5021 1393 5090 qui
1453 5019 1829 5076 Palaestinam
1877 5020 2060 5076 visere

2171 5014 2264 5068 καὶ
2339 5010 2545 5075 ἃλλους
2605 5005 3009 5085 προσλαϐέσθαι
3067 5009 3459 5085 συλλήπτορας
3527 5015 3824 5080 σκέπτεται,

421 5109 756 5180 cupiebant,
805 5114 1012 5179 sponte
1045 5108 1378 5177 obtulisset,
1421 5110 1756 5166 societatem
1793 5118 1847 5164 et
1880 5108 2064 5164 fmdus

422 5214 554 5253 cum
574 5196 656 5253 eis
679 5199 882 5252 contra
915 5197 1203 5251 Romanos
1239 5197 1375 5252 coit.
1397 5197 1568 5253 Erant
1593 5197 1633 5252 ii
1655 5197 2064 5253 Montisferrati

425 5284 684 5342 marcbio
726 5282 1075 5352 Bonifacius,
1141 5283 1420 5341 Flandriaa
1467 5302 1666 5343 comes
1728 5287 2066 5353 Balduinus,

2173 5103 2262 5158 καὶ
2282 5105 2498 5166 τούτοις
2529 5109 2862 5172 κοινωνῆσαι
2891 5105 3002 5158 τῶν
3043 5101 3374 5178 ἀπορρήτων
3401 5099 3498 5165 οὕς
3541 5101 3666 5176 ᾔδει
3694 5101 3824 5176 πρὸς

2182 5195 2491 5268 Ῥωμαίους
2523 5190 2788 5250 ἄσπονδον
2831 5198 2994 5268 μῖσος
3039 5193 3336 5272 τρέφοντας
3390 5194 3481 5248 καὶ
3530 5199 3650 5256 τοῖς
3703 5193 3822 5249 τού·

2175 5306 2282 5341 των
2310 5284 2505 5348 καλοῖς
2541 5283 2805 5360 βάσκανον
2864 5285 2954 5338 καί
2987 5283 3181 5358 λίχνον
3227 5281 3656 5353 ἐνατενίζοντας.
3715 5283 3820 5340 Τοῦ

1821 5414 1988 5488 Hier,
2035 5412 2250 5476 Wolfii
2277 5419 2466 5476 notae.

503 5549 613 5621 (50)
648 5545 893 5604 Multum
941 5545 1178 5622 interest
1210 5549 1358 5601 inter
1406 5547 1935 5622 nopébvetanpdv.
1955 5551 2065 5606 Sed

433 5617 616 5680 fuisse
629 5635 869 5688 caecum,
890 5617 1043 5674 exiis
1065 5633 1191 5688 quae
1214 5617 1544 5690 sequuntur
1563 5617 1828 5692 pluribus
1847 5621 1902 5676 in
1925 5620 2067 5678 locis

2177 5548 2754 5622 apparet;quamvis
2803 5564 2923 5622 non
2973 5546 3199 5622 injuria
3255 5548 3491 5622 mireris
3523 5547 3813 5620 quomodo

2178 5619 2359 5693 eques
2391 5619 2648 5694 effugere
2679 5619 2940 5692 potuerit
2969 5619 3251 5692 in'pugna
3281 5619 3560 5677 Blachica
