4098 6292
282 398 396 464 921

284 626 541 699 εὐγενεῖς,
600 620 794 682 οἳτινες
850 619 985 695 πρὸς
1064 616 1425 687 Παλαιστίνην
1478 613 1682 689 ὥρμων
1738 614 1937 691 τραπέ-

288 718 436 785 σθαι,
493 712 633 767 κατὰ
707 708 1098 783 κοινοπραγίαν
1183 705 1404 769 τούτοις
1493 704 1791 782 συγγίνεται
1848 702 1938 759 καὶ

285 803 608 876 συνωμότας
666 798 959 854 ἐπισπᾶται
1009 800 1106 852 τοῦ
1162 796 1297 851 κατὰ
1353 795 1643 867 Ῥωμαίων
1704 795 1941 867 κινήμα-

284 913 404 954 τος.
462 895 634 945 Ἦσαν
695 886 754 943 δὲ
800 888 953 942 οὗτοι
985 887 1012 941 6
1044 886 1263 956 Μόντης
1312 885 1596 959 Φεράντης
1649 882 1939 958 μαρκέσιος

287 979 632 1056 Βονιφάτιος,
667 978 696 1032 6
737 977 921 1048 κόμης
971 974 1261 1051 Φλάντρας
1309 970 1672 1038 Βαλδουῖνος,
1705 973 1733 1026 6
1763 971 1942 1046 κόμης

283 1074 379 1126 τοῦ
432 1065 598 1144 ἁγίου
651 1064 870 1121 Παύλου
919 1064 1136 1137 Ἐρίκος
1182 1063 1275 1119 καὶ
1324 1064 1353 1115 ὁ
1402 1062 1581 1137 κόμης
1630 1059 1813 1131 Πλέης
1841 1068 1941 1115 Δο-

287 1158 478 1219 λόῖκος
526 1157 615 1210 καὶ
669 1155 862 1229 συχνοὶ
914 1150 1087 1228 ἕτεροι
1138 1150 1439 1226 τολμητίαι
1488 1149 1820 1223 πολεμισταὶ
1849 1150 1940 1205 καὶ

284 1245 780 1321 συμμηκιζομένην
837 1243 956 1298 οἷον
1003 1246 1082 1314 τῷ
1141 1238 1358 1317 δολιχῷ
1404 1244 1511 1295 τῶν
1564 1238 1808 1317 δοράτων
1839 1240 1938 1310 τὴν

283 1336 508 1409 ἡλικίαν
557 1332 971 1411 προφαίνοντες.
1042 1329 1510 1405 Ναυπηγηθέντων
1563 1332 1654 1384 οὖν
1702 1330 1780 1393 εἷς
1839 1332 1940 1387 Βε-

278 1425 458 1482 νετίαν
518 1421 588 1478 δι’
647 1421 793 1479 ὅλων
853 1425 1019 1497 τριῶν
1079 1415 1430 1475 λυκαϐάντων
1501 1416 1799 1494 δρομώνων
1844 1418 1938 1492 μὲν

287 1516 634 1589 ἱππαγωγῶν
686 1509 873 1567 ἑκατὸν
930 1506 1079 1578 δέκα,
1109 1512 1254 1580 νηῶν
1299 1505 1358 1563 δὲ
1405 1512 1628 1584 μακρῶο
1661 1508 1940 1582 ἐξήκοντα,

286 1602 366 1662 ἔτι
399 1603 459 1660 δὲ
487 1603 703 1659 πλοίων
735 1602 1225 1677 συναθροισθέντων
1279 1598 1634 1677 στρογγύλων
1675 1599 1938 1676 μεγίστων

290 1696 425 1770 ὑπὲρ
476 1694 548 1749 τὰ
605 1686 1006 1765 ἐϐδομήκοντα,
1068 1691 1143 1745 ὧν
1200 1683 1253 1744 ἔα
1304 1690 1524 1763 Κόσμος
1579 1689 1706 1764 παρ’
1755 1689 1940 1752 αὐτοῖς

287 1781 606 1855 ὠνομάζετο
656 1779 731 1844 ὠς
784 1777 930 1834 πολὺ
984 1784 1092 1833 τῶν
1144 1776 1329 1833 ἄλλων
1364 1776 1660 1855 ὑπερφέρον
1694 1776 1745 1840 ές
1781 1777 1940 1854 μέγε-

289 1887 402 1944 θος,
435 1874 654 1929 εἲσεισιν
711 1870 770 1925 ἐκ
818 1869 1191 1946 παραγγελίας
1245 1870 1382 1926 αὐτὰ
1435 1867 1609 1932 ’ίππος
1651 1869 1746 1945 μὶν
1777 1867 1942 1949 χιλία

285 1963 500 2038 σιδήρῳ
531 1962 934 2038 κατάφρακτος,
971 1963 1056 2033 [Ρ.
1087 1961 1235 2032 348],
1267 1957 1424 2021 ἆσπὶς
1455 1956 1512 2015 δὲ
1540 1958 1834 2034 τρισμυοία
1864 1958 1940 2021 είς

290 2050 523 2114 ὁπλίτας
552 2048 845 2110 πλείστους
877 2045 1204 2124 διῃρημένη,
1240 2046 1476 2120 μάλιστα
1508 2044 1567 2101 δὲ
1596 2046 1670 2110 εἷς
1696 2048 1824 2109 τοὺς
1850 2067 1941 2101 κα-

283 2141 593 2218 λουμένους
612 2137 1060 2215 τζαγροτοξότας.
1085 2138 1174 2197 Ὠς
1198 2134 1244 2191 δ’
1276 2136 1343 2206 ἧν
1375 2137 1403 2190 ὁ
1437 2136 1632 2199 στόλος
1655 2137 1791 2213 πρὸς
1812 2137 1945 2192 ἀνα-

285 2232 477 2310 γωγὴν
498 2227 750 2304 ἕτοιμος,
782 2228 947 2283 κακὸν
980 2225 1067 2282 ἐπὶ
1098 2230 1251 2297 κακῷ
1279 2222 1620 2300 προσϐάλλει
1652 2226 1742 2281 καὶ
1772 2230 1943 2301 κῦμα,

286 2324 504 2400 ὅφασιν,
536 2319 625 2374 ἐπὶ
653 2319 861 2393 κύματι
891 2314 1189 2389 Ῥωμαίοις
1238 2313 1657 2371 έπικυλίνδεται.
1698 2313 1942 2389 ³Αλέξιος

285 2413 391 2487 γὰρ
443 2412 472 2465 6
525 2414 652 2472 παῖς
701 2405 970 2464 Ἰσαακίου
1019 2409 1117 2460 τοῦ
1165 2401 1435 2481 Ἀγγέλου
1466 2405 1781 2481 γράμμασιν
1811 2403 1944 2483 ἔφο-

290 2498 528 2562 διασθεὶς
587 2502 684 2554 τοῦ
736 2496 931 2552 πάππα
988 2496 1212 2569 Ῥώμης
1270 2500 1369 2564 τῆς
1430 2488 1796 2570 πρεσϐυτέρας
1855 2494 1943 2549 καὶ

288 2595 386 2645 τοῦ
437 2588 612 2667 ῥηγὸς
661 2583 996 2660 ’Λλαμανίας
1045 2582 1350 2656 Φιλίππου,
1402 2584 1631 2659 χάριτας
1689 2584 1944 2662 μεγίστας

295 2677 719 2752 ὁμολογούντων
769 2680 886 2737 τοῖς
933 2679 1271 2748 πειρατικοῖς
1320 2674 1536 2736 τούτοις
1565 2673 1945 2749 ἐργαστηρίοις

296 2769 341 2825 εἰ
397 2769 490 2823 τὸν
539 2765 783 2836 Ἀλέξων
830 2762 1152 2834 εἰσδέξονται
1204 2764 1294 2819 καὶ
1352 2762 1489 2838 πρὸς
1535 2763 1637 2831 τὴν
1689 2764 1942 2839 πατρῴαν

291 2858 677 2934 ἐπαναγάγωσι
752 2853 1063 2923 Βασιλείαν,
1150 2855 1511 2928 τρισάσμενος
1573 2851 1710 2926 μετᾶ
1759 2852 1946 2929 καιρὸν

284 2952 365 3020 τῷ
396 2945 580 3018 στόλῳ
628 2943 928 3022 ἐφίσταται,
989 2940 1078 2997 καὶ
1135 2937 1539 3018 προσϐλέπεται
1570 2941 1644 3004 ὡς
1680 2941 1743 2996 ού
1779 2937 1943 3016 μόνον

289 3036 383 3093 τόν
442 3034 581 3090 κατᾶ
662 3033 955 3108 Ῥωμαίων
1010 3030 1302 3108 λῃστρικὸν
1358 3025 1593 3086 ἔκπλουν
1656 3050 1945 3107 μετασχη-

293 3126 534 3201 ματίσων
589 3123 726 3200 πρὸς
783 3125 846 3178 τὸ
906 3121 1212 3201 εύαφορμον
1261 3120 1352 3177 καὶ
1394 3117 1781 3200 διαμορφάσων
1810 3122 1947 3197 πρὸς

284 3217 346 3272 τὸ
379 3212 761 3290 εὐπρόσωπον,
817 3208 964 3268 ἀλλὰ
1020 3211 1111 3266 καὶ
1161 3211 1469 3286 χρημάτων
1495 3211 1948 3286 άποθεραπεύσων

293 3303 548 3380 σωρείαις
615 3302 678 3358 τὸ
733 3298 1024 3377 κερδαλέον
1081 3299 1295 3356 ἐκείνων
1376 3300 1467 3355 καὶ
1523 3298 1951 3376 φιλοχρήματον

1180 392 1281 454 DE
1325 392 1616 454 ALEXIO
1660 391 1947 455 ISAACII
1991 395 2277 459 ANGELI
2320 398 2446 461 FB.
2495 400 2645 464 LIB.
2689 401 2800 465 III.

287 532 346 590 δὲ
377 533 570 606 καιροῦ
620 527 1049 605 χορηγήσαντος
1105 524 1434 599 αὐτομάτως
1477 524 1764 602 τοπάρχας
1792 523 1943 587 τινὰς

2059 545 2251 587 comes
2276 534 2460 589 sancti
2496 536 2658 592 Pauli
2681 537 2909 603 Ericus,
2930 536 3073 593 Pleas
3091 553 3286 594 comes
3308 536 3604 608 Doloicus,
3639 554 3671 594 ε

3578 405 3705 543 922t

2049 621 2147 677 alii
2180 625 2510 694 complures
2543 627 2790 682 audaces
2822 626 3131 684 bellatores
3179 634 3236 684 et
3286 633 3518 684 statura
3575 630 3699 686 suis

2050 708 2234 764 hastis
2293 714 2712 781 propemodum
2776 731 2964 785 pares.
3019 715 3200 786 lgitur
3265 721 3387 771 toto
3446 717 3698 772 triennio

2052 800 2312 854 Venetiis
2369 801 2657 857 fabricatae
2715 812 2850 859 sunt
2908 803 3125 859 celeres
3172 821 3347 861 naves
3404 814 3701 877 equestres

2051 894 2285 945 centum
2313 891 2608 960 etdecem,
2650 908 2824 947 naves
2849 891 3034 964 longas
3069 894 3392 967 sexaginta,
3443 897 3701 951 rotundas

2052 975 2205 1032 ultra
2263 981 2636 1049 septuaginta
2690 986 2827 1037 sunt
2875 986 3107 1048 coactae,
3159 998 3400 1053 quarum
3459 999 3574 1039 una
3626 984 3700 1039 ob

2054 1066 2347 1137 insignem
2383 1069 2845 1140 magnitudinem
2882 1070 3133 1127 Mundus
3165 1074 3237 1126 ab
3270 1071 3354 1127 eis
3372 1072 3703 1144 appellaba-

2056 1159 2165 1213 tur.
2199 1160 2305 1212 Eas
2352 1174 2527 1214 naves
2570 1161 2887 1215 constituto
2922 1164 3181 1231 tempore
3233 1162 3701 1218 conscenderunt

2051 1243 2278 1315 equites
2311 1245 2668 1318 cataphracti
2701 1247 2882 1315 mille,
2941 1250 3155 1305 scutati
3202 1249 3445 1322 triginta
3489 1249 3708 1318 millia,

2052 1332 2326 1406 plurimis
2357 1352 2654 1394 armorum
2683 1339 2997 1410 generibus
3056 1339 3346 1406 instructi,
3394 1340 3495 1396 sed
3530 1340 3698 1410 pleriv

2051 1439 2164 1495 que
2192 1429 2594 1497 zagrotoxotaz.
2630 1426 2825 1483 Classe
2855 1430 2925 1483 ad
2957 1445 3118 1484 oram
3151 1427 3491 1484 solvendam
3539 1446 3700 1502 para-

2050 1519 2131 1584 ta,
2184 1515 2400 1572 malum
2461 1517 2614 1574 malo
2672 1519 3008 1575 cumulatur
3058 1527 3113 1574 et
3189 1524 3399 1576 ﬂuctus
3457 1520 3700 1577 ﬂuctum

2052 1610 2237 1678 urget,
2272 1608 2419 1664 ’115
2446 1612 2510 1662 ut
2538 1607 2769 1663 dicitur.
2806 1614 2950 1664 Nam
2984 1608 3215 1665 Alexius
3248 1608 3453 1665 Isaacii
3497 1609 3702 1680 Angeli

2049 1695 2228 1765 filius,
2282 1696 2494 1753 litteris
2541 1696 2752 1753 veteris
2825 1698 3020 1755 Romae
3085 1700 3384 1756 Pontificis
3435 1704 3492 1756 et
3538 1701 3694 1772 regis

2049 1785 2408 1841 Alemannis
2441 1786 2690 1859 Philippi
2723 1787 3068 1855 instructus,
3114 1790 3210 1860 qui
3261 1788 3528 1861 piraticis
3572 1789 3703 1845 istis

1979 1874 2316 1962 Bcollegiis
2375 1875 2694 1945 plurimum
2754 1893 2816 1932 se
2874 1878 3175 1933 debituros
3253 1878 3694 1947 profitebantur,

2054 1962 2103 2018 si
2122 1963 2552 2021 adolescentem
2588 1965 2648 2020 in
2676 1966 3262 2038 patriumimperium
3298 1966 3699 2035 restituerent,

2051 2051 2350 2124 aliquanto
2390 2059 2521 2127 post
2548 2055 2929 2125 cupidissime
2958 2058 3023 2109 ad
3043 2056 3291 2111 classem
3325 2062 3380 2109 et
3441 2059 3702 2125 pervenit

2052 2146 2109 2197 et
2132 2142 2433 2214 excipitur,
2468 2150 2530 2199 ut
2559 2144 2660 2214 qui
2692 2161 2807 2200 non
2832 2148 3057 2199 tantum
3105 2145 3476 2201 latrocinium
3549 2144 3691 2200 illud

2053 2236 2256 2288 contra
2287 2233 2580 2290 Romanos
2609 2233 2948 2289 institutum
2966 2250 3302 2306 promovere
3346 2243 3404 2290 et
3451 2234 3698 2290 honesta

2055 2322 2245 2391 specie
2273 2324 2487 2390 fucare,
2524 2324 2622 2379 sed
2657 2332 2707 2379 et
2733 2324 3114 2396 pecuniarum
3164 2324 3385 2380 acervis
3430 2323 3696 2396 ipsorum

2053 2411 2353 2468 avaritiam
2386 2411 2610 2484 explere
2647 2418 2861 2483 posset.
2893 2415 2949 2469 Is
2980 2430 3095 2469 non
3118 2417 3285 2470 estate
3304 2414 3493 2486 magis
3517 2429 3695 2485 quam

2054 2500 2250 2556 animo
2274 2517 2435 2573 puer,
2466 2519 2500 2558 a
2531 2502 2672 2557 viris
2701 2501 2930 2557 callidis
2961 2506 3018 2559 at
3064 2504 3314 2559 versutis
3368 2507 3697 2575 susceptus,

2055 2590 2275 2663 pepigit
2304 2594 2360 2646 et
2387 2596 2754 2648 sacramento
2784 2590 3038 2647 ﬁrmavit
3065 2609 3129 2647 ea
3176 2608 3239 2649 se
3294 2592 3692 2663 ‘prwbiturum

2054 2695 2180 2751 quae
2238 2679 2476 2750 perduci
2528 2680 2601 2734 ad
2648 2681 2867 2736 exitum
2925 2679 3167 2735 minime
3231 2683 3517 2751 poterant.
3577 2680 3694 2735 Nec

2053 2769 2209 2824 enim
2240 2768 2425 2824 maria
2456 2769 2833 2839 pecuniarum
2867 2769 3149 2823 duntaxat
3188 2768 3307 2823 illis
3340 2769 3692 2840 postulanti-

2055 2858 2162 2914 bus
2192 2857 2485 2930 promisit,
2522 2858 2622 2913 sed
2655 2860 2712 2913 et
2759 2856 3038 2913 auxilium
3099 2862 3299 2913 contra
3332 2864 3694 2915 Sarracenos

2057 2963 2187 3003 cum
2208 2947 2479 3002 Romanis
2501 2946 2788 3003 militibus
2807 2951 2861 3001 et
2881 2947 3311 3018 quinquaginta
3336 2948 3690 3003 triremibus.

2058 3036 2125 3092 Et
2154 3036 2303 3108 quod
2331 3036 2517 3107 majus
2548 3040 2635 3092 est
2667 3052 2733 3091 ac
2761 3035 2933 3108 longe
2976 3035 3309 3103 absurdius,
3359 3036 3696 3092 Latinorum

2059 3124 2436 3197 depravatum
2464 3124 2803 3197 religionem
2846 3123 3236 3197 amplectitur,
3274 3130 3330 3181 et
3368 3124 3695 3198 privilegio-

2063 3231 2192 3269 rum
2219 3212 2510 3285 papalium
2552 3214 2981 3270 innovationem
3037 3218 3094 3269 et
3122 3220 3373 3271 veterem
3406 3218 3696 3270 Romano-

2064 3322 2191 3362 rum
2212 3304 2614 3360 institutorum
2639 3305 3019 3360 mutationem
3053 3304 3379 3375 pollicetur.

294 3394 557 3475 φρόνημα
595 3392 699 3450 Τὸν
728 3391 902 3447 τοίνυν
935 3390 1181 3461 Ἀλέξιον
1228 3389 1289 3444 οὐ
1351 3388 1564 3475 μᾷλλον
1616 3392 1717 3458 τὴν
1773 3389 1994 3461 ἡλικίαν
2039 3394 2075 3463 ἢ
2132 3392 2226 3455 τὰς
2281 3392 2475 3472 φρένας
2528 3394 2783 3462 νεάζοντα
2834 3397 3136 3469 πανοῦργοι
3176 3394 3371 3456 πάντες
3401 3393 3492 3449 καὶ
3522 3393 3704 3472 πράγ-

297 3473 462 3556 μασιν
529 3480 834 3543 έντακέντες
900 3476 1089 3553 ἄνδρες
1155 3473 1563 3553 παραλαϐόντες
1630 3477 1859 3542 ἐκείνοις
1928 3480 1981 3535 έν
2051 3482 2234 3556 ὅρκοις
2301 3482 2579 3546 συνθέσθαι
2648 3479 2973 3557 παρέπεισαν
3034 3481 3068 3536 ’ὰ
3127 3481 3400 3556 μηδαμῶς
3450 3482 3705 3552 ἐπεφύκει

292 3570 461 3642 πέρας
532 3564 743 3625 λαϐεῖν.
811 3568 888 3626 Ού
955 3570 1056 3644 γὰρ
1127 3567 1292 3642 μόνον
1360 3566 1632 3631 θαλάσσας
1698 3568 2009 3647 χρημάτων
2087 3570 2477 3643 αἰτησαμένοις
2554 3571 2836 3625 κατένευσε
2906 3571 2968 3625 τὸ
3039 3572 3338 3645 μειράκιον,
3405 3570 3551 3625 ἀλλᾶ
3613 3572 3703 3626 καὶ

296 3659 553 3732 σύναρσιν
624 3657 759 3713 κατὰ
830 3656 1193 3735 Σαρρακηνῶν
1267 3658 1381 3731 μετ’
1455 3654 1801 3737 ὁπλομάχων
1867 3660 2156 3732 Ῥωμαίων
2222 3659 2313 3714 καὶ
2380 3660 2679 3736 τρικρότων
2746 3664 2891 3729 νηῶν
2960 3661 3322 3729 πεντήκοντα.
3382 3661 3461 3716 Τὸ
3515 3656 3573 3713 δὲ
3632 3657 3699 3729 δὴ

301 3753 491 3822 μεῖζον
533 3747 621 3802 καὶ
651 3746 1024 3816 ἀτοπώτατον,
1056 3747 1439 3822 παρεκτροπήν
1471 3744 1726 3815 πίστεως,
1762 3746 1924 3802 ὁποία
1966 3753 2082 3810 τοῖς
2136 3749 2384 3810 Λατίνοις
2429 3747 2742 3818 ἀσπάζεται,
2772 3749 2863 3802 καὶ
2892 3755 2999 3802 τῶν
3030 3746 3128 3803 τοῦ
3156 3750 3354 3803 πάππα
3382 3747 3701 3821 προνομίων

292 3836 606 3910 καινισμὸν,
647 3833 926 3908 μετάθεσίν
952 3856 1011 3890 τε
1035 3836 1125 3890 καὶ
1158 3834 1514 3908 μεταποίησιν
1544 3840 1654 3890 τῶν
1688 3833 1939 3891 παλαιῶν
1971 3837 2267 3910 Ῥωμαίοις
2297 3835 2433 3901 ἐθῶν
2467 3837 2844 3911 συγκατέθετο.

366 3922 576 3995 Καὶδὴ
627 3925 655 3979 ὁ
711 3925 805 3997 μὲν
866 3922 1064 3990 στόλος
1115 3924 1183 3980 τὰ
1237 3926 1554 4000 πρυμνήσια
1590 3923 1757 3987 λύσας
1786 3926 1952 3980 κατά·

299 4036 453 4093 γεται
486 4014 621 4089 πρὸς
674 4010 914 4088 Ἰάδαρα,
969 4014 1059 4069 καὶ
1110 4013 1176 4083 ἦν
1209 4013 1344 4069 αὐτὰ
1399 4012 1734 4090 πολιορκῶν,
1796 4011 1950 4085 δόξαν

300 4106 444 4161 οὕτω
496 4107 576 4177 τῷ
631 4110 731 4174 τῆς
792 4101 1037 4165 Βενετίας
1074 4100 1366 4177 Δανδούλῳ
1425 4100 1601 4174 δουκι,
1661 4104 1735 4167 ὡς
1793 4100 1952 4173 δῆθεν

300 4194 541 4258 παλαιὰς
589 4196 859 4265 συνθήκας
918 4194 1054 4269 πρὸς
1111 4192 1238 4255 τοὺς
1297 4193 1358 4249 έκ
1413 4195 1607 4270 γένους
1637 4192 1823 4267 ἒκείνῳ
1850 4214 1954 4248 πα-

303 4281 708 4361 ραϐλεψάμενα.
767 4285 828 4340 Ὁ
876 4281 934 4339 δέ
976 4305 1037 4360 γε
1101 4290 1314 4355 κρατῶν
1363 4283 1650 4357 Ῥωμαίων
1710 4280 1954 4355 Ἀλέξιος

303 4375 363 4430 έκ
389 4372 609 4429 πολλοῦ
662 4376 763 4444 τήν
822 4378 931 4428 τῶν
987 4373 1234 4428 Λατίνων
1290 4371 1681 4446 ένωτιζόμενος
1739 4371 1951 4444 κίνησιν

303 4467 442 4543 πρὸς
473 4463 625 4521 οὐδέν
656 4485 710 4519 τι
741 4464 960 4537 ἄμεινον
1019 4464 1192 4535 ἑαυτῷ
1246 4483 1305 4518 τε
1353 4460 1445 4517 καὶ
1501 4462 1800 4535 Ῥωμαίοις
1832 4460 1952 4518 διέ-

2135 3927 2333 3983 Classe
2357 3929 2556 3984 Iadara
2578 3932 2851 3998 provecta
2866 3928 3034 3997 jussu
3067 3927 3322 3982 Danduli
3346 3931 3701 3984 Venetorum

2064 4016 2228 4073 ducis
2287 4017 2428 4072 urbs
2479 4017 2784 4071 obsidetur
2826 4017 2898 4071 ob
2952 4024 3111 4071 vetus
3155 4017 3450 4088 quoddam
3512 4017 3699 4073 foedus

2064 4105 2365 4173 violatum,
2397 4110 2461 4161 ut
2484 4105 2693 4162 aiebat.
2724 4108 2796 4160 At
2828 4104 3225 4161 Romanorum
3258 4107 3409 4162 716
3438 4107 3701 4179 impera-

2062 4202 2155 4253 tor
2183 4196 2421 4251 Alexius
2444 4195 2570 4267 jam
2603 4194 2829 4266 pridem
2854 4194 3188 4251 Latinorum
3215 4202 3375 4253 motu
3399 4197 3595 4253 audito
3611 4197 3699 4252 ni-

2065 4286 2149 4343 hil
2165 4285 2532 4359 preparavit,
2549 4286 2701 4356 quod
2727 4301 2757 4340 e
2774 4302 2832 4340 re
2847 4283 2935 4339 vel
2953 4302 3059 4341 sua
3075 4286 3344 4356 privatim
3367 4296 3455 4343 vet
3470 4287 3702 4359 publice

2061 4378 2325 4432 omnium
2383 4378 2572 4430 esset:
2634 4389 2768 4429 nam
2816 4374 3131 4430 immodica
3190 4376 3469 4432 mollities
3532 4377 3703 4431 rebus

2063 4465 2339 4540 gerendis
2395 4463 2580 4519 nihilo
2629 4463 2819 4535 aptior
2885 4471 2968 4518 est
3025 4479 3204 4534 quam
3263 4464 3584 4519 dementia.
3634 4464 3711 4518 Et

302 4573 470 4612 κειτο·
530 4556 593 4610 τὸ
648 4553 751 4629 γὰρ
809 4552 1057 4628 περιττὸν
1112 4549 1163 4607 έν
1226 4551 1496 4626 μαλακίαν
1532 4548 1653 4623 ἴσην
1695 4549 1813 4627 ἔχει
1840 4573 1960 4618 πως

2070 4557 2359 4630 spadones
2389 4554 2736 4610 silvosorum
2771 4552 3055 4609 montium
3089 4553 3381 4619 custodes,
3441 4553 3541 4623 qui
3600 4554 3708 4609 im-

303 4647 396 4700 καὶ
425 4645 524 4715 τὴν
581 4640 837 4719 βλακείαν
882 4642 1018 4717 πρὸς
1073 4640 1140 4696 τὰ
1192 4638 1504 4719 κοινωφελῆ
1535 4639 1624 4694 καὶ
1654 4640 1720 4695 τὰ
1750 4638 1953 4698 δέοντα.

309 4736 376 4795 Ol
408 4732 467 4789 δὲ
494 4737 603 4787 τῶν
657 4729 967 4807 περιφύτων
999 4731 1144 4806 ὀρῶν
1200 4728 1437 4810 φύλακες
1476 4728 1747 4802 ἐκτομίαι,
1780 4729 1813 4785 ἃ
1839 4736 1957 4793 τοῖς

307 4822 619 4899 βασιλεῦσιν
678 4821 884 4876 ἀνεῖται
940 4821 1078 4894 πρὸς
1130 4820 1447 4894 κυνηγέσια,
1506 4818 1748 4895 καθάπερ
1797 4820 1958 4896 ἰερῶν

304 4911 534 4987 ἄλσεων,
620 4912 789 4968 εἰπεῖν
878 4908 937 4966 δὲ
1023 4911 1112 4967 καὶ
1174 4908 1541 4985 θεοφυτεύτων
1596 4907 1957 4986 παραδείσων,

306 5003 583 5083 ἐφείδοντο
633 5000 890 5070 τουτωνὶ,
942 4998 1035 5055 καὶ
1118 4997 1507 5071 διηπειλοῦντο
1568 5000 1659 5054 τὸν
1724 4995 1957 5076 ἔσχατον

305 5093 553 5150 κίνδυνον
606 5095 724 5150 τοῖς
807 5087 1051 5162 ἐκτεμεῖν
1127 5086 1485 5164 προθεμένοις
1565 5085 1767 5153 ἐκεῖθεν
1826 5086 1960 5161 ξύλα

308 5182 440 5239 ὂὶττα
469 5180 884 5254 ναυπηγήσιμα.
936 5177 1041 5234 Ναὶ
1105 5180 1212 5250 μὴν
1246 5177 1336 5232 καὶ
1384 5178 1413 5232 6
1458 5180 1557 5233 τοῦ
1600 5176 1801 5234 στόλου
1833 5174 1959 5247 δοὺξ

307 5269 545 5347 Μιχαὴλ
583 5269 610 5322 6
641 5265 943 5345 Στρυφνὸς,
991 5267 1295 5342 κασιγνήτῃ
1340 5273 1442 5336 τῆς
1491 5262 1781 5337 δεσποίνης
1806 5285 1959 5320 συνε-

309 5359 622 5437 ζευγμένος,
683 5352 990 5415 δεινότατος
1046 5350 1121 5407 ὢν
1203 5354 1277 5427 μή
1342 5352 1503 5426 μόνον
1559 5354 1811 5432 γόμφους
1868 5353 1958 5408 καὶ

303 5449 541 5526 ἀγκύρας
608 5442 841 5523 χρυσίου
925 5441 1283 5515 ἀλλάξασθαι,
1359 5441 1503 5499 ἀλλᾶ
1560 5444 1651 5497 καὶ
1712 5441 1957 5520 λαίφεσιν

303 5538 583 5603 ἒπιθέσθαι
668 5533 759 5587 καὶ
844 5531 1186 5609 ἐξαργυρίσαι
1266 5531 1528 5608 πρότονα,
1585 5532 1960 5605 ἁπαξάπαν-τος

303 5627 509 5685 πλοίου
571 5624 781 5699 μακροῦ
837 5622 904 5677 τὰ
968 5622 1167 5696 νεώρια
1224 5621 1512 5696 Ῥωμαίων
1554 5620 1799 5681 έκένωσε.
1855 5622 1959 5679 Καὶ

305 5714 570 5795 βασιλεὺς
628 5713 715 5774 οἷς
765 5709 865 5767 οὐκ
913 5709 1145 5789 ἐπετίμα
1198 5714 1315 5777 τοῖς
1374 5706 1694 5790 ἀϐελτέρως
1741 5711 1809 5771 τὰ
1848 5714 1959 5769 τῶν

2066 4645 2431 4718 peratorlbus
2467 4646 2740 4714 tanquam
2775 4642 2927 4699 sacri
2959 4641 3077 4698 luci
3100 4648 3203 4697 aut
3231 4641 3416 4696 divini
3451 4641 3707 4713 paradisi

2063 4736 2317 4792 venandi
2350 4733 2537 4806 gratia
2588 4734 3093 4798 eonsecratisunt,
3127 4733 3444 4804 parcebant
3469 4732 3701 4786 arbori-

2066 4825 2196 4892 bus,
2227 4829 2284 4879 et
2313 4827 2639 4877 extremum
2676 4822 2996 4893 periculum
3026 4822 3099 4878 iis
3142 4819 3569 4875 minitabantur
3600 4821 3704 4892 qui

2064 4915 2135 4971 ad
2170 4913 2539 4969 fabricandas
2573 4927 2746 4967 naves
2795 4910 2958 4983 ligna
2988 4911 3125 4966 inde
3156 4913 3436 4981 peterent.
3499 4910 3706 4968 Adhuc

2065 5001 2272 5057 classis
2303 5000 2420 5055 dux
2449 4999 2690 5055 Michael
2732 5001 3081 5072 Strypbnus,
3113 4998 3204 5054 cui
3238 4999 3493 5056 dominae
3541 5016 3708 5056 soror

2067 5094 2245 5161 nupta
2273 5097 2414 5156 eral,
2474 5104 2586 5144 non
2640 5092 2870 5144 tantum
2919 5089 3112 5145 clavos
3144 5093 3203 5145 et
3263 5105 3507 5153 ancoras
3566 5106 3708 5145 auro

2068 5181 2416 5250 permutare,
2450 5179 2548 5232 sed
2580 5176 2703 5231 vela
2726 5177 2896 5233 etiam
2921 5182 2976 5233 et
3001 5178 3278 5235 rudentes
3298 5178 3548 5235 vendere
3578 5177 3712 5233 soli-

2065 5274 2182 5337 tus,
2200 5266 2387 5339 longis
2408 5266 2655 5321 navibus
2670 5282 2905 5335 prorsus
2919 5267 3191 5324 omnibus
3206 5268 3431 5325 navalia
3447 5273 3708 5324 Romana

2068 5354 2367 5430 spoliarat.
2403 5357 2722 5427 Imperator
2742 5371 2875 5411 vero
2904 5357 3176 5412 vecordes
3212 5357 3478 5413 homines
3517 5357 3709 5428 pessi-

2067 5463 2165 5502 ma
2196 5444 2452 5500 facinora
2474 5448 2873 5515 perpetrantes
2913 5446 3056 5501 adeo
3117 5461 3232 5500 non
3271 5446 3613 5517 castigabat,
3650 5449 3709 5501 ut

2067 5536 2140 5592 iis
2171 5548 2298 5590 cum
2334 5533 2541 5603 primis
2572 5534 2857 5604 propitius
2896 5550 3021 5589 esse
3055 5535 3367 5589 videretur.
3413 5536 3539 5590 Jam
3571 5535 3711 5604 quia

2064 5625 2316 5682 libenter
2342 5620 2500 5677 domi
2548 5622 2873 5690 desidebat,
2934 5638 3091 5678 nunc
3141 5622 3319 5678 colles
3351 5623 3620 5694 aequabat
3657 5630 3711 5676 et

2064 5711 2239 5773 valles
2269 5708 2680 5783 complanabat
2703 5715 2759 5769 et
2789 5726 2952 5768 arcas
2979 5709 3266 5782 faciebat;
3297 5725 3454 5768 nunc
3490 5707 3709 5771 Latina
