4120 6284
347 375 464 436 923

1663 395 1721 453 Ν
1729 392 1982 455 ICET/E
2021 395 2444 462 CHONIATxE

3630 409 3748 470 924

343 509 549 568 classis
565 514 996 586 expeditionem
1031 536 1061 575 ει
1085 535 1252 578 omne
1284 522 1627 594 proludicro
1659 525 1982 596 deridebat,

2104 536 2283 586 mva
2337 531 2563 588 κάκιστα
2609 529 2826 607 δρῶσιν,
2886 531 3193 592 ἐπευδοκῶν
3269 541 3388 598 τοῖς
3442 537 3751 614 γινομένοις

343 602 402 655 et
457 607 518 656 ut
579 603 832 661 fabulam
881 606 1144 665 elevabat
1199 627 1266 666 ea
1322 613 1580 685 pericula
1634 633 1761 687 quas
1812 616 1987 672 multi

345 690 662 747 audiebant
694 696 840 750 7l7
892 701 949 752 et
975 697 1128 754 velut
1187 700 1246 755 in
1291 713 1604 774 conspectu
1667 705 1980 762 habebant.

347 777 662 852 Postquam
696 798 828 837 vero
854 784 1324 844 Latinosladaris
1349 790 1422 846 ad
1449 792 1802 850 deditionem
1833 812 1990 850 com-

345 868 532 938 pulsis
564 870 865 942 Epidamni
901 877 1196 946 appulisse
1211 883 1268 934 et
1285 878 1549 937 Alexium
1575 881 1983 954 imperatorem

343 957 414 1012 ab
449 959 808 1029 Epidamniis
841 962 1154 1022 salutatum
1187 984 1315 1024 esse
1347 969 1500 1026 haud
1543 972 1736 1028 dubiis
1763 977 1984 1032 nuntiis

343 1047 630 1117 cognovit,
664 1055 727 1103 ut
775 1052 846 1106 de
886 1052 1174 1123 piscatore
1207 1059 1506 1128 proverbio
1538 1061 1774 1133 dicitur,
1836 1064 1985 1122 ictus

343 1153 547 1208 sapere
576 1139 802 1212 incipit,
834 1146 892 1198 et
923 1146 1239 1214 scaptiutas
1264 1155 1670 1218 putrescentes
1693 1161 1745 1208 et
1780 1171 1978 1212 erosas

343 1228 686 1284 avermibus
703 1228 794 1284 vix
810 1230 1012 1302 viginti
1032 1234 1236 1302 reﬁcit,
1255 1241 1312 1292 et
1335 1238 1546 1295 mnceia
1578 1241 1738 1297 urbis
1783 1243 1984 1300 obiens

338 1317 488 1370 aedes
505 1319 858 1376 extrinsecus
888 1323 972 1376 eis
1010 1324 1314 1396 contiguas
1346 1327 1496 1384 dirui
1545 1331 1728 1401 jubet.
1775 1333 1988 1390 Classis

345 1405 667 1476 Epidamno
694 1409 764 1464 ad
822 1409 1130 1481 Corcyram
1192 1426 1460 1486 provecta
1500 1419 1724 1491 Cpolim
1779 1439 1988 1481 versus

341 1503 471 1558 vela
515 1505 843 1562 fecitznam
897 1511 1287 1570 occidentales
1340 1515 1524 1573 multo
1582 1524 1716 1576 ante
1777 1527 1988 1578 norant

347 1591 678 1650 Romanum
697 1595 1003 1668 imperium
1029 1601 1169 1655 nihil
1195 1617 1325 1659 esse
1351 1605 1510 1662 aliud
1545 1608 1658 1664 nisi
1683 1611 1984 1682 crapulam

344 1686 401 1735 et
430 1683 790 1753 ebrietatem,
823 1702 926 1740 nec
975 1686 1128 1744 aliud
1163 1705 1292 1748 esse
1333 1693 1556 1765 Cpolim
1599 1715 1772 1768 quam
1805 1699 1986 1772 Syba-

347 1769 456 1824 rim
481 1769 641 1826 illam
675 1773 814 1828 luxu
852 1775 1160 1833 celebrem.
1187 1781 1257 1836 Et
1291 1799 1626 1856 prosperam
1667 1769 1984 1862 navigatio-

2095 617 2374 688 ἡλίσκετο.
2407 620 2639 680 Μᾶλλον
2675 623 2768 697 μὲν
2803 621 2894 679 οῦν
2926 626 3015 679 καὶ
3065 626 3226 687 αὐτὸς
3259 627 3508 703 οἰκουρίᾳ
3539 629 3750 704 χαίρων

2090 712 2176 764 νῦν
2228 711 2323 781 μὲν
2378 711 2638 790 γεώλοφα
2690 714 2915 787 καθῄρει
2963 715 3054 769 καὶ
3103 713 3415 790 ἀνεπλήρου
3442 737 3743 797 φαραγγας,

2092 796 2277 860 ἀλωὰς
2317 801 2650 880 αὐτουργῶν,
2681 807 2768 857 νῦν
2803 800 2861 858 δὶ
2891 803 2968 866 είς
3017 801 3350 861 ἐπιδείπνιον
3382 796 3500 887 εἶχε
3530 807 3746 886 γέλωτα

2089 889 2188 958 τήν
2243 894 2339 945 τοῦ
2396 895 2686 948 Λατινικοῦ
2745 892 2943 948 στόλου
2998 893 3333 964 ἀπόπλοιαν,
3388 895 3479 952 καὶ
3543 899 3620 960 ὡς
3669 899 3745 960 εἰς

2096 979 2262 1051 μῦθον
2295 978 2496 1036 ἀπέλυε
2525 980 2590 1036 τὰ
2638 986 2752 1043 τοῖς
2803 981 2933 1036 ὠσῖν
2984 979 3178 1038 ἔναυλα
3210 981 3356 1040 δεινὰ
3385 986 3474 1040 καὶ
3506 988 3592 1060 [Ρ.
3621 990 3745 1061 349]

2091 1068 2196 1141 πρὸ
2251 1068 2518 1144 ὀμμάτων
2576 1069 2812 1134 πολλοῖς
2872 1071 3114 1145 κείμενα.
3167 1075 3321 1130 Ἐπεὶ
3382 1072 3437 1130 δὲ
3469 1078 3748 1148 παρεστή-

2092 1179 2249 1213 σαντο
2283 1159 2378 1232 μὲν
2425 1160 2476 1214 oi
2535 1166 2758 1216 Λατῖνοι
2808 1160 2875 1216 τὰ
2934 1160 3170 1235 Ὶάδαρα,
3225 1167 3294 1237 τῇ
3327 1162 3375 1219 δ’
3421 1165 3746 1239 Ἐπιδάμνῳ

2092 1248 2496 1323 προσώκειλαν,
2545 1251 2635 1304 καὶ
2696 1249 2950 1324 βασιλεὺς
3006 1251 3294 1326 Ῥωμαίων
3328 1253 3356 1310 ὁ
3399 1255 3570 1310 συνὼν
3613 1255 3752 1312 ἐκεί-

2091 1359 2204 1401 νοις
2255 1339 2498 1412 Ἀλέξιος
2557 1339 2702 1414 παρᾶ
2759 1345 2866 1395 τῶν
2921 1341 3322 1415 Ἐπιδαμνιτῶν
3382 1343 3747 1420 ἆνηγόρευτο,

2091 1429 2181 1484 καὶ
2233 1431 2336 1500 τήν
2389 1429 2514 1506 περὶ
2571 1433 2776 1486 τούτων
2829 1433 3018 1510 φήμην
3067 1432 3471 1512 ἀναμφήριστον
3524 1435 3670 1512 εἶχεν
3716 1437 3744 1490 ὁ

2097 1515 2377 1594 βασιλεὺς,
2428 1517 2635 1594 γίνεται
2683 1519 3074 1594 παροιμιώδης
3113 1520 3434 1592 ἀσπαλιεὺς,
3483 1523 3545 1588 ὃς
3593 1523 3741 1594 πλη-

2091 1610 2204 1686 γεὶς
2270 1609 2562 1683 κομίσεται
2614 1613 2758 1667 νοῦν.
2818 1611 3054 1685 ’Ἠρξατο
3111 1612 3294 1668 τοίνυν
3376 1613 3744 1685 ἐπισκευάζειν

2090 1699 2159 1754 τὰ
2213 1702 2322 1754 τῶν
2381 1697 2678 1776 σκαφιδίων
2740 1702 3014 1776 ὖποσαθρά
3082 1723 3140 1758 τε
3194 1705 3284 1759 καὶ
3345 1703 3745 1778 θριπηδέστατα

2097 1787 2264 1861 μόλις
2319 1787 2370 1850 ές
2422 1788 2621 1843 εἷ’κοσιν
2681 1789 3077 1865 ἀριθμούμενα.
3137 1792 3436 1866 περιελθὼν
3472 1792 3528 1850 δὲ
3559 1795 3743 1851 καὶτὰ

346 1874 478 1914 nem
545 1860 884 1921 mirabiliter
938 1871 1238 1925 consecuti
1289 1873 1440 1940 (nam
1509 1891 1662 1931 auras
1720 1860 1880 1934 lenes
1935 1883 1990 1936 et

2104 1877 2256 1952 τείχη
2311 1883 2410 1947 τῆς
2469 1877 2685 1940 πόλεως
2716 1860 2830 1940 ’τάξ
2885 1860 3076 1950 ἔξωθεν
3125 1881 3368 1952 οἰκήσεις
3409 1883 3740 1957 κατερείπειν

350 1950 620 2005 secundae
659 1964 932 2026 perpetuo
967 1956 1209 2014 navibus
1265 1977 1466 2018 eorum
1519 1965 1899 2040 aspirabant),
1935 1975 1994 2025 et

347 2036 490 2092 urbe
521 2039 742 2110 ignaris
774 2043 889 2098 fere
921 2046 1194 2102 omnibus
1227 2057 1530 2122 occupata,
1566 2069 1700 2110 cum
1747 2055 1988 2114 Chalce-

351 2127 562 2182 donem
596 2127 983 2200 appulissent,
1029 2151 1206 2193 naves
1237 2139 1447 2208 partim
1495 2143 1739 2216 remigio
1781 2147 1989 2214 partim

351 2213 734 2272 veliﬁcatione
766 2219 936 2290 paulo
969 2229 1105 2292 post
1133 2225 1194 2280 in
1224 2227 1528 2285 obversam
1561 2213 1766 2288 orienti
1811 2235 1992 2292 Peras-

352 2319 446 2357 am
479 2320 594 2358 non
629 2307 880 2364 multum
915 2311 1066 2366 infra
1097 2313 1238 2370 duas
1267 2317 1572 2374 columnas
1623 2325 1987 2394 perveniunt,

351 2392 487 2447 etin
521 2396 753 2450 ancoris
778 2402 938 2454 extra
967 2400 1062 2456 teli
1089 2403 1310 2472 jactum
1353 2423 1386 2462 a
1437 2392 1636 2466 littore
1683 2392 1988 2472 ﬂuctuant.

356 2485 646 2539 Domones
671 2501 802 2541 vero
826 2488 893 2542 ad
929 2489 1257 2549 Scutarium
1304 2497 1622 2569 appellunt.
1671 2507 1748 2557 Ac
1791 2503 1992 2560 Roma-

355 2569 413 2624 ni
446 2587 514 2626 ex
544 2574 786 2631 tumulis
845 2582 900 2632 et
929 2577 1125 2636 littore
1182 2582 1348 2641 irrita
1391 2587 1506 2644 tela
1560 2594 1618 2646 et
1649 2591 1990 2667 plerumque

353 2676 526 2717 naves
587 2664 736 2719 718
797 2683 908 2721 non
971 2669 1310 2740 atlingentia
1357 2675 1414 2731 in
1463 2693 1622 2734 mare
1669 2664 1987 2752 jacieba‘nt.

354 2748 681 2806 Excubabat
709 2759 766 2809 et
799 2755 910 2810 alia
943 2757 1197 2828 phalanx
1242 2765 1310 2818 ad
1363 2748 1704 2842 Damatryn,
1737 2787 1863 2844 quas
1895 2789 1993 2829 ex-

349 2839 654 2898 cursiones
683 2845 945 2915 equitum
1003 2849 1318 2909 cohiberet.
1370 2855 1478 2912 Sed
1515 2839 1626 2914 nec
1676 2839 1838 2918 illius
1878 2862 1994 2918 ulla

347 2926 456 2982 fuit
485 2929 708 2988 utilitas
738 2949 751 2988 :
785 2951 912 2991 nam
949 2940 1092 2994 adeo
1139 2944 1207 2996 ad
1241 2943 1439 3001 hostes
1472 2965 1588 3004 non
1622 2967 1802 3024 prope
1832 2969 1996 3009 acces

351 3025 571 3086 serunt,
601 3023 668 3074 ut
695 3021 957 3080 obversis
992 3028 1170 3099 tergis
1193 3033 1289 3086 alii
1311 3034 1666 3108 ceciderunt,
1695 3021 1794 3094 alii
1838 3058 1995 3096 mor-

349 3109 464 3159 tem
498 3107 587 3162 vix
617 3109 946 3182 elt'ugerint,
983 3115 1158 3173 duces
1189 3125 1531 3194 praesertim,
1564 3107 1746 3184 cervis
1776 3129 1995 3185 timidi-

355 3209 506 3249 ores.
539 3196 604 3251 Et
635 3213 752 3268 quo
785 3206 946 3268 pacto
974 3219 1106 3260 cum
1155 3207 1227 3262 iis
1264 3211 1406 3267 viris
1429 3217 1728 3288 congressi
1781 3223 1994 3289 essent,

356 3297 507 3350 quos
536 3286 776 3356 angelos
807 3295 1070 3359 raptores
1101 3297 1432 3356 animorum
1465 3307 1522 3358 et
1551 3286 1726 3362 terens
1767 3313 1992 3365 statuas

350 3370 778 3470 appellabant?
831 3379 904 3434 ad
953 3397 1199 3470 quorum
1253 3397 1629 3464 conspectum
1689 3413 1991 3470 propemo-

355 3460 495 3515 dum
527 3463 1002 3524 emoriebantur?

2101 1965 2475 2042 προσέταττεν.
2535 1968 2596 2024 Ὁ
2650 1965 2706 2023 δὲ
2765 1967 2958 2032 στόλος
3014 1969 3144 2044 ἂρας
3201 1969 3254 2042 ἐξ
3311 1969 3646 2046 Ἐπιδάμνου
3674 1980 3743 2049 τῇ

2099 2059 2206 2110 τῶν
2269 2055 2614 2131 Κερκυραίων
2671 2053 3024 2131 παρενέϐαλε,
3073 2059 3162 2114 καὶ
3221 2061 3343 2135 περὶ
3397 2061 3494 2124 τὰς
3545 2061 3742 2118 εἴκοσιν

2099 2145 2308 2220 ἡμέρας
2369 2145 2573 2220 σχάσας
2631 2145 2828 2211 ἐκεῖθεν
2899 2148 2990 2202 τὸν
3050 2147 3247 2220 πλοῦν,
3325 2151 3400 2212 ὡς
3455 2145 3593 2226 ἔγνω
3650 2154 3746 2221 τὴν

2100 2232 2264 2308 ἄκραν
2311 2231 2785 2312 δυσεπιχείρητον,
2857 2239 2980 2292 εὐθὺ
3059 2245 3160 2308 τῆς
3218 2241 3628 2296 Κωνσταντίνου
3681 2243 3748 2298 τὰ

2100 2321 2270 2401 λαίφη
2331 2321 2755 2380 διαπετάννυσιν·
2830 2323 3024 2400 ᾔδεσαν
3079 2327 3180 2402 γὰρ
3258 2329 3318 2383 ὲκ
3377 2335 3593 2404 μακροῦ
3647 2333 3743 2400 τήν

2097 2411 2203 2468 τῶν
2257 2413 2546 2486 Ῥωμαίων
2602 2415 2654 2469 οἳ
2713 2415 2802 2490 ἀφ’
2841 2413 3065 2490 ἑσπέρας
3122 2416 3302 2492 ἀρχὴν
3337 2415 3388 2480 ἐς
3432 2415 3604 2491 μηδὲν
3629 2417 3744 2474 ἓτε-

2100 2524 2196 2578 ρον
2265 2509 2587 2578 περιστᾶσαν
2647 2505 2680 2574 ἢ
2740 2507 3050 2579 κραιπάλην
3119 2507 3210 2561 καὶ
3274 2507 3442 2578 μέθην
3503 2507 3594 2562 καὶ
3649 2508 3746 2575 τήν

2099 2589 2397 2662 Βυζαντίδα
2467 2587 2703 2668 Σύϐαριν
2780 2593 3023 2668 ἀτεχνῶς
3089 2597 3190 2664 τήν
3247 2595 3596 2668 ὑμνουμένην
3656 2595 3744 2651 ἐπὶ

2100 2685 2300 2762 τρυφῇ.
2350 2681 2508 2739 ’Ὀοεν
2565 2679 2822 2747 εὐπλοίας
2879 2680 3186 2758 παραδόξου
3249 2685 3512 2760 τυχόντες
3567 2684 3748 2762 (αὖραι

2099 2773 2200 2846 γὰρ
2261 2768 2350 2825 διὰ
2405 2771 2603 2832 παντὸς
2658 2768 2943 2832 ποντιάδες
3003 2773 3219 2846 πραεῖαί
3285 2793 3342 2828 τε
3407 2773 3500 2828 καὶ
3548 2771 3752 2846 πλησί-

2103 2880 2242 2914 στιοι
2289 2863 2407 2922 ταῖς
2455 2861 2640 2915 ναυσὶν
2690 2859 2908 2916 ἐκείνων
2967 2859 3248 2935 ἐπέπνεον)
3295 2865 3362 2936 τῇ
3415 2861 3578 2918 πόλει
3635 2863 3755 2942 ἐφί-

2105 2970 2318 3005 στανται
2379 2947 2616 3023 μηδενὸς
2665 2947 2873 3014 εἰδότος
2931 2949 3149 3030 σχεδόν.
3197 2952 3538 3026 Κατάραντες
3579 2953 3672 3008 οὖν
3705 2952 3758 3016 ἐς

2105 3035 2432 3110 Χαλκηδόνα
2479 3041 2616 3115 πρὸς
2669 3041 2770 3110 τὴν
2813 3039 3184 3114 ἀντίπορθμον
3233 3039 3418 3097 ἔκτοτε
3448 3046 3518 3116 τῇ
3548 3039 3623 3116 ἕῳ
3649 3045 3752 3100 Πε-

2107 3127 2258 3203 ραίαν
2302 3131 2402 3200 τήν
2435 3131 2674 3193 κάτωθεν
2727 3130 2923 3204 μικρόν
2950 3151 3004 3184 τι
3033 3134 3131 3184 τοῦ
3180 3128 3382 3186 διπλοῦ
3411 3130 3618 3202 κίονος,
3647 3131 3748 3186 κώ-

2109 3241 2237 3282 παις
2274 3219 2367 3293 μὶν
2417 3219 2470 3273 αἱ
2518 3225 2664 3289 νῆες,
2713 3219 2778 3273 τὰ
2828 3215 2886 3273 δὲ
2933 3217 3104 3274 πλοῖα
3135 3216 3380 3300 λαίφεσιν
3409 3220 3761 3299 ἀφικνοῦνται

2115 3311 2248 3384 μετὰ
2309 3309 2519 3385 μικρὸν,
2578 3307 2669 3362 καὶ
2738 3306 3054 3364 σαλεύουσιν
3111 3306 3194 3364 ἐπ’
3253 3310 3503 3384 ἀγκυρῶν
3565 3310 3762 3375 ἄποθεν

2101 3402 2201 3470 τῆς
2256 3398 2458 3474 χέρσου
2517 3395 2570 3461 ἐς
2629 3397 2754 3452 ’ὀσον
2791 3399 2867 3470 μὴ
2903 3397 3040 3454 εἶναι
3086 3397 3282 3474 βέλους
3313 3397 3487 3462 ἐντός.
3521 3401 3588 3458 Οἱ
3621 3398 3679 3456 δέ
3705 3423 3767 3476 γε

2104 3485 2382 3564 δρόμωνες
2439 3491 2520 3560 τῷ
2582 3487 2899 3562 Σκουταρίῳ
2957 3487 3376 3563 προσίσχουσιν,
3427 3487 3768 3566 Ἥκροὸολί..

362 3552 517 3615 ζοντο
553 3549 646 3617 μὲν
682 3549 774 3606 οὖν
809 3555 1076 3628 Ῥωμαῖοι
1133 3562 1270 3619 κατᾶ
1323 3571 1430 3622 τῶν
1481 3569 1696 3629 πλοίων
1753 3573 1814 3630 ἐκ
1859 3581 1970 3632 τῶν
2029 3577 2202 3634 ἐκεῖσε
2255 3573 2438 3654 λόφων
2498 3575 2930 3654 προφαινόμενοι
2988 3577 3079 3631 καὶ
3131 3582 3250 3638 ταῖς
3306 3578 3494 3641 ἀκταῖς
3545 3577 3762 3659 ἐφιστά-

365 3633 537 3659 ιι-ιηιιέη
577 3628 700 3659 ᾹἸἸὍ
741 3633 808 3659 3-.
846 3633 970 3659 -.21⁵7
1031 3643 1058 3654 ιι·
1169 3642 1182 3659 ς
1235 3645 1248 3659 ι
1494 3651 1505 3659 ι
1748 3655 1758 3659 -
2033 3658 2038 3659 ,
2099 3655 2113 3659 -
2260 3657 2270 3659 -
2333 3657 2341 3659 .
2542 3655 2558 3659 _
2641 3655 2676 3659 __
2831 3655 2842 3659 _

365 3628 700 3731 psvoi-ndll’
741 3633 808 3702 ἦν
843 3633 1098 3710 οὐδαμῶς
1155 3642 1394 3720 ἀνύσιμα
1449 3651 1516 3706 τὰ
1573 3628 1961 3730 πεμπόμεναζγ
1989 3628 2056 3714 τά
2095 3655 2152 3713 δὲ
2217 3628 2394 3713 πλείῐω
2455 3628 2586 3730 μηδ’
2625 3628 2982 3730 ἰέξικνδύμενα
3019 3661 3116 3712 τοῦ
3151 3659 3359 3731 μήκους
3389 3659 3526 3713 κατὰ
3557 3628 3770 3716 θῘαλάσ-

365 3737 464 3788 σης
523 3713 850 3781 ἐϐάλλοντο.
909 3728 1012 3783 Καὶ
1071 3730 1281 3810 φάλαγξ
1319 3713 1494 3816 ’ἑτέρα
1549 3713 1656 3804 τις.
1691 3713 2062 3823 ἄνωθενῖπερὶ
2113 3749 2204 3803 τὸν
2261 3713 2552 3821 Δαματρύα
2606 3713 2898 3820 ἡγραύλειι,
2955 3747 3051 3808 τὰς
3101 3751 3207 3802 τῶν
3248 3744 3458 3802 ἱππέων
3490 3746 3766 3826 ἐκδρομὰς

2341 3805 2352 3820 I
2454 3805 2463 3821 I
2631 3805 2696 3820 ἸΙ
2886 3805 2897 3815 1
3038 3805 3048 3808 '
3592 3805 3601 3826 Ι
3661 3805 3672 3824 ι
3752 3805 3765 3811 τ

362 3805 762 3882 ἐπισχήσουσα.
801 3813 952 3885 Πλήν
999 3805 1092 3873 καί
1120 3822 1256 3895 αὕτη
1291 3805 1438 3902 πρὸς.
1459 3828 1610 3886 οὐδέν
1642 3855 1692 3888 τι
1724 3805 2018 3910 γρήσιμοςι
2049 3836 2312 3914 έγεγόνει³
2366 3835 2428 3890 ού
2485 3837 2588 3912 γὰρ
2647 3835 2810 3908 μόνον
2843 3839 2960 3897 τοῖς
2991 3833 3284 3909 πολεμίοις
3317 3835 3435 3892 οὐδ’
3463 3836 3551 3942 ἐπὶ
3587 3837 3767 3942 ξραχὺ

362 3897 764 3942 πΩοσῖπ-ἇληηευ
844 3903 990 3942 λιλἸι-ἓ.
1041 3909 1129 3942 ...Α
1190 3917 1338 3942 ---ιλ
1362 3938 1451 3942 ..μγ
1547 3922 1562 3941 \
1753 3927 1763 3942 1
2056 3933 2078 3942 ..
2167 3925 2181 3942 ς
2261 3923 2285 3942 δ
2334 3927 2346 3942 1
2527 3923 2631 3942 ὀυκ
2895 3924 2909 3942 ε
3007 3925 3025 3942 κ
3117 3921 3142 3942 τι
3429 3927 3442 3942 ι
3537 3928 3548 3942 ι

1991 3897 2002 3900 “
2156 3897 2166 3912 Ι
2499 3897 2510 3912 Ι
2560 3897 2570 3911 1
2647 3897 2658 3908 Ψ
3137 3897 3147 3909 Π
3587 3897 3598 3913 ι
3627 3897 3637 3913 Ι
3695 3897 3735 3914 η

359 3897 788 3969 προσεπέλασεν,
844 3903 990 3962 ἀλλὰ
1041 3909 1131 3964 καὶ
1187 3897 1456 3990 στρέψασα
1507 3922 1573 3976 τὰ
1633 3897 1935 4006 μετάφρενα
1989 3897 2105 3990 τοῖς
2164 3923 2472 3982 ἐπιδιώκειν
2521 3923 2820 3993 ἐθέλουσιν,
2863 3924 2915 3978 οἱ
2968 3925 3063 3998 μὶν
3115 3921 3362 3994 ἔπιπτον,
3397 3927 3448 3982 oi
3500 3924 3548 3980 δ’
3595 3922 3766 4000 ἔμελ-

365 3983 386 4006 ‘t
557 3989 571 4006 ι
611 3989 654 4006 ιιι
696 3992 710 4006 ς
757 3995 768 4006 ι
890 3996 901 4006 .
1038 3999 1085 4006 --
1222 4005 1225 4006 ,

365 3983 503 4094 λονέ
524 3989 576 4044 οἱ
608 3989 654 4044 δ’
683 3992 780 4048 ἀνὰ
805 3996 1002 4069 κράτος
1033 3983 1406 4078 ἐδραπέτευον,
1436 4012 1525 4066 καὶ
1570 3983 1821 4086 μάλιστα⁵
1845 4018 1898 4072 oi
1947 3983 2239 4094 στρατηγοὶ
2289 4017 2364 4078 ὡς
2410 4012 2744 4093 κραδέλαφοι
2781 3983 2948 4071 πλέον
2968 3983 3312 4091 ιδείλανδροι.
3349 4024 3472 4081 Πῶς
3504 4015 3553 4074 δ’
3584 3983 3646 4072 ἂν
3675 4019 3766 4074 καὶ

361 4072 658 4149 συμϐαλεῖν
691 4081 942 4157 ἀνδράσιν
976 4072 1304 4167 ὑπήνεγκαν,
1338 4072 1430 4161 οῦς
1461 4072 1828 4180 ψ’)χάρπακίας
1861 4072 2246 4182 ἀγγέλουςικαί
2289 4072 2684 4182 χαλκηλάτους
2716 4102 3032 4180 ἀνδριάντας
3065 4105 3171 4160 οὐκ
3199 4072 3407 4163 δικνουν
3437 4107 3758 4180 ἀποκαλεῖν,

357 4165 448 4218 καὶ
476 4167 610 4240 πρὸς
639 4171 740 4238 τήν
769 4173 952 4230 αὐτῶν
983 4176 1102 4234 θέαν
1131 4187 1210 4254 τῷ
1251 4182 1356 4240 δέει
1386 4187 1735 4266 ἐξέθνῃσκονς

436 4257 520 4310 10.
545 4261 749 4356 Paucis
764 4262 968 4322 diebus
984 4269 1220 4343 elapsis,
1242 4292 1372 4332 cum
1391 4257 1579 4336 [Latini
1593 4257 2005 4356 cognovissent

359 4349 655 4402 neminem
690 4351 746 4406 in
774 4358 926 4410 terra
951 4374 1078 4416 esse
1136 4366 1229 4433 qui
1291 4370 1561 4428 resistere
1617 4373 1808 4446 vellet,
1861 4378 2002 4447 'pro-

362 4435 492 4537 pius
515 4438 585 4492 ad
621 4438 818 4498 littora
867 4451 1168 4510 accedunt.
1202 4454 1420 4514 Exinde
1470 4463 1758 4532 equitatus
1793 4435 2004 4537 paulu-

2189 4287 2239 4342 ι’.
2271 4284 2430 4344 Ἀλλ’
2473 4283 2628 4340 οὔπω
2674 4285 2866 4364 συχνοί
2897 4285 3247 4361 παρήλθοσαν
3277 4284 3458 4356 ἣλιοι,
3485 4287 3575 4342 καὶ
3609 4289 3762 4364 γνόν-

2110 4393 2196 4436 τες
2255 4375 2306 4428 οἱ
2365 4379 2582 4428 Λατῖνοι
2650 4371 2726 4434 ὣς
2805 4369 2986 4434 οὐδεὶς
3043 4374 3071 4428 ὁ
3126 4374 3264 4428 κατᾶ
3321 4375 3521 4450 χέρσον
3585 4373 3758 4452 σφίσιν

2113 4463 2298 4528 αὐτοῖς
2345 4463 2825 4537 ἀντιστησόμενος,
2883 4469 3002 4526 ταῖς
3059 4463 3248 4525 ἀκταῖς
3295 4463 3760 4538 προσπελάζουσι.

359 4522 476 4580 lum
511 4544 543 4583 a
579 4531 724 4586 mari
759 4537 1020 4606 recessit,
1055 4557 1230 4599 naves
1275 4546 1332 4601 in
1365 4549 1556 4606 sinum
1617 4569 1748 4610 sese
1799 4560 1993 4611 contu-

2112 4555 2402 4609 Κάντεῦθεν
2459 4555 2493 4624 ἡ
2551 4574 2646 4627 μεν
2703 4553 2905 4621 ἱππική
2967 4551 3336 4629 στρατιὰῗετο
3371 4553 3558 4630 βραχύ
3586 4575 3639 4608 τι
3668 4557 3760 4622 τῆς

359 4613 571 4674 lerunt.
609 4618 681 4676 Ut
711 4630 904 4680 autem
925 4627 1022 4683 alii
1057 4638 1208 4688 terra
1241 4632 1339 4690 alii
1374 4639 1520 4694 mari
1580 4641 1886 4699 castellum
1919 4643 2000 4716 id,

359 4704 440 4804 σᾶ.
465 4707 622 4777 quod
654 4709 838 4768 ferrea
894 4721 1098 4774 catena
1160 4723 1394 4780 maximi
1448 4729 1720 4798 ponderis
1777 4704 2002 4804 alligari

360 4793 505 4848 solet
527 4813 658 4854 cum
693 4800 922 4860 hostilis
954 4805 1162 4865 classis
1182 4793 1572 4887 exspecta-tur,
1596 4821 1792 4875 statim
1823 4793 2002 4894 op’pu-

361 4897 540 4951 gnare
587 4898 901 4960 coeperunt,
951 4897 1174 4954 videres
1257 4901 1400 4959 alios
1456 4923 1522 4962 ex
1583 4909 1800 4966 nostris
1872 4915 2005 4981 post

359 4971 624 5039 exiguam
684 4977 1080 5040 defensionem
1149 4992 1443 5062 autugere,
1503 4995 1648 5052 alios
1705 4999 1888 5054 occidi
1949 5003 2006 5056 et

363 5059 511 5128 capi,
549 5059 690 5116 alios
720 5079 820 5132 per
869 5075 1132 5130 catenam
1193 5081 1353 5148 quasi
1400 5083 1596 5141 funem
1634 5085 1692 5142 in
1735 5086 2004 5146 triremes

363 5151 594 5250 nostras
626 5150 1004 5226 descendere,
1039 5163 1257 5222 multos
1296 5175 1558 5229 catenam
1596 5191 1712 5231 non
1757 5177 2002 5250 adeptos

362 5233 510 5288 719
571 5236 628 5292 in
699 5243 884 5299 undas
935 5251 1305 5324 praecipitari.
1367 5259 1584 5318 Deinde
1649 5264 1751 5322 illa
1820 5233 2004 5323 fracta

356 5326 474 5377 tota
533 5325 744 5384 classis
816 5332 1047 5394 hostilis
1104 5340 1453 5414 ingreditur.
1539 5351 1677 5410 Mox
1737 5356 2003 5414 triremes

364 5421 570 5503 nostris
640 5419 850 5486 partim
911 5425 1424 5501 capiunturfaliaa
1495 5441 1565 5496 ad
1625 5442 1786 5500 littus
1850 5446 2006 5503 urbis

362 5501 622 5590 appulsae
655 5507 868 5576 fugatis
898 5517 1222 5574 vectoribus
1253 5521 1596 5586 lacerantur.
1619 5530 1752 5589 Erat
1783 5501 2003 5590 malum

362 5587 415 5690 id
476 5591 621 5648 adeo
670 5597 892 5656 varium
953 5608 1012 5658 ut
1063 5605 1282 5664 nullius
1359 5613 1613 5672 hominis
1657 5587 2004 5694 cogitatione

359 5675 652 5754 integrum
713 5689 1169 5762 comphrehendi
1233 5701 1438 5772 possit.
1505 5675 2006 5774 Amenuho‘cme—st

2114 4640 2392 4713 θαλάσσης
2423 4641 2726 4718 ἀπέχουσα,
2769 4643 2824 4696 αἱ
2874 4639 2930 4696 δὲ
2975 4643 3098 4712 νῆές
3141 4661 3202 4696 τε
3245 4641 3336 4696 καὶ
3385 4643 3438 4696 οἱ
3479 4640 3756 4718 δρόμωνες

2111 4731 2202 4785 καὶ
2235 4729 2322 4785 ἐπὶ
2351 4729 2566 4792 τούτοις
2617 4729 2685 4784 τά
2721 4728 2891 4785 πλοῖα
2944 4730 3078 4804 πρὸς
3124 4729 3216 4785 τὸν
3261 4727 3528 4805 ἐσέχοντα
3554 4731 3746 4787 κόλπον

2113 4814 2449 4894 μετέϐαινον.
2499 4825 2583 4880 Ὡς
2631 4815 2678 4873 δ’
2727 4819 2779 4874 oi
2830 4819 2924 4891 μὲν
2977 4819 3233 4894 ὲπίγειοι,
3266 4820 3318 4874 οἱ
3368 4818 3414 4874 δ’
3445 4819 3749 4890 ἐνάλιοιτῷ

2113 4908 2357 4990 φρουρίῳ
2389 4906 2685 4979 ἐπέστησαν
2732 4905 2787 4963 ἐν
2831 4906 2876 4980 ᾧ
2931 4905 3158 4964 εἷ’θισται
3205 4909 3506 4982 Ῥωμαίοις
3539 4907 3754 4984 σιδηρᾶν

2117 4995 2518 5075 βαρυτάλαντον
2567 4994 2816 5052 ἀποδέειν
2860 4994 3079 5068 ἃλυσιν,
3121 4996 3282 5068 ἡνίκα
3326 4997 3540 5054 πλοίων
3593 4998 3760 5054 πολε-

2116 5086 2256 5159 μίων
2312 5085 2524 5158 ἐνσταίη
2581 5107 2665 5148 τις
2748 5081 2964 5166 ἔφοδος,
3017 5085 3172 5148 εὐθὺς
3237 5082 3652 5163 προσϐάλλουσι
3685 5091 3763 5158 τῷ

2113 5173 2364 5252 ἐρύματι.
2424 5174 2526 5232 Καὶ
2583 5175 2650 5244 ἦν
2707 5171 2838 5230 ἰδεῖν
2897 5176 2991 5240 οὕς
3049 5177 3144 5250 μὲν
3177 5180 3286 5232 τῶν
3331 5176 3592 5256 φυλάκων
3626 5183 3760 5231 Ῥω-

2116 5265 2292 5339 μαίων
2355 5267 2471 5338 μετ’
2527 5263 2898 5340 άντιμάχησιν
2965 5266 3225 5340 βραχεῖαν
3275 5263 3516 5344 φυγάδας
3546 5265 3762 5340 ὁρωμέο

2110 5375 2235 5418 νους
2309 5351 2531 5424 ἐκεῖθεν,
2608 5353 2700 5416 οὕς
2795 5350 2852 5408 δί
2942 5351 3364 5431 ἀναιρουμένους
3463 5356 3553 5410 καὶ
3658 5359 3762 5424 ζω-

2109 5444 2467 5521 γρουμένους,
2533 5442 2708 5507 ἐνίους
2781 5441 2840 5500 δὶ
2910 5444 3002 5500 καὶ
3069 5445 3142 5506 ὡς
3208 5441 3298 5499 διὰ
3360 5465 3508 5508 τινος
3549 5447 3762 5520 ἱμονιᾶς

2111 5543 2212 5606 τῆς
2244 5533 2487 5598 ἁλύσεως
2539 5534 2826 5596 κατιόντας
2880 5553 2940 5589 τε
2994 5532 3087 5588 καὶ
3138 5532 3403 5597 εἲσιόντας
3453 5536 3550 5597 τὰς
3593 5533 3762 5590 ἐκεῖσε

2110 5624 2381 5700 ἡμετέρας
2429 5625 2699 5700 τριήρεις,
2747 5620 2996 5685 πολλοὺς
3047 5619 3104 5677 δὲ
3148 5622 3238 5678 καὶ
3269 5619 3593 5699 κυμϐάχους
3621 5622 3757 5679 κατὰ

2115 5714 2284 5790 βυθοῦ
2335 5711 2672 5794 φερομένους
2730 5712 2782 5771 ἰν
2829 5717 2910 5787 τῷ
2963 5718 3066 5786 τῆς
3115 5709 3360 5776 ἁλύσεως
3419 5710 3758 5792 διαμαρτεῖν.
