4120 6284
319 362 439 426 925

1228 358 1330 421 DE
1373 358 1669 423 ALEXIO
1710 355 2003 421 ISAACII
2044 359 2326 422 ANGELI
2374 359 2503 422 FR.
2547 359 2698 421 LIB.
2742 358 2853 422 III.

3613 348 3753 415 926‘

323 499 458 554 Εἶτα
486 494 577 549 καὶ
612 495 784 564 αὐτῆς
833 490 1223 571 διαῤῥαγείσης
1280 491 1409 548 ε’ίσω
1466 492 1678 565 ξύμπας
1721 492 1749 548 6
1805 491 1975 547 πολέο

2091 510 2290 550 mense
2321 494 2500 558 Julio,
2548 510 2702 550 anno
2741 494 2904 549 6711.
2955 494 3096 549 Inde
3127 490 3309 548 Latini
3345 507 3477 547 cum
3506 494 3728 547 tantum

326 608 454 662 μιος
484 585 682 648 στόλος
741 585 1030 660 εἶσρόεται.
1090 586 1211 641 Τῶν
1272 582 1320 639 δ’
1375 580 1674 657 ἡμεδαπῶν
1731 586 1797 657 [Ρ
1853 585 1978 657 350]

322 675 598 752 τριηρέων
627 676 681 729 αἱ
737 675 833 747 μὲν
891 673 1083 729 αὐτίκα
1135 677 1472 751 χειροῦνται,
1529 671 1587 726 αἴ
1642 671 1701 727 δὲ
1753 676 1834 744 τῷ
1878 679 1979 740 τῆς

323 760 545 826 πόλεως
602 762 844 838 αἶ’γιαλῷ
903 763 1384 838 προσεγχρίψασαι
1463 763 1753 837 τιτρῶνται
1843 761 1977 834 μετὰ

323 857 424 925 τὴν
455 858 566 908 τῶν
594 851 952 925 ἐμπλεόντων
1001 853 1247 909 κένωσιν.
1309 851 1413 907 Καὶ
1461 851 1530 919 ἧν
1574 848 1860 912 πολυειδὲς
1914 849 1978 904 τὸ

325 944 514 1012 κακὸν,
552 939 682 1016 μηδ’
715 941 802 997 ἐπὶ
835 938 1058 1015 καρδίαν
1092 940 1240 1003 ὅλως
1270 940 1422 1002 τινὸς
1465 939 1638 997 ἀνιόν.
1698 939 1977 997 Ἐνίστατο

330 1031 388 1088 δὲ
416 1033 545 1086 τότε
575 1032 684 1104 μὴν
727 1030 985 1102 Ἰούλιος,
1040 1033 1139 1085 τοῦ
1200 1027 1680 1104 έξακισχιλιοστοῦ
1746 1029 1979 1084 ἑπτακο-

326 1125 548 1179 σιοστοῦ
582 1119 868 1177 ἑνδεκάτου
896 1118 1071 1182 ἔτους.
1108 1120 1566 1199 ’Λνοχευσάμενοι
1589 1117 1634 1175 δ’
1667 1119 1727 1174 ἐκ
1779 1120 1976 1175 τούτου

330 1212 526 1287 μικρὸν
562 1211 613 1265 οἱ
645 1215 893 1279 Λατῖνοι,
943 1210 1034 1264 καὶ
1064 1209 1188 1265 ὅσον
1221 1211 1283 1264 τὸ
1339 1209 1600 1281 ποιητέον
1661 1211 1975 1283 σκέψασθαι,

327 1303 379 1357 οἳ
421 1303 517 1374 μὲν
555 1300 689 1372 μετὰ
716 1304 824 1353 τῶν
870 1303 1043 1369 νηῶν,
1101 1301 1136 1368 ἡ
1179 1296 1224 1352 δ’
1279 1298 1450 1361 ’ἰππος
1509 1299 1646 1371 μετά
1698 1302 1800 1373 τῇς
1838 1320 1976 1373 προ-

329 1386 684 1462 ϐεϐλημένης
742 1389 912 1459 πεζῆς
942 1392 1196 1464 στρατιᾶς
1252 1392 1330 1461 τῷ
1388 1385 1672 1463 Κοσμιδίῳ
1729 1385 1974 1464 ἐφίσταν-

324 1499 439 1549 ται,
502 1478 700 1552 μικρᾶν
764 1476 1121 1557 έφευρηκότες
1189 1477 1249 1532 ὲκ
1317 1483 1424 1532 τῶν
1482 1476 1774 1551 Ῥωμαίων
1831 1477 1977 1532 ἀντί-

332 1588 512 1622 στασιν
542 1568 667 1643 περὶ
705 1567 805 1634 τὴν
838 1565 948 1620 ἐκεῖ
974 1588 1081 1621 που
1107 1565 1340 1645 γέφυραν
1387 1566 1476 1622 καὶ
1526 1568 1620 1621 τὸν
1678 1565 1976 1642 λεγόμενον

327 1656 610 1732 Τρυπητὸν
644 1655 824 1714 λίθον.
869 1656 1065 1711 Καὶτᾶ
1107 1657 1200 1730 μὲν
1233 1661 1406 1711 πλοῖα
1448 1659 1538 1711 καὶ
1597 1658 1651 1711 αἱ
1700 1663 1827 1725 νῆες
1883 1655 1975 1710 καὶ

329 1747 380 1800 oi.
413 1744 693 1822 δρόμωνες
727 1743 837 1800 ἐκεῖ
865 1766 970 1800 που
993 1745 1406 1821 προσίσχουσιν,
1468 1747 1496 1800 ὁ
1554 1743 1612 1800 δὲ
1666 1744 1975 1821 στρατηγὸς

329 1838 658 1910 στρατήγιον
688 1836 929 1909 πήγνυσι
961 1832 1355 1910 διειλημμένον
1403 1835 1459 1890 έν
1521 1836 1673 1910 μέρει
1722 1835 1974 1910 ὀρυκτοῖς

325 1924 700 2002 χαφακώμασι
756 1924 848 1978 καὶ
901 1923 1139 1995 ξυλίνοις
1195 1925 1676 2000 περισταυρώμασι
1733 1924 1856 1998 περὶ
1913 1924 1976 1979 τὸ

326 2012 642 2090 γεώλοφον,
684 2014 773 2091 ἀφ’
804 2013 970 2087 οὗπερ
1026 2013 1193 2089 ὁρατὰ
1253 2014 1348 2087 μὲν
1399 2014 1469 2069 τὰ
1517 2013 1568 2069 έν
1636 2012 1975 2088 Βλαχέρναις

330 2103 618 2177 ἀνάκτορα,
653 2102 828 2177 οπόσα
861 2101 1070 2157 νένευκε
1111 2103 1248 2177 πρὸς
1309 2102 1556 2177 ἑσπέραν·
1619 2105 1741 2179 περὶ
1803 2099 1860 2156 δὲ
1914 2122 1979 2177 γε

324 2193 425 2259 τήν
482 2190 680 2246 τούτου
744 2185 1010 2245 ὑπόϐασιν
1075 2190 1317 2261 ὑπτιάζει
1401 2212 1484 2252 τις
1541 2190 1781 2261 αὔλειος,
1840 2191 1976 2267 πρὸς

333 2275 678 2354 μεσημϐρίαν
740 2279 836 2354 μὲν
888 2279 941 2342 ἐς
999 2279 1061 2334 τὸ
1117 2285 1305 2359 τεῖχος
1364 2279 1614 2358 λήγουσα
1643 2280 1773 2355 ὅπερ
1804 2273 1978 2356 ἔρυμα

325 2376 433 2427 τῶν
487 2370 732 2445 ἀρχείων
787 2372 815 2424 6
885 2370 1144 2445 βασιλεὺς
1205 2370 1457 2447 ἀνήγειρε
1505 2369 1791 2442 Μανουήλ,
1842 2368 1979 2425 κατὰ

330 2455 386 2513 δὲ
420 2458 626 2533 βορῥᾶν
659 2456 860 2529 ἄνεμόν
893 2460 963 2531 τῇ
997 2454 1243 2529 θαλάσσῇ
1282 2456 1590 2533 ὶεγγίζουσα.
1652 2457 1865 2528 Σκηνάς
1919 2478 1977 2512 τε

331 2547 423 2601 οὖν
475 2546 638 2621 ὀρθὰς
698 2546 885 2621 ἑώρων
947 2545 999 2599 οἱ
1056 2544 1109 2600 ἐν
1164 2550 1282 2607 τοῖς
1339 2547 1572 2626 τείχεσι,
1630 2547 1721 2602 καὶ
1780 2551 1976 2622 μικροῦ

330 2633 700 2711 διομιλεῖσθαι
731 2634 879 2711 εἶχον
912 2639 1032 2696 τοῖς
1063 2632 1115 2689 ἐν
1148 2633 1357 2705 αὐταῖς,
1408 2637 1532 2708 περὶ
1589 2637 1689 2704 τήν
1747 2633 1977 2711 Γυρολί-

332 2747 467 2797 μνην
528 2723 934 2799 στρεφομένοις.
1002 2723 1106 2779 Καὶ
1167 2723 1219 2777 οἱ
1280 2724 1376 2795 μὲν
1418 2723 1480 2778 οὐ
1540 2725 1739 2800 χάρακι
1782 2724 1976 2779 ἐπίπαν

330 2815 421 2869 καὶ
484 2811 701 2882 ὂπλοις,
759 2817 837 2884 τῷ
877 2810 935 2867 δὲ
991 2807 1275 2887 περιϐόλῳ
1335 2815 1433 2878 τῆς
1510 2812 1726 2874 πόλεως
1817 2818 1976 2887 ἡμῶν

335 2900 660 2977 διείργοντοο
695 2902 723 2955 6
782 2898 838 2955 δὲ
897 2899 1155 2975 βασιλεὺς
1204 2900 1446 2974 Ἀλέξιος
1499 2901 1672 2957 πάλαι
1720 2905 1975 2974 τεθησαυ-

334 2993 507 3069 ρικὼς
569 2991 621 3047 έν
672 2995 740 3064 τῇ
791 2994 945 3070 ψυχῇ
1002 2992 1102 3060 τήν
1158 2993 1336 3068 φυγὴν
1391 2991 1482 3046 καὶ
1566 2991 1704 3056 ἄπας
1805 2993 1973 3064 αὐτῆς

331 3082 622 3160 γενόμενος
645 3080 1045 3156 ὡπλοφόρησεν
1105 3078 1369 3155 οὐδαμοῦ,
1440 3079 1550 3138 οὐδ’
1600 3082 1978 3156 ἀντιμέτωπος

325 3170 485 3250 ὢφθη
526 3176 663 3242 ,τοῖς
718 3167 932 3243 ἔξωθεν,
1015 3169 1162 3226 ἄλλά
1219 3172 1414 3241 θεατὴς
1488 3176 1594 3227 τῶν
1682 3170 1974 3248 δρωμένων

2089 584 2451 657 quievissent
2481 591 2760 656 quantum
2798 585 2866 638 ad
2902 583 3339 639 deliberandum
3375 583 3520 639 satis
3551 587 3727 649 esset,

2087 675 2184 729 alii
2218 690 2348 730 cum
2394 676 2651 739 navibus,
2698 673 2920 745 equites
2972 689 3102 727 vero
3142 689 3268 729 cum
3319 673 3594 743 adjuncto
3640 686 3732 741 pe-

2088 762 2268 818 ditatu
2319 763 2390 817 ad
2440 762 2795 818 Cosmidium
2856 764 3158 827 accedunt,
3212 777 3409 833 parum
3454 759 3730 815 Romanis

2088 853 2265 908 armis
2311 853 2380 906 ad
2443 860 2676 922 pontem
2731 861 2779 906 et
2840 851 3026 906 locum
3086 852 3181 921 qui
3217 851 3541 906 Perforatus
3584 848 3730 920 lapis

2087 942 2301 997 dicitur
2366 942 2650 1012 impediti,
2712 957 2777 997 ac
2802 957 2978 996 naves
3026 941 3214 996 omnis
3246 941 3475 1012 generis
3523 939 3599 994 ibi
3634 955 3730 1009 ap-

2087 1031 2330 1104 pellunt.
2377 1038 2502 1087 Dux
2557 1036 2999 1086 castrametalur
3054 1030 3262 1102 partim
3324 1030 3482 1085 fossa
3512 1029 3725 1101 partim

2088 1121 2442 1192 vallisjuxta
2483 1120 2689 1176 collem
2721 1117 3099 1186 circumdata,
3147 1136 3214 1174 ex
3248 1134 3358 1190 quo
3392 1117 3729 1173 Blachernia

2087 1210 2267 1281 regia,
2313 1226 2427 1281 qua
2467 1213 2533 1265 ad
2581 1225 2846 1265 occasum
2893 1211 3098 1280 vergit,
3150 1208 3521 1279 conspicitur.
3564 1206 3728 1263 Circa

2087 1300 2428 1356 descensum
2469 1298 2627 1355 illius
2656 1299 3005 1355 vestibulum
3039 1299 3335 1369 quoddam
3384 1313 3583 1354 versus
3606 1310 3729 1351 me-

2087 1388 2289 1446 ridiem
2345 1388 2621 1460 aperitur,
2689 1388 2745 1442 in
2779 1403 2907 1442 eum
2954 1403 3182 1443 murum
3229 1387 3502 1443 desinens
3555 1400 3726 1457 quem

2086 1477 2315 1534 Manuel
2374 1476 2673 1533 muniendi
2722 1476 2943 1532 castelli
3007 1493 3184 1532 causa
3237 1477 3729 1546 struxit;versus

2084 1566 2543 1640 Septentrionem
2574 1583 2707 1623 vero
2763 1583 2940 1638 prepe
2996 1582 3153 1621 mare
3207 1566 3540 1638 porrigitur.
3577 1570 3724 1641 Ergo

2086 1661 2179 1731 qui
2238 1659 2312 1730 lin
2397 1658 2537 1714 urbe
2613 1662 2800 1724 erant,
2882 1662 3071 1713 erecta
3130 1658 3282 1713 120
3351 1659 3728 1717 tabernacula

2087 1750 2422 1817 cernebant,
2473 1751 2530 1801 et
2571 1763 2717 1818 pene
2769 1745 3018 1817 colloqui
3064 1751 3335 1818 poterant
3363 1763 3492 1803 cum
3526 1749 3599 1804 iis
3629 1750 3726 1820 qui

2087 1840 2158 1895 ad
2215 1837 2612 1911 Gyrolimnam
2682 1837 3104 1904 versabantur;
3167 1854 3272 1892 nec
3317 1837 3400 1892 illi
3465 1838 3615 1894 vallo
3671 1844 3730 1895 et

2088 1928 2284 1996 armis,
2318 1928 2416 1983 sed
2450 1927 2740 1982 moenibus
2773 1926 2934 1982 urbis
2967 1927 3037 1981 ab
3087 1926 3253 1981 nobis
3284 1926 3726 1998 distingueban-

2086 2024 2200 2075 tur.
2225 2020 2505 2074 Caeterum
2564 2017 2884 2089 imperator
2938 2016 3194 2079 Alexius.
3231 2019 3329 2089 qui
3383 2018 3605 2087 pridem
3640 2021 3729 2076 fu-

2087 2124 2219 2181 gam
2299 2108 2492 2163 animo
2592 2107 2916 2163 destinarat
2972 2106 3032 2161 in
3121 2122 3301 2178 eaque
3362 2112 3727 2178 totuserat,

2088 2213 2376 2270 nusquam
2428 2212 2587 2252 arma
2615 2195 2747 2252 tulit
2805 2212 2989 2265 neque
3035 2196 3093 2251 in
3143 2200 3325 2251 aciem
3384 2203 3585 2254 contra
3617 2199 3724 2254 ho-

2088 2290 2208 2344 stes
2264 2287 2496 2359 prodiit,
2581 2288 2679 2341 sed
2738 2290 3035 2358 spectator
3117 2286 3335 2341 assedit
3392 2288 3727 2343 conscensis

2086 2373 2394 2431 altissimis
2439 2373 2679 2439 aedibus,
2714 2389 2837 2443 quae
2893 2374 2966 2428 ab
2999 2374 3446 2428 Alamannorum
3494 2375 3733 2431 domina.

2088 2478 2300 2519 nomen
2364 2462 2601 2518 habent.
2666 2462 2806 2531 Ejus
2856 2478 2988 2517 vero
3047 2461 3361 2518 familiares
3410 2468 3469 2519 et
3499 2464 3737 2535 cognati

2089 2568 2223 2607 cum
2272 2556 2726 2623 quantocunque
2784 2552 3042 2622 equitatu
3111 2554 3166 2607 et
3221 2553 3428 2623 exiguo
3475 2554 3731 2622 peditatu

2089 2632 2192 2716 per
2250 2641 2557 2698 intervalla
2601 2643 2859 2712 exibant,
2918 2646 3141 2697 tantum
3202 2660 3316 2697 non
3361 2647 3425 2697 ut
3450 2645 3730 2699 ostende-

2088 2736 2217 2787 rent
2238 2733 2441 2787 urbem
2491 2730 2835 2786 hominibus
2872 2747 2986 2785 non
3018 2731 3258 2785 omnino
3311 2747 3439 2786 esse
3464 2747 3726 2786 vacuam.

2087 2825 2248 2893 Saepe
2279 2821 2457 2893 igitur
2498 2822 2698 2875 eodem
2752 2820 2845 2874 die
2875 2820 3149 2883 utrinque
3198 2818 3464 2874 cohortes
3504 2819 3732 2890 aliquot

2087 2909 2235 2966 levia
2264 2909 2556 2981 equestria
2607 2910 2928 2964 certamina
2979 2908 3342 2963 aemulatione
3374 2908 3730 2965 fortitudinis

2087 3001 2410 3068 faciebant;
2477 3014 2592 3070 qua
2639 2999 2697 3054 in
2774 3015 2833 3055 re
2891 2999 3073 3054 nostri
3134 2998 3291 3053 haud
3354 2999 3612 3069 segniter
3668 3014 3732 3054 se

2086 3091 2385 3163 gerebant,
2486 3088 2805 3160 praesertim
2890 3104 3016 3144 cum
3105 3086 3471 3158 imperatoris
3556 3103 3732 3152 gener

2088 3181 2428 3236 Theodorus
2476 3178 2739 3235 Lascaris
2772 3178 2971 3250 copias
3018 3177 3283 3234 ducebat.
3339 3178 3391 3232 Is
3432 3176 3584 3233 enim
3613 3192 3736 3233 ma-

327 3261 583 3331 ἐκάθητο,
605 3258 737 3321 τοὺς
780 3257 1167 3332 ὑπερυψήλους
1199 3258 1405 3332 δόμους
1442 3261 1603 3315 ἀνιὼν
1658 3260 1717 3315 οἳ
1763 3269 1864 3333 τῆς
1922 3261 1971 3332 ἐξ

2093 3286 2208 3342 gno
2239 3270 2458 3342 impetu
2484 3266 2677 3324 invehi
2732 3240 2937 3322 solitus
2979 3282 3038 3322 re
3070 3267 3198 3338 ipsa
3234 3266 3477 3322 docebat
3510 3266 3738 3322 Latinos

331 3348 662 3421 Ἀλαμανῶν
697 3345 988 3418 δεσποίνης
1032 3347 1444 3418 κικλήσκονται.
1508 3352 1575 3408 Οἱ
1626 3348 1685 3406 δὲ
1739 3373 1799 3426 γε
1854 3352 1980 3428 περὶ

334 3440 429 3494 τὸν
482 3436 713 3513 βασιλέα
789 3437 1051 3492 οἰκειακοί
1128 3458 1186 3491 τε
1244 3439 1334 3492 καὶ
1411 3445 1704 3515 συγγενεῖς,
1755 3442 1979 3497 ὁσονοῦν

334 3528 652 3604 ἀγηοχότες
722 3527 1031 3601 στράτευμα
1085 3527 1315 3582 ἱππικὸν
1368 3529 1457 3583 καὶ
1519 3535 1716 3605 μοῖραν
1768 3530 1983 3605 εὐάριο-

340 3638 441 3692 μον
493 3617 740 3685 πεζικὴν,
800 3616 860 3669 ἐκ
926 3612 1342 3689 διαλειμμάτων
1400 3616 1638 3692 ἐξῄεσαν,
1702 3621 1867 3694 μόνον
1919 3621 1981 3676 οὐ

331 3704 662 3781 προθέμενοι
693 3701 952 3758 δεικνύειν
990 3704 1066 3775 μή
1100 3703 1306 3780 ἔρημον
1339 3705 1638 3782 ἀνθρώπων
1669 3717 1767 3776 τήν
1816 3705 1980 3765 πόλιν

333 3797 473 3849 εἶναι
530 3793 888 3849 παντάπασιν.
952 3794 1268 3856 Ἐπελάσεις
1312 3797 1497 3851 τοίνυν
1648 3795 1978 3874 ⁸ἐπιδρομῆς

335 3884 555 3959 μερικαὶ
586 3882 677 3939 καὶ
728 3881 1084 3946 διακοντίσεις
1136 3885 1383 3941 ἱπποτῶν
1439 3888 1575 3963 πρὸς
1631 3886 1825 3952 ἱππέας
1890 3892 1981 3946 καὶ

335 3975 622 4051 ἐρεθισμὸν
652 3975 741 4030 καὶ
775 3972 945 4043 ζῆλον
973 3971 1224 4050 ἀνδρείας
1271 3974 1546 4040 πολλάκις
1601 3986 1702 4048 τῆς
1769 3983 1982 4053 ἡμέρας

337 4060 649 4120 συνέϐαινον
708 4061 1060 4138 ἑκατέρωθεν·
1122 4064 1213 4119 καὶ
1265 4066 1400 4134 ἦσαν
1461 4065 1547 4122 ἐπὶ
1618 4068 1833 4132 τούτοις
1883 4071 1982 4127 οὐκ

329 4157 519 4230 ἀγεννῆ
555 4155 623 4210 τὰ
674 4152 936 4230 ἡμέτερα,
967 4155 1055 4208 καὶ
1093 4154 1331 4227 μάλιστα
1377 4157 1541 4224 ἡνίκα
1604 4155 1979 4236 διεστρατήγει

330 4247 422 4302 τὸν
466 4247 715 4318 πόλεμον
778 4245 806 4299 6
861 4249 958 4300 τοῦ
1011 4244 1285 4319 βασιλέως
1340 4243 1589 4324 γαμϐρὸς
1640 4248 1919 4325 Θεόδωρος
1950 4253 1978 4307 ὁ

332 4339 627 4412 Λάσκαρις’
717 4336 875 4396 οὗτος
959 4335 1061 4410 γὰρ
1142 4332 1528 4412 ῥαγδαιότερον
1597 4340 1979 4416 συμπλεκόμε-

326 4448 413 4489 νος
444 4427 578 4481 εἶναι
609 4425 700 4479 καὶ
731 4423 878 4497 παρᾶ
923 4425 1224 4496 Ῥωμαῖοις
1288 4426 1541 4499 ἂρεϊκοὺς
1605 4426 1800 4502 ἄνδρας
1858 4436 1978 4493 τοῖς

328 4517 578 4579 Λατίνοις
611 4514 801 4570 ἐκτῶν
862 4508 1031 4588 ἔργων
1092 4513 1378 4589 ἐξέφαινεν,
1431 4516 1611 4575 ’Δλλὰ
1657 4520 1746 4575 κκὶ
1801 4526 1979 4591 πεζῶν

2090 3358 2243 3431 apud
2304 3359 2593 3413 Romanos
2645 3372 2875 3428 quoque
2903 3356 3062 3411 viros
3103 3356 3280 3411 fortes
3332 3355 3592 3427 reperiri.
3628 3356 3736 3411 Sed

2091 3452 2148 3503 et
2214 3447 2472 3519 peditum
2533 3445 2797 3502 cohortes
2836 3445 2894 3499 in
2949 3445 3009 3499 id
3067 3445 3219 3516 quod
3263 3444 3518 3499 diximus
3558 3444 3738 3499 vesti-

2091 3536 2291 3593 bulum
2346 3540 2592 3607 egressae
2640 3535 2840 3591 hostes
2900 3533 3288 3589 lacessebant.
3353 3533 3571 3588 Palatia
3617 3549 3738 3589 ma-

2091 3627 2282 3682 chinis
2308 3627 2451 3681 721
2512 3625 2933 3693 diruebantur;
2984 3622 3200 3677 alicubi
3261 3623 3439 3676 etiam
3481 3637 3550 3675 ex
3596 3639 3744 3676 mm-

2093 3715 2265 3771 nibus
2325 3716 2647 3785 ingentium
2692 3728 2962 3769 saxorum
3017 3710 3273 3780 jactibus
3303 3710 3499 3764 hostes
3556 3714 3740 3766 terre-

2090 3807 2320 3859 bantur.
2355 3803 2657 3858 Enimvero
2714 3801 2941 3857 decima
2980 3800 3229 3871 septima
3273 3799 3366 3854 die
3412 3797 3553 3853 Julii
3584 3802 3737 3854 terra

2094 3893 2351 3963 marique
2408 3890 2581 3947 simul
2616 3890 2825 3945 fortius
2880 3889 3157 3943 dimicare
3208 3886 3604 3953 instituerunt,
3673 3891 3737 3943 ut

2090 3985 2189 4036 aut
2243 3988 2505 4036 votorum
2562 3984 2856 4050 compotes
2907 3976 3100 4041 futuri,
3138 3980 3237 4030 aut
3277 3975 3326 4029 si
3383 3975 3456 4030 iis
3491 3977 3735 4031 lrustra-

2091 4075 2309 4137 rentur,
2352 4071 2421 4125 ad
2484 4069 2782 4142 pactiones
2821 4067 3177 4121 descensuri.
3237 4066 3382 4120 Nam
3429 4064 3738 4137 utriusque

2090 4163 2169 4219 rei
2206 4163 2361 4217 fama
2407 4161 2562 4217 haud
2596 4160 2847 4216 obscura
2904 4157 3239 4230 vagabatur.
3297 4162 3379 4214 Ac
3426 4156 3525 4213 alii
3559 4173 3737 4214 naves

2089 4254 2264 4309 boum
2293 4250 2619 4323 tergoribus
2643 4254 2846 4304 contra
2871 4248 3063 4317 ignem
3097 4246 3351 4304 munitas
3374 4248 3444 4302 ad
3478 4246 3734 4303 Patrium

2089 4344 2473 4407 adduxerunt,
2508 4339 2683 4395 scalis
2733 4338 2789 4393 in
2849 4336 3123 4392 antennis
3162 4354 3231 4392 ex
3262 4338 3500 4392 funibus
3539 4337 3728 4405 factis,

2088 4448 2208 4504 quae
2245 4430 2586 4486 rudentibus
2637 4429 2706 4483 ad
2742 4426 2924 4482 malos
2965 4425 3219 4497 alligatis
3278 4425 3736 4480 demittebantur

2088 4523 2231 4577 etin
2291 4520 2467 4577 altum
2528 4518 2965 4576 attollebantur.
3026 4514 3135 4571 Alii
3179 4515 3358 4570 ariete
3415 4515 3484 4575 ad
3520 4514 3734 4569 moenia

326 4604 642 4678 ἐκπηδῶσαι
696 4602 955 4677 δυνάμεις
1012 4604 1068 4666 ές
1123 4606 1226 4673 τὴν
1285 4602 1506 4662 αὔλειον
1589 4608 1827 4680 μάλιστα
1905 4612 1971 4681 ἢν

2087 4612 2354 4679 adducto,
2400 4616 2458 4666 et
2505 4608 2896 4682 zagrotoxotis
2957 4605 3176 4678 passim
3224 4602 3546 4673 dispositis,
3598 4610 3734 4658 tan-

323 4696 633 4769 εἷρήκειμεν
664 4698 784 4754 τοῖς
838 4692 1104 4755 ἐναντίοις
1157 4689 1562 4769 προσέϐαλλον.
1617 4701 1714 4754 Ἠν
1770 4696 1827 4753 δὲ
1884 4702 1972 4757 καὶ

326 4785 429 4838 ἀπὸ
462 4789 572 4838 τῶν
604 4775 960 4857 πετροϐόλων
1014 4783 1438 4856 μηχανημάτων
1489 4786 1857 4861 άχρειοόμενα
1910 4789 1978 4844 τὰ

332 4872 608 4948 βασίλεια,
641 4870 871 4949 ἐνεαχοῦ
901 4866 958 4924 δὲ
1003 4870 1109 4925 κάκ
1162 4876 1270 4925 τῶν
1321 4875 1553 4950 τειχέων
1610 4878 1707 4944 τῆς
1761 4876 1978 4943 πόλεως

333 4964 473 5037 βάρη
515 4961 688 5026 λίθων
735 4956 1277 5037 ἀποσφενδονούμενα
1332 4963 1460 5026 τοὺς
1518 4964 1790 5030 ἐναντίους
1848 4988 1975 5023 κατ-

326 5060 621 5127 επΛηττον.
664 5047 954 5118 Ἐνστάσης
1015 5045 1072 5103 δὲ
1154 5056 1255 5120 τῆς
1340 5052 1797 5127 ἑπτακαιδεκάτης
1879 5063 1976 5113 τοῦ

322 5125 569 5197 Ἰουλίου
640 5139 810 5212 μηνὸς
868 5138 1123 5214 χερσαῖοί
1155 5154 1212 5194 τε
1251 5144 1342 5196 καὶ
1405 5140 1617 5218 ὑδραῖοι
1650 5125 1977 5222 ἄνδρικώτε-

325 5249 415 5302 ρον
445 5223 685 5305 ἔγνωσαν
717 5224 1137 5300 διαγωνίσασθαι
1168 5229 1221 5283 οἱ
1261 5227 1579 5307 ἂντίμαχοι,
1639 5235 1712 5297 ὡς
1766 5237 1802 5306 ἢ
1867 5241 1976 5292 τῶν

318 5318 463 5374 κατὰ
524 5317 727 5373 σκοπὸν
787 5314 1193 5388 ἐπιτευξόμενοι
1268 5316 1306 5389 ἤ
1361 5322 1569 5377 τούτων
1630 5320 1972 5388 διαπεσόντες

324 5407 376 5470 ἐς
447 5402 746 5479 συμϐάσεις
809 5401 1128 5477 βλέψοντες·
1189 5408 1471 5485 ἀμφότερα
1537 5413 1641 5486 γάρ
1720 5415 1755 5483 ἠ
1808 5416 1967 5488 φήμη

323 5496 661 5569 διιπταμένη
717 5496 988 5567 γαμπρῶς
1045 5494 1366 5552 έκώτιλλεν’
1423 5500 1491 5557 Οἱ
1552 5501 1646 5573 μὲν
1702 5501 1974 5559 τοίνυντᾶ

321 5585 494 5640 πλοῖα
571 5584 821 5663 φέροντες
895 5580 1122 5654 ἔστησαν
1177 5589 1455 5644 κατέναντι
1529 5594 1639 5646 τῶν
1678 5593 1788 5664 ’[Ρ.
1846 5595 1973 5666 351]

324 5673 593 5752 Πετρίων,
654 5670 860 5747 βοείαις
940 5668 1126 5749 δοραῖς
1186 5675 1518 5754 φραξάμενοι
1617 5683 1807 5751 ταῦτα,
1893 5683 1970 5746 ὡς

2088 4718 2259 4773 quam
2322 4716 2435 4756 uno
2492 4700 2661 4770 signo
2709 4700 2841 4753 dato
2922 4694 3406 4766 congrediuntur,
3459 4695 3516 4746 et
3565 4698 3729 4746 atrox

2088 4791 2350 4864 praelium
2382 4788 2783 4846 committitur.
2835 4787 2976 4842 Nam
3016 4786 3204 4841 Latini
3263 4783 3514 4856 quicum
3549 4782 3732 4837 ariete

2087 4886 2273 4945 erant,
2333 4881 2616 4951 perfracto
2690 4893 2854 4933 muro
2919 4876 3014 4946 qui
3069 4876 3138 4930 ad
3214 4889 3373 4928 mare
3434 4872 3732 4943 pertinens

2087 4968 2254 5025 Scala
2283 4966 2652 5039 imperatoris
2709 4967 2941 5035 dicitur,
2978 4965 3129 5019 intro
3172 4966 3585 5034 penetrarunt:
3629 4961 3730 5015 sed

2087 5063 2159 5119 ab
2201 5059 2574 5117 auxiliaribus
2631 5059 2861 5115 Pisanis
2918 5063 2973 5112 et
3021 5054 3405 5127 bipenniferis
3468 5049 3732 5107 barbaris

2088 5150 2309 5207 fortiter
2340 5148 2661 5220 propulsati
2720 5154 2779 5203 et
2836 5145 3093 5216 plerique
3145 5140 3431 5198 vulnerati
3474 5155 3731 5195 recesse-

2087 5244 2238 5295 runt.
2272 5239 2377 5303 Qui
2417 5253 2549 5292 vero
2617 5237 2879 5298 navibus.
2922 5235 3177 5289 Patrium
3221 5235 3593 5303 occuparant,
3627 5242 3731 5299 ag-

2085 5327 2266 5403 gressi
2322 5327 2556 5389 mmnia,
2609 5326 2838 5381 anceris
2903 5322 3136 5379 navium
3198 5339 3300 5395 per
3360 5319 3599 5392 cymbae
3660 5334 3731 5373 ex

2084 5416 2255 5473 scalis
2277 5414 2440 5470 humi
2483 5413 2776 5483 projectis,
2837 5416 3128 5470 Romanos
3154 5428 3223 5466 ex
3253 5408 3509 5466 turribus
3561 5405 3731 5462 facile

2086 5506 2236 5563 722
2295 5504 2698 5568 deturbarunt,
2732 5502 2943 5572 quippe
2973 5516 3104 5553 cum
3157 5517 3227 5555 ex
3274 5497 3571 5569 superiore
3604 5494 3729 5550 loco

2082 5599 2427 5669 pugnarent,
2478 5607 2545 5647 ac
2579 5595 2802 5644 tantum
2854 5605 2965 5645 non
3010 5602 3190 5659 supra
3228 5587 3472 5642 vertices
3517 5596 3723 5636 eorum

2080 5685 2338 5742 astantes
2384 5682 2500 5741 tela
2530 5678 2932 5749 conjicerent:
2981 5691 3113 5731 nam
3157 5675 3326 5733 scalae
3367 5670 3595 5727 navium
3624 5683 3725 5720 ru-
