4120 6284
353 315 471 381 927

1670 313 1976 377 NIGETE
2014 315 2444 378 CHONIATE

3645 323 3759 386 928

356 452 634 510 dentibus
709 452 767 510 in
826 449 1002 509 altum
1061 450 1276 506 eductae
1336 448 1504 520 longe
1552 464 1725 520 supra
1781 449 1993 506 muenia

2118 447 2216 504 εἶεν
2283 446 2417 524 πυρὶ
2483 445 2730 524 ἀδῄωτα,
2805 450 2902 508 κᾶν
2965 455 3084 514 ταῖς
3123 451 3340 528 κεραίας
3371 450 3768 527 τεκτηνάμενοι

361 543 716 600 eminebant.
749 542 968 608 Quibus
1014 540 1201 596 hostes
1231 541 1524 611 occupatis
1553 541 1701 596 a2ch
1733 539 1847 596 illis
1868 556 2004 596 con-

367 634 549 705 tiguas
598 633 916 690 incendunt
975 630 1183 702 passim
1233 638 1523 703 vagantes.
1577 631 1771 686 Editur
1817 647 1883 687 eo
1916 631 2008 686 die

362 722 688 781 miserabile
715 721 1123 792 spectaculum,
1157 721 1305 791 quod
1364 719 1598 776 ﬂumina
1629 721 2007 789 lacrymarum

363 820 517 870 tanto
575 813 846 868 incendio
904 809 1061 882 paria
1110 809 1377 882 postulet.
1436 808 1578 864 Nam
1641 810 1922 881 quidquid
1975 827 2010 866 ιι

358 901 504 960 οοΙΙο
533 899 874 958 Blachernio
923 916 1102 973 usque
1149 901 1220 956 ad
1269 901 1554 970 Evergetas
1597 897 2005 955 monasterium

360 993 623 1065 pertinet,
667 996 900 1047 ﬂamma
926 999 1009 1047 est
1061 991 1452 1061 absumptum,
1509 989 1755 1044 flammae
1787 987 2004 1060 impetu

360 1083 514 1141 ultra
571 1087 874 1137 Deuterum
927 1081 1098 1137 elato.
1176 1080 1488 1150 Imperator
1528 1085 1638 1134 tam
1693 1077 2005 1134 miserabili

365 1170 684 1226 infortunio
733 1169 874 1238 viso,
940 1169 1244 1225 anxietatis
1329 1166 1521 1238 pepuli
1578 1167 1845 1223 misertus
1915 1168 2007 1224 vix

363 1266 554 1316 tamen
604 1275 766 1316 arma
818 1258 1046 1326 induit;
1079 1258 1252 1330 idque
1299 1272 1428 1314 cum
1460 1275 1490 1312 a
1528 1257 1815 1329 plerisque
1847 1256 2007 1312 iratis

363 1357 682 1422 urgeretur,
742 1349 843 1421 qui
901 1348 1224 1406 maledictis
1279 1357 1330 1405 et
1372 1346 1644 1405 conviciis
1675 1363 1791 1403 non
1828 1346 2004 1403 absti-

363 1439 594 1504 nebant,
631 1439 780 1510 quod
831 1437 1052 1494 desidia
1083 1455 1188 1494 sua
1243 1437 1496 1494 hostium
1525 1436 1750 1494 animos
1779 1443 2008 1509 augeret

361 1545 467 1586 nec
525 1529 701 1586 ullam
760 1527 886 1584 urbi
919 1527 1148 1584 afﬂictas
1193 1543 1358 1599 Opem
1409 1528 1602 1597 ferret,
1661 1527 1760 1583 sed
1789 1527 2006 1582 bellum

365 1620 434 1675 ad
493 1617 704 1675 mmnia
780 1617 1050 1676 accedere
1121 1621 1431 1688 pateretur,
1506 1617 1656 1690 quod
1726 1617 2008 1674 hactenus

367 1723 663 1778 nunquam
722 1707 1062 1776 accidisset;
1103 1706 1268 1778 quasi
1313 1723 1445 1765 vero
1505 1722 1671 1764 nemo
1715 1713 1864 1762 esset
1905 1705 2008 1777 qui

2112 534 2388 610 κλίμακας
2448 540 2544 602 τὰς
2608 538 2882 616 βαθμῖδας
2955 541 3321 616 μηρινθώδεις
3349 542 3608 619 ἐχούσας,
3633 544 3770 600 ὓπο-

2116 625 2452 702 χαλωμένας
2520 626 2608 683 διὰ
2649 629 2834 686 κάλων
2885 631 2974 687 καὶ
3007 629 3163 696 αὖθις
3189 631 3483 708 αἰρομένοις
3517 631 3594 694 είς
3634 633 3766 708 ῧψος

2113 714 2560 792 προσδεδεμένων
2617 725 2734 774 τοῖ>
2798 720 2990 782 ἱστοῖς·
3080 723 3133 776 οἳ
3193 719 3248 776 δὲ
3329 721 3764 796 τειχεσιπλήτην

2112 807 2265 882 κριὸν
2303 811 2728 884 κρατυνάμενοι,
2749 810 2839 866 καὶ
2869 809 3002 874 τοὺς
3041 813 3472 886 τζαγροτοξότας
3494 813 3763 889 πολλαχῇ

2112 899 2561 970 περιστήσαντες,
2621 898 2696 961 ὡς
2735 900 2826 976 ἀφ’
2902 900 3021 964 ἐνὸς
3080 905 3422 974 συνθήματος
3485 907 3764 979 ποιοῦνται

2109 985 2210 1056 τὴν
2238 985 2512 1060 σύρῥηξιν.
2574 987 2679 1044 Καὶ
2737 988 2803 1058 ἦν
2869 991 2904 1059 ἡ
2970 990 3126 1064 μάχη
3188 990 3456 1068 φρικαλέα
3520 1011 3605 1054 τις
3672 993 3759 1048 καὶ

2114 1073 2402 1130 στονόεσσα
2437 1073 2718 1141 πάντοθεν.
2746 1076 2816 1135 Ο’ί
2843 1099 2904 1134 τε
2935 1080 3042 1156 γὰρ
3077 1079 3202 1152 περὶ
3257 1079 3350 1135 τὸν
3398 1080 3552 1154 κριὸν
3603 1080 3763 1136 ὁπλι-

2112 1161 2336 1237 σάμενοι
2389 1170 2611 1222 Λατῖνοι
2662 1167 2725 1221 τὸ
2783 1173 2971 1243 τεῖχος
3026 1169 3282 1242 ῥήξαντες
3322 1167 3563 1244 πάροδον
3604 1167 3761 1246 ἔσχον

2111 1249 2354 1326 ἔνδοθεν,
2386 1255 2752 1331 ’ὀπσρατείνει
2776 1258 2915 1332 πρὸς
2957 1256 3227 1322 θάλασσαν
3279 1267 3404 1334 περὶ
3473 1262 3644 1316 τόπον
3701 1261 3760 1324 ὃς

2113 1337 2432 1420 Ἀποϐάθρα
2475 1343 2748 1419 βασιλέως
2806 1347 3148 1422 ὠνόμασται,
3207 1347 3257 1402 εἴ
3310 1349 3400 1404 καὶ
3459 1350 3596 1422 πρὸς
3659 1355 3764 1406 τῶν

2111 1429 2419 1508 ἐπικούρων
2475 1433 2776 1507 Ῥωμαίοις
2833 1435 3106 1492 Πισσαίων
3175 1439 3268 1492 καὶ
3317 1441 3426 1493 τῶν
3460 1436 3768 1518 πελεκοφό-

2119 1539 2223 1596 ρων
2304 1516 2594 1598 βαρϐάρων
2685 1525 3060 1601 γενναιότερον
3153 1527 3599 1602 ἀπεκρούσθησαν
3681 1516 3771 1584 καὶ

2111 1612 2446 1684 τραυματίαι
2487 1613 2540 1666 οἱ
2569 1611 2794 1678 πλείους
2828 1614 3125 1686 ἀνέζευξαν·
3161 1613 3216 1671 οἵ
3261 1636 3320 1672 τε
3361 1623 3480 1679 τοῖς
3545 1616 3772 1680 πλοίοις

2115 1699 2320 1763 ἐνόντες
2367 1705 2485 1766 τοῖς
2540 1703 2666 1777 περὶ
2723 1702 2792 1759 τὰ
2842 1704 3042 1778 Πετρία
3080 1705 3287 1782 τείχεσι
3354 1706 3770 1778 προσπελάσαν-

368 1811 628 1868 pugnare
685 1796 876 1862 sciret,
963 1811 1149 1868 neque
1207 1799 1499 1868 prta-staret
1565 1793 1787 1850 hostem
1841 1798 2007 1850 ante-

2118 1809 2203 1852 τες
2243 1789 2332 1844 καὶ
2365 1787 2436 1844 δι’
2475 1790 2713 1848 ἀκατίων
2737 1793 2833 1856 τὰς
2875 1794 3116 1870 ἀγκύρας
3169 1799 3279 1850 τῶν
3338 1794 3551 1851 πλοίων
3611 1791 3766 1872 ἔραζε

367 1894 581 1942 vertere
641 1900 810 1957 quam
873 1884 1174 1956 anteverti,
1253 1891 1312 1940 ut
1369 1899 1578 1956 corpus
1637 1884 1786 1940 728
1842 1881 2004 1955 gravi

367 1975 699 2032 valetudine
717 1979 774 2031 et
801 1991 1032 2031 omnem
1055 1974 1404 2031 medicinam
1439 1977 1740 2045 respuente
1770 1989 2006 2045 oppres-

367 2080 520 2122 sum.
581 2063 759 2136 Igitur
850 2063 1062 2135 palatio
1135 2079 1395 2130 egressus
1463 2062 1741 2133 plurimos
1789 2061 2010 2134 equites

365 2154 610 2222 ascivit;
669 2157 727 2209 et
792 2153 1068 2224 pedestris
1121 2153 1371 2224 phalanx
1422 2167 1537 2208 non
1578 2151 2011 2209 contemnenda

363 2258 432 2298 ex
462 2242 602 2298 ﬂore
654 2240 902 2297 civitatis
961 2246 1050 2299 est
1088 2245 1408 2312 contracta,
1467 2244 1532 2296 ut
1574 2241 1772 2297 hostes
1815 2241 1910 2313 qui
1942 2241 2000 2296 in

367 2334 520 2387 terra
571 2335 758 2395 erant,
800 2332 1048 2387 maximo
1101 2331 1351 2388 exercitu
1402 2348 1470 2387 ex
1520 2330 1831 2401 improviso
1875 2344 2006 2386 con-

367 2426 584 2494 specto,
643 2419 875 2478 horrore
931 2421 1318 2479 afﬁcerentur.
1351 2428 1434 2477 Ac
1475 2422 1715 2478 forsitan
1749 2436 1843 2478 res
1866 2421 2010 2479 bene

365 2517 524 2580 gesta
563 2519 730 2578 esset,
789 2511 840 2566 si
885 2512 972 2568 vel
1024 2512 1148 2584 ipse
1175 2527 1458 2584 'pugnam
1501 2511 1882 2568 commisisset
1921 2511 2009 2567 vel

366 2601 424 2656 id
478 2599 708 2656 Lascari
753 2615 961 2670 genero
1001 2600 1380 2670 permisisset,
1418 2602 1477 2656 in
1519 2601 1754 2658 Latinos
1793 2599 2011 2656 irruere

365 2689 640 2758 cupienti.
701 2693 865 2745 Nunc
947 2695 1228 2762 perpetua
1285 2691 1428 2760 fugis
1485 2689 1762 2763 cogitatio
1815 2694 1872 2746 et
1934 2689 2012 2746 fa-

365 2779 678 2835 miliarium
747 2779 872 2850 ejus
927 2779 1233 2852 trepidatio
1285 2795 1418 2837 enm
1477 2779 1704 2836 consilii
1777 2780 2012 2851 inopem

363 2871 520 2942 fecit,
583 2875 646 2926 ut
701 2873 928 2925 tantum
997 2870 1121 2928 acie
1207 2871 1510 2938 instructa,
1571 2887 1682 2943 qua
1738 2871 2012 2927 Romanis

368 2959 572 3015 Charus
603 2963 661 3016 et
711 2967 907 3032 gratus
938 2964 1000 3014 ut
1055 2961 1286 3016 Latinos
1333 2976 1713 3034 aggressurus
1771 2961 2008 3029 exierat,

367 3049 566 3106 eadem
624 3049 960 3121 turpissime
1004 3053 1065 3103 et
1123 3065 1352 3106 summo
1407 3065 1542 3105 eum
1586 3051 1862 3108 dedecore
1917 3066 2004 3108 re-

369 3138 536 3205 diret,
593 3141 764 3194 aucta
819 3142 874 3194 et
931 3137 1274 3194 confirmata
1332 3139 1582 3195 hostium
1643 3139 1874 3209 ferocia,
1909 3141 2007 3212 qui

364 3226 762 3283 Romanorum
831 3226 1251 3285 discedentium
1309 3228 1482 3300 tergis
1538 3228 1896 3286 inhaerebant
1953 3241 2010 3288 et

367 3315 560 3372 hastas
617 3316 676 3370 in
725 3332 822 3374 eos
899 3316 1214 3373 vibrabant.
1281 3319 1342 3373 ln
1422 3317 1694 3387 palatium
1751 3335 2010 3376 reversus

370 3406 440 3461 ad
477 3405 667 3480 fugam
719 3422 779 3462 se
811 3410 995 3478 parat,
1055 3407 1220 3477 quasi
1249 3407 1320 3464 de
1362 3407 1649 3464 industria
1689 3407 1885 3466 urbem
1920 3409 2008 3464 af-

376 3496 595 3553 ﬂictam
655 3501 712 3554 et
767 3501 968 3552 contra
1028 3497 1204 3554 fatum
1281 3498 1567 3570 perditam
1625 3505 1686 3554 et
1737 3499 2012 3556 remotius

371 3587 498 3656 ejus
556 3585 792 3642 exitium
847 3586 1229 3642 acceleratum
1281 3585 1472 3642 vellet.
1535 3589 1728 3658 quue
1766 3586 2012 3644 eonilio

370 3691 500 3732 cum
535 3676 730 3748 paucis
775 3674 1128 3733 mulierculis
1159 3681 1216 3732 et
1262 3677 1523 3748 cognatis
1560 3676 2014 3750 communicato,

370 3769 422 3822 et
482 3767 645 3821 Irene
703 3764 823 3821 filia
897 3769 952 3821 et
1030 3765 1228 3822 decem
1288 3765 1409 3822 auri
1484 3767 1832 3823 centenariis
1877 3782 2011 3823 cum

375 3854 490 3911 alio
529 3859 736 3912 ornatu
795 3855 1170 3926 imperatorio
1217 3871 1287 3912 ex
1343 3855 1612 3928 pretiosis
1667 3856 1913 3927 gemmis
1959 3861 2016 3913 et

377 3943 698 4014 perspicuis
752 3943 1082 4018 margaritis
1143 3943 1203 4000 in
1253 3961 1459 4002 navem
1543 3945 1854 4018 impositis,
1908 3945 2012 4002 sub

375 4032 619 4102 primam
673 4033 860 4089 noctis
917 4033 1164 4104 vigiliam
1217 4033 1518 4091 Debeltum
1568 4033 1886 4102 contendit,
1919 4033 2016 4090 ubi

377 4137 543 4177 suum
569 4123 876 4176 adventum
936 4128 1306 4194 praepararet,
1373 4123 1543 4180 homo
1582 4123 2015 4190 timidissimus,

379 4212 479 4282 qui
513 4227 624 4266 non
675 4209 957 4266 charitate
1014 4213 1327 4268 liberorum
1375 4213 1675 4269 emollitus
1708 4215 1862 4270 724
1901 4230 2015 4270 non

375 4315 574 4357 amore
628 4299 896 4371 conjugis
925 4300 1217 4368 subactus,
1269 4318 1384 4359 non
1433 4307 1612 4359 tantas
1640 4303 1802 4359 urbis
1841 4304 2016 4360 mise-

377 4390 601 4446 ratione
661 4389 896 4456 fractus,
974 4391 1246 4462 degeneri
1331 4391 1460 4450 vita:
1518 4392 1852 4462 cupiditate,
1929 4410 2016 4449 sa-

376 4477 554 4535 lutem
613 4494 802 4544 suam,
861 4495 1106 4552 eamque
1197 4481 1557 4550 ambiguam,
1615 4485 1698 4536 tot
1754 4480 2016 4551 urbibus,

377 4571 457 4623 tot
515 4567 828 4640 provinciis
879 4576 1108 4640 totaque
1173 4584 1277 4624 sua
1335 4569 1559 4625 familia
1613 4569 2014 4626 commutavit.

376 4658 688 4728 Imperavit
719 4674 904 4714 annos
931 4663 1080 4728 octo,
1114 4662 1232 4713 tres
1265 4673 1520 4727 menses,
1551 4663 1608 4715 et
1637 4659 1762 4716 dies
1791 4661 2015 4717 decem.

378 4745 441 4802 In
503 4763 562 4804 re
621 4747 830 4803 bellica
883 4747 1012 4802 talis
1055 4746 1162 4804 fuit
1232 4751 1296 4802 ut
1349 4747 1570 4804 dictum
1629 4752 1734 4818 est,
1795 4764 1900 4806 nec
1947 4750 2016 4806 ad

377 4837 568 4892 civilia
615 4838 818 4894 munia
855 4839 992 4895 satis
1057 4847 1246 4910 aptus,
1280 4854 1352 4894 ne
1399 4838 1588 4894 dicam
1637 4838 1808 4912 plane
1842 4839 2020 4897 fuisse

377 4925 799 4996 negligentem;
855 4932 1056 4984 caetera
1086 4945 1200 4984 non
1253 4927 1674 5000 aspernandus,
1706 4928 2020 4985 clementia

379 5018 435 5068 et
479 5013 715 5070 lenitate
771 5015 1045 5071 omnibus
1088 5016 1374 5089 superior,
1428 5018 1592 5072 aditu
1642 5017 1854 5086 facilis,
1901 5034 2018 5074 non

380 5099 684 5156 severitate
740 5101 958 5168 vultus,
1016 5119 1130 5158 non
1188 5113 1409 5160 arrecto
1465 5104 1774 5177 supercilio
1815 5122 2020 5179 quem-

380 5205 554 5261 quam
616 5207 650 5245 a
722 5205 823 5246 suo
873 5189 1126 5262 alloquio
1205 5193 1547 5251 deterrebat.
1607 5193 1804 5250 Cuivis
1889 5211 2016 5252 eum

381 5281 544 5334 adire
611 5285 668 5335 et
723 5296 889 5336 orare
969 5279 1210 5348 licebat;
1293 5281 1606 5356 aliquando
1681 5283 1858 5340 etiam
1903 5302 2020 5341 non

383 5369 670 5426 submissa
717 5385 856 5426 voce
911 5369 996 5424 illi
1081 5372 1377 5444 refragari.
1447 5373 1908 5431 Calumniatores
1964 5379 2023 5431 et

380 5459 710 5516 adulatores
742 5461 1067 5531 frequentes
1099 5461 1318 5516 circum
1351 5477 1414 5518 se
1443 5461 1712 5520 habebat.
1745 5464 1856 5520 Sed
1889 5480 2022 5520 cum

379 5549 615 5608 sceleris
669 5550 728 5606 in
772 5551 1006 5606 fratrem
1073 5547 1314 5605 admissi
1375 5552 1726 5608 conscientia
1771 5553 2022 5625 ﬂagella-

373 5645 558 5712 retur,
612 5639 795 5700 fatum
855 5638 1090 5698 timebat
1119 5646 1173 5698 et
1204 5637 1518 5698 vindictam
1559 5656 1762 5702 omnes
1795 5658 1882 5700 res
1912 5643 2020 5700 hn-

2047 4529 2097 4595 D

2123 1877 2374 1954 ῥίψαντες
2441 1879 2502 1935 ἐκ
2557 1884 2668 1936 τῶν
2730 1881 3042 1955 κλιμάκων,
3111 1879 3300 1942 ἔπειτα
3345 1890 3466 1948 τοῖς
3521 1885 3582 1941 ἐκ
3653 1891 3758 1942 τῶν

2115 1967 2336 2042 πύργων
2427 1969 2730 2043 Ῥωμαίοις
2827 1971 3255 2048 συμπλέκονται,
3314 1975 3404 2030 καὶ
3468 1974 3756 2050 τρέπονται

2112 2059 2341 2122 τούτους
2373 2056 2576 2133 ῥᾳδίως
2608 2061 2683 2122 ὡς
2714 2060 2768 2134 ἐξ
2819 2059 3144 2137 ὑπερδεξίων
3196 2064 3505 2140 μαχόμενοι
3553 2067 3646 2122 καὶ
3699 2066 3758 2121 οὐ

2119 2147 2284 2220 μόνον
2317 2147 2426 2204 ἀπὸ
2450 2149 2622 2224 ὕψους
2653 2147 2800 2204 ἀλλά
2828 2151 2918 2206 καὶ
2951 2151 3088 2208 κατᾶ
3132 2155 3376 2232 κορυφήν
3433 2156 3578 2210 οἶνον
3639 2154 3756 2232 ἐφε-

2113 2241 2312 2299 στῶτες
2369 2238 2462 2292 καὶ
2555 2235 2880 2312 βάλλοντες·
2931 2241 3070 2296 κατὰ
3125 2240 3274 2298 πολὺ
3325 2243 3432 2318 γὰρ
3496 2248 3609 2299 τῶν
3660 2247 3758 2309 τῆς

2111 2324 2328 2388 πόλεως
2403 2325 2636 2405 τειχέων
2707 2328 3201 2402 ὑπερανεστήκεσαν
3260 2333 3312 2386 οἱ
3367 2337 3486 2394 τοῖς
3536 2333 3754 2398 πλοίοις

2110 2411 2402 2488 κλίμακες,
2459 2413 2727 2488 μετέωροι
2786 2413 2876 2472 διὰ
2926 2418 3242 2492 πεισμάτων
3305 2422 3611 2495 γινόμεναι.
3677 2425 3750 2480 Τὸ

2116 2500 2164 2558 δ’
2191 2503 2300 2560 ἀπὸ
2329 2501 2488 2560 τοῦδε
2518 2499 2820 2578 λαϐόμενοι
2851 2511 2958 2562 τῶν
2985 2510 3362 2584 τειχισμάτων
3403 2511 3452 2564 οἱ
3494 2509 3752 2586 πολέμιοι

2114 2597 2222 2670 πῦρ
2282 2593 2453 2649 ἐνιᾶσι
2503 2600 2623 2658 ταῖς
2681 2595 2900 2668 οἰκίαις,
2933 2598 3131 2654 ὁπόσαι
3154 2605 3273 2661 τοῖς
3321 2600 3556 2676 τείχεσιν
3581 2604 3758 2679 ἐκκρε-

2119 2691 2260 2761 μεῖς,
2317 2684 2787 2752 διασκεδασθέντες
2856 2688 3146 2766 πολΛαχῇ.
3213 2692 3316 2748 Καὶ
3399 2691 3608 2768 γίνεται
3663 2702 3759 2765 τῆς

2115 2777 2326 2852 ἡμέρας
2420 2776 2627 2848 ἐκείνης
2695 2775 2930 2834 ἐλεεινόν
2983 2801 3036 2834 τι
3086 2778 3260 2854 θέαμα
3322 2782 3413 2837 καὶ
3479 2784 3754 2858 ποταμοὺς

2117 2860 2276 2923 ἕλκον
2310 2864 2558 2943 δακρύων
2587 2868 2928 2946 ἀντιρῥόπων
2959 2875 3040 2944 τῷ
3061 2869 3258 2944 πολλῴ
3309 2879 3410 2943 τῆς
3465 2880 3749 2951 πυρκαϊᾶς·

2115 2955 2287 3012 πάντα
2327 2958 2430 3032 λᾶρ
2470 2957 2570 3014 ὅσα
2591 2957 2650 3014 ἐκ
2669 2963 2776 3034 ,τοῦ
2802 2965 2912 3016 τῶν
2974 2960 3306 3038 Βλαχερνῶν
3363 2963 3562 3038 βουνοῦ
3629 2967 3756 3040 πρὸς

2113 3046 2214 3114 τήν
2259 3047 2432 3120 μονήν
2482 3045 2666 3118 δεῆκει
2714 3053 2812 3104 τοῦ
2861 3049 3158 3126 Εὐεργέτου
3214 3051 3605 3125 κατῆθάλωτο,
3670 3055 3751 3110 καὶ

2043 3159 2086 3222 D
2118 3132 2529 3208 ὁπερεμηκίσθη
2559 3135 2623 3190 τὸ
2653 3133 2992 3210 καλούμενον
3026 3135 3282 3212 Δεύτερον
3339 3140 3375 3208 ἡ
3434 3143 3534 3194 τοῦ
3587 3141 3749 3216 πυρὸς

2120 3220 2290 3298 ἐρωή.
2325 3220 2476 3279 Ἰδὼν
2517 3221 2564 3278 δ’
2595 3225 2624 3279 ὁ
2655 3222 2914 3301 βασιλεὺς
2942 3225 3006 3281 τὸ
3027 3225 3245 3301 οῗκτρὸν
3270 3231 3432 3284 τοῦτο
3455 3233 3559 3293 τῆς
3601 3230 3751 3298 βασι-

2119 3309 2280 3396 λίδος
2309 3309 2656 3389 δυστόχημα,
2684 3313 2777 3370 καὶ
2811 3317 2912 3386 τὴν
2983 3317 3223 3396 συνοχὴν
3281 3322 3391 3373 τῶν
3459 3319 3754 3396 ἀνθρώπων

2119 3395 2468 3472 εὐλαϐηθεὶς,
2510 3403 2745 3475 ὁπλίτης
2777 3403 2984 3482 γίνεται
3021 3395 3208 3480 μόλις,
3237 3407 3328 3462 καὶ
3399 3408 3624 3481 μάλισθ’
3675 3409 3758 3465 ’ὁτι

2119 3489 2257 3566 πρὸς
2325 3492 2498 3568 ὁργήν
2554 3491 2683 3556 τοὺς
2737 3493 2960 3558 πλείους
3020 3493 3436 3573 ἐπιφρίσσοντας
3483 3499 3629 3573 ἐώρα
3673 3498 3760 3554 καὶ

2122 3578 2326 3655 λόγους
2389 3580 2648 3658 ἐπαχθεῖς
2704 3585 2822 3639 κατ’
2874 3583 3038 3640 αὐτοῦ
3115 3587 3208 3640 καὶ
3265 3586 3760 3662 προπηλακισμοὺς

2121 3667 2398 3747 ἀφιέντας,
2432 3671 2518 3734 οἷς
2558 3671 2827 3748 οῗκουρεῖν
2861 3671 3139 3749 ἐλομένοχ
3185 3673 3274 3730 ἐπὶ
3309 3673 3523 3750 μᾶλλον
3550 3677 3618 3732 τὰ
3655 3681 3758 3732 τῶν

2120 3755 2375 3815 ἐναντίων
2489 3764 2814 3840 φρονήματα
2896 3759 3086 3839 ᾔρετο,
3187 3761 3460 3838 μηδεμιᾶς
3547 3765 3763 3844 ἀρωγῆς

2125 3845 2562 3926 ὑπονοθευομένῃ
2585 3856 2653 3926 τῇ
2685 3850 2846 3907 πόλει
2904 3865 3368 3928 προσγινομὲνης,
3436 3852 3565 3910 ἀλλ’
3614 3855 3762 3935 ἀφεὶς

2120 3937 2213 3991 τὸν
2268 3938 2515 4012 πόλεμον
2560 3945 2678 4002 τοῖς
2735 3941 2944 4016 τείχεσι
3004 3939 3348 4016 προσελθεῖν,
3407 3949 3638 4021 πρᾶγμα
3687 3946 3758 4018 μὴ

2124 4021 2345 4098 ἐσδεῦρο
2428 4032 2664 4104 πραχθν,
2722 4030 2798 4093 ὡς
2884 4027 3034 4106 ε’ίπερ
3093 4027 3307 4096 οὐδένες
3366 4037 3476 4088 τῶν
3545 4030 3760 4088 ἐνόντων

2123 4113 2425 4185 ἠπίσταντο
2454 4116 2740 4192 πολεμεῖν,
2767 4115 2909 4191 μηδέ
2941 4117 3158 4194 βέλτιον
3207 4115 3403 4194 ᾔδεσαν
3461 4122 3526 4176 τὸ
3574 4121 3763 4199 φθάσαι

2123 4211 2215 4268 τὸν
2259 4207 2554 4264 ἀντίπαλον
2592 4206 2805 4281 μᾶλλον
2861 4209 2898 4278 ἢ
2951 4211 3078 4286 παρ’
3129 4209 3297 4266 αὐτοῦ
3353 4210 3762 4289 προληφθῆναι,

2128 4301 2228 4356 ὅσα
2255 4299 2347 4356 καὶ
2405 4303 2565 4372 σῶμα
2605 4295 2762 4371 δεινῷ
2807 4301 3191 4375 καχεκτήματι
3247 4300 3345 4369 τὴν
3404 4297 3548 4356 ἴασιν
3611 4303 3763 4376 ὑπερ-

2127 4389 2366 4446 παίοντι.
2396 4388 2586 4458 Ἐξιὼν
2635 4385 2817 4443 τοίνυν
2867 4392 2974 4443 τῶν
3041 4388 3279 4464 ἀρχείων
3333 4389 3571 4453 ἱππότας
3613 4391 3765 4447 πλεί-

2131 4499 2288 4542 στους
2315 4478 2454 4554 πρὸς
2478 4477 2666 4533 ἐαυτὸν
2703 4476 3063 4548 ἐπεσπάσατο,
3095 4478 3184 4533 καὶ
3216 4481 3354 4550 πεζή
3415 4499 3500 4541 τις
3559 4479 3763 4560 φάλαγξ

2127 4567 2228 4624 οὐκ
2299 4566 2531 4646 ἀγεννής
2597 4563 3038 4642 συνδεδράμηκεν
3113 4567 3174 4623 ἐκ
3246 4571 3346 4633 τῆς
3423 4569 3610 4644 ἀκμῆς
3674 4575 3764 4638 τῆς

2125 4653 2366 4728 πόλεως,
2399 4655 2654 4712 ὥστεκαὶ
2691 4660 2771 4728 τῷ
2827 4657 2964 4712 κατὰ
3037 4658 3236 4732 χέρσον
3300 4655 3560 4732 πολεμίῳ
3612 4679 3768 4735 στρα-

2128 4745 2354 4820 ιεύματι
2413 4744 2721 4824 φρικασμὸς
2779 4743 3060 4820 ἐπεγένετο
3155 4745 3432 4820 σώματος,
3515 4749 3765 4824 μεγίστην

2127 4833 2390 4912 αἷφνηδὸν
2455 4831 2770 4908 θεασαμένῳ
2827 4835 3142 4910 παράταξιν.
3225 4837 3388 4912 Τάχα
3446 4835 3494 4892 δ’
3575 4837 3634 4894 ἂν
3683 4837 3766 4893 καὶ

2129 4926 2399 4998 σωτήριον
2459 4921 2612 4998 ἔργον
2677 4921 2955 4995 διήνυστο,
3007 4925 3050 4978 εἰ
3119 4923 3289 4998 ὁμόσε
3315 4929 3634 5002 κεχωρήκει
3664 4933 3771 4990 τοῖς

2129 5010 2449 5074 ἀντιπάλοις
2497 5012 2532 5082 ἢ
2563 5016 2644 5084 τῷ
2694 5008 2934 5086 κηδεστῇ
2989 5013 3227 5090 Δάσκαρι
3275 5015 3376 5084 τήν
3446 5015 3770 5088 συμπλοκήν

2129 5103 2572 5180 συγκεχώρηκεν,
2629 5105 2896 5177 συμμῖξαι
2937 5108 3054 5166 τοῖς
3117 5103 3369 5166 Λατίνοις
3424 5103 3768 5178 σφαδάζοντι.

2129 5197 2236 5248 Νῦν
2304 5189 2362 5248 δὲ
2417 5195 2453 5261 ἡ
2510 5190 2808 5267 ἐνδελεχὴς
2874 5198 2977 5262 τῆς
3023 5195 3197 5270 φυγῆς
3242 5188 3420 5250 ἔννοια
3448 5195 3542 5254 καὶ
3573 5197 3638 5252 τὸ
3666 5201 3767 5251 τῶν

2127 5283 2253 5359 περὶ
2317 5281 2479 5337 αὐτὸν
2537 5280 2842 5351 εὐπτόητον
2889 5286 2987 5338 τοῦ
3053 5283 3106 5336 τί
3157 5279 3239 5338 δεῖ
3267 5288 3442 5340 ποιεῖν
3498 5283 3769 5360 ἐξέκρουσε

2126 5373 2219 5428 τὸν
2264 5370 2510 5442 Λλὲξιον.
2543 5369 2642 5425 Καὶ
2685 5371 3132 5446 παραταξάμενος
3176 5371 3360 5446 μόνον,
3417 5373 3540 5438 ὅθεν
3587 5374 3771 5450 ἐξῆλθε

2130 5461 2426 5534 Ῥωμαίοις
2456 5461 2720 5522 ἀσπάσιος
2742 5460 2824 5524 ὡς
2883 5457 3042 5529 δῆθεν
3073 5463 3161 5534 [Ρ,
3221 5464 3348 5535 352]
3416 5461 3770 5536 ἀντιταξόμε-

2130 5570 2220 5612 νος
2267 5553 2383 5612 τοῖς
2431 5547 2706 5619 Λατίνοις,
2756 5547 3008 5616 εἰσῆλθεν
3059 5547 3344 5626 αἴσχιστος
3405 5552 3495 5606 καὶ
3550 5547 3769 5629 ἐφύϐρι-

2132 5659 2282 5711 στος,
2323 5631 2698 5716 σοϐαρώτερον
2747 5636 2964 5721 μᾶλλον
3013 5638 3101 5694 καὶ
3149 5637 3479 5717 θρασύτερον
3536 5661 3769 5712 πεποιη-
