4120 6284
332 394 453 457 929

1335 398 1699 462 ΙΞΑΑΟΙΠΞ
1741 397 2140 463 ANGELIUS
2186 400 2289 460 ET
2330 399 2674 461 ALEXlUS
2716 400 2787 460 F.

3630 404 3753 464 9Ίο

339 532 448 592 κὼς
469 531 533 585 τὸ
588 528 920 606 ἀντίμαχον,
970 527 1087 585 ἐπεὶ
1145 527 1235 585 καὶ
1315 532 1642 606 κατεπαρθὲν
1700 538 1807 588 τῶν
1862 533 1991 590 Ῥω-

2133 548 2304 589 nanus
2406 531 2856 603 perlustrantem
2952 536 3229 605 perpetuo
3318 535 3751 595 refortnidabat.

345 620 521 694 μαίων
556 619 736 676 ὀπίσω
782 620 992 675 τούτων
1025 618 1210 675 ε’ἰπετο
1240 620 1599 694 τραπομένων
1656 621 1795 697 πρὸς
1854 620 1996 677 ὑπο-

339 711 620 779 νόστησιν,
670 709 763 765 καὶ
817 710 887 764 τὰ
943 706 1147 779 δόρατα
1198 706 1602 786 ἐπεκράδαινον.
1647 711 1848 768 Εἱσιὼν
1904 711 1995 766 οὗν

341 798 591 869 ’Λλέξιος
618 800 686 854 τὰ
740 796 991 873 βασίλεια
1050 799 1186 872 πρὸς
1244 795 1543 873 ἀπόδρασιν
1603 798 1997 870 ἐνσκευάζεται,

344 889 417 951 ὡς
473 886 627 963 εἷ’περ
686 887 992 966 φερομένην
1041 889 1140 957 τήν
1195 887 1356 943 πόλιν
1418 888 1493 950 εἰς
1549 888 1749 965 ἀτυχὲς
1799 895 2001 965 πτῶμα

343 978 433 1033 καὶ
467 978 602 1052 ὑπὲρ
635 979 793 1032 αἶσαν
844 978 1157 1056 ἀφαντῶσαι
1215 974 1534 1050 διεπονεῖτο,
1592 979 1683 1032 καὶ
1747 978 1840 1035 τὸν
1872 988 2003 1035 ταυ-

342 1090 444 1141 της
471 1067 869 1142 ἀποτεταμένον
915 1065 1197 1142 συνέτεμεν
1251 1067 1501 1144 ὄλεθρον.
1535 1071 1618 1127 Τά
1671 1073 1766 1125 τοῦ
1798 1075 2002 1127 σκοποῦ

343 1179 526 1214 τοινυν
583 1159 987 1232 κοινωσάμενος
1076 1157 1317 1232 μετρίοις
1372 1162 1480 1214 τῶν
1570 1164 2000 1231 κατευναστριῶν

345 1248 538 1321 ἐκείνῳ
576 1249 665 1303 καὶ
702 1251 996 1325 συγγενῶν,
1026 1248 1130 1302 κάκ
1179 1252 1287 1302 τῶν
1341 1249 1645 1324 θυγατέρων
1701 1250 1798 1318 τὴν
1833 1250 2004 1325 Εἰρή-

343 1360 442 1407 νην
470 1337 562 1393 καὶ
595 1336 721 1392 δέκα
746 1338 985 1413 χρυσίου
1042 1336 1326 1410 ἐνθέμενος
1384 1340 1705 1415 κεντηνάρια
1759 1339 1849 1394 καὶ
1905 1340 2004 1394 κό-

346 1448 518 1501 σμους
550 1426 757 1488 ἂλλους
812 1426 1135 1502 βασιλικοὺς
1185 1426 1245 1481 ἐκ
1303 1426 1468 1483 λίθων
1525 1427 1814 1507 τιμαλφῶν
1868 1450 2003 1504 συγ-

344 1515 629 1590 κειμένους
662 1515 753 1572 καὶ
789 1516 1080 1592 μαργάρων
1141 1513 1432 1593 διαφανῶν,
1489 1519 1612 1593 περὶ
1646 1520 1745 1588 τήν
1777 1519 2004 1593 πρώτην

2108 625 2309 695 Itaque
2336 624 2532 678 animo
2564 624 2907 694 angebatur,
2966 628 3142 692 metu,
3175 625 3589 697 sollicitudine,
3632 646 3753 700 pm-

2108 711 2353 768 nitentia
2406 716 2678 767 aestuans.
2744 713 2956 777 Quodsi
3013 714 3250 785 regibus
3327 732 3605 789 magnum
3666 721 3756 775 est

2108 819 2173 858 ac
2221 801 2459 857 dilﬁcile
2524 801 2713 873 spicas
2770 802 3080 858 eminentes
3141 819 3255 859 non
3314 802 3602 872 decutere,
3647 823 3751 862 nec

2108 892 2446 948 immaniter
2499 908 2598 947 eos
2665 895 3028 963 prosternere
3074 910 3107 948 a
3139 894 3354 964 quibus
3405 895 3612 951 offensi
3670 896 3754 952 fu.

2109 982 2283 1051 erint,
2324 982 2500 1037 etiam
2545 997 2610 1037 ea
2666 982 2837 1037 laude
2885 981 3201 1039 abundavit
3246 982 3493 1039 Alexius.
3555 985 3753 1057 Neque

2111 1071 2267 1127 enim
2296 1071 2382 1127 vel
2416 1070 2616 1127 oculos
2662 1069 2970 1126 eﬂ'odiebat
2999 1071 3082 1126 vel
3134 1073 3393 1127 membra
3425 1072 3749 1141 mutilabat,

2116 1161 2261 1219 725
2316 1176 2501 1234 neque
2548 1159 2888 1217 carniﬁcina
2946 1160 3251 1217 hominum
3308 1162 3751 1231 delectabatur;

2114 1267 2299 1322 neque
2358 1250 2474 1305 ulla
2538 1254 2826 1320 matrona,
2882 1251 3136 1321 quandiu
3196 1252 3245 1307 is
3308 1253 3629 1324 imperavit,
3678 1253 3752 1309 ob

2115 1341 2384 1396 maritum
2463 1340 2829 1396 interfectum
2905 1339 3120 1411 pullam
3190 1344 3409 1398 vestem
3486 1343 3677 1398 induit
3738 1359 3753 1411 ;

2115 1444 2301 1502 neque
2344 1428 2649 1502 quisquam
2695 1429 3063 1486 contumeliis
3116 1431 3188 1487 ab
3242 1448 3308 1487 eo
3367 1432 3612 1489 allectus
3646 1432 3760 1487 for-

2111 1524 2286 1574 tunas
2317 1535 2456 1574 suas
2495 1517 2829 1590 deploravit.

347 1615 478 1679 ἄρας
522 1617 770 1694 φυλακὴν
829 1623 929 1686 τῆς
984 1614 1180 1679 νυκτός
1229 1614 1463 1685 ἤλαυνεν
1527 1617 1603 1678 είς
1659 1619 1721 1672 τὸ
1782 1612 2064 1689 Δεϐελτὸν,
2132 1612 2255 1673 ἔνθα
2283 1617 2384 1686 τήν
2444 1615 2643 1672 οἰκείαν
2703 1617 3110 1691 προητοίμασεν
3141 1615 3339 1696 ἄφιξιν,
3400 1616 3642 1681 δείλαιος
3702 1618 3755 1676 ἐν

347 1709 679 1785 ἀνθρώποις,
711 1711 786 1782 μὴ
850 1708 1065 1786 φίλτρῳ
1116 1706 1325 1763 παίδων
1381 1706 1712 1785 μαλαχθεὶς,
1776 1710 1851 1784 μὴ
1903 1712 2158 1785 γυναικὸς
2217 1705 2379 1784 ἔρωτι
2446 1705 2762 1781 δαμασθεὶς,
2827 1708 2901 1782 μὴ
2970 1709 3279 1784 τηλικαύτῃ
3332 1708 3492 1767 πόλει
3580 1711 3757 1784 μαλα-

346 1797 572 1867 κισθεῖς,
608 1796 748 1871 μηδέ
808 1820 859 1853 τι
918 1804 1027 1853 τῶν
1080 1797 1266 1854 ἂλλων
1318 1796 1393 1860 εἷς
1449 1804 1573 1854 νοῦν
1634 1797 1964 1876 βαλόμενος,
2023 1798 2336 1875 φιλοψυχία
2394 1796 2450 1853 δὲ
2503 1798 2594 1853 καὶ
2653 1795 2969 1873 δειλανδρίᾳ
3057 1799 3331 1876 σωτηρίαν
3418 1800 3615 1872 ἐαυτῷ,
3666 1798 3758 1855 καὶ

346 1887 549 1956 ταύτην
603 1881 944 1965 ἀμφίϐολον,
1009 1892 1217 1963 χωρῶν
1274 1888 1364 1942 καὶ
1423 1885 1644 1943 πόλεων
1693 1889 1966 1944 τοσούτων
2026 1889 2115 1945 καὶ
2168 1888 2359 1965 γένους
2417 1888 2615 1948 παντὸς
2677 1885 3073 1961 ἀλλαξάμενος.
3138 1883 3452 1945 Ἐϐασίλευε
3532 1889 3626 1961 μὲν
3669 1888 3760 1943 οὗν

349 1973 628 2037 ἐνιαυτοὺς
688 1976 832 2032 ὀκτὼ
891 1976 982 2031 καὶ
1047 1983 1217 2050 μῆνας
1277 1981 1423 2053 τρεῖς
1491 1977 1583 2032 καὶ
1640 1976 1851 2052 ἡμέρας
1919 1977 2067 2049 δέκα,
2126 1981 2191 2049 ἦν
2251 1975 2307 2033 δὲ
2354 1978 2421 2033 τὰ
2482 1978 2575 2050 μὲν
2631 1976 2685 2040 ἐς
2717 1977 2962 2051 πόλεμον
3000 1978 3190 2039 ὁποῖος
3247 1975 3484 2052 εἷ’ρηται,
3541 1974 3666 2032 οὐδὲ
3692 1978 3760 2032 τὰ

349 2065 484 2139 πρὸς
546 2067 737 2135 κοινὴν
769 2062 1044 2135 διοίκησιν
1093 2065 1456 2140 ἀπεξεσμένος
1490 2067 1846 2137 παντάπασιν,
1900 2065 1994 2123 ’ίνα
2054 2069 2129 2142 μή
2185 2066 2408 2142 λέγοιμι
2458 2065 2532 2128 ὠς
2589 2065 2852 2137 ἐξέκλινεν
2914 2066 2987 2129 εἰς
3017 2067 3078 2121 τὸ
3134 2066 3307 2138 πάντη
3343 2066 3639 2145 ὀλίγωρον.
3676 2066 3762 2123 Τὰ

349 2150 395 2207 δ’
453 2151 600 2210 ἄλλα
658 2154 759 2209 οὐκ
808 2155 878 2225 ἧν
937 2176 1022 2216 τις
1078 2150 1420 2225 ἀπόϐλητος,
1452 2155 1666 2232 χαρίεις
1701 2155 1758 2212 δὲ
1812 2157 1874 2211 τὸ
1905 2157 2063 2228 ἦθος,
2098 2156 2286 2228 εύῆλιξ
2325 2157 2414 2211 καὶ
2460 2151 2667 2230 ὄρθιος.
2702 2155 2875 2212 Πλέον
2928 2154 2984 2210 δὲ
3008 2158 3221 2211 πάντων
3255 2160 3333 2228 τῷ
3367 2154 3633 2231 μειλιχίῳ
3662 2160 3758 2210 τοῦ

345 2244 510 2312 ἢθους
555 2243 834 2316 ἐκέκαστο,
894 2245 969 2316 μὴ
1032 2241 1407 2320 δυσπρόσοδος
1466 2244 1564 2312 ὥν,
1625 2244 1749 2301 οὕτε
1814 2247 1920 2319 μὴν
1983 2246 2412 2320 ὑποσκυζομένῳ
2441 2247 2725 2321 προσώπῳ
2778 2246 2871 2301 καὶ
2949 2245 3410 2324 ὑπεροφρυάζοντι
3475 2244 3757 2322 βλέμματι

350 2332 623 2410 ἐκκρούων
677 2334 766 2388 καὶ
812 2334 874 2388 τὸ
933 2333 1022 2387 ὑπ’
1077 2330 1270 2388 ὀδόντα
1327 2333 1515 2410 γρῦξαί
1576 2355 1718 2402 τινα,
1763 2333 1891 2391 ἀλλ’
1944 2335 2011 2405 ἧν
2066 2340 2163 2390 τοῦ
2217 2334 2558 2411 βουλομένου
2620 2336 2818 2398 παντὸς
2867 2333 3188 2409 προσελθεῖν
3238 2333 3424 2408 ἐκείνῳ
3481 2336 3573 2389 καὶ
3634 2332 3763 2406 δεη-

352 2424 535 2491 θῆναι,
591 2424 816 2497 ἐνιαχοῦ
877 2420 935 2478 δὲ
962 2423 1052 2478 καὶ
1083 2423 1218 2496 πρὸς
1251 2422 1567 2501 ἀντιφάσεις
1598 2429 1801 2498 χωρεῖν
1862 2425 1973 2503 οὐχ
2005 2423 2457 2499 ὑποστελλομένῃ
2517 2429 2694 2505 φωνῇ.
2755 2427 2855 2482 Καὶ
2913 2426 3040 2487 τοὺς
3080 2423 3436 2497 ἐπαλλήλους
3464 2422 3761 2487 διαϐόλους

352 2512 602 2573 καὶτοὺς
667 2511 906 2575 κόλακας
963 2511 1233 2588 λαμπρῶς
1292 2512 1626 2588 περιίστατο.
1689 2520 1875 2590 ’Έχων
1934 2512 1992 2570 δὲ
2047 2516 2147 2584 τήν
2177 2513 2479 2586 συνείδησιν
2540 2512 2852 2590 βαλλουσάν
2942 2513 3025 2593 ἐφ’
3082 2515 3166 2577 οἷς
3223 2516 3497 2587 ἡνόμησεν
3558 2515 3636 2577 εἷς
3673 2515 3763 2571 τὸν

352 2598 611 2678 ἀδελφὸν,
661 2601 723 2656 τὸ
781 2603 960 2681 χρεὼν
1018 2599 1212 2657 ἐδεδίει
1268 2601 1360 2657 καί
1408 2603 1508 2672 τὴν
1574 2604 1743 2657 πάντα
1800 2605 2230 2678 περισκοποῦσαν
2292 2603 2358 2658 τὰ
2419 2606 2628 2674 θνητῶν
2695 2602 2986 2679 πράγματα
3080 2599 3235 2674 δίκην
3297 2600 3562 2673 διηνεκῶς
3643 2605 3769 2658 ὑπε-

354 2685 611 2761 ϐλέπετο,
670 2689 790 2754 ὅθεν
843 2690 1123 2761 κατανύξει
1180 2688 1408 2767 καρδίας
1469 2692 1770 2766 συνείχετο,
1829 2692 1921 2747 καὶ
1980 2689 2189 2754 δεικνὺς
2277 2690 2519 2763 ἀκηδιῶν
2588 2696 2799 2763 πνεῦμα
2854 2690 2993 2760 ἣλυέ
3078 2711 3137 2746 τε
3191 2692 3281 2746 καὶ
3333 2688 3616 2769 ἐδυσφόρει
3674 2690 3769 2746 καὶ

352 2781 583 2854 ἣχθετο.
634 2779 697 2836 Εἴ
761 2777 815 2835 δὲ
877 2781 1015 2855 μέγα
1072 2781 1160 2835 καὶ
1227 2779 1538 2856 βασιλεῦσιν
1598 2778 1829 2855 ἐργῶδες
1882 2782 1946 2835 τὸ
2008 2782 2085 2854 μὴ
2143 2785 2249 2835 τῶν
2310 2779 2597 2857 ἀσταχύων
2657 2778 2926 2853 ἐκτέμνειν
2984 2780 3113 2841 τοὺς
3197 2775 3563 2854 θπερέχοντας
3629 2777 3771 2854 μηδὲ

354 2867 650 2944 θηριωδῶς
710 2868 962 2943 ἐμπηδᾷν
992 2875 1110 2932 τοῖς
1170 2869 1621 2945 παραλυπήσασι,
1652 2868 1741 2924 καὶ
1801 2874 1965 2926 τοῦτο
2050 2868 2537 2946 προσπλουτοῦντα
2586 2866 2683 2943 ’ἰδῃ
2734 2890 2818 2932 τις
2879 2866 2939 2924 ἄν
2996 2869 3087 2923 τὸν
3152 2866 3423 2942 Ἀλέξιον·
3487 2866 3614 2923 οὐδὲ
3665 2870 3768 2945 γὰρ

352 2961 491 3032 πρὸς
518 2958 733 3038 φυτείαν
795 2960 1023 3021 σκότους
1054 2957 1376 3036 ὀφθαλμοὺς
1408 2957 1819 3031 ἐπαττάλευσεν,
1852 2956 1976 3014 οὐδὲ
2003 2957 2224 3015 κλαδῶν
2264 2959 2329 3027 ἦν
2363 2959 2438 3020 ὡς
2505 2956 2790 3032 ἀμπέλους
2849 2959 2915 3012 τὰ
2968 2961 3065 3013 τοῦ
3124 2958 3381 3031 σώματος
3433 2959 3771 3034 ἀκρωτήρια,

360 3047 619 3124 μάγειρος
651 3049 953 3124 ἀνθρώπων
998 3049 1311 3125 γενόμενος.
1373 3045 1504 3105 Οὐδ’
1570 3049 1695 3104 ’ὸσον
1746 3048 1949 3125 χρόνον
2006 3050 2109 3118 τὴν
2168 3049 2539 3127 στυγνόχροον
2598 3047 2882 3123 πορφύραν
2941 3044 3245 3120 ἐνεδέδυτο,
3295 3047 3430 3123 γυνή
3500 3068 3581 3110 τις
3660 3050 3773 3123 ἡμ-

355 3139 592 3216 φιάσατο
638 3137 848 3211 μέλανα
878 3140 1038 3213 χήτει
1071 3137 1285 3212 ἀνδρὸς,
1312 3138 1370 3192 δν
1399 3136 1568 3213 μέλας
1602 3137 1841 3212 ἐκάλυψε
1870 3139 2116 3203 θάνατος.
2176 3136 2320 3196 Οὐδὲ
2370 3143 2478 3213 πῦρ
2535 3131 2734 3211 ἔϐλεψε
2782 3141 2893 3192 τῶν
2944 3137 3209 3211 ὀμμάτων
3270 3137 3345 3201 ὡς
3426 3141 3533 3193 τῶν
3601 3137 3771 3201 λίθων

358 3229 410 3282 οἱ
465 3225 808 3295 ἀκτινώδεις,
877 3225 997 3283 οὐδ’
1046 3226 1202 3306 ἐνέφυ
1264 3228 1404 3283 τισὶν
1465 3226 1542 3290 είς
1599 3226 1856 3303 ἐπήρειαν
1916 3229 1993 3292 ὡς
2053 3223 2258 3284 λείϐειν
2319 3222 2600 3303 θρόμϐους
2661 3224 2906 3303 δακρύων
2967 3227 3136 3282 ὁποῖα
3194 3226 3260 3283 τὰ
3317 3231 3424 3282 τῶν
3485 3229 3773 3302 μαργάρων

358 3318 747 3398 σφαιρώματα.

1435 3577 2028 3675 ΒΑΣΙΛΕΙΑ
2124 3580 2703 3677 ΔΕΥΤΕΡΑ

1091 3795 1425 3853 ΙΣΑΑΚΙΟΥ
1462 3795 1597 3852 ΤΟΥ
1636 3799 1947 3854 ΔΓΓΕΛΟΥ
1985 3795 2107 3854 ΚΑΙ
2145 3795 2283 3852 ΤΟΥ
2319 3796 2473 3853 ΥΙΟΥ
2510 3797 2730 3853 ΑΥΤΟΥ
2758 3797 3072 3855 ΑΛΕΞΙΟΥ

753 4133 1224 4230 ISAACII
1288 4132 1773 4227 ANGELI
1839 4132 2111 4227 UNA
2179 4132 2447 4229 CUM
2512 4134 3004 4230 ALEXIO
3075 4135 3411 4232 FILIO

1695 4342 2055 4397 ITERATUM
2093 4343 2464 4399 IMPERIUM.

448 4681 540 4752 [P.
576 4677 701 4748 353]
741 4672 808 4728 α’.
865 4665 991 4724 Ὧδε
1057 4666 1152 4740 μὲν
1215 4660 1310 4752 οὖν
1361 4657 1611 4752 ἤλαυνεν
1648 4659 1727 4752 ἐς-
1767 4656 2020 4752 Δεβελτὸκ

2219 4666 2370 4721 726
2423 4665 2466 4721 Ι.
2500 4667 2579 4719 Ac
2610 4664 2691 4720 sio
2721 4663 3025 4720 Debeltum
3081 4624 3239 4737 fugit
3282 4665 3537 4732 Alexius,
3589 4682 3723 4721 cum
3758 4681 3793 4721 a

376 4748 649 4837 Ἀλέξιος,
703 4763 793 4817 ὕπ’
844 4755 1064 4818 οὐδενὸς
1123 4750 1500 4824 ἐλαυνόμενος.
1544 4751 1645 4806 Ἧν
1707 4748 1752 4804 δ’
1809 4749 1913 4827 ἄρα
1971 4752 2033 4806 οὐ

385 4857 556 4931 μόνον
581 4850 827 4933 χαλεπὸν
862 4849 1025 4926 γηνή,
1070 4845 1160 4899 καὶ
1217 4843 1280 4898 τὸ
1335 4848 1436 4910 τῆς
1496 4839 1855 4901 συνευνᾶσεως
1905 4839 2035 4919 φίλ-

375 4927 506 5019 τρον
545 4927 773 5019 βλάψειε
807 4934 1020 5011 μᾶλλον
1062 4932 1097 5003 ἤ
1156 4929 1484 5019 ὠφελήσειε,
1543 4929 1681 5019 καθά
1727 4948 1819 5019 Δτις
1872 4927 2037 5019 ἐγνω-

382 5016 616 5108 μάτευσε
663 5034 772 5084 τῶν
844 5024 1039 5093 πάλαι,
1115 5024 1296 5080 κακῶς
1381 5016 1436 5081 ἐς
1526 5016 1801 5086 βασιλείαν
1854 5017 2042 5073 παθὼν

379 5105 686 5197 προκοίτου
742 5114 992 5191 γυναικὸς
1055 5110 1422 5197 εἰσηγήσεσιν·
1509 5105 1674 5197 ἀλλὰ-
1723 5107 1813 5197 καὶ
1868 5108 2042 5197 γύννις

380 5195 519 5285 ἀνὴρ
548 5207 819 5285 ἀργαλέον
847 5209 1072 5279 πρᾶγμα
1115 5199 1204 5255 καὶ
1260 5196 1559 5277 χείριστον,
1590 5195 1682 5251 καὶ
1736 5195 1791 5251 τί
1829 5195 1928 5251 οὐκ
1980 5198 2039 5252 ἄν

380 5281 640 5375 ἐπαχθὲς-
678 5296 769 5352 καὶ
822 5295 899 5358 εἷς
950 5289 1195 5348 κίνδυνον
1255 5287 1478 5342 ἔλαῦνον
1536 5286 1626 5341 τὸν
1690 5281 1925 5361 ἔσχατον
1977 5288 2041 5343 τὸ

384 5391 473 5445 ὑπ’
492 5371 703 5444 ’ἐκεῖνον
747 5385 1075 5458 ταττόμενον
1115 5378 1357 5435 πείσεται
1392 5393 1407 5445 ;
1441 5374 1471 5430 ὅ
1522 5371 1588 5444 δὴ
1620 5374 1710 5429 καὶ
1740 5375 2039 5449 Ῥωμαίοις

382 5478 568 5539 αὐτοῖς
629 5476 1029 5545 συνενήνεκται,
1083 5466 1392 5540 ἀνειμένους
1451 5463 1543 5519 καὶ
1614 5461 1893 5539 χαλαροὺς
1948 5466 2040 5522 καὶ

383 5569 475 5623 τὸν
508 5564 910 5622 ἀπολαυστικὸν
956 5561 1073 5635 βίον
1138 5552 1575 5632 μεταδιώκοντας
1635 5549 2038 5631 δυστυχήσασιν

382 5655 817 5729 αὐτοκράτορας,
846 5649 972 5711 τοὺς
1004 5646 1052 5703 δ’
1108 5643 1306 5701 αὐτοὺς
1361 5642 1452 5698 καὶ
1511 5637 1911 5697 δυσπάλαιστον
1947 5646 2042 5719 μὲν

381 5748 482 5817 τὴν
516 5727 780 5819 ἀνάγκην,
814 5740 1140 5797 ἄνύποιστον
1200 5730 1258 5788 δὲ
1305 5733 1368 5787 τὸ
1418 5731 1539 5806 περὶ
1574 5733 1760 5806 ψυχῆς
1791 5727 1911 5797 δέος
1968 5732 2041 5792 δι’

2149 4754 2382 4809 nemine
2412 4754 2732 4825 fugaretur.
2762 4753 2958 4825 Neque
2982 4770 3115 4810 vero
3148 4753 3357 4809 mulier
3386 4753 3669 4809 duntaxat
3701 4771 3793 4810 res

2148 4842 2339 4915 gravis
2369 4846 2537 4910 est,et
2556 4840 2879 4914 conjugalis
2894 4858 3059 4897 amor
3075 4842 3204 4914 plus
3226 4845 3392 4899 nocet
3408 4859 3582 4914 quam
3600 4843 3788 4912 juvat,

2153 4935 2216 4986 ut
2246 4930 2482 4999 quidam
2514 4946 2581 4984 ex
2629 4929 2919 4986 veteribus
2947 4948 2978 4986 a
3011 4930 3250 4987 muliere
3301 4932 3517 4988 afﬂicto
3549 4932 3793 5002 imperio

2152 5018 2431 5090 queritur,
2464 5019 2564 5074 sed
2624 5017 2710 5074 vir
2738 5018 2912 5074 etiam
2963 5020 3154 5076 mollis
3202 5026 3259 5077 et
3305 5020 3672 5077 eﬂeminatus
3705 5037 3798 5078 res

2152 5106 2410 5180 pessima
2438 5112 2495 5162 et
2539 5107 2957 5165 molestissima
2986 5114 3097 5175 est,
3129 5110 3217 5165 cui
3252 5110 3350 5183 qui
3401 5115 3622 5180 parcnt,
3656 5109 3796 5181 quid

2154 5196 2479 5266 infortunii,
2511 5196 2647 5267 quid
2680 5196 2919 5253 extremi
2951 5197 3188 5267 periculi
3236 5216 3350 5254 non
3384 5198 3713 5255 subibunt?
3735 5197 3795 5253 Id

2154 5284 2305 5355 quod
2341 5283 2486 5356 ipsis
2520 5285 2794 5341 Romanis
2824 5287 3054 5353 accidit,
3088 5303 3220 5344 cum
3268 5289 3511 5344 adverso
3544 5286 3798 5359 quodam

2152 5375 2269 5429 fato
2299 5372 2360 5428 in
2394 5375 2540 5429 727
2576 5374 2801 5446 molles,
2836 5376 3075 5446 ignavos
3105 5389 3156 5433 et
3177 5378 3534 5449 voluptarios
3561 5378 3802 5449 impera-

2152 5468 2307 5518 tores
2336 5462 2697 5531 incidissent,
2730 5465 2829 5535 qui
2877 5464 3106 5523 labores
3136 5485 3251 5522 non
3286 5468 3552 5522 ferendos
3575 5471 3631 5521 et
3667 5465 3797 5522 vitae

2153 5550 2409 5622 pericula
2487 5551 2878 5610 intolerabilia
2951 5555 3318 5625 judicabant.
3379 5557 3651 5612 Caeterum
3729 5569 3797 5609 eo

2153 5643 2406 5712 emptum
2437 5638 2547 5694 iter
2600 5647 3007 5713 prosequente,
3054 5645 3300 5716 pepulus
3331 5643 3428 5715 qui
3475 5644 3534 5698 in
3585 5639 3797 5695 Palatio

2154 5734 2503 5790 convenerat
2572 5730 2759 5786 Alexii
2818 5733 3148 5790 discessum
3230 5732 3566 5805 gravissime
3638 5725 3794 5795 tulit,
