4120 6284
357 357 470 416 931

1678 348 1986 411 NICETE
2027 347 2445 410 GHONIATE

3655 348 3770 412 932

359 490 571 548 animis
598 485 1028 545 imminentium
1061 485 1442 558 periculorum
1488 488 1640 542 metu
1677 493 2005 543 consterna-

2125 481 2261 538 ὅλου
2291 481 2592 557 κρίνοντας.
2627 479 2785 539 Ἀλλ’
2845 481 2874 536 ὁ
2909 481 3004 554 μὲν
3049 477 3248 536 ὢδευεν
3305 477 3374 550 ἤν
3431 478 3714 554 προέθετο,
3754 477 3780 532 ὁ

360 582 454 636 tis.
493 578 766 634 Putabant
819 577 972 634 enim
1023 575 1271 642 Latinos,
1327 577 1421 647 qui
1454 581 1637 632 castra
1684 575 1742 631 in
1779 573 2014 646 prepin-

359 683 470 740 quo
549 667 818 723 haberent
905 681 1011 722 nec
1074 682 1108 720 α
1183 681 1463 736 quoquam
1549 663 2010 736 prohiberentur,

361 759 565 813 statim'
584 764 829 811 armatos
883 754 944 810 in
978 753 1172 810 urbem
1235 754 1570 823 irrupturos.
1618 754 1799 826 lgitur
1830 750 2012 806 Alexii

359 847 614 916 cognatis
647 851 700 900 et
731 843 1109 899 familiaribus
1156 851 1208 898 et
1235 843 1595 914 imperatrice
1640 841 2015 911 Euphrosyna

358 943 417 994 ut
447 931 832 1008 proditoribus
863 932 1228 1004 contemptis,
1251 933 1323 988 ob
1354 933 1820 1003 gravissimorum
1856 927 2008 1000 peri-

356 1025 618 1083 culorum
645 1021 940 1094 procellas,
960 1021 1108 1077 intra
1127 1020 1392 1092 palatium
1417 1029 1688 1092 tanquam
1707 1019 1764 1074 in
1787 1033 2014 1074 carcere

355 1113 567 1172 inclusi
615 1113 891 1168 lsaacium
946 1111 1124 1166 Alexii
1181 1111 1408 1166 fratrem
1459 1118 1730 1180 tanquam
1786 1122 2011 1163 sacram

361 1219 628 1260 ancoram
675 1202 969 1258 intuentur
1021 1225 1034 1268 ;
1085 1209 1140 1257 et
1189 1216 1318 1256 cum
1369 1217 1432 1271 sp
1471 1201 1544 1255 do
1602 1198 2012 1254 Constantinus

355 1292 479 1350 ﬁsci
529 1292 826 1364 praefectus
869 1289 1260 1360 bipenniferos
1307 1289 1586 1358 coegisset
1635 1295 1689 1343 et
1719 1292 1852 1358 apta
1882 1302 2010 1340 ora-

357 1382 510 1438 tione
575 1379 957 1448 conciliasset,
1006 1394 1289 1436 concursu
1333 1379 1502 1434 etiam
1537 1377 1607 1432 ab
1641 1392 1707 1433 ea
1759 1375 2012 1432 factione

359 1487 484 1541 qua:
510 1470 626 1540 jam
656 1470 792 1524 olim
824 1468 1037 1524 Isaacio
1067 1469 1388 1523 restitutum
1413 1465 1677 1536 cupiebat
1705 1463 2010 1531 imperium

358 1559 530 1629 facto,
590 1558 920 1629 imperatrix
971 1557 1343 1629 Enphrosyna
1413 1572 1526 1612 uoa
1585 1570 1712 1611 cum
1759 1552 2013 1624 cognatis

361 1647 883 1722 comprehenditur,
922 1647 1169 1703 Isaicius
1200 1663 1332 1703 vero
1366 1645 1674 1714 imperator
1701 1644 2008 1708 salutatur,

359 1741 417 1794 et
448 1753 618 1793 manu
667 1737 872 1792 ductus
921 1735 993 1791 ob
1051 1735 1488 1792 excaecationem
1535 1733 1585 1788 is
1643 1733 1738 1788 cui
1789 1731 2012 1802 prospi-

361 1826 564 1882 cienda
619 1832 780 1882 erant
829 1825 1043 1892 omnia,
1112 1826 1169 1879 in
1227 1822 1596 1892 imperatorio
1654 1822 1798 1877 solio
1859 1819 2086 1908 7283

355 1915 684 1982 collocatus,
747 1913 947 1970 missis
976 1913 1167 1968 statim
1206 1913 1277 1968 ad
1309 1911 1567 1968 Alexium
1603 1909 1783 1966 ﬁlium
1817 1913 1875 1966 et
1909 1909 2008 1965 La-

357 2003 464 2060 tini
493 2004 772 2060 exercitus
803 2003 978 2058 duces
1029 2002 1251 2058 nuntiis
1289 1999 1482 2056 fratris
1527 1999 1614 2056 sui
1647 1997 2012 2069 imperatoris

360 2092 553 2162 fugam
592 2093 674 2148 eis
704 2093 946 2148 nuntiat.
979 2091 1024 2147 Ii
1055 2105 1184 2146 vero
1216 2105 1322 2145 nec
1353 2097 1554 2146 contra
1584 2089 1779 2145 urbem
1812 2101 2012 2144 eorum

365 2183 675 2253 quidquam
747 2197 875 2252 qua:
946 2179 1424 2250 exspectabantur
1502 2177 2010 2250 praetermiserunt,

361 2287 470 2327 nec
518 2269 782 2326 Alexium
833 2269 992 2341 prius
1034 2271 1101 2323 ad
1155 2277 1367 2340 patrem
1428 2268 1795 2334 remiserunt,
1840 2281 2012 2336 quam

365 2361 488 2431 ipse
559 2357 804 2415 Isaacius
874 2373 1106 2429 quoque
1181 2375 1243 2414 se
1320 2365 1436 2413 rata
1497 2357 1595 2413 illa
1679 2355 2010 2412 habiturum

367 2465 489 2506 esse
519 2465 648 2520 quae
705 2447 858 2504 filius
901 2448 1028 2519 ejus
1080 2446 1367 2516 pollicitus
1415 2452 1565 2502 esset
1614 2444 2008 2502 assentiretur.

370 2537 502 2601 Quae
560 2538 815 2608 quidem,
875 2544 932 2591 ut
996 2551 1168 2606 snpra
1225 2535 1610 2606 exposuimus,
1677 2531 2010 2605 bujusmodi

362 2633 547 2696 erant,
581 2631 642 2681 ut
679 2626 750 2681 ad
784 2625 1024 2696 gloriarm
1079 2634 1132 2680 et
1162 2625 1620 2681 emolumentum
1671 2623 2010 2678 Latinorum

359 2716 504 2772 nihil
535 2715 784 2786 amplius
815 2722 1007 2786 posset
1035 2715 1326 2770 accedere.
1363 2713 1500 2770 Nam
1547 2711 1780 2768 Alexius
1813 2725 2012 2766 vecors

361 2814 414 2860 et
465 2821 654 2861 rerum
713 2805 1015 2875 imperitus
1067 2801 1550 2872 adolescentulus,
1610 2803 1671 2858 in
1719 2802 1774 2857 td
1829 2814 2009 2856 unum

361 2893 619 2950 intentus
671 2901 730 2948 ut
775 2901 1078 2964 paternum
1127 2893 1434 2964 imperium
1477 2899 1862 2962 recuperaret,
1905 2902 2010 2944 nec

368 2983 540 3040 ullam
590 2983 980 3041 conditionem
1031 2983 1434 3049 consideravit,
1480 2997 1666 3053 neque
1713 2996 1882 3052 quam
1915 2978 2008 3033 in-

367 3073 496 3129 festi
550 3080 744 3129 essent
793 3071 976 3127 Latini
1037 3077 1294 3128 ltomano
1327 3070 1551 3128 nomini
1601 3071 1892 3140 cogitavit.
1925 3069 2008 3124 Ac

368 3163 574 3218 talibus
617 3161 970 3233 imperatorii
1025 3161 1228 3231 fastigii
1259 3161 1728 3233 depressionihus
1779 3163 2003 3220 aditum

362 3252 423 3305 in
456 3251 654 3306 urbem
711 3257 994 3305 mercatus
1043 3251 1184 3320 patri
1236 3250 1468 3320 assedit,
1519 3249 1733 3320 collega
1775 3251 2008 3322 imperii

363 3340 580 3396 ascitus
613 3345 709 3409 ;et
735 3339 978 3410 populus
1012 3339 1308 3395 universus
1346 3341 1402 3394 in
1448 3341 1721 3410 palatium
1752 3355 2006 3398 concur-

361 3428 458 3498 rit,
496 3425 600 3482 filii
631 3433 683 3482 et
715 3428 892 3498 patris
943 3427 1173 3482 videndi
1203 3427 1373 3483 simul
1406 3431 1464 3483 et
1505 3428 1780 3484 adorandi
1811 3445 2004 3486 causa.

363 3517 490 3575 Non
531 3515 732 3571 multis
763 3515 966 3572 diebus
1007 3523 1130 3586 post
1163 3517 1333 3572 etiam
1385 3516 1717 3573 Latinorum
1749 3517 1922 3574 duces
1952 3522 2009 3574 et

360 3607 659 3663 nobilitate
705 3605 962 3676 insignes
1009 3605 1114 3660 viri
1148 3605 1417 3676 palatium
1451 3605 1694 3673 ingressi
1741 3615 1879 3663 sunt
1909 3623 1924 3674 ;
1953 3614 2008 3664 et

357 3697 646 3754 subselliis
675 3696 862 3752 allatis
888 3695 1335 3766 imperatoribus
1371 3696 1520 3752 729
1555 3699 1912 3769 assederunt,
1949 3704 2007 3753 ut

354 3787 500 3842 bene
530 3785 806 3854 meriti,ut
835 3793 1148 3841 servatores
1175 3785 1536 3850 eelebrati,et
1565 3787 1840 3842 omnibus
1873 3786 2006 3842 aliis

358 3875 616 3931 honestis
645 3875 832 3930 titulis
863 3875 1070 3942 ornati,
1105 3879 1166 3928 ut
1195 3875 1292 3946 qui
1341 3873 1706 3931 ambitiosum
1737 3873 2004 3932 Alexium

355 3965 734 4034 erepto,quod
762 3969 1056 4036 tantopere
1087 3963 1674 4034 appetierat,imperio
1702 3964 1876 4034 probe
1899 3963 2006 4019 ulti

356 4056 414 4107 et
445 4052 794 4108 calamitosis
823 4053 1084 4122 cpitulati
1113 4059 1322 4108 essent.
1348 4053 1552 4109 Praeter
1581 4055 1702 4108 haec
1731 4053 2006 4109 omnibus

356 4139 485 4195 aliis
515 4139 722 4195 ofﬁciis
744 4147 798 4194 et
814 4140 1252 4210 exquisitisaliis
1271 4141 1582 4197 honoribus
1601 4143 1788 4196 allecti
1818 4151 1871 4197 et
1885 4141 2007 4198 lau-

363 4229 584 4284 tissime
614 4230 835 4282 tractati
867 4237 1019 4284 sunt.
1055 4229 1193 4284 Nam
1227 4231 1494 4298 Isaacius,
1529 4231 1570 4284 si
1607 4231 1740 4300 quid
1763 4231 2006 4300 impera-

356 4317 538 4374 torius
572 4316 746 4374 ﬁscus
777 4317 1072 4384 celabat,si
1107 4319 1246 4389 quid
1279 4320 1398 4389 ipse
1431 4329 1594 4390 capta
1627 4317 2005 4392 Euphrosyna

352 4408 720 4481 imperatrice
735 4415 788 4464 et
808 4411 1066 4477 cegnatis
1079 4411 1208 4479 ejus
1223 4409 1651 4480 acquisierat,id
1669 4410 2002 4465 universum

350 4506 591 4569 utraque
622 4512 796 4553 manu
828 4496 888 4552 in
924 4497 1052 4554 illos
1081 4497 1432 4554 conferebat.
1468 4502 1603 4564 Quae
1636 4513 1764 4554 cum
1796 4500 1867 4554 ab
1899 4497 2000 4554 illa

2131 569 2178 626 δ’
2209 569 2362 635 ἐντὸς
2400 575 2484 646 [Ρ.
2518 574 2644 646 354]
2668 576 2776 626 τῶν
2810 569 2861 625 ἐν
2931 570 3270 646 Βλαχέρναις
3329 571 3568 646 ἀρχείων
3629 571 3779 646 εὗρει

2125 660 2236 722 θεὶς
2291 665 2369 732 τῷ
2421 656 2547 716 τότε
2597 659 2738 723 λεὼς
2789 657 2998 739 σφόδρα
3057 660 3276 734 ἤνεγκεν
3329 659 3625 736 ἀφορήτως
3681 661 3778 728 τήν

2127 749 2379 824 ’Δλεξίου
2407 747 2728 825 ἀπόδρασιν,
2773 749 3208 827 συστρεφόμενός
3258 769 3316 804 τε
3372 748 3464 804 καὶ
3549 749 3787 828 συγχεό-

2128 861 2290 914 μενος
2315 841 2414 910 τήν
2456 842 2643 916 ψυχὴν
2677 836 2767 894 διὰ
2820 840 2917 901 τὰς
2978 837 3387 917 ἒμφαινομὲνας
3435 841 3544 892 τῶν
3603 843 3783 892 κακῶν

2125 925 2374 990 ἐλπίδαςο
2432 927 2522 983 καὶ
2577 927 2679 1003 γὰρ
2735 923 2909 999 ᾤοντο
2968 924 3136 1001 μηδεν
3223 925 3609 999 μελλήσαντας
3654 925 3784 988 τοὺς

2125 1017 2411 1090 Λατίνους,
2445 1019 2538 1072 οἷα
2571 1013 2712 1089 μηδὲ
2741 1022 3146 1090 σκηνουμὲνους
3178 1013 3373 1070 ἄποθεν
3432 1013 3468 1084 ἢ
3535 1015 3626 1069 τὸν
3657 1013 3778 1069 ἐπι-

2124 1105 2406 1179 σχήσοντα
2461 1097 2712 1184 ἔχοντας,
2793 1105 2910 1177 μεθ’
2967 1103 3153 1159 ὅπλων
3210 1102 3406 1159 αὐτίκα
3461 1098 3775 1177 ἕπιρῥεῦσαι

2121 1197 2191 1266 τῇ
2223 1193 2382 1249 πόλει
2409 1194 2499 1248 καὶ
2529 1198 2636 1248 τῶν
2671 1195 2904 1272 τειχέων
2944 1193 3074 1248 εἲσω
3107 1191 3504 1268 παρεισελθεῖν.
3565 1189 3775 1249 Οὗκοῦν

2119 1281 2370 1345 καὶτοὺς
2431 1283 2526 1356 μὲν
2579 1285 2722 1358 γένει
2775 1285 3154 1358 προσήκοντας
3194 1281 3420 1354 Ἀλεξίῳ
3502 1282 3594 1336 καὶ
3655 1279 3780 1343 τοὺς

2121 1370 2310 1433 ἄλλως
2339 1369 2665 1442 ἐπιτηδείως
2723 1371 2952 1450 ἔχοντας
3013 1370 3198 1444 ἐκείνῳ
3263 1371 3354 1425 καὶ
3409 1373 3508 1440 τήν
3547 1369 3776 1425 ἄνασσαν

2123 1461 2498 1537 Εὐφροσύνην,
2524 1458 2798 1537 προδότου
2824 1459 2978 1532 δόξαν
3023 1456 3311 1529 λαϐόντας,
3344 1460 3407 1516 ού
3437 1458 3777 1536 προσεκαλέ-

2122 1571 2279 1606 σαντο
2312 1551 2390 1613 εἷς
2419 1553 2517 1621 τήν
2553 1551 2756 1630 ἀρχήν.
2792 1553 2890 1606 Διὰ
2917 1549 2977 1606 δὲ
3004 1553 3068 1606 τὸ
3095 1549 3312 1626 ἄμαχον
3345 1556 3444 1620 τῆς
3471 1553 3583 1604 τῶν
3611 1569 3782 1625 πραγ-

2125 1641 2308 1714 μάτων
2343 1641 2529 1718 ἀγρίας
2583 1636 2902 1717 προσϐολῆς
2955 1642 3032 1705 είς
3084 1642 3246 1697 αὐτὸν
3293 1643 3568 1716 ἀφορῶσιν
3603 1640 3775 1696 Ἰσαά-

2119 1749 2238 1785 κιον
2262 1729 2354 1786 τὸν
2388 1728 2640 1800 Ἀλεξίου
2671 1730 3025 1808 κασίγνητον,
3081 1730 3154 1792 ὡς
3203 1731 3278 1792 είς
3331 1731 3432 1798 τήν
3499 1727 3776 1802 καλουμέ-

2119 1841 2220 1890 νην
2241 1819 2388 1894 ἱεράν
2421 1818 2661 1894 ἄγκυραν
2705 1819 3019 1876 τελευταῖον
3049 1819 3101 1875 οἱ
3148 1825 3266 1882 τοῖς
3297 1818 3782 1894 ἀκαταστορέστοις

2115 1908 2664 1983 περιστοιχιζόμενοι
2743 1908 3002 1983 κύμασιν,
3117 1904 3267 1964 ἔνδον
3336 1912 3446 1964 τῶν
3529 1907 3770 1984 ἀρχείων

2117 1997 2488 2073 εἶργνύμενον.
2522 1997 2622 2052 Καὶ
2655 1995 2722 2068 δὴ
2773 2002 2870 2054 τοῦ
2931 1997 3188 2072 ἐκτομίου
3247 1996 3676 2068 Κωνσταντίνου,
3715 1996 3775 2058 ὃς

2115 2087 2344 2142 ἐπὶτῶν
2393 2084 2693 2162 βασιλικῶν
2753 2085 3001 2143 ἐτέτακτο
3061 2092 3369 2162 θησαυρῶν,
3425 2088 3555 2147 τοὺς
3613 2085 3774 2142 πελε-

2115 2175 2387 2251 κυωόρους
2421 2176 2816 2252 συναγαγόντος
2879 2177 2970 2232 καὶ
3027 2177 3243 2239 τούτοις
3299 2175 3658 2250 ὡμιληκότος
3709 2176 3774 2229 τὰ

2119 2262 2327 2335 δὲοντα,
2388 2263 2807 2341 συνδραμούσης
2888 2263 2946 2321 δὲ
2991 2265 3082 2322 καὶ
3141 2267 3454 2342 συμμορίας
3501 2269 3666 2321 τινῶν
3719 2263 3770 2318 οἳ

2119 2353 2463 2430 βασιλεύσειν
2513 2353 2667 2419 αὖθις
2724 2355 2817 2410 τὸν
2849 2353 3116 2412 Ἰσαοίκιον
3173 2351 3264 2409 διά
3321 2351 3564 2423 σπουδῆς
3603 2350 3769 2408 πάλαι

2115 2440 2370 2513 ἐτίθεντο,
2402 2445 2436 2512 ἡ
2495 2443 2588 2516 μὲν
2642 2442 2860 2520 βασιλὶς
2923 2442 3242 2523 Εὐφροσύνη
3304 2437 3764 2516 συλλαμϐάνεται,

2116 2536 2400 2607 χειροῦται
2469 2529 2526 2586 δὲ
2581 2531 2672 2587 καὶ
2728 2532 2792 2587 τὸ
2851 2533 3096 2609 συγγενὲς
3157 2532 3314 2606 αὐτῇ.
3346 2533 3374 2586 ὁ
3424 2529 3470 2585 δ’
3502 2533 3761 2592 Ἰσαάκιος

2115 2619 2494 2696 ἀναγορεύεται
2573 2621 2951 2697 αὐτοκράτωρο
3059 2621 3149 2676 καὶ
3245 2619 3762 2696 χειραγωγούμενος

2117 2705 2188 2763 δι’
2267 2709 2334 2778 ἢν
2403 2709 2604 2780 ὑπέστη
2682 2711 2954 2784 πήρωσιν,
3041 2711 3069 2766 ὁ
3153 2711 3215 2766 τὸ
3275 2715 3380 2764 πᾶν
3438 2710 3762 2780 ταττόμενος

2117 2795 2311 2878 ἐφορᾶν
2340 2797 2416 2860 είς
2469 2801 2644 2854 θῶκον
2693 2799 2945 2876 ἀνάγεται
3003 2799 3094 2854 τὸν
3169 2798 3467 2875 βασίλειον.
3538 2799 3758 2872 Πέμψας

2117 2885 2163 2942 δ’
2193 2887 2392 2952 εὐθέως
2423 2887 2686 2965 ἀγγέλους
2725 2885 2955 2961 Ἀλεξίῳ
2985 2909 3043 2943 τε
3099 2893 3179 2961 τῷ
3209 2891 3314 2962 υἱῷ
3343 2890 3433 2944 καὶ
3497 2893 3616 2950 τοῖς
3666 2890 3759 2943 τοῦ

2115 2981 2409 3034 Λατινικοῦ
2440 2978 2843 3053 στρατεύματος
2899 2980 3133 3055 ἡγεμόσι
3190 2979 3488 3054 παρίστησι
3542 2980 3643 3048 τὴν
3669 2981 3760 3032 τοῦ

2119 3066 2390 3142 βασιλέως
2413 3067 2502 3122 καὶ
2533 3064 2773 3147 ἀδελφοῦ
2795 3069 2998 3146 φυγήν.
3026 3068 3094 3125 Οἱ
3127 3066 3172 3122 δ’
3205 3067 3326 3124 οὕτε
3354 3089 3407 3124 τι
3457 3073 3566 3123 τῶν
3597 3087 3760 3142 προσ-

2113 3155 2444 3232 δοκωμένων
2615 3157 2754 3212 κατὰ
2810 3163 2910 3226 τῆς
2971 3156 3191 3220 πόλεως
3249 3156 3630 3236 ἐνεόχμωσαν,
3673 3155 3758 3210 καὶ

2111 3245 2204 3303 τὸν
2243 3247 2511 3302 Ἰσαακίου
2543 3243 2601 3300 δὲ
2639 3245 2758 3300 υἱὸν
2802 3245 2866 3300 ού
2923 3245 3188 3320 πρότερον
3250 3245 3620 3320 αἰτησαμένου
3673 3249 3767 3301 τοῦ

2112 3335 2317 3410 πατρὸς
2347 3335 2780 3412 ἐκπεπόμφασιν,
2849 3334 2893 3389 εί
2959 3337 3033 3408 μή
3067 3356 3131 3412 γε
3166 3334 3257 3390 καὶ
3303 3335 3465 3398 αὐτὸς
3502 3335 3768 3398 Ἰσαάκιος

2113 3424 2189 3488 είς
2244 3424 2410 3498 πέρας
2465 3420 2760 3500 ἀγαγέσθαι
2815 3422 3064 3488 συνέθετο
3121 3423 3218 3480 ὅσα
3277 3423 3546 3503 ὑπέσχετό
3589 3445 3768 3504 σφισιν

2113 3514 2141 3568 ὁ
2170 3514 2286 3576 υἱὸς
2317 3513 2482 3570 αὐτοῦ
2510 3511 2774 3586 Ἀλὲξιος.
2807 3513 2891 3570 Τά
2921 3510 2979 3569 δὲ
3031 3515 3188 3583 ἦσαν,
3231 3513 3308 3577 ὡς
3339 3513 3388 3569 ἐν
3423 3518 3540 3577 τοῖς
3581 3513 3773 3591 λόγοις

2114 3601 2307 3679 ἒῤῥὲθη
2362 3607 2484 3664 τοῖς
2537 3596 2864 3678 ἔμπροσθεν,
2929 3601 3201 3678 μηδεμίαν
3255 3607 3362 3658 τῶν
3423 3605 3561 3678 πρὸς
3619 3600 3776 3673 δόξαν

2111 3691 2201 3748 καὶ
2233 3688 2423 3766 κέρδος
2453 3697 2570 3753 τοῖς
2601 3687 2944 3766 διαθεμένοις
2993 3692 3246 3757 Λατίνοις
3282 3689 3602 3767 ὑπερϐολήν
3637 3693 3776 3748 ἀπο-

2112 3781 2393 3839 λείπονταο
2447 3782 2582 3856 ὑπὲρ
2639 3783 2745 3858 γὰρ
2801 3787 2900 3838 τοῦ
2963 3785 3038 3856 μὴ
3105 3787 3207 3850 τῆς
3258 3785 3519 3858 πατρῴας
3585 3784 3768 3860 ἀρχῆς

2110 3871 2502 3945 ἀποτεύεασοαι
2569 3873 2745 3928 πάντα
2828 3873 3083 3947 πράττων
3143 3871 3411 3944 Ἀλὲξιος,
3489 3871 3766 3952 χαλίφρον

2109 3962 2198 4016 καὶ
2233 3961 2570 4036 πραγμάτων
2598 3958 2759 4023 ἀδαὲς
2821 3961 3128 4036 μειράκιον,
3161 3959 3289 4017 οὔτε
3354 3959 3768 4038 ἠκριϐολόγησέ

2110 4070 2228 4105 τινα
2291 4054 2400 4104 τῶν
2463 4048 2794 4122 ζητημάτων
2883 4046 3006 4104 οὔτε
3095 4051 3204 4123 μὴν
3262 4051 3324 4106 τὸ
3388 4052 3765 4126 μισορώμαιον

2111 4138 2369 4216 φρόνημα
2398 4141 2504 4192 τῶν
2563 4136 2811 4192 Λατίνων
2869 4139 3120 4193 ὁπωσοῦν
3152 4133 3380 4195 ἐϐάλετο
3437 4140 3579 4195 κατὰ
3629 4143 3767 4196 νοῦν.

2112 4225 2233 4284 Ἐπὶ
2263 4225 2506 4282 τοιαῖσδε
2533 4227 2713 4282 τοίνυν
2741 4231 2842 4282 τοῦ
2893 4226 3177 4302 βασιλείου
3240 4226 3412 4302 ὕψους
3471 4249 3767 4304 καταστρο-

2109 4321 2234 4395 φαῖς
2257 4317 2358 4386 τὴν
2385 4315 2462 4378 εἷς
2492 4317 2590 4386 τήν
2650 4315 2814 4372 πόλιν
2871 4317 3172 4391 πριάμενος
3224 4315 3458 4387 ε’ίσοδον,
3493 4315 3760 4394 συνεδρίας

2109 4406 2312 4476 ἠξίωτο
2342 4411 2612 4480 πατρικῆς
2640 4404 2730 4459 καὶ
2781 4403 3063 4480 βασιλείας
3119 4405 3539 4479 προσλέληπται
3571 4428 3758 4462 κοινω-

2107 4494 2220 4556 νός.
2252 4499 2430 4555 ’Ἅπας
2469 4492 2647 4548 τοίνυν
2679 4492 2916 4570 φυλέτης
2945 4501 3047 4564 τῆς
3110 4493 3330 4558 πόλεως
3363 4495 3442 4558 εἰς
3475 4496 3541 4551 τὰ
3568 4497 3754 4572 ἀρχεῖα

349 4597 518 4660 gente
541 4588 804 4645 omnium
835 4587 1171 4644 avarissime
1199 4592 1256 4642 et
1276 4583 1751 4643 'luxuriosissima
1780 4589 1996 4660 exigua

2114 4581 2390 4659 τυνὲτρεχε
2417 4580 2507 4638 σὺν
2539 4587 2619 4655 τῷ
2649 4581 2814 4655 πατρὶ
2867 4584 2959 4638 τὸν
3031 4585 3146 4640 υἱὸν
3188 4583 3459 4660 ὂψόμενος
3513 4587 3602 4642 καὶ
3657 4585 3751 4658 ἀμ-

348 4683 519 4750 guttae
568 4679 753 4735 instar
810 4678 1231 4750 acciperentur,
1293 4676 1576 4746 Tyrrheni
1609 4676 1781 4732 maris
1811 4677 1998 4732 undas

349 4767 733 4833 desiderante,
759 4771 933 4823 etiam
975 4770 1346 4823 sacrosancta
1380 4764 1640 4836 profanat
1673 4782 1687 4834 ;
1723 4766 1896 4832 unde,
1935 4769 2000 4821 ut

349 4855 573 4924 Opinor,
625 4855 875 4911 Romana
934 4872 1023 4912 res
1080 4855 1336 4912 funditus
1377 4853 1650 4910 subversa
1698 4859 1752 4910 et
1809 4855 1998 4912 deleta

345 4947 460 4997 'est.
489 4941 634 4997 Nam
667 4959 799 4998 cum
853 4943 1095 5014 pecunia
1143 4943 1566 5012 destitueretur,
1611 4942 1820 5015 templa
1851 4959 1994 5016 quo-

349 5045 459 5100 que
509 5031 738 5086 invasit.
801 5030 917 5088 Nec
965 5048 1142 5087 sacrae
1173 5037 1399 5089 tantum
1447 5032 1656 5088 Christi
1714 5033 1996 5104 imagines

350 5117 648 5174 securibus
679 5117 1104 5190 excidebantur,
1132 5125 1190 5176 et
1222 5122 1377 5177 humi
1421 5123 1694 5193 projectaa
1725 5122 1850 5176 sine
1880 5120 1998 5177 ulla

355 5207 670 5264 reverentia
699 5213 900 5264 ornatu
955 5210 1228 5282 adempto
1270 5211 1329 5266 in
1373 5211 1564 5282 ignem
1604 5210 1994 5282 conjicieban-

352 5301 446 5353 tur
497 5297 640 5354 :sed
699 5302 754 5354 et
810 5305 1220 5355 sancrosancta
1269 5317 1428 5370 vasa,
1477 5300 1693 5372 absque
1747 5310 1902 5357 metu
1963 5317 1995 5357 e

2107 4677 2230 4750 φοῖν
2261 4669 2564 4726 ἀποδώσων
2593 4672 2978 4747 προσκύνησιν.
3012 4675 3140 4730 Μετ’
3172 4673 3233 4729 ού
3266 4673 3486 4740 πολλάς
3540 4673 3588 4731 δ’
3631 4671 3745 4746 ἡμέ-

2107 4783 2201 4836 ρας
2249 4762 2342 4817 καὶ
2393 4762 2446 4816 οἱ
2498 4766 2606 4818 τῶν
2670 4762 2913 4819 Λατίνων
2942 4763 3212 4839 ἡγεμόνες
3271 4763 3325 4827 ἐς
3390 4768 3460 4821 τά
3521 4764 3740 4841 βασίλεια

2105 4845 2582 4924 παραϐάλλουσιν,
2613 4849 2723 4930 οὐχ
2753 4851 2901 4906 οὗτοι
2945 4850 3004 4906 δὲ
3056 4852 3247 4926 μόνον,
3281 4851 3430 4909 ἀλλὰ
3470 4855 3564 4911 καὶ
3595 4855 3643 4910 o't
3693 4849 3746 4906 τὸ

2105 4939 2268 5015 γένος
2324 4938 2450 5014 παρ’
2506 4937 2728 5002 ἐκείνοις
2783 4937 3071 5014 ἐπίσημοι·
3131 4941 3222 4997 καὶ
3277 4944 3746 5020 παρενηνεγμὲνων

2106 5027 2426 5106 σκιμπόδων
2520 5036 2638 5086 τοῖς
2739 5029 3022 5106 βασιλεῦσι
3109 5035 3432 5110 συνήθριζον
3519 5039 3750 5100 ἅπαντες,

2107 5119 2380 5196 εύεργὲται
2437 5119 2529 5174 καὶ
2590 5127 2833 5196 σωτῆρες
2884 5122 3172 5186 ἀκούοντες
3229 5125 3320 5180 καὶ
3376 5131 3552 5180 πᾶσαν
3585 5121 3750 5193 ἄλλην

2105 5211 2314 5285 ἀγαθὴν
2361 5209 2736 5285 προσηγορίαν
2797 5206 3116 5286 δεχόμενοι,
3205 5215 3281 5278 ὡς
3333 5215 3426 5270 τὸν
3491 5214 3751 5294 φίλαρχον

2103 5297 2344 5368 ’Λλὲξιον
2413 5297 2467 5360 ἐς
2533 5299 2672 5355 αὐτά
2725 5300 3009 5374 τισάμενοι
3081 5306 3147 5358 τὰ
3205 5301 3431 5360 παιδικᾶ
3487 5305 3578 5359 καὶ
3637 5301 3758 5358 δυσ-

1684 5427 1876 5496 Hier.
1926 5427 2148 5496 Wolﬁi
2208 5431 2421 5498 notae.

603 5592 670 5651 Οἱ
729 5593 786 5650 δὲ
845 5585 970 5648 οὔτε
1033 5612 1086 5647 τι
1141 5589 1249 5670 τῷν
1307 5591 1802 5670 προσδοκωμένων.
1850 5598 1988 5670 Non

347 5667 489 5727 satis
519 5683 818 5742 assequar,
849 5671 1046 5726 utrum
1075 5681 1141 5723 ea
1185 5667 1428 5726 fecerint
1455 5685 1579 5742 quae
1606 5667 1989 5742 expectaban-

2098 5603 2296 5669 tur,an
2332 5615 2446 5656 non
2496 5598 2761 5659 fecerint.
2795 5606 2910 5662 Hoc
2951 5603 3078 5664 loco
3113 5613 3272 5665 vetus
3303 5607 3483 5666 codex
3515 5605 3752 5664 mutilus

2099 5679 2208 5738 est,
2247 5672 2482 5731 duobus
2513 5671 2673 5732 foliis
2707 5678 2980 5738 exsectis.
