  <div class='ocr_page' id='page_1' title='image "/cluster/home/n/w/nwhite01/storage/ocr_20150623/139/mdp.39015078384214/476.png"; bbox 0 0 4120 6284; ppageno 0'>
   <div class='ocr_carea' id='block_1_1' title="bbox 327 313 447 373">
    <p class='ocr_par' dir='ltr' id='par_1_1' title="bbox 327 313 447 373">
     <span class='ocr_line' id='line_1_1' title="bbox 327 313 447 373; baseline 0 0"><span class='ocrx_word' id='word_1_1' title='bbox 327 313 447 373; x_wconf 83' lang='grc'>933</span> 
     </span>
    </p>
   </div>
   <div class='ocr_carea' id='block_1_2' title="bbox 1324 307 2737 376">
    <p class='ocr_par' dir='ltr' id='par_1_2' title="bbox 1324 307 2737 376">
     <span class='ocr_line' id='line_1_2' title="bbox 1324 307 2737 376; baseline 0.001 -7"><span class='ocrx_word' id='word_1_2' title='bbox 1324 307 1684 370; x_wconf 83' lang='lat' dir='ltr'>ISAACIUS</span> <span class='ocrx_word' id='word_1_3' title='bbox 1728 307 2102 372; x_wconf 80' lang='lat' dir='ltr'>ANGELUS</span> <span class='ocrx_word' id='word_1_4' title='bbox 2147 307 2245 370; x_wconf 88' lang='lat' dir='ltr'>ET</span> <span class='ocrx_word' id='word_1_5' title='bbox 2290 310 2629 376; x_wconf 81' lang='lat' dir='ltr'>ALEXIUS</span> <span class='ocrx_word' id='word_1_6' title='bbox 2669 311 2737 372; x_wconf 86' lang='lat' dir='ltr'>F.</span> 
     </span>
    </p>
   </div>
   <div class='ocr_carea' id='block_1_3' title="bbox 3607 313 3726 372">
    <p class='ocr_par' dir='ltr' id='par_1_3' title="bbox 3607 313 3726 372">
     <span class='ocr_line' id='line_1_3' title="bbox 3607 313 3726 372; baseline 0 -1"><span class='ocrx_word' id='word_1_7' title='bbox 3607 313 3726 372; x_wconf 80' lang='lat'>934</span> 
     </span>
    </p>
   </div>
   <div class='ocr_carea' id='block_1_4' title="bbox 327 437 1999 523">
    <p class='ocr_par' dir='ltr' id='par_1_4' title="bbox 327 437 1972 522">
     <span class='ocr_line' id='line_1_4' title="bbox 327 437 1972 522; baseline -0.004 -20"><span class='ocrx_word' id='word_1_8' title='bbox 327 449 631 522; x_wconf 83' lang='grc' dir='ltr'>πραγοῦσιν</span> <span class='ocrx_word' id='word_1_9' title='bbox 692 444 872 514; x_wconf 82' lang='grc' dir='ltr'>αὖτοῖ,</span> <span class='ocrx_word' id='word_1_10' title='bbox 919 437 1304 515; x_wconf 76' lang='grc' dir='ltr'>ἔπαμύνάντες.</span> <span class='ocrx_word' id='word_1_11' title='bbox 1359 442 1439 499; x_wconf 85' lang='grc' dir='ltr'>Ού</span> <span class='ocrx_word' id='word_1_12' title='bbox 1499 444 1583 516; x_wconf 83' lang='grc' dir='ltr'>[Ρ.</span> <span class='ocrx_word' id='word_1_13' title='bbox 1627 446 1748 511; x_wconf 77' lang='grc'>355]</span> <span class='ocrx_word' id='word_1_14' title='bbox 1804 446 1972 497; x_wconf 85' lang='grc' dir='ltr'>ταῦτα</span> 
     </span>
    </p>
   </div>
   <div class='ocr_carea' id='block_1_5' title="bbox 2109 437 3726 523">
    <p class='ocr_par' dir='ltr' id='par_1_5' title="bbox 2111 444 3726 523">
     <span class='ocr_line' id='line_1_5' title="bbox 2111 444 3726 523; baseline -0.001 -23"><span class='ocrx_word' id='word_1_15' title='bbox 2111 445 2318 523; x_wconf 84' lang='lat' dir='ltr'>emplis</span> <span class='ocrx_word' id='word_1_16' title='bbox 2351 451 2513 519; x_wconf 90' lang='lat' dir='ltr'>rapta</span> <span class='ocrx_word' id='word_1_17' title='bbox 2543 452 2599 502; x_wconf 83' lang='lat' dir='ltr'>et</span> <span class='ocrx_word' id='word_1_18' title='bbox 2632 448 2895 513; x_wconf 88' lang='lat' dir='ltr'>conﬂata,</span> <span class='ocrx_word' id='word_1_19' title='bbox 2921 448 2988 502; x_wconf 86' lang='lat' dir='ltr'>ut</span> <span class='ocrx_word' id='word_1_20' title='bbox 3046 444 3278 518; x_wconf 89' lang='lat' dir='ltr'>vulgare</span> <span class='ocrx_word' id='word_1_21' title='bbox 3308 461 3510 501; x_wconf 79' lang='lat' dir='ltr'>aurum</span> <span class='ocrx_word' id='word_1_22' title='bbox 3544 449 3599 501; x_wconf 91' lang='lat' dir='ltr'>et</span> <span class='ocrx_word' id='word_1_23' title='bbox 3630 462 3726 499; x_wconf 88' lang='lat' dir='ltr'>ar-</span> 
     </span>
    </p>
   </div>
   <div class='ocr_carea' id='block_1_6' title="bbox 324 529 1970 610">
    <p class='ocr_par' dir='ltr' id='par_1_6' title="bbox 324 529 1970 610">
     <span class='ocr_line' id='line_1_6' title="bbox 324 529 1970 610; baseline -0.005 -19"><span class='ocrx_word' id='word_1_24' title='bbox 324 533 381 591; x_wconf 71' lang='grc' dir='ltr'>δὲ</span> <span class='ocrx_word' id='word_1_25' title='bbox 432 536 623 608; x_wconf 86' lang='grc' dir='ltr'>μόνον,</span> <span class='ocrx_word' id='word_1_26' title='bbox 679 532 823 588; x_wconf 84' lang='grc' dir='ltr'>ἀλλὰ</span> <span class='ocrx_word' id='word_1_27' title='bbox 870 532 960 586; x_wconf 83' lang='grc' dir='ltr'>καὶ</span> <span class='ocrx_word' id='word_1_28' title='bbox 1013 532 1193 602; x_wconf 78' lang='grc' dir='ltr'>πάσης</span> <span class='ocrx_word' id='word_1_29' title='bbox 1246 536 1502 605; x_wconf 78' lang='grc' dir='ltr'>μετεῖχον</span> <span class='ocrx_word' id='word_1_30' title='bbox 1556 529 1970 610; x_wconf 68' lang='grc' dir='ltr'>φιλοφροσύνης</span> 
     </span>
    </p>
   </div>
   <div class='ocr_carea' id='block_1_7' title="bbox 322 617 1972 697">
    <p class='ocr_par' dir='ltr' id='par_1_7' title="bbox 322 617 1972 697">
     <span class='ocr_line' id='line_1_7' title="bbox 322 617 1972 697; baseline -0.004 -19"><span class='ocrx_word' id='word_1_31' title='bbox 322 624 413 679; x_wconf 82' lang='grc' dir='ltr'>καὶ</span> <span class='ocrx_word' id='word_1_32' title='bbox 481 622 804 692; x_wconf 77' lang='grc' dir='ltr'>δεξιώσεως,</span> <span class='ocrx_word' id='word_1_33' title='bbox 873 623 1274 695; x_wconf 79' lang='grc' dir='ltr'>θεραπευτήρια</span> <span class='ocrx_word' id='word_1_34' title='bbox 1336 640 1393 674; x_wconf 88' lang='grc' dir='ltr'>τε</span> <span class='ocrx_word' id='word_1_35' title='bbox 1458 617 1548 674; x_wconf 73' lang='grc' dir='ltr'>καί</span> <span class='ocrx_word' id='word_1_36' title='bbox 1625 621 1972 697; x_wconf 79' lang='grc' dir='ltr'>τρυφητήρια</span> 
     </span>
    </p>
   </div>
   <div class='ocr_carea' id='block_1_8' title="bbox 321 701 1971 784">
    <p class='ocr_par' dir='ltr' id='par_1_8' title="bbox 321 701 1971 784">
     <span class='ocr_line' id='line_1_8' title="bbox 321 701 1971 784; baseline -0.005 -14"><span class='ocrx_word' id='word_1_37' title='bbox 321 712 542 773; x_wconf 88' lang='grc' dir='ltr'>τούτοις</span> <span class='ocrx_word' id='word_1_38' title='bbox 576 711 969 782; x_wconf 79' lang='grc' dir='ltr'>ἓπινενόηνται.</span> <span class='ocrx_word' id='word_1_39' title='bbox 1013 709 1281 773; x_wconf 79' lang='grc' dir='ltr'>Ἰσαάκιος</span> <span class='ocrx_word' id='word_1_40' title='bbox 1308 710 1411 784; x_wconf 80' lang='grc' dir='ltr'>γὰρ</span> <span class='ocrx_word' id='word_1_41' title='bbox 1460 707 1514 762; x_wconf 79' lang='grc' dir='ltr'>εἶ’</span> <span class='ocrx_word' id='word_1_42' title='bbox 1561 706 1614 762; x_wconf 91' lang='grc' dir='ltr'>τί</span> <span class='ocrx_word' id='word_1_43' title='bbox 1668 730 1776 763; x_wconf 91' lang='grc' dir='ltr'>που</span> <span class='ocrx_word' id='word_1_44' title='bbox 1822 701 1971 763; x_wconf 79' lang='grc' dir='ltr'>ἔστε-</span> 
     </span>
    </p>
   </div>
   <div class='ocr_carea' id='block_1_9' title="bbox 317 794 1974 879">
    <p class='ocr_par' dir='ltr' id='par_1_9' title="bbox 317 794 1974 879">
     <span class='ocr_line' id='line_1_9' title="bbox 317 794 1974 879; baseline -0.005 -21"><span class='ocrx_word' id='word_1_45' title='bbox 317 824 403 879; x_wconf 84' lang='grc' dir='ltr'>γεν</span> <span class='ocrx_word' id='word_1_46' title='bbox 434 797 586 857; x_wconf 80' lang='grc' dir='ltr'>ἔνδον</span> <span class='ocrx_word' id='word_1_47' title='bbox 639 802 703 855; x_wconf 90' lang='grc' dir='ltr'>τὸ</span> <span class='ocrx_word' id='word_1_48' title='bbox 748 800 1031 875; x_wconf 71' lang='grc' dir='ltr'>βασιλείας</span> <span class='ocrx_word' id='word_1_49' title='bbox 1084 798 1507 876; x_wconf 76' lang='grc' dir='ltr'>γαζοφυλάκιον,</span> <span class='ocrx_word' id='word_1_50' title='bbox 1557 795 1648 851; x_wconf 59' lang='grc' dir='ltr'>καὶ¹</span> <span class='ocrx_word' id='word_1_51' title='bbox 1706 797 1865 859; x_wconf 81' lang='grc' dir='ltr'>αὐτὸς</span> <span class='ocrx_word' id='word_1_52' title='bbox 1917 794 1974 851; x_wconf 76' lang='grc' dir='ltr'>δὲ</span> 
     </span>
    </p>
   </div>
   <div class='ocr_carea' id='block_1_10' title="bbox 321 886 1974 965">
    <p class='ocr_par' dir='ltr' id='par_1_10' title="bbox 321 886 1974 965">
     <span class='ocr_line' id='line_1_10' title="bbox 321 886 1974 965; baseline -0.004 -19"><span class='ocrx_word' id='word_1_53' title='bbox 321 891 801 965; x_wconf 83' lang='grc' dir='ltr'>συμπορισάμενος</span> <span class='ocrx_word' id='word_1_54' title='bbox 869 888 938 957; x_wconf 82' lang='grc' dir='ltr'>ἦν</span> <span class='ocrx_word' id='word_1_55' title='bbox 1017 886 1365 964; x_wconf 75' lang='grc' dir='ltr'>συνειληφὼς</span> <span class='ocrx_word' id='word_1_56' title='bbox 1439 886 1792 964; x_wconf 69' lang='grc' dir='ltr'>Εὐφροσύνην</span> <span class='ocrx_word' id='word_1_57' title='bbox 1874 887 1974 955; x_wconf 77' lang='grc' dir='ltr'>τήν</span> 
     </span>
    </p>
   </div>
   <div class='ocr_carea' id='block_1_11' title="bbox 325 974 1973 1057">
    <p class='ocr_par' dir='ltr' id='par_1_11' title="bbox 325 974 1973 1057">
     <span class='ocr_line' id='line_1_11' title="bbox 325 974 1973 1057; baseline -0.004 -21"><span class='ocrx_word' id='word_1_58' title='bbox 325 978 585 1057; x_wconf 80' lang='grc' dir='ltr'>βασιλίδα</span> <span class='ocrx_word' id='word_1_59' title='bbox 614 979 704 1034; x_wconf 86' lang='grc' dir='ltr'>καὶ</span> <span class='ocrx_word' id='word_1_60' title='bbox 753 977 881 1040; x_wconf 79' lang='grc' dir='ltr'>τοὺς</span> <span class='ocrx_word' id='word_1_61' title='bbox 920 978 983 1034; x_wconf 79' lang='grc' dir='ltr'>τὸ</span> <span class='ocrx_word' id='word_1_62' title='bbox 1034 975 1191 1053; x_wconf 71' lang='grc' dir='ltr'>γένος</span> <span class='ocrx_word' id='word_1_63' title='bbox 1241 977 1318 1038; x_wconf 83' lang='grc' dir='ltr'>εἰς</span> <span class='ocrx_word' id='word_1_64' title='bbox 1370 974 1537 1043; x_wconf 75' lang='grc' dir='ltr'>αὐτὴν</span> <span class='ocrx_word' id='word_1_65' title='bbox 1589 975 1973 1052; x_wconf 64' lang='grc' dir='ltr'>ἀναφέροντας,</span> 
     </span>
    </p>
   </div>
   <div class='ocr_carea' id='block_1_12' title="bbox 323 1061 1973 1146">
    <p class='ocr_par' dir='ltr' id='par_1_12' title="bbox 323 1061 1973 1146">
     <span class='ocr_line' id='line_1_12' title="bbox 323 1061 1973 1146; baseline -0.002 -21"><span class='ocrx_word' id='word_1_66' title='bbox 323 1071 565 1146; x_wconf 71' lang='grc' dir='ltr'>ἐξεφόρει</span> <span class='ocrx_word' id='word_1_67' title='bbox 603 1090 663 1124; x_wconf 84' lang='grc' dir='ltr'>τε</span> <span class='ocrx_word' id='word_1_68' title='bbox 718 1065 1050 1145; x_wconf 71' lang='grc' dir='ltr'>ἀμφοτέραις</span> <span class='ocrx_word' id='word_1_69' title='bbox 1105 1066 1200 1121; x_wconf 83' lang='grc' dir='ltr'>καὶ</span> <span class='ocrx_word' id='word_1_70' title='bbox 1259 1067 1587 1141; x_wconf 79' lang='grc' dir='ltr'>μετήγγιζεν</span> <span class='ocrx_word' id='word_1_71' title='bbox 1636 1061 1973 1139; x_wconf 66' lang='grc' dir='ltr'>ἀδεέστερον.</span> 
     </span>
    </p>
   </div>
   <div class='ocr_carea' id='block_1_13' title="bbox 323 1149 1975 1229">
    <p class='ocr_par' dir='ltr' id='par_1_13' title="bbox 323 1149 1975 1229">
     <span class='ocr_line' id='line_1_13' title="bbox 323 1149 1975 1229; baseline -0.004 -15"><span class='ocrx_word' id='word_1_72' title='bbox 323 1158 474 1215; x_wconf 77' lang='grc' dir='ltr'>Ἐπεὶ</span> <span class='ocrx_word' id='word_1_73' title='bbox 500 1156 557 1213; x_wconf 80' lang='grc' dir='ltr'>δὲ</span> <span class='ocrx_word' id='word_1_74' title='bbox 586 1162 754 1213; x_wconf 88' lang='grc' dir='ltr'>ταῦτα</span> <span class='ocrx_word' id='word_1_75' title='bbox 784 1156 913 1211; x_wconf 85' lang='grc' dir='ltr'>ὡσεὶ</span> <span class='ocrx_word' id='word_1_76' title='bbox 961 1156 1052 1211; x_wconf 82' lang='grc' dir='ltr'>καὶ</span> <span class='ocrx_word' id='word_1_77' title='bbox 1106 1155 1254 1229; x_wconf 78' lang='grc' dir='ltr'>ῥανὶς</span> <span class='ocrx_word' id='word_1_78' title='bbox 1297 1153 1539 1228; x_wconf 77' lang='grc' dir='ltr'>ἐκρίνετο</span> <span class='ocrx_word' id='word_1_79' title='bbox 1586 1157 1706 1215; x_wconf 89' lang='grc' dir='ltr'>τοῖς</span> <span class='ocrx_word' id='word_1_80' title='bbox 1756 1149 1975 1226; x_wconf 77' lang='grc' dir='ltr'>λαμϐά-</span> 
     </span>
    </p>
   </div>
   <div class='ocr_carea' id='block_1_14' title="bbox 2081 536 3722 607">
    <p class='ocr_par' dir='ltr' id='par_1_14' title="bbox 2081 536 3722 607">
     <span class='ocr_line' id='line_1_14' title="bbox 2081 536 3722 607; baseline -0.001 -18"><span class='ocrx_word' id='word_1_81' title='bbox 2081 539 2312 605; x_wconf 78' lang='lat' dir='ltr'>genium</span> <span class='ocrx_word' id='word_1_82' title='bbox 2348 536 2614 593; x_wconf 75' lang='lat' dir='ltr'>hostibus</span> <span class='ocrx_word' id='word_1_83' title='bbox 2645 538 2955 592; x_wconf 80' lang='lat' dir='ltr'>dabantur.</span> <span class='ocrx_word' id='word_1_84' title='bbox 2993 536 3177 605; x_wconf 78' lang='lat' dir='ltr'>Hujus</span> <span class='ocrx_word' id='word_1_85' title='bbox 3211 536 3529 607; x_wconf 80' lang='lat' dir='ltr'>impietatis</span> <span class='ocrx_word' id='word_1_86' title='bbox 3562 537 3722 591; x_wconf 91' lang='lat' dir='ltr'>furor</span> 
     </span>
    </p>
   </div>
   <div class='ocr_carea' id='block_1_15' title="bbox 2082 625 3733 698">
    <p class='ocr_par' dir='ltr' id='par_1_15' title="bbox 2082 625 3733 698">
     <span class='ocr_line' id='line_1_15' title="bbox 2082 625 3733 698; baseline 0.002 -18"><span class='ocrx_word' id='word_1_87' title='bbox 2082 641 2269 696; x_wconf 86' lang='lat' dir='ltr'>neque</span> <span class='ocrx_word' id='word_1_88' title='bbox 2303 627 2633 698; x_wconf 88' lang='lat' dir='ltr'>imperatori</span> <span class='ocrx_word' id='word_1_89' title='bbox 2660 628 2718 682; x_wconf 90' lang='lat' dir='ltr'>in</span> <span class='ocrx_word' id='word_1_90' title='bbox 2759 631 3011 682; x_wconf 86' lang='lat' dir='ltr'>mentem</span> <span class='ocrx_word' id='word_1_91' title='bbox 3044 625 3198 681; x_wconf 80' lang='lat' dir='ltr'>venit</span> <span class='ocrx_word' id='word_1_92' title='bbox 3226 642 3507 697; x_wconf 82' lang='lat' dir='ltr'>unquam,</span> <span class='ocrx_word' id='word_1_93' title='bbox 3542 643 3733 698; x_wconf 89' lang='lat' dir='ltr'>neque</span> 
     </span>
    </p>
   </div>
   <div class='ocr_carea' id='block_1_16' title="bbox 2087 714 3733 787">
    <p class='ocr_par' dir='ltr' id='par_1_16' title="bbox 2087 714 3733 787">
     <span class='ocr_line' id='line_1_16' title="bbox 2087 714 3733 787; baseline 0.004 -20"><span class='ocrx_word' id='word_1_94' title='bbox 2087 714 2236 769; x_wconf 73' lang='lat'>730</span> <span class='ocrx_word' id='word_1_95' title='bbox 2271 715 2584 786; x_wconf 85' lang='lat' dir='ltr'>quisquam</span> <span class='ocrx_word' id='word_1_96' title='bbox 2644 716 2753 771; x_wconf 91' lang='lat' dir='ltr'>fuit</span> <span class='ocrx_word' id='word_1_97' title='bbox 2804 716 2905 786; x_wconf 89' lang='lat' dir='ltr'>qui</span> <span class='ocrx_word' id='word_1_98' title='bbox 2964 714 3195 787; x_wconf 83' lang='lat' dir='ltr'>pietatis</span> <span class='ocrx_word' id='word_1_99' title='bbox 3251 731 3492 772; x_wconf 78' lang='lat' dir='ltr'>causam</span> <span class='ocrx_word' id='word_1_100' title='bbox 3553 717 3733 773; x_wconf 89' lang='lat' dir='ltr'>libere</span> 
     </span>
    </p>
   </div>
   <div class='ocr_carea' id='block_1_17' title="bbox 2083 803 3729 876">
    <p class='ocr_par' dir='ltr' id='par_1_17' title="bbox 2083 803 3729 876">
     <span class='ocr_line' id='line_1_17' title="bbox 2083 803 3729 876; baseline 0.003 -20"><span class='ocrx_word' id='word_1_101' title='bbox 2083 818 2253 873; x_wconf 87' lang='lat' dir='ltr'>agere</span> <span class='ocrx_word' id='word_1_102' title='bbox 2285 805 2541 872; x_wconf 83' lang='lat' dir='ltr'>auderet,</span> <span class='ocrx_word' id='word_1_103' title='bbox 2571 805 2671 860; x_wconf 89' lang='lat' dir='ltr'>sed</span> <span class='ocrx_word' id='word_1_104' title='bbox 2704 805 2859 875; x_wconf 88' lang='lat' dir='ltr'>quod</span> <span class='ocrx_word' id='word_1_105' title='bbox 2894 803 3129 876; x_wconf 87' lang='lat' dir='ltr'>quidem</span> <span class='ocrx_word' id='word_1_106' title='bbox 3184 804 3251 857; x_wconf 87' lang='lat' dir='ltr'>ad</span> <span class='ocrx_word' id='word_1_107' title='bbox 3301 804 3624 873; x_wconf 87' lang='lat' dir='ltr'>silentium,</span> <span class='ocrx_word' id='word_1_108' title='bbox 3658 822 3729 861; x_wconf 89' lang='lat' dir='ltr'>ne</span> 
     </span>
    </p>
   </div>
   <div class='ocr_carea' id='block_1_18' title="bbox 2084 891 3729 964">
    <p class='ocr_par' dir='ltr' id='par_1_18' title="bbox 2084 891 3729 964">
     <span class='ocr_line' id='line_1_18' title="bbox 2084 891 3729 964; baseline 0.002 -18"><span class='ocrx_word' id='word_1_109' title='bbox 2084 897 2382 963; x_wconf 80' lang='lat' dir='ltr'>stuporem</span> <span class='ocrx_word' id='word_1_110' title='bbox 2435 894 2648 960; x_wconf 89' lang='lat' dir='ltr'>dicam,</span> <span class='ocrx_word' id='word_1_111' title='bbox 2700 894 2928 963; x_wconf 76' lang='lat' dir='ltr'>attinet,</span> <span class='ocrx_word' id='word_1_112' title='bbox 2993 891 3160 964; x_wconf 84' lang='lat' dir='ltr'>plane</span> <span class='ocrx_word' id='word_1_113' title='bbox 3217 893 3448 948; x_wconf 80' lang='lat' dir='ltr'>attoniti</span> <span class='ocrx_word' id='word_1_114' title='bbox 3510 894 3729 950; x_wconf 82' lang='lat' dir='ltr'>fuimus</span> 
     </span>
    </p>
   </div>
   <div class='ocr_carea' id='block_1_19' title="bbox 2084 981 3734 1053">
    <p class='ocr_par' dir='ltr' id='par_1_19' title="bbox 2084 981 3734 1053">
     <span class='ocr_line' id='line_1_19' title="bbox 2084 981 3734 1053; baseline 0.002 -18"><span class='ocrx_word' id='word_1_115' title='bbox 2084 996 2308 1036; x_wconf 86' lang='lat' dir='ltr'>omnes.</span> <span class='ocrx_word' id='word_1_116' title='bbox 2368 981 2534 1038; x_wconf 90' lang='lat' dir='ltr'>Unde</span> <span class='ocrx_word' id='word_1_117' title='bbox 2604 982 2829 1039; x_wconf 66' lang='lat' dir='ltr'>violata:</span> <span class='ocrx_word' id='word_1_118' title='bbox 2887 981 3187 1053; x_wconf 82' lang='lat' dir='ltr'>religionis</span> <span class='ocrx_word' id='word_1_119' title='bbox 3270 982 3354 1037; x_wconf 86' lang='lat' dir='ltr'>rei</span> <span class='ocrx_word' id='word_1_120' title='bbox 3425 999 3493 1039; x_wconf 89' lang='lat' dir='ltr'>ea</span> <span class='ocrx_word' id='word_1_121' title='bbox 3579 983 3734 1039; x_wconf 87' lang='lat' dir='ltr'>mala</span> 
     </span>
    </p>
   </div>
   <div class='ocr_carea' id='block_1_20' title="bbox 2083 1068 3734 1143">
    <p class='ocr_par' dir='ltr' id='par_1_20' title="bbox 2083 1068 3734 1143">
     <span class='ocr_line' id='line_1_20' title="bbox 2083 1068 3734 1143; baseline 0.002 -19"><span class='ocrx_word' id='word_1_122' title='bbox 2083 1068 2458 1126; x_wconf 85' lang='lat' dir='ltr'>toleravimus</span> <span class='ocrx_word' id='word_1_123' title='bbox 2491 1080 2546 1128; x_wconf 90' lang='lat' dir='ltr'>et</span> <span class='ocrx_word' id='word_1_124' title='bbox 2604 1073 2881 1136; x_wconf 87' lang='lat' dir='ltr'>vidimus.</span> <span class='ocrx_word' id='word_1_125' title='bbox 2943 1071 3158 1143; x_wconf 88' lang='lat' dir='ltr'>quibus</span> <span class='ocrx_word' id='word_1_126' title='bbox 3211 1071 3476 1142; x_wconf 84' lang='lat' dir='ltr'>graviora</span> <span class='ocrx_word' id='word_1_127' title='bbox 3505 1072 3598 1128; x_wconf 85' lang='lat' dir='ltr'>vix</span> <span class='ocrx_word' id='word_1_128' title='bbox 3638 1073 3734 1128; x_wconf 90' lang='lat' dir='ltr'>in-</span> 
     </span>
    </p>
   </div>
   <div class='ocr_carea' id='block_1_21' title="bbox 2092 1159 2427 1215">
    <p class='ocr_par' dir='ltr' id='par_1_21' title="bbox 2092 1159 2427 1215">
     <span class='ocr_line' id='line_1_21' title="bbox 2092 1159 2427 1215; baseline 0.006 -2"><span class='ocrx_word' id='word_1_129' title='bbox 2092 1159 2427 1215; x_wconf 81' lang='lat' dir='ltr'>veniuntur.</span> 
     </span>
    </p>
   </div>
   <div class='ocr_carea' id='block_1_22' title="bbox 323 1236 3736 1323">
    <p class='ocr_par' dir='ltr' id='par_1_22' title="bbox 323 1236 3736 1323">
     <span class='ocr_line' id='line_1_22' title="bbox 323 1236 3736 1323; baseline 0.001 -25"><span class='ocrx_word' id='word_1_130' title='bbox 323 1268 505 1303; x_wconf 77' lang='grc' dir='ltr'>νουσιν</span> <span class='ocrx_word' id='word_1_131' title='bbox 567 1242 743 1319; x_wconf 70' lang='grc' dir='ltr'>(οὐδὲν</span> <span class='ocrx_word' id='word_1_132' title='bbox 797 1244 897 1318; x_wconf 78' lang='grc' dir='ltr'>γὰρ</span> <span class='ocrx_word' id='word_1_133' title='bbox 956 1237 1108 1308; x_wconf 80' lang='grc' dir='ltr'>ἔθνος</span> <span class='ocrx_word' id='word_1_134' title='bbox 1165 1241 1757 1317; x_wconf 82' lang='grc' dir='ltr'>ἐρασιχρηματώτερον</span> <span class='ocrx_word' id='word_1_135' title='bbox 1812 1236 1975 1295; x_wconf 87' lang='grc' dir='ltr'>τοῦδε</span> <span class='ocrx_word' id='word_1_136' title='bbox 2021 1247 2118 1297; x_wconf 87' lang='grc' dir='ltr'>τοῦ</span> <span class='ocrx_word' id='word_1_137' title='bbox 2201 1244 2383 1316; x_wconf 81' lang='grc' dir='ltr'>γὲνους</span> <span class='ocrx_word' id='word_1_138' title='bbox 2448 1244 2957 1323; x_wconf 83' lang='grc' dir='ltr'>τρεχεδειπνότερόν</span> <span class='ocrx_word' id='word_1_139' title='bbox 3017 1269 3075 1302; x_wconf 89' lang='grc' dir='ltr'>τε</span> <span class='ocrx_word' id='word_1_140' title='bbox 3138 1248 3226 1301; x_wconf 78' lang='grc' dir='ltr'>καὶ</span> <span class='ocrx_word' id='word_1_141' title='bbox 3304 1245 3736 1323; x_wconf 79' lang='grc' dir='ltr'>δαπανηρότερον</span> 
     </span>
    </p>
   </div>
   <div class='ocr_carea' id='block_1_23' title="bbox 323 1330 3736 1412">
    <p class='ocr_par' dir='ltr' id='par_1_23' title="bbox 323 1330 3736 1412">
     <span class='ocr_line' id='line_1_23' title="bbox 323 1330 3736 1412; baseline 0 -19"><span class='ocrx_word' id='word_1_142' title='bbox 323 1338 539 1412; x_wconf 80' lang='grc' dir='ltr'>ἓτερον)</span> <span class='ocrx_word' id='word_1_143' title='bbox 599 1335 685 1390; x_wconf 70' lang='grc' dir='ltr'>καὶ</span> <span class='ocrx_word' id='word_1_144' title='bbox 747 1331 1009 1408; x_wconf 77' lang='grc' dir='ltr'>διψῶντες</span> <span class='ocrx_word' id='word_1_145' title='bbox 1058 1335 1191 1403; x_wconf 76' lang='grc' dir='ltr'>ἦσαν</span> <span class='ocrx_word' id='word_1_146' title='bbox 1242 1333 1323 1387; x_wconf 83' lang='grc' dir='ltr'>ἀεὶ</span> <span class='ocrx_word' id='word_1_147' title='bbox 1387 1338 1650 1409; x_wconf 84' lang='grc' dir='ltr'>προχοῶν</span> <span class='ocrx_word' id='word_1_148' title='bbox 1709 1330 1979 1408; x_wconf 78' lang='grc' dir='ltr'>πελάγους</span> <span class='ocrx_word' id='word_1_149' title='bbox 2036 1338 2394 1405; x_wconf 83' lang='grc' dir='ltr'>Τυρσηνικοῦ,</span> <span class='ocrx_word' id='word_1_150' title='bbox 2457 1337 2677 1392; x_wconf 82' lang='grc' dir='ltr'>ἅπτεται</span> <span class='ocrx_word' id='word_1_151' title='bbox 2738 1337 2829 1390; x_wconf 86' lang='grc' dir='ltr'>καὶ</span> <span class='ocrx_word' id='word_1_152' title='bbox 2888 1341 2994 1391; x_wconf 89' lang='grc' dir='ltr'>τῶν</span> <span class='ocrx_word' id='word_1_153' title='bbox 3074 1336 3359 1410; x_wconf 74' lang='grc' dir='ltr'>ἀψαύστων</span> <span class='ocrx_word' id='word_1_154' title='bbox 3439 1338 3736 1410; x_wconf 77' lang='grc' dir='ltr'>παναθεμί-</span> 
     </span>
    </p>
   </div>
   <div class='ocr_carea' id='block_1_24' title="bbox 326 1420 3731 1503">
    <p class='ocr_par' dir='ltr' id='par_1_24' title="bbox 326 1420 3731 1503">
     <span class='ocr_line' id='line_1_24' title="bbox 326 1420 3731 1503; baseline -0 -21"><span class='ocrx_word' id='word_1_155' title='bbox 326 1448 456 1496; x_wconf 87' lang='grc' dir='ltr'>τως,</span> <span class='ocrx_word' id='word_1_156' title='bbox 490 1425 705 1493; x_wconf 83' lang='grc' dir='ltr'>ὁπόθεν,</span> <span class='ocrx_word' id='word_1_157' title='bbox 740 1424 922 1497; x_wconf 79' lang='grc' dir='ltr'>οἶμαι,</span> <span class='ocrx_word' id='word_1_158' title='bbox 973 1423 1062 1477; x_wconf 85' lang='grc' dir='ltr'>καὶ</span> <span class='ocrx_word' id='word_1_159' title='bbox 1119 1424 1185 1477; x_wconf 84' lang='grc' dir='ltr'>τὰ</span> <span class='ocrx_word' id='word_1_160' title='bbox 1243 1424 1527 1496; x_wconf 67' lang='grc' dir='ltr'>Ῥωμαίων</span> <span class='ocrx_word' id='word_1_161' title='bbox 1579 1421 1968 1496; x_wconf 73' lang='grc' dir='ltr'>ἀνατέτραπται</span> <span class='ocrx_word' id='word_1_162' title='bbox 2026 1420 2212 1478; x_wconf 69' lang='grc' dir='ltr'>τέλεον</span> <span class='ocrx_word' id='word_1_163' title='bbox 2272 1424 2361 1479; x_wconf 79' lang='grc' dir='ltr'>καὶ</span> <span class='ocrx_word' id='word_1_164' title='bbox 2418 1427 2753 1503; x_wconf 73' lang='grc' dir='ltr'>ἡφάντωται.</span> <span class='ocrx_word' id='word_1_165' title='bbox 2810 1427 2883 1487; x_wconf 86' lang='grc' dir='ltr'>ὡς</span> <span class='ocrx_word' id='word_1_166' title='bbox 2934 1427 3035 1502; x_wconf 79' lang='grc' dir='ltr'>γὰρ</span> <span class='ocrx_word' id='word_1_167' title='bbox 3095 1428 3402 1501; x_wconf 67' lang='grc' dir='ltr'>χρημάτων</span> <span class='ocrx_word' id='word_1_168' title='bbox 3460 1426 3731 1497; x_wconf 73' lang='grc' dir='ltr'>ἐσπάνιζε,</span> 
     </span>
    </p>
   </div>
   <div class='ocr_carea' id='block_1_25' title="bbox 327 1509 3737 1589">
    <p class='ocr_par' dir='ltr' id='par_1_25' title="bbox 327 1509 3737 1589">
     <span class='ocr_line' id='line_1_25' title="bbox 327 1509 3737 1589; baseline -0 -18"><span class='ocrx_word' id='word_1_169' title='bbox 327 1515 565 1576; x_wconf 80' lang='grc' dir='ltr'>καὶτοῖς</span> <span class='ocrx_word' id='word_1_170' title='bbox 619 1512 783 1577; x_wconf 83' lang='grc' dir='ltr'>θείοις</span> <span class='ocrx_word' id='word_1_171' title='bbox 836 1509 1135 1588; x_wconf 73' lang='grc' dir='ltr'>ἐπειρύηδιᾶ</span> <span class='ocrx_word' id='word_1_172' title='bbox 1190 1516 1350 1567; x_wconf 87' lang='grc' dir='ltr'>τοῦτο</span> <span class='ocrx_word' id='word_1_173' title='bbox 1405 1512 1698 1585; x_wconf 70' lang='grc' dir='ltr'>τεμένεσιν.</span> <span class='ocrx_word' id='word_1_174' title='bbox 1759 1512 1860 1566; x_wconf 87' lang='grc' dir='ltr'>Ἦν</span> <span class='ocrx_word' id='word_1_175' title='bbox 1918 1510 2019 1586; x_wconf 82' lang='grc' dir='ltr'>γὰρ</span> <span class='ocrx_word' id='word_1_176' title='bbox 2079 1509 2211 1565; x_wconf 77' lang='grc' dir='ltr'>ἶδεῖν</span> <span class='ocrx_word' id='word_1_177' title='bbox 2271 1513 2331 1567; x_wconf 85' lang='grc' dir='ltr'>ού</span> <span class='ocrx_word' id='word_1_178' title='bbox 2394 1515 2556 1586; x_wconf 80' lang='grc' dir='ltr'>μόνον</span> <span class='ocrx_word' id='word_1_179' title='bbox 2611 1516 2707 1576; x_wconf 71' lang='grc' dir='ltr'>τὰς</span> <span class='ocrx_word' id='word_1_180' title='bbox 2773 1515 2922 1589; x_wconf 68' lang='grc' dir='ltr'>ἱερὰς</span> <span class='ocrx_word' id='word_1_181' title='bbox 2977 1514 3186 1579; x_wconf 77' lang='grc' dir='ltr'>εἶκόνας</span> <span class='ocrx_word' id='word_1_182' title='bbox 3241 1518 3477 1589; x_wconf 83' lang='grc' dir='ltr'>Χριστοῦ</span> <span class='ocrx_word' id='word_1_183' title='bbox 3534 1515 3737 1588; x_wconf 80' lang='grc' dir='ltr'>ἀξίναις</span> 
     </span>
    </p>
   </div>
   <div class='ocr_carea' id='block_1_26' title="bbox 332 1598 3736 1681">
    <p class='ocr_par' dir='ltr' id='par_1_26' title="bbox 332 1598 3736 1681">
     <span class='ocr_line' id='line_1_26' title="bbox 332 1598 3736 1681; baseline -0.001 -20"><span class='ocrx_word' id='word_1_184' title='bbox 332 1602 738 1677; x_wconf 79' lang='grc' dir='ltr'>ἐκκοπτομὲνας</span> <span class='ocrx_word' id='word_1_185' title='bbox 768 1603 859 1656; x_wconf 82' lang='grc' dir='ltr'>καί</span> <span class='ocrx_word' id='word_1_186' title='bbox 891 1605 1068 1677; x_wconf 83' lang='grc' dir='ltr'>χαμαὶ</span> <span class='ocrx_word' id='word_1_187' title='bbox 1110 1599 1462 1678; x_wconf 77' lang='grc' dir='ltr'>ῥιπτομένας,</span> <span class='ocrx_word' id='word_1_188' title='bbox 1504 1600 1596 1655; x_wconf 79' lang='grc' dir='ltr'>καὶ</span> <span class='ocrx_word' id='word_1_189' title='bbox 1644 1600 1770 1662; x_wconf 68' lang='grc' dir='ltr'>τοὺς</span> <span class='ocrx_word' id='word_1_190' title='bbox 1816 1599 1992 1654; x_wconf 78' lang='grc' dir='ltr'>αὐτῶν</span> <span class='ocrx_word' id='word_1_191' title='bbox 2041 1600 2280 1674; x_wconf 83' lang='grc' dir='ltr'>κόσμους</span> <span class='ocrx_word' id='word_1_192' title='bbox 2324 1602 2399 1675; x_wconf 83' lang='grc' dir='ltr'>μὴ</span> <span class='ocrx_word' id='word_1_193' title='bbox 2444 1602 2533 1657; x_wconf 76' lang='grc' dir='ltr'>σὺν</span> <span class='ocrx_word' id='word_1_194' title='bbox 2575 1602 2771 1681; x_wconf 63' lang='grc' dir='ltr'>φειδοῖ,</span> <span class='ocrx_word' id='word_1_195' title='bbox 2819 1601 2942 1658; x_wconf 85' lang='grc' dir='ltr'>ἀλλ’</span> <span class='ocrx_word' id='word_1_196' title='bbox 2993 1604 3069 1665; x_wconf 82' lang='grc' dir='ltr'>ὡς</span> <span class='ocrx_word' id='word_1_197' title='bbox 3118 1598 3305 1679; x_wconf 75' lang='grc' dir='ltr'>ἔτυχεν</span> <span class='ocrx_word' id='word_1_198' title='bbox 3356 1603 3736 1677; x_wconf 76' lang='grc' dir='ltr'>ἐκσπωμένους</span> 
     </span>
    </p>
   </div>
   <div class='ocr_carea' id='block_1_27' title="bbox 331 1687 3740 1768">
    <p class='ocr_par' dir='ltr' id='par_1_27' title="bbox 331 1687 3740 1768">
     <span class='ocr_line' id='line_1_27' title="bbox 331 1687 3740 1768; baseline -0 -19"><span class='ocrx_word' id='word_1_199' title='bbox 331 1694 422 1749; x_wconf 79' lang='grc' dir='ltr'>καὶ</span> <span class='ocrx_word' id='word_1_200' title='bbox 478 1693 609 1766; x_wconf 81' lang='grc' dir='ltr'>πυρὶ</span> <span class='ocrx_word' id='word_1_201' title='bbox 668 1689 1228 1766; x_wconf 80' lang='grc' dir='ltr'>παραπεμπομένους,</span> <span class='ocrx_word' id='word_1_202' title='bbox 1281 1688 1429 1746; x_wconf 73' lang='grc' dir='ltr'>ἀλλὰ</span> <span class='ocrx_word' id='word_1_203' title='bbox 1485 1690 1572 1745; x_wconf 78' lang='grc' dir='ltr'>καὶ</span> <span class='ocrx_word' id='word_1_204' title='bbox 1636 1687 1797 1760; x_wconf 88' lang='grc' dir='ltr'>σκεύη</span> <span class='ocrx_word' id='word_1_205' title='bbox 1856 1688 1922 1744; x_wconf 74' lang='grc' dir='ltr'>τὰ</span> <span class='ocrx_word' id='word_1_206' title='bbox 1975 1690 2142 1744; x_wconf 70' lang='grc' dir='ltr'>σεπτά.</span> <span class='ocrx_word' id='word_1_207' title='bbox 2195 1711 2254 1744; x_wconf 91' lang='grc' dir='ltr'>τε</span> <span class='ocrx_word' id='word_1_208' title='bbox 2309 1692 2397 1745; x_wconf 77' lang='grc' dir='ltr'>καὶ</span> <span class='ocrx_word' id='word_1_209' title='bbox 2458 1696 2675 1768; x_wconf 84' lang='grc' dir='ltr'>παναγῆ</span> <span class='ocrx_word' id='word_1_210' title='bbox 2747 1689 3211 1767; x_wconf 74' lang='grc' dir='ltr'>ἆπεριθαμϐητως</span> <span class='ocrx_word' id='word_1_211' title='bbox 3277 1692 3337 1748; x_wconf 77' lang='grc' dir='ltr'>ἐκ</span> <span class='ocrx_word' id='word_1_212' title='bbox 3410 1698 3517 1749; x_wconf 85' lang='grc' dir='ltr'>τῶν</span> <span class='ocrx_word' id='word_1_213' title='bbox 3596 1698 3740 1748; x_wconf 84' lang='grc' dir='ltr'>ναῶν</span> 
     </span>
    </p>
   </div>
   <div class='ocr_carea' id='block_1_28' title="bbox 331 1777 3740 1862">
    <p class='ocr_par' dir='ltr' id='par_1_28' title="bbox 331 1777 3740 1862">
     <span class='ocr_line' id='line_1_28' title="bbox 331 1777 3740 1862; baseline 0 -24"><span class='ocrx_word' id='word_1_214' title='bbox 331 1784 685 1858; x_wconf 83' lang='grc' dir='ltr'>ἀρπαζόμενα</span> <span class='ocrx_word' id='word_1_215' title='bbox 723 1780 812 1836; x_wconf 78' lang='grc' dir='ltr'>καὶ</span> <span class='ocrx_word' id='word_1_216' title='bbox 871 1779 1187 1855; x_wconf 62' lang='grc' dir='ltr'>πυρούμενοι</span> <span class='ocrx_word' id='word_1_217' title='bbox 1242 1780 1333 1834; x_wconf 75' lang='grc' dir='ltr'>καὶ</span> <span class='ocrx_word' id='word_1_218' title='bbox 1399 1779 1475 1843; x_wconf 82' lang='grc' dir='ltr'>ὡς</span> <span class='ocrx_word' id='word_1_219' title='bbox 1529 1778 1712 1834; x_wconf 87' lang='grc' dir='ltr'>κοινὸν</span> <span class='ocrx_word' id='word_1_220' title='bbox 1767 1777 2027 1853; x_wconf 77' lang='grc' dir='ltr'>ἀργύριον</span> <span class='ocrx_word' id='word_1_221' title='bbox 2085 1780 2175 1834; x_wconf 82' lang='grc' dir='ltr'>καὶ</span> <span class='ocrx_word' id='word_1_222' title='bbox 2234 1782 2462 1855; x_wconf 87' lang='grc' dir='ltr'>χρυσίον</span> <span class='ocrx_word' id='word_1_223' title='bbox 2525 1787 2644 1844; x_wconf 88' lang='grc' dir='ltr'>τοῖς</span> <span class='ocrx_word' id='word_1_224' title='bbox 2700 1780 2992 1855; x_wconf 87' lang='grc' dir='ltr'>πολεμίοις</span> <span class='ocrx_word' id='word_1_225' title='bbox 3054 1784 3442 1858; x_wconf 83' lang='grc' dir='ltr'>στρατεύμασιν</span> <span class='ocrx_word' id='word_1_226' title='bbox 3499 1782 3740 1862; x_wconf 82' lang='grc' dir='ltr'>παρεχό-</span> 
     </span>
    </p>
   </div>
   <div class='ocr_carea' id='block_1_29' title="bbox 334 1862 3741 1947">
    <p class='ocr_par' dir='ltr' id='par_1_29' title="bbox 334 1862 3741 1947">
     <span class='ocr_line' id='line_1_29' title="bbox 334 1862 3741 1947; baseline 0 -20"><span class='ocrx_word' id='word_1_227' title='bbox 334 1894 487 1947; x_wconf 88' lang='grc' dir='ltr'>μενα.</span> <span class='ocrx_word' id='word_1_228' title='bbox 529 1872 627 1926; x_wconf 81' lang='grc' dir='ltr'>Καὶ</span> <span class='ocrx_word' id='word_1_229' title='bbox 676 1877 774 1941; x_wconf 81' lang='grc' dir='ltr'>τῆς</span> <span class='ocrx_word' id='word_1_230' title='bbox 826 1869 963 1925; x_wconf 86' lang='grc' dir='ltr'>κατά</span> <span class='ocrx_word' id='word_1_231' title='bbox 1014 1873 1119 1924; x_wconf 83' lang='grc' dir='ltr'>τῶν</span> <span class='ocrx_word' id='word_1_232' title='bbox 1182 1869 1349 1942; x_wconf 80' lang='grc' dir='ltr'>ἁγίων</span> <span class='ocrx_word' id='word_1_233' title='bbox 1407 1864 1575 1937; x_wconf 78' lang='grc' dir='ltr'>τῆσδε</span> <span class='ocrx_word' id='word_1_234' title='bbox 1633 1866 1835 1936; x_wconf 89' lang='grc' dir='ltr'>λύττης</span> <span class='ocrx_word' id='word_1_235' title='bbox 1895 1862 2009 1921; x_wconf 68' lang='grc' dir='ltr'>οὔτ’</span> <span class='ocrx_word' id='word_1_236' title='bbox 2068 1868 2230 1922; x_wconf 82' lang='grc' dir='ltr'>αὐτὸν</span> <span class='ocrx_word' id='word_1_237' title='bbox 2286 1869 2380 1924; x_wconf 91' lang='grc' dir='ltr'>τὸν</span> <span class='ocrx_word' id='word_1_238' title='bbox 2438 1875 2739 1945; x_wconf 86' lang='grc' dir='ltr'>κρατοῦντα</span> <span class='ocrx_word' id='word_1_239' title='bbox 2797 1871 2969 1944; x_wconf 79' lang='grc' dir='ltr'>εἰσῄει</span> <span class='ocrx_word' id='word_1_240' title='bbox 3028 1891 3110 1933; x_wconf 91' lang='grc' dir='ltr'>τις</span> <span class='ocrx_word' id='word_1_241' title='bbox 3164 1871 3412 1941; x_wconf 67' lang='grc' dir='ltr'>αἴσθησις</span> <span class='ocrx_word' id='word_1_242' title='bbox 3471 1874 3741 1942; x_wconf 83' lang='grc' dir='ltr'>ὁπωσοῦν,</span> 
     </span>
    </p>
   </div>
   <div class='ocr_carea' id='block_1_30' title="bbox 332 1951 3744 2038">
    <p class='ocr_par' dir='ltr' id='par_1_30' title="bbox 332 1951 3744 2038">
     <span class='ocr_line' id='line_1_30' title="bbox 332 1951 3744 2038; baseline -0 -22"><span class='ocrx_word' id='word_1_243' title='bbox 332 1966 439 2016; x_wconf 84' lang='grc' dir='ltr'>τῶν</span> <span class='ocrx_word' id='word_1_244' title='bbox 479 1983 539 2016; x_wconf 91' lang='grc' dir='ltr'>τε</span> <span class='ocrx_word' id='word_1_245' title='bbox 594 1957 781 2015; x_wconf 78' lang='grc' dir='ltr'>ἂλλων</span> <span class='ocrx_word' id='word_1_246' title='bbox 842 1957 1023 2021; x_wconf 79' lang='grc' dir='ltr'>οὐδεὶς</span> <span class='ocrx_word' id='word_1_247' title='bbox 1076 1956 1584 2034; x_wconf 74' lang='grc' dir='ltr'>παρρησιαζόμενος</span> <span class='ocrx_word' id='word_1_248' title='bbox 1639 1958 1706 2026; x_wconf 75' lang='grc' dir='ltr'>ἦν</span> <span class='ocrx_word' id='word_1_249' title='bbox 1762 1958 1861 2025; x_wconf 71' lang='grc' dir='ltr'>τὴν</span> <span class='ocrx_word' id='word_1_250' title='bbox 1931 1951 2227 2029; x_wconf 66' lang='grc' dir='ltr'>εὐσέϐειαν,</span> <span class='ocrx_word' id='word_1_251' title='bbox 2264 1956 2412 2014; x_wconf 84' lang='grc' dir='ltr'>ἀλλά</span> <span class='ocrx_word' id='word_1_252' title='bbox 2463 1963 2563 2024; x_wconf 78' lang='grc' dir='ltr'>τῆς</span> <span class='ocrx_word' id='word_1_253' title='bbox 2622 1958 2912 2034; x_wconf 80' lang='grc' dir='ltr'>ἐχεμυθία,</span> <span class='ocrx_word' id='word_1_254' title='bbox 2964 1957 3161 2031; x_wconf 73' lang='grc' dir='ltr'>ἕνεκεν,</span> <span class='ocrx_word' id='word_1_255' title='bbox 3211 1959 3310 2015; x_wconf 70' lang='grc' dir='ltr'>εἴτ’</span> <span class='ocrx_word' id='word_1_256' title='bbox 3357 1962 3447 2015; x_wconf 81' lang='grc' dir='ltr'>οῦν</span> <span class='ocrx_word' id='word_1_257' title='bbox 3493 1962 3744 2038; x_wconf 84' lang='grc' dir='ltr'>ἀναλγη-</span> 
     </span>
    </p>
   </div>
   <div class='ocr_carea' id='block_1_31' title="bbox 341 2042 3747 2125">
    <p class='ocr_par' dir='ltr' id='par_1_31' title="bbox 341 2042 3747 2125">
     <span class='ocr_line' id='line_1_31' title="bbox 341 2042 3747 2125; baseline 0 -20"><span class='ocrx_word' id='word_1_258' title='bbox 341 2050 456 2115; x_wconf 84' lang='grc' dir='ltr'>σίας</span> <span class='ocrx_word' id='word_1_259' title='bbox 505 2050 673 2105; x_wconf 85' lang='grc' dir='ltr'>εἰπεῖν</span> <span class='ocrx_word' id='word_1_260' title='bbox 730 2048 1060 2124; x_wconf 81' lang='grc' dir='ltr'>οἷκεότερον,</span> <span class='ocrx_word' id='word_1_261' title='bbox 1122 2044 1272 2102; x_wconf 66' lang='grc' dir='ltr'>οὐδὲν</span> <span class='ocrx_word' id='word_1_262' title='bbox 1330 2051 1437 2101; x_wconf 88' lang='grc' dir='ltr'>τῶν</span> <span class='ocrx_word' id='word_1_263' title='bbox 1496 2046 1823 2124; x_wconf 67' lang='grc' dir='ltr'>παραφόρων</span> <span class='ocrx_word' id='word_1_264' title='bbox 1887 2042 2283 2121; x_wconf 86' lang='grc' dir='ltr'>διενηνόχαμεν</span> <span class='ocrx_word' id='word_1_265' title='bbox 2335 2049 2583 2119; x_wconf 82' lang='grc' dir='ltr'>ἅπαντες,</span> <span class='ocrx_word' id='word_1_266' title='bbox 2644 2048 2761 2105; x_wconf 79' lang='grc' dir='ltr'>ὅθεν</span> <span class='ocrx_word' id='word_1_267' title='bbox 2823 2050 2896 2111; x_wconf 83' lang='grc' dir='ltr'>ὡς</span> <span class='ocrx_word' id='word_1_268' title='bbox 2957 2050 3241 2105; x_wconf 83' lang='grc' dir='ltr'>ὑπεύθυνοι</span> <span class='ocrx_word' id='word_1_269' title='bbox 3299 2050 3638 2125; x_wconf 70' lang='grc' dir='ltr'>πεπόνθαμεν</span> <span class='ocrx_word' id='word_1_270' title='bbox 3688 2072 3747 2106; x_wconf 89' lang='grc' dir='ltr'>τε</span> 
     </span>
    </p>
   </div>
   <div class='ocr_carea' id='block_1_32' title="bbox 338 2136 1820 2213">
    <p class='ocr_par' dir='ltr' id='par_1_32' title="bbox 338 2136 1820 2213">
     <span class='ocr_line' id='line_1_32' title="bbox 338 2136 1820 2213; baseline -0.003 -18"><span class='ocrx_word' id='word_1_271' title='bbox 338 2140 425 2196; x_wconf 79' lang='grc' dir='ltr'>καὶ</span> <span class='ocrx_word' id='word_1_272' title='bbox 460 2137 676 2212; x_wconf 77' lang='grc' dir='ltr'>ε’ἰδομεν</span> <span class='ocrx_word' id='word_1_273' title='bbox 709 2137 882 2194; x_wconf 85' lang='grc' dir='ltr'>ὁπόσα</span> <span class='ocrx_word' id='word_1_274' title='bbox 918 2136 1455 2213; x_wconf 74' lang='grc' dir='ltr'>βαρυσυμφορώτερα</span> <span class='ocrx_word' id='word_1_275' title='bbox 1483 2140 1592 2191; x_wconf 88' lang='grc' dir='ltr'>τῶν</span> <span class='ocrx_word' id='word_1_276' title='bbox 1623 2140 1820 2191; x_wconf 84' lang='grc' dir='ltr'>κακῶν.</span> 
     </span>
    </p>
   </div>
   <div class='ocr_carea' id='block_1_33' title="bbox 420 2223 1999 2305">
    <p class='ocr_par' dir='ltr' id='par_1_33' title="bbox 420 2223 1980 2305">
     <span class='ocr_line' id='line_1_33' title="bbox 420 2223 1980 2305; baseline -0.006 -17"><span class='ocrx_word' id='word_1_277' title='bbox 420 2231 486 2305; x_wconf 91' lang='grc' dir='ltr'>β’.</span> <span class='ocrx_word' id='word_1_278' title='bbox 518 2231 742 2287; x_wconf 80' lang='grc' dir='ltr'>Ὀποῖον</span> <span class='ocrx_word' id='word_1_279' title='bbox 773 2229 876 2304; x_wconf 77' lang='grc' dir='ltr'>γὰρ</span> <span class='ocrx_word' id='word_1_280' title='bbox 925 2228 986 2282; x_wconf 88' lang='grc' dir='ltr'>τὸ</span> <span class='ocrx_word' id='word_1_281' title='bbox 1046 2223 1307 2303; x_wconf 75' lang='grc' dir='ltr'>χυδαίζον</span> <span class='ocrx_word' id='word_1_282' title='bbox 1360 2230 1547 2305; x_wconf 76' lang='grc' dir='ltr'>στῖφος</span> <span class='ocrx_word' id='word_1_283' title='bbox 1597 2232 1698 2295; x_wconf 79' lang='grc' dir='ltr'>τῆς</span> <span class='ocrx_word' id='word_1_284' title='bbox 1744 2224 1980 2293; x_wconf 87' lang='grc' dir='ltr'>πόλεως,</span> 
     </span>
    </p>
   </div>
   <div class='ocr_carea' id='block_1_34' title="bbox 2109 2223 3750 2305">
    <p class='ocr_par' dir='ltr' id='par_1_34' title="bbox 2162 2229 3750 2303">
     <span class='ocr_line' id='line_1_34' title="bbox 2162 2229 3750 2303; baseline 0.003 -20"><span class='ocrx_word' id='word_1_285' title='bbox 2162 2229 2216 2285; x_wconf 85' lang='grc'>2.</span> <span class='ocrx_word' id='word_1_286' title='bbox 2248 2229 2395 2285; x_wconf 93' lang='lat' dir='ltr'>Nam</span> <span class='ocrx_word' id='word_1_287' title='bbox 2459 2231 2656 2303; x_wconf 86' lang='lat' dir='ltr'>populi</span> <span class='ocrx_word' id='word_1_288' title='bbox 2686 2231 2872 2299; x_wconf 86' lang='lat' dir='ltr'>turba,</span> <span class='ocrx_word' id='word_1_289' title='bbox 2912 2239 2972 2287; x_wconf 90' lang='lat' dir='ltr'>ut</span> <span class='ocrx_word' id='word_1_290' title='bbox 3022 2230 3188 2301; x_wconf 87' lang='lat' dir='ltr'>solet,</span> <span class='ocrx_word' id='word_1_291' title='bbox 3222 2249 3326 2288; x_wconf 87' lang='lat' dir='ltr'>nec</span> <span class='ocrx_word' id='word_1_292' title='bbox 3377 2248 3482 2288; x_wconf 91' lang='lat' dir='ltr'>sua</span> <span class='ocrx_word' id='word_1_293' title='bbox 3542 2236 3750 2303; x_wconf 81' lang='lat' dir='ltr'>sponte</span> 
     </span>
    </p>
   </div>
   <div class='ocr_carea' id='block_1_35' title="bbox 353 2316 1997 2397">
    <p class='ocr_par' dir='ltr' id='par_1_35' title="bbox 353 2316 1997 2397">
     <span class='ocr_line' id='line_1_35' title="bbox 353 2316 1997 2397; baseline -0.005 -19"><span class='ocrx_word' id='word_1_294' title='bbox 353 2324 480 2397; x_wconf 80' lang='grc' dir='ltr'>μήτ’</span> <span class='ocrx_word' id='word_1_295' title='bbox 513 2321 734 2386; x_wconf 78' lang='grc' dir='ltr'>αὐτόθεν</span> <span class='ocrx_word' id='word_1_296' title='bbox 763 2324 881 2384; x_wconf 83' lang='grc' dir='ltr'>τοῖς</span> <span class='ocrx_word' id='word_1_297' title='bbox 911 2320 1214 2381; x_wconf 79' lang='grc' dir='ltr'>ἐπαινετοῖς</span> <span class='ocrx_word' id='word_1_298' title='bbox 1245 2322 1611 2392; x_wconf 84' lang='grc' dir='ltr'>προσχωροῦν</span> <span class='ocrx_word' id='word_1_299' title='bbox 1646 2318 1774 2391; x_wconf 72' lang='grc' dir='ltr'>μήθ’</span> <span class='ocrx_word' id='word_1_300' title='bbox 1828 2316 1997 2391; x_wconf 67' lang='grc' dir='ltr'>ἑτέρῳ</span> 
     </span>
    </p>
   </div>
   <div class='ocr_carea' id='block_1_36' title="bbox 350 2405 1995 2487">
    <p class='ocr_par' dir='ltr' id='par_1_36' title="bbox 350 2405 1995 2487">
     <span class='ocr_line' id='line_1_36' title="bbox 350 2405 1995 2487; baseline -0.005 -17"><span class='ocrx_word' id='word_1_301' title='bbox 350 2413 673 2487; x_wconf 79' lang='grc' dir='ltr'>πειθόμενον</span> <span class='ocrx_word' id='word_1_302' title='bbox 732 2409 1106 2485; x_wconf 76' lang='grc' dir='ltr'>εἰσηγουμένῳ</span> <span class='ocrx_word' id='word_1_303' title='bbox 1155 2409 1220 2464; x_wconf 85' lang='grc' dir='ltr'>τὰ</span> <span class='ocrx_word' id='word_1_304' title='bbox 1278 2407 1480 2481; x_wconf 81' lang='grc' dir='ltr'>λῴονα,</span> <span class='ocrx_word' id='word_1_305' title='bbox 1539 2405 1647 2477; x_wconf 74' lang='grc' dir='ltr'>ἤδη</span> <span class='ocrx_word' id='word_1_306' title='bbox 1688 2411 1805 2468; x_wconf 87' lang='grc' dir='ltr'>ταῖς</span> <span class='ocrx_word' id='word_1_307' title='bbox 1855 2407 1995 2463; x_wconf 86' lang='grc' dir='ltr'>Ῥω-</span> 
     </span>
    </p>
   </div>
   <div class='ocr_carea' id='block_1_37' title="bbox 352 2493 1997 2580">
    <p class='ocr_par' dir='ltr' id='par_1_37' title="bbox 352 2493 1997 2580">
     <span class='ocr_line' id='line_1_37' title="bbox 352 2493 1997 2580; baseline -0.006 -22"><span class='ocrx_word' id='word_1_308' title='bbox 352 2508 570 2577; x_wconf 81' lang='grc' dir='ltr'>μαϊκαῖς</span> <span class='ocrx_word' id='word_1_309' title='bbox 649 2502 863 2580; x_wconf 83' lang='grc' dir='ltr'>χώραις</span> <span class='ocrx_word' id='word_1_310' title='bbox 931 2498 1333 2576; x_wconf 78' lang='grc' dir='ltr'>εἷ’σκεχυμένων</span> <span class='ocrx_word' id='word_1_311' title='bbox 1397 2502 1505 2552; x_wconf 86' lang='grc' dir='ltr'>τῶν</span> <span class='ocrx_word' id='word_1_312' title='bbox 1578 2495 1864 2569; x_wconf 83' lang='grc' dir='ltr'>πολεμίων</span> <span class='ocrx_word' id='word_1_313' title='bbox 1922 2493 1997 2556; x_wconf 81' lang='grc' dir='ltr'>εἷς</span> 
     </span>
    </p>
   </div>
   <div class='ocr_carea' id='block_1_38' title="bbox 347 2583 1996 2669">
    <p class='ocr_par' dir='ltr' id='par_1_38' title="bbox 347 2583 1996 2669">
     <span class='ocr_line' id='line_1_38' title="bbox 347 2583 1996 2669; baseline -0.005 -23"><span class='ocrx_word' id='word_1_314' title='bbox 347 2587 542 2669; x_wconf 74' lang='grc' dir='ltr'>ἔδαφος</span> <span class='ocrx_word' id='word_1_315' title='bbox 570 2595 819 2664; x_wconf 79' lang='grc' dir='ltr'>καθαιρεῖ</span> <span class='ocrx_word' id='word_1_316' title='bbox 848 2588 937 2643; x_wconf 88' lang='grc' dir='ltr'>καὶ</span> <span class='ocrx_word' id='word_1_317' title='bbox 965 2585 1174 2643; x_wconf 79' lang='grc' dir='ltr'>διαλύει</span> <span class='ocrx_word' id='word_1_318' title='bbox 1207 2585 1534 2661; x_wconf 78' lang='grc' dir='ltr'>παραλόγως</span> <span class='ocrx_word' id='word_1_319' title='bbox 1591 2585 1668 2646; x_wconf 86' lang='grc' dir='ltr'>είς</span> <span class='ocrx_word' id='word_1_320' title='bbox 1716 2588 1852 2659; x_wconf 84' lang='grc' dir='ltr'>χοῦν</span> <span class='ocrx_word' id='word_1_321' title='bbox 1901 2583 1996 2644; x_wconf 82' lang='grc' dir='ltr'>τὰς</span> 
     </span>
    </p>
   </div>
   <div class='ocr_carea' id='block_1_39' title="bbox 346 2672 1993 2752">
    <p class='ocr_par' dir='ltr' id='par_1_39' title="bbox 346 2672 1993 2752">
     <span class='ocr_line' id='line_1_39' title="bbox 346 2672 1993 2752; baseline -0.007 -15"><span class='ocrx_word' id='word_1_322' title='bbox 346 2682 479 2752; x_wconf 85' lang='grc' dir='ltr'>πρὸς</span> <span class='ocrx_word' id='word_1_323' title='bbox 539 2680 809 2744; x_wconf 74' lang='grc' dir='ltr'>θάλασσαν</span> <span class='ocrx_word' id='word_1_324' title='bbox 866 2678 1040 2741; x_wconf 80' lang='grc' dir='ltr'>οἰκίας</span> <span class='ocrx_word' id='word_1_325' title='bbox 1101 2681 1206 2733; x_wconf 86' lang='grc' dir='ltr'>τῶν</span> <span class='ocrx_word' id='word_1_326' title='bbox 1262 2676 1313 2747; x_wconf 80' lang='grc' dir='ltr'>ἐξ</span> <span class='ocrx_word' id='word_1_327' title='bbox 1380 2675 1605 2751; x_wconf 71' lang='grc' dir='ltr'>ἑσπέρας</span> <span class='ocrx_word' id='word_1_328' title='bbox 1672 2672 1853 2743; x_wconf 82' lang='grc' dir='ltr'>ἐθνῶν,</span> <span class='ocrx_word' id='word_1_329' title='bbox 1918 2673 1993 2745; x_wconf 80' lang='grc' dir='ltr'>μὴ</span> 
     </span>
    </p>
   </div>
   <div class='ocr_carea' id='block_1_40' title="bbox 350 2761 1993 2842">
    <p class='ocr_par' dir='ltr' id='par_1_40' title="bbox 350 2761 1993 2842">
     <span class='ocr_line' id='line_1_40' title="bbox 350 2761 1993 2842; baseline -0.007 -17"><span class='ocrx_word' id='word_1_330' title='bbox 350 2769 658 2825; x_wconf 84' lang='grc' dir='ltr'>διαστεῖλαν</span> <span class='ocrx_word' id='word_1_331' title='bbox 711 2772 808 2823; x_wconf 87' lang='grc' dir='ltr'>τοῦ</span> <span class='ocrx_word' id='word_1_332' title='bbox 865 2766 1141 2841; x_wconf 73' lang='grc' dir='ltr'>πολεμίου</span> <span class='ocrx_word' id='word_1_333' title='bbox 1195 2766 1263 2821; x_wconf 78' lang='grc' dir='ltr'>τὰ</span> <span class='ocrx_word' id='word_1_334' title='bbox 1322 2764 1527 2842; x_wconf 78' lang='grc' dir='ltr'>φίλιον.</span> <span class='ocrx_word' id='word_1_335' title='bbox 1581 2761 1993 2836; x_wconf 78' lang='grc' dir='ltr'>Ἐδυσχέραινον</span> 
     </span>
    </p>
   </div>
   <div class='ocr_carea' id='block_1_41' title="bbox 351 2852 1997 2935">
    <p class='ocr_par' dir='ltr' id='par_1_41' title="bbox 351 2852 1997 2935">
     <span class='ocr_line' id='line_1_41' title="bbox 351 2852 1997 2935; baseline -0.007 -20"><span class='ocrx_word' id='word_1_336' title='bbox 351 2858 444 2915; x_wconf 77' lang='grc' dir='ltr'>οῦν</span> <span class='ocrx_word' id='word_1_337' title='bbox 476 2860 614 2935; x_wconf 85' lang='grc' dir='ltr'>πρὸς</span> <span class='ocrx_word' id='word_1_338' title='bbox 652 2859 745 2927; x_wconf 71' lang='grc' dir='ltr'>τὴν</span> <span class='ocrx_word' id='word_1_339' title='bbox 778 2852 1041 2912; x_wconf 75' lang='grc' dir='ltr'>ἀϐουλίαν</span> <span class='ocrx_word' id='word_1_340' title='bbox 1073 2856 1272 2923; x_wconf 82' lang='grc' dir='ltr'>ταύτην</span> <span class='ocrx_word' id='word_1_341' title='bbox 1311 2853 1401 2910; x_wconf 79' lang='grc' dir='ltr'>καὶ</span> <span class='ocrx_word' id='word_1_342' title='bbox 1446 2852 1671 2908; x_wconf 79' lang='grc' dir='ltr'>ἀτοπίαν</span> <span class='ocrx_word' id='word_1_343' title='bbox 1721 2852 1784 2906; x_wconf 82' lang='grc' dir='ltr'>ού</span> <span class='ocrx_word' id='word_1_344' title='bbox 1836 2852 1997 2924; x_wconf 86' lang='grc' dir='ltr'>μόνον</span> 
     </span>
    </p>
   </div>
   <div class='ocr_carea' id='block_1_42' title="bbox 350 2939 1998 3024">
    <p class='ocr_par' dir='ltr' id='par_1_42' title="bbox 350 2939 1998 3024">
     <span class='ocr_line' id='line_1_42' title="bbox 350 2939 1998 3024; baseline -0.005 -21"><span class='ocrx_word' id='word_1_345' title='bbox 350 2950 466 3005; x_wconf 77' lang='grc' dir='ltr'>ὅσοι</span> <span class='ocrx_word' id='word_1_346' title='bbox 515 2948 577 3005; x_wconf 80' lang='grc' dir='ltr'>ἐκ</span> <span class='ocrx_word' id='word_1_347' title='bbox 625 2955 724 3018; x_wconf 76' lang='grc' dir='ltr'>τῆς</span> <span class='ocrx_word' id='word_1_348' title='bbox 792 2945 1080 3024; x_wconf 76' lang='grc' dir='ltr'>Ἀμόλφης</span> <span class='ocrx_word' id='word_1_349' title='bbox 1148 2948 1332 3017; x_wconf 71' lang='grc' dir='ltr'>ἤθεσιν</span> <span class='ocrx_word' id='word_1_350' title='bbox 1380 2939 1801 3017; x_wconf 79' lang='grc' dir='ltr'>ἐντεθραμμένοι</span> <span class='ocrx_word' id='word_1_351' title='bbox 1858 2941 1998 2997; x_wconf 88' lang='grc' dir='ltr'>Ῥω-</span> 
     </span>
    </p>
   </div>
   <div class='ocr_carea' id='block_1_43' title="bbox 354 3032 1999 3114">
    <p class='ocr_par' dir='ltr' id='par_1_43' title="bbox 354 3032 1999 3114">
     <span class='ocr_line' id='line_1_43' title="bbox 354 3032 1999 3114; baseline -0.008 -20"><span class='ocrx_word' id='word_1_352' title='bbox 354 3044 594 3114; x_wconf 80' lang='grc' dir='ltr'>μαϊκοῖς,</span> <span class='ocrx_word' id='word_1_353' title='bbox 632 3036 780 3092; x_wconf 81' lang='grc' dir='ltr'>ἀλλὰ</span> <span class='ocrx_word' id='word_1_354' title='bbox 811 3037 899 3092; x_wconf 81' lang='grc' dir='ltr'>καὶ</span> <span class='ocrx_word' id='word_1_355' title='bbox 932 3038 984 3091; x_wconf 79' lang='grc' dir='ltr'>οἳ</span> <span class='ocrx_word' id='word_1_356' title='bbox 1032 3041 1138 3091; x_wconf 86' lang='grc' dir='ltr'>τῶν</span> <span class='ocrx_word' id='word_1_357' title='bbox 1190 3035 1250 3089; x_wconf 79' lang='grc' dir='ltr'>ἐκ</span> <span class='ocrx_word' id='word_1_358' title='bbox 1293 3036 1392 3102; x_wconf 71' lang='grc' dir='ltr'>τῆς</span> <span class='ocrx_word' id='word_1_359' title='bbox 1442 3033 1649 3102; x_wconf 86' lang='grc' dir='ltr'>Πίσσης</span> <span class='ocrx_word' id='word_1_360' title='bbox 1696 3032 1794 3099; x_wconf 80' lang='grc' dir='ltr'>τήν</span> <span class='ocrx_word' id='word_1_361' title='bbox 1841 3033 1999 3086; x_wconf 87' lang='grc' dir='ltr'>Κων-</span> 
     </span>
    </p>
   </div>
   <div class='ocr_carea' id='block_1_44' title="bbox 347 3118 1996 3198">
    <p class='ocr_par' dir='ltr' id='par_1_44' title="bbox 347 3118 1996 3198">
     <span class='ocr_line' id='line_1_44' title="bbox 347 3118 1996 3198; baseline -0.008 -14"><span class='ocrx_word' id='word_1_362' title='bbox 347 3127 628 3184; x_wconf 87' lang='grc' dir='ltr'>σταντίνου</span> <span class='ocrx_word' id='word_1_363' title='bbox 667 3125 1002 3191; x_wconf 81' lang='grc' dir='ltr'>ἀνθείλοντο.</span> <span class='ocrx_word' id='word_1_364' title='bbox 1056 3126 1243 3195; x_wconf 76' lang='grc' dir='ltr'>Μήπω</span> <span class='ocrx_word' id='word_1_365' title='bbox 1303 3123 1483 3178; x_wconf 88' lang='grc' dir='ltr'>τοίνυν</span> <span class='ocrx_word' id='word_1_366' title='bbox 1533 3120 1705 3198; x_wconf 80' lang='grc' dir='ltr'>φυγὰς</span> <span class='ocrx_word' id='word_1_367' title='bbox 1753 3118 1934 3197; x_wconf 75' lang='grc' dir='ltr'>ὀφθεὶς</span> <span class='ocrx_word' id='word_1_368' title='bbox 1968 3118 1996 3172; x_wconf 90' lang='grc' dir='ltr'>ὁ</span> 
     </span>
    </p>
   </div>
   <div class='ocr_carea' id='block_1_45' title="bbox 348 3205 1999 3294">
    <p class='ocr_par' dir='ltr' id='par_1_45' title="bbox 348 3205 1999 3294">
     <span class='ocr_line' id='line_1_45' title="bbox 348 3205 1999 3294; baseline -0.007 -21"><span class='ocrx_word' id='word_1_369' title='bbox 348 3216 604 3294; x_wconf 76' lang='grc' dir='ltr'>βασιλεὺς</span> <span class='ocrx_word' id='word_1_370' title='bbox 660 3214 901 3289; x_wconf 77' lang='grc' dir='ltr'>Ἀλέξιος</span> <span class='ocrx_word' id='word_1_371' title='bbox 957 3218 1225 3290; x_wconf 82' lang='grc' dir='ltr'>χρησταῖς</span> <span class='ocrx_word' id='word_1_372' title='bbox 1276 3211 1458 3268; x_wconf 83' lang='grc' dir='ltr'>ἐλπίσι</span> <span class='ocrx_word' id='word_1_373' title='bbox 1516 3210 1645 3274; x_wconf 78' lang='grc' dir='ltr'>τοὺς</span> <span class='ocrx_word' id='word_1_374' title='bbox 1701 3208 1760 3265; x_wconf 82' lang='grc' dir='ltr'>ἐκ</span> <span class='ocrx_word' id='word_1_375' title='bbox 1825 3205 1999 3263; x_wconf 85' lang='grc' dir='ltr'>τῶνδε</span> 
     </span>
    </p>
   </div>
   <div class='ocr_carea' id='block_1_46' title="bbox 342 3298 1996 3383">
    <p class='ocr_par' dir='ltr' id='par_1_46' title="bbox 342 3298 1996 3383">
     <span class='ocr_line' id='line_1_46' title="bbox 342 3298 1996 3383; baseline -0.005 -20"><span class='ocrx_word' id='word_1_376' title='bbox 342 3312 450 3363; x_wconf 89' lang='grc' dir='ltr'>τῶν</span> <span class='ocrx_word' id='word_1_377' title='bbox 484 3312 651 3383; x_wconf 83' lang='grc' dir='ltr'>γενῶν</span> <span class='ocrx_word' id='word_1_378' title='bbox 676 3301 960 3361; x_wconf 76' lang='grc' dir='ltr'>ἐϐουκόλει</span> <span class='ocrx_word' id='word_1_379' title='bbox 991 3304 1081 3359; x_wconf 80' lang='grc' dir='ltr'>καὶ</span> <span class='ocrx_word' id='word_1_380' title='bbox 1115 3304 1175 3358; x_wconf 88' lang='grc' dir='ltr'>τὸ</span> <span class='ocrx_word' id='word_1_381' title='bbox 1209 3309 1309 3373; x_wconf 77' lang='grc' dir='ltr'>τῆς</span> <span class='ocrx_word' id='word_1_382' title='bbox 1353 3302 1534 3370; x_wconf 82' lang='grc' dir='ltr'>λύπης</span> <span class='ocrx_word' id='word_1_383' title='bbox 1592 3298 1783 3375; x_wconf 67' lang='grc' dir='ltr'>ἀθήρει</span> <span class='ocrx_word' id='word_1_384' title='bbox 1828 3298 1996 3354; x_wconf 84' lang='grc' dir='ltr'>πολύ.</span> 
     </span>
    </p>
   </div>
   <div class='ocr_carea' id='block_1_47' title="bbox 345 3385 1996 3471">
    <p class='ocr_par' dir='ltr' id='par_1_47' title="bbox 345 3385 1996 3471">
     <span class='ocr_line' id='line_1_47' title="bbox 345 3385 1996 3471; baseline -0.008 -18"><span class='ocrx_word' id='word_1_385' title='bbox 345 3398 434 3460; x_wconf 73' lang='grc' dir='ltr'>Ὠς</span> <span class='ocrx_word' id='word_1_386' title='bbox 478 3395 526 3452; x_wconf 89' lang='grc' dir='ltr'>δ’</span> <span class='ocrx_word' id='word_1_387' title='bbox 576 3397 604 3451; x_wconf 81' lang='grc' dir='ltr'>ὁ</span> <span class='ocrx_word' id='word_1_388' title='bbox 667 3396 762 3469; x_wconf 72' lang='grc' dir='ltr'>μὲν</span> <span class='ocrx_word' id='word_1_389' title='bbox 821 3392 1049 3469; x_wconf 81' lang='grc' dir='ltr'>δρασμῷ</span> <span class='ocrx_word' id='word_1_390' title='bbox 1090 3392 1392 3471; x_wconf 73' lang='grc' dir='ltr'>ἐχρήσατο,</span> <span class='ocrx_word' id='word_1_391' title='bbox 1456 3388 1778 3465; x_wconf 85' lang='grc' dir='ltr'>βασιλεύσας</span> <span class='ocrx_word' id='word_1_392' title='bbox 1828 3385 1874 3441; x_wconf 90' lang='grc' dir='ltr'>δ’</span> <span class='ocrx_word' id='word_1_393' title='bbox 1927 3386 1996 3455; x_wconf 79' lang='grc' dir='ltr'>ἦν</span> 
     </span>
    </p>
   </div>
   <div class='ocr_carea' id='block_1_48' title="bbox 350 3480 1996 3556">
    <p class='ocr_par' dir='ltr' id='par_1_48' title="bbox 350 3480 1996 3556">
     <span class='ocr_line' id='line_1_48' title="bbox 350 3480 1996 3556; baseline -0.007 -13"><span class='ocrx_word' id='word_1_394' title='bbox 350 3488 641 3556; x_wconf 82' lang='grc' dir='ltr'>Ἰσαοὶκιος,</span> <span class='ocrx_word' id='word_1_395' title='bbox 706 3484 1072 3541; x_wconf 76' lang='grc' dir='ltr'>καταλλάσσει</span> <span class='ocrx_word' id='word_1_396' title='bbox 1132 3483 1259 3544; x_wconf 69' lang='grc' dir='ltr'>τοὺς</span> <span class='ocrx_word' id='word_1_397' title='bbox 1347 3480 1406 3536; x_wconf 81' lang='grc' dir='ltr'>ἐκ</span> <span class='ocrx_word' id='word_1_398' title='bbox 1461 3486 1561 3550; x_wconf 82' lang='grc' dir='ltr'>τῆς</span> <span class='ocrx_word' id='word_1_399' title='bbox 1616 3480 1823 3549; x_wconf 84' lang='grc' dir='ltr'>Πίσσης</span> <span class='ocrx_word' id='word_1_400' title='bbox 1880 3482 1996 3539; x_wconf 85' lang='grc' dir='ltr'>τοῖς</span> 
     </span>
    </p>
   </div>
   <div class='ocr_carea' id='block_1_49' title="bbox 2108 2320 3753 2392">
    <p class='ocr_par' dir='ltr' id='par_1_49' title="bbox 2108 2320 3753 2392">
     <span class='ocr_line' id='line_1_49' title="bbox 2108 2320 3753 2392; baseline 0.004 -20"><span class='ocrx_word' id='word_1_401' title='bbox 2108 2334 2252 2374; x_wconf 86' lang='lat' dir='ltr'>sana</span> <span class='ocrx_word' id='word_1_402' title='bbox 2276 2320 2527 2376; x_wconf 89' lang='lat' dir='ltr'>consilia</span> <span class='ocrx_word' id='word_1_403' title='bbox 2556 2321 2915 2392; x_wconf 84' lang='lat' dir='ltr'>amplectens</span> <span class='ocrx_word' id='word_1_404' title='bbox 2948 2338 3053 2377; x_wconf 89' lang='lat' dir='ltr'>nec</span> <span class='ocrx_word' id='word_1_405' title='bbox 3085 2321 3324 2377; x_wconf 87' lang='lat' dir='ltr'>meliora</span> <span class='ocrx_word' id='word_1_406' title='bbox 3372 2321 3753 2378; x_wconf 85' lang='lat' dir='ltr'>suadentibus</span> 
     </span>
    </p>
   </div>
   <div class='ocr_carea' id='block_1_50' title="bbox 2106 2408 3752 2481">
    <p class='ocr_par' dir='ltr' id='par_1_50' title="bbox 2106 2408 3752 2481">
     <span class='ocr_line' id='line_1_50' title="bbox 2106 2408 3752 2481; baseline 0.002 -18"><span class='ocrx_word' id='word_1_407' title='bbox 2106 2408 2534 2480; x_wconf 70' lang='lat' dir='ltr'>obtemperans,</span> <span class='ocrx_word' id='word_1_408' title='bbox 2561 2426 2692 2466; x_wconf 91' lang='lat' dir='ltr'>cum</span> <span class='ocrx_word' id='word_1_409' title='bbox 2716 2411 2843 2481; x_wconf 87' lang='lat' dir='ltr'>jam</span> <span class='ocrx_word' id='word_1_410' title='bbox 2881 2410 3081 2467; x_wconf 86' lang='lat' dir='ltr'>hostes</span> <span class='ocrx_word' id='word_1_411' title='bbox 3104 2412 3160 2465; x_wconf 89' lang='lat' dir='ltr'>in</span> <span class='ocrx_word' id='word_1_412' title='bbox 3196 2411 3490 2467; x_wconf 84' lang='lat' dir='ltr'>Romanas</span> <span class='ocrx_word' id='word_1_413' title='bbox 3516 2412 3752 2481; x_wconf 88' lang='lat' dir='ltr'>provin-</span> 
     </span>
    </p>
   </div>
   <div class='ocr_carea' id='block_1_51' title="bbox 2106 2496 3755 2571">
    <p class='ocr_par' dir='ltr' id='par_1_51' title="bbox 2106 2496 3755 2571">
     <span class='ocr_line' id='line_1_51' title="bbox 2106 2496 3755 2571; baseline 0.002 -20"><span class='ocrx_word' id='word_1_414' title='bbox 2106 2496 2226 2551; x_wconf 88' lang='lat' dir='ltr'>cias</span> <span class='ocrx_word' id='word_1_415' title='bbox 2286 2498 2656 2569; x_wconf 89' lang='lat' dir='ltr'>irrupissent,</span> <span class='ocrx_word' id='word_1_416' title='bbox 2710 2505 2917 2571; x_wconf 78' lang='lat' dir='ltr'>praeter</span> <span class='ocrx_word' id='word_1_417' title='bbox 2978 2515 3209 2554; x_wconf 89' lang='lat' dir='ltr'>omnem</span> <span class='ocrx_word' id='word_1_418' title='bbox 3264 2500 3755 2570; x_wconf 78' lang='lat' dir='ltr'>exspectationem</span> 
     </span>
    </p>
   </div>
   <div class='ocr_carea' id='block_1_52' title="bbox 2106 2584 3754 2660">
    <p class='ocr_par' dir='ltr' id='par_1_52' title="bbox 2106 2584 3754 2660">
     <span class='ocr_line' id='line_1_52' title="bbox 2106 2584 3754 2660; baseline 0 -19"><span class='ocrx_word' id='word_1_419' title='bbox 2106 2584 2229 2641; x_wconf 89' lang='lat' dir='ltr'>solo</span> <span class='ocrx_word' id='word_1_420' title='bbox 2269 2592 2458 2659; x_wconf 73' lang='lat' dir='ltr'>aaquat</span> <span class='ocrx_word' id='word_1_421' title='bbox 2488 2596 2543 2644; x_wconf 90' lang='lat' dir='ltr'>et</span> <span class='ocrx_word' id='word_1_422' title='bbox 2573 2587 2631 2642; x_wconf 87' lang='lat' dir='ltr'>in</span> <span class='ocrx_word' id='word_1_423' title='bbox 2666 2588 2959 2660; x_wconf 86' lang='lat' dir='ltr'>pulverem</span> <span class='ocrx_word' id='word_1_424' title='bbox 2998 2589 3210 2659; x_wconf 82' lang='lat' dir='ltr'>redigit</span> <span class='ocrx_word' id='word_1_425' title='bbox 3241 2588 3571 2643; x_wconf 84' lang='lat' dir='ltr'>maritimas</span> <span class='ocrx_word' id='word_1_426' title='bbox 3602 2589 3754 2644; x_wconf 89' lang='lat' dir='ltr'>occi-</span> 
     </span>
    </p>
   </div>
   <div class='ocr_carea' id='block_1_53' title="bbox 2106 2675 3754 2745">
    <p class='ocr_par' dir='ltr' id='par_1_53' title="bbox 2106 2675 3754 2745">
     <span class='ocr_line' id='line_1_53' title="bbox 2106 2675 3754 2745; baseline 0.001 -14"><span class='ocrx_word' id='word_1_427' title='bbox 2106 2675 2428 2731; x_wconf 88' lang='lat' dir='ltr'>dentalium</span> <span class='ocrx_word' id='word_1_428' title='bbox 2461 2677 2720 2745; x_wconf 88' lang='lat' dir='ltr'>gentium</span> <span class='ocrx_word' id='word_1_429' title='bbox 2774 2677 2951 2741; x_wconf 81' lang='lat' dir='ltr'>aedes,</span> <span class='ocrx_word' id='word_1_430' title='bbox 2983 2677 3188 2731; x_wconf 87' lang='lat' dir='ltr'>amicis</span> <span class='ocrx_word' id='word_1_431' title='bbox 3218 2677 3288 2731; x_wconf 87' lang='lat' dir='ltr'>ab</span> <span class='ocrx_word' id='word_1_432' title='bbox 3330 2677 3603 2732; x_wconf 78' lang='lat' dir='ltr'>hostibus</span> <span class='ocrx_word' id='word_1_433' title='bbox 3638 2693 3754 2732; x_wconf 89' lang='lat' dir='ltr'>non</span> 
     </span>
    </p>
   </div>
   <div class='ocr_carea' id='block_1_54' title="bbox 2104 2764 3755 2821">
    <p class='ocr_par' dir='ltr' id='par_1_54' title="bbox 2104 2764 3755 2821">
     <span class='ocr_line' id='line_1_54' title="bbox 2104 2764 3755 2821; baseline 0.001 -1"><span class='ocrx_word' id='word_1_434' title='bbox 2104 2764 2421 2820; x_wconf 89' lang='lat' dir='ltr'>distinctis.</span> <span class='ocrx_word' id='word_1_435' title='bbox 2464 2766 2600 2820; x_wconf 90' lang='lat' dir='ltr'>Eam</span> <span class='ocrx_word' id='word_1_436' title='bbox 2654 2766 3034 2821; x_wconf 84' lang='lat' dir='ltr'>temeritatem</span> <span class='ocrx_word' id='word_1_437' title='bbox 3067 2771 3124 2820; x_wconf 93' lang='lat' dir='ltr'>et</span> <span class='ocrx_word' id='word_1_438' title='bbox 3154 2767 3576 2821; x_wconf 86' lang='lat' dir='ltr'>absurditatom</span> <span class='ocrx_word' id='word_1_439' title='bbox 3639 2782 3755 2821; x_wconf 85' lang='lat' dir='ltr'>non</span> 
     </span>
    </p>
   </div>
   <div class='ocr_carea' id='block_1_55' title="bbox 2105 2856 3755 2926">
    <p class='ocr_par' dir='ltr' id='par_1_55' title="bbox 2105 2856 3755 2926">
     <span class='ocr_line' id='line_1_55' title="bbox 2105 2856 3755 2926; baseline 0.001 -18"><span class='ocrx_word' id='word_1_440' title='bbox 2105 2858 2332 2910; x_wconf 86' lang='lat' dir='ltr'>tantum</span> <span class='ocrx_word' id='word_1_441' title='bbox 2367 2856 2519 2911; x_wconf 90' lang='lat' dir='ltr'>cives</span> <span class='ocrx_word' id='word_1_442' title='bbox 2551 2856 2924 2924; x_wconf 85' lang='lat' dir='ltr'>Romani,sed</span> <span class='ocrx_word' id='word_1_443' title='bbox 2959 2862 3016 2911; x_wconf 91' lang='lat' dir='ltr'>et</span> <span class='ocrx_word' id='word_1_444' title='bbox 3036 2856 3234 2911; x_wconf 87' lang='lat' dir='ltr'>Pisani</span> <span class='ocrx_word' id='word_1_445' title='bbox 3266 2856 3544 2926; x_wconf 86' lang='lat' dir='ltr'>inquilini</span> <span class='ocrx_word' id='word_1_446' title='bbox 3577 2873 3755 2926; x_wconf 60' lang='lat' dir='ltr'>agger-</span> 
     </span>
    </p>
   </div>
   <div class='ocr_carea' id='block_1_56' title="bbox 2104 2941 3760 3015">
    <p class='ocr_par' dir='ltr' id='par_1_56' title="bbox 2104 2941 3760 3015">
     <span class='ocr_line' id='line_1_56' title="bbox 2104 2941 3760 3015; baseline 0.001 -18"><span class='ocrx_word' id='word_1_447' title='bbox 2104 2943 2251 2998; x_wconf 90' lang='lat' dir='ltr'>rime</span> <span class='ocrx_word' id='word_1_448' title='bbox 2294 2941 2572 2999; x_wconf 89' lang='lat' dir='ltr'>tulerunt.</span> <span class='ocrx_word' id='word_1_449' title='bbox 2610 2942 2835 2999; x_wconf 82' lang='lat' dir='ltr'>Alexius</span> <span class='ocrx_word' id='word_1_450' title='bbox 2893 2949 3091 2999; x_wconf 89' lang='lat' dir='ltr'>autem</span> <span class='ocrx_word' id='word_1_451' title='bbox 3151 2949 3466 3015; x_wconf 88' lang='lat' dir='ltr'>antequam</span> <span class='ocrx_word' id='word_1_452' title='bbox 3510 2944 3760 3015; x_wconf 83' lang='lat' dir='ltr'>fugeret,</span> 
     </span>
    </p>
   </div>
   <div class='ocr_carea' id='block_1_57' title="bbox 2106 3031 3751 3104">
    <p class='ocr_par' dir='ltr' id='par_1_57' title="bbox 2106 3031 3751 3104">
     <span class='ocr_line' id='line_1_57' title="bbox 2106 3031 3751 3104; baseline 0.002 -19"><span class='ocrx_word' id='word_1_453' title='bbox 2106 3047 2302 3086; x_wconf 90' lang='lat' dir='ltr'>earum</span> <span class='ocrx_word' id='word_1_454' title='bbox 2334 3032 2597 3103; x_wconf 89' lang='lat' dir='ltr'>gentium</span> <span class='ocrx_word' id='word_1_455' title='bbox 2641 3031 2910 3088; x_wconf 91' lang='lat' dir='ltr'>homines</span> <span class='ocrx_word' id='word_1_456' title='bbox 2964 3033 3119 3088; x_wconf 91' lang='lat' dir='ltr'>bona</span> <span class='ocrx_word' id='word_1_457' title='bbox 3151 3049 3253 3104; x_wconf 84' lang='lat' dir='ltr'>Spe</span> <span class='ocrx_word' id='word_1_458' title='bbox 3282 3032 3536 3088; x_wconf 86' lang='lat' dir='ltr'>lactabat</span> <span class='ocrx_word' id='word_1_459' title='bbox 3593 3032 3751 3088; x_wconf 86' lang='lat' dir='ltr'>dolo-</span> 
     </span>
    </p>
   </div>
   <div class='ocr_carea' id='block_1_58' title="bbox 2105 3122 3755 3194">
    <p class='ocr_par' dir='ltr' id='par_1_58' title="bbox 2105 3122 3755 3194">
     <span class='ocr_line' id='line_1_58' title="bbox 2105 3122 3755 3194; baseline -0.001 -18"><span class='ocrx_word' id='word_1_460' title='bbox 2105 3137 2345 3193; x_wconf 88' lang='lat' dir='ltr'>remque</span> <span class='ocrx_word' id='word_1_461' title='bbox 2377 3122 2697 3194; x_wconf 87' lang='lat' dir='ltr'>mitigabat.</span> <span class='ocrx_word' id='word_1_462' title='bbox 2724 3122 2796 3179; x_wconf 90' lang='lat' dir='ltr'>Ut</span> <span class='ocrx_word' id='word_1_463' title='bbox 2825 3139 2957 3178; x_wconf 90' lang='lat' dir='ltr'>vero</span> <span class='ocrx_word' id='word_1_464' title='bbox 2987 3123 3034 3179; x_wconf 90' lang='lat' dir='ltr'>is</span> <span class='ocrx_word' id='word_1_465' title='bbox 3067 3123 3124 3178; x_wconf 91' lang='lat' dir='ltr'>in</span> <span class='ocrx_word' id='word_1_466' title='bbox 3170 3125 3344 3194; x_wconf 91' lang='lat' dir='ltr'>pedes</span> <span class='ocrx_word' id='word_1_467' title='bbox 3389 3138 3452 3179; x_wconf 90' lang='lat' dir='ltr'>se</span> <span class='ocrx_word' id='word_1_468' title='bbox 3482 3123 3755 3192; x_wconf 88' lang='lat' dir='ltr'>conjecit,</span> 
     </span>
    </p>
   </div>
   <div class='ocr_carea' id='block_1_59' title="bbox 2106 3209 3758 3283">
    <p class='ocr_par' dir='ltr' id='par_1_59' title="bbox 2106 3209 3758 3283">
     <span class='ocr_line' id='line_1_59' title="bbox 2106 3209 3758 3283; baseline -0.001 -18"><span class='ocrx_word' id='word_1_469' title='bbox 2106 3210 2359 3267; x_wconf 88' lang='lat' dir='ltr'>Isaacius</span> <span class='ocrx_word' id='word_1_470' title='bbox 2402 3209 2651 3282; x_wconf 85' lang='lat' dir='ltr'>imperio</span> <span class='ocrx_word' id='word_1_471' title='bbox 2682 3216 3016 3283; x_wconf 86' lang='lat' dir='ltr'>recuperato</span> <span class='ocrx_word' id='word_1_472' title='bbox 3062 3213 3309 3268; x_wconf 86' lang='lat' dir='ltr'>Pisanos</span> <span class='ocrx_word' id='word_1_473' title='bbox 3351 3228 3483 3267; x_wconf 90' lang='lat' dir='ltr'>cum</span> <span class='ocrx_word' id='word_1_474' title='bbox 3518 3210 3758 3267; x_wconf 86' lang='lat' dir='ltr'>Venetis</span> 
     </span>
    </p>
   </div>
   <div class='ocr_carea' id='block_1_60' title="bbox 2104 3301 3759 3374">
    <p class='ocr_par' dir='ltr' id='par_1_60' title="bbox 2104 3301 3759 3374">
     <span class='ocr_line' id='line_1_60' title="bbox 2104 3301 3759 3374; baseline 0 -18"><span class='ocrx_word' id='word_1_475' title='bbox 2104 3301 2164 3356; x_wconf 87' lang='lat' dir='ltr'>in</span> <span class='ocrx_word' id='word_1_476' title='bbox 2186 3305 2444 3357; x_wconf 84' lang='lat' dir='ltr'>nostram</span> <span class='ocrx_word' id='word_1_477' title='bbox 2473 3303 2737 3359; x_wconf 90' lang='lat' dir='ltr'>fraudem</span> <span class='ocrx_word' id='word_1_478' title='bbox 2771 3318 2986 3374; x_wconf 88' lang='lat' dir='ltr'>magna</span> <span class='ocrx_word' id='word_1_479' title='bbox 3012 3319 3147 3358; x_wconf 88' lang='lat' dir='ltr'>cum</span> <span class='ocrx_word' id='word_1_480' title='bbox 3185 3303 3514 3360; x_wconf 88' lang='lat' dir='ltr'>temeritate</span> <span class='ocrx_word' id='word_1_481' title='bbox 3563 3319 3759 3358; x_wconf 81' lang='lat' dir='ltr'>recon-</span> 
     </span>
    </p>
   </div>
   <div class='ocr_carea' id='block_1_61' title="bbox 2105 3389 3759 3464">
    <p class='ocr_par' dir='ltr' id='par_1_61' title="bbox 2105 3389 3759 3464">
     <span class='ocr_line' id='line_1_61' title="bbox 2105 3389 3759 3464; baseline 0.002 -19"><span class='ocrx_word' id='word_1_482' title='bbox 2105 3389 2284 3447; x_wconf 88' lang='lat' dir='ltr'>ciliat.</span> <span class='ocrx_word' id='word_1_483' title='bbox 2320 3391 2364 3446; x_wconf 92' lang='lat' dir='ltr'>Ii</span> <span class='ocrx_word' id='word_1_484' title='bbox 2395 3407 2525 3447; x_wconf 87' lang='lat' dir='ltr'>vero</span> <span class='ocrx_word' id='word_1_485' title='bbox 2557 3396 2809 3448; x_wconf 65' lang='lat' dir='ltr'>Peraeam</span> <span class='ocrx_word' id='word_1_486' title='bbox 2842 3391 3108 3464; x_wconf 83' lang='lat' dir='ltr'>proiecti,</span> <span class='ocrx_word' id='word_1_487' title='bbox 3145 3392 3244 3448; x_wconf 92' lang='lat' dir='ltr'>ubi</span> <span class='ocrx_word' id='word_1_488' title='bbox 3305 3392 3619 3448; x_wconf 81' lang='lat' dir='ltr'>adversarii</span> <span class='ocrx_word' id='word_1_489' title='bbox 3677 3392 3759 3448; x_wconf 92' lang='lat' dir='ltr'>di-</span> 
     </span>
    </p>
   </div>
   <div class='ocr_carea' id='block_1_62' title="bbox 2103 3480 3757 3551">
    <p class='ocr_par' dir='ltr' id='par_1_62' title="bbox 2103 3480 3757 3551">
     <span class='ocr_line' id='line_1_62' title="bbox 2103 3480 3757 3551; baseline 0 -16"><span class='ocrx_word' id='word_1_490' title='bbox 2103 3480 2506 3549; x_wconf 86' lang='lat' dir='ltr'>versabantur,</span> <span class='ocrx_word' id='word_1_491' title='bbox 2564 3489 2823 3539; x_wconf 87' lang='lat' dir='ltr'>veterum</span> <span class='ocrx_word' id='word_1_492' title='bbox 2883 3481 3258 3537; x_wconf 88' lang='lat' dir='ltr'>inimicorum</span> <span class='ocrx_word' id='word_1_493' title='bbox 3348 3481 3617 3551; x_wconf 85' lang='lat' dir='ltr'>hospitiis</span> <span class='ocrx_word' id='word_1_494' title='bbox 3699 3484 3757 3537; x_wconf 88' lang='lat' dir='ltr'>et</span> 
     </span>
    </p>
   </div>
   <div class='ocr_carea' id='block_1_63' title="bbox 349 3566 1999 3663">
    <p class='ocr_par' dir='ltr' id='par_1_63' title="bbox 349 3566 1991 3647">
     <span class='ocr_line' id='line_1_63' title="bbox 349 3566 1991 3647; baseline -0.007 -15"><span class='ocrx_word' id='word_1_495' title='bbox 349 3575 668 3644; x_wconf 87' lang='grc' dir='ltr'>Βενετίκοις,</span> <span class='ocrx_word' id='word_1_496' title='bbox 701 3575 819 3629; x_wconf 86' lang='grc' dir='ltr'>καθ’</span> <span class='ocrx_word' id='word_1_497' title='bbox 871 3576 1031 3647; x_wconf 79' lang='grc' dir='ltr'>ἡμῶν</span> <span class='ocrx_word' id='word_1_498' title='bbox 1084 3573 1172 3627; x_wconf 86' lang='grc' dir='ltr'>καὶ</span> <span class='ocrx_word' id='word_1_499' title='bbox 1223 3575 1387 3626; x_wconf 87' lang='grc' dir='ltr'>τοῦτο</span> <span class='ocrx_word' id='word_1_500' title='bbox 1436 3569 1826 3643; x_wconf 73' lang='grc' dir='ltr'>ἀσυντηρητως</span> <span class='ocrx_word' id='word_1_501' title='bbox 1873 3566 1991 3622; x_wconf 87' lang='grc' dir='ltr'>ἐπι-</span> 
     </span>
    </p>
   </div>
   <div class='ocr_carea' id='block_1_64' title="bbox 2109 3566 3757 3663">
    <p class='ocr_par' dir='ltr' id='par_1_64' title="bbox 2109 3568 3757 3639">
     <span class='ocr_line' id='line_1_64' title="bbox 2109 3568 3757 3639; baseline -0.002 -13"><span class='ocrx_word' id='word_1_502' title='bbox 2109 3570 2373 3626; x_wconf 88' lang='lat' dir='ltr'>convictu</span> <span class='ocrx_word' id='word_1_503' title='bbox 2409 3572 2551 3626; x_wconf 76' lang='lat'>73]</span> <span class='ocrx_word' id='word_1_504' title='bbox 2590 3575 2851 3639; x_wconf 90' lang='lat' dir='ltr'>utuntur,</span> <span class='ocrx_word' id='word_1_505' title='bbox 2874 3587 3106 3627; x_wconf 86' lang='lat' dir='ltr'>summa</span> <span class='ocrx_word' id='word_1_506' title='bbox 3136 3587 3269 3625; x_wconf 91' lang='lat' dir='ltr'>cum</span> <span class='ocrx_word' id='word_1_507' title='bbox 3327 3570 3413 3624; x_wconf 89' lang='lat' dir='ltr'>eis</span> <span class='ocrx_word' id='word_1_508' title='bbox 3452 3568 3757 3624; x_wconf 77' lang='lat' dir='ltr'>familiari-</span> 
     </span>
    </p>
   </div>
   <div class='ocr_carea' id='block_1_65' title="bbox 345 3655 1994 3744">
    <p class='ocr_par' dir='ltr' id='par_1_65' title="bbox 345 3655 1994 3744">
     <span class='ocr_line' id='line_1_65' title="bbox 345 3655 1994 3744; baseline -0.005 -23"><span class='ocrx_word' id='word_1_509' title='bbox 345 3666 716 3744; x_wconf 81' lang='grc' dir='ltr'>τεχνώμενος·</span> <span class='ocrx_word' id='word_1_510' title='bbox 756 3663 808 3717; x_wconf 73' lang='grc' dir='ltr'>οἳ</span> <span class='ocrx_word' id='word_1_511' title='bbox 842 3660 900 3717; x_wconf 72' lang='grc' dir='ltr'>δὲ</span> <span class='ocrx_word' id='word_1_512' title='bbox 945 3662 1083 3736; x_wconf 87' lang='grc' dir='ltr'>πρὸς</span> <span class='ocrx_word' id='word_1_513' title='bbox 1133 3661 1230 3730; x_wconf 75' lang='grc' dir='ltr'>τήν</span> <span class='ocrx_word' id='word_1_514' title='bbox 1295 3657 1524 3733; x_wconf 85' lang='grc' dir='ltr'>Ηεραίαν</span> <span class='ocrx_word' id='word_1_515' title='bbox 1577 3658 1897 3734; x_wconf 74' lang='grc' dir='ltr'>ἀπάραντες,</span> <span class='ocrx_word' id='word_1_516' title='bbox 1938 3655 1994 3712; x_wconf 77' lang='grc' dir='ltr'>ἐν</span> 
     </span>
    </p>
   </div>
   <div class='ocr_carea' id='block_1_66' title="bbox 350 3746 2002 3828">
    <p class='ocr_par' dir='ltr' id='par_1_66' title="bbox 350 3746 2002 3828">
     <span class='ocr_line' id='line_1_66' title="bbox 350 3746 2002 3828; baseline -0.006 -18"><span class='ocrx_word' id='word_1_517' title='bbox 350 3753 680 3826; x_wconf 72' lang='grc' dir='ltr'>ᾖκατέλυον</span> <span class='ocrx_word' id='word_1_518' title='bbox 720 3753 772 3808; x_wconf 76' lang='grc' dir='ltr'>οἱ</span> <span class='ocrx_word' id='word_1_519' title='bbox 813 3748 1089 3828; x_wconf 79' lang='grc' dir='ltr'>διάφοροι,</span> <span class='ocrx_word' id='word_1_520' title='bbox 1140 3747 1381 3823; x_wconf 85' lang='grc' dir='ltr'>γίνονται</span> <span class='ocrx_word' id='word_1_521' title='bbox 1440 3752 1560 3809; x_wconf 80' lang='grc' dir='ltr'>τοῖς</span> <span class='ocrx_word' id='word_1_522' title='bbox 1610 3749 1802 3821; x_wconf 83' lang='grc' dir='ltr'>πρώην</span> <span class='ocrx_word' id='word_1_523' title='bbox 1856 3746 2002 3801; x_wconf 87' lang='grc' dir='ltr'>ἀντί-</span> 
     </span>
    </p>
   </div>
   <div class='ocr_carea' id='block_1_67' title="bbox 352 3834 2006 3919">
    <p class='ocr_par' dir='ltr' id='par_1_67' title="bbox 352 3834 2006 3919">
     <span class='ocr_line' id='line_1_67' title="bbox 352 3834 2006 3919; baseline -0.007 -20"><span class='ocrx_word' id='word_1_524' title='bbox 352 3863 511 3919; x_wconf 81' lang='grc' dir='ltr'>φροσι</span> <span class='ocrx_word' id='word_1_525' title='bbox 544 3841 805 3913; x_wconf 79' lang='grc' dir='ltr'>σύσκηνοι</span> <span class='ocrx_word' id='word_1_526' title='bbox 860 3839 951 3894; x_wconf 85' lang='grc' dir='ltr'>καὶ</span> <span class='ocrx_word' id='word_1_527' title='bbox 1010 3834 1331 3912; x_wconf 87' lang='grc' dir='ltr'>ὁμόδειπνοι</span> <span class='ocrx_word' id='word_1_528' title='bbox 1385 3835 1475 3891; x_wconf 83' lang='grc' dir='ltr'>καὶ</span> <span class='ocrx_word' id='word_1_529' title='bbox 1519 3835 1585 3891; x_wconf 77' lang='grc' dir='ltr'>τὰ</span> <span class='ocrx_word' id='word_1_530' title='bbox 1641 3836 1816 3891; x_wconf 83' lang='grc' dir='ltr'>πάντα</span> <span class='ocrx_word' id='word_1_531' title='bbox 1866 3856 2006 3908; x_wconf 84' lang='grc' dir='ltr'>συμ-</span> 
     </span>
    </p>
   </div>
   <div class='ocr_carea' id='block_1_68' title="bbox 356 3921 2008 4008">
    <p class='ocr_par' dir='ltr' id='par_1_68' title="bbox 356 3921 2008 4008">
     <span class='ocr_line' id='line_1_68' title="bbox 356 3921 2008 4008; baseline -0.006 -21"><span class='ocrx_word' id='word_1_532' title='bbox 356 3937 506 4006; x_wconf 75' lang='grc' dir='ltr'>φυεῖς</span> <span class='ocrx_word' id='word_1_533' title='bbox 573 3931 660 3986; x_wconf 83' lang='grc' dir='ltr'>καί</span> <span class='ocrx_word' id='word_1_534' title='bbox 732 3928 1052 4008; x_wconf 74' lang='grc' dir='ltr'>ὁμόφρονες.</span> <span class='ocrx_word' id='word_1_535' title='bbox 1142 3922 1656 3993; x_wconf 82' lang='grc' dir='ltr'>Έννεακαιδεκάτην</span> <span class='ocrx_word' id='word_1_536' title='bbox 1728 3921 2008 4000; x_wconf 82' lang='grc' dir='ltr'>διάγοντος</span> 
     </span>
    </p>
   </div>
   <div class='ocr_carea' id='block_1_69' title="bbox 357 4011 2006 4095">
    <p class='ocr_par' dir='ltr' id='par_1_69' title="bbox 357 4011 2006 4095">
     <span class='ocr_line' id='line_1_69' title="bbox 357 4011 2006 4095; baseline -0.006 -19"><span class='ocrx_word' id='word_1_537' title='bbox 357 4026 453 4076; x_wconf 90' lang='grc' dir='ltr'>τοῦ</span> <span class='ocrx_word' id='word_1_538' title='bbox 499 4019 813 4095; x_wconf 83' lang='grc' dir='ltr'>Αὐγούστου</span> <span class='ocrx_word' id='word_1_539' title='bbox 875 4018 1065 4091; x_wconf 87' lang='grc' dir='ltr'>μηνὸς,</span> <span class='ocrx_word' id='word_1_540' title='bbox 1123 4022 1222 4085; x_wconf 79' lang='grc' dir='ltr'>τῆς</span> <span class='ocrx_word' id='word_1_541' title='bbox 1279 4013 1445 4086; x_wconf 73' lang='grc' dir='ltr'>ἕκτης</span> <span class='ocrx_word' id='word_1_542' title='bbox 1496 4011 1857 4083; x_wconf 82' lang='grc' dir='ltr'>ἶνδικτιῶνος,</span> <span class='ocrx_word' id='word_1_543' title='bbox 1908 4016 2006 4067; x_wconf 89' lang='grc' dir='ltr'>τοῦ</span> 
     </span>
    </p>
   </div>
   <div class='ocr_carea' id='block_1_70' title="bbox 361 4098 2004 4186">
    <p class='ocr_par' dir='ltr' id='par_1_70' title="bbox 361 4098 2004 4186">
     <span class='ocr_line' id='line_1_70' title="bbox 361 4098 2004 4186; baseline -0.007 -20"><span class='ocrx_word' id='word_1_544' title='bbox 361 4108 836 4186; x_wconf 73' lang='grc' dir='ltr'>ἓξακισχι)ιοστοῦ</span> <span class='ocrx_word' id='word_1_545' title='bbox 880 4107 1309 4162; x_wconf 76' lang='grc' dir='ltr'>ὲπτακοσιοστοῦ</span> <span class='ocrx_word' id='word_1_546' title='bbox 1355 4102 1444 4158; x_wconf 84' lang='grc' dir='ltr'>καὶ</span> <span class='ocrx_word' id='word_1_547' title='bbox 1493 4099 1780 4158; x_wconf 70' lang='grc' dir='ltr'>ἑνδεκάτου</span> <span class='ocrx_word' id='word_1_548' title='bbox 1830 4098 2004 4170; x_wconf 79' lang='grc' dir='ltr'>ἔτους,</span> 
     </span>
    </p>
   </div>
   <div class='ocr_carea' id='block_1_71' title="bbox 359 4188 2008 4272">
    <p class='ocr_par' dir='ltr' id='par_1_71' title="bbox 359 4188 2008 4272">
     <span class='ocr_line' id='line_1_71' title="bbox 359 4188 2008 4272; baseline -0.008 -15"><span class='ocrx_word' id='word_1_549' title='bbox 359 4203 497 4263; x_wconf 80' lang='grc' dir='ltr'>τινὲς</span> <span class='ocrx_word' id='word_1_550' title='bbox 554 4204 662 4254; x_wconf 90' lang='grc' dir='ltr'>τῶν</span> <span class='ocrx_word' id='word_1_551' title='bbox 721 4198 1079 4272; x_wconf 83' lang='grc' dir='ltr'>Φραγγίσκων</span> <span class='ocrx_word' id='word_1_552' title='bbox 1142 4194 1312 4267; x_wconf 81' lang='grc' dir='ltr'>(οὗτοι</span> <span class='ocrx_word' id='word_1_553' title='bbox 1382 4190 1438 4248; x_wconf 76' lang='grc' dir='ltr'><strong>δέ</strong></span> <span class='ocrx_word' id='word_1_554' title='bbox 1496 4190 1630 4247; x_wconf 82' lang='grc' dir='ltr'>εἰσιν</span> <span class='ocrx_word' id='word_1_555' title='bbox 1707 4192 1758 4245; x_wconf 77' lang='grc' dir='ltr'>οἱ</span> <span class='ocrx_word' id='word_1_556' title='bbox 1834 4188 2008 4245; x_wconf 81' lang='grc' dir='ltr'>πάλαι</span> 
     </span>
    </p>
   </div>
   <div class='ocr_carea' id='block_1_72' title="bbox 359 4279 2011 4364">
    <p class='ocr_par' dir='ltr' id='par_1_72' title="bbox 359 4279 2011 4364">
     <span class='ocr_line' id='line_1_72' title="bbox 359 4279 2011 4364; baseline -0.007 -19"><span class='ocrx_word' id='word_1_557' title='bbox 359 4289 672 4364; x_wconf 81' lang='grc' dir='ltr'>Φλαμίονες</span> <span class='ocrx_word' id='word_1_558' title='bbox 723 4284 1172 4358; x_wconf 74' lang='grc' dir='ltr'>κικλησκόμενοι)</span> <span class='ocrx_word' id='word_1_559' title='bbox 1225 4280 1498 4338; x_wconf 87' lang='grc' dir='ltr'>Πισσαίων</span> <span class='ocrx_word' id='word_1_560' title='bbox 1562 4280 1653 4335; x_wconf 84' lang='grc' dir='ltr'>καὶ</span> <span class='ocrx_word' id='word_1_561' title='bbox 1715 4279 2011 4336; x_wconf 87' lang='grc' dir='ltr'>Βενετίκων</span> 
     </span>
    </p>
   </div>
   <div class='ocr_carea' id='block_1_73' title="bbox 362 4367 2010 4456">
    <p class='ocr_par' dir='ltr' id='par_1_73' title="bbox 362 4367 2010 4456">
     <span class='ocr_line' id='line_1_73' title="bbox 362 4367 2010 4456; baseline -0.008 -20"><span class='ocrx_word' id='word_1_562' title='bbox 362 4386 556 4456; x_wconf 88' lang='grc' dir='ltr'>μοῖραν</span> <span class='ocrx_word' id='word_1_563' title='bbox 624 4375 1083 4455; x_wconf 77' lang='grc' dir='ltr'>προσειληφότες,</span> <span class='ocrx_word' id='word_1_564' title='bbox 1153 4373 1227 4434; x_wconf 86' lang='grc' dir='ltr'>ὡς</span> <span class='ocrx_word' id='word_1_565' title='bbox 1282 4371 1361 4427; x_wconf 75' lang='grc' dir='ltr'>εἷς</span> <span class='ocrx_word' id='word_1_566' title='bbox 1449 4368 1581 4444; x_wconf 72' lang='grc' dir='ltr'>ὄψον</span> <span class='ocrx_word' id='word_1_567' title='bbox 1635 4369 1857 4443; x_wconf 80' lang='grc' dir='ltr'>’ὲτοιμον</span> <span class='ocrx_word' id='word_1_568' title='bbox 1919 4367 2010 4424; x_wconf 88' lang='grc' dir='ltr'>καὶ</span> 
     </span>
    </p>
   </div>
   <div class='ocr_carea' id='block_1_74' title="bbox 358 4455 2010 4546">
    <p class='ocr_par' dir='ltr' id='par_1_74' title="bbox 358 4455 2010 4546">
     <span class='ocr_line' id='line_1_74' title="bbox 358 4455 2010 4546; baseline -0.009 -20"><span class='ocrx_word' id='word_1_569' title='bbox 358 4455 790 4546; x_wconf 76' lang='grc' dir='ltr'>προχειρότατον</span> <span class='ocrx_word' id='word_1_570' title='bbox 817 4462 1044 4541; x_wconf 73' lang='grc' dir='ltr'>ἕρμαιον</span> <span class='ocrx_word' id='word_1_571' title='bbox 1077 4464 1145 4518; x_wconf 78' lang='grc' dir='ltr'>τὰ</span> <span class='ocrx_word' id='word_1_572' title='bbox 1187 4465 1297 4517; x_wconf 86' lang='grc' dir='ltr'>τῶν</span> <span class='ocrx_word' id='word_1_573' title='bbox 1348 4463 1683 4535; x_wconf 83' lang='grc' dir='ltr'>Σαρακηνῶν</span> <span class='ocrx_word' id='word_1_574' title='bbox 1735 4455 2010 4513; x_wconf 76' lang='grc' dir='ltr'>διαπλωί-</span> 
     </span>
    </p>
   </div>
   <div class='ocr_carea' id='block_1_75' title="bbox 364 4548 2016 4637">
    <p class='ocr_par' dir='ltr' id='par_1_75' title="bbox 364 4548 2016 4637">
     <span class='ocr_line' id='line_1_75' title="bbox 364 4548 2016 4637; baseline -0.008 -21"><span class='ocrx_word' id='word_1_575' title='bbox 364 4566 542 4631; x_wconf 87' lang='grc' dir='ltr'>ζονται</span> <span class='ocrx_word' id='word_1_576' title='bbox 572 4559 859 4637; x_wconf 64' lang='grc' dir='ltr'>χρήματα,</span> <span class='ocrx_word' id='word_1_577' title='bbox 895 4556 992 4609; x_wconf 82' lang='grc' dir='ltr'>Καὶ</span> <span class='ocrx_word' id='word_1_578' title='bbox 1025 4551 1092 4621; x_wconf 83' lang='grc' dir='ltr'><strong>δὴ</strong></span> <span class='ocrx_word' id='word_1_579' title='bbox 1143 4552 1205 4607; x_wconf 89' lang='grc' dir='ltr'>τὸ</span> <span class='ocrx_word' id='word_1_580' title='bbox 1259 4550 1540 4624; x_wconf 86' lang='grc' dir='ltr'>σύνταγμα</span> <span class='ocrx_word' id='word_1_581' title='bbox 1580 4548 1752 4604; x_wconf 82' lang='grc' dir='ltr'>ἐκεῖνο</span> <span class='ocrx_word' id='word_1_582' title='bbox 1799 4549 1861 4603; x_wconf 88' lang='grc' dir='ltr'>τὸ</span> <span class='ocrx_word' id='word_1_583' title='bbox 1909 4568 2016 4603; x_wconf 89' lang='grc' dir='ltr'>πο-</span> 
     </span>
    </p>
   </div>
   <div class='ocr_carea' id='block_1_76' title="bbox 362 4634 2013 4725">
    <p class='ocr_par' dir='ltr' id='par_1_76' title="bbox 362 4634 2013 4725">
     <span class='ocr_line' id='line_1_76' title="bbox 362 4634 2013 4725; baseline -0.01 -19"><span class='ocrx_word' id='word_1_584' title='bbox 362 4651 528 4725; x_wconf 82' lang='grc' dir='ltr'>νηρὸν</span> <span class='ocrx_word' id='word_1_585' title='bbox 658 4646 818 4702; x_wconf 86' lang='grc' dir='ltr'>πόλει</span> <span class='ocrx_word' id='word_1_586' title='bbox 850 4642 1127 4719; x_wconf 78' lang='grc' dir='ltr'>προσσχὸν</span> <span class='ocrx_word' id='word_1_587' title='bbox 1180 4639 1248 4695; x_wconf 88' lang='grc' dir='ltr'>δι’</span> <span class='ocrx_word' id='word_1_588' title='bbox 1296 4636 1539 4695; x_wconf 74' lang='grc' dir='ltr'>ἁλιάδων</span> <span class='ocrx_word' id='word_1_589' title='bbox 1597 4634 1745 4710; x_wconf 68' lang='grc' dir='ltr'>(οὐδὲ</span> <span class='ocrx_word' id='word_1_590' title='bbox 1792 4637 1895 4712; x_wconf 79' lang='grc' dir='ltr'>γὰρ</span> <span class='ocrx_word' id='word_1_591' title='bbox 1946 4637 2013 4706; x_wconf 75' lang='grc' dir='ltr'>ἦν</span> 
     </span>
    </p>
   </div>
   <div class='ocr_carea' id='block_1_77' title="bbox 364 4724 2019 4809">
    <p class='ocr_par' dir='ltr' id='par_1_77' title="bbox 364 4724 2019 4809">
     <span class='ocr_line' id='line_1_77' title="bbox 364 4724 2019 4809; baseline -0.008 -14"><span class='ocrx_word' id='word_1_592' title='bbox 364 4724 447 4802; x_wconf 89' lang='grc' dir='ltr'>τις</span> <span class='ocrx_word' id='word_1_593' title='bbox 482 4740 510 4793; x_wconf 86' lang='grc' dir='ltr'>ὁ</span> <span class='ocrx_word' id='word_1_594' title='bbox 555 4733 985 4809; x_wconf 79' lang='grc' dir='ltr'>προσιστάμενος</span> <span class='ocrx_word' id='word_1_595' title='bbox 1034 4731 1181 4793; x_wconf 83' lang='grc' dir='ltr'>’ὀλως</span> <span class='ocrx_word' id='word_1_596' title='bbox 1236 4727 1519 4785; x_wconf 78' lang='grc' dir='ltr'>ὲπιπλὲσιν</span> <span class='ocrx_word' id='word_1_597' title='bbox 1569 4731 1705 4805; x_wconf 80' lang='grc' dir='ltr'>σφᾶς</span> <span class='ocrx_word' id='word_1_598' title='bbox 1756 4730 1825 4801; x_wconf 78' lang='grc' dir='ltr'>τῇ</span> <span class='ocrx_word' id='word_1_599' title='bbox 1856 4724 2019 4783; x_wconf 87' lang='grc' dir='ltr'>πόλει</span> 
     </span>
    </p>
   </div>
   <div class='ocr_carea' id='block_1_78' title="bbox 360 4816 2021 4899">
    <p class='ocr_par' dir='ltr' id='par_1_78' title="bbox 360 4816 2021 4899">
     <span class='ocr_line' id='line_1_78' title="bbox 360 4816 2021 4899; baseline -0.007 -16"><span class='ocrx_word' id='word_1_600' title='bbox 360 4830 449 4883; x_wconf 77' lang='grc' dir='ltr'>καὶ</span> <span class='ocrx_word' id='word_1_601' title='bbox 488 4828 639 4888; x_wconf 78' lang='grc' dir='ltr'>αὖθις</span> <span class='ocrx_word' id='word_1_602' title='bbox 688 4823 989 4899; x_wconf 83' lang='grc' dir='ltr'>ἀνάγεσθαι)</span> <span class='ocrx_word' id='word_1_603' title='bbox 1049 4824 1127 4891; x_wconf 79' lang='grc' dir='ltr'>τῷ</span> <span class='ocrx_word' id='word_1_604' title='bbox 1184 4823 1291 4873; x_wconf 89' lang='grc' dir='ltr'>τῶν</span> <span class='ocrx_word' id='word_1_605' title='bbox 1348 4817 1397 4888; x_wconf 79' lang='grc' dir='ltr'>ἐξ</span> <span class='ocrx_word' id='word_1_606' title='bbox 1455 4822 1634 4893; x_wconf 72' lang='grc' dir='ltr'>’Ἅγαρ</span> <span class='ocrx_word' id='word_1_607' title='bbox 1696 4816 2021 4893; x_wconf 85' lang='grc' dir='ltr'>συναγωγίῳ</span> 
     </span>
    </p>
   </div>
   <div class='ocr_carea' id='block_1_79' title="bbox 363 4903 2012 4993">
    <p class='ocr_par' dir='ltr' id='par_1_79' title="bbox 363 4903 2012 4993">
     <span class='ocr_line' id='line_1_79' title="bbox 363 4903 2012 4993; baseline -0.008 -20"><span class='ocrx_word' id='word_1_608' title='bbox 363 4916 544 4993; x_wconf 82' lang='grc' dir='ltr'>λάθρα</span> <span class='ocrx_word' id='word_1_609' title='bbox 599 4912 1064 4980; x_wconf 82' lang='grc' dir='ltr'>ἐπεισπίπτουσιν,</span> <span class='ocrx_word' id='word_1_610' title='bbox 1116 4912 1144 4964; x_wconf 86' lang='grc' dir='ltr'>δ</span> <span class='ocrx_word' id='word_1_611' title='bbox 1193 4930 1325 4986; x_wconf 70' lang='grc' dir='ltr'>φησι</span> <span class='ocrx_word' id='word_1_612' title='bbox 1386 4906 1704 4993; x_wconf 11' lang='grc' dir='ltr'>Μιτάτοννὴ</span> <span class='ocrx_word' id='word_1_613' title='bbox 1742 4903 2012 4979; x_wconf 84' lang='grc' dir='ltr'>δημώδης</span> 
     </span>
    </p>
   </div>
   <div class='ocr_carea' id='block_1_80' title="bbox 353 4992 2011 5085">
    <p class='ocr_par' dir='ltr' id='par_1_80' title="bbox 353 4992 2011 5085">
     <span class='ocr_line' id='line_1_80' title="bbox 353 4992 2011 5085; baseline -0.005 -23"><span class='ocrx_word' id='word_1_614' title='bbox 353 4992 678 5085; x_wconf 66' lang='grc' dir='ltr'>⁸διάλεκτος,</span> <span class='ocrx_word' id='word_1_615' title='bbox 726 4999 816 5057; x_wconf 74' lang='grc' dir='ltr'>καί</span> <span class='ocrx_word' id='word_1_616' title='bbox 862 5001 929 5056; x_wconf 85' lang='grc' dir='ltr'>τὰ</span> <span class='ocrx_word' id='word_1_617' title='bbox 975 4999 1160 5055; x_wconf 76' lang='grc' dir='ltr'>ἐνόντα</span> <span class='ocrx_word' id='word_1_618' title='bbox 1221 4996 1356 5070; x_wconf 78' lang='grc' dir='ltr'>μετᾶ</span> <span class='ocrx_word' id='word_1_619' title='bbox 1404 4995 1589 5075; x_wconf 75' lang='grc' dir='ltr'>ξίφους</span> <span class='ocrx_word' id='word_1_620' title='bbox 1640 4992 2011 5066; x_wconf 76' lang='grc' dir='ltr'>λῃστεύουσιν.</span> 
     </span>
    </p>
   </div>
   <div class='ocr_carea' id='block_1_81' title="bbox 370 5080 2016 5162">
    <p class='ocr_par' dir='ltr' id='par_1_81' title="bbox 370 5080 2016 5162">
     <span class='ocr_line' id='line_1_81' title="bbox 370 5080 2016 5162; baseline -0.007 -12"><span class='ocrx_word' id='word_1_621' title='bbox 370 5104 440 5157; x_wconf 84' lang='grc' dir='ltr'>Ως</span> <span class='ocrx_word' id='word_1_622' title='bbox 497 5093 543 5150; x_wconf 77' lang='grc' dir='ltr'>δ’</span> <span class='ocrx_word' id='word_1_623' title='bbox 600 5093 743 5149; x_wconf 71' lang='grc' dir='ltr'>οὕτω</span> <span class='ocrx_word' id='word_1_624' title='bbox 808 5092 976 5145; x_wconf 89' lang='grc' dir='ltr'>ταῦτα</span> <span class='ocrx_word' id='word_1_625' title='bbox 1035 5084 1371 5162; x_wconf 88' lang='grc' dir='ltr'>παραλόγως</span> <span class='ocrx_word' id='word_1_626' title='bbox 1436 5084 1527 5140; x_wconf 83' lang='grc' dir='ltr'>καὶ</span> <span class='ocrx_word' id='word_1_627' title='bbox 1598 5084 1729 5159; x_wconf 76' lang='grc' dir='ltr'>ὑπὲρ</span> <span class='ocrx_word' id='word_1_628' title='bbox 1788 5080 2016 5155; x_wconf 88' lang='grc' dir='ltr'>δόκησιν</span> 
     </span>
    </p>
   </div>
   <div class='ocr_carea' id='block_1_82' title="bbox 357 5172 2013 5256">
    <p class='ocr_par' dir='ltr' id='par_1_82' title="bbox 357 5172 2013 5256">
     <span class='ocr_line' id='line_1_82' title="bbox 357 5172 2013 5256; baseline -0.008 -16"><span class='ocrx_word' id='word_1_629' title='bbox 357 5188 531 5239; x_wconf 80' lang='grc' dir='ltr'>πᾶσαν</span> <span class='ocrx_word' id='word_1_630' title='bbox 562 5184 960 5256; x_wconf 83' lang='grc' dir='ltr'>παρηνομεῖτο,</span> <span class='ocrx_word' id='word_1_631' title='bbox 1003 5174 1280 5249; x_wconf 76' lang='grc' dir='ltr'>ἠμύνοντο</span> <span class='ocrx_word' id='word_1_632' title='bbox 1345 5175 1439 5249; x_wconf 76' lang='grc' dir='ltr'>μὲν</span> <span class='ocrx_word' id='word_1_633' title='bbox 1481 5172 1676 5236; x_wconf 78' lang='grc' dir='ltr'>αὐτοὺς</span> <span class='ocrx_word' id='word_1_634' title='bbox 1730 5174 1781 5227; x_wconf 79' lang='lat' dir='ltr'>oi.</span> <span class='ocrx_word' id='word_1_635' title='bbox 1830 5180 2013 5247; x_wconf 83' lang='grc' dir='ltr'>Σαρα-</span> 
     </span>
    </p>
   </div>
   <div class='ocr_carea' id='block_1_83' title="bbox 357 5260 2015 5345">
    <p class='ocr_par' dir='ltr' id='par_1_83' title="bbox 357 5260 2015 5345">
     <span class='ocr_line' id='line_1_83' title="bbox 357 5260 2015 5345; baseline -0.007 -18"><span class='ocrx_word' id='word_1_636' title='bbox 357 5275 518 5343; x_wconf 84' lang='grc' dir='ltr'>κηνοὶ</span> <span class='ocrx_word' id='word_1_637' title='bbox 574 5274 671 5334; x_wconf 77' lang='grc' dir='ltr'>τὰς</span> <span class='ocrx_word' id='word_1_638' title='bbox 727 5275 918 5345; x_wconf 85' lang='grc' dir='ltr'>χεῖρας</span> <span class='ocrx_word' id='word_1_639' title='bbox 985 5270 1102 5328; x_wconf 80' lang='grc' dir='ltr'>τοῖς</span> <span class='ocrx_word' id='word_1_640' title='bbox 1180 5266 1591 5340; x_wconf 77' lang='grc' dir='ltr'>παρατυχοῦσιν</span> <span class='ocrx_word' id='word_1_641' title='bbox 1672 5260 2015 5331; x_wconf 88' lang='grc' dir='ltr'>ὁπλίσαντες,</span> 
     </span>
    </p>
   </div>
   <div class='ocr_carea' id='block_1_84' title="bbox 360 5352 2014 5432">
    <p class='ocr_par' dir='ltr' id='par_1_84' title="bbox 360 5352 2014 5432">
     <span class='ocr_line' id='line_1_84' title="bbox 360 5352 2014 5432; baseline -0.008 -14"><span class='ocrx_word' id='word_1_642' title='bbox 360 5359 723 5432; x_wconf 79' lang='grc' dir='ltr'>ἐπιϐοηθοῦσι</span> <span class='ocrx_word' id='word_1_643' title='bbox 777 5355 833 5413; x_wconf 73' lang='grc' dir='ltr'>δὲ</span> <span class='ocrx_word' id='word_1_644' title='bbox 880 5359 969 5411; x_wconf 90' lang='grc' dir='ltr'><strong>καί</strong></span> <span class='ocrx_word' id='word_1_645' title='bbox 1026 5357 1315 5427; x_wconf 82' lang='grc' dir='ltr'>Ῥωμαῖοι,</span> <span class='ocrx_word' id='word_1_646' title='bbox 1374 5352 1521 5426; x_wconf 81' lang='grc' dir='ltr'>παρὰ</span> <span class='ocrx_word' id='word_1_647' title='bbox 1562 5358 1663 5419; x_wconf 81' lang='grc' dir='ltr'>τῆς</span> <span class='ocrx_word' id='word_1_648' title='bbox 1703 5354 1800 5405; x_wconf 83' lang='grc' dir='ltr'>τοῦ</span> <span class='ocrx_word' id='word_1_649' title='bbox 1846 5354 2014 5405; x_wconf 86' lang='grc' dir='ltr'>κακοῦ</span> 
     </span>
    </p>
   </div>
   <div class='ocr_carea' id='block_1_85' title="bbox 358 5439 2010 5527">
    <p class='ocr_par' dir='ltr' id='par_1_85' title="bbox 358 5439 2010 5527">
     <span class='ocr_line' id='line_1_85' title="bbox 358 5439 2010 5527; baseline -0.007 -20"><span class='ocrx_word' id='word_1_650' title='bbox 358 5454 552 5527; x_wconf 77' lang='grc' dir='ltr'>φήμης</span> <span class='ocrx_word' id='word_1_651' title='bbox 590 5450 763 5505; x_wconf 80' lang='grc' dir='ltr'>ἐκεῖσε</span> <span class='ocrx_word' id='word_1_652' title='bbox 785 5445 1195 5517; x_wconf 78' lang='grc' dir='ltr'>συνηλισμένοι·</span> <span class='ocrx_word' id='word_1_653' title='bbox 1229 5445 1377 5517; x_wconf 76' lang='grc'>[356]</span> <span class='ocrx_word' id='word_1_654' title='bbox 1398 5441 1502 5499; x_wconf 82' lang='grc' dir='ltr'>Καὶ</span> <span class='ocrx_word' id='word_1_655' title='bbox 1526 5440 1723 5496; x_wconf 73' lang='grc' dir='ltr'>οὔκουν</span> <span class='ocrx_word' id='word_1_656' title='bbox 1757 5439 1851 5513; x_wconf 75' lang='grc' dir='ltr'>μὲν</span> <span class='ocrx_word' id='word_1_657' title='bbox 1874 5440 2010 5495; x_wconf 80' lang='grc' dir='ltr'>ἅπαν</span> 
     </span>
    </p>
   </div>
   <div class='ocr_carea' id='block_1_86' title="bbox 357 5528 2010 5607">
    <p class='ocr_par' dir='ltr' id='par_1_86' title="bbox 357 5528 2010 5607">
     <span class='ocr_line' id='line_1_86' title="bbox 357 5528 2010 5607; baseline -0.009 -9"><span class='ocrx_word' id='word_1_658' title='bbox 357 5541 557 5597; x_wconf 88' lang='grc' dir='ltr'>ὁπόσον</span> <span class='ocrx_word' id='word_1_659' title='bbox 584 5538 677 5595; x_wconf 85' lang='grc' dir='ltr'>καὶ</span> <span class='ocrx_word' id='word_1_660' title='bbox 727 5533 835 5592; x_wconf 82' lang='grc' dir='ltr'>ἔδει</span> <span class='ocrx_word' id='word_1_661' title='bbox 891 5535 1214 5606; x_wconf 76' lang='grc' dir='ltr'>κατήνυσαν,</span> <span class='ocrx_word' id='word_1_662' title='bbox 1263 5530 1352 5587; x_wconf 69' lang='grc' dir='ltr'>ἐπὶ</span> <span class='ocrx_word' id='word_1_663' title='bbox 1403 5528 1461 5587; x_wconf 76' lang='grc' dir='ltr'>δὲ</span> <span class='ocrx_word' id='word_1_664' title='bbox 1519 5530 1703 5607; x_wconf 86' lang='grc' dir='ltr'>βραχὺ</span> <span class='ocrx_word' id='word_1_665' title='bbox 1758 5534 1857 5599; x_wconf 84' lang='grc' dir='ltr'>τῆς</span> <span class='ocrx_word' id='word_1_666' title='bbox 1903 5532 2010 5584; x_wconf 90' lang='grc' dir='ltr'>τῶν</span> 
     </span>
    </p>
   </div>
   <div class='ocr_carea' id='block_1_87' title="bbox 356 5616 2011 5707">
    <p class='ocr_par' dir='ltr' id='par_1_87' title="bbox 356 5616 2011 5707">
     <span class='ocr_line' id='line_1_87' title="bbox 356 5616 2011 5707; baseline -0.008 -22"><span class='ocrx_word' id='word_1_667' title='bbox 356 5627 565 5707; x_wconf 85' lang='grc' dir='ltr'>ἀνδρῶν</span> <span class='ocrx_word' id='word_1_668' title='bbox 622 5622 843 5682; x_wconf 78' lang='grc' dir='ltr'>ἐκείνων</span> <span class='ocrx_word' id='word_1_669' title='bbox 893 5620 1207 5697; x_wconf 84' lang='grc' dir='ltr'>ὁμαιχμίας</span> <span class='ocrx_word' id='word_1_670' title='bbox 1258 5619 1613 5695; x_wconf 85' lang='grc' dir='ltr'>ἀναχώρησις</span> <span class='ocrx_word' id='word_1_671' title='bbox 1668 5616 1891 5691; x_wconf 84' lang='grc' dir='ltr'>γίνεται.</span> <span class='ocrx_word' id='word_1_672' title='bbox 1944 5618 2011 5676; x_wconf 75' lang='grc' dir='ltr'>Οἱ</span> 
     </span>
    </p>
   </div>
   <div class='ocr_carea' id='block_1_88' title="bbox 2108 3658 3759 3732">
    <p class='ocr_par' dir='ltr' id='par_1_88' title="bbox 2108 3658 3759 3732">
     <span class='ocr_line' id='line_1_88' title="bbox 2108 3658 3759 3732; baseline -0.001 -18"><span class='ocrx_word' id='word_1_673' title='bbox 2108 3662 2226 3714; x_wconf 87' lang='lat' dir='ltr'>tate</span> <span class='ocrx_word' id='word_1_674' title='bbox 2258 3658 2422 3727; x_wconf 87' lang='lat' dir='ltr'>inita,</span> <span class='ocrx_word' id='word_1_675' title='bbox 2458 3660 2681 3716; x_wconf 88' lang='lat' dir='ltr'>mensis</span> <span class='ocrx_word' id='word_1_676' title='bbox 2705 3660 2957 3732; x_wconf 84' lang='lat' dir='ltr'>Augusti</span> <span class='ocrx_word' id='word_1_677' title='bbox 2989 3661 3081 3716; x_wconf 89' lang='lat' dir='ltr'>die</span> <span class='ocrx_word' id='word_1_678' title='bbox 3112 3659 3345 3715; x_wconf 87' lang='lat' dir='ltr'>decima</span> <span class='ocrx_word' id='word_1_679' title='bbox 3377 3675 3550 3726; x_wconf 87' lang='lat' dir='ltr'>nona,</span> <span class='ocrx_word' id='word_1_680' title='bbox 3593 3662 3759 3714; x_wconf 82' lang='lat' dir='ltr'>sexta</span> 
     </span>
    </p>
   </div>
   <div class='ocr_carea' id='block_1_89' title="bbox 2108 3745 3757 3815">
    <p class='ocr_par' dir='ltr' id='par_1_89' title="bbox 2108 3745 3757 3815">
     <span class='ocr_line' id='line_1_89' title="bbox 2108 3745 3757 3815; baseline -0.001 -13"><span class='ocrx_word' id='word_1_681' title='bbox 2108 3748 2448 3815; x_wconf 84' lang='lat' dir='ltr'>indictione,</span> <span class='ocrx_word' id='word_1_682' title='bbox 2481 3748 2617 3805; x_wconf 89' lang='lat' dir='ltr'>anni</span> <span class='ocrx_word' id='word_1_683' title='bbox 2672 3750 2836 3805; x_wconf 85' lang='grc'>6711.</span> <span class='ocrx_word' id='word_1_684' title='bbox 2885 3748 3131 3812; x_wconf 86' lang='lat' dir='ltr'>Quidam</span> <span class='ocrx_word' id='word_1_685' title='bbox 3191 3764 3320 3804; x_wconf 80' lang='lat' dir='ltr'>vero</span> <span class='ocrx_word' id='word_1_686' title='bbox 3377 3764 3443 3802; x_wconf 83' lang='lat' dir='ltr'>ex</span> <span class='ocrx_word' id='word_1_687' title='bbox 3500 3745 3757 3814; x_wconf 82' lang='lat' dir='ltr'>Francis,</span> 
     </span>
    </p>
   </div>
   <div class='ocr_carea' id='block_1_90' title="bbox 2110 3836 3757 3909">
    <p class='ocr_par' dir='ltr' id='par_1_90' title="bbox 2110 3836 3757 3909">
     <span class='ocr_line' id='line_1_90' title="bbox 2110 3836 3757 3909; baseline -0.001 -18"><span class='ocrx_word' id='word_1_688' title='bbox 2110 3838 2210 3909; x_wconf 91' lang='lat' dir='ltr'>qui</span> <span class='ocrx_word' id='word_1_689' title='bbox 2241 3836 2379 3892; x_wconf 91' lang='lat' dir='ltr'>olim</span> <span class='ocrx_word' id='word_1_690' title='bbox 2413 3836 2682 3893; x_wconf 87' lang='lat' dir='ltr'>Flaminii</span> <span class='ocrx_word' id='word_1_691' title='bbox 2713 3839 3093 3904; x_wconf 88' lang='lat' dir='ltr'>vocabantur,</span> <span class='ocrx_word' id='word_1_692' title='bbox 3126 3838 3468 3893; x_wconf 87' lang='lat' dir='ltr'>Pisanorum</span> <span class='ocrx_word' id='word_1_693' title='bbox 3501 3841 3559 3892; x_wconf 91' lang='lat' dir='ltr'>et</span> <span class='ocrx_word' id='word_1_694' title='bbox 3588 3837 3757 3891; x_wconf 90' lang='lat' dir='ltr'>Vene-</span> 
     </span>
    </p>
   </div>
   <div class='ocr_carea' id='block_1_91' title="bbox 2112 3925 3756 3997">
    <p class='ocr_par' dir='ltr' id='par_1_91' title="bbox 2112 3925 3756 3997">
     <span class='ocr_line' id='line_1_91' title="bbox 2112 3925 3756 3997; baseline -0.001 -17"><span class='ocrx_word' id='word_1_695' title='bbox 2112 3934 2300 3980; x_wconf 89' lang='lat' dir='ltr'>torum</span> <span class='ocrx_word' id='word_1_696' title='bbox 2334 3925 2568 3981; x_wconf 81' lang='lat' dir='ltr'>cohorte</span> <span class='ocrx_word' id='word_1_697' title='bbox 2624 3929 2952 3997; x_wconf 87' lang='lat' dir='ltr'>assumpta,</span> <span class='ocrx_word' id='word_1_698' title='bbox 2985 3926 3057 3981; x_wconf 93' lang='lat' dir='ltr'>ad</span> <span class='ocrx_word' id='word_1_699' title='bbox 3098 3926 3456 3996; x_wconf 89' lang='lat' dir='ltr'>diripiendas</span> <span class='ocrx_word' id='word_1_700' title='bbox 3486 3929 3756 3980; x_wconf 84' lang='lat' dir='ltr'>Sarrace-</span> 
     </span>
    </p>
   </div>
   <div class='ocr_carea' id='block_1_92' title="bbox 2114 4013 3755 4086">
    <p class='ocr_par' dir='ltr' id='par_1_92' title="bbox 2114 4013 3755 4086">
     <span class='ocr_line' id='line_1_92' title="bbox 2114 4013 3755 4086; baseline -0.002 -16"><span class='ocrx_word' id='word_1_701' title='bbox 2114 4031 2320 4070; x_wconf 86' lang='lat' dir='ltr'>norum</span> <span class='ocrx_word' id='word_1_702' title='bbox 2366 4013 2672 4070; x_wconf 82' lang='lat' dir='ltr'>facultates</span> <span class='ocrx_word' id='word_1_703' title='bbox 2727 4020 3005 4085; x_wconf 87' lang='lat' dir='ltr'>tanquam</span> <span class='ocrx_word' id='word_1_704' title='bbox 3056 4015 3126 4070; x_wconf 89' lang='lat' dir='ltr'>ad</span> <span class='ocrx_word' id='word_1_705' title='bbox 3189 4024 3451 4086; x_wconf 78' lang='lat' dir='ltr'>paratam</span> <span class='ocrx_word' id='word_1_706' title='bbox 3502 4014 3755 4085; x_wconf 66' lang='lat' dir='ltr'>prmdam</span> 
     </span>
    </p>
   </div>
   <div class='ocr_carea' id='block_1_93' title="bbox 2112 4092 3760 4175">
    <p class='ocr_par' dir='ltr' id='par_1_93' title="bbox 2112 4092 3760 4175">
     <span class='ocr_line' id='line_1_93' title="bbox 2112 4092 3760 4175; baseline -0.001 -16"><span class='ocrx_word' id='word_1_707' title='bbox 2112 4104 2436 4175; x_wconf 81' lang='lat' dir='ltr'>trajiciunt.</span> <span class='ocrx_word' id='word_1_708' title='bbox 2497 4104 2577 4160; x_wconf 90' lang='lat' dir='ltr'>Ea</span> <span class='ocrx_word' id='word_1_709' title='bbox 2660 4104 2942 4160; x_wconf 87' lang='lat' dir='ltr'>scelerata</span> <span class='ocrx_word' id='word_1_710' title='bbox 3000 4105 3170 4161; x_wconf 88' lang='lat' dir='ltr'>factio</span> <span class='ocrx_word' id='word_1_711' title='bbox 3232 4092 3373 4160; x_wconf 19' lang='lat' dir='ltr'>cum.</span> <span class='ocrx_word' id='word_1_712' title='bbox 3424 4105 3495 4160; x_wconf 87' lang='lat' dir='ltr'>ad</span> <span class='ocrx_word' id='word_1_713' title='bbox 3553 4104 3760 4159; x_wconf 86' lang='lat' dir='ltr'>urbem</span> 
     </span>
    </p>
   </div>
   <div class='ocr_carea' id='block_1_94' title="bbox 2114 4193 3761 4266">
    <p class='ocr_par' dir='ltr' id='par_1_94' title="bbox 2114 4193 3761 4266">
     <span class='ocr_line' id='line_1_94' title="bbox 2114 4193 3761 4266; baseline 0 -17"><span class='ocrx_word' id='word_1_714' title='bbox 2114 4193 2442 4266; x_wconf 83' lang='lat' dir='ltr'>appulisset</span> <span class='ocrx_word' id='word_1_715' title='bbox 2476 4194 2689 4265; x_wconf 86' lang='lat' dir='ltr'>(neque</span> <span class='ocrx_word' id='word_1_716' title='bbox 2720 4194 2874 4250; x_wconf 89' lang='lat' dir='ltr'>enim</span> <span class='ocrx_word' id='word_1_717' title='bbox 2909 4196 3220 4266; x_wconf 87' lang='lat' dir='ltr'>quisquam</span> <span class='ocrx_word' id='word_1_718' title='bbox 3250 4200 3372 4250; x_wconf 86' lang='lat' dir='ltr'>erat</span> <span class='ocrx_word' id='word_1_719' title='bbox 3402 4195 3501 4266; x_wconf 92' lang='lat' dir='ltr'>qui</span> <span class='ocrx_word' id='word_1_720' title='bbox 3561 4210 3761 4251; x_wconf 85' lang='lat' dir='ltr'>eorum</span> 
     </span>
    </p>
   </div>
   <div class='ocr_carea' id='block_1_95' title="bbox 2115 4282 3760 4357">
    <p class='ocr_par' dir='ltr' id='par_1_95' title="bbox 2115 4282 3760 4357">
     <span class='ocr_line' id='line_1_95' title="bbox 2115 4282 3760 4357; baseline -0.001 -17"><span class='ocrx_word' id='word_1_721' title='bbox 2115 4282 2202 4340; x_wconf 86' lang='lat' dir='ltr'>vel</span> <span class='ocrx_word' id='word_1_722' title='bbox 2235 4300 2534 4339; x_wconf 85' lang='lat' dir='ltr'>accessum</span> <span class='ocrx_word' id='word_1_723' title='bbox 2568 4282 2653 4339; x_wconf 87' lang='lat' dir='ltr'>vel</span> <span class='ocrx_word' id='word_1_724' title='bbox 2680 4299 2968 4339; x_wconf 89' lang='lat' dir='ltr'>recessum</span> <span class='ocrx_word' id='word_1_725' title='bbox 2998 4283 3347 4357; x_wconf 89' lang='lat' dir='ltr'>impediret),</span> <span class='ocrx_word' id='word_1_726' title='bbox 3383 4286 3440 4340; x_wconf 91' lang='lat' dir='ltr'>in</span> <span class='ocrx_word' id='word_1_727' title='bbox 3491 4287 3760 4341; x_wconf 71' lang='lat' dir='ltr'>Sarrace-</span> 
     </span>
    </p>
   </div>
   <div class='ocr_carea' id='block_1_96' title="bbox 2120 4374 3758 4445">
    <p class='ocr_par' dir='ltr' id='par_1_96' title="bbox 2120 4374 3758 4445">
     <span class='ocr_line' id='line_1_96' title="bbox 2120 4374 3758 4445; baseline -0.002 -16"><span class='ocrx_word' id='word_1_728' title='bbox 2120 4389 2327 4429; x_wconf 84' lang='lat' dir='ltr'>norum</span> <span class='ocrx_word' id='word_1_729' title='bbox 2359 4389 2738 4445; x_wconf 85' lang='lat' dir='ltr'>synagogam,</span> <span class='ocrx_word' id='word_1_730' title='bbox 2765 4388 2942 4444; x_wconf 88' lang='lat' dir='ltr'>quam</span> <span class='ocrx_word' id='word_1_731' title='bbox 2982 4374 3157 4445; x_wconf 87' lang='lat' dir='ltr'>vulgo</span> <span class='ocrx_word' id='word_1_732' title='bbox 3215 4375 3483 4430; x_wconf 82' lang='lat' dir='ltr'>Mitatum</span> <span class='ocrx_word' id='word_1_733' title='bbox 3538 4374 3758 4441; x_wconf 88' lang='lat' dir='ltr'>dicunt,</span> 
     </span>
    </p>
   </div>
   <div class='ocr_carea' id='block_1_97' title="bbox 2121 4463 3760 4536">
    <p class='ocr_par' dir='ltr' id='par_1_97' title="bbox 2121 4463 3760 4536">
     <span class='ocr_line' id='line_1_97' title="bbox 2121 4463 3760 4536; baseline 0 -18"><span class='ocrx_word' id='word_1_734' title='bbox 2121 4464 2458 4534; x_wconf 88' lang='lat' dir='ltr'>irrumpunt</span> <span class='ocrx_word' id='word_1_735' title='bbox 2487 4471 2538 4520; x_wconf 90' lang='lat' dir='ltr'>et</span> <span class='ocrx_word' id='word_1_736' title='bbox 2565 4479 2662 4535; x_wconf 85' lang='lat' dir='ltr'>per</span> <span class='ocrx_word' id='word_1_737' title='bbox 2695 4463 2808 4518; x_wconf 83' lang='lat' dir='ltr'>vim</span> <span class='ocrx_word' id='word_1_738' title='bbox 2835 4463 3031 4519; x_wconf 86' lang='lat' dir='ltr'>omnia</span> <span class='ocrx_word' id='word_1_739' title='bbox 3062 4464 3368 4536; x_wconf 87' lang='lat' dir='ltr'>diripiunt.</span> <span class='ocrx_word' id='word_1_740' title='bbox 3406 4469 3542 4519; x_wconf 87' lang='lat' dir='ltr'>Eam</span> <span class='ocrx_word' id='word_1_741' title='bbox 3601 4464 3760 4519; x_wconf 83' lang='lat' dir='ltr'>inex-</span> 
     </span>
    </p>
   </div>
   <div class='ocr_carea' id='block_1_98' title="bbox 2122 4550 3762 4623">
    <p class='ocr_par' dir='ltr' id='par_1_98' title="bbox 2122 4550 3762 4623">
     <span class='ocr_line' id='line_1_98' title="bbox 2122 4550 3762 4623; baseline 0 -17"><span class='ocrx_word' id='word_1_742' title='bbox 2122 4555 2444 4623; x_wconf 89' lang='lat' dir='ltr'>spectatam</span> <span class='ocrx_word' id='word_1_743' title='bbox 2478 4551 2753 4622; x_wconf 88' lang='lat' dir='ltr'>injuriam</span> <span class='ocrx_word' id='word_1_744' title='bbox 2775 4552 3075 4607; x_wconf 87' lang='lat' dir='ltr'>Sarraceni</span> <span class='ocrx_word' id='word_1_745' title='bbox 3106 4552 3286 4607; x_wconf 91' lang='lat' dir='ltr'>armis</span> <span class='ocrx_word' id='word_1_746' title='bbox 3318 4550 3762 4622; x_wconf 84' lang='lat' dir='ltr'>obiterarreptis</span> 
     </span>
    </p>
   </div>
   <div class='ocr_carea' id='block_1_99' title="bbox 2126 4638 3759 4710">
    <p class='ocr_par' dir='ltr' id='par_1_99' title="bbox 2126 4638 3759 4710">
     <span class='ocr_line' id='line_1_99' title="bbox 2126 4638 3759 4710; baseline -0.002 -15"><span class='ocrx_word' id='word_1_747' title='bbox 2126 4639 2513 4707; x_wconf 84' lang='lat' dir='ltr'>ulciscuntur,</span> <span class='ocrx_word' id='word_1_748' title='bbox 2547 4640 2826 4695; x_wconf 80' lang='lat' dir='ltr'>Romanis</span> <span class='ocrx_word' id='word_1_749' title='bbox 2859 4640 3032 4695; x_wconf 83' lang='lat' dir='ltr'>etiam</span> <span class='ocrx_word' id='word_1_750' title='bbox 3065 4641 3192 4710; x_wconf 88' lang='lat' dir='ltr'>ejus</span> <span class='ocrx_word' id='word_1_751' title='bbox 3228 4640 3359 4693; x_wconf 87' lang='lat' dir='ltr'>mali</span> <span class='ocrx_word' id='word_1_752' title='bbox 3419 4639 3573 4694; x_wconf 89' lang='lat' dir='ltr'>fama</span> <span class='ocrx_word' id='word_1_753' title='bbox 3603 4638 3759 4694; x_wconf 88' lang='lat' dir='ltr'>exci-</span> 
     </span>
    </p>
   </div>
   <div class='ocr_carea' id='block_1_100' title="bbox 2125 4728 3764 4802">
    <p class='ocr_par' dir='ltr' id='par_1_100' title="bbox 2125 4728 3764 4802">
     <span class='ocr_line' id='line_1_100' title="bbox 2125 4728 3764 4802; baseline -0.001 -17"><span class='ocrx_word' id='word_1_754' title='bbox 2125 4732 2264 4788; x_wconf 85' lang='lat' dir='ltr'>tatis</span> <span class='ocrx_word' id='word_1_755' title='bbox 2295 4730 2701 4801; x_wconf 81' lang='lat' dir='ltr'>adjutantibus</span> <span class='ocrx_word' id='word_1_756' title='bbox 2731 4747 2744 4785; x_wconf 91' lang='lat'><strong>:</strong></span> <span class='ocrx_word' id='word_1_757' title='bbox 2784 4746 2971 4802; x_wconf 89' lang='lat' dir='ltr'>neque</span> <span class='ocrx_word' id='word_1_758' title='bbox 3001 4736 3193 4785; x_wconf 91' lang='lat' dir='ltr'>tamen</span> <span class='ocrx_word' id='word_1_759' title='bbox 3226 4728 3541 4801; x_wconf 89' lang='lat' dir='ltr'>proliciunt</span> <span class='ocrx_word' id='word_1_760' title='bbox 3572 4746 3764 4801; x_wconf 89' lang='lat' dir='ltr'>quan-</span> 
     </span>
    </p>
   </div>
   <div class='ocr_carea' id='block_1_101' title="bbox 2128 4818 3765 4892">
    <p class='ocr_par' dir='ltr' id='par_1_101' title="bbox 2128 4818 3765 4892">
     <span class='ocr_line' id='line_1_101' title="bbox 2128 4818 3765 4892; baseline 0.001 -17"><span class='ocrx_word' id='word_1_761' title='bbox 2128 4825 2253 4876; x_wconf 88' lang='lat' dir='ltr'>tum</span> <span class='ocrx_word' id='word_1_762' title='bbox 2340 4820 2663 4892; x_wconf 86' lang='lat' dir='ltr'>oportebat,</span> <span class='ocrx_word' id='word_1_763' title='bbox 2738 4824 2885 4876; x_wconf 77' lang='lat' dir='ltr'>cmto</span> <span class='ocrx_word' id='word_1_764' title='bbox 2949 4820 3047 4876; x_wconf 92' lang='lat' dir='ltr'>illo</span> <span class='ocrx_word' id='word_1_765' title='bbox 3133 4818 3387 4875; x_wconf 88' lang='lat' dir='ltr'>militum</span> <span class='ocrx_word' id='word_1_766' title='bbox 3476 4818 3765 4890; x_wconf 88' lang='lat' dir='ltr'>paulisper</span> 
     </span>
    </p>
   </div>
   <div class='ocr_carea' id='block_1_102' title="bbox 2132 4908 3763 4980">
    <p class='ocr_par' dir='ltr' id='par_1_102' title="bbox 2132 4908 3763 4980">
     <span class='ocr_line' id='line_1_102' title="bbox 2132 4908 3763 4980; baseline -0.001 -15"><span class='ocrx_word' id='word_1_767' title='bbox 2132 4910 2415 4965; x_wconf 77' lang='lat' dir='ltr'>duntaxat</span> <span class='ocrx_word' id='word_1_768' title='bbox 2436 4913 2784 4980; x_wconf 89' lang='lat' dir='ltr'>regresso,et</span> <span class='ocrx_word' id='word_1_769' title='bbox 2813 4908 3034 4965; x_wconf 90' lang='lat' dir='ltr'>omissa</span> <span class='ocrx_word' id='word_1_770' title='bbox 3065 4908 3481 4965; x_wconf 89' lang='lat' dir='ltr'>defensionead</span> <span class='ocrx_word' id='word_1_771' title='bbox 3514 4909 3763 4964; x_wconf 86' lang='lat' dir='ltr'>alterum</span> 
     </span>
    </p>
   </div>
   <div class='ocr_carea' id='block_1_103' title="bbox 2125 4996 3765 5071">
    <p class='ocr_par' dir='ltr' id='par_1_103' title="bbox 2125 4996 3765 5071">
     <span class='ocr_line' id='line_1_103' title="bbox 2125 4996 3765 5071; baseline -0.001 -17"><span class='ocrx_word' id='word_1_772' title='bbox 2125 4997 2461 5054; x_wconf 80' lang='lat' dir='ltr'>incendium</span> <span class='ocrx_word' id='word_1_773' title='bbox 2519 4996 2707 5069; x_wconf 90' lang='lat' dir='ltr'>priore</span> <span class='ocrx_word' id='word_1_774' title='bbox 2762 4998 3001 5053; x_wconf 85' lang='lat' dir='ltr'>vixdum</span> <span class='ocrx_word' id='word_1_775' title='bbox 3063 5000 3342 5055; x_wconf 88' lang='lat' dir='ltr'>restincto</span> <span class='ocrx_word' id='word_1_776' title='bbox 3394 5002 3765 5071; x_wconf 88' lang='lat' dir='ltr'>properante,</span> 
     </span>
    </p>
   </div>
   <div class='ocr_carea' id='block_1_104' title="bbox 2125 5086 3764 5156">
    <p class='ocr_par' dir='ltr' id='par_1_104' title="bbox 2125 5086 3764 5156">
     <span class='ocr_line' id='line_1_104' title="bbox 2125 5086 3764 5156; baseline -0.001 -12"><span class='ocrx_word' id='word_1_777' title='bbox 2125 5103 2259 5144; x_wconf 87' lang='lat' dir='ltr'>cum</span> <span class='ocrx_word' id='word_1_778' title='bbox 2294 5086 2647 5156; x_wconf 81' lang='lat' dir='ltr'>experientia</span> <span class='ocrx_word' id='word_1_779' title='bbox 2667 5086 3015 5142; x_wconf 84' lang='lat' dir='ltr'>didicissent</span> <span class='ocrx_word' id='word_1_780' title='bbox 3047 5087 3189 5143; x_wconf 90' lang='lat' dir='ltr'>nihil</span> <span class='ocrx_word' id='word_1_781' title='bbox 3215 5103 3343 5142; x_wconf 82' lang='lat' dir='ltr'>esse</span> <span class='ocrx_word' id='word_1_782' title='bbox 3364 5087 3660 5143; x_wconf 84' lang='lat' dir='ltr'>efﬁcacius</span> <span class='ocrx_word' id='word_1_783' title='bbox 3692 5086 3764 5142; x_wconf 87' lang='lat' dir='ltr'>ad</span> 
     </span>
    </p>
   </div>
   <div class='ocr_carea' id='block_1_105' title="bbox 2128 5174 3763 5248">
    <p class='ocr_par' dir='ltr' id='par_1_105' title="bbox 2128 5174 3763 5248">
     <span class='ocr_line' id='line_1_105' title="bbox 2128 5174 3763 5248; baseline -0.001 -16"><span class='ocrx_word' id='word_1_784' title='bbox 2128 5176 2323 5232; x_wconf 88' lang='lat' dir='ltr'>urbem</span> <span class='ocrx_word' id='word_1_785' title='bbox 2362 5174 2758 5231; x_wconf 85' lang='lat' dir='ltr'>ulciscendam</span> <span class='ocrx_word' id='word_1_786' title='bbox 2814 5179 2872 5232; x_wconf 85' lang='lat' dir='ltr'>et</span> <span class='ocrx_word' id='word_1_787' title='bbox 2912 5174 3301 5233; x_wconf 50' lang='lat' dir='ltr'>evertendam&#39;</span> <span class='ocrx_word' id='word_1_788' title='bbox 3340 5194 3512 5247; x_wconf 86' lang='lat' dir='ltr'>quam</span> <span class='ocrx_word' id='word_1_789' title='bbox 3546 5176 3763 5248; x_wconf 88' lang='lat' dir='ltr'>ignem.</span> 
     </span>
    </p>
   </div>
   <div class='ocr_carea' id='block_1_106' title="bbox 2130 5263 3766 5337">
    <p class='ocr_par' dir='ltr' id='par_1_106' title="bbox 2130 5263 3766 5337">
     <span class='ocr_line' id='line_1_106' title="bbox 2130 5263 3766 5337; baseline -0.001 -17"><span class='ocrx_word' id='word_1_790' title='bbox 2130 5263 2372 5320; x_wconf 84' lang='lat' dir='ltr'>Proinde</span> <span class='ocrx_word' id='word_1_791' title='bbox 2400 5264 2576 5318; x_wconf 87' lang='lat' dir='ltr'>variis</span> <span class='ocrx_word' id='word_1_792' title='bbox 2603 5264 2662 5319; x_wconf 89' lang='lat' dir='ltr'>in</span> <span class='ocrx_word' id='word_1_793' title='bbox 2717 5265 2861 5320; x_wconf 89' lang='lat' dir='ltr'>locis</span> <span class='ocrx_word' id='word_1_794' title='bbox 2909 5265 3158 5337; x_wconf 87' lang='lat' dir='ltr'>dispersi</span> <span class='ocrx_word' id='word_1_795' title='bbox 3215 5267 3368 5322; x_wconf 67' lang='lat' dir='ltr'>aedes</span> <span class='ocrx_word' id='word_1_796' title='bbox 3424 5266 3766 5322; x_wconf 89' lang='lat' dir='ltr'>incendunt.</span> 
     </span>
    </p>
   </div>
   <div class='ocr_carea' id='block_1_107' title="bbox 2124 5352 3771 5425">
    <p class='ocr_par' dir='ltr' id='par_1_107' title="bbox 2124 5352 3771 5425">
     <span class='ocr_line' id='line_1_107' title="bbox 2124 5352 3771 5425; baseline 0.002 -18"><span class='ocrx_word' id='word_1_797' title='bbox 2124 5352 2386 5407; x_wconf 88' lang='lat' dir='ltr'>Flamma</span> <span class='ocrx_word' id='word_1_798' title='bbox 2418 5368 2552 5409; x_wconf 84' lang='lat' dir='ltr'>vero</span> <span class='ocrx_word' id='word_1_799' title='bbox 2584 5371 2761 5425; x_wconf 89' lang='lat' dir='ltr'>supra</span> <span class='ocrx_word' id='word_1_800' title='bbox 2796 5353 3208 5424; x_wconf 83' lang='lat' dir='ltr'>cogitationem</span> <span class='ocrx_word' id='word_1_801' title='bbox 3263 5355 3323 5411; x_wconf 92' lang='lat' dir='ltr'>in</span> <span class='ocrx_word' id='word_1_802' title='bbox 3384 5354 3569 5411; x_wconf 89' lang='lat' dir='ltr'>altum</span> <span class='ocrx_word' id='word_1_803' title='bbox 3612 5353 3771 5410; x_wconf 89' lang='lat' dir='ltr'>elata</span> 
     </span>
    </p>
   </div>
   <div class='ocr_carea' id='block_1_108' title="bbox 2125 5439 3771 5514">
    <p class='ocr_par' dir='ltr' id='par_1_108' title="bbox 2125 5439 3771 5514">
     <span class='ocr_line' id='line_1_108' title="bbox 2125 5439 3771 5514; baseline -0.001 -17"><span class='ocrx_word' id='word_1_804' title='bbox 2125 5446 2304 5497; x_wconf 87' lang='lat' dir='ltr'>totam</span> <span class='ocrx_word' id='word_1_805' title='bbox 2339 5439 2501 5495; x_wconf 89' lang='lat' dir='ltr'>illam</span> <span class='ocrx_word' id='word_1_806' title='bbox 2531 5447 2759 5499; x_wconf 88' lang='lat' dir='ltr'>noctem</span> <span class='ocrx_word' id='word_1_807' title='bbox 2817 5448 2877 5498; x_wconf 88' lang='lat' dir='ltr'>et</span> <span class='ocrx_word' id='word_1_808' title='bbox 2927 5442 3230 5514; x_wconf 87' lang='lat' dir='ltr'>postridie,</span> <span class='ocrx_word' id='word_1_809' title='bbox 3254 5459 3318 5500; x_wconf 86' lang='lat' dir='ltr'>eo</span> <span class='ocrx_word' id='word_1_810' title='bbox 3349 5444 3488 5500; x_wconf 90' lang='lat' dir='ltr'>item</span> <span class='ocrx_word' id='word_1_811' title='bbox 3546 5443 3639 5497; x_wconf 90' lang='lat' dir='ltr'>die</span> <span class='ocrx_word' id='word_1_812' title='bbox 3671 5441 3771 5512; x_wconf 90' lang='lat' dir='ltr'>qui</span> 
     </span>
    </p>
   </div>
   <div class='ocr_carea' id='block_1_109' title="bbox 2125 5529 3774 5604">
    <p class='ocr_par' dir='ltr' id='par_1_109' title="bbox 2125 5529 3774 5604">
     <span class='ocr_line' id='line_1_109' title="bbox 2125 5529 3774 5604; baseline -0.004 -15"><span class='ocrx_word' id='word_1_813' title='bbox 2125 5529 2487 5602; x_wconf 88' lang='lat' dir='ltr'>sequebatur</span> <span class='ocrx_word' id='word_1_814' title='bbox 2531 5532 2600 5586; x_wconf 86' lang='lat' dir='ltr'>ad</span> <span class='ocrx_word' id='word_1_815' title='bbox 2644 5546 2945 5604; x_wconf 88' lang='lat' dir='ltr'>vesperam</span> <span class='ocrx_word' id='word_1_816' title='bbox 2979 5547 3189 5603; x_wconf 86' lang='lat' dir='ltr'>usque,</span> <span class='ocrx_word' id='word_1_817' title='bbox 3236 5531 3435 5587; x_wconf 89' lang='lat' dir='ltr'>omnia</span> <span class='ocrx_word' id='word_1_818' title='bbox 3465 5532 3774 5602; x_wconf 86' lang='lat' dir='ltr'>pervagata</span> 
     </span>
    </p>
   </div>
   <div class='ocr_carea' id='block_1_110' title="bbox 2125 5612 3773 5691">
    <p class='ocr_par' dir='ltr' id='par_1_110' title="bbox 2125 5612 3773 5691">
     <span class='ocr_line' id='line_1_110' title="bbox 2125 5612 3773 5691; baseline -0.005 -13"><span class='ocrx_word' id='word_1_819' title='bbox 2125 5628 2229 5678; x_wconf 85' lang='lat' dir='ltr'>est.</span> <span class='ocrx_word' id='word_1_820' title='bbox 2264 5616 2617 5676; x_wconf 89' lang='lat' dir='ltr'>Inusitatum</span> <span class='ocrx_word' id='word_1_821' title='bbox 2646 5620 2704 5677; x_wconf 91' lang='lat' dir='ltr'>id</span> <span class='ocrx_word' id='word_1_822' title='bbox 2765 5619 3169 5691; x_wconf 87' lang='lat' dir='ltr'>spectaculum</span> <span class='ocrx_word' id='word_1_823' title='bbox 3207 5621 3362 5676; x_wconf 72' lang='lat'>782</span> <span class='ocrx_word' id='word_1_824' title='bbox 3414 5618 3544 5686; x_wconf 87' lang='lat' dir='ltr'>fuit,</span> <span class='ocrx_word' id='word_1_825' title='bbox 3571 5620 3628 5670; x_wconf 93' lang='lat' dir='ltr'>et</span> <span class='ocrx_word' id='word_1_826' title='bbox 3656 5612 3773 5669; x_wconf 87' lang='lat' dir='ltr'>tale</span> 
     </span>
    </p>
   </div>
  </div>
