4120 6284
413 353 534 415 935

1737 339 2045 406 ΝῙΟΕΤιΕ
2087 338 2287 404 GHON
2299 337 2508 402 ΙΑΤᾸΞ

3711 345 3822 410 936

415 485 575 560 quod
605 484 764 540 nulla
795 481 980 538 oratio
1003 479 1188 552 possit
1228 479 1530 552 consequi.
1561 479 1704 535 Nam
1735 493 1866 534 cum
1900 475 2064 549 prius

2180 469 2234 527 δὲ
2263 473 2326 528 τὸ
2359 467 2432 526 δι’
2461 469 2651 560 ὅπλων
2684 472 2928 550 ἀντέχειν
2991 473 3240 548 μεθέντες
3284 474 3374 533 ἐπὶ
3429 483 3509 554 τῷ
3563 483 3641 553 μὴ
3695 484 3822 540 πάνυ

411 575 688 633 maximis
720 578 776 629 et
807 572 1134 628 innumeris
1167 571 1285 626 fere
1345 568 1638 626 incendiis
1673 568 1814 624 urbs
1849 567 2070 623 afﬂicta

415 666 609 734 fuerit,
641 663 784 719 illud
839 661 1128 732 ejusmodi
1184 659 1294 715 fuit
1355 664 1418 714 ut
1447 665 1656 714 caetera
1717 674 1832 729 pre
1863 672 1930 711 eo
1963 669 2068 726 pro

415 753 601 812 nihilo
661 757 1023 824 putarentur.
1079 750 1222 806 Cum
1309 749 1466 804 varie
1529 748 1858 818 interrupta
1918 743 2068 800 serie

415 851 1013 920 spargeretur,rursus
1030 843 1314 912 coibat,ut
1344 841 1511 912 igniti
1537 839 1802 896 ﬂuminis
1834 836 2065 893 alveum

417 939 870 1008 repraesentaret.
935 932 1202 988 Porticus
1232 931 1604 994 corruebant,
1631 927 2068 1000 elegantissima

415 1026 542 1081 fora
571 1026 1000 1090 evertebantur,
1035 1021 1304 1076 maximae
1361 1019 1652 1076 columnae
1711 1017 1887 1073 veluti
1949 1030 2068 1070 sar-

417 1119 614 1172 menta
642 1113 1140 1178 absumebantur;
1177 1125 1362 1182 neque
1393 1107 1715 1179 quidquam
1745 1109 1872 1162 erat
1907 1103 2064 1177 quod

417 1202 578 1259 illius
599 1201 751 1274 ignis
765 1199 1146 1256 vehementis;
1169 1197 1655 1254 resisteret.Globi
1687 1197 2062 1250 ﬂammarum

420 1292 494 1350 ab
525 1291 766 1348 immani
801 1290 901 1344 illo
933 1288 1202 1344 incendio
1234 1287 1418 1344 avulsi
1479 1285 1822 1342 mirabiliter
1881 1299 2066 1339 reme-

421 1387 510 1438 tas
541 1381 693 1438 sedes
726 1397 827 1452 per
856 1378 1336 1436 certaintervalla
1361 1375 1809 1443 consumebant,
1840 1374 1912 1430 iis
1963 1371 2065 1444 qui

419 1469 740 1540 interjectes
768 1473 932 1525 erant
964 1467 1202 1523 intactis
1236 1483 1250 1522 :
1283 1468 1383 1522 sed
1417 1465 1593 1538 paulo
1627 1468 1759 1535 post
1787 1480 1883 1519 eas
1915 1478 2063 1534 quo-

2177 561 2441 637 πρότερον
2486 559 2802 639 ἒμπρησμῷ
2851 561 3194 622 διανοοῦνται
3242 567 3334 623 καὶ
3391 567 3664 646 δεύτερον,
3719 574 3827 629 ἀνυ-

2177 651 2487 724 σιμώτατον
2557 653 2891 729 ἀμυντήριον
2945 653 3038 710 καὶ
3096 655 3228 730 ὑπὲρ
3291 653 3431 714 ἅπαν
3489 659 3675 738 ἓτερον
3732 665 3824 733 τήν

2175 740 2338 796 πόλιν
2372 737 2501 816 ἕχον
2560 743 2703 817 ταχῦ
2752 743 3182 820 κατεργάσασθαι
3228 745 3390 820 πείρᾳ
3451 737 3826 823 μεμαθηκότες

2174 829 2237 884 τὸ
2267 833 2394 906 πῦρ.
2459 829 2563 886 Καὶ
2613 828 2680 900 δὴ
2741 831 2877 887 κατὰ
2933 831 3227 898 πλείστους
3271 833 3587 902 διαστάντες
3630 840 3826 902 τόπους

2172 921 2280 994 πῦρ
2330 924 2450 982 ταῖς
2507 918 2708 984 οἰκίαις
2765 921 3093 996 ὑφάπτουσι.
3155 924 3232 980 Τὸ
3316 921 3376 980 δὲ
3462 930 3824 1002 μεταρσιωθὲν

2176 1007 2310 1082 ὑπὲρ
2367 1006 2573 1064 ἔννοιαν
2636 1011 2736 1078 τὴν
2820 1010 2988 1066 νύκτα
3064 1011 3202 1084 ὅλην
3279 1013 3491 1084 ἐκείνην
3565 1017 3658 1072 καὶ
3728 1021 3821 1088 τήν

2170 1094 2424 1152 ἐπιοῦσαν
2489 1097 2699 1174 ἡμέραν
2751 1100 2842 1155 καὶ
2899 1103 2998 1168 τὴν
3076 1101 3284 1172 ταύτης
3383 1101 3654 1182 διάδοχον
3743 1109 3824 1164 ἐσ-

2169 1185 2334 1262 πέραν
2362 1188 2424 1243 τὸ
2455 1193 2557 1244 πᾶν
2615 1187 2924 1264 ἐπενέμετο.
2989 1193 3093 1248 Καὶ
3142 1192 3208 1262 ἦν
3257 1195 3442 1250 καινὸν
3490 1196 3556 1251 τὸ
3611 1198 3824 1272 ὁρώμε-

2167 1297 2256 1332 νον
2297 1277 2388 1333 καὶ
2447 1284 2618 1334 πᾶσαν
2676 1275 2996 1356 ὑπερϐαῖνον
3057 1278 3224 1356 λόγου
3284 1279 3530 1357 δύναμιν·
3593 1285 3823 1344 πολλῶν

2168 1367 2269 1442 γὰρ
2299 1367 2390 1422 καὶ
2421 1365 2608 1424 ἄλλων
2647 1373 2716 1443 τῇ
2765 1369 2926 1425 πόλει
2987 1371 3256 1446 πρότερον
3310 1371 3691 1446 ἐμπρησμῶν,
3746 1378 3829 1432 οὐ-

2174 1460 2364 1530 μενοῦν
2411 1456 2537 1532 εἶ’πῃ
2597 1478 2680 1520 τις
2749 1459 2964 1514 ὁπόσων
3023 1459 3115 1514 καὶ
3175 1458 3308 1516 οτῖων
3363 1465 3826 1538 γεγενημένων,ὁ

421 1577 536 1635 que
565 1561 785 1617 reversi
835 1559 1194 1615 cremabant.
1229 1561 1293 1613 In
1326 1556 1530 1613 multis
1578 1554 1721 1612 locis
1752 1558 1908 1610 recta
1939 1568 2065 1624 pro-

2180 1541 2292 1602 :o'te
2351 1542 2564 1621 συμϐὰς
2623 1547 2932 1622 ἐναύσματα
2993 1549 3204 1626 βραχέα
3255 1553 3384 1615 τοὺς
3436 1555 3642 1618 πάντας
3697 1556 3824 1614 ἀπέ-

421 1633 659 1723 gressus
698 1647 854 1720 ignis
885 1647 958 1702 ab
1014 1645 1300 1718 Aquilone
1355 1643 1669 1716 impulsus,
1704 1643 1872 1713 paulo
1932 1643 2066 1712 post

2180 1633 2326 1710 Βειξε.
2372 1635 2674 1714 Πολλαχοῢ
2721 1639 2824 1715 γὰρ
2871 1635 3258 1715 διαιρούμενος
3305 1641 3398 1697 καὶ
3443 1640 3826 1721 διασπώμενος

421 1738 591 1810 quasi
617 1737 688 1792 ab
735 1738 948 1792 Austro
977 1734 1323 1805 exagitatus,
1349 1731 1629 1804 obliquus
1682 1730 2062 1795 cernebatur;

2180 1733 2267 1796 τῆς
2322 1727 2604 1804 συνεχείας
2658 1727 2814 1793 αὖθις
2871 1731 3200 1804 συνήρχετο,
3260 1732 3351 1786 καὶ
3401 1733 3477 1795 ὠς
3531 1734 3608 1797 εἰς
3659 1733 3824 1792 ὁλκὸν

421 1829 480 1882 et
531 1840 600 1881 ea
651 1839 886 1896 quoque
935 1823 1321 1878 consumebat
1389 1838 1515 1892 quae
1570 1819 1766 1875 omnis
1820 1815 2062 1890 periculi

2180 1815 2266 1872 ἕνα
2337 1817 2633 1892 πυρόεντος
2709 1819 3010 1888 συνήπτετο
3085 1824 3353 1894 ποταμοῦ.
3445 1822 3826 1898 Ἀνετρέποντο

426 1914 682 1986 expertia
729 1913 1106 1985 putabantur.
1162 1911 1227 1967 Id
1285 1909 1502 1966 malum
1553 1909 1728 1966 etiam
1785 1905 2068 1979 templum

2181 1905 2357 1973 στοαὶ,
2389 1905 2600 1982 ἀγορῶν
2630 1903 2812 1978 κάλλη
2858 1904 3292 1984 κατερῥιπτεῖτο,
3341 1911 3541 1966 κιόνων
3599 1914 3824 1990 μέγεθος

425 2004 746 2060 maximum
763 2000 1207 2073 comprehendit
1232 2019 1248 2069 ;
1265 2008 1317 2056 et
1331 2015 1531 2072 quaecu
1544 2014 1695 2070 nque
1711 1997 1782 2052 ad
1800 1995 1942 2052 Miiii
1959 1995 2073 2050 for-

2180 1991 2484 2072 διεφορεῖτο
2514 1995 2634 2058 καθ’
2663 1992 2804 2066 ὓλην
2838 1992 3164 2068 εὔπρηστον.
3210 1998 3326 2056 Ούκ
3371 1999 3438 2069 ἦν
3491 2006 3605 2056 τῶν
3654 1998 3822 2059 ὄντων

426 2093 618 2148 nicem
648 2093 896 2162 vergunt
909 2094 965 2144 et
981 2105 1114 2144 cum
1130 2088 1401 2143 Macrone
1414 2091 1470 2141 et
1489 2084 1740 2158 Synodis
1754 2083 2072 2148 cohaerent,

2180 2080 2332 2139 οὐδὲν
2365 2083 2394 2138 δ
2433 2085 2498 2152 ἧν
2551 2081 2758 2138 ἐκείνου
2807 2088 2908 2140 τοῦ
2954 2085 3124 2160 πυρὸς
3172 2089 3595 2166 σθεναρώτερον.
3646 2092 3721 2147 Τὸ
3771 2089 3826 2148 δὲ

429 2181 584 2236 738
655 2182 1022 2243 corruerunt,
1102 2173 1247 2230 nihil
1319 2191 1491 2245 Opere
1559 2172 1846 2240 latericio,
1922 2167 2069 2226 nihil

2180 2171 2246 2244 δὴ
2300 2169 2633 2250 παράδοξον,
2693 2173 2820 2228 ὡσεὶ
2887 2174 3076 2248 ψωμοὶ
3125 2175 3296 2250 πυρὸς
3349 2175 3401 2248 ἐξ
3458 2178 3674 2252 ἐκείνης
3727 2188 3826 2252 τῆς

424 2267 730 2326 altissimis
763 2266 1164 2322 fundamentis
1195 2263 1625 2335 adjuvantibus,
1659 2263 1760 2318 sed
1797 2261 2072 2317 omnibus

2180 2258 2537 2340 βαρυϐρόμου
2603 2261 2693 2318 καὶ
2752 2259 2982 2336 σιδηρᾶς
3049 2261 3376 2339 ἐμπρήσεως
3429 2265 3825 2344 ἀποσπώμενοι

425 2356 768 2416 cedentibus
799 2364 856 2411 et
885 2355 1070 2411 instar
1091 2353 1436 2426 lychnorum
1501 2352 1854 2423 absumptis.
1887 2349 2072 2422 Ccspit

427 2446 766 2503 incendium
799 2443 1164 2518 asynagogio
1191 2444 1668 2510 Sarracenorum,
1691 2441 1851 2513 quod
1883 2441 1954 2495 ad
1980 2455 2075 2496 se-

431 2535 876 2610 ptentrionalem
939 2533 1102 2590 urbis
1165 2538 1382 2605 partem
1443 2535 1511 2589 ad
1571 2547 1731 2588 mare
1787 2534 1845 2587 et
1889 2529 2072 2586 isdem

429 2625 576 2680 divas
609 2624 802 2680 [renes
835 2623 1058 2695 vergit;
1095 2638 1298 2679 versus
1355 2623 1637 2678 orientem
1669 2620 1729 2676 in
1759 2617 2075 2675 latitudine

427 2715 488 2770 in
520 2719 738 2785 templo
774 2712 1028 2768 maximo
1085 2712 1286 2768 desiit:
1319 2712 1393 2768 ad
1441 2727 1716 2768 occasum
1779 2724 1969 2780 usque
1999 2707 2072 2762 ad

429 2805 672 2861 Perama
737 2819 799 2858 se
847 2803 1124 2871 extendit,
1157 2805 1334 2873 atque
1391 2802 1528 2857 inde
1584 2800 1643 2856 in
1692 2799 2072 2854 latitudinem

427 2892 592 2949 urbis
617 2908 675 2947 se
701 2891 971 2960 diﬂ'udit;
1004 2895 1106 2946 aut
1135 2891 1326 2962 potius
1387 2889 1667 2945 inusitato
1716 2887 1890 2943 modo
1941 2902 2072 2942 eam

427 2981 606 3037 voluti
637 2979 973 3036 transilzens
999 2980 1204 3036 domos
1236 2979 1610 3034 suburbanas
1631 2973 1987 3046 absumpsit,
2017 2977 2075 3030 ct

431 3070 596 3126 navis
623 3068 682 3124 in
724 3069 915 3124 medio
946 3085 1116 3124 cursu
1151 3067 1504 3123 carbonibus
1530 3067 1589 3121 in
1640 3083 1768 3121 eam
1811 3063 2073 3120 excussis

433 3158 836 3229 conﬂagravit.
873 3159 934 3212 In
969 3159 1195 3212 cineres
1254 3157 1487 3212 redacta
1543 3159 1683 3211 sunt
1732 3157 1789 3210 et
1841 3152 2069 3209 Domini

433 3256 638 3314 rostra,
686 3251 744 3301 et
774 3245 1039 3317 duplices
1083 3246 1218 3300 tecti
1253 3246 1512 3300 ambitus
1537 3261 1568 3298 a
1599 3243 1754 3298 Milio
1802 3242 2077 3312 incipien~

435 3342 543 3404 tes,
611 3350 863 3406 quorum
954 3334 1100 3388 alter
1181 3333 1253 3388 ad
1326 3334 1524 3404 ipsum
1603 3330 2076 3402 Pbiladelphium

441 3425 732 3496 pertinet;
803 3439 1038 3495 unaque
1113 3421 1478 3478 Constantini
1536 3421 1750 3490 lorum,
1819 3424 1875 3476 et
1949 3435 2077 3492 quas

434 3514 737 3584 interjecta
787 3521 929 3569 sunt
1003 3511 1202 3568 omnia
1301 3528 1507 3569 versus
1597 3509 2074 3583 Septentrionem

435 3607 488 3660 et
555 3605 858 3660 Austrum.
912 3601 1029 3658 Nec
1078 3603 1273 3672 ipsum
1350 3600 1659 3674 Hippicum
1731 3599 2077 3656 inviolatum

436 3691 802 3766 permansit:
853 3691 952 3747 sed
1000 3692 1129 3762 ejus
1182 3705 1416 3764 quoque
1463 3707 1598 3764 pars
1647 3689 1936 3747 occidenti
1975 3687 2078 3744 cb-

433 3798 601 3838 versa
632 3781 868 3854 penitus
899 3779 1291 3850 conﬂagravit,
1338 3781 1389 3834 ei
1435 3795 1562 3852 quas
1617 3779 1686 3834 ad
1742 3778 1992 3851 Sophias
2022 3781 2082 3834 et

436 3871 768 3928 Baccannm
842 3869 1240 3943 porriguntur,
1301 3873 1358 3925 et
1429 3870 1702 3940 deinceps
1768 3865 2082 3924 Eleutherii

437 3961 710 4033 partibus
737 3961 1118 4016 contermina.
1153 3964 1294 4015 Cum
1355 3964 1550 4014 autem
1596 3957 1934 4014 incendium
1988 3974 2083 4013 ur-

437 4051 570 4105 bem
601 4066 635 4106 a
667 4050 809 4105 mari
837 4065 1024 4121 usque
1057 4050 1128 4105 ad
1171 4065 1331 4104 mare
1388 4048 1496 4105 hoc
1546 4047 1718 4104 modo
1749 4051 1995 4104 vastaret
2024 4050 2083 4102 et

437 4137 500 4193 in
529 4138 756 4194 hiatum
807 4137 1204 4194 vastissimum
1261 4136 1407 4194 735
1469 4136 1862 4204 discessisset,
1894 4135 2080 4208 ignito

443 4226 676 4282 ﬂumini
731 4225 946 4294 simile,
979 4225 1150 4282 amici
1201 4243 1316 4282 non
1374 4225 1516 4282 citra
1580 4223 1905 4298 periculum
1969 4223 2083 4280 nisi

443 4315 678 4388 navigio
700 4314 846 4371 adiri
879 4319 1163 4387 poterant.
1193 4320 1354 4372 Tunc
1385 4317 1575 4386 major
1605 4332 1740 4388 pars
1791 4315 2083 4370 habitato-

442 4423 574 4462 rum
625 4405 786 4462 urbis
816 4407 900 4462 rei
965 4405 1276 4462 familiaris
1324 4407 1622 4477 jacturam
1675 4406 1828 4476 fecit,
1864 4405 2084 4478 quippe

440 4513 578 4554 cum
623 4496 781 4569 ignis
829 4494 974 4552 alios
1023 4512 1127 4552 nec
1167 4495 1479 4568 opinantes
1521 4495 1936 4568 oppressisset,
1983 4493 2084 4551 alii

2173 2351 2264 2408 καὶ
2325 2351 2614 2430 φερόμενοι
2674 2348 2904 2426 διαέριοι
2954 2352 3050 2414 τὰς
3135 2353 3416 2430 πόρῥωθεν
3493 2355 3820 2432 οἰκοδομίας

2173 2441 2523 2519 κατέφλεγον,
2563 2441 2655 2496 καὶ
2704 2438 3050 2515 διαστήματα
3096 2463 3212 2505 πως
3265 2443 3684 2520 ἀκοντιζόμενοι
3735 2448 3828 2502 καὶ

2175 2532 2248 2594 ὡς
2277 2531 2328 2585 οἱ
2379 2529 2430 2585 έν
2483 2529 2654 2607 αἰθέρι
2706 2527 3012 2602 διᾲττοντες
3053 2530 3436 2606 ἐκτεινόμενοι·
3492 2537 3584 2591 καὶ
3632 2537 3725 2592 τὸν
3774 2535 3826 2593 έν

2179 2621 2327 2695 μέσῳ
2369 2625 2553 2697 χῶρον
2595 2622 2756 2693 ἂθιγῆ
2811 2625 2890 2694 τῷ
2945 2620 3082 2685 τέως
3130 2623 3323 2685 έῶντες
3369 2625 3458 2679 καὶ
3509 2625 3830 2702 ἀκατάπρη-

2176 2731 2320 2781 στον,
2375 2710 2510 2783 μετᾶ
2568 2709 2749 2788 βραχὺ
2799 2711 3046 2764 κάκεῖνον
3103 2710 3409 2776 ἐπανιόντες
3451 2713 3829 2792 συνέμαρπτον

2175 2800 2262 2855 καὶ
2317 2800 2596 2878 ἠφάνιζον.
2653 2801 2740 2856 Ἑν
2799 2796 3038 2861 πολλοῖς
3093 2796 3150 2855 δὶ
3204 2801 3295 2856 καὶ
3351 2804 3468 2858 κατ’
3526 2804 3821 2880 εὐθυωρίαν

2174 2890 2238 2947 τὸ
2269 2894 2374 2964 πῦρ
2405 2889 2622 2966 προϊόν,
2669 2889 2758 2944 ὑπ’
2789 2889 2992 2964 ἀνέμου
3025 2889 3202 2966 posse
3248 2888 3638 2966 ἐλαυνόμενον,
3695 2895 3825 2968 μετὰ

2177 2980 2360 3056 βραχὺ
2416 2976 2801 3054 παρεκκλῖναν,
2851 2977 2926 3040 ὡς
2985 2978 3028 3033 εἰ
3077 2979 3233 3042 νότος
3279 2981 3416 3036 αὖτὸ
3475 2979 3826 3057 διερῥίπιζεν,

2175 3071 2354 3146 ὡρᾶτο
2388 3067 2650 3144 δόχμιον,
2681 3068 2960 3142 ἀμαυροῦν
2995 3066 3399 3148 ἐπιστροφάδην
3431 3072 3520 3126 καὶ
3551 3071 3618 3126 τὰ
3678 3071 3819 3134 ὅλως

2189 3159 2574 3234 ἐμπρησθῆναι
2629 3157 2990 3229 ἀνυπονόητα.
3039 3155 3444 3216 Συνεπελάϐετο
3509 3157 3570 3216 δὲ
3608 3160 3700 3216 καί
3735 3164 3822 3216 τοῦ

2194 3247 2450 3324 μεγίστου
2494 3248 2599 3303 νεὼ
2646 3245 2710 3302 τὸ
2769 3244 2966 3304 δεινόν.
3023 3247 3126 3305 Καὶ
3181 3245 3249 3316 δὴ
3305 3245 3402 3304 ὅσα
3459 3251 3600 3326 πρὸς
3668 3248 3827 3326 ἁψῖδα

2183 3335 2390 3396 νένευκε
2435 3341 2531 3392 τοῦ
2589 3334 2796 3392 Μιλίου
2861 3335 2951 3392 καὶ
3003 3335 3083 3409 τῷ
3137 3334 3374 3412 ἀνδρῶνι
3432 3346 3706 3410 συνῆπται
3757 3343 3834 3413 τῷ

2184 3422 2448 3499 Μάκρωνι
2498 3419 2705 3492 καὶτῷ
2767 3417 3047 3495 λεγομένῳ
3099 3419 3152 3475 αἶ
3197 3419 3452 3493 Σύνοδοι,
3506 3423 3586 3488 εἰς
3636 3423 3834 3504 ἔδαφος

2183 3516 2612 3594 κατερῥάγησαν,
2681 3515 2757 3589 μὴ
2823 3522 2925 3586 τῆς
2989 3516 3163 3586 ὁπτῆς
3232 3516 3610 3592 ἐπαρκεσάσης
3682 3514 3842 3573 πλίν-

2186 3619 2304 3678 θου,
2375 3607 2452 3678 μὴ
2497 3608 2602 3660 τῶν
2659 3603 2864 3681 βαθέων
2919 3603 3290 3680 ἀντισχόντων
3349 3603 3659 3678 θεμέθλων,
3710 3603 3839 3660 ἀλλ’

2185 3693 2450 3752 ἐνδόντων
2514 3693 2729 3750 πάντων
2789 3693 2880 3748 καὶ
2948 3690 3104 3766 δίκην
3157 3690 3502 3769 θρυαλλίδων
3574 3714 3841 3771 κατεργαο

2187 3785 2438 3850 σθέντων,
2479 3782 2716 3858 Ἤρξατο
2749 3783 2844 3856 μὶν
2904 3783 2996 3838 οὗν
3042 3785 3077 3854 ἡ
3127 3784 3319 3858 πρώτη
3364 3787 3462 3839 τοῦ
3507 3785 3681 3860 πυρὸς
3730 3785 3836 3861 ἁφὴ

2187 3873 2293 3928 ἀπὸ
2349 3875 2447 3928 τοῦ
2503 3870 2839 3948 συναγωγίω
2893 3875 3002 3926 τῶν
3059 3875 3391 3945 Σαρακηνῶν
3455 3872 3538 3945 (τὸ
3608 3869 3668 3926 δέ
3729 3869 3836 3926 ἐστι

2186 3961 2324 4018 κατά
2347 3961 2412 4016 τὸ
2440 3961 2578 4036 πρὸς
2611 3959 2884 4025 θάλασσαν
2927 3957 3200 4022 έπικλινὶς
3257 3960 3476 4035 βόρειον
3528 3959 3698 4034 μέρος
3739 3962 3840 4024 τῆς

2187 4047 2406 4111 πόλεως
2461 4048 2552 4104 καὶ
2605 4053 2685 4122 τῷ
2733 4050 2942 4122 τεμένει
3012 4047 3226 4126 ἒγγίζον
3261 4050 3289 4104 δ
3319 4047 3404 4104 ἐπ’
3463 4047 3693 4122 ὁνόματι
3739 4054 3842 4118 τῆς

2189 4138 2344 4214 ἁγίας
2400 4137 2642 4214 Εἰρήνης
2693 4135 2958 4213 ἵδρυται),
3009 4135 3100 4192 καὶ
3157 4136 3294 4212 πρὸς
3335 4134 3410 4192 ἓω
3479 4137 3600 4192 κατ’
3686 4135 3842 4212 εὖρος

2189 4226 2452 4306 λωφῆσαν
2496 4226 2549 4290 ές
2595 4227 2686 4282 τὸν
2741 4227 2875 4282 νεὼν
2914 4225 3006 4282 τὸν
3055 4225 3457 4303 παμμέγιστον,
3508 4225 3650 4282 κατᾶ
3682 4222 3728 4280 δ’
3755 4225 3840 4280 έσσ

2191 4316 2355 4394 πέραν
2415 4315 2468 4380 ἐς
2519 4317 2582 4372 τὸ
2635 4315 2927 4391 λεγόμενον
3008 4313 3233 4392 Πέραμα
3323 4315 3682 4388 έξεμηκίσθη,
3754 4313 3842 4370 καὶ

2196 4405 2418 4483 διερρύη
2452 4400 2638 4462 ἔκτοτε
2664 4409 2763 4462 τοῦ
2805 4403 3046 4462 πλάτους
3096 4399 3403 4480 λαϐόμενον
3450 4411 3554 4474 τῆς
3605 4401 3842 4472 πόλεως,

2197 4499 2233 4570 ἢ
2269 4494 2484 4572 μᾶλλον
2531 4497 2597 4552 τὸ
2653 4496 2990 4568 καινότατον,
3047 4495 3140 4552 καὶ
3194 4499 3361 4551 ταῦτα
3417 4495 3535 4550 κατ’
3598 4488 3841 4552 ἐπίϐασιν

443 4585 596 4641 bona
617 4602 723 4642 sua
769 4583 884 4640 alio
924 4584 1202 4640 translata
1235 4583 1438 4640 multis
1489 4583 1852 4639 anfractibus
1898 4587 1956 4639 et
2002 4598 2073 4639 re

2201 4570 2382 4663 ὥσπερ
2425 4585 2836 4662 ὑπεραλάμενον
2883 4584 2978 4648 τὰς
3027 4579 3217 4658 ἔξωθεν
3263 4591 3364 4654 τῆς
3414 4582 3638 4646 πόλεως
3693 4583 3844 4653 οἰκή-

441 4675 745 4746 gressibus
812 4673 968 4748 ignis
1025 4690 1190 4746 aeque
1239 4673 1598 4729 amisissent.
1649 4676 1770 4728 Heu
1837 4670 2073 4744 splendi

2197 4698 2306 4740 σεις
2341 4679 2772 4750 κατενεμήσατο,
2831 4677 2920 4749 [Ρ.
2970 4676 3098 4748 357]
3157 4673 3249 4729 καὶ
3293 4680 3398 4744 νῆα
3444 4673 3835 4749 περιπλέουσαν

441 4763 719 4820 dissimas
749 4769 808 4820 et
836 4763 1310 4835 elegantissimas
1330 4763 1484 4819 aedes
1513 4770 1568 4818 et
1597 4762 1756 4818 omni
1787 4765 2073 4818 venustati

2197 4765 2461 4842 ἄνθρακες
2519 4765 2923 4844 έκτιναχθέντες
2979 4761 3329 4842 κατέφλεξαν.
3409 4761 3722 4832 ’ῌθάλωντο
3780 4755 3832 4812 δὲ

443 4858 499 4910 et
529 4853 784 4910 summis
814 4853 1026 4925 cpibus
1071 4852 1294 4924 plenas,
1331 4869 1456 4924 quas
1507 4851 1663 4924 apud
1701 4867 1904 4908 omnes
1936 4848 2073 4907 cele-

2195 4856 2286 4912 καὶ
2318 4853 2374 4910 et
2414 4857 2512 4910 τοῦ
2552 4853 2816 4928 Δομνίνου
2861 4851 3150 4927 λεγόμενοι
3196 4845 3453 4924 ἕμϐολοι,
3503 4848 3562 4905 α’(
3611 4872 3671 4906 τε
3714 4845 3839 4904 ὑπό-

445 4941 730 4998 brantlﬂ‘l
2199 4964 2374 5021 στεγοι
2407 4939 2721 5020 ἀμφίδυμοι
2746 4941 2801 4996 αἱ
2851 4941 2956 4996 ἀπὸ
3002 4945 3098 4996 τοῦ
3144 4939 3350 4998 Μιλίου
3397 4937 3732 5016 ἀρχόμεναι,
3777 4937 3846 4990 ὧν

445 5028 607 5104 ἁτέρα
663 5029 740 5092 εἰς
795 5029 924 5085 αὐτὸ
980 5029 1286 5105 παρατείνει
1344 5029 1407 5086 τὸ
1471 5028 1868 5106 Φιλαδέλφιον,
1935 5031 2027 5089 σὺν
2088 5035 2277 5099 αὐτοῖς
2344 5031 2401 5088 δὲ
2453 5035 2488 5102 ἡ
2569 5028 3020 5094 Κωνσταντίνειος
3089 5027 3259 5105 ἀγορὰ
3325 5027 3416 5084 καὶ
3499 5028 3569 5084 τὰ
3661 5024 3846 5102 μεταξὺ

444 5117 638 5188 πάντα,
697 5118 798 5174 ὅσα
851 5119 986 5192 πρὸς
1047 5120 1245 5196 βοῤῥᾶν
1299 5121 1392 5176 καὶ
1447 5121 1599 5178 νότον
1653 5125 1898 5198 πρόεισιν
1962 5123 2183 5200 ἄνεμον.
2243 5119 2377 5182 Οὐδ’
2433 5120 2565 5179 αὐτὸ
2613 5120 2677 5176 τὸ
2735 5120 2958 5176 ἱππικὸν
3017 5113 3402 5190 ἂδιαλώὸητον
3461 5115 3850 5182 ὑπολέλειπτο,

446 5206 594 5263 ἀλλᾶ
621 5207 712 5264 καὶ
741 5207 938 5264 τούτου
965 5208 1028 5264 τὸ
1057 5211 1192 5284 πρὸς
1250 5207 1454 5284 δυσμὰς
1511 5214 1645 5268 ἅπαν
1703 5215 1866 5288 μέρος
1922 5215 2257 5292 ἐξεπυρώθη,
2316 5211 2408 5269 καὶ
2465 5211 2566 5267 ὅσα
2620 5211 2854 5266 κάτεισιν
2912 5211 2968 5272 ἒς
3027 5209 3228 5288 Σοφίας
3285 5207 3374 5262 καὶ
3432 5207 3554 5263 κατ’
3609 5207 3740 5262 αὐτὸ
3791 5203 3852 5258 τὸ

449 5296 690 5352 Βύκανον
723 5298 1147 5370 παρεκτείνεται,
1205 5299 1296 5354 καὶ
1353 5301 1580 5370 καθεξῆς
1640 5303 1814 5358 ὁπόσα
1869 5309 1986 5366 τοῖς
2034 5308 2132 5360 τοῦ
2186 5302 2536 5377 Ἐλευθερίου
2585 5297 2964 5376 ἀγχιτέρμονα
3023 5297 3229 5372 μέρεσι.
3277 5297 3390 5354 Τοῦ
3438 5293 3497 5351 δὲ
3545 5295 3720 5370 πυρὸς
3752 5296 3854 5348 ἀπο

449 5384 724 5458 θαλάσσης
755 5381 857 5449 ἕως
911 5385 1184 5458 θαλάσσης
1238 5389 1338 5458 τήν
1391 5389 1558 5446 πόλιν
1613 5391 1812 5449 οὕτωσί
1871 5391 2230 5465 διαζώσαντος
2286 5393 2378 5450 καὶ
2433 5389 2740 5456 διελθόντος
2801 5389 2876 5453 ὡς
2933 5388 3011 5453 εἰς
3068 5389 3259 5463 χάσμα
3313 5383 3589 5462 μέγιστον,
3621 5382 3658 5454 ἤ
3691 5403 3855 5438 ποτα-

457 5479 564 5548 μοῦ
623 5476 797 5551 πυρὸς
859 5475 1019 5549 μέσον
1062 5473 1342 5546 ἕλκοντος,
1403 5479 1502 5534 οὐκ
1556 5480 1624 5550 ἧν
1685 5479 1966 5538 ἀκίνδυνον
2027 5485 2291 5557 συμμῖξαι
2343 5485 2465 5544 τοῖς
2521 5477 2898 5556 φιλουμένοις,
2957 5477 3004 5534 εἶ
3061 5479 3136 5552 μή
3197 5497 3284 5539 τις
3339 5475 3550 5548 ἀκατίῳ
3603 5471 3858 5547 θιεπορθ-

452 5563 668 5639 μεύετο.
699 5564 837 5622 Τότε
864 5565 954 5620 καὶ
1009 5565 1062 5620 οἱ
1119 5565 1344 5628 πλείους
1399 5571 1506 5622 τῶν
1559 5569 1862 5647 οἰκητόρων
1915 5577 2018 5642 τῆς
2074 5571 2292 5636 πόλεως
2351 5575 2458 5628 τῶν
2523 5568 2722 5626 οὗσιῶν
2779 5568 3150 5644 ἀπεψίλωντο,
3211 5567 3304 5622 οἷα
3359 5569 3460 5620 τοῦ
3507 5563 3682 5637 πυρὸς
3740 5564 3856 5622 τοῖς

447 5654 546 5734 μὲν
605 5654 1004 5733 ἀπαρασκεύοις
1058 5653 1475 5734 έπιφθάσαντος,
1532 5660 1638 5714 τῶν
1694 5657 1751 5714 δὲ
1803 5659 1871 5716 τὰ
1935 5659 2065 5718 ὂντα
2122 5656 2497 5739 μεταθεμένων
2555 5659 2692 5736 πρὸς
2751 5655 2932 5736 ἐτέρας
2989 5655 3309 5735 καναγωγὰς
3361 5653 3454 5710 καὶ
3512 5650 3646 5729 μηδ’
3713 5648 3855 5708 οὕτω
