4120 6284
230 389 351 452 937

1241 387 1612 454 ISAAGlUS
1654 378 2014 447 ANGELUS
2057 374 2158 440 ET
2204 374 2534 441 ALEXlUS
2578 379 2644 440 F.

3525 387 3648 450 938

233 536 651 610 διασωσαμένων
717 538 876 594 αὐτά
930 535 1069 610 ἕλιξι
1103 540 1209 617 γὰρ
1245 541 1337 595 καὶ
1395 540 1765 613 περικαμπαῖς
1824 530 2117 605 ἐκτροπαῖς
2178 548 2236 583 τε
2280 526 2575 617 Δπλείσταις
2608 528 2696 583 καὶ
2739 526 3026 593 ἐπανόδοις
3053 530 3117 587 τὸ
3147 533 3253 606 πῦρ
3299 532 3649 613 χρησάμενον

235 626 482 701 ἠφάντου
512 627 577 681 τὰ
604 627 965 705 μεταγόμενα·
996 630 1063 683 Ὤ
1088 613 1306 703 μοιτῶν
1338 627 1744 705 λαμπροτάτων
1775 621 1866 677 καὶ
1895 616 2244 695 περικαλλῶν
2275 613 2461 690 δόμων
2492 622 2583 673 καί
2630 618 2888 679 παντοίας
2936 620 3217 694 γεμόντων
3269 623 3519 698 χάριτος,
3557 624 3648 680 καὶ

234 720 330 772 τοῖ’)
362 716 666 795 ῥυηφενοῦς
694 716 942 774 πλούτου
971 719 1061 774 καὶ
1094 717 1373 790 ζηλωτέον
1404 719 1532 793 παρ’
1563 717 1751 771 ἅπασι.

306 863 448 938 Πρὸς
504 861 563 917 δὲ
603 863 670 916 τὰ
717 859 1003 917 δεινότατα
1058 866 1228 918 ταῦτα
1280 863 1663 933 συναντήματα
1719 857 1747 911 6
1800 854 1879 927 μὲι

2074 850 2176 907 His
2207 851 2591 908 atrocissimis
2621 853 2859 909 casibus
2891 855 3144 911 Isaacius
3201 856 3520 928 imperator
3537 860 3643 917 do-

240 950 495 1028 βασιλεὺς
522 949 798 1013 ἰσαάκιος
831 950 1059 1025 ἤχθετο,
1092 950 1139 1005 εἰ
1170 949 1261 1006 καὶ
1316 953 1393 1024 μὴ
1453 949 1506 1011 ἐς
1549 951 1673 1003 ὅσον
1724 945 1911 1015 εἷκὸς,¹

239 1042 266 1096 6
296 1037 355 1096 δὲ
384 1041 587 1095 τούτου
617 1040 734 1100 υἱὸς
758 1039 1006 1110 Ἀλέξιος
1037 1040 1144 1116 οὐχ
1174 1040 1324 1102 ’ὁπως
1367 1039 1480 1114 οὐχ
1511 1035 1889 1111 ἐδυσχέρανεν,

243 1126 388 1183 ἀλλὰ
425 1128 517 1182 καὶ
576 1125 938 1201 συντελεσμὸν
1008 1126 1284 1203 ἐπηύχετο
1339 1132 1437 1182 τοῦ
1484 1126 1705 1191 παντὸς,
1736 1124 1891 1191 ὁτῆς

235 1216 494 1292 πατρίδος
564 1215 729 1280 δαλὸς
784 1218 875 1273 καὶ
928 1218 1029 1286 τὴν
1089 1212 1216 1292 ὄψιν
1277 1215 1547 1294 φλογερὸς
1606 1213 1887 1269 κάντεῦθεν

239 1304 620 1386 διαχαράττων
695 1307 789 1363 τὸν
864 1307 1128 1385 γραφικὸν
1218 1306 1543 1381 ἐμπρηστήν
1650 1300 1891 1376 πονηρὸν

243 1395 506 1474 ἅγγελου.
568 1398 753 1467 Μήπω
813 1393 870 1451 δὲ
912 1399 1163 1471 καθαρῶς
1202 1394 1560 1474 λωφήσαντος
1598 1397 1695 1449 τοῦ
1723 1391 1893 1466 πυρὸς

243 1489 277 1556 ἡ
307 1490 416 1541 τῶν
452 1485 609 1550 θείων
636 1483 790 1549 αὖθις
819 1483 1129 1559 κειμηλίων
1166 1483 1409 1559 συλλογή
1468 1505 1526 1538 τε
1589 1482 1680 1538 καὶ
1726 1501 1890 1536 κατα-

242 1576 513 1651 χώνευσις
592 1575 724 1650 ὑπὲρ
778 1575 842 1630 τὸ
880 1574 1006 1650 πρὶν
1084 1574 1402 1630 ἐπετείνετο.
1433 1569 1582 1629 Ὁδέ
1652 1592 1713 1645 γε
1785 1573 1892 1624 τῶν

240 1664 486 1720 Λατίνων
544 1665 770 1735 στρατὸς
816 1664 909 1719 τὸν
975 1664 1394 1740 χορηγούμενον
1452 1662 1639 1721 αὑτοῖς
1690 1659 1888 1714 οὑτωσὶ

239 1755 450 1830 χρυσόν
489 1773 546 1809 τε
585 1753 676 1808 καὶ
707 1751 945 1828 ἄργυρον
978 1751 1054 1814 εἲς
1099 1772 1157 1807 τε
1204 1752 1300 1814 τὰς
1351 1750 1655 1825 σωμαιικᾶς
1705 1747 1891 1823 χρείας

235 1843 308 1904 ὡς
340 1840 484 1913 ὓλην
526 1837 766 1917 βέϐηλον
803 1840 1190 1916 μετεσκεύαζω
1234 1842 1324 1895 καὶ
1353 1845 1470 1901 τοῖς
1533 1837 1891 1912 βουλομένοις

235 1926 595 2006 προύϐαλλον
654 1931 731 1994 εἷς
790 1933 1121 2008 πρατήριον,
1174 1931 1387 1993 ἑαυτοῖς
1449 1929 1543 2003 μὲν
1571 1929 1634 1983 τὸ
1663 1926 1890 2000 ἀνεπέγ-

234 2019 450 2091 κλητον
507 2019 1010 2098 ἐπιμαρτυρόμενοι
1063 2019 1147 2095 (οὗ
1203 2022 1305 2097 γὰρ
1378 2019 1615 2094 ἠγνόουν
1693 2017 1885 2072 ὁπόθεν

241 2109 558 2166 συνείλεκτο
605 2111 673 2166 τά
748 2131 896 2188 σφισι
975 2104 1335 2185 βραϐευόγενα
1363 2109 1652 2184 χρήματα)
1709 2106 1783 2168 ὡς
1822 2104 1891 2160 τὰ

2003 939 2162 995 lebat
2204 938 2300 995 ille
2351 941 2611 1011 quidem,
2652 941 2755 998 sed
2802 958 2917 998 non
2976 952 3256 1014 quantum
3316 949 3641 1018 oportebat.

2004 1028 2141 1098 Ejus
2199 1044 2335 1084 vero
2376 1028 2531 1085 filius
2582 1031 2814 1086 Alexius
2863 1032 3004 1087 adeo
3061 1049 3174 1089 non
3223 1034 3476 1105 graviter
3541 1053 3642 1094 eos

2003 1118 2242 1186 ferebat,
2286 1123 2349 1173 ut
2388 1122 2569 1173 totam
2602 1120 2805 1176 urbem
2864 1120 3098 1177 interire
3150 1128 3392 1194 optaret,
3446 1125 3642 1196 patrie

2002 1206 2115 1275 fax,
2156 1207 2427 1262 ﬂammea
2457 1208 2622 1276 facie,
2655 1213 2712 1263 et
2770 1207 2988 1264 malum
3037 1209 3202 1266 illum
3248 1213 3522 1284 angelum
3558 1215 3647 1270 in-

2001 1297 2359 1353 cendiarium
2405 1296 2757 1368 exprimens,
2817 1299 2983 1368 cujus
3032 1308 3210 1355 sacrm
3244 1301 3465 1358 Litterae
3515 1319 3642 1360 me-

2003 1395 2316 1451 minerunt.
2357 1394 2633 1451 Incendio
2697 1397 2956 1453 nondum
3001 1398 3172 1469 plane
3208 1402 3420 1471 sopito,
3473 1417 3641 1459 sacer

1999 1489 2234 1540 ornatus
2266 1484 2591 1541 accuratius
2634 1486 2982 1559 perquiritur
3027 1492 3084 1544 et
3112 1488 3398 1546 conﬂatur
3460 1507 3640 1563 quam

2000 1572 2180 1644 prius.
2243 1574 2573 1630 Latinorum
2627 1591 2760 1631 vero
2817 1576 3106 1633 exercitus
3164 1578 3311 1636 785
3340 1595 3549 1637 aurum
3584 1590 3641 1639 et

2000 1669 2328 1733 argentum,
2360 1663 2511 1733 quod
2535 1663 2618 1718 ita
2647 1663 3034 1735 praebebatur,
3068 1667 3140 1721 ad
3172 1682 3343 1724 usum
3380 1672 3640 1742 corporis

1999 1754 2064 1805 ut
2113 1751 2414 1821 profanam
2475 1752 2770 1808 materiam
2844 1754 3233 1812 transferebat
3299 1762 3357 1813 et
3413 1759 3641 1831 publice

1997 1839 2305 1908 vendebat,
2333 1856 2400 1895 ac
2420 1857 2483 1895 se
2512 1841 2773 1898 criminis
2806 1843 3137 1900 absolutum
3162 1848 3289 1916 (nec
3304 1847 3639 1920 enimigno-

1999 1931 2167 1983 rabat
2196 1930 2351 1984 unde
2392 1933 2588 1985 essent
2617 1945 2743 2001 quas
2786 1931 3099 2004 dabantur)
3138 1934 3289 2004 quod
3350 1939 3640 2007 acciperet

1998 2016 2277 2085 debitum,
2313 2018 2588 2074 Romanis
2610 2035 2742 2075 vero
2774 2021 2922 2075 iram
2978 2021 3082 2077 Dei
3123 2022 3464 2095 impendere
3494 2026 3637 2081 vati-

1997 2105 2321 2176 cinabatur,
2342 2107 2497 2179 quod
2513 2124 2630 2164 rem
2644 2109 2923 2180 privatam
2941 2117 3376 2185 conservarent,
3408 2129 3635 2171 sacram

238 2199 602 2276 ὠφειλημένα
671 2195 1036 2272 λαμϐάνουσι,
1100 2203 1218 2260 τοῖς
1282 2195 1339 2253 δέ
1402 2196 1702 2272 ⁸Ρωμαίοις·
1785 2194 1879 2262 τὴν

1994 2211 2127 2253 vero
2160 2196 2552 2267 profanarent.

234 2289 435 2362 ὑψόθεν
487 2287 859 2364 ἐπιχαλῶντες
926 2288 1096 2363 ὀργὴν
1147 2288 1221 2350 ὡς
1289 2285 1607 2358 περιέπουσι
1664 2285 1757 2358 μὶν
1812 2284 1880 2338 τὰ

232 2375 436 2433 οἰκεῖα.
477 2381 720 2432 κοινοῦσι
757 2375 813 2432 δέ
842 2377 909 2431 τὰ
940 2380 1095 2434 Θεοῦ.

293 2468 365 2543 γ’.
419 2471 625 2533 Δεῆσαν
687 2463 743 2521 δέ
800 2465 902 2521 xix
956 2471 1064 2521 τῶν
1099 2470 1399 2521 Λατινικῶν
1432 2464 1714 2539 δυνάμεων
1761 2465 1877 2519 σύν·

218 2575 379 2631 αρσιν
408 2553 661 2630 εὕρασθαι
691 2557 782 2610 τὸν
845 2554 1081 2626 Ἀλέξιον
1129 2556 1180 2629 (6
1242 2557 1345 2631 γὰρ
1397 2558 1539 2616 θεῖος
1594 2556 1740 2626 αὐτῷ
1787 2553 1875 2609 καὶ

214 2646 414 2719 πρώην
449 2644 753 2720 βασιλεύων
809 2645 1050 2715 Ἀλέξιος
1089 2645 1392 2706 ἀπαναστὰς
1450 2648 1547 2699 τοῦ
1606 2639 1874 2699 Δεϐελτοῦ

215 2734 320 2803 τήν
367 2732 652 2809 Ἀδριανοῦ
681 2728 972 2801 κατέλαϐε,
1011 2735 1097 2788 καὶ
1139 2734 1200 2803 ἣν
1247 2734 1511 2789 ἀπείπατο
1570 2732 1872 2807 βασιλείαν,

216 2824 473 2899 ἐρασταῖς
526 2821 903 2892 καταπροδοὺς
968 2822 1247 2896 ἐκμανέσιν
1297 2821 1419 2895 έρᾷν
1467 2844 1526 2876 τε
1573 2819 1743 2877 πάλιν
1782 2821 1874 2875 καὶ

213 2917 412 2986 πειρᾷν
437 2913 539 2968 οὐκ
568 2911 890 2987 ᾐσχύνετο),
933 2911 1031 2967 οὐκ
1078 2909 1265 2974 ἄλλως
1325 2909 1665 2984 συνέκδημον
1723 2911 1873 2982 αὐτῷ

219 3001 313 3056 καὶ
371 3002 742 3077 συστράτηγον
810 3002 902 3056 τόν
966 3002 1255 3076 μαρκέσιον
1304 2999 1642 3056 ἐπεσπάσατο
1709 3002 1871 3056 Βονι·

227 3091 442 3165 φάτιον,
475 3090 521 3146 εἰ
555 3092 631 3163 μὴ
664 3090 894 3166 χρυσίου
931 3087 1057 3145 δέκα
1094 3091 1234 3166 πρὸς
1284 3096 1401 3154 τοῖς
1556 3087 1874 3152 καταθέσθαι

230 3180 286 3233 οἱ
319 3179 602 3243 συνέθεντύ
645 3180 989 3254 κεντηνάρια.
1043 3180 1236 3250 Ἐξιὼν
1279 3179 1455 3234 τοίνυν
1495 3175 1707 3258 φυγάδα
1763 3174 1872 3231 δεί-

228 3289 377 3323 κνυσι
428 3270 523 3324 τὸν
570 3265 811 3341 Ἀλέξιον
866 3268 1251 3344 συντονωτέρῳ
1294 3272 1391 3323 τοῦ
1455 3273 1722 3344 προτέρου
1783 3266 1872 3321 καὶ

226 3356 427 3431 πολλῷ
463 3359 788 3434 μακροτέρῳ
820 3358 1168 3432 χρησάμενον
1217 3356 1638 3432 δραπετεύματι.
1709 3357 1875 3427 Ἀμέ-

225 3445 310 3501 λει
353 3448 446 3501 καὶ
503 3448 599 3509 τὰς
654 3447 888 3522 Θρᾳκίας
935 3445 1125 3507 πόλεις
1171 3444 1499 3521 περιελθὼν,
1538 3446 1630 3500 καὶ
1678 3444 1876 3507 ταύτας

220 3536 722 3610 καταστησάμενος,
800 3536 969 3591 εἰπεῖν
1031 3533 1087 3590 δέ
1160 3535 1250 3590 καὶ
1298 3534 1763 3608 καλαμησάμενος
1816 3536 1867 3608 (6

216 3625 317 3703 γὰρ
389 3622 724 3699 συνέκδημο,
766 3623 955 3697 ἐκείνῳ
1005 3625 1229 3699 στρατὸς
1277 3624 1539 3700 συχνάκις
1605 3627 1691 3696 [Ρ.
1741 3625 1866 3696 358]

213 3715 459 3790 ὠρεκτία
531 3719 640 3768 τῶν
714 3711 1161 3790 χρυσοῤῥείθρων
1238 3712 1514 3788 ἀρύεσθαι,
1591 3712 1681 3766 καὶ
1736 3713 1873 3766 κατὰ

209 3803 348 3865 τοὺς
407 3801 595 3876 διψάσι
662 3799 966 3877 δηχθέντας
1012 3803 1182 3857 πίνων
1248 3801 1346 3856 οὐκ
1398 3799 1735 3875 ἐκορέννυτο)
1779 3799 1869 3855 καὶ

221 3895 399 3970 μέχρι
444 3890 753 3966 Κυψέλλων
820 3893 1042 3964 κατιὼν,
1131 3890 1370 3946 ἐπάνεισι
1431 3889 1595 3945 πάλιν
1660 3889 1735 3952 εἷς
1806 3889 1873 3945 τὰ

219 3980 505 4059 βασίλεια,
556 3979 695 4043 ἄπας
761 3988 864 4051 τῆς
908 3981 1136 4059 φατρίας
1206 3979 1573 4054 ἐξηρτημένος
1652 3977 1707 4033 οἳ
1772 3980 1872 4047 τὴν

214 4076 318 4129 τοῦ
378 4072 587 4144 πατρὸς
642 4071 892 4145 πήρωσιν
952 4069 1043 4124 καὶ
1091 4091 1193 4139 την
1244 4070 1304 4123 ἐκ
1348 4071 1447 4136 τῆς
1506 4069 1688 4142 ἀρχῆς
1738 4078 1874 4131 καθ-

213 4160 424 4237 αίρεσιν
479 4156 710 4230 Ἀλεξίῳ
767 4160 847 4230 τῷ
916 4158 1042 4230 θείῳ
1120 4154 1593 4231 συνδιεπράξαντο.
1655 4158 1721 4213 Ὃ
1783 4156 1870 4210 καὶ

218 4252 297 4325 μὴ
325 4250 509 4327 φέρειν
543 4250 811 4309 Ἰσαάκιος
838 4242 1007 4323 ἔχων,
1042 4247 1124 4302 ὅτι
1175 4246 1264 4301 καὶ
1322 4246 1389 4314 ἦν
1448 4244 1873 4320 καιροφυλακῶν

220 4340 298 4401 είς
340 4343 460 4417 φῶς
492 4337 712 4412 ἐκρῆξαι
740 4338 833 4393 τὸν
889 4337 1048 4391 κότον
1111 4337 1167 4390 ὃν
1221 4335 1479 4412 ὑπέτυφεν
1532 4334 1594 4389 ἐκ
1663 4338 1873 4408 μακροῦ

211 4432 280 4504 τῇ
346 4430 508 4506 ψυχῇ
566 4427 702 4482 κατᾶ
757 4431 865 4482 τῶν
923 4424 1153 4500 σχέτλια
1205 4424 1404 4478 ἐκεῖνον
1490 4421 1876 4499 ἐργασαμένων

216 4513 747 4591 δεινᾶ,κακηγορῶν
780 4516 883 4570 ούκ
925 4513 1138 4570 ἐνέλιπε
1165 4514 1257 4568 τὸν
1309 4514 1447 4585 υἱὸν,
1505 4514 1596 4567 καὶ
1658 4510 1874 4585 μάλισθ’

212 4608 301 4663 ὃτι
354 4608 458 4677 τὴν
514 4605 718 4662 οἱκείαν
772 4606 916 4679 ἐώρα
965 4603 1120 4680 ἰσχὺν
1168 4598 1560 4658 ὑποϐαίνουσαν
1591 4602 1682 4656 καὶ
1742 4600 1878 4654 κατὰ

217 4695 410 4773 βραχύ
473 4716 592 4757 πως
649 4694 1030 4769 ἆφιπταμένην
1079 4694 1166 4747 καὶ
1208 4693 1345 4767 πρὸς
1372 4693 1466 4747 τὸν
1523 4691 1639 4745 υἱὸν
1678 4689 1875 4764 μεταρ-

215 4788 468 4860 ῥέουσαν.
550 4785 913 4860 Ἀπεπνίγετο
975 4780 1032 4837 δὲ
1096 4782 1186 4836 καὶ
1239 4782 1374 4855 πρὸς
1441 4783 1538 4851 τήν
1593 4780 1873 4853 μετάθεσιν

219 4878 324 4940 τῇς
384 4872 811 4948 ἀναγορεύσεωςο
873 4873 901 4927 6
954 4872 1047 4945 μὶν
1109 4872 1211 4945 γὰρ
1264 4870 1383 4933 υἱὸς
1437 4869 1877 4945 προταττόμενος

1899 3586 1941 3652 C

2053 2465 2105 2519 3.
2139 2466 2279 2522 Cum
2336 2474 2525 2523 autem
2585 2469 2802 2525 Latinis
2857 2472 3037 2543 capias
3096 2472 3295 2529 Alexio
3356 2475 3628 2533 auxiliari

1982 2555 2260 2611 deberent
2298 2557 2455 2626 (nam
2491 2562 2731 2629 patruus
2762 2561 2890 2628 ejus
2935 2565 2991 2616 et
3030 2561 3252 2618 dudum
3305 2563 3627 2636 imperator

1980 2644 2244 2710 Alexius,
2268 2646 2505 2702 Debelto
2539 2646 2762 2714 relicto,
2792 2649 3237 2722 AdrianOpolim
3282 2657 3621 2720 occuparat,

1980 2737 2038 2788 et
2063 2733 2372 2802 imperium
2405 2736 2557 2805 quod
2594 2736 2953 2807 repudiaret,
2976 2737 3202 2794 insanis
3258 2740 3621 2796 amatoribus

1981 2823 2400 2889 condonatum,
2429 2827 2689 2895 repetere
2727 2830 2784 2881 et
2813 2825 3087 2897 amplecti
3136 2844 3251 2883 non
3274 2829 3623 2901 verebatur),

1980 2911 2339 2967 Bonifacium
2373 2912 2769 2969 marchionem
2803 2914 2967 2970 aliter
3001 2931 3194 2971 secum
3227 2917 3518 2973 attrahere
3550 2919 3623 2973 ad

1981 3001 2115 3058 belli
2148 3002 2486 3058 societatem
2519 3020 2634 3059 non
2667 3006 2855 3075 potuit
2905 3006 3022 3061 nisi
3081 3006 3203 3062 auri
3254 3008 3624 3064 centenarios

1979 3091 2271 3147 sexdecim
2319 3092 2710 3164 promisisset.
2760 3094 2973 3150 Verum
3024 3112 3297 3168 egressus
3352 3097 3619 3154 Alexlum

1978 3179 2143 3251 fugat
2171 3179 2344 3252 longe
2392 3181 2639 3238 celerius
2689 3191 2743 3238 et
2800 3183 3179 3256 longinquius
3230 3201 3405 3259 quam
3439 3187 3620 3259 prius,

1980 3277 2033 3323 et
2080 3269 2362 3325 Thracias
2410 3270 2583 3326 urbes
2642 3273 2864 3342 passim
2908 3274 3231 3345 componit,
3292 3292 3363 3330 ne
3430 3275 3621 3332 dicam

1980 3357 2246 3430 deglutit.
2314 3358 2458 3415 Nam
2535 3360 2637 3431 qui
2700 3377 2831 3417 eum
2904 3364 3258 3435 sequebatur
3315 3364 3620 3421 exercitus.

1980 3447 2308 3519 saepissime
2337 3464 2593 3504 exaureo
2612 3449 2854 3506 ﬂumine
2882 3451 3113 3508 haurire
3144 3453 3415 3524 cupiebat
3443 3452 3624 3509 veluti

1982 3538 2162 3593 morsi
2193 3554 2227 3593 a
2257 3537 2602 3609 dipsadibus
2632 3539 2967 3612 inexplebili
3000 3541 3097 3597 siti
3155 3543 3385 3599 ardens.
3428 3541 3621 3614 Usque

1982 3626 2054 3680 ad
2107 3626 2370 3698 Cypsella
2415 3644 2764 3700 progressus
2820 3629 2878 3685 in
2944 3630 3227 3702 palatium
3296 3630 3618 3688 revertitur.

1980 3718 2139 3770 totus
2182 3731 2381 3770 eorum
2442 3716 2675 3772 factioni
2729 3718 2980 3785 deditus,
3040 3720 3143 3790 qui
3197 3718 3380 3791 patris
3447 3734 3624 3776 excas-

1980 3803 2151 3860 candi
2182 3809 2238 3859 et
2268 3805 2563 3859 evertendi
2590 3805 2790 3861 Alexio
2813 3810 3020 3877 patruo
3057 3808 3352 3877 adjutores
3375 3807 3620 3864 fuerant.

1982 3893 2141 3957 Quod
2206 3908 2337 3947 cum
2388 3893 2643 3948 Isaacius
2701 3895 2850 3950 ferre
2901 3896 3052 3952 780
3084 3912 3199 3951 non
3250 3901 3467 3968 posset,
3497 3898 3620 3967 jam

1983 3981 2155 4053 longo
2186 3985 2445 4050 tempore
2474 3981 2753 4038 ultionem
2790 3982 3026 4039 illorum
3059 3984 3322 4055 cogitans
3358 3983 3478 4040 ﬁlio
3510 4002 3627 4041 ma-

1981 4070 2230 4126 ledicere
2261 4087 2372 4124 non
2406 4069 2741 4136 desistebat,
2800 4074 3118 4142 praesertim
3154 4089 3284 4130 cum
3318 4074 3625 4130 auctorita-

1982 4167 2100 4218 tem
2142 4177 2307 4216 suam
2362 4160 2633 4215 imminui
2664 4165 2720 4216 et
2758 4162 3033 4233 paulatim
3085 4166 3410 4221 exolescere
3465 4171 3522 4221 et
3551 4166 3625 4222 ad

1987 4250 2170 4305 ﬁlium
2203 4249 2456 4304 transire
2506 4260 2783 4305 cerneret.
2820 4251 3237 4322 Indignissime
3279 4271 3511 4326 quoque
3545 4256 3625 4311 fe-

1985 4340 2146 4394 rebat
2221 4338 2695 4409 proclamationis
2771 4342 3203 4397 mutationem:
3262 4359 3398 4399 nam
3471 4343 3628 4400 ﬁlius

1987 4429 2177 4500 priore
2211 4427 2335 4483 loco
2382 4427 2667 4484 contentis
2706 4429 2970 4498 vocibus,
3029 4434 3093 4485 ut
3150 4430 3430 4502 palatium
3467 4449 3630 4488 reso-

1987 4523 2173 4583 naret,
2205 4515 2590 4586 salutabatur,
2629 4517 2754 4587 ipso
2786 4529 3065 4588 tanquam
3097 4518 3250 4575 Echo
3275 4519 3632 4576 submissius

1987 4611 2286 4676 sequente.
2375 4607 2483 4661 Sed
2550 4606 2688 4677 quia
2745 4606 3052 4678 prohibere
3137 4607 3236 4663 illa
3304 4624 3419 4664 non
3479 4616 3633 4680 pote-

1988 4699 2098 4760 rat,
2180 4695 2713 4762 submurmurabat,
2780 4700 2838 4752 et
2891 4697 3042 4769 apud
3102 4713 3199 4753 eos
3276 4696 3486 4769 quibus
3541 4713 3637 4753 ar-

1988 4800 2135 4840 cana
2167 4782 2253 4838 sui
2300 4784 2543 4853 pectoris
2579 4784 3000 4857 committebat,
3054 4785 3209 4841 male
3266 4787 3336 4842 de
3396 4785 3515 4841 ﬁlio
3548 4785 3633 4842 lo-

1991 4871 2313 4943 quebatur:
2349 4887 2539 4942 neque
2569 4872 2728 4927 enim
2773 4875 3092 4946 quidquam
3124 4874 3360 4931 virtutis
3402 4874 3453 4931 ei
3485 4891 3634 4944 esse,

221 4965 701 5036 κατατεινομέναις
749 4962 1117 5039 ἀνευφημεῖτο
1167 4965 1394 5038 φωναῖς,
1438 4961 1512 5024 ὡς
1570 4964 1651 5032 τῷ
1708 4959 1879 5015 πατά-

1991 4977 2106 5016 non
2132 4958 2301 5014 bonis
2350 4958 2609 5015 moribus
2636 4960 3018 5019 informatum
3060 4979 3210 5035 esse,
3229 4964 3329 5020 sed
3361 4964 3638 5036 pessimis

227 5076 310 5130 γῳ
339 5052 724 5110 κόπτεσθαιτὰ
752 5052 1038 5125 ἀνάκτορα,
1074 5052 1101 5105 6
1133 5047 1191 5105 δέ
1237 5050 1375 5105 κατὰ
1427 5050 1489 5104 τὸ
1548 5056 1649 5118 τῆς
1699 5050 1878 5123 ἠχοῦς

229 5142 603 5221 ὑστερόφωνον
663 5138 1068 5214 παρηκολούθει
1116 5144 1234 5201 ταῖς
1295 5140 1497 5201 υἱικαῖς
1556 5138 1646 5193 καὶ
1727 5138 1880 5212 στερ-

226 5230 476 5307 ῥοτέραις
516 5228 927 5303 ἀνακηρύξεσιν.
963 5225 1131 5287 Ούδέν
1165 5224 1222 5281 δὲ
1263 5249 1315 5282 τι
1375 5225 1564 5302 δρᾶσαι
1624 5228 1759 5302 πρὸς
1816 5227 1881 5281 τὰ

227 5323 483 5396 γινόμενα
550 5318 693 5374 οὕτω
779 5315 1074 5390 δυνάμενος
1135 5317 1224 5371 ὑπ’
1280 5314 1473 5371 ὀδόντα
1540 5315 1881 5390 ἐτονθόρυζε,

226 5410 307 5464 καὶ
370 5410 462 5473 οἷς
522 5408 599 5471 ὡς
647 5407 696 5475 ἐξ
786 5404 996 5462 ἀδύτων
1055 5409 1154 5470 τῆς
1209 5404 1431 5480 καρδίας
1490 5403 1761 5479 ἂνεμήρυε
1817 5405 1883 5458 τὰ

224 5496 532 5578 ἀπόρρητα,
564 5497 701 5552 κατᾶ
729 5502 825 5552 τοῦ
859 5499 978 5552 υἱοῦ
1036 5497 1308 5574 ἀπόφημα
1376 5493 1673 5572 διελέγετο,
1736 5493 1885 5549 ἔωλα

226 5589 317 5657 μὲν
350 5590 506 5662 αύτῷ
536 5588 607 5642 τὰ
637 5587 851 5661 χρηστὰ
884 5585 1061 5664 λέγων
1097 5586 1257 5655 εἶναι,
1293 5587 1382 5641 καὶ
1426 5586 1500 5647 ὡς
1560 5581 1674 5639 οὐδ’
1736 5582 1883 5646 ὅλως

221 5678 553 5759 σωφροσύνῃ
591 5673 968 5752 ἐρρύθμισται,
1012 5676 1066 5731 ἐν
1098 5678 1214 5737 τοῖς
1278 5674 1573 5750 χειρίστοις
1629 5672 1693 5727 τὸ
1751 5671 1886 5740 ἦθος

510 5794 792 5858 Panos.
839 5795 947 5859 Gn.
994 5792 1308 5865 CXXXIX.

1991 5047 2200 5105 studiis
2259 5046 2525 5116 occupari
2580 5053 2637 5102 et
2704 5051 3089 5120 pessimorum
3166 5053 3461 5110 hominum
3506 5069 3641 5110 con-

1994 5137 2301 5194 suetudine
2365 5138 2679 5207 corrumpi.
2733 5138 2934 5211 Neque
2988 5142 3110 5198 haec
3141 5141 3286 5199 falsa
3332 5146 3498 5199 erant
3541 5146 3641 5198 aut

1996 5226 2233 5291 inania;
2270 5240 2402 5278 nam
2438 5223 2671 5279 Alexius
2706 5226 2968 5294 pluribus
2997 5235 3055 5285 et
3084 5231 3457 5301 gravioribus
3507 5247 3643 5303 pec—

1996 5314 2142 5369 catis
2176 5310 2553 5381 magniﬂcum
2592 5316 2649 5366 et
2689 5314 2971 5387 inclytum
3007 5318 3231 5390 imperii
3264 5319 3507 5375 Romani
3539 5334 3645 5373 no-

1994 5420 2130 5460 men
2155 5399 2427 5464 foedabat,
2463 5406 2524 5453 ut
2553 5401 2651 5471 qui
2713 5405 2913 5473 paucis
2943 5408 3364 5464 comitantibus
3396 5409 3456 5462 in
3500 5407 3647 5463 Bar-

1994 5494 2269 5548 barurum
2302 5490 2553 5543 tentoria
2610 5490 2909 5560 trajiciens
2958 5496 3210 5566 crapulae
3252 5502 3311 5551 et
3340 5495 3475 5551 aleae
3522 5511 3641 5549 una

1996 5581 2141 5636 731
2182 5592 2314 5632 cum
2353 5573 2471 5629 illis
2503 5593 2605 5646 per
2629 5582 2781 5636 totos
2814 5582 2938 5639 dies
2970 5584 3319 5656 indulgeret.
3347 5585 3481 5654 Ejus
3515 5597 3648 5637 vero

1995 5669 2315 5727 collusores
2344 5663 2621 5723 diadema
2651 5683 2888 5726 aureum
2946 5676 3005 5729 et
3062 5679 3427 5749 gemmatum
3459 5670 3513 5725 ei
3551 5668 3650 5723 de-

3292 5786 3371 5852 30
