4120 6284
239 410 331 477 941

1217 410 1580 476 ISAACIUS
1623 410 1990 476 ANGELUS
2034 414 2131 476 ΕΤ
2175 409 2517 477 ALEXIUS
2561 414 2627 473 F.

3508 422 3627 483 εις

239 570 337 615 νον,
386 548 488 617 τὴν
543 550 645 615 τῆς
695 545 974 620 Γοργόνης
1025 549 1228 600 τυποῦν
1282 544 1545 626 κεφαλήν.
1606 548 1667 604 Ὀ
1720 544 1776 601 δὲ
1831 568 1890 623 γε
1945 548 2125 622 αὐχὴν
2186 545 2393 626 ἀχίτων
2444 541 2517 600 ὥν
2565 546 2654 601 καὶ
2696 544 2835 617 πρὸς
2881 546 2943 601 τὸ
2993 542 3377 623 δολιχόδειρον
3425 551 3630 609 ἀνατει-

241 640 447 712 νόμενος
480 635 700 710 ἃμαχον
763 635 842 699 είς
892 633 1095 704 ἡδονὴν
1149 636 1321 707 θέαμα
1374 637 1464 705 ἦν.
1523 641 1793 693 Τοσοῦτον
1854 633 1901 690 δ’
1959 638 1988 692 ὁ
2046 636 2254 711 χαλκὸς
2311 637 2448 712 πρὸς
2505 637 2603 705 τὴν
2638 633 2838 689 ἐκείνου
2873 634 3105 708 μίμησιν
3139 640 3415 709 πειθήνιος
3448 642 3632 713 ὁπηλ-

244 728 472 793 λάττετο,
533 725 672 780 ὥστε
722 726 811 779 καὶ
872 726 940 780 τὰ
1007 725 1170 800 χείλη
1242 723 1394 796 δόξαν
1451 732 1717 801 παρεῖχον
1788 726 1861 787 ὡς
1927 726 1976 780 εἴ
2039 731 2335 799 προσμενεῖ
2399 747 2483 787 τις
2553 722 2809 802 μείλιχον
2878 728 3059 804 φωνήν
3130 727 3456 789 ἐνωτίσεται.
3529 734 3631 791 Καὶ

242 814 442 896 φλεϐῶν
521 811 579 869 δὲ
654 811 953 875 διεκτάσεις
1032 814 1404 890 ὑπεκρίνοντο,
1480 815 1571 869 καὶ
1647 816 1720 876 ὡς
1800 815 1957 889 ὑγρὸν
2016 814 2146 869 ’ὀλον
2202 816 2264 869 τὸ
2322 818 2481 887 σῶμα
2538 814 2588 868 ἐν
2650 817 2732 877 οἷς
2786 809 2892 869 ἔδει
2953 816 3301 890 περιεκλᾶτο,
3357 822 3446 876 καὶ
3489 828 3633 893 ζωῆς

243 908 431 983 ἀπέχον
506 910 758 981 μετεῖχεν
828 904 904 967 ὡς
972 908 1076 973 ζῶν
1141 903 1539 977 ἀνθηρότητος,
1607 906 1739 965 τοὺς
1806 902 2123 982 ὀφθαλμοὺς
2190 905 2368 978 ἱμέρῳ
2434 905 2588 958 παντῖ
2653 903 2932 979 ῥεόμενον.
2996 908 3286 983 Ἰππουρις
3339 907 3384 963 δ’
3435 911 3636 967 ἐπικει-

245 1006 362 1071 μένη
411 1001 481 1070 τῇ
532 993 745 1075 κεφαλῇ
814 992 986 1049 δεινὸν
1050 994 1378 1067 καθύπερθεν
1448 988 1640 1051 ἔνευεν.
1700 996 1761 1050 Ἦ
1822 991 1878 1047 δὲ
1930 993 2079 1065 κόμη
2130 990 2185 1057 ές
2249 992 2472 1068 πλέγμα
2530 990 2932 1067 διεστραμμένη
2987 995 3079 1050 καὶ
3129 994 3471 1073 δεσμουμένη
3506 997 3634 1056 ὅπί-

241 1098 368 1153 σθεν,
435 1087 536 1155 δση
606 1085 808 1159 κέχυτο
888 1082 947 1137 ἐκ
1015 1083 1303 1155 μετώπων,
1377 1084 1552 1159 τροφή
1603 1103 1685 1143 τις
1747 1083 1812 1150 ἦν
1863 1080 2182 1159 ὀφθαλμῶν,
2236 1084 2311 1154 μή
2365 1081 2560 1137 ἐπίπαν
2610 1088 2688 1155 τῷ
2730 1083 2913 1157 κράνει
2964 1087 3325 1160 συνεχομένη,
3381 1087 3527 1144 ἀλλά
3579 1112 3631 1145 τι

240 1174 318 1230 καὶ
367 1172 824 1249 παρεμφαίνουσα
870 1174 967 1226 τοῦ
1013 1175 1303 1246 πλοχμοῦ.
1354 1172 1475 1228 Τῶν
1525 1168 1581 1224 δέ
1630 1174 1831 1245 χειρῶν
1880 1173 1915 1240 ἡ
1970 1171 2062 1243 μὲν
2116 1168 2247 1224 λαιά
2295 1171 2360 1225 τὰ
2420 1172 2823 1246 συνεπτυγμένα
2868 1178 2970 1240 τῆς
3020 1172 3249 1243 ἐσθῆτος
3292 1176 3634 1249 ἀνέστελλεν,

239 1264 386 1339 ἀτέρα
453 1260 500 1316 δ’
569 1259 914 1334 ἐκτεινομένη
979 1260 1117 1332 πρὸς
1178 1259 1352 1332 κλίμα
1411 1259 1474 1313 τὸ
1528 1259 1708 1313 νότιον
1773 1261 1892 1334 εἶχε
1947 1260 2047 1328 τήν
2101 1257 2348 1339 κεφαλὴν
2397 1259 2577 1334 ἠρέμα
2620 1281 2737 1322 πως
2807 1258 3194 1336 ἐγκλινομένην
3251 1261 3361 1318 ἐκεῖ
3403 1266 3494 1320 καὶ
3542 1270 3636 1330 τὰς

239 1358 334 1409 τῶν
362 1350 664 1432 ὀφθαλμῶν
694 1352 781 1406 ’ἐπ’
812 1348 935 1421 ἴσης
957 1347 1273 1422 τεινομένας
1307 1346 1502 1423 βολὰς,
1536 1348 1654 1412 ’ὀθεν
1688 1349 1738 1403 οἱ
1774 1347 1918 1421 μηδέ
1945 1350 2041 1410 τὰς
2066 1346 2236 1409 θέσεις
2256 1352 2364 1403 τῶν
2391 1348 2637 1421 περάτων
2663 1350 2912 1404 ὁπωσοῦν
2941 1349 3290 1425 ἐπιστάμενοι
3324 1352 3378 1414 ἐς
3410 1352 3634 1431 ἑσπέραν

242 1442 436 1521 ἀφορᾷν
467 1441 530 1496 τὸ
564 1439 790 1516 ἄγαλμα
822 1438 1146 1495 διετείνοντο
1179 1438 1268 1493 καὶ
1302 1440 1418 1491 οἷον
1445 1435 1767 1502 ἐπισπᾶσθαι
1809 1437 1959 1512 χειρὶ
1979 1436 2047 1491 τὰ
2077 1436 2137 1491 ἐκ
2165 1434 2433 1504 δυσμόθεν
2466 1437 2882 1513 στρατεύμαται,
2915 1444 3096 1503 κακῶς
3134 1440 3405 1516 κρίνοντες
3433 1443 3522 1499 καὶ
3558 1445 3634 1521 μὴ

239 1532 363 1608 πρὸς
397 1528 605 1585 ἔννοιαν
635 1529 800 1604 ὂρθήν
827 1535 944 1591 τοῖς
977 1528 1195 1603 ὁρατοῖς
1226 1521 1636 1589 ἐπιϐαλλοντες.

299 1714 366 1771 Οἱ
400 1713 496 1786 μὲν
526 1710 620 1766 οῦν
654 1711 788 1784 μετᾶ
839 1707 1105 1765 τοιούτων
1161 1707 1475 1780 κινημάτων
1503 1712 1602 1776 τῆς
1630 1702 1870 1771 διανοίας
1896 1778 1901 1786 1

2048 1710 2127 1764 Ac
2159 1707 2242 1764 illi
2294 1707 2400 1765 bac
2452 1710 2724 1781 opinione
2775 1710 3008 1782 impulsi
3068 1713 3333 1771 Minervas
3386 1717 3633 1775 simula-

231 1804 289 1859 τὸ
338 1808 442 1872 τῆς
479 1804 716 1871 Ἀθηνᾶς
771 1797 1086 1873 συνέτριψαν
1147 1795 1389 1873 ἄγαλμα,
1423 1794 1458 1865 ἢ
1492 1793 1709 1868 μᾶλλον
1765 1798 1882 1856 τοῖς

237 1892 473 1970 χείροσιν
526 1889 610 1944 ἀεὶ
665 1882 1053 1963 προϐαίνοντες
1101 1887 1191 1941 καὶ
1248 1887 1366 1949 καθ’
1419 1885 1623 1939 ἑαυτῶν
1657 1883 1883 1938 ὁπλῖται

235 1980 508 2057 γινόμενοι
546 1981 649 2048 τήν
706 1974 928 2052 ἀνδρίας
978 1975 1067 2030 καὶ
1127 1977 1441 2053 φρονήσεως
1489 1973 1763 2028 ἐπιστάτιν
1792 1971 1882 2027 καὶ

238 2075 348 2132 τοῖς
396 2070 595 2130 τύποις
653 2068 838 2129 αὐτοῖς
898 2066 1232 2124 ἀπεώσαντο.
1268 2065 1328 2118 Οἱ
1360 2061 1417 2118 δὲ
1451 2063 1696 2136 βασιλεῖς
1728 2060 1882 2117 οὐδὲν

240 2159 319 2215 δτι
356 2160 431 2232 μή
464 2160 564 2227 τήν
594 2155 875 2232 συλλογὴν
923 2160 1035 2210 τῶν
1085 2173 1193 2230 χρη
1207 2154 1388 2227 μάτων
1422 2147 1580 2227 ἔργον
1614 2151 1885 2227 ἀσχολίας

240 2251 412 2319 πάσης
446 2248 599 2323 εἶχον
628 2247 717 2301 καὶ
767 2244 931 2300 πάλιν
992 2246 1281 2316 ἀνώτερον,
1323 2242 1437 2297 ἐπεὶ
1470 2245 1554 2314 [Ρ.
1585 2242 1710 2313 360]
1745 2238 1887 2314 μηδὲ

243 2340 402 2413 κόρος
448 2338 516 2407 ἧν
576 2336 722 2411 παρᾶ
778 2341 896 2398 τοῖς
949 2329 1289 2408 λαμϐάνουσι
1323 2332 1566 2406 λήψεως,
1605 2329 1731 2385 ἀλλ’
1762 2329 1886 2385 ὅσον

242 2429 295 2482 αἱ
347 2425 525 2490 δόσεις
579 2419 932 2500 προῦϐαινυν,
989 2426 1246 2478 τοσοῦτον
1305 2420 1573 2495 ένήκμαζε
1619 2420 1683 2475 τὸ
1723 2417 1888 2495 φιλό-

243 2534 460 2592 χρυσον.
495 2512 721 2587 Ἀμέλει
777 2513 883 2568 κᾶκ
935 2516 1045 2567 τῶν
1099 2509 1346 2565 παλιτῶν
1400 2508 1582 2585 φόρων
1627 2505 1885 2562 ὠδίνοντο

242 2604 526 2680 συλλογαί.
584 2602 794 2661 Τούτου
854 2600 911 2657 δὲ
972 2602 1046 2675 μὴ
1105 2598 1330 2673 ὁμαλῶς
1372 2601 1801 2673 προχωροῦντος
1836 2598 1886 2669 (ὁ

242 2696 339 2773 γὰρ
396 2693 562 2763 λεὼς,
622 2694 721 2747 ὅσα
775 2692 862 2747 καὶ
923 2689 1162 2765 πέλαγος
1232 2688 1427 2764 ἀχανὲς
1485 2688 1573 2741 καὶ
1631 2686 1888 2760 ἀόριστον

245 2782 446 2858 ἀνέμῳ,
475 2788 593 2845 τοῖς
655 2783 730 2855 μὴ
792 2781 1059 2856 θυμήρεσι
1118 2775 1593 2852 διαβριπιζόμενον
1643 2775 1891 2855 ἐπέφρισ-

248 2894 323 2928 σεν
374 2873 452 2935 εἷς
506 2872 820 2944 ἀπόστασιν)
877 2872 976 2939 τῆς
1036 2869 1132 2942 μὲν
1180 2866 1490 2942 προθέσεως
1541 2870 1742 2934 ταύτης
1786 2864 1888 2919 ἀπ-

249 2962 489 3033 έστησαν,
546 2961 674 3022 τοὺς
729 2958 786 3015 δέ
842 2957 1185 3029 ζαπλούτους
1249 2952 1544 3032 ἐπιλέγδην
1598 2952 1888 3024 ἐσύλησαν,

250 3050 390 3112 ὅπως
453 3053 488 3120 ἡ
559 3050 821 3118 Λατινικὴ
879 3046 1224 3122 γαληνιάσειε
1310 3044 1589 3118 βούπεινοι.
1660 3042 1762 3099 Καὶ
1826 3043 1893 3096 τὰ

250 3141 452 3217 χρύσεα
504 3136 563 3193 δὲ
616 3142 715 3194 τοῦ
771 3136 1030 3211 μεγίστου
1095 3136 1198 3190 νεὼ
1250 3132 1454 3189 ἔπιπλα
1513 3132 1891 3207 βαρυτάλαντα

250 3226 394 3301 ὅντα,
427 3228 518 3285 καὶ
550 3228 605 3282 αἱ
653 3226 881 3301 λυχνίαι
941 3225 1033 3279 σὺν
1093 3225 1279 3286 αὐτοῖς
1333 3224 1387 3277 αἱ
1447 3221 1705 3298 ἀργύρεαι
1738 3223 1899 3299 ἀφαι-

250 3320 513 3396 ρούμεναι
592 3317 684 3372 καὶ
776 3312 1205 3390 παραδιδόμεναι
1264 3312 1416 3386 πυρὶ,
1487 3312 1621 3386 πρὸς
1693 3313 1896 3385 βρῶσιν

246 3411 491 3485 ἀτεχνῶς
547 3400 901 3481 προϐέϐλητο
954 3408 1071 3466 τοῖς
1128 3402 1273 3474 κυσὶ,
1328 3402 1417 3457 καὶ
1483 3404 1623 3475 μιξις
1682 3400 1749 3469 ἦν
1793 3404 1901 3455 τῶν

242 3499 492 3575 ἀμίκτων
522 3495 762 3557 ἀνόσιος.

313 3585 380 3647 δ’,
415 3583 598 3641 Ἀλλᾶ
641 3585 731 3640 καὶ
780 3582 987 3639 τούτων
1038 3582 1188 3638 οὕτω
1235 3579 1537 3655 γινομένων
1576 3581 1666 3635 καὶ
1697 3577 1904 3654 προδή-

236 3677 357 3740 λως
392 3674 782 3750 ἀνομουμένων
841 3669 994 3727 οὐδὲν
1051 3670 1380 3744 ἐπεραίνετο.
1432 3664 1769 3726 Ἠϐούλοντο
1800 3668 1901 3743 γὰρ

237 3770 291 3825 οἱ
324 3772 444 3822 τῶν
478 3762 786 3839 χρημάτων
847 3761 1256 3836 εἷσπράκτορες,
1312 3765 1414 3829 τῆς
1474 3762 1580 3813 τῶν
1614 3758 1902 3831 Ῥωμαίων

233 3857 503 3930 εὐηθείας
560 3855 1007 3930 κατατρυφῶντες
1064 3851 1150 3905 καὶ
1228 3855 1328 3919 τῆς
1384 3852 1491 3903 τῶν
1561 3846 1900 3921 κρατούντων

232 3946 614 4019 ἠλιθιότητος
677 3939 1122 4011 καταπαίζοντες,
1198 3939 1326 4000 τοὺς
1409 3938 1502 4010 μὶν
1559 3938 1654 3998 τὰς
1720 3936 1908 4009 τιμίας

232 4037 389 4097 ὕλας
449 4032 905 4109 ἀποφορτίζεσται
962 4031 1090 4102 παρ’
1148 4027 1331 4088 αὐτοῖς
1383 4024 1511 4089 τοὺς
1550 4022 1607 4080 δὲ
1638 4024 1906 4099 παρεστά-

233 4147 333 4182 ναι
413 4123 886 4197 ἀχθοφοροῦντας,
965 4116 1170 4179 ἄλλους
1253 4113 1532 4190 προσιέναι
1616 4133 1904 4188 χρυσαγω-

231 4217 405 4291 γοὺς,
437 4210 615 4273 ἐνίους
672 4206 716 4263 δ’
766 4207 1173 4276 ἐνσκευάζεσθαι
1229 4204 1364 4278 πρὸς
1419 4205 1520 4272 τήν
1578 4201 1776 4280 ἄφιξιν,
1819 4200 1906 4255 καὶ

234 4309 417 4362 τοῦτο
465 4299 689 4376 δρᾶσθαι
739 4296 828 4353 διὰ
875 4297 1094 4360 παντός.
1143 4296 1297 4350 Ὅθεν
1337 4297 1454 4355 τοῖς
1504 4293 1629 4368 περὶ
1677 4293 1777 4361 τὴν
1815 4311 1911 4365 με·-

234 4389 562 4470 γαΛόπολιν
617 4386 923 4467 τρυφηλοῖς
1000 4384 1230 4463 χωρίοις
1309 4383 1399 4437 καὶ
1457 4386 1574 4470 τοῖς
1625 4382 1796 4456 ἱεροῖς
1855 4379 1908 4470 ἐν

1989 1811 2153 1854 crum
2206 1798 2597 1855 contrivcrunt
2632 1816 2645 1868 ;
2679 1817 2743 1855 ac
2775 1801 2967 1872 potius
3025 1802 3267 1861 subinde
3315 1811 3550 1865 ruentes
3580 1809 3641 1866 in

1990 1887 2265 1953 deterius,
2310 1891 2365 1942 et
2422 1892 2626 1944 contra
2685 1897 2863 1947 semet
2920 1892 3080 1964 ipsos
3130 1895 3360 1964 armati,
3413 1897 3641 1955 fortitu-

1991 1976 2147 2032 dinis
2178 1980 2231 2031 et
2286 1977 2604 2049 prudentia
2656 1981 2960 2049 prmsidem
2998 1998 3105 2039 nec
3138 1984 3285 2055 typis
3315 2001 3641 2056 expressam

1993 2066 2146 2137 apud
2180 2081 2243 2122 se
2292 2067 2438 2123 ferre
2471 2072 2802 2138 potuerunt.
2865 2071 3284 2142 Imperatorum
3319 2091 3446 2132 vero
3479 2093 3642 2133 sum-

1995 2170 2084 2209 ma
2142 2159 2198 2211 et
2253 2155 2421 2211 nnica
2477 2158 2772 2228 occupatio
2845 2164 2967 2214 erat
3042 2163 3301 2233 pecunias
3356 2164 3640 2235 collectio,

1995 2246 2145 2316 quod
2198 2245 2354 2302 nulla
2381 2250 2503 2302 erat
2531 2249 2848 2320 accipiendi
2898 2250 3131 2308 satietas
3174 2269 3186 2309 :
3221 2254 3321 2310 sed
3355 2263 3639 2326 quantum

1994 2335 2263 2391 donativa
2309 2338 2682 2407 augebantur,
2737 2344 2966 2395 tantum
3011 2342 3301 2398 crescebat
3361 2344 3487 2400 auri
3531 2361 3635 2401 cu-

1993 2425 2229 2496 piditas.
2263 2426 2579 2497 Cupiebant
2635 2431 2809 2483 etiam
2841 2447 2874 2484 a
2915 2430 3142 2487 civibus
3172 2433 3397 2504 exigere
3449 2435 3636 2491 tribu-

1992 2516 2141 2568 tum.
2198 2513 2304 2567 Sed
2363 2529 2496 2570 cum
2549 2532 2612 2572 ea
2673 2532 2765 2572 res
2822 2533 2937 2573 non
2991 2519 3251 2590 expedite
3309 2523 3644 2580 succederet

1996 2604 2154 2673 (nam
2196 2602 2448 2673 populus
2479 2602 2667 2659 invisa
2714 2605 3102 2676 postulatione
3146 2607 3428 2677 irritatus,
3458 2611 3645 2666 instar

1998 2691 2138 2747 vasti
2172 2693 2350 2746 maris
2383 2696 2548 2748 vento
2606 2693 2955 2766 conturbati,
2988 2695 3371 2753 defectionem
3415 2704 3643 2770 specta-

1999 2780 2136 2852 bat),
2169 2781 2384 2836 omisso
2423 2781 2522 2837 illo
2583 2783 2878 2854 proposito
2936 2801 3032 2841 eos
3062 2786 3157 2855 qui
3212 2786 3486 2843 ditissimi
3516 2803 3648 2845 esse

1999 2874 2330 2929 ferebantur
2409 2874 2750 2945 spoliarunt,
2826 2882 2890 2931 ut
2961 2879 3292 2934 Latinorum
3343 2879 3649 2952 cupiditati

1998 2963 2296 3017 immensae
2356 2963 2516 3019 ﬁeret
2591 2964 2749 3020 satis.
2810 2965 3085 3022 Praeterea
3162 2968 3402 3024 maximi
3451 2968 3649 3041 templi

2005 3067 2176 3108 aurea
2224 3052 2647 3124 suppellectilia
2727 3055 2867 3110 ’141
2961 3056 3274 3112 multorum
3360 3057 3647 3116 talentum

2008 3145 2064 3196 et
2110 3142 2363 3211 argentei
2421 3140 2616 3214 lychni
2672 3158 2786 3198 una
2830 3144 3055 3217 abrepti
3124 3145 3553 3215 conﬂabantur,
3594 3154 3651 3204 et

2011 3229 2177 3300 plane
2209 3231 2448 3287 canibus
2506 3232 2928 3304 objiciebantur
2957 3234 3133 3292 rebus
3182 3252 3300 3293 non
3334 3237 3647 3295 miscendis

2011 3320 2222 3377 nefarie
2253 3321 2588 3379 commistis.

2083 3580 2136 3634 4.
2187 3579 2386 3651 Neque
2414 3583 2608 3637 tamen
2663 3582 2984 3639 manifestis
3039 3582 3273 3656 injuriis
3320 3583 3449 3640 istis
3491 3583 3657 3655 quid-

2012 3684 2182 3740 quam
2217 3670 2686 3739 proficiebantur.
2719 3671 2861 3726 Nam
2913 3672 3169 3743 pecunias
3225 3676 3513 3729 exactores
3544 3672 3658 3728 Ro-

2014 3774 2316 3813 manorum
2348 3758 2705 3829 simplicitati
2757 3762 3102 3816 insultantes
3130 3765 3186 3817 et
3238 3762 3657 3833 imperatorum

2014 3846 2294 3904 vecordiae
2344 3847 2650 3903 illudentes
2681 3848 3058 3920 postulabant
3116 3856 3179 3904 ut
3226 3849 3323 3905 alii
3357 3850 3658 3907 materiam

2015 3935 2325 4008 pretiosam
2350 3936 2499 4005 apud
2535 3953 2597 3991 se
2627 3936 3004 4008 deponerent,
3034 3937 3133 3992 alii
3166 3954 3342 3994 onera
3366 3940 3661 3995 sustinen-

2016 4031 2102 4080 tes
2133 4027 2407 4090 astarent,
2444 4024 2539 4078 alii
2574 4024 2697 4080 auri
2749 4024 2924 4095 bajuli
2958 4027 3312 4096 accederent,
3364 4027 3462 4083 alii
3496 4044 3557 4084 se
3585 4028 3658 4084 ad

2018 4130 2311 4170 accessum
2345 4118 2633 4184 pararent,
2667 4113 2839 4184 idque
2871 4116 3236 4173 continenter
3266 4117 3450 4173 ﬁeret.
3506 4119 3663 4176 Unde

2018 4203 2272 4259 hostium
2321 4204 2496 4258 duces
2544 4203 2881 4259 suburbana
2912 4206 3126 4275 praedia
3174 4207 3577 4263 ammnissima
3604 4210 3663 4263 et

2019 4309 2207 4349 sacras
2241 4294 2390 4349 aedes
2417 4291 2777 4364 Propontidis
2816 4297 2872 4349 et
2902 4295 3382 4366 splendidissima
3411 4296 3661 4367 impera-

2019 4386 2207 4437 torum
2269 4383 2502 4454 palatia,
2537 4381 2633 4437 alii
2665 4381 2736 4437 ab
2777 4382 2907 4439 aliis
2963 4383 3242 4454 instigati,
3293 4385 3531 4454 direptis
3562 4398 3667 4457 per

239 4465 597 4559 ὺροποντίδι
657 4465 901 4551 τεμένεσι
952 4480 1070 4536 τοῖς
1113 4495 1172 4529 τε
1220 4468 1633 4546 λαμπροτάτοις
1692 4467 1901 4524 οἰκοπέ-

2024 4473 2172 4527 vices
2201 4470 2271 4526 iis
2328 4487 2449 4542 quas
2506 4471 2751 4538 inerant,
2786 4473 3148 4540 cremabant,
3182 4472 3325 4527 nulli
3377 4473 3667 4530 maritimo

235 4555 372 4634 δοις
403 4574 513 4625 τῶν
568 4564 837 4644 βασιλέων
892 4561 1177 4637 παράλλαξ
1238 4562 1290 4617 οἱ
1348 4559 1646 4635 στρατηγοὶ
1703 4555 1915 4637 ἐφιστά-

240 4681 436 4736 μενοι,
468 4658 559 4713 καὶ
610 4657 756 4730 παρὰ
818 4656 1039 4729 θάτερον
1096 4653 1285 4726 ἀτερος
1344 4646 1725 4720 ὁπλιζόμενοι,
1756 4646 1916 4701 ἐσκύ-

240 4733 421 4807 λευόν
476 4768 537 4803 τε
591 4747 658 4802 τὰ
728 4743 915 4799 ἐνόντα
982 4740 1072 4797 καὶ
1148 4739 1282 4795 αὕτα
1338 4737 1467 4813 πυρὶ
1525 4733 1909 4812 παρεδίδοσαν,

243 4837 577 4920 φειδόμενοι
668 4830 900 4909 μηδενὸς
976 4829 1249 4906 παραλίου
1326 4823 1776 4920 οίκοδομήματοξ
1861 4826 1914 4880 οἱ

246 4909 358 4984 τοῦ
424 4909 612 4982 ἐκαλοῦ
715 4922 1018 4998 ἀνέραστοι,
1116 4915 1543 4997 κηρεσιφόρητοι
1616 4909 1912 4990 Βάρϐαροι.

247 5016 505 5073 Πλεῖστα
535 5014 595 5070 δὲ
633 5012 728 5069 κᾶν
783 5018 905 5075 ταῖς
962 5009 1093 5084 ᾐόσι
1142 5014 1242 5077 τῆς
1295 5003 1512 5065 πόλεως
1562 5000 1914 5065 ἐπιπλέοντες

248 5107 530 5162 συνίστων
582 5102 852 5175 πόλεμον.
912 5099 1012 5154 Καὶ
1071 5099 1137 5168 ἦν
1189 5099 1225 5166 ἡ
1283 5095 1405 5165 νίκη
1456 5089 1759 5167 ἀμοιϐαδὸν
1794 5092 1914 5149 ἐπι-

254 5193 542 5269 μειδιῶσά
591 5211 725 5247 ποτε
779 5189 870 5245 καὶ
917 5185 1213 5261 Ῥωμαίοις
1244 5184 1333 5240 καὶ
1377 5184 1452 5256 μή
1502 5188 1710 5269 τιθεῖσα
1738 5182 1912 5269 πάντη

244 5266 325 5339 τὰ
355 5287 466 5338 τῶν
508 5280 767 5337 ἐναντίων
800 5275 1156 5353 ἀπρόσμαχα,
1192 5272 1357 5328 ὁπότε
1400 5270 1492 5325 καὶ
1548 5270 1610 5324 τὸ
1662 5266 1915 5343 δημῶδες

241 5381 358 5444 τῆς
438 5371 662 5432 πόλεως
745 5366 1115 5444 ἀνδριζόμενοι
1199 5362 1460 5418 ἐνέκειντο
1535 5360 1627 5414 τὸν
1693 5356 1917 5433 βασιλέα

241 5462 587 5536 αἰτούμενοι
664 5454 987 5532 συνάρασθαί
1070 5473 1220 5533 σφισι
1310 5449 1444 5525 μετᾶ
1519 5447 1916 5524 στρατεύματος

240 5554 402 5609 κατὰ
445 5557 551 5621 τῆς
617 5553 725 5604 τῶν
812 5545 1095 5619 πολεμίων
1178 5539 1624 5615 ἀντιμαχήσεως,
1704 5542 1919 5599 πιστοῖς

245 5642 379 5699 οῦσι
438 5639 534 5695 καὶ
580 5638 939 5712 πατριώταις,
971 5633 1121 5711 εἷ’περ
1176 5633 1251 5707 μή
1301 5628 1515 5709 χείλεσι
1550 5627 1645 5700 μὲν
1677 5625 1922 5701 Ῥωμαία

240 5753 382 5797 νοις
436 5727 807 5809 προστίθεται,
853 5728 922 5803 τῇ
973 5722 1030 5782 δὲ
1078 5718 1274 5799 καρδίᾳ
1322 5716 1575 5782 Λατίνοις
1601 5715 1917 5793 προσνένευ-

2022 4562 2265 4618 aediﬁcio
2301 4567 2622 4635 parcentes,
2657 4561 2923 4619 homines
2978 4560 3234 4627 Barbari,
3262 4562 3333 4617 ab
3364 4562 3522 4617 omni
3553 4560 3668 4618 ele-

2022 4651 2219 4724 gentia
2251 4650 2423 4706 alieni
2453 4657 2508 4707 et
2539 4651 2598 4705 in
2656 4650 2949 4723 pernicem
2991 4650 3294 4707 hominum
3328 4651 3468 4707 nati.
3502 4650 3670 4707 Multi

2022 4740 2197 4796 etiam
2246 4740 2466 4796 urbana
2534 4739 2725 4796 littora
2780 4740 3035 4812 legentes
3112 4756 3361 4811 pugnam
3415 4738 3668 4808 ciebant,

2022 4829 2254 4884 victoria
2285 4844 2399 4885 non
2457 4828 2601 4900 ipsis
2650 4832 2925 4900 perpetuo
2980 4828 3231 4899 addicta,
3292 4829 3392 4885 sed
3426 4827 3667 4886 alternis

2022 4914 2189 4971 etiam
2240 4912 2520 4969 Romanis
2552 4913 2861 4986 aliquando
2893 4914 3136 4970 favente.
3179 4914 3243 4969 Et
3274 4914 3531 4971 urbanus
3562 4930 3666 4985 po-

2024 5002 2217 5076 pulus,
2253 5002 2461 5058 ﬁducia
2490 5011 2745 5074 sumpta,
2787 5003 2856 5059 ab
2885 5002 3232 5075 imperatore
3261 5004 3576 5076 postulavit
3605 5006 3669 5059 ut

2025 5094 2258 5165 sibi,qui
2316 5092 2517 5149 fideles
2574 5092 2688 5165 ipsi
2737 5096 2794 5148 et
2848 5093 3150 5164 populares
3207 5093 3392 5165 ipsius
3450 5099 3670 5160 essent,

2025 5197 2157 5236 cum
2192 5180 2441 5237 exercitu
2473 5181 2543 5235 ad
2566 5180 2955 5237 resistendum
2987 5180 3248 5238 hostibus
3275 5198 3442 5254 opem
3476 5183 3669 5250 ferret,

2025 5270 2141 5326 nisi
2188 5271 2331 5325 forte
2362 5268 2531 5324 labiis
2578 5271 2858 5326 duntaxat
2898 5269 3176 5326 Romanis
3209 5270 3445 5338 faveret,
3479 5269 3673 5327 animo

2028 5377 2158 5417 vero
2204 5361 2271 5414 ad
2307 5360 2543 5415 Latinos
2590 5360 2991 5432 prependeret.
3026 5360 3232 5417 Verum
3265 5361 3380 5417 illas
3432 5356 3681 5430 Postula.

2028 5449 2214 5504 tiones
2239 5453 2403 5503 erant
2434 5447 2626 5504 irritae.
2680 5448 2820 5503 Nam
2862 5452 2919 5504 et
2972 5448 3204 5506 Alexius
3232 5448 3303 5505 ab
3334 5453 3513 5505 armis
3543 5463 3685 5505 con-

2032 5542 2119 5593 tra
2171 5536 2401 5592 Latinos
2458 5538 2760 5594 sumendis
2820 5536 3191 5608 abhorrebat,
3252 5538 3430 5610 idque
3481 5535 3685 5592 inutile

2030 5642 2158 5683 esse
2212 5627 2498 5698 putabat;
2541 5633 2598 5685 et
2650 5629 2799 5683 742
2858 5632 3027 5699 pater
3084 5629 3210 5698 ejus
3268 5629 3325 5684 id
3382 5624 3687 5684 consilium

2031 5717 2227 5787 dabat,
2288 5714 2494 5773 inanes
2553 5715 2897 5788 promiscua
2956 5716 3139 5773 turbas
3196 5714 3478 5776 clamores
3507 5707 3686 5781 negli-
