4120 6284
411 391 534 458 N3.

1709 385 2024 448 NICETIE
2066 386 2500 449 ΟΗΟΝΙΑΤΑΞ

3699 391 3815 452 9M

411 529 656 604 gendos,
684 542 783 584 eos
813 540 944 582 vero
971 539 1216 598 quorum
1249 540 1358 596 ope
1388 523 1448 578 in
1484 522 1730 596 patriam
1760 522 2046 578 restitutus

2176 541 2288 578 κεν.
2325 525 2496 578 Ἦσαν
2557 519 2614 578 δὲ
2677 523 2732 578 αἱ
2790 519 3114 599 ἐπαγγελίαι
3169 521 3306 597 πρὸς
3359 518 3532 594 μηδὲν
3560 519 3820 594 ἀνύσιμον

408 622 579 688 esset,
645 616 894 672 summis
948 613 1269 672 honoribus
1326 613 1663 670 alliciendos
1711 627 1859 667 esse.
1917 611 2059 666 Huic

413 707 710 764 sententias
742 704 998 776 reliquiae
1057 719 1289 776 quoque
1327 701 1681 774 imperatorii
1737 702 1968 772 generis
1998 701 2057 756 in

407 795 592 852 Alexii
626 793 863 866 aequalis
895 794 983 850 sui
1014 794 1261 866 gratiam
1293 792 1777 849 assentiebantur.
1811 791 2056 857 Quidam

411 885 582 941 etiam
616 882 838 940 Latinis
888 881 1200 938 familiares
1243 882 1373 939 iacti
1432 880 1722 952 colloquia
1751 881 1961 936 civium
1994 885 2060 934 ut

404 979 626 1031 veteres
695 988 876 1045 nugas
945 971 1422 1044 aspernabantur,
1505 971 1771 1026 Latinum
1842 969 2056 1026 bellum

408 1063 594 1138 magis
665 1063 1108 1119 reformidantes
1186 1077 1357 1134 quam
1413 1077 1715 1118 cervorum
1776 1061 2058 1117 exercitus

407 1155 732 1226 rugientem
780 1151 1028 1208 leonem.
1061 1149 1226 1208 Solus
1273 1151 1534 1206 omnium
1585 1150 1773 1206 Ducas
1801 1149 2055 1215 Alexius,

409 1242 500 1298 cui
547 1243 620 1298 ob
652 1240 964 1311 conjuncta
1011 1238 1320 1312 supercilia
1376 1244 1433 1296 et
1460 1240 1616 1296 velut
1649 1239 1834 1295 oculis
1870 1239 2058 1296 immi-

411 1331 609 1388 nentia
653 1329 918 1388 Murzuﬂi
967 1337 1406 1400 cognomentum
1455 1329 1528 1384 ab
1575 1327 1890 1400 aequalibus
1937 1333 2058 1384 erat

409 1420 683 1485 inditum,
717 1419 878 1492 regni
919 1417 1238 1490 cupiditate
1268 1417 1538 1490 ﬂagrans,
1575 1423 1636 1472 ut
1665 1416 1877 1472 civium
1923 1433 2056 1490 gra-

412 1510 553 1565 tiam
620 1508 935 1580 colligeret,
985 1524 1116 1562 cum
1177 1507 1398 1563 Latinis
1441 1522 1696 1577 pugnare
1751 1522 1928 1562 ausus
1983 1507 2053 1562 ad

411 1598 768 1656 Perforatum
815 1612 1016 1652 saxum
1073 1600 1128 1652 et
1157 1597 1498 1668 contiguum
1530 1595 1616 1650 illi
1675 1595 1954 1652 fornicem
1985 1594 2057 1652 il-

408 1687 590 1744 lustre
635 1687 864 1742 virtulis
921 1687 1204 1758 specimen
1271 1686 1467 1742 edidit.
1526 1685 1635 1742 Sed
1691 1684 2054 1757 pepularium

407 1775 622 1832 ducum
654 1774 810 1832 nullo
842 1775 1146 1845 adjutante
1169 1776 1328 1847 (nam
1358 1775 1418 1831 id
1442 1775 1750 1846 imperator
1779 1775 2054 1845 vetuerat)

409 1870 610 1936 captus
653 1871 829 1932 esset,
891 1865 1042 1920 743
1117 1881 1262 1936 equo
1317 1863 1377 1920 in
1435 1879 1620 1936 genua
1679 1863 1946 1936 prolapso
2003 1871 2056 1920 et

412 1956 688 2012 omnibus
721 1971 902 2012 unum
923 1956 1128 2010 ducem
1151 1953 1620 2027 petentibus,nisi
1653 1969 1858 2009 manus
1887 1953 2056 2026 sagit-

407 2044 691 2100 tariorum
747 2060 882 2100 eum
915 2043 1286 2100 defendisset.
1339 2042 1584 2098 Proinde
1609 2041 1833 2114 plebeia
1863 2042 2056 2100 multi-

409 2135 565 2200 tudo,
621 2149 754 2188 cum
807 2133 1102 2188 neminem
1154 2133 1254 2204 qui
1311 2137 1510 2188 contra
1571 2133 1807 2190 Latinos
1885 2149 2052 2205 opem

408 2220 585 2276 ferret
616 2221 919 2291 inveniret,
977 2220 1314 2278 defectionis
1345 2221 1590 2278 consilia
1635 2222 1853 2294 agitare
1885 2223 2055 2294 coapit

409 2313 465 2365 et
496 2311 776 2367 conviciis
829 2312 1212 2384 imperatores
1261 2311 1548 2383 insectari,
1606 2313 2054 2385 cogitationibus

408 2415 533 2470 quas
565 2399 664 2456 diu
695 2399 907 2456 animis
937 2399 1226 2456 latuerant
1253 2401 1708 2472 erumpentibus.
1758 2403 2056 2473 Agebatur

405 2492 530 2545 tum
564 2489 836 2546 vicesima
865 2488 1064 2560 quinta
1094 2489 1217 2546 dies
1245 2490 1462 2546 mensis
1492 2490 1772 2559 Januarii,
1805 2492 2054 2563 septima

409 2576 744 2644 indictione,
780 2595 932 2634 anno
959 2579 1120 2650 67l2.
1150 2580 1446 2636 Concursu
1477 2585 1674 2637 autem
1707 2582 1960 2637 maxime
1991 2582 2051 2638 in

405 2683 684 2740 magnum
741 2669 1022 2741 templum
1082 2668 1254 2735 facto,
1302 2669 1472 2724 etiam
1506 2674 1743 2726 senatus
1773 2675 1830 2726 et
1876 2669 2050 2728 colle-

402 2755 564 2830 gium
608 2757 952 2830 pontificum
1003 2763 1060 2814 et
1109 2758 1634 2816 ecclesiasticarum
1674 2761 1956 2832 primores
1984 2777 2052 2817 eo

401 2860 741 2919 convenere,
757 2853 814 2904 et
852 2849 922 2904 de
951 2847 1296 2918 imperatore
1335 2849 1638 2919 deligendo
1670 2867 1786 2906 una
1831 2849 2049 2906 delibe-

411 2952 538 2992 rare
595 2941 732 2992 sunt
760 2937 964 2994 coacti.
1009 2939 1152 2993 Cum
1212 2942 1406 2993 autem
1447 2937 1763 2994 sententias
1821 2955 2052 3012 rogare-

403 3040 554 3094 mur,
634 3024 796 3080 nullo
855 3025 1028 3082 modo
1091 3031 1352 3082 auctores
1405 3043 1534 3083 esse
1592 3032 1924 3098 poteramus
1991 3031 2055 3082 ut

401 3112 844 3183 imperatoribus
895 3113 1090 3168 statim
1125 3115 1326 3185 ejectis
1359 3113 1530 3170 alium
1577 3122 1861 3182 crearent,
1893 3115 2050 3171 haud

404 3200 880 3272 ignari,quisquis
907 3202 1242 3273 designatus
1271 3211 1436 3270 esset,
1469 3219 1604 3260 eum
1645 3220 1780 3260 cum
1813 3209 1887 3260 ob
1912 3203 2050 3274 alia,

401 3296 526 3342 tum
555 3289 706 3360 quod
751 3289 1078 3345 Latinorum
1113 3292 1288 3346 duces
1343 3309 1549 3348 rursus
1598 3292 1860 3349 Alexium
1891 3309 2050 3350 sum-

399 3375 515 3431 mis
543 3375 768 3434 viribus
795 3377 1090 3434 defensuri
1121 3385 1340 3447 essent,
1375 3382 1720 3453 posteriores
1771 3383 2044 3438 laturum.

397 3466 472 3520 At
499 3463 684 3538 plebs,
719 3469 783 3522 ut
828 3467 1074 3540 simplex
1105 3469 1196 3524 est
1243 3481 1296 3526 et
1330 3471 1622 3528 mutabilis
1667 3476 1724 3528 et
1755 3472 1896 3528 nihil
1933 3473 2046 3528 nisi

399 3552 703 3612 libidinem
763 3557 820 3612 in
853 3558 1096 3614 consilio
1151 3558 1340 3628 habet,
1387 3577 1446 3616 se
1477 3560 1824 3632 Angelorum
1859 3561 2045 3632 impe-

398 3643 546 3701 rium
605 3646 824 3702 diutius
889 3646 1266 3704 toleraturam
1320 3650 1587 3721 negabat,
1651 3667 1834 3722 neque
1888 3651 2047 3722 prius

397 3733 781 3792 discessuram
815 3751 992 3808 quam
1026 3736 1433 3808 imperatorem
1466 3754 1533 3793 ex
1563 3740 1850 3795 sententia
1880 3748 2047 3796 nacta

399 3833 566 3884 esset.
619 3827 806 3900 igitur
835 3828 959 3900 ipsa
1004 3845 1064 3884 re
1124 3831 1556 3888 contumaciam
1617 3833 1916 3890 hominum
1950 3849 2046 3890 ex-

398 3917 568 3990 perti,
603 3917 862 3974 fortunas
893 3923 1123 3974 nostras
1173 3919 1520 3977 miserantes
1553 3926 1609 3977 et
1637 3923 1855 3977 affatim
1893 3924 2046 3979 ³144

399 4005 786 4080 lacrymantes
817 4009 1198 4080 quiescimus,
1224 4011 1359 4083 quid
1397 4013 1648 4068 futurum
1683 4012 2044 4078 esset,multo

399 4104 532 4151 ante
584 4097 1021 4168 prospicientes.
1053 4099 1200 4154 Dum
1252 4105 1445 4156 autem
1497 4099 1582 4156 illi
1613 4101 1924 4173 diligenter
1953 4103 2038 4158 im-

397 4189 725 4254 peratorem
762 4193 1029 4258 quaerunt
1059 4193 1114 4244 et
1167 4189 1314 4246 alios
1345 4198 1512 4261 atque
1541 4191 1687 4247 alios
1713 4208 1780 4246 ex
1826 4191 2042 4248 nobili-

395 4273 506 4330 bus
540 4274 772 4330 lamiliis
799 4274 1124 4348 designant,
1159 4281 1392 4335 tandem
1418 4280 1488 4335 iis
1519 4279 1790 4336 omnibus
1823 4281 2045 4352 impro-

394 4363 564 4432 batis,
619 4363 872 4435 plebeios
949 4367 1328 4438 magistratus
1383 4373 1440 4424 et
1492 4369 1768 4440 quosdam
1858 4371 2042 4427 nostri

392 4452 614 4510 ordinis
693 4453 964 4511 manibus
1043 4461 1363 4528 prehensos
1434 4459 1696 4530 accipere
1767 4475 2039 4516 coronam

391 4542 607 4599 strictis
655 4543 891 4599 ensibus
931 4543 1330 4601 hortabantur.
1365 4549 1489 4600 Heu
1524 4545 1537 4600 l
1573 4545 1720 4602 heu!
1755 4547 1892 4619 quid
1935 4547 2038 4606 illo

388 4631 644 4702 periculo
675 4633 912 4706 gravius
941 4637 1110 4704 atque
1131 4633 1402 4689 acerbius
1433 4634 1460 4690 ‘I
1491 4635 1629 4706 quid
1653 4634 1813 4693 illius
1841 4636 2033 4693 conci-

385 4719 583 4778 liabuli
643 4723 906 4779 vecordia
961 4723 1291 4780 dementius
1343 4725 1601 4796 magisve
1652 4725 1956 4783 ridiculum
2005 4725 2034 4782 ?

390 4809 819 4881 Designationis
851 4827 912 4867 ea
935 4813 1082 4868 ratio
1099 4812 1442 4870 atterebatur
1467 4829 1479 4869 :
1507 4836 1535 4865 «
1555 4814 1787 4871 Vestem
1818 4815 2030 4871 habes:

385 4903 509 4952 esto
541 4906 738 4954 noster
768 4900 1097 4970 imperator.
1133 4924 1160 4952 ››
1196 4901 1303 4958 Vix
1335 4906 1556 4959 tandem
1591 4905 1783 4961 triduo
1813 4904 2030 4976 elapso,

385 4985 810 5042 adolescentem
851 4993 1158 5060 quemdam
1221 4991 1514 5048 Nicolaum
1546 4994 1840 5050 Canabum
1887 4993 2032 5050 invi-

385 5078 510 5129 tum
567 5074 977 5145 imperatorem
1041 5079 1405 5152 inaugurant.
1465 5082 1596 5146 Quae
1655 5082 1754 5138 ubi
1805 5082 2032 5138 Alexius

383 5162 603 5220 audivit
650 5163 806 5235 (nam
858 5166 1110 5224 Isaacius
1157 5171 1412 5226 animam
1462 5172 1690 5244 agebat,
1744 5171 1856 5228 illis
1901 5172 2031 5228 diu-

383 5251 538 5306 turni
572 5251 802 5323 imperii
846 5257 1324 5325 praedictionibus
1372 5259 1498 5331 ipso
1530 5264 1735 5317 eventu
1769 5261 2030 5318 refutatis

381 5343 438 5394 et
469 5355 585 5396 non
618 5339 785 5396 aliter
817 5357 989 5413 quam
1043 5344 1488 5402 febricitantium
1548 5347 1776 5404 somnia
1824 5366 2033 5406 evane—

381 5427 719 5499 scentibus),
797 5431 1156 5488 Bonifacium
1233 5437 1628 5492 marcbionem
1713 5439 1955 5494 accersit
2015 5456 2031 5506 ;

381 5515 639 5588 initoiue
685 5519 925 5576 consilio
952 5520 1172 5591 utrique
1203 5524 1386 5580 visum
1420 5534 1502 5582 est
1549 5527 1784 5582 Latinas
1827 5528 2030 5584 cohor-

377 5611 468 5664 tes
509 5606 567 5662 in
619 5608 902 5679 palatium
962 5609 1350 5668 admittendus
1403 5629 1546 5684 esse,
1580 5616 1790 5687 quibus
1845 5634 2030 5675 novus

378 5695 490 5754 iste
521 5696 852 5772 imperator,
911 5702 970 5755 et
999 5701 1250 5780 populus
1282 5702 1380 5775 qui
1413 5703 1576 5760 illum
1638 5705 2028 5779 designasset,

2163 614 2478 684 προϊοῦσαι.
2509 612 2574 669 *Ο
2607 631 2668 666 τε
2717 611 2813 688 γὲρ
2872 609 3120 682 Ἀλέξιος
3177 609 3454 666 ὡπλίσθαι
3485 611 3624 668 κατὰ
3654 613 3820 668 Λατί-

2165 719 2272 752 νων
2305 701 2381 772 μή
2414 701 2685 780 πεφωκὼς
2728 698 2866 773 ᾢετο
2913 699 3004 756 καὶ
3058 699 3398 777 ἀσύμφορον,
3425 699 3518 756 καὶ
3568 702 3597 756 ὁ
3627 699 3819 758 τούτου

2161 793 2341 865 πατὴρ
2445 792 2713 855 Ἰσαάκιος
2813 792 3002 868 είσῆγε
3073 789 3404 866 παραίφασιν
3495 797 3816 870 κενοφωνεῖν

2159 880 2289 942 τοὺς
2345 878 2404 935 ἐκ
2453 878 2688 956 τριόδων
2765 881 2877 953 ἐᾷν,
2957 880 3090 944 τοὺς
3148 877 3198 936 δ’
3253 881 3416 936 αὐτὸν
3475 881 3820 958 καταγαγόν-

2159 990 2256 1030 τας
2311 968 2388 1031 εἷς
2447 971 2547 1039 τήν
2575 967 2812 1047 πατρίδα
2865 976 3036 1044 τιμῆς
3077 971 3176 1039 τῆς
3231 969 3491 1026 ἀνωτάτω
3515 971 3822 1041 καταξιοῦν.

2163 1061 2291 1120 Ταῖς
2350 1055 2407 1114 δὲ
2459 1061 2710 1136 γνώμαις
2765 1058 2990 1124 ταύταις
3037 1057 3479 1136 προσεπέῤῥεπον
3505 1058 3597 1114 καὶ
3628 1063 3697 1114 τὰ
3723 1064 3821 1116 τοῦ

2164 1146 2445 1224 βασιλείου
2528 1149 2715 1224 γένους
2802 1147 3306 1226 ἐγκαταλείμματα,
3392 1146 3586 1219 ἢλικες
3655 1146 3823 1218 ἥλικα

2159 1238 2443 1312 τέρποντες
2503 1239 2595 1293 τὸν
2653 1237 2919 1310 ’Δλέξιον.
2972 1243 3158 1296 Ἔνιοι
3209 1234 3266 1292 δὲ
3294 1236 3385 1292 καὶ
3414 1241 3534 1299 τοῖς
3565 1235 3820 1298 Λατίνοις

2160 1327 2236 1388 είς
2295 1327 2538 1403 ἑταίρους
2596 1330 2975 1404 ἀνακριθέντες
3049 1329 3124 1390 ὡς
3196 1327 3405 1390 ἑώλους
3463 1325 3666 1389 ὕθλους
3723 1327 3823 1391 τὰς

2157 1419 2268 1470 τῶν
2326 1414 2570 1472 πολιτῶν
2627 1415 2883 1490 ἐντεύξεις
2938 1415 3299 1494 παρέτρεχον,
3355 1417 3448 1470 τὸν
3488 1421 3597 1471 τῶν
3648 1417 3820 1470 Λατί-

2158 1526 2262 1560 νων
2293 1505 2646 1582 ἐκρεπόμενοι
2701 1505 2951 1580 πόλεμον
3002 1507 3078 1570 ὡς
3119 1503 3246 1562 οὐδὲ
3277 1505 3474 1562 λέοντα
3507 1505 3826 1581 βρυχητίαν

2159 1591 2376 1672 ἐλάφων
2411 1593 2800 1672 στρατόπεδον.
2851 1594 3035 1659 Μόνος
3091 1591 3136 1649 δ’
3188 1594 3248 1650 ἐκ
3302 1593 3518 1650 πάντων
3553 1595 3582 1649 ὁ
3617 1593 3827 1657 Δούκας

2162 1683 2430 1754 Ἀλέξιος,
2475 1685 2532 1748 ὃς
2592 1683 2652 1740 ἐκ
2701 1688 2800 1740 τοῦ
2858 1683 3218 1740 συνεσπάσθαι
3248 1683 3344 1746 τὰς
3378 1683 3546 1762 ὀφρῦς
3573 1683 3667 1738 καὶ
3701 1685 3820 1738 οἷον

2156 1780 2274 1838 τοῖς
2315 1775 2631 1850 ὀφθαλμοῖς
2684 1776 3081 1852 ἐπικρέμασθαι
3137 1777 3274 1852 πρὸς
3329 1779 3440 1854 τῷν
3495 1769 3816 1846 συνεφήϐων

2083 1862 2519 1960 Βέπωνόμαστο
2576 1863 3029 1942 Μούρτζουφλος,
3086 1862 3234 1934 πλήν
3283 1865 3376 1918 καὶ
3444 1863 3605 1927 οὗτος
3661 1865 3820 1940 βασι-

2162 1952 2324 2009 λείῶν
2372 1953 2464 2009 καὶ
2510 1955 2609 2024 τήν
2653 1958 2760 2009 τῶν
2809 1951 3053 2009 πολιτῶν
3101 1951 3539 2028 ἐπιτεχνώμενος
3581 1952 3816 2024 εὔνοιαν,

2159 2044 2253 2098 τὸν
2309 2045 2444 2099 κατᾶ
2499 2047 2606 2098 τῶν
2667 2041 2908 2099 Λατίνων
2963 2039 3256 2117 ἀπεθάρρει
3304 2041 3577 2113 πόλεμον,
3617 2042 3812 2117 ἀρετῆς

2165 2134 2248 2206 [Ρ.
2284 2135 2414 2205 361]
2467 2153 2528 2188 τε
2585 2132 2659 2194 ὡς
2721 2131 2962 2206 μάλιστα
3019 2132 3348 2205 ποιούμενος
3407 2127 3627 2200 ἔνδειξιν
3696 2122 3819 2207 περῖ

2157 2220 2251 2278 τὸν
2301 2218 2602 2298 λεγόμενον
2664 2221 2951 2298 Τρυπητὸν
3010 2220 3163 2284 λίθον
3222 2221 3312 2276 καὶ
3369 2220 3468 2289 τήν
3520 2217 3696 2275 ἐκεῖσε
3721 2241 3820 2276 πε-

2161 2311 2493 2386 ριαγομένην
2577 2307 2749 2385 ἁψῖδα
2840 2315 2958 2372 τοῖς
3053 2307 3338 2383 δυσμενέσι
3421 2307 3818 2380 συμπλέκεται.

2161 2397 2409 2471 Μηδενὸς
2469 2397 2527 2455 δὲ
2579 2403 2684 2456 τῶν
2745 2399 3106 2474 παρεστώτων
3163 2396 3462 2478 ὁμοφύλων
3501 2394 3820 2472 ἡγεμόνων,

2160 2485 2314 2558 δόξαν
2372 2490 2517 2544 οὕτω
2599 2487 2838 2564 βασιλεῖ,
2913 2487 3282 2564 ἐπαρήξαντος
3363 2490 3564 2562 μικροῦ
3639 2487 3823 2542 συνεί-

2161 2575 2344 2650 ληπτο
2405 2576 2490 2634 ἄν·
2557 2578 2589 2634 8
2641 2599 2701 2634 τε
2754 2579 2856 2656 γὰρ
2910 2576 3084 2640 ’ίππος
3143 2576 3232 2632 ἐπὶ
3288 2577 3419 2653 γόνυ
3481 2575 3725 2632 ὢκλασεν
3776 2578 3824 2650 ᾧ

2159 2668 2482 2740 ἐπεκάθητο,
2534 2668 2625 2724 καὶ
2681 2672 2824 2723 πᾶσα
2875 2671 2910 2738 ἡ
2967 2665 3222 2742 ξυμϐολή
3254 2666 3390 2742 πρὸς
3420 2662 3511 2721 ἕνα
3549 2665 3827 2740 ἀπεκρίθη

2158 2757 2540 2834 πολέμαρχον,
2598 2757 2644 2812 εἰ
2699 2759 2776 2827 πή
2835 2757 3048 2828 τοξότις
3107 2755 3328 2812 νεολαία
3369 2761 3470 2826 τῆς
3502 2755 3726 2817 πόλεως
3759 2757 3832 2812 τὰ

2159 2845 2352 2904 δυνατὰ
2411 2852 2812 2924 παρατυχοῦσα
2897 2846 3161 2920 ἐπήμυνε.
3243 2844 3315 2902 Τό
3377 2845 3556 2902 τοίνυν
3621 2844 3832 2910 λεῶδες

2157 2942 2256 3006 τῆς
2313 2934 2528 2998 πόλεως
2591 2933 2796 3010 μηδένα
2847 2938 2948 3001 τῆς
3009 2934 3095 2990 ἐπὶ
3171 2933 3433 2995 Λατίνους
3496 2932 3827 3010 ξιφουλκίας

2157 3026 2560 3101 συναγωνιστὴν
2616 3024 2858 3099 εὑρίσκον
2935 3023 3026 3079 καὶ
3085 3023 3378 3098 ξύμμαχον
3437 3022 3514 3084 εἷς
3573 3023 3831 3078 ἀποστα-

2157 3113 2273 3168 σίαν
2321 3111 2572 3169 οἰδαίνειν
2621 3111 2846 3188 ἤρξατο,
2902 3111 2994 3168 καὶ
3058 3111 3134 3174 ὡς
3184 3106 3354 3182 λέϐης
3385 3109 3447 3166 ἐκ
3475 3112 3648 3186 πυρὸς
3679 3112 3818 3167 κατὰ

2155 3209 2263 3260 τῶν
2321 3203 2662 3280 κρατούντων
2733 3202 2940 3276 ἀτμοὺς
3018 3201 3219 3257 ἀνιέναι
3298 3197 3510 3276 ὕϐρεων
3567 3203 3656 3258 καὶ
3707 3203 3810 3270 τὴν

2156 3291 2326 3350 πάλαι
2388 3292 2598 3367 ὕφαλόν
2663 3313 2721 3347 τε
2785 3297 2876 3347 καί
2971 3288 3248 3368 ἄγνωστον
3317 3291 3548 3364 γνώμην
3612 3289 3816 3359 ἐκζέειν

2154 3383 2291 3458 πρὸς
2321 3389 2457 3463 φῶς.
2489 3387 2627 3460 Ἦγε
2677 3385 2774 3456 μὶν
2807 3381 2900 3438 οὖν
2929 3381 3054 3438 τότε
3111 3383 3364 3454 πέμπτην
3418 3379 3510 3435 καὶ
3565 3380 3820 3449 εἷ’κοστῆν

2155 3475 2182 3529 ὁ
2214 3473 2544 3546 Ἰανουάριος
2601 3479 2704 3542 τῆς
2759 3467 3004 3542 ἑϐδόμης
3066 3467 3438 3531 ίνδικτιῶντος
3465 3473 3564 3524 τοῦ
3599 3467 3816 3539 ἑξακισ-

2153 3559 2444 3635 χιλιοστοῦ
2518 3561 2944 3616 ἒπτακοσιοστοῦ
3037 3554 3346 3613 δωδεκάτου
3421 3552 3600 3619 ἔτους’
3681 3578 3808 3612 συν-

2153 3649 2366 3727 δρομῆς
2425 3647 2472 3704 δ’
2527 3651 2610 3705 ’ὀτι
2669 3647 2936 3720 πλείστης
2987 3648 3066 3711 εἰς
3129 3647 3223 3702 τὸν
3278 3645 3447 3722 μέγαν
3504 3647 3806 3724 γινομένης

2150 3741 2280 3796 νεὼν
2339 3740 2672 3814 ἠναγκάζετο
2728 3738 2818 3794 καὶ
2875 3740 2910 3808 ἡ
2973 3735 3281 3812 σύγκλητος
3311 3735 3348 3805 ἢ
3379 3756 3437 3790 τε
3474 3739 3587 3791 τῶν
3614 3736 3804 3811 ἀρχιε-

2151 3828 2288 3904 ρέων
2322 3829 2590 3904 ὁμήγυρις
2649 3827 2740 3884 καὶ
2799 3827 2852 3882 οἱ
2906 3831 3002 3881 τοῦ
3063 3827 3314 3902 βήματος
3351 3823 3588 3902 λόγιμοι
3616 3823 3805 3881 συνελ-

2151 3924 2261 3984 θεῖν
2329 3917 2502 3973 ἐκεῖσε
2565 3917 2654 3972 καὶ
2730 3913 3216 3990 συνδιασκέψασθαί
3297 3934 3444 3992 σφισι
3513 3914 3642 3988 περὶ
3707 3918 3798 3968 τοῦ

2150 4005 2422 4082 ἄρξοντος.
2486 4005 2614 4080 Περὶ
2689 4005 2797 4060 τῶν
2870 4003 3240 4078 προκειμένων
3295 4003 3480 4060 τοίνυν
3540 4003 3605 4058 τὸ
3663 4023 3800 4077 παρ-

2151 4097 2434 4169 ιστάμενον
2501 4093 2669 4150 εἴπεῖν
2730 4091 3124 4168 λιπαρούμενοι
3183 4092 3246 4148 ἐκ
3305 4093 3398 4164 μὲν
3455 4095 3554 4146 τοῦ
3615 4091 3799 4147 αὐτίκα

2147 4183 2424 4250 ἐπιθέσθαι
2476 4187 2595 4247 τοῖς
2671 4181 3020 4258 βασιλεύουσι
3077 4181 3168 4236 καὶ
3227 4185 3564 4256 χειροτονεῖν
3621 4177 3796 4256 ἕτερον

2149 4275 2224 4338 εἷς
2281 4274 2460 4350 ἀρχὴν
2520 4270 2635 4328 οὐδ’
2692 4269 2839 4334 ὅλως
2893 4267 3294 4344 ἐδοκιμάζομεν
3357 4269 3650 4325 ὑπόθέσθαι
3687 4274 3794 4331 τοῖς

2148 4367 2410 4419 συνιοῦσι·
2468 4361 2653 4423 καλῶς
2709 4359 2810 4435 γὰρ
2869 4355 3092 4434 ᾔδειμεν
3153 4360 3228 4421 ὡς
3280 4359 3342 4414 τὸ
3404 4363 3559 4432 μεῖον
3600 4359 3794 4432 ὁπρο-

2148 4447 2377 4524 ϐληθεὶς
2408 4450 2689 4507 ἀποίσεται
2735 4452 2807 4523 τῇ
2857 4468 2916 4504 τε
2961 4446 3106 4523 ἃλλῃ
3158 4447 3251 4503 καὶ
3299 4447 3524 4504 ὅτιτῶν
3555 4449 3789 4506 Λατίνων

2149 4543 2202 4598 οἱ
2232 4541 2524 4616 στρατηγοὶ
2583 4536 2922 4617 ἀμφοτέραις
2980 4535 3070 4592 καὶ
3126 4535 3292 4592 πάλιν
3354 4537 3663 4608 ἀνθέξονται
3705 4540 3790 4592 τοῦ

2067 4606 2545 4704 D'Alsﬁ'fouqxai
2611 4606 2972 4705 περιέξονται.
3029 4627 3098 4684 Οἱ
3175 4624 3232 4682 δὲ
3306 4625 3434 4682 λαοὶ
3491 4606 3692 4706 χρῆμά
3739 4646 3786 4679 τι

2145 4719 2293 4782 ὄντες
2347 4717 2544 4797 ἀφελὲς
2596 4719 2686 4773 καὶ
2747 4717 3086 4793 εύρίπιστον,
3145 4715 3239 4771 καὶ
3293 4715 3464 4772 πλέον
3505 4721 3604 4772 τοῦ
3636 4713 3783 4782 θελη-

2148 4808 2421 4883 ματαίνειν
2503 4805 2654 4863 οὐδὲν
2741 4806 3118 4879 ἐπιστάμενοι,
3178 4803 3352 4860 οὐκέτ’
3409 4803 3642 4885 ἔφασκον
3703 4801 3780 4856 ὑπ’

2141 4897 2420 4975 Ἀγγέλων
2476 4895 2767 4970 βούλεσθαι
2821 4891 3226 4969 βασιλεύεσθαι,
3276 4893 3368 4949 καὶ
3429 4895 3504 4958 ὡς
3555 4893 3656 4950 οὐκ
3701 4890 3792 4948 ἃλ-

2144 4988 2257 5051 λως
2288 4990 2316 5044 ὁ
2348 4985 2624 5063 σύλλογος
2677 4985 2879 5046 ἐκεῖνος
2932 4981 3344 5053 διαλυθήσεται,
3379 4981 3430 5038 εἷ’
3461 4985 3538 5055 μή
3580 5003 3664 5046 τις
3689 4985 3793 5036 τῶν

2142 5077 2483 5153 πραγμάτων
2567 5075 2930 5150 προστήσεται
3029 5074 3286 5147 θυμήρης
3364 5071 3571 5133 αὐτοῖς.
3635 5069 3792 5144 lisqu

2141 5166 2315 5222 τοίνυν
2344 5165 2558 5242 γνόντες
2615 5163 2677 5219 τὸ
2733 5167 2841 5219 τῶν
2901 5158 3113 5236 ἀνδρῶν
3145 5160 3476 5234 ἀμετάθετον
3510 5161 3790 5237 ἡσυχάζοο

2147 5276 2260 5331 μεν,
2295 5253 2517 5318 ἑαυτοὺς
2568 5251 2970 5322 ταλανίζοντες,
3025 5250 3118 5304 καὶ
3167 5247 3358 5304 πολλᾶ
3403 5253 3514 5304 τῶν
3555 5251 3789 5323 παρειῶν

2140 5330 2528 5412 κατελείϐομεν
2584 5333 2808 5412 δάκρυα,
2866 5335 2928 5390 τὸ
2994 5330 3222 5408 μέλλον,
3277 5334 3352 5395 ὡς
3405 5332 3576 5400 εἰκὸς,
3638 5351 3796 5406 προοο

2143 5433 2402 5507 ρώμενοι.
2467 5428 2533 5485 Οἱ
2595 5424 2652 5482 δὲ
2714 5425 2807 5480 τὸν
2867 5423 3096 5498 ἄρξοντα
3163 5419 3444 5494 ἐπιμελῶς
3507 5419 3792 5497 ἀνεδίφων,

2141 5520 2229 5576 καὶ
2285 5523 2378 5574 νῦν
2442 5517 2534 5592 μὲν
2593 5513 2768 5582 τόνδε,
2827 5517 2914 5568 νῦν
2971 5509 3020 5566 δ’
3077 5510 3278 5566 ἐκεῖνον
3309 5509 3368 5566 ἐκ
3412 5517 3513 5579 τῆς
3548 5509 3793 5586 εὐγενοῦς

2140 5607 2406 5688 φυταλιᾶς
2481 5600 2908 5681 ηύτοσχεδιαζον
2998 5599 3389 5675 αὐτοκράτορα.
3467 5599 3649 5660 Τέλος
3702 5683 3716 5688 Δ
3749 5594 3793 5652 δ’

2139 5683 2494 5772 ἀπειρηκότες
2549 5699 2667 5758 τοῖς
2724 5693 2902 5763 ὅλοις,
2961 5689 3088 5754 τοὺς
3144 5689 3528 5766 ὀχλαρχικοὺς
3571 5689 3665 5744 καὶ
3697 5683 3790 5757 δη-
