4120 6284
310 385 430 447 945

1301 383 1670 447 ISAACIUS
1717 384 2085 446 ANGELUS
2127 383 2224 444 ET
2270 380 2621 447 ALEXIUS
2665 382 2738 444 F.

3609 386 3728 450 946

318 514 619 589 μοκόπους,
653 513 829 578 δνίους
858 513 917 573 δὲ
942 515 1033 571 καὶ
1064 519 1161 572 τοῦ
1194 514 1283 571 καὶ
1315 518 1434 581 καθ’
1499 519 1647 589 ἡμᾶς
1691 517 1948 594 τάγματα

2085 518 2549 576 submoveretur.
2609 523 2686 577 Eo
2735 519 2979 577 consilio
3055 519 3348 591 nuntiato,
3399 522 3724 583 Murznﬂus

313 610 413 674 τῆς
513 605 703 679 χειρὸς
776 605 1168 677 ἐπισπώμενοι,
1246 611 1602 684 στεφηφορεῖν
1688 604 1963 660 ἃνέπειθον

315 693 560 772 ξιφήρεις
590 693 884 767 ὁρώμενοι.
918 698 1052 761 Φεῦ,
1109 694 1249 750 ωεῦί
1306 692 1356 748 τί
1389 698 1486 749 τοῦ
1537 691 1660 749 τότε
1706 713 1965 768 πειρατηυ

318 781 434 857 ρίου
514 781 956 860 θυμαλγέστερον
1032 782 1067 852 ἢ
1145 781 1548 858 ἆχθεινότερον,
1623 784 1658 853 ἢ
1715 789 1816 853 τῆς
1853 787 1964 837 τῶν

316 870 740 947 συνειλεγμένων
801 868 1137 947 ἀϐελτηρίας
1215 868 1670 947 γελοιωδέστερόν
1742 892 1801 927 τε
1873 871 1963 926 καὶ

314 956 711 1034 ἀλογώτερον;
768 959 838 1012 Τὸ
917 961 1042 1035 γὰρ,
1133 980 1161 1013 ιι
1222 957 1460 1032 Ἰμάτιον
1534 956 1710 1037 ἔχεις’
1802 962 1963 1032 γενοῦ

308 1048 472 1120 ἡμῶν
516 1046 797 1123 ἀρχηγὸς,
857 1071 888 1100 ››
943 1048 1010 1117 ἦν
1062 1049 1190 1122 ὁρᾷν
1250 1048 1493 1121 ἀτεχνῶς
1549 1048 1960 1122 περαινόμενον.

307 1134 492 1199 Μόλις
562 1133 621 1192 δὲ
676 1137 764 1192 καὶ
825 1137 1016 1211 τρίτης
1062 1136 1276 1212 ἡμέρας
1329 1136 1781 1211 παριππευσάσης
1839 1158 1962 1192 νεα-

308 1227 493 1282 νίσκον
533 1228 654 1282 τινὰ
720 1224 980 1288 λαϐόντες
1036 1227 1311 1285 Νικόλαον
1369 1229 1468 1296 τὴν
1518 1226 1739 1297 κλῆσιν,
1789 1231 1962 1285 Κανα-

301 1309 399 1370 6ὸν
457 1316 560 1384 τήν
630 1314 943 1388 ἐπίκλησιν,
993 1316 1071 1381 εἷς
1130 1315 1360 1393 βασιλέα
1419 1316 1668 1392 χρίουσιν
1734 1316 1955 1374 ἄκοντα.

297 1405 391 1466 Ὦς
454 1400 499 1458 δ’
570 1404 796 1478 Ἀλεξίῳ
861 1410 1031 1461 ταῦτα
1087 1407 1361 1476 ἠνώτιστο
1414 1410 1492 1479 τῷ
1570 1406 1855 1462 ἆνάσσοντι
1905 1408 1957 1481 (6

298 1494 408 1569 γὰρ
446 1493 717 1555 Ἰσαάκιος
747 1488 920 1550 ἔκειτο
950 1493 1126 1550 πνέων
1156 1497 1225 1551 τὰ
1274 1493 1518 1565 λοίσθια,
1571 1499 1677 1551 τῶν
1733 1500 1954 1571 μακρῶν

297 1583 529 1639 ἐκείνων
609 1584 1085 1664 προαγγελμάτων
1146 1591 1249 1655 τῆς
1323 1583 1628 1661 μοναρχίας
1704 1582 1956 1664 φρούδων

295 1671 702 1747 ἐληλεγμένων
764 1662 874 1728 γαί
903 1674 978 1735 ὡς
1028 1672 1380 1750 κλινεγέρτου
1430 1662 1787 1730 ἀποπτάντων
1835 1672 1956 1729 ἐνύ-

293 1766 503 1836 πνιον),
541 1762 885 1836 μετάκλητος
937 1765 1147 1829 τίθεται
1194 1765 1283 1820 ὑπ’
1332 1765 1496 1820 αὐτοῦ
1545 1766 1573 1820 6
1632 1766 1956 1845 Βονιφάτιος

297 1851 621 1928 μαρκέσιος,
676 1854 766 1908 καὶ
818 1853 940 1928 περὶ
989 1858 1100 1909 τῶν
1156 1853 1465 1910 ἐνεστώτων
1540 1852 1705 1931 ἄμφω
1753 1853 1950 1928 σκεψά-

296 1961 462 2014 μενοι
495 1937 604 1994 δεῖν
630 1938 868 2017 ἔγνωσαν
927 1939 1185 2016 δυνάμεις
1242 1942 1537 2003 Λατινικὰς
1587 1941 1953 2017 εἰσενεχθῆναι

292 2034 425 2093 τοῖς
453 2027 773 2099 παλατίοις,
807 2027 851 2084 δ’
884 2030 957 2084 ὧν
1008 2024 1330 2100 ἀπόϐλητος
1378 2028 1574 2085 ἒσεῖται
1607 2032 1635 2085 6
1667 2028 1951 2106 δημοπρό-

295 2113 515 2189 ϐλητος
548 2117 639 2172 καὶ
692 2119 719 2172 6
766 2122 957 2173 τοῦτον
1009 2118 1431 2193 ἀρχαιρεσιάσσς
1488 2116 1642 2182 λαός.
1693 2120 1780 2182 Ὠς
1814 2117 1950 2189 δίῆν

290 2210 361 2263 τὰ
436 2205 742 2281 ἐσκεμμένα
803 2212 972 2264 ταῦτα
1044 2208 1435 2287 πεφωραμένα,
1519 2210 1603 2278 [Ρ.
1659 2210 1784 2282 362]
1860 2208 1950 2264 τὸν

299 2298 493 2372 καιρὸν
542 2296 785 2371 ἁρπάσας
826 2298 854 2352 6
886 2295 1093 2359 Δούκας
1134 2297 1162 2352 6
1213 2296 1642 2376 Μούρεζουφλος
1692 2298 1767 2360 ὡς
1814 2298 1952 2372 πρὸς

294 2389 362 2459 ἢν
425 2383 619 2441 ὤδινεν
682 2385 1020 2441 ἀποστασίαν
1080 2383 1375 2462 ἁρμόδιον,
1436 2387 1530 2440 σὺν
1585 2390 1695 2442 τῶν
1752 2386 1812 2441 ἐκ
1856 2384 1953 2441 τοῦ

284 2476 505 2554 ,γένους
565 2474 756 2549 ἐκείνῳ
814 2481 1040 2554 συχνοῖς
1094 2475 1186 2531 καὶ
1236 2476 1328 2530 τὸν
1385 2475 1473 2531 ἐπὶ
1534 2479 1640 2530 τῶν
1707 2475 1948 2552 ἆρχικῶν

299 2562 612 2639 χρυσώνων
668 2563 1016 2617 ὑποποιεῖται
1067 2559 1315 2632 θλαδίαν,
1381 2562 1594 2617 ἁλωτὸν
1645 2562 1951 2637 ἀνθρώπιον

296 2656 470 2725 τιμῶν
548 2647 834 2707 ἀναϐάσεσι
889 2650 978 2706 καὶ
1040 2651 1368 2726 εὐχείρωτον
1423 2654 1728 2724 λήμμασιν.
1788 2654 1846 2709 Ὁ
1894 2649 1951 2707 δὲ

306 2739 430 2804 τοὺς
482 2740 891 2819 πελὶκυφόρους
947 2739 1334 2812 ἐκκλησιάσας,
1399 2741 1490 2794 καί
1549 2761 1698 2816 σφισι
1750 2761 1951 2796 κοινω-

302 2829 533 2903 σάμενος
589 2830 688 2898 τήν
762 2828 1034 2904 βασιλέως
1118 2828 1393 2905 πρόθεσιν,
1470 2827 1644 2884 ἐκεῖνα
1721 2828 1951 2904 φιλητία

292 2918 474 2989 τίθησι
533 2918 820 2993 κρίνοντας
879 2918 980 2973 ὅσα
1037 2918 1093 2973 οἶ
1148 2918 1425 2995 βουλητέα
1479 2918 1569 2973 καὶ
1646 2920 1947 2992 Ῥωμαίοις

297 3006 550 3066 ἆσπάσια.
610 3010 906 3072 Κάντεῦθεν
950 3010 985 3078 ἡ
1037 3012 1134 3063 τοῦ
1168 3005 1439 3083 βασιλέως
1486 3006 1594 3062 ὧδέ
1644 3028 1761 3070 πως
1813 3004 1943 3082 δρα-

298 3105 684 3175 ματουργεῖται
762 3099 1094 3174 καθαίρεσις.
1187 3098 1471 3173 Πρόσεισιν
1531 3101 1560 3154 6
1611 3100 1815 3162 Δούκας
1864 3104 1944 3172 τῷ

293 3190 513 3264 βασιλεῖ
572 3196 675 3259 τῆς
729 3189 922 3251 νυκτὸς
988 3189 1130 3263 ἀωρὶ
1210 3186 1548 3262 (ἐπῳκείωτο
1632 3190 1737 3266 γὰρ
1810 3189 1943 3265 ὑπὲρ

292 3281 555 3352 ἃπαντας,
616 3284 873 3357 τιμηθεὶς
959 3277 1459 3358 πρωτοϐεστιάριος
1527 3285 1616 3338 καὶ
1688 3286 1757 3339 τὰ
1823 3291 1940 3349 τοῖς

288 3369 534 3435 πολλοῖς
594 3372 958 3448 ἒτερόχρωμα
1028 3369 1513 3445 καθυποδούμενος
1578 3371 1799 3448 πέδιλα)
1852 3375 1942 3430 καί

286 3485 424 3541 φησι
457 3467 763 3537 συμπαθῶς
790 3463 865 3524 ὡς
896 3464 949 3517 οἱ
990 3466 1087 3517 τοῦ
1133 3461 1365 3535 αἳματος
1414 3460 1625 3536 ἐκείνῳ,
1677 3461 1825 3520 ἀλλὰ
1869 3462 1937 3533 δὴ

286 3553 378 3607 καὶ
443 3548 706 3605 πλεῖστον
761 3553 868 3604 τῶν
929 3548 1248 3621 ἀνωνύμων,
1309 3549 1417 3624 πρὸ
1494 3546 1551 3603 δὲ
1605 3549 1820 3604 πάντων
1878 3553 1940 3606 τὸ

275 3639 573 3697 πελέκεσιν
626 3636 992 3711 ὁπλιζόμενον
1044 3632 1343 3713 βάρϐαρον,
1408 3658 1655 3713 παρεισιν
1702 3638 1792 3694 ἐπὶ
1845 3640 1940 3704 θύ-

269 3751 397 3805 ραις
461 3732 667 3805 ὁρμαῖς
731 3725 1079 3803 μανιώδεσιν,
1150 3728 1436 3803 αὐτοχειρὶ
1485 3727 1645 3783 αὐτὸν
1712 3725 1939 3784 διασπάο

264 3841 465 3881 σοντες
489 3820 567 3882 ὡς
597 3817 709 3889 ἢδη
740 3823 858 3880 τοῖς
913 3817 1168 3880 Λατίνοις
1226 3816 1545 3895 ἐκφανθέντα
1593 3818 1801 3891 ὁμόνοα
1850 3820 1939 3874 καὶ

256 3918 374 3981 τῆς
442 3908 624 3964 αύτῶν
686 3906 1053 3981 ἐξηρτημένον
1123 3905 1332 3986 φιλίας.
1393 3908 1450 3960 Ὀ
1531 3905 1589 3962 δὲ
1661 3909 1796 3983 πρὸς
1836 3910 1936 3978 τήν

266 4003 454 4071 ἂκοήν
515 3999 721 4070 ταύτην
782 3997 1197 4073 μορμολυχθεὶς
1256 3998 1346 4052 καὶ
1408 3998 1592 4074 φανεὶς
1666 3994 1936 4072 ἕκθαμϐος

271 4091 576 4154 ὑποθέσθαι
631 4090 684 4143 o't
730 4088 794 4143 τὸ
845 4086 1308 4162 πραχθησόμενον
1357 4085 1598 4162 λιπαρεῖ.
1652 4088 1938 4163 Περισχὼν

269 4182 461 4237 τοίνυν
494 4178 586 4233 τὸν
622 4175 854 4253 βασιλέα
909 4180 989 4248 τῷ
1034 4174 1461 4250 κατακεχυμένῳ
1524 4172 1693 4250 μέχρι
1745 4174 1935 4231 ποδῶν

267 4273 361 4326 καὶ
398 4267 605 4325 πλατεῖ
632 4263 898 4341 ἐπενδύτῃ
928 4268 1025 4320 τοῦ
1080 4264 1337 4337 σώματος
1390 4262 1679 4334 συνέξεισιν
1728 4264 1934 4339 ἐκείνῳ,

266 4361 361 4416 καὶ
425 4357 613 4413 ἄπεισι
673 4352 721 4409 δ’
779 4354 1016 4432 ἀφανοῦς
1068 4359 1187 4416 τοῖς
1245 4352 1529 4416 πλείστοις
1583 4352 1821 4417 πυλίδος
1880 4355 1933 4418 ἐς

266 4452 328 4505 τὸ
364 4448 643 4518 σκήνωμα
686 4444 716 4499 6'
768 4440 835 4512 δή
893 4447 1002 4498 τῶν
1068 4439 1360 4518 βασιλείων
1432 4443 1578 4518 εἶχεν
1636 4443 1808 4511 ἐντὸς,
1861 4446 1935 4507 ὡς

268 4534 436 4606 δῆθεν
462 4533 626 4589 αὐτὸν
675 4531 998 4609 ῥυσόμενος.
1060 4529 1165 4587 Καὶ
1221 4529 1479 4605 βασιλεὺς
1530 4532 1627 4603 μὲν
1672 4531 1760 4587 ἐπὶ
1818 4538 1934 4594 τοῖς

1973 3243 2069 3310 ΟΞ

2076 607 2289 676 Ducas,
2340 614 2573 680 arrepta
2621 611 2925 667 occasione
2985 611 3059 667 ad
3109 612 3490 671 deiectionem
3541 632 3719 686 quam

2077 700 2438 770 parturiebat
2468 701 2703 768 idonea,
2735 717 2867 758 cum
2904 701 3103 759 multis
3134 705 3396 771 cognatis
3427 708 3551 762 suis
3583 724 3717 779 spa-

2074 790 2286 847 donem
2336 789 2470 846 fisco
2531 791 2859 862 pra-fectum
2918 793 3029 848 sibi
3061 794 3353 862 conciliat,
3409 798 3555 854 745
3608 798 3714 854 ho-

2075 880 2443 936 muncionem
2478 880 2856 937 incrementis
2887 883 3186 951 dignitatis
3216 888 3273 938 et
3303 884 3714 955 largitionibus

2072 984 2189 1023 non
2222 969 2752 1042 inexpugnabilem.
2791 971 2844 1026 Is
2872 988 3007 1028 vero
3054 974 3419 1043 imperatoris
3470 976 3711 1033 consilio

2073 1055 2448 1129 bipenniferis
2507 1058 2770 1114 nuntiato
2822 1060 3000 1115 efﬁcit
3072 1067 3133 1114 ut
3191 1077 3256 1116 ea
3312 1062 3711 1133 amplectenda

2069 1154 2344 1201 censeant
2374 1163 2502 1217 quae
2533 1147 2656 1217 ipse
2689 1148 2865 1203 vellet
2893 1153 2950 1204 et
2981 1148 3257 1205 Romanis
3298 1155 3458 1222 grata
3491 1157 3708 1211 essent.

2072 1233 2149 1289 Ex
2180 1249 2246 1290 eo
2292 1235 2660 1306 imperatoris
2710 1236 2973 1307 expulsio
3024 1237 3185 1307 quasi
3235 1254 3334 1308 per
3363 1239 3566 1295 ludum
3617 1242 3709 1297 in-

2068 1323 2328 1394 choatur,
2387 1341 2637 1396 eumque
2689 1332 2877 1383 Ducas
2935 1327 3281 1399 intempesta
3349 1334 3515 1386 nocte
3587 1331 3711 1387 adit

2067 1414 2213 1484 (erat
2270 1413 2426 1468 enim
2483 1417 2534 1471 ei
2592 1414 2799 1471 intima
2868 1416 3251 1473 familiaritate
3311 1419 3704 1489 coniunctus,

2067 1502 2479 1574 protovestiarii
2514 1503 2796 1575 dignitate
2844 1509 2903 1560 et
2937 1506 3263 1575 insignibus
3294 1506 3501 1564 calceis
3531 1509 3601 1563 ab
3642 1525 3708 1565 eo

2065 1594 2346 1661 ornatus),
2377 1603 2431 1648 et
2481 1598 2680 1649 Incesta
2709 1611 2846 1652 voce
2876 1596 2960 1650 ait
3006 1601 3283 1666 cognatos
3314 1598 3441 1667 ejus
3470 1602 3528 1653 et
3574 1598 3709 1668 plu-

2064 1685 2243 1736 rimos
2274 1683 2522 1737 obcuros
2569 1682 2856 1749 homines,
2913 1683 2973 1738 in
3007 1684 3208 1755 primis
3258 1702 3387 1741 vero
3441 1686 3705 1758 bipenni-

2062 1770 2213 1826 feros
2242 1770 2548 1837 Barbaros,
2592 1771 2806 1827 furioso
2855 1772 3074 1844 impetu
3101 1774 3162 1829 in
3212 1774 3433 1830 foribus
3464 1790 3586 1831 esse
3632 1776 3703 1831 ad

2062 1875 2217 1927 eum,
2248 1860 2320 1917 ob
2353 1860 2552 1916 initam
2587 1877 2718 1917 cum
2753 1862 2971 1919 Latinis
3002 1863 3450 1920 familiaritatem
3479 1869 3537 1921 et
3564 1865 3705 1921 ami-

2059 1949 2275 2020 citiam,
2328 1949 2793 2022 discerpendum.
2832 1953 2882 2007 Is
2932 1969 3082 2021 vero,
3118 1969 3184 2009 eo
3215 1954 3418 2010 nuntio
3465 1954 3704 2010 territus

2056 2043 2229 2110 atque
2277 2038 2734 2110 obstupefactus,
2788 2046 2917 2097 orat
2974 2047 3036 2097 ut
3088 2042 3225 2113 quid
3287 2044 3571 2109 agendum
3632 2044 3708 2099 sit

2059 2131 2312 2184 moneat.
2359 2128 2505 2184 Tum
2557 2127 2655 2184 ille
2703 2128 3109 2201 imperatorem
3165 2132 3278 2186 lata
3317 2137 3475 2187 veste
3521 2136 3580 2189 et
3632 2134 3705 2189 ad

2057 2217 2234 2288 pedes
2265 2232 2443 2287 usque
2473 2217 2602 2272 fusa
2633 2218 2992 2288 complexus,
3024 2235 3124 2290 per
3155 2224 3381 2290 portam
3422 2221 3705 2293 plerisque

2055 2304 2313 2377 ignotam
2348 2305 2411 2362 in
2463 2308 2798 2377 tentorium,
2850 2309 3004 2379 quod
3061 2309 3120 2363 in
3162 2309 3373 2380 palatio
3433 2309 3700 2378 habebat,

2055 2396 2215 2466 quasi
2274 2395 2624 2451 liberaturus
2676 2397 2957 2468 perducit.
2991 2398 3096 2463 Qui
3142 2397 3215 2454 ob
3268 2398 3322 2454 id
3380 2399 3596 2455 factum
3650 2400 3702 2456 ei

2054 2499 2201 2554 pene
2234 2485 2384 2540 746
2429 2484 2640 2553 gratias
2679 2486 2902 2556 agebat,
2935 2491 2992 2541 et
3039 2488 3376 2544 Davidicum
3428 2488 3570 2543 illud
3603 2504 3702 2544 ca-

2055 2570 2264 2626 nebat:
2320 2571 2685 2627 uOccultavit
2741 2588 2833 2628 me
2889 2572 2948 2628 in
3001 2573 3249 2629 tentorio
3307 2589 3436 2642 suo,
3497 2574 3559 2630 in
3607 2575 3701 2631 die

2052 2659 2331 2715 malorum
2383 2676 2677 2716 meorum:
2726 2662 2869 2717 texit
2900 2679 2991 2717 me
3042 2665 3100 2718 in
3139 2663 3368 2719 occulto
3425 2664 3701 2720 taberna-

2051 2749 2167 2805 culi
2200 2749 2311 2806 sui.
2346 2771 2375 2799 »
2407 2749 2510 2804 Ille
2550 2765 2684 2806 vero
2715 2750 2953 2806 alternis
3004 2751 3423 2822 respondebat:
3459 2774 3489 2802 ιι
3523 2752 3697 2808 Labia

2050 2837 2250 2892 dolosa
2269 2836 2329 2892 in
2359 2838 2547 2904 corde,
2571 2842 2628 2894 et
2648 2839 2705 2893 in
2733 2838 2907 2894 corde
2929 2838 3154 2895 locutus
3185 2844 3271 2895 est
3303 2839 3489 2908 mala;
3512 2855 3578 2895 ac
3602 2857 3697 2909 pa-

2050 2931 2179 2983 cate
2209 2941 2433 2982 mecum
2468 2927 2643 2982 locuti
2673 2931 2831 2997 sunt,
2855 2932 2910 2982 et
2942 2928 3070 2982 irati
3093 2928 3254 2984 dolos
3282 2932 3635 2985 struxerunt.
3661 2950 3690 2980 »

2050 3018 2131 3072 Ac
2162 3017 2394 3074 Alexius
2423 3016 2614 3071 statim
2667 3018 3038 3087 compedibus
3068 3018 3294 3087 injectis
3323 3020 3385 3074 in
3433 3019 3695 3075 omnium

2048 3105 2406 3161 teterrimum
2459 3120 2746 3163 carcerem
2803 3105 3135 3176 conjicitur,
3194 3105 3505 3162 Mursuﬂus
3560 3122 3693 3163 vero

2053 3196 2308 3268 insignia
2363 3196 2588 3268 imperii
2668 3198 2878 3262 sumit,
2948 3212 3194 3267 eumque
3250 3196 3522 3267 deinceps
3597 3197 3694 3254 alii

2054 3287 2459 3359 imperatorem
2539 3289 2609 3342 de
2692 3302 2848 3343 more
2933 3286 3362 3343 consalutant:
3452 3286 3549 3342 alii
3624 3287 3694 3343 ad

2051 3374 2346 3430 Cenabum
2399 3375 2457 3430 in
2511 3373 2721 3445 templo
2771 3375 3065 3430 sedentem
3115 3375 3462 3444 conﬂuunt,
3513 3374 3694 3431 virum
3756 3368 3763 3373 ’

2050 3462 2169 3520 leni
2224 3465 2479 3536 ingenio,
2534 3464 2831 3520 cordatum
2893 3473 2945 3519 et
3006 3480 3122 3521 non
3170 3464 3507 3521 imbellem.
3583 3465 3695 3520 Sed

2050 3553 2182 3623 quia
2228 3555 2426 3624 pejora
2480 3553 2629 3623 apud
2691 3553 3024 3624 Gpolitanos
3076 3555 3133 3608 in
3193 3553 3397 3625 primis
3455 3552 3693 3609 vincunt

2048 3648 2205 3711 (nam
2258 3642 2615 3712 p0pularium
2651 3657 2908 3698 meorum
2940 3642 3133 3713 gratiae
3184 3642 3479 3698 veritatem
3529 3649 3689 3697 ante-

2051 3733 2240 3803 pono),
2318 3732 2481 3786 Ducas
2554 3747 2692 3800 opes
2751 3723 3081 3787 Crescebant
3159 3735 3214 3787 et
3284 3731 3686 3800 ﬁrmabantur,

2047 3818 2260 3874 Canabi
2318 3834 2448 3873 vero
2480 3816 2748 3887 splendor
2800 3821 2861 3873 ut
2910 3818 3062 3872 lunae
3118 3817 3437 3872 deﬁcientis
3483 3817 3688 3873 obscu-

2048 3909 2314 3973 rabatur;
2392 3923 2495 3963 nec
2568 3906 2748 3962 multo
2824 3914 2951 3976 post
3015 3925 3048 3960 a
3103 3905 3448 3961 satellitibus
3522 3910 3687 3962 Duce

2048 4004 2251 4068 captus
2295 3997 2559 4052 custodiae
2609 3996 2871 4064 traditur,
2908 3995 3117 4066 populo
3159 3994 3306 4050 nihil
3353 3996 3689 4066 Opitulante,

2049 4092 2176 4160 post
2251 4085 2763 4159 proclamationem
2843 4085 2970 4155 ejus
3046 4084 3324 4156 dispersis
3393 4085 3687 4141 omnibus.

2047 4177 2327 4233 Caeterum
2388 4173 2587 4229 Alexio
2635 4173 2966 4242 imperatori
3030 4173 3213 4228 Ducas
3263 4173 3350 4229 bis
3403 4189 3692 4231 venenum

2047 4265 2409 4338 propinavit;
2445 4265 2590 4319 ’147
2627 4263 2781 4334 quod
2816 4277 2948 4317 cum
2992 4260 3332 4318 adolescens
3362 4270 3481 4319 tum
3513 4265 3693 4320 aetatis

2047 4355 2250 4411 robore
2327 4358 2447 4408 tum
2525 4352 2845 4417 antidotis,
2903 4349 3111 4421 quibus
3174 4352 3323 4408 clam
3388 4353 3692 4418 utebatur,

2045 4444 2300 4511 vicisset,
2360 4444 2562 4513 laqueo
2617 4441 2668 4497 ei
2727 4445 2923 4513 guttur
2976 4439 3160 4506 elidit,
3221 4456 3417 4496 mense
3466 4441 3692 4511 imperii

2047 4542 2227 4601 sexto,
2261 4532 2351 4588 die
2381 4538 2603 4588 octavo.

278 4627 433 4682 οὕτω
497 4620 801 4699 δρωμένοις
866 4624 1065 4695 μικροῦ
1116 4620 1207 4675 καὶ
1267 4621 1497 4699 χάριτας
1547 4621 1830 4696 ὡμολόγει
1882 4627 1961 4695 τῷ
2018 4622 2214 4693 Δούκᾳ,
2276 4621 2365 4674 καὶ
2412 4621 2479 4674 τὰ
2536 4625 2632 4675 τοῦ
2691 4613 2857 4674 Δαϐὶδ
2921 4615 3211 4693 ὑπέκραγεν
3298 4616 3548 4692 ἄντικρυς
3609 4619 3693 4673 ἐπ’

272 4712 451 4785 αὐτῷ,
491 4735 518 4765 ιι
548 4713 788 4786 Ἔκρυψέ
821 4730 888 4783 με
918 4710 970 4765 έν
1014 4713 1186 4782 σκηνῇ
1220 4709 1384 4764 αὐτοῦ
1431 4707 1484 4763 ἐν
1539 4710 1723 4786 ἡμέρᾳ
1776 4715 1959 4767 κακῶν
2004 4732 2109 4786 μου
2159 4708 2417 4765 ἐσκέπασέ
2464 4729 2530 4781 με
2576 4708 2628 4763 ἐν
2685 4706 2986 4783 ἀποκρύφῳ
3041 4713 3143 4774 τῆς
3194 4712 3394 4776 σκηνῆς
3441 4706 3627 4764 αὐτοῦ.
3661 4731 3690 4761 n

272 4805 338 4861 Ὀ
371 4801 430 4858 δὲ
458 4803 582 4857 καθ’
609 4800 771 4874 ’ἐτερα
802 4795 1237 4872 ψαλμῳδήματα
1263 4795 1360 4853 τοῦ
1388 4795 1578 4871 Δαὸἱδ,
1619 4797 1650 4852 ἃ
1679 4820 1835 4875 φησι,
1893 4823 1921 4852 ιι
1952 4799 2124 4870 Χείλη
2179 4797 2340 4854 δολια
2390 4797 2442 4852 ἐν
2498 4795 2713 4868 καρδίᾳ,
2762 4796 2853 4850 καὶ
2903 4795 2953 4850 ἐν
3002 4792 3195 4869 καρδίᾳ
3248 4793 3487 4866 ἐλάλησε
3533 4800 3691 4852 κακά.

277 4892 366 4946 καὶ
400 4890 529 4965 ἐμοὶ
567 4890 661 4964 μὲν
708 4888 953 4962 εἰρηνικά
1004 4884 1260 4958 ἐλάλουν,
1317 4886 1407 4941 καὶ
1467 4886 1549 4942 ἐπ’
1608 4888 1779 4963 ὁργὴν
1836 4885 2032 4952 δόλους
2088 4887 2476 4963 διελογίζοντο,
2510 4910 2538 4937 ››
2595 4889 2761 4940 ταῦτα
2818 4885 2883 4954 ἦν
2931 4883 3148 4957 μετιών.
3202 4884 3301 4939 Καὶ
3347 4894 3697 4961 παραχρῆμα

284 4980 312 5033 6
391 4981 487 5053 μὲν
564 4975 775 5052 σιδήρῳ
838 4974 969 5036 τοὺς
1028 4971 1200 5035 πόδας
1257 4972 1612 5052 άσφαλισθείς
1667 4976 1757 5030 καὶ
1814 4976 2176 5054 παραρῥιφεῖς
2236 4973 2521 5046 δεινοτάτῃ
2600 4974 2746 5047 παρὰ
2816 4972 2987 5031 πάσας
3064 4972 3250 5048 εἱρκτῇ
3328 4968 3474 5029 ἔθετο
3549 4974 3694 5031 οὕτω

293 5071 482 5132 σκότος
514 5067 840 5145 ἀποκρυφήν
896 5063 1086 5132 αὐτοῦ,
1137 5063 1165 5118 6
1234 5060 1292 5119 δέ
1353 5068 1471 5126 τοῖς
1541 5065 1849 5139 βασιλικοῖς
1914 5072 2201 5139 κοσμεῖται
2268 5059 2597 5136 συμϐολοις.
2664 5064 2744 5117 Τὰ
2800 5059 2847 5116 δ’
2913 5060 2999 5115 ἐπὶ
3056 5063 3270 5123 τούτοις
3338 5064 3390 5117 οἱ
3456 5066 3552 5133 μὲν
3615 5070 3696 5138 τῷ

278 5159 445 5230 Δοῦκᾳ
510 5155 898 5231 προσρύονται,
967 5152 1056 5207 καὶ
1122 5151 1219 5215 τὰς
1284 5150 1537 5215 εἷωθυίας
1601 5159 1681 5227 τῷ
1733 5153 2094 5228 αὐτοκράτορι
2164 5154 2491 5226 προσρήσεις
2573 5147 2939 5205 ἀναδιδόιοσιψ
3014 5151 3065 5203 οἱ
3125 5148 3181 5205 δὲ
3259 5155 3339 5224 τῷ
3395 5153 3694 5227 καθημένῳ

279 5244 356 5304 ἐπὶ
419 5249 529 5305 νεὼ
588 5244 944 5321 προσνεύουσι
1004 5235 1253 5314 Καναϐᾢ,
1296 5238 1451 5316 ἀνδρὶ
1499 5242 1562 5297 τὸ
1610 5242 1748 5311 ἦθος
1810 5241 2049 5319 μειλίχῳ
2100 5242 2189 5297 καῖ
2239 5239 2398 5311 δεξιῷ
2440 5241 2537 5309 τήν
2580 5241 2833 5314 γνώμην,
2892 5237 3022 5312 μηδ’
3063 5239 3277 5313 ἀγεννεῖ
3320 5239 3387 5295 τὰ
3429 5241 3693 5316 πολέμια·

278 5337 417 5397 Ἐπεὶ
479 5335 543 5393 δὲ
598 5336 668 5389 τὰ
727 5332 900 5410 χείρω
966 5330 1384 5405 ἐπικρατέστερα
1448 5333 1594 5406 παρᾶ
1658 5336 1776 5393 τοῖς
1869 5327 2529 5391 Κωνσταντινουπολίταις
2612 5328 2703 5383 καὶ
2768 5327 3009 5401 μάλιστα
3074 5326 3326 5406 (φιλτέρα
3391 5331 3495 5405 γὰρ
3564 5333 3696 5407 ὑπὲρ

273 5432 391 5495 τοὺς
454 5427 753 5501 ὁμογενεῖς
816 5425 852 5493 ἡ
917 5420 1197 5492 ἀλήθεια),
1263 5420 1292 5473 6
1359 5421 1456 5492 μὲτ
1525 5420 1729 5486 Δούκας
1785 5420 2134 5496 ἐκραταιοῦτο
2215 5418 2304 5474 καὶ
2391 5416 2635 5490 ηὔξανεν,
2703 5418 2731 5472 ὁ
2802 5415 2859 5472 δὲ
2945 5412 3181 5478 Καναϐὸς
3274 5416 3696 5496 ἀμαυρουμένην

271 5520 384 5602 εἶχε
439 5520 549 5587 τὴν
605 5511 810 5587 αἴγλην
868 5511 1007 5567 κατά
1066 5506 1299 5579 σελήνην
1353 5508 1709 5588 λειψίφωτον.
1753 5515 2051 5586 Χεῖροῦται
2104 5507 2162 5564 δὲ
2212 5507 2482 5579 καὶπρὸς
2536 5510 2641 5560 τῶν
2693 5504 3022 5582 ὁπλοφόρων
3079 5508 3175 5558 τοῦ
3234 5505 3411 5561 Δούκα
3466 5508 3566 5563 οὐκ
3621 5509 3695 5569 εἰς

264 5591 479 5688 μάζιρὸν
544 5603 641 5660 καὶ
709 5605 920 5684 φρουρᾶ
987 5595 1378 5676 παρπδίδοται,
1447 5601 1583 5676 πρὸς
1654 5599 1802 5656 οὐδὲν
1872 5598 2259 5676 ἐπαρκέσαντος
2328 5595 2475 5668 αὐτῷ
2539 5599 2636 5651 τοῦ
2704 5593 3028 5671 βασιλευτοῦ
3078 5591 3212 5662 λέὼ,
3272 5593 3417 5651 ἀλλὰ
3483 5598 3696 5657 πάντως
