4120 6284
424 349 542 417 94⁸7
1745 355 2052 418 ΝΙΟΕΤΛΕ
2095 384 2096 398 ι

2207 355 2509 418 ONIATE
3717 361 3837 422 948

434 491 836 566 διασπαρέντων
901 491 1056 555 εὐθὺς
1093 492 1226 565 μετᾶ
1282 489 1384 558 τὴν
1449 489 1767 566 ἀνάῤῥησιν.
1834 492 1926 562 Τῷ
1984 487 2040 545 δὲ
2103 487 2325 564 βασιλεῖ
2379 489 2608 563 Ἀλεξίῳ
2663 487 2744 552 δὶς
2815 491 2913 565 μὲν
2971 487 3290 567 προῦτεννεν
3341 491 3370 546 6
3421 492 3630 557 Δούκας
3698 499 3843 565 ζωης

431 584 844 659 κατευνάστριαν
903 581 1120 639 κύλικα·
1183 581 1257 642 ὡς
1325 576 1372 633 δ’
1446 580 1511 648 ἦν
1581 580 1611 634 6
1680 579 1870 654 μείραξ
1931 583 2026 634 τοῦ
2084 580 2374 658 φαρμάκου
2439 579 2845 656 νεανικώτερος,
2912 577 3218 642 ἂντιδότοις
3284 582 3582 656 χρώμενος
3648 581 3844 658 λάθρα,

434 670 505 730 δι’
530 673 776 750 ἀγχόνης
803 673 899 727 τὸν
928 678 1028 741 τῆς
1064 676 1208 739 ζωῆς
1262 667 1452 740 ἐκείνῳ
1521 667 1676 740 μίτον
1727 666 1990 742 ἐκτέμνει,
2119 669 2210 723 καὶ
2262 669 2437 732 οὕτως
2489 669 2683 738 εἰπεῖν,
2744 667 2833 724 διὰ
2885 677 3076 741 στενῆς
3119 669 3211 726 καὶ
3256 669 3636 744 τεθλιμμένης
3681 671 3848 742 τῆσδε

433 763 657 838 πορείας
687 764 785 832 τήν
817 762 1004 838 ψυχὴν
1062 757 1252 832 ἐκείνῳ
1309 752 1548 821 ἐκθλίϐει
1595 757 1685 812 καὶ
1736 759 1870 835 πρὸς
1930 759 1992 814 τὸ
2043 763 2145 814 τοῦ
2192 758 2329 834 ’ᾁδου
2387 758 2733 834 ἐκπυρηνίζει
2785 756 3049 837 πέταυρον
3113 758 3498 837 βασιλεύσαντι
3559 769 3738 836 μῆνας
3793 760 3848 834 ἓξ

432 855 526 909 σὺν
558 853 788 928 ἡμέραις
821 851 989 908 ὀκτώ.

1125 1142 1716 1238 ΒΑΣΙΛΕΙΑ
1794 1139 2351 1236 ΑΛΕΞΙΟΥ
2429 1141 2678 1238 ΤΟΥ
2757 1141 3181 1240 ΔΟΥΚΑ

1703 1342 1828 1393 ΤΟΥ
1866 1338 1983 1395 ΚΑΙ
2019 1341 2591 1397 ΜΟΥΡΤΖΟΥΦΛΟΥ.

1445 1601 2016 1692 IMPEBIUM
2072 1600 2450 1688 ALEXII
2509 1601 2852 1690 DUC/E

1713 1781 2183 1838 COGNOMENTO
2221 1781 2592 1836 MURZUFLI.

2116 1934 2188 1952 *-

527 2069 678 2126 748
735 2070 788 2125 1.
847 2067 1094 2138 Imperio
1148 2067 1291 2124 citra
1345 2065 1794 2122 controversiam
1874 2063 2091 2138 potitus

2275 2063 2360 2136 [P.
2395 2065 2519 2136 363]
2549 2064 2614 2120 α’.
2647 2066 2741 2126 Ὧς
2787 2063 2878 2120 οὖν
2923 2069 3171 2140 καθαρῶς
3220 2065 3296 2129 εἷς
3350 2067 3556 2124 Δούκαν
3603 2071 3638 2140 ἢ
3693 2071 3876 2146 βασι-

456 2161 647 2215 Ducas
688 2157 1031 2214 mutationes
1089 2171 1280 2212 rerum
1329 2155 1700 2227 parturiebat,
1757 2159 1816 2210 et
1861 2157 2095 2210 contur-

455 2249 594 2304 bare
641 2247 837 2302 omnia
886 2245 944 2301 in
976 2245 1174 2300 animo
1227 2244 1496 2310 habebat,
1553 2243 1727 2300 homo
1773 2243 2013 2298 callidus
2044 2251 2097 2298 et

453 2351 752 2406 arrogans,
809 2335 904 2404 qui
963 2333 1332 2404 prudentiam
1403 2335 1460 2388 in
1520 2332 1986 2388 dissimulatione
2042 2336 2098 2386 et

453 2423 819 2482 cunctatione
869 2422 1138 2494 ponebat,
1169 2438 1233 2477 ac
1269 2421 1552 2478 beneficia
1595 2421 1839 2476 subinde
1873 2422 1930 2476 in
1977 2421 2094 2475 Me-

451 2515 638 2572 teonis
689 2517 909 2570 atatem
967 2512 1289 2567 dillerebat.
1355 2511 1610 2580 Negabat
1667 2511 1822 2566 enim
1875 2512 2096 2581 regium

453 2619 579 2660 esse
608 2601 806 2659 subito
845 2617 910 2656 ac
958 2609 1170 2656 temere
1199 2599 1510 2670 quidquam
1565 2599 1769 2666 facere,
1819 2599 1918 2653 sed
1966 2613 2095 2652 cum

451 2709 614 2750 mora
671 2698 726 2747 et.
781 2689 1218 2746 deliberatione.
1281 2689 1362 2744 Ad
1425 2688 1526 2744 has
1595 2688 1908 2744 sententias
1966 2703 2094 2744 cum

451 2785 653 2853 suapte
707 2787 910 2852 sponte
964 2793 1282 2851 propensus
1335 2778 1484 2833 149
1539 2785 1680 2843 erat,
1736 2777 1948 2850 quippe
1997 2776 2095 2848 qui

451 2885 514 2926 se
543 2867 688 2924 nihil
737 2868 884 2924 scitu
925 2867 1310 2924 necessarium
1360 2866 1648 2938 ignorare,
1682 2866 1777 2921 sed
1827 2865 2098 2921 omnibus

449 2959 623 3015 rebus
653 2958 919 3031 gerendis
967 2958 1241 3013 idoneum
1296 2971 1422 3012 esse
1475 2957 1856 3028 profiteretur,
1891 2962 2017 3011 tum
2065 2973 2097 3010 a

453 3047 762 3104 Philocalio
819 3061 1016 3103 socero
1067 3062 1172 3102 suo
1221 3046 1519 3102 umbratili
1589 3047 1854 3118 adjutore
1903 3045 1962 3100 in
2031 3061 2098 3101 ea

453 3136 724 3208 Opinione
754 3136 1222 3191 confirmabatur.
1256 3135 1433 3199 Quem
1486 3151 1614 3190 cum
1647 3135 1816 3189 aliter
1844 3135 1904 3189 in
1939 3149 2098 3188 sum—

452 3241 547 3280 mo
577 3224 806 3280 consilii
836 3226 1014 3292 gradu
1064 3223 1344 3278 collocare
1376 3240 1492 3279 non
1543 3233 1752 3295 posset,
1787 3240 1891 3278 nos
1940 3222 2100 3278 nulla

455 3310 734 3384 probabili
763 3313 834 3366 de
864 3327 1035 3367 causa
1065 3313 1137 3366 ab
1186 3312 1377 3367 officio
1408 3311 1710 3382 logothetas
1744 3315 2094 3366 secretorum

2206 2151 2332 2207 λεία
2381 2149 2830 2224 μετακεκόϐευτο,
2864 2155 2892 2210 6
2945 2156 3039 2226 μὶν
3095 2153 3256 2212 ὣδινε
3303 2158 3639 2230 πραγμάτων
3694 2180 3874 2232 μετα-

2207 2236 2378 2304 ϐολὰς
2437 2243 2526 2296 καὶ
2577 2242 2640 2297 τὸ
2698 2248 2800 2296 πᾶν
2887 2243 3238 2315 ἆναγυγήσειν
3317 2244 3626 2316 ἐσκέπτετο,
3702 2269 3871 2326 σοφι-

2208 2333 2440 2404 σματίας
2467 2330 2541 2386 ὣν
2563 2333 2625 2387 τὸ
2645 2334 2778 2402 ἦθος
2810 2332 2900 2388 καὶ
2931 2334 3021 2388 τὸν
3048 2335 3251 2408 τρόπον
3297 2337 3678 2414 φρονηματίας
3727 2340 3874 2412 (52),

2206 2421 2294 2474 καὶ
2342 2441 2405 2474 το
2451 2422 2746 2496 κρυψίνουν
2800 2421 3062 2497 ἀγχίνουν
3123 2423 3397 2497 οἰόμενος,
3439 2424 3528 2479 καὶ
3590 2423 3676 2481 ἐπὶ
3731 2429 3878 2483 πᾶσι

2204 2509 2296 2564 τὸν
2362 2509 2649 2585 εὐεργέτην
2710 2511 2764 2572 ἐς
2823 2511 2950 2573 τοὺς
3009 2511 3296 2575 Μετέωνος
3374 2511 3575 2576 αῗῶνας
3633 2513 3882 2571 ἀναδυό-

2211 2617 2366 2671 μενος
2404 2599 2517 2671 ί53)
2577 2597 2637 2653 ἐκ
2677 2603 2775 2653 τοῦ
2829 2599 2905 2672 μὴ
2950 2599 3174 2675 κρίνειν,
3218 2601 3293 2662 ὡς
3342 2597 3516 2678 ἔλεγε,
3571 2602 3872 2678 βασιλικὸν

2206 2687 2269 2741 τὸ
2300 2685 2609 2759 αὐτόματον
2649 2687 2737 2741 καὶ
2790 2683 3078 2763 ἆνάκριϐον
3139 2687 3192 2743 ἐν
3238 2694 3359 2752 ταῖς
3404 2690 3651 2766 πράξεσι,
3693 2693 3762 2747 τὸ
3807 2689 3873 2747 δὲ

2207 2778 2668 2850 περιεσκεμμένον
2728 2777 2819 2831 καὶ
2863 2777 3107 2852 χρόνιον.
3163 2779 3304 2853 Πρὸς
3355 2776 3412 2834 δὲ
3453 2781 3552 2842 τὰς
3598 2781 3865 2843 τοιαύτας

2208 2862 2428 2939 γνώμας
2489 2864 2714 2936 ὡρμᾶτο
2805 2865 2902 2937 μὲν
2962 2863 3056 2920 καὶ
3121 2865 3367 2936 αὐτόθεν,
3435 2865 3589 2922 οὐδὶν
3647 2867 3862 2924 ἐκεῖνον

2208 2950 2498 3020 λεληθέναι
2528 2957 2636 3008 τῶν
2668 2953 3016 3024 καθηκόντων
3051 2955 3492 3031 ἰσχυριζόμενος,
3531 2956 3682 3014 ἀλλὰ
3720 2963 3857 3014 πᾶσι

2207 3038 2500 3116 πεφυκέναι
2558 3043 2896 3119 πράγμασιν
2936 3043 3064 3123 εἶχε
3113 3041 3170 3100 δὶ
3217 3045 3308 3100 καὶ
3363 3048 3645 3120 συνερίθου
3696 3047 3856 3102 σκία-

2207 3151 2317 3204 σμα
2359 3131 2550 3210 ἰσχνὸν
2607 3131 2986 3206 παρεπόμενον
3018 3133 3110 3188 τὸν
3167 3131 3438 3204 κηδεστήν
3487 3135 3846 3208 Φιλοκάλιον,

2209 3219 2266 3274 ὅν
2325 3221 2438 3294 οὐχ
2493 3220 2689 3295 ἑτέρως
2739 3217 2882 3296 ἔχων
2940 3222 3028 3277 ἐπὶ
3083 3227 3182 3278 τοῦ
3238 3221 3408 3297 ἄκρου
3485 3231 3673 3294 στῆσαι
3741 3231 3854 3294 τῆς

2209 3308 2523 3383 συγκλήτου
2558 3311 2814 3386 βατῆρος,
2866 3313 3014 3384 ἡμᾶς
3067 3313 3161 3384 μὲν
3211 3312 3303 3367 ἀπ’
3334 3309 3599 3388 οὐδεμιᾶς
3643 3313 3868 3389 εὐσχήο

455 3403 712 3466 removit,
767 3416 1010 3472 eumque
1040 3401 1098 3457 in
1137 3409 1399 3456 nostrum
1452 3400 1640 3456 locum
1693 3400 2009 3456 substituit.
2045 3400 2096 3456 Is

2215 3420 2381 3473 μονος
2407 3398 2728 3478 προφάσεως
2757 3404 2856 3454 τοῦ
2899 3405 3014 3462 τοῖς
3063 3401 3334 3477 σεκρέτοις
3375 3405 3465 3476 [P.
3515 3406 3642 3478 364]
3689 3402 3874 3478 λογο-

453 3505 590 3545 vero
622 3489 707 3544 vir
744 3503 875 3544 cum
908 3504 942 3544 a
989 3490 1082 3544 sui
1113 3489 1444 3559 cognitione
1495 3488 1884 3543 alienissimus
1923 3492 2094 3558 esset,

453 3579 593 3634 dum
625 3594 738 3649 pris
770 3577 954 3634 nimia
997 3577 1312 3633 ambitione
1344 3594 1407 3633 ea
1437 3595 1564 3648 qua:
1612 3578 1945 3644 dignitatem
1979 3579 2103 3648 ejus

452 3669 804 3742 superabant
832 3684 962 3724 cum
998 3667 1252 3738 periculo
1283 3667 1518 3736 appetit,
1571 3683 1644 3722 ne
1675 3669 1954 3737 quosdam
1991 3666 2100 3720 ho-

457 3765 690 3816 noratos
732 3759 886 3814 viros
942 3771 1264 3814 assessores
1313 3757 1567 3823 haberet,
1620 3757 1729 3826 pati
1781 3757 2097 3828 podagram

455 3849 711 3914 simulat,
767 3847 934 3920 quasi
965 3863 1079 3902 una
1111 3861 1238 3902 cum
1287 3847 1525 3914 pedibus
1573 3847 1871 3902 cerebrum
1929 3845 2097 3900 etiam

458 3937 767 4007 amisisset,
799 3941 856 3992 et
898 3937 1062 4009 quasi
1108 3935 1350 3991 alienata
1399 3943 1585 3990 mente
1612 3938 1880 3991 decorum
1915 3934 2100 4000 negli-

454 4029 555 4100 git.
590 4027 867 4082 Caeterum
903 4032 1087 4082 Ducas
1117 4025 1212 4081 hic
1242 4041 1372 4080 cum
1403 4031 1672 4096 suscepto
1703 4025 1945 4096 imperio
1975 4025 2099 4079 the-

454 4134 652 4173 sauros
683 4132 796 4172 non
830 4115 1031 4186 plenos
1081 4130 1188 4170 nec
1219 4114 1587 4184 semiplenos,
1621 4115 1717 4169 sed
1777 4113 2097 4168 admodum

453 4207 760 4260 exhaustos
809 4203 1130 4272 reperisset,
1167 4204 1414 4260 metebat
1449 4205 1544 4257 ubi
1599 4220 1714 4259 non
1749 4208 1988 4270 severat,
2044 4207 2102 4257 et

456 4293 762 4364 colligebat
792 4291 891 4347 ubi
940 4293 1083 4348 nihil
1134 4298 1440 4365 sparserat.
1473 4295 1552 4347 Ac
1599 4295 1757 4364 gravi
1789 4293 2100 4363 quaestione

456 4383 517 4440 in
540 4399 638 4438 eos
667 4381 860 4438 habita
891 4382 990 4453 qui
1020 4382 1125 4438 sub
1154 4381 1384 4452 Angelis
1413 4381 1664 4437 maxima
1696 4381 1938 4454 imperia
1968 4398 2096 4454 ges-

458 4476 652 4532 serant
677 4473 746 4529 ad
779 4471 1062 4543 fastigium
1086 4471 1668 4528 Sebaslocraloricum
1701 4481 1754 4526 et
1776 4474 2095 4527 Caesareum

454 4563 654 4630 evecti,
687 4562 993 4636 pecuniam
1045 4562 1182 4617 inde
1213 4560 1510 4616 collectam
1543 4561 1616 4616 ad
1652 4562 1802 4618 750
1833 4561 2097 4633 publicos

455 4671 593 4711 usus
640 4652 942 4709 referebat.
975 4652 1120 4707 Cum
1155 4657 1348 4705 autem
1395 4650 1640 4717 Latinis,
1674 4651 1922 4706 hostium
1955 4651 2093 4706 viri-

2212 3490 2383 3544 θετεῖν
2445 3487 2844 3564 παραλέλυκεν,
2909 3489 3115 3546 ἐκεῖνον
3201 3487 3248 3545 δ’
3326 3487 3872 3566 ἀντιπροόέϐληκεν.

2213 3575 2579 3651 ’Δμελέτητος
2633 3575 2678 3632 δ’
2737 3573 2810 3633 ὤν
2860 3579 2888 3633 6
2927 3579 3067 3655 ἀνὴρ
3117 3577 3210 3635 ὅδε
3250 3583 3348 3636 τοῦ
3406 3580 3596 3635 ἑαυτὸν
3655 3579 3873 3638 εἰδέναι

2211 3667 2572 3737 παντάπασιν,
2607 3667 2710 3722 ὑπὸ
2760 3674 2862 3738 τῆς
2910 3669 3039 3743 ἄγαν
3085 3667 3402 3748 φιλοτιμίας
3449 3673 3557 3724 τῶν
3609 3671 3742 3745 ὑπὲρ
3793 3673 3873 3728 τὸ

2209 3763 2448 3826 καθῆκον
2479 3757 2763 3832 σφαλερῶς
2795 3757 3100 3836 ἐφιέμενος,
3131 3759 3193 3814 τὸ
3246 3761 3322 3830 μὴ
3374 3760 3666 3836 σύνθρονος
3715 3764 3873 3818 εἶναι

2207 3850 2314 3900 τῶν
2353 3846 2405 3900 ἐν
2453 3852 2644 3920 τιμαῖς
2701 3846 2866 3911 ἐνίοις
2914 3847 3202 3912 ὑπενόθευε
3241 3845 3521 3924 ποδάγραν
3568 3869 3873 3924 σχηματι-

2211 3937 2455 4008 ζόμενος,
2517 3937 2592 3998 ὡς
2649 3934 2800 4010 εἷ’περ
2875 3934 3174 4013 συνδιέρῤεε
3250 3943 3372 4001 τοῖς
3451 3938 3706 4012 πτέρναις
3759 3942 3870 3996 τὸν

2209 4023 2532 4104 ἐγκέφαλον,
2589 4025 2872 4089 κάντεῦθεν
2929 4025 3318 4102 ἀλλοφρονέων
3360 4025 3656 4104 ὀλιγώρως
3736 4029 3872 4106 εἶχε

2207 4120 2305 4170 τοῦ
2337 4115 2664 4189 πρέποντος.
2706 4113 2884 4172 Ἀλλὰ
2921 4115 3160 4179 καὶτοὺς
3194 4114 3508 4190 βασιλείους
3549 4120 3872 4194 Θησαυροὺς

2211 4203 2309 4260 οὐκ
2333 4203 2640 4278 ἒπιχειλεῖς
2691 4201 2805 4258 οὐδ’
2846 4201 3116 4276 ἡμιδεεῖς,
3167 4201 3298 4260 ἀλλ’
3343 4203 3396 4260 ἐν
3452 4210 3622 4279 στενῷ
3676 4208 3863 4278 πάντη

2210 4291 2665 4365 ἀπειλημμένους
2714 4293 2742 4346 6
2793 4289 2954 4365 ἃρξας
3005 4291 3192 4347 οὐτοσὶ
3243 4294 3448 4356 Δούκας
3493 4294 3668 4370 εὑρὼν
3721 4296 3867 4370 θερί-

2209 4387 2314 4452 ζων
2343 4382 2408 4450 ἦν
2441 4381 2563 4437 ἔνθα
2604 4380 2702 4437 οὐκ
2755 4377 2968 4456 ἔσπειρε
3023 4381 3112 4436 καὶ
3165 4383 3412 4458 συνάγων
3471 4383 3592 4448 ὅθεν
3650 4384 3716 4439 οὐ
3777 4382 3864 4440 δι·-

2207 4471 2545 4545 εσκόρπισεν,
2623 4470 2828 4526 ἐτάσεσι
2909 4469 3153 4546 βαρείαις
3235 4470 3454 4546 ὓπάγων
3541 4474 3672 4534 τοὺς
3759 4474 3858 4538 τὰς

2210 4559 2470 4637 μεγίστας
2504 4560 2593 4614 ὑπ’
2649 4557 2934 4634 ’Λγγέλων
2981 4559 3393 4634 ἀνεζωσμένους
3437 4562 3634 4634 πρώην
3681 4562 3851 4638 ἀρχᾶς

2203 4651 2291 4704 καὶ
2401 4650 2862 4723 μεσαρσιωθέντας
2962 4647 3040 4712 εἷς
3140 4649 3278 4724 ὕψος
3363 4644 3843 4726 σεϐαστοκράτορσι

451 4743 559 4800 bus
603 4742 755 4799 male
801 4741 1122 4808 aestimatis,
1162 4740 1430 4796 resistere
1488 4747 1743 4812 cuperet,
1799 4755 1978 4811 eaque
2035 4755 2094 4794 re

2207 4740 2438 4808 καθῆκον
2497 4739 2585 4792 καὶ
2647 4738 2933 4812 Καίσαρσι,
2991 4738 3082 4792 καὶ
3146 4739 3282 4814 πρὸς
3347 4739 3443 4802 τὰς
3502 4741 3688 4804 κοινᾶς
3737 4741 3832 4793 ἀπ-

453 4832 712 4887 omnium
764 4831 988 4903 primus
1032 4834 1203 4894 esset,
1258 4844 1486 4884 murum
1523 4829 1874 4884 maritimum
1919 4828 2096 4884 trabi-

459 4920 562 4974 bus
591 4921 848 4975 altiorem
901 4919 1054 4984 t'ecil,
1087 4927 1139 4974 et
1186 4927 1478 4974 terrestres
1525 4927 1718 4988 portas
1766 4918 2100 4974 tibicinibus

458 5008 656 5075 fulsit;
689 5013 746 5062 et
773 5006 1096 5077 legionibus
1142 5023 1242 5062 suo
1291 5008 1580 5079 exemplo,
1613 5009 1746 5064 dum
1779 5009 1968 5077 gladio
2015 5023 2102 5062 ac-

460 5097 686 5151 cinctus
717 5099 774 5150 et
816 5095 1057 5150 ferream
1111 5095 1324 5150 clavam
1372 5096 1644 5153 manibus
1699 5113 1921 5154 versare
1969 5111 2101 5152 con-

2209 4833 2396 4882 εκτᾶτο
2454 4826 2644 4901 χρείας
2701 4825 2877 4880 ὁπόσα
2949 4823 3154 4891 ἐνθένδε
3227 4825 3485 4904 συνέλεγε
3561 4831 3832 4906 χρήματα.

2209 4913 2619 4990 Ἀπειροκάλως
2653 4911 2699 4969 δ’
2739 4912 2882 4990 ἔχων
2930 4921 3032 4984 τῆς
3077 4919 3184 4970 τῶν
3237 4915 3483 4971 Λατίνων
3536 4917 3844 4994 ἀντιμαχή-

2210 5024 2364 5074 σεως,
2413 5004 2550 5058 κατὰ
2616 5007 2776 5058 τοῦτο
2831 5003 2895 5058 τὸ
2958 5002 3122 5080 μέρος
3177 5004 3395 5059 πάντων
3445 5003 3741 5081 ἐπρώτευε·
3787 5005 3850 5060 τὰ

2209 5113 2268 5148 τε
2297 5093 2401 5168 γὰρ
2429 5091 2671 5167 παράλια
2725 5092 2887 5168 τείχη
2935 5095 3034 5162 τῆς
3082 5091 3300 5158 πόλεως
3355 5090 3445 5148 διὰ
3496 5091 3678 5151 δοκῶν
3725 5095 3850 5150 ἀνύ-

461 5183 718 5255 spicitur,
751 5182 819 5237 ad
852 5182 1240 5238 fortitudinem
1291 5183 1570 5252 excitatis,
1605 5187 1811 5256 partim
1844 5185 2096 5241 hostium

2213 5184 2384 5256 ψωσε,
2416 5181 2508 5236 καὶ
2554 5181 2649 5244 τὰς
2706 5181 2969 5257 χερσαίας
3026 5180 3206 5246 πύλας
3263 5185 3676 5258 τειχισματίοις
3721 5183 3852 5241 διεί-

1823 5311 1990 5372 Hier.
2035 5309 2250 5372 Wolﬁi
2292 5317 2479 5372 notis.

534 5441 646 5521 (52)
674 5439 869 5521 Aliud
901 5447 983 5521 est
1005 5438 1422 5521 φρονηματίας,
1453 5442 1605 5500 aliud
1657 5444 1944 5521 φρόνιμος,
1995 5446 2090 5502 sed

460 5511 752 5584 barbaries
779 5511 1185 5584 vocabulorum
1213 5513 1331 5584 illm
1363 5511 1708 5584 depravass'e'
1735 5511 1974 5572 videtur.

537 5583 647 5655 (53)
700 5582 813 5658 Καὶ.
858 5578 946 5634 ἐπὶ
985 5582 1265 5658 ,πᾶσι-τὸν
1326 5578 1611 5658 εὐεργέτην
1668 5585 1720 5648 ἒς
1780 5587 1904 5649 τοὺς
1951 5595 2095 5642 Μετ-

463 5647 640 5720 δωνος’
723 5652 921 5714 αἰῶνας
975 5647 1361 5726 ἀναδυόμενος.
1416 5647 1717 5730 'Deni'que
1785 5647 2090 5731 benefacta-

2203 5463 2316 5502 rem
2345 5445 2572 5516 subinde
2601 5446 2664 5502 in
2691 5446 2952 5502 Meteonis
3009 5446 3212 5502 secula
3247 5449 3690 5516 procrastinans.
3740 5449 3842 5504 Ms-

2201 5518 2399 5592 τέωνος
2426 5515 2642 5592 αἰῶνες,
2675 5517 2733 5592 si
2757 5516 3050 5592 scriptura
3079 5533 3198 5573 non
3229 5515 3681 5592 fallit,_videtur
3707 5537 3835 5592 pro:

2203 5590 2467 5644 verbium
2498 5587 2738 5662 aliquod
2778 5589 3076 5644 recentius
3098 5603 3249 5654 esse,
3272 5594 3337 5644 ut
3355 5589 3582 5662 alioqui
3613 5587 3835 5647 Tithoni

2202 5668 2476 5717 senectus
2509 5659 2859 5716 celebratur.
