4120 6284
270 365 393 432 949

1398 372 1737 438 ALEXIUS
1782 372 2031 437 DUCAS
2077 373 2579 437 MURZUFLUS.

3583 382 3702 445 950

278 501 449 581 ληφε,
527 501 617 559 καὶ
662 502 762 573 τήν
826 502 1076 580 στρατιὰν
1136 504 1465 581 ἀνεζωπύρει
1496 510 1577 578 τῷ
1618 506 1734 561 καθ’
1772 505 1927 560 αὐτὸν

2049 507 2420 562 excursiones
2443 507 2728 579 reprimit,
2754 506 2965 580 partim
2989 525 3089 565 eos
3121 512 3221 580 qui
3273 510 3696 572 frumentatum

284 591 668 669 ὑποδείγματι.
704 595 792 648 Ἐν
822 593 1059 655 πολλοῖς
1118 592 1176 651 δὲ
1229 596 1318 650 καὶ
1376 595 1537 658 αὐτὸς
1587 595 1738 672 ξίφος
1778 595 1945 670 άγκυο

287 683 591 756 λιζόμενος
619 682 709 738 καὶ
743 683 1019 758 χαλκήρει
1070 685 1273 759 κορύνῃ
1333 686 1430 752 τήν
1488 690 1653 764 χεῖρα
1678 684 1947 740 καθοπλι·

289 774 521 845 ζόμενος
586 774 747 828 τοῦτο
844 774 939 847 μὲν
996 775 1093 837 τὰς
1140 778 1251 829 τῶν
1319 773 1573 830 ἐναντίων
1657 775 1939 830 ἀνέκοπτεν

2054 596 2303 664 sparsim
2336 597 2571 652 exibant
2627 597 3017 670 persequitur.
3052 600 3183 663 Quae
3223 617 3356 656 cum
3395 602 3546 659 ultro
3597 621 3695 662 ne-

2055 684 2211 740 mine
2241 685 2540 757 ﬂagitante
2584 687 2820 755 faceret,
2853 692 2916 741 ut
2944 686 3159 744 charus
3190 694 3313 744 erat
3343 691 3585 763 civibus,
3617 695 3699 750 ita

2053 774 2318 845 cognatis
2373 775 2497 830 suis
2532 777 2644 830 fere
2686 785 2990 846 suspectus
3021 782 3078 832 et
3128 778 3370 835 invisus.
3406 780 3510 844 Qui
3544 786 3608 837 ut
3635 782 3694 837 in

288 858 581 935 ἐκδρομὰς,
667 859 831 918 τοῦτο
891 859 949 917 δὲ
1000 868 1119 924 τοῖς
1188 861 1538 940 σποραδικῶς
1580 862 1808 933 ἐξιοῦσιν
1865 862 1927 918 εἷς

2052 865 2168 920 otio
2193 865 2388 918 nutriti
2422 870 2479 919 et
2508 865 2564 918 in
2598 863 2826 920 deliciis
2848 865 3050 933 adulti,
3079 882 3336 923 severam
3368 873 3425 923 et
3474 872 3699 928 modes-

285 952 558 1024 πορισμὸν
593 951 779 1007 σιτίων
820 949 1178 1031 ἐφιστάμενος
1226 954 1292 1021 ἧν
1353 950 1791 1029 αὐτεπάγγελτος
1849 952 1940 1006 καὶ

286 1038 698 1116 αὐτενὲργητος.
786 1038 1006 1113 Ἀμέλει
1081 1039 1170 1096 διὰ
1256 1046 1428 1097 ταῦτα
1499 1046 1614 1103 τοῖς
1683 1040 1940 1104 πολίταις

283 1130 581 1199 ἠσπάζετο,
615 1129 665 1185 εἷ’
692 1131 778 1184 καὶ
834 1130 1078 1193 ὕποπτος
1128 1131 1195 1199 ἦν
1256 1131 1327 1185 τὰ
1382 1128 1571 1186 πολλὰ
1625 1131 1715 1186 καὶ
1762 1130 1937 1203 ἀσύμ-

283 1215 446 1280 ϐατος
496 1224 615 1281 τοῖς
655 1217 704 1288 ἐξ
764 1216 1014 1293 αἵματος·
1075 1220 1166 1273 ἅτε
1213 1219 1315 1294 γὰρ
1374 1218 1716 1296 ἰντραφὲντες
1784 1216 1937 1273 οὗτοι

286 1306 515 1382 βλακείᾳ
590 1307 681 1363 καὶ
757 1306 999 1381 μαλακίᾳ
1055 1305 1535 1382 συνανδρωθὲντες,
1592 1307 1935 1384 άναγωγικήν

282 1396 582 1471 αὐστηρίαν
637 1397 728 1452 καὶ
788 1395 994 1452 δίαιταν
1059 1398 1313 1474 σώφρονα
1368 1395 1800 1472 περιιστάμενοι,
1860 1398 1936 1460 ὡς

279 1486 348 1541 τά
392 1486 774 1559 κεκρατημένα
830 1487 1059 1560 σώματα
1137 1485 1526 1560 νοσοκόμησιν,
1585 1485 1932 1561 ἐτραχηλίων

278 1576 371 1631 καὶ
404 1574 829 1652 ἐσκληρύνοντο.
864 1577 976 1646 Τήν
1026 1581 1123 1631 τοῦ
1173 1576 1351 1632 Δούκα
1377 1578 1559 1632 τοίνυν
1593 1571 1935 1651 ἑμϐρίμησιν

278 1665 372 1722 καὶ
405 1664 702 1738 ἐπίπληξιν
882 1666 985 1740 γὰρ
1032 1665 1121 1721 καὶ
1180 1665 1334 1745 φύσει
1384 1663 1579 1729 κοῖλος
1634 1665 1723 1720 καὶ
1766 1666 1934 1741 βαρὺς

278 1757 380 1825 την
415 1757 599 1832 φωνην
630 1755 721 1810 καὶ
751 1756 842 1810 τὸν
877 1756 1130 1832 φάρυγγα
1159 1755 1468 1833 βραγχιῶν)
1525 1754 1623 1811 ὅσα
1661 1755 1751 1810 καὶ
1801 1760 1935 1829 γεῦ-

2049 957 2170 1008 tam
2203 953 2337 1008 vitae
2367 954 2654 1009 rationem
2703 958 2766 1007 ut
2792 954 3058 1010 morbida
3087 972 3330 1028 corpora
3361 963 3694 1030 temperan-

2049 1043 2193 1098 tiam
2224 1047 2555 1099 aversantes
2587 1044 2658 1099 ab
2692 1059 2758 1098 eo
2803 1044 3215 1113 abhorrebant,
3247 1051 3304 1102 et
3353 1049 3479 1119 ejus
3520 1050 3693 1106 casti-

2048 1133 2341 1205 gationem
2369 1138 2426 1187 et
2456 1134 2908 1202 increpationem
2943 1134 3085 1203 (erat
3115 1135 3272 1190 enim
3322 1142 3529 1193 natura
3557 1155 3693 1195 voce

2047 1221 2231 1295 gravi,
2265 1238 2470 1293 aspera
2526 1225 2581 1277 et
2614 1221 2807 1293 rauca)
2839 1222 3185 1293 gravissime
3215 1230 3273 1280 et
3303 1226 3695 1297 iniquissimis

2048 1313 2263 1368 animis
2322 1312 2714 1384 patiebantur,
2748 1316 2803 1367 et
2845 1314 2971 1383 ejus
3021 1316 3259 1371 exitium
3313 1320 3376 1372 ut
3429 1318 3691 1375 divinum

2046 1401 2397 1458 beneﬁcium
2470 1402 2842 1472 exoptabant.
2920 1406 3063 1457 Cum
3121 1410 3307 1460 autem
3375 1406 3694 1479 imperator

2046 1494 2247 1547 contra
2276 1489 2630 1545 Balduinum
2688 1490 2973 1546 Flandrias
3002 1493 3297 1562 comitem,
3358 1497 3457 1566 qui
3511 1496 3691 1553 Philae

2045 1582 2174 1639 loca
2243 1582 2495 1637 ﬁnitima
2554 1581 2944 1654 populabatur
3000 1592 3055 1640 et
3130 1586 3349 1640 tributa
3404 1589 3690 1660 exigebat,

2046 1671 2249 1738 exiret,
2282 1675 2457 1743 atque
2488 1670 2549 1727 in
2580 1688 2646 1728 eo
2676 1672 2884 1728 itinere
2934 1678 3177 1745 uterque
3232 1675 3398 1732 alteri
3430 1677 3690 1734 occuris~

2044 1766 2197 1832 sent,
2250 1762 2524 1817 Romanis
2574 1762 2898 1833 perterritis
2928 1767 2987 1818 et
3042 1764 3267 1835 trepide
3330 1765 3689 1837 fugientibus

280 1867 363 1900 σιν
397 1842 716 1906 πολύποδος
750 1845 909 1919 ὠμοῦ
940 1841 975 1914 ἥ
1008 1839 1314 1919 ἐλλεϐόρου
1341 1847 1607 1919 τράπεζαν
1646 1843 1751 1900 εἴτε
1821 1845 1927 1917 μὴν

2040 1854 2185 1911 751
2223 1851 2385 1907 solus
2442 1850 2755 1908 derelictus
2805 1867 2953 1923 pene
2984 1853 3253 1923 periisset
3284 1872 3297 1913 :
3349 1859 3406 1910 et
3434 1856 3687 1911 Genitri-

275 1935 531 2009 ταυρείου
562 1933 796 2008 αἳματος
823 1931 1070 2008 κέρασμα
1134 1934 1545 2009 ἐκτρεπόμενοι,
1586 1934 1686 2002 τήν
1735 1934 1932 1989 τούτου

274 2025 656 2102 καταστροφὴν
708 2022 1043 2099 ἐπιστροφὴν
1111 2022 1286 2096 ᾤοντο
1343 2026 1552 2094 θεϊκήν.
1609 2025 1795 2080 Ἔνθεν
1846 2043 1930 2079 τοι

274 2114 364 2168 καὶ
396 2112 727 2171 Βαλδουίνου
758 2117 852 2168 τοῦ
882 2119 983 2183 τῆς
1035 2111 1350 2189 Φλαντρίας
1399 2112 1647 2185 κόμητος
1688 2113 1756 2167 τὰ
1806 2114 1931 2184 περί

274 2203 368 2257 τὸν
410 2202 613 2259 Φιλέαν
641 2201 914 2275 κείροντος
950 2202 1115 2278 μέρη,
1170 2202 1414 2257 κάκεῖθεν
1473 2202 1675 2276 φόρους
1733 2200 1930 2257 συλλέ-

274 2312 484 2368 γοντος,
542 2287 703 2366 ἔξεισι
768 2294 885 2347 κατ’
945 2291 1113 2346 αὐτοῦ
1174 2289 1446 2366 βασιλεύς.
1506 2291 1595 2353 Ὠς
1646 2287 1691 2345 δ’
1744 2292 1773 2345 ὁ
1835 2291 1930 2364 μὲν

271 2382 473 2448 ἀπιὼν,
513 2384 566 2437 οἰ
598 2380 644 2437 δ’
677 2380 737 2437 ἐκ
774 2385 871 2436 τοῦ
917 2379 1190 2454 πολεμίου
1235 2380 1458 2458 στίφους
1516 2380 1931 2455 ἀναζευγνύντες

279 2471 552 2542 ἀλλήλοις
613 2472 919 2544 συνέμιξαν,
972 2471 1240 2544 Ῥωμάῖοι
1303 2471 1399 2542 μὶν
1455 2467 1562 2526 δέει
1607 2470 1928 2545 ξυνὲχονται

277 2564 362 2616 καὶ
398 2560 652 2617 συντόνου
709 2567 882 2638 φυγῆς
922 2555 1170 2635 ἔχονται,
1227 2558 1595 2637 περιλειφθεὶς
1646 2557 1705 2613 δὲ
1762 2558 1927 2631 μόνος

2041 1942 2126 1999 cis
2185 1940 2282 1995 Dei
2341 1939 2534 2011 imago
2611 1955 2787 2010 quam
2858 1940 3256 1998 Romanorum
3308 1943 3688 2015 imperatores

2041 2029 2179 2086 belli
2230 2028 2450 2085 sociam
2481 2028 2799 2096 asciscunt,
2827 2029 2897 2085 ab
2930 2030 3195 2087 hostibus
3227 2036 3395 2104 capta
3440 2037 3548 2089 est.
3583 2033 3690 2089 Ne-

2040 2134 2154 2192 que
2184 2118 2308 2176 hase
2331 2122 2560 2175 tantum
2587 2118 2786 2190 gravia
2815 2124 3001 2189 erant,
3034 2121 3134 2176 sed
3169 2127 3219 2176 et
3256 2121 3429 2192 longe
3459 2123 3689 2195 gravio-

2038 2225 2105 2265 ra
2134 2208 2513 2264 timebantur.
2547 2208 2692 2263 Nam
2719 2209 2776 2263 in
2813 2209 3138 2278 majoribus
3174 2212 3419 2267 navibus
3452 2212 3689 2267 horren-

2038 2299 2122 2354 da
2167 2314 2376 2353 rursus
2420 2296 2588 2353 scalae
2646 2297 3087 2353 fabricabantur
3116 2303 3175 2355 et
3221 2300 3415 2355 omnis
3459 2300 3687 2373 generis

2038 2385 2313 2441 machinas
2372 2386 2750 2457 parabantur,
2806 2387 3031 2442 vexillis
3086 2403 3340 2459 superne
3405 2388 3689 2445 volitanti-

2038 2476 2146 2531 bus
2180 2491 2194 2541 ;
2227 2478 2281 2529 et
2304 2474 2398 2539 iis,
2431 2474 2529 2546 qui
2564 2476 2861 2546 pugnandi
2893 2491 3072 2531 causa
3101 2492 3169 2531 ea
3206 2478 3684 2549 conscenderent,

2035 2579 2069 2618 ε
2101 2562 2315 2618 Latinis
2347 2564 2597 2618 maxime
2628 2563 2863 2633 praemia
2888 2565 3380 2635 proponebantur.

279 2652 306 2704 ὁ
339 2649 592 2725 βασιλεὺς
621 2650 780 2710 αὐτός
798 2671 857 2705 τε
892 2653 1090 2723 μικροῦ
1110 2646 1499 2722 παραπώλετο,
1531 2650 1618 2704 καὶ
1654 2652 1688 2717 ἡ
1746 2654 1845 2717 τῆς
1894 2651 2252 2724 Θεομήτορος
2302 2649 2482 2720 εἰκὼν,
2540 2651 2606 2718 ἦν
2667 2650 2719 2703 οἱ
2781 2650 3025 2724 βασιλεῖς
3078 2651 3372 2723 Ῥωμαίων
3398 2656 3683 2706 ποιοῦνται

281 2740 677 2815 συστράτηγον,
707 2743 825 2799 τοῖς
855 2736 1121 2798 ἐναντίοις
1154 2736 1415 2792 ἑάλωκεν.
1452 2740 1552 2794 Ἦν
1585 2733 1613 2790 δ
1648 2736 1711 2791 ού
1738 2737 1901 2809 μόνον
1928 2741 2098 2793 ταῦτα
2121 2735 2289 2803 δεινὰ,
2345 2737 2491 2793 ἀλλά
2543 2758 2603 2813 γε
2656 2738 2747 2792 καὶ
2775 2739 2844 2793 τά
2873 2736 3206 2811 ἐλπιζόμενα
3227 2738 3368 2794 πολὺ
3398 2739 3570 2815 χείρω
3591 2729 3682 2795 καἰ

279 2827 662 2903 χαλεπώτατα
699 2827 752 2881 ἐν
785 2828 891 2904 γάρ
921 2832 1039 2890 τοῖς
1064 2826 1272 2898 μείζοσι
1295 2830 1404 2880 τῶν
1431 2823 1645 2880 πλοίων
1676 2822 1971 2901 φρικώδεις
2028 2826 2196 2881 πάλιν
2262 2824 2530 2899 κλίμακες
2572 2825 2941 2882 ἐτεκταίνοντο
2996 2827 3087 2882 καὶ
3148 2829 3395 2902 μηχαναὶ
3426 2834 3679 2884 παντοῖαι

276 2921 751 2987 κατεσκευάζοντο,
785 2916 1018 2990 σημαῖαί
1050 2935 1109 2971 τε
1139 2914 1226 2970 ἐπὶ
1259 2916 1469 2970 τούτων
1502 2915 1813 2986 ἠνεμωντο,
1842 2916 1929 2970 καὶ
1962 2921 2078 2978 τοῖς
2135 2916 2211 2979 εἷς
2270 2915 2433 2978 αὐτάς
2499 2915 2733 2971 ἀνιοῦσιν
2765 2916 2852 2971 ἐπὶ
2878 2923 2957 2989 τῷ
2990 2918 3262 2992 μάχεσθαι
3300 2916 3498 2992 δωρεαί
3537 2919 3683 2993 παρὰ

274 3006 510 3062 Λατίνων
546 3006 933 3080 προύτείνοντο
971 3004 1239 3079 μέγισται.

340 3108 421 3179 [Ρ.
456 3106 586 3177 365]
621 3105 688 3178 β’.
722 3103 825 3160 Καὶ
891 3101 1061 3158 ταύτα
1115 3104 1212 3176 μὲν
1264 3105 1372 3157 τῶν
1431 3098 1622 3157 δεινῶν
1670 3101 1923 3171 ἐκινεῖτο,

271 3196 332 3250 τὰ
363 3193 420 3249 δὲ
446 3193 779 3269 ἐγίνετο,τά
823 3190 871 3247 δ’
927 3189 1193 3264 ἤμελλεν⁵
1257 3190 1541 3266 ἡλόγηντο
1601 3188 1659 3246 δὲ
1726 3192 1819 3246 καὶ
1872 3191 1924 3245 οἱ

276 3286 391 3359 περὶ
480 3283 668 3361 φιλίας
758 3282 918 3357 λόγοι
1012 3282 1103 3335 καὶ
1159 3282 1465 3336 παντάπασι
1517 3278 1923 3353 κατημέληντο.

277 3373 501 3430 Μᾶλλον
532 3372 590 3427 δὲ
615 3372 706 3427 καὶ
734 3370 962 3432 τούτους
992 3370 1227 3445 πονηροί
1280 3390 1420 3431 τινες
1453 3372 1719 3444 Τελχῖνες
1780 3367 1925 3423 πολ-

274 3461 431 3526 λάκις
455 3461 731 3535 συνέχεον.
789 3462 851 3518 Ὀ
895 3460 1000 3537 γὰρ
1068 3458 1194 3529 δοὺξ
1249 3458 1740 3532 ΒενετίαςἘρίκος
1792 3457 1923 3512 Δάν-

2102 3105 2158 3158 2.
2191 3103 2271 3159 Ita
2301 3103 2577 3176 periculis
2631 3105 2839 3177 partim
2886 3102 3265 3175 instantibus,
3316 3107 3525 3179 partim
3578 3125 3680 3163 ur-

2034 3193 2331 3263 gentibus,
2384 3193 2547 3248 nulla
2576 3210 2711 3265 spes
2772 3194 3184 3265 pacificationis
3226 3200 3550 3267 supererat,
3586 3214 3682 3269 pa-

2035 3281 2328 3338 ctionibus
2360 3298 2461 3354 per
2504 3282 2734 3338 invidos
2779 3289 2837 3338 et
2866 3285 3181 3341 sceleratos
3237 3286 3519 3354 quosdam
3575 3286 3681 3342 ho.

2036 3372 2227 3427 mines
2253 3388 2403 3443 saepe
2433 3373 2714 3429 confusis.
2755 3373 2898 3430 Nam
2933 3374 3051 3430 dux
3084 3374 3445 3431 Venetiarum
3477 3376 3679 3433 Ericus

2036 3458 2339 3515 Dandulus
2369 3476 2497 3516 cum
2532 3462 2882 3534 imperatore
2919 3463 2991 3519 de
3024 3480 3158 3534 pare
3186 3468 3422 3518 acturus
3454 3465 3679 3521 triremi

273 3550 473 3614 δουλος
508 3548 779 3624 ὁμιλῆσαι
808 3550 933 3624 περὶ
975 3551 1223 3605 σπονδῶν
1255 3545 1520 3621 ὶλόμενος
1557 3545 1793 3622 βασιλεῖ,
1823 3552 1927 3615 νῆα

2039 3549 2195 3620 iuxta
2241 3549 2603 3605 Cosmidium
2660 3550 2943 3623 appellit:
3002 3553 3204 3608 eodem
3254 3558 3312 3607 et
3362 3553 3678 3623 imperator

267 3642 453 3697 εἰσιὼν
523 3641 748 3713 τριήρη,
835 3638 959 3714 περὶ
1031 3641 1151 3699 ταῖς
1236 3638 1422 3692 ἀκταῖς
1490 3637 1751 3711 προσέχει
1827 3639 1924 3691 τοῦ

269 3727 600 3804 Κοσμιδίου.
631 3729 722 3792 Ὦς
777 3725 822 3781 δ’
856 3725 1088 3804 ἔφιππος
1139 3727 1309 3783 ἐκεῖσε
1366 3727 1454 3781 καὶ
1536 3724 1790 3801 βασιλεὺς
1821 3724 1923 3802 ἀφ-

269 3823 437 3889 ίκετο,
498 3817 806 3873 ἐκοινοῦντο
868 3817 962 3890 μὲν
1046 3814 1323 3887 ἀλλήλοις
1379 3816 1445 3870 τὰ
1506 3816 1643 3888 πρὸς
1701 3814 1920 3889 εἰρήνην

266 3909 514 3983 ῥήματα,
570 3906 756 3980 μηδενὶ
806 3910 916 3961 τῶν
945 3905 1133 3961 ἄλλων
1178 3906 1277 3973 τὴν
1337 3901 1577 3973 σπουδὴν
1630 3903 1926 3977 χαριζόμε-

260 4020 367 4056 νοι.
431 3995 527 4052 Καὶ
584 3998 720 4065 ἦσαν
777 3996 845 4049 τὰ
900 3993 1045 4064 παρὰ
1099 3998 1198 4049 τοῦ
1271 3991 1465 4055 δουκὸς
1523 3993 1775 4053 Βενετίας
1833 3992 1920 4045 καὶ

260 4093 374 4143 τῶν
432 4086 647 4140 λοιπῶν
703 4088 1019 4158 στρατηγῶν
1087 4081 1385 4154 αἰτούμενα
1443 4080 1674 4154 χρυσίου
1728 4080 1925 4149 πεντή-

263 4196 428 4231 κοντα
449 4175 780 4247 κεντηνάρια
838 4170 900 4226 ἐκ
952 4176 1050 4227 τοῦ
1118 4170 1314 4225 αὐτίκα
1377 4169 1525 4240 μάλα
1565 4163 1921 4223 καταϐαλλό-

274 4286 426 4338 μενα,
488 4263 579 4318 καὶ
638 4260 950 4334 συμφωνίαι
1006 4259 1146 4321 τινὲς
1177 4258 1259 4313 ἐπ’
1317 4257 1504 4319 αὐτοῖς
1535 4255 1922 4312 άποκνάίουσαι

274 4355 368 4426 μὲν
420 4354 512 4409 καὶ
574 4347 1004 4423 δυσπαρᾶδεκτοι
1054 4352 1172 4410 τοῖς
1229 4348 1550 4422 γευομένοις
1616 4344 1922 4421 ἐλευθερίας

268 4445 357 4497 καὶ
447 4441 701 4505 εἰωθόσιν
760 4438 1089 4505 ἐπιτάσσειν,
1176 4436 1276 4491 οὐκ
1358 4433 1754 4501 ἐπιτάσσεσθαι,
1834 4436 1923 4490 καὶ

270 4530 583 4588 Λακωνικαὶ
674 4530 884 4603 βαρεῖαι
939 4526 1252 4600 κρινόμεναι
1352 4526 1623 4599 μάστιγες
1711 4526 1801 4587 οἷς
1878 4522 1924 4579 δ’

266 4620 658 4697 αἰχμαλῶσίας
680 4618 962 4692 πρόκειται
991 4613 1239 4677 κίνδυνος
1278 4616 1366 4670 καὶ
1424 4611 1714 4687 πάνδημος
1767 4613 1924 4689 άνέρο

267 4712 438 4787 ῥωγεν
467 4706 696 4782 ὄλεθρος
722 4707 785 4761 τὸ
819 4706 912 4778 μέν
944 4726 996 4760 τι
1028 4704 1245 4779 πρώην,
1286 4703 1349 4758 τὸ
1409 4700 1466 4758 δὲ
1521 4703 1612 4758 καὶ
1647 4703 1925 4778 ὑπογυίως

263 4797 776 4873 άοαστομούμενος,
838 4794 1054 4849 ἀνεκταὶ
1112 4793 1328 4855 πάντως
1393 4790 1535 4864 μηδὲ
1587 4791 1924 4847 παντάπασιν

263 4888 676 4966 ἁχθεινόταται.
711 4887 799 4939 Ἐν
838 4885 883 4955 ᾧ
915 4881 973 4938 δὲ
1001 4883 1067 4936 τὰ
1124 4881 1260 4956 πρὸς
1290 4881 1512 4956 εἰρήνην
1570 4880 1645 4943 εἰς
1693 4878 1927 4951 διάλεξιν

261 4976 612 5055 προῦκειντο,

259 5071 453 5143 ὃεξίων
514 5065 711 5145 αἶ’φνης
769 5068 1012 5142 φανεῖσαι
1069 5064 1249 5132 ἡνίαις
1316 5062 1472 5126 ὅλαις
1556 5068 1634 5134 τῷ
1712 5061 1926 5136 βασιλεῖ

253 5160 614 5223 ἐπιτίθενται,
710 5154 789 5217 ὠς
886 5153 1048 5225 μόλις
1128 5152 1330 5207 ἐκεῖνον
1412 5152 1783 5227 παρερύσαντα
1830 5152 1919 5206 τὸν

250 5254 432 5308 ’ἰππον
491 5245 797 5319 διεκφυγεῖν
880 5243 971 5296 τὸν
1028 5239 1299 5310 κίνδυνον,
1374 5246 1483 5295 τῶν
1544 5238 1603 5295 δὲ
1651 5240 1919 5294 συνόντων

252 5336 807 5418 χειρωθῆναίτινας’
860 5332 923 5386 τὸ
981 5330 1087 5405 γὰρ
1133 5329 1299 5418 ᾅκρον
1357 5336 1457 5397 τῆς
1507 5328 1725 5418 ἐκείνων
1780 5326 1920 5418 πρὸς

247 5412 407 5503 {pic
438 5421 742 5499 ἀπεχθείας
769 5421 863 5475 καὶ
891 5420 953 5474 τὸ
987 5412 1331 5493 ὑπερϐάλλον
1390 5424 1491 5485 τῆς
1544 5416 1629 5471 ἐπ’
1682 5415 1918 5475 ἐκείνους

251 5520 425 5591 ἡμῶν
458 5510 746 5587 διχονοίας
780 5504 1042 5580 οὐδεμίαν
1070 5504 1348 5579 ἑκατέροις
1387 5506 1687 5578 παρεισῆγε
1744 5504 1918 5577 ῥοπὴν

252 5604 685 5686 φιλάνθρωπον.
718 5598 796 5654 Τά
825 5593 873 5651 δ’
921 5594 1007 5650 ἐπὶ
1055 5594 1271 5654 τούτοις
1329 5592 1758 5649 άποσαλεύονται
1813 5597 1920 5647 τῶν

251 5679 440 5773 ᾗόνων
479 5711 550 5750 τα
607 5687 831 5767 μέγιστα
886 5688 995 5741 τῶν
1048 5679 1357 5739 ἀντιπάλων
1410 5686 1648 5758 σκαφῶν,
1705 5680 1789 5757 ἐφ’
1846 5682 1917 5736 ὧν

2035 3653 2186 3709 equo
2202 3638 2727 3695 advehitur.Bebus
2748 3640 2877 3696 aliis
2908 3640 3184 3696 omnibus
3213 3640 3430 3696 relictis
3448 3642 3519 3695 de
3535 3656 3675 3711 pace

2029 3727 2205 3782 verba
2259 3728 2587 3784 conferunt.
2648 3732 2727 3784 Ac
2786 3746 2820 3782 a
2877 3730 3024 3784 duce
3078 3729 3449 3784 Venetiarum
3501 3734 3674 3787 cate-

2032 3815 2228 3888 risque
2280 3818 2643 3888 principibus
2702 3818 2826 3873 auri
2881 3819 3198 3874 centenarii
3246 3819 3674 3890 quinquaginta

2032 3905 2224 3960 statim
2271 3908 2619 3962 numerandi
2669 3908 3055 3977 postulantur,
3087 3908 3330 3979 adjectis
3387 3908 3672 3964 conditio-

2031 3994 2207 4049 nibus
2238 3994 2462 4065 aliquot
2491 3996 2824 4051 durissimis
2859 4006 2910 4051 et
2946 3996 3185 4051 minime
3215 3997 3569 4068 accipiendis
3597 3997 3671 4053 iis

2032 4084 2133 4156 qui
2160 4084 2444 4139 libertatis
2503 4083 2871 4141 dulcedinem
2932 4091 3074 4141 sunt
3128 4087 3351 4157 experti
3401 4086 3670 4159 etimpe-

2033 4189 2180 4239 rare,
2216 4189 2327 4227 non
2398 4189 2599 4243 parere
2648 4173 2999 4239 didicerunt,
3031 4179 3088 4230 et
3135 4174 3403 4230 Laconici
3459 4174 3671 4247 ﬂagelli

2034 4263 2408 4316 acerbitatem
2441 4261 2871 4332 superantibus.
2912 4264 3137 4327 Quibus
3159 4280 3290 4319 vero
3317 4263 3671 4335 captivitatis

2035 4349 2352 4421 periculum
2392 4350 2737 4406 imminebat
2767 4368 2835 4407 ac
2866 4351 3167 4423 publicum
3216 4353 3459 4408 exitium
3492 4358 3548 4408 et
3578 4355 3670 4408 in-

2033 4439 2310 4495 choatum
2341 4445 2397 4495 ct
2454 4434 2882 4511 exasperatum,
2933 4442 3082 4498 752
3134 4440 3667 4512 plane'tolerabiles

2035 4532 2201 4583 erant
2231 4545 2333 4585 nec
2364 4528 2631 4586 omnium
2672 4528 3050 4586 difficillima.
3094 4530 3242 4585 Dum
3275 4548 3407 4588 vero
3439 4534 3512 4589 de
3542 4550 3682 4604 pace

2035 4618 2390 4688 disputatur,
2442 4618 2778 4673 Latinorum
2832 4623 3137 4690 equestres
3165 4622 3343 4692 copias
3373 4637 3443 4676 ex
3499 4638 3675 4694 supe-

2038 4706 2184 4762 riore
2217 4704 2340 4761 loco
2373 4705 2561 4761 subito
2592 4712 2970 4777 erumpentes
3022 4706 3169 4763 laxis
3200 4707 3444 4765 habenis
3493 4711 3679 4781 impe-

2034 4801 2285 4851 ratorem
2340 4799 2560 4866 petunt,
2614 4800 2678 4849 ut
2735 4796 2826 4850 vix
2879 4812 3024 4865 equo
3052 4812 3328 4853 converso
3360 4797 3679 4868 periculum

2036 4884 2311 4953 effugeret
2375 4891 2431 4940 et
2487 4884 2763 4940 comitum
2823 4886 2951 4956 eius
3027 4885 3252 4955 aliquot
3311 4894 3677 4959 caperentur.

699 4972 921 5028 ἱππικαὶ
1000 4971 1281 5027 Λατινικαὶ
1335 4970 1591 5043 δυνάμεις
1660 4968 1712 5041 ἐξ
1764 4971 1922 5045 ὑπερ-

2039 4974 2177 5029 Nam
2212 4988 2509 5029 summum
2542 4989 2746 5028 eorum
2778 4990 2913 5041 erga
2952 4990 3059 5029 nos
3090 4974 3291 5030 odium
3323 4980 3382 5031 et
3428 4977 3679 5037 immen-

2035 5078 2167 5117 sum
2202 5067 2468 5116 nostrum
2519 5078 2649 5116 cum
2703 5061 2816 5116 illis
2870 5062 3180 5118 dissidium
3239 5065 3510 5123 obstabat
3566 5083 3678 5139 quo

2035 5150 2231 5205 minus
2262 5149 2536 5218 utrinque
2566 5150 2637 5203 de
2667 5151 2853 5221 aequis
2885 5152 3317 5210 conditionibus
3349 5156 3443 5227 agi
3461 5162 3675 5227 posset.

2034 5237 2245 5291 Exinde
2289 5236 2554 5290 maximae
2618 5238 2858 5293 hostiles
2901 5255 3094 5304 naves,
3130 5241 3191 5295 in
3222 5244 3433 5312 quibus
3462 5250 3680 5315 paratas

2030 5332 2195 5383 erant
2225 5324 2396 5380 scalae
2448 5331 2770 5398 ceteraque
2826 5328 3225 5386 instrumenta
3280 5335 3351 5388 ad
3387 5351 3680 5407 oppugna-

2029 5416 2247 5470 tionem
2281 5412 2629 5481 necessaria,
2688 5433 2721 5469 a
2779 5415 3076 5470 littoribus
3127 5420 3376 5475 reductas
3410 5427 3564 5477 recta
3604 5424 3675 5478 ad

2032 5500 2244 5557 mmnia
2276 5499 2582 5566 accedunt,
2611 5510 2662 5556 et
2691 5502 2868 5572 justis
2902 5504 3147 5558 invicem
3181 5508 3468 5564 distinctae
3498 5510 3675 5566 inter-

2028 5588 2194 5645 vallis
2224 5586 2281 5639 id
2315 5585 2573 5653 spatium
2605 5593 2913 5660 occupant,
2945 5590 3098 5660 quod
3134 5594 3207 5647 ad
3240 5596 3527 5667 Even-getae
3547 5612 3667 5651 mo-

2030 5673 2282 5734 nasterio
2312 5671 2383 5726 ad
2449 5677 2737 5731 amussim
2786 5677 2858 5731 ad
2889 5674 3347 5736 Blanchernium
3387 5680 3669 5752 palatium
