  <div class='ocr_page' id='page_1' title='image "/cluster/home/n/w/nwhite01/storage/ocr_20150623/139/mdp.39015078384214/485.png"; bbox 0 0 4120 6284; ppageno 0'>
   <div class='ocr_carea' id='block_1_1' title="bbox 423 397 540 460">
    <p class='ocr_par' dir='ltr' id='par_1_1' title="bbox 423 397 540 460">
     <span class='ocr_line' id='line_1_1' title="bbox 423 397 540 460; baseline 0 -1"><span class='ocrx_word' id='word_1_1' title='bbox 423 397 540 460; x_wconf 73' lang='lat'><strong>951</strong></span> 
     </span>
    </p>
   </div>
   <div class='ocr_carea' id='block_1_2' title="bbox 1742 349 2520 436">
    <p class='ocr_par' dir='ltr' id='par_1_2' title="bbox 1742 349 2520 436">
     <span class='ocr_line' id='line_1_2' title="bbox 1742 349 2520 436; baseline -0.01 1"><span class='ocrx_word' id='word_1_2' title='bbox 1742 371 2051 436; x_wconf 73' lang='lat' dir='ltr'><strong>NICETAL‘</strong></span> <span class='ocrx_word' id='word_1_3' title='bbox 2094 349 2520 430; x_wconf 66' lang='lat' dir='ltr'><strong>CHONIATAE</strong></span> 
     </span>
    </p>
   </div>
   <div class='ocr_carea' id='block_1_3' title="bbox 3720 361 3863 422">
    <p class='ocr_par' dir='ltr' id='par_1_3' title="bbox 3720 361 3863 422">
     <span class='ocr_line' id='line_1_3' title="bbox 3720 361 3863 422; baseline 0 0"><span class='ocrx_word' id='word_1_4' title='bbox 3720 361 3863 422; x_wconf 74' lang='lat'><strong>952‘</strong></span> 
     </span>
    </p>
   </div>
   <div class='ocr_carea' id='block_1_4' title="bbox 427 493 2101 602">
    <p class='ocr_par' dir='ltr' id='par_1_4' title="bbox 427 513 2072 602">
     <span class='ocr_line' id='line_1_4' title="bbox 427 513 2072 602; baseline -0.019 -7"><span class='ocrx_word' id='word_1_5' title='bbox 427 532 784 602; x_wconf 77' lang='lat' dir='ltr'><strong>extenditur,</strong></span> <span class='ocrx_word' id='word_1_6' title='bbox 807 527 1074 586; x_wconf 88' lang='lat' dir='ltr'><strong>incendio</strong></span> <span class='ocrx_word' id='word_1_7' title='bbox 1095 520 1421 581; x_wconf 76' lang='lat' dir='ltr'><strong>desolatam</strong></span> <span class='ocrx_word' id='word_1_8' title='bbox 1446 520 1802 589; x_wconf 81' lang='lat' dir='ltr'><strong>aspectuque</strong></span> <span class='ocrx_word' id='word_1_9' title='bbox 1834 513 2072 568; x_wconf 57' lang='lat' dir='ltr'><strong>foedum.</strong></span> 
     </span>
    </p>
   </div>
   <div class='ocr_carea' id='block_1_5' title="bbox 2209 493 3844 602">
    <p class='ocr_par' dir='ltr' id='par_1_5' title="bbox 2209 493 3844 602">
     <span class='ocr_line' id='line_1_5' title="bbox 2209 493 3844 576; baseline -0.007 -17"><span class='ocrx_word' id='word_1_10' title='bbox 2209 505 2246 558; x_wconf 76' lang='grc' dir='ltr'>ιὶ</span> <span class='ocrx_word' id='word_1_11' title='bbox 2286 503 2555 575; x_wconf 79' lang='grc' dir='ltr'><strong>κλίμακες</strong></span> <span class='ocrx_word' id='word_1_12' title='bbox 2589 501 2867 576; x_wconf 75' lang='grc' dir='ltr'>εὐτρεπεῖς</span> <span class='ocrx_word' id='word_1_13' title='bbox 2917 499 3009 556; x_wconf 83' lang='grc' dir='ltr'><strong>καὶ</strong></span> <span class='ocrx_word' id='word_1_14' title='bbox 3066 500 3168 554; x_wconf 79' lang='grc' dir='ltr'>’ὀσα</span> <span class='ocrx_word' id='word_1_15' title='bbox 3201 501 3310 554; x_wconf 83' lang='grc' dir='ltr'><strong>τῶν</strong></span> <span class='ocrx_word' id='word_1_16' title='bbox 3387 496 3633 572; x_wconf 78' lang='grc' dir='ltr'>ὁργάνων</span> <span class='ocrx_word' id='word_1_17' title='bbox 3709 493 3844 566; x_wconf 68' lang='grc' dir='ltr'>πρὸ)</span> 
     </span>
     <span class='ocr_line' id='line_1_6' title="bbox 2475 583 3818 602; baseline 0 0"><span class='ocrx_word' id='word_1_18' title='bbox 2475 592 2487 602; x_wconf 96' lang='grc'><strong>,</strong></span> <span class='ocrx_word' id='word_1_19' title='bbox 2597 595 2610 602; x_wconf 93' lang='grc'><strong>-</strong></span> <span class='ocrx_word' id='word_1_20' title='bbox 2701 593 2711 602; x_wconf 96' lang='grc'><em>.</em></span> <span class='ocrx_word' id='word_1_21' title='bbox 3034 590 3047 602; x_wconf 84' lang='grc'><strong>.</strong></span> <span class='ocrx_word' id='word_1_22' title='bbox 3131 590 3145 602; x_wconf 91' lang='grc'><em>.</em></span> <span class='ocrx_word' id='word_1_23' title='bbox 3259 586 3272 602; x_wconf 81' lang='lat'><strong>.</strong></span> <span class='ocrx_word' id='word_1_24' title='bbox 3327 588 3340 602; x_wconf 88' lang='lat'><strong>.</strong></span> <span class='ocrx_word' id='word_1_25' title='bbox 3402 591 3431 602; x_wconf 89' lang='lat'><strong>..</strong></span> <span class='ocrx_word' id='word_1_26' title='bbox 3537 590 3565 602; x_wconf 76' lang='lat'><strong>-</strong></span> <span class='ocrx_word' id='word_1_27' title='bbox 3806 583 3818 602; x_wconf 82' lang='grc'><strong><em>1</em></strong></span> 
     </span>
    </p>
   </div>
   <div class='ocr_carea' id='block_1_6' title="bbox 429 605 2073 696">
    <p class='ocr_par' dir='ltr' id='par_1_6' title="bbox 429 605 2073 696">
     <span class='ocr_line' id='line_1_7' title="bbox 429 605 2073 696; baseline -0.019 -10"><span class='ocrx_word' id='word_1_28' title='bbox 429 631 553 696; x_wconf 82' lang='lat' dir='ltr'><strong>Quo</strong></span> <span class='ocrx_word' id='word_1_29' title='bbox 579 626 706 684; x_wconf 90' lang='lat' dir='ltr'><strong>viso</strong></span> <span class='ocrx_word' id='word_1_30' title='bbox 754 629 960 689; x_wconf 85' lang='lat' dir='ltr'><strong>Ducas,</strong></span> <span class='ocrx_word' id='word_1_31' title='bbox 995 627 1057 673; x_wconf 89' lang='lat' dir='ltr'><strong>ut</strong></span> <span class='ocrx_word' id='word_1_32' title='bbox 1103 615 1266 686; x_wconf 88' lang='lat' dir='ltr'><strong>paria</strong></span> <span class='ocrx_word' id='word_1_33' title='bbox 1318 627 1450 668; x_wconf 91' lang='lat' dir='ltr'><strong>cum</strong></span> <span class='ocrx_word' id='word_1_34' title='bbox 1509 608 1784 664; x_wconf 79' lang='lat' dir='ltr'><strong>hostibus</strong></span> <span class='ocrx_word' id='word_1_35' title='bbox 1841 605 2073 667; x_wconf 83' lang='lat' dir='ltr'><strong>faceret,</strong></span> 
     </span>
    </p>
   </div>
   <div class='ocr_carea' id='block_1_7' title="bbox 427 688 2078 790">
    <p class='ocr_par' dir='ltr' id='par_1_7' title="bbox 427 688 2078 790">
     <span class='ocr_line' id='line_1_8' title="bbox 427 688 2078 790; baseline -0.019 -15"><span class='ocrx_word' id='word_1_36' title='bbox 427 688 556 790; x_wconf 50' lang='lat' dir='ltr'><strong>ipse</strong></span> <span class='ocrx_word' id='word_1_37' title='bbox 603 726 837 787; x_wconf 90' lang='lat' dir='ltr'><strong>quoque</strong></span> <span class='ocrx_word' id='word_1_38' title='bbox 887 688 1269 778; x_wconf 87' lang='lat' dir='ltr'><strong>imperatoria</strong></span> <span class='ocrx_word' id='word_1_39' title='bbox 1325 700 1576 758; x_wconf 87' lang='lat' dir='ltr'><strong>tentoria</strong></span> <span class='ocrx_word' id='word_1_40' title='bbox 1635 699 1693 752; x_wconf 89' lang='lat' dir='ltr'><strong>in</strong></span> <span class='ocrx_word' id='word_1_41' title='bbox 1745 690 1972 749; x_wconf 85' lang='lat' dir='ltr'><strong>tumulo</strong></span> <span class='ocrx_word' id='word_1_42' title='bbox 2005 688 2078 745; x_wconf 89' lang='lat' dir='ltr'><strong>ad</strong></span> 
     </span>
    </p>
   </div>
   <div class='ocr_carea' id='block_1_8' title="bbox 428 779 2074 874">
    <p class='ocr_par' dir='ltr' id='par_1_8' title="bbox 428 779 2074 874">
     <span class='ocr_line' id='line_1_9' title="bbox 428 779 2074 874; baseline -0.018 -12"><span class='ocrx_word' id='word_1_43' title='bbox 428 779 800 874; x_wconf 47' lang='lat' dir='ltr'><strong>ﬁantepoptte</strong></span> <span class='ocrx_word' id='word_1_44' title='bbox 860 795 1274 854; x_wconf 81' lang='lat' dir='ltr'><strong>monasterium</strong></span> <span class='ocrx_word' id='word_1_45' title='bbox 1327 791 1424 862; x_wconf 82' lang='lat' dir='ltr'><strong>ﬁgi</strong></span> <span class='ocrx_word' id='word_1_46' title='bbox 1450 788 1668 860; x_wconf 79' lang='lat' dir='ltr'><strong>jussit;</strong></span> <span class='ocrx_word' id='word_1_47' title='bbox 1701 783 1855 839; x_wconf 86' lang='lat' dir='ltr'><strong>unde</strong></span> <span class='ocrx_word' id='word_1_48' title='bbox 1885 785 1941 837; x_wconf 87' lang='lat' dir='ltr'><strong>et</strong></span> <span class='ocrx_word' id='word_1_49' title='bbox 1971 779 2074 834; x_wconf 90' lang='lat' dir='ltr'><strong>ho-</strong></span> 
     </span>
    </p>
   </div>
   <div class='ocr_carea' id='block_1_9' title="bbox 429 871 2074 956">
    <p class='ocr_par' dir='ltr' id='par_1_9' title="bbox 429 871 2074 956">
     <span class='ocr_line' id='line_1_10' title="bbox 429 871 2074 956; baseline -0.018 -6"><span class='ocrx_word' id='word_1_50' title='bbox 429 871 834 955; x_wconf 37' lang='lat' dir='ltr'><strong>stium—naves,</strong></span> <span class='ocrx_word' id='word_1_51' title='bbox 865 892 924 942; x_wconf 90' lang='lat' dir='ltr'><strong>et</strong></span> <span class='ocrx_word' id='word_1_52' title='bbox 956 882 1239 956; x_wconf 87' lang='lat' dir='ltr'><strong>quidquid</strong></span> <span class='ocrx_word' id='word_1_53' title='bbox 1265 881 1525 952; x_wconf 82' lang='lat' dir='ltr'><strong>agerent,</strong></span> <span class='ocrx_word' id='word_1_54' title='bbox 1547 871 1804 945; x_wconf 84' lang='lat' dir='ltr'><strong>conspici</strong></span> <span class='ocrx_word' id='word_1_55' title='bbox 1832 873 2074 943; x_wconf 89' lang='lat' dir='ltr'><strong>poterat.</strong></span> 
     </span>
    </p>
   </div>
   <div class='ocr_carea' id='block_1_10' title="bbox 2182 583 3849 669">
    <p class='ocr_par' dir='ltr' id='par_1_10' title="bbox 2182 583 3849 669">
     <span class='ocr_line' id='line_1_11' title="bbox 2182 583 3849 669; baseline -0.007 -20"><span class='ocrx_word' id='word_1_56' title='bbox 2182 592 2554 669; x_wconf 82' lang='grc' dir='ltr'><strong>τειχομαχίαν</strong></span> <span class='ocrx_word' id='word_1_57' title='bbox 2587 593 2918 666; x_wconf 79' lang='grc' dir='ltr'><strong>ἡτοίμασται</strong></span> <span class='ocrx_word' id='word_1_58' title='bbox 2961 590 3050 644; x_wconf 84' lang='grc' dir='ltr'>καὶ</span> <span class='ocrx_word' id='word_1_59' title='bbox 3115 590 3190 650; x_wconf 87' lang='grc' dir='ltr'>ὡς</span> <span class='ocrx_word' id='word_1_60' title='bbox 3254 586 3343 642; x_wconf 84' lang='grc' dir='ltr'><strong>ἐπὶ</strong></span> <span class='ocrx_word' id='word_1_61' title='bbox 3401 590 3568 662; x_wconf 80' lang='grc' dir='ltr'>ζυγοῦ</span> <span class='ocrx_word' id='word_1_62' title='bbox 3601 583 3849 640; x_wconf 87' lang='grc' dir='ltr'>κατατεί-</span> 
     </span>
    </p>
   </div>
   <div class='ocr_carea' id='block_1_11' title="bbox 2182 671 3851 756">
    <p class='ocr_par' dir='ltr' id='par_1_11' title="bbox 2182 671 3851 756">
     <span class='ocr_line' id='line_1_12' title="bbox 2182 671 3851 756; baseline -0.005 -19"><span class='ocrx_word' id='word_1_63' title='bbox 2182 703 2347 738; x_wconf 85' lang='grc' dir='ltr'>ναντα</span> <span class='ocrx_word' id='word_1_64' title='bbox 2407 681 2496 736; x_wconf 80' lang='grc' dir='ltr'>ἐπὶ</span> <span class='ocrx_word' id='word_1_65' title='bbox 2564 683 2664 750; x_wconf 86' lang='grc' dir='ltr'><strong>τήν</strong></span> <span class='ocrx_word' id='word_1_66' title='bbox 2724 681 2861 756; x_wconf 88' lang='grc' dir='ltr'>πρὸς</span> <span class='ocrx_word' id='word_1_67' title='bbox 2919 680 2985 734; x_wconf 83' lang='grc' dir='ltr'>τὰ</span> <span class='ocrx_word' id='word_1_68' title='bbox 3040 677 3207 754; x_wconf 81' lang='grc' dir='ltr'>τείχη</span> <span class='ocrx_word' id='word_1_69' title='bbox 3270 671 3662 750; x_wconf 73' lang='grc' dir='ltr'>μεταϐαίνουσι</span> <span class='ocrx_word' id='word_1_70' title='bbox 3706 671 3851 728; x_wconf 85' lang='grc' dir='ltr'>πλά-</span> 
     </span>
    </p>
   </div>
   <div class='ocr_carea' id='block_1_12' title="bbox 2185 762 3844 848">
    <p class='ocr_par' dir='ltr' id='par_1_12' title="bbox 2185 762 3844 848">
     <span class='ocr_line' id='line_1_13' title="bbox 2185 762 3844 848; baseline -0.007 -22"><span class='ocrx_word' id='word_1_71' title='bbox 2185 791 2398 848; x_wconf 89' lang='grc' dir='ltr'>στιγγα,</span> <span class='ocrx_word' id='word_1_72' title='bbox 2429 768 2522 824; x_wconf 83' lang='grc' dir='ltr'><strong>καὶ</strong></span> <span class='ocrx_word' id='word_1_73' title='bbox 2562 766 2879 842; x_wconf 72' lang='grc' dir='ltr'>διειλήφασι</span> <span class='ocrx_word' id='word_1_74' title='bbox 2915 768 3008 822; x_wconf 89' lang='grc' dir='ltr'><strong>τὸν</strong></span> <span class='ocrx_word' id='word_1_75' title='bbox 3065 771 3286 842; x_wconf 78' lang='grc' dir='ltr'>χῶρον,</span> <span class='ocrx_word' id='word_1_76' title='bbox 3338 763 3390 826; x_wconf 84' lang='grc' dir='ltr'><strong>ές</strong></span> <span class='ocrx_word' id='word_1_77' title='bbox 3449 764 3514 818; x_wconf 84' lang='grc' dir='ltr'>τὸ</span> <span class='ocrx_word' id='word_1_78' title='bbox 3581 762 3844 836; x_wconf 79' lang='grc' dir='ltr'><strong>ἀποχρῶν</strong></span> 
     </span>
    </p>
   </div>
   <div class='ocr_carea' id='block_1_13' title="bbox 2187 850 3851 930">
    <p class='ocr_par' dir='ltr' id='par_1_13' title="bbox 2187 850 3851 930">
     <span class='ocr_line' id='line_1_14' title="bbox 2187 850 3851 930; baseline -0.005 -16"><span class='ocrx_word' id='word_1_79' title='bbox 2187 858 2452 929; x_wconf 68' lang='grc' dir='ltr'>ἀλλήλων</span> <span class='ocrx_word' id='word_1_80' title='bbox 2495 857 2834 930; x_wconf 86' lang='grc' dir='ltr'>διιστάμενα,</span> <span class='ocrx_word' id='word_1_81' title='bbox 2865 857 2924 919; x_wconf 82' lang='grc' dir='ltr'><strong>ὅς</strong></span> <span class='ocrx_word' id='word_1_82' title='bbox 2955 855 3016 910; x_wconf 85' lang='grc' dir='ltr'><strong>έκ</strong></span> <span class='ocrx_word' id='word_1_83' title='bbox 3059 861 3161 924; x_wconf 80' lang='grc' dir='ltr'><strong>τῆς</strong></span> <span class='ocrx_word' id='word_1_84' title='bbox 3192 858 3289 909; x_wconf 86' lang='grc' dir='ltr'><strong>τοῦ</strong></span> <span class='ocrx_word' id='word_1_85' title='bbox 3343 850 3646 928; x_wconf 71' lang='grc' dir='ltr'><strong>Εὐεργέτου</strong></span> <span class='ocrx_word' id='word_1_86' title='bbox 3679 857 3851 921; x_wconf 82' lang='grc' dir='ltr'>μονῆς</span> 
     </span>
    </p>
   </div>
   <div class='ocr_carea' id='block_1_14' title="bbox 427 939 2101 1043">
    <p class='ocr_par' dir='ltr' id='par_1_14' title="bbox 427 939 2080 1043">
     <span class='ocr_line' id='line_1_15' title="bbox 427 939 2080 1043; baseline -0.019 0"><span class='ocrx_word' id='word_1_87' title='bbox 427 985 501 1043; x_wconf 90' lang='lat' dir='ltr'><strong>Ut</strong></span> <span class='ocrx_word' id='word_1_88' title='bbox 549 994 745 1038; x_wconf 85' lang='lat' dir='ltr'><strong>autem</strong></span> <span class='ocrx_word' id='word_1_89' title='bbox 799 939 1162 1033; x_wconf 32' lang='lat' dir='ltr'><strong>nonardies</strong></span> <span class='ocrx_word' id='word_1_90' title='bbox 1205 939 1418 1040; x_wconf 69' lang='lat' dir='ltr'><strong>Aprilis</strong></span> <span class='ocrx_word' id='word_1_91' title='bbox 1473 939 1712 1029; x_wconf 48' lang='lat' dir='ltr'><strong>illuxit,—</strong></span> <span class='ocrx_word' id='word_1_92' title='bbox 1762 939 2080 1016; x_wconf 85' lang='lat' dir='ltr'><strong>indictione</strong></span> 
     </span>
    </p>
   </div>
   <div class='ocr_carea' id='block_1_15' title="bbox 2209 939 3858 1043">
    <p class='ocr_par' dir='ltr' id='par_1_15' title="bbox 2209 939 3858 1043">
     <span class='ocr_line' id='line_1_16' title="bbox 2209 939 3858 1043; baseline -0.007 -39"><span class='ocrx_word' id='word_1_93' title='bbox 2209 971 2241 1011; x_wconf 54' lang='grc' dir='ltr'><strong>νς</strong></span> <span class='ocrx_word' id='word_1_94' title='bbox 2266 949 2413 1043; x_wconf 26' lang='grc' dir='ltr'>τὰρέν</span> <span class='ocrx_word' id='word_1_95' title='bbox 2457 945 2811 1022; x_wconf 85' lang='grc' dir='ltr'>Βλαχέρναις</span> <span class='ocrx_word' id='word_1_96' title='bbox 2843 945 3119 1020; x_wconf 83' lang='grc' dir='ltr'><strong>ἀνάκτορα</strong></span> <span class='ocrx_word' id='word_1_97' title='bbox 3168 946 3503 1018; x_wconf 82' lang='grc' dir='ltr'>γραμμικῶς</span> <span class='ocrx_word' id='word_1_98' title='bbox 3559 939 3858 1014; x_wconf 81' lang='grc' dir='ltr'>ἐκμηκίζε-</span> 
     </span>
    </p>
   </div>
   <div class='ocr_carea' id='block_1_16' title="bbox 429 1049 2078 1146">
    <p class='ocr_par' dir='ltr' id='par_1_16' title="bbox 429 1049 2078 1146">
     <span class='ocr_line' id='line_1_17' title="bbox 429 1049 2078 1146; baseline -0.018 -16"><span class='ocrx_word' id='word_1_99' title='bbox 429 1072 677 1146; x_wconf 83' lang='lat' dir='ltr'><strong>septima</strong></span> <span class='ocrx_word' id='word_1_100' title='bbox 709 1067 848 1124; x_wconf 85' lang='lat' dir='ltr'><strong>anni</strong></span> <span class='ocrx_word' id='word_1_101' title='bbox 899 1065 1064 1130; x_wconf 84' lang='grc'><strong>6712,</strong></span> <span class='ocrx_word' id='word_1_102' title='bbox 1107 1076 1284 1117; x_wconf 90' lang='lat' dir='ltr'><strong>naves</strong></span> <span class='ocrx_word' id='word_1_103' title='bbox 1315 1059 1386 1113; x_wconf 90' lang='lat' dir='ltr'><strong>ad</strong></span> <span class='ocrx_word' id='word_1_104' title='bbox 1416 1057 1630 1112; x_wconf 60' lang='lat' dir='ltr'><strong>moenia</strong></span> <span class='ocrx_word' id='word_1_105' title='bbox 1673 1049 2033 1108; x_wconf 87' lang='lat' dir='ltr'><strong>contendunt</strong></span> <span class='ocrx_word' id='word_1_106' title='bbox 2064 1063 2078 1112; x_wconf 91' lang='lat'><strong>;</strong></span> 
     </span>
    </p>
   </div>
   <div class='ocr_carea' id='block_1_17' title="bbox 431 1137 2084 1234">
    <p class='ocr_par' dir='ltr' id='par_1_17' title="bbox 431 1137 2084 1234">
     <span class='ocr_line' id='line_1_18' title="bbox 431 1137 2084 1234; baseline -0.017 -15"><span class='ocrx_word' id='word_1_107' title='bbox 431 1137 767 1234; x_wconf 50' lang='lat' dir='ltr'><strong>et-quidam</strong></span> <span class='ocrx_word' id='word_1_108' title='bbox 807 1155 1060 1212; x_wconf 87' lang='lat' dir='ltr'><strong>audaces</strong></span> <span class='ocrx_word' id='word_1_109' title='bbox 1091 1150 1333 1216; x_wconf 84' lang='lat' dir='ltr'><strong>milites,</strong></span> <span class='ocrx_word' id='word_1_110' title='bbox 1366 1144 1544 1203; x_wconf 87' lang='lat' dir='ltr'><strong>scalis</strong></span> <span class='ocrx_word' id='word_1_111' title='bbox 1575 1138 1932 1208; x_wconf 84' lang='lat' dir='ltr'><strong>conscensis,</strong></span> <span class='ocrx_word' id='word_1_112' title='bbox 1964 1137 2084 1192; x_wconf 90' lang='lat' dir='ltr'><strong>tela</strong></span> 
     </span>
    </p>
   </div>
   <div class='ocr_carea' id='block_1_18' title="bbox 436 1227 2082 1317">
    <p class='ocr_par' dir='ltr' id='par_1_18' title="bbox 436 1227 2082 1317">
     <span class='ocr_line' id='line_1_19' title="bbox 436 1227 2082 1317; baseline -0.017 -8"><span class='ocrx_word' id='word_1_113' title='bbox 436 1227 588 1309; x_wconf 51' lang='lat'><strong>7-55</strong></span> <span class='ocrx_word' id='word_1_114' title='bbox 627 1245 820 1304; x_wconf 88' lang='lat' dir='ltr'><strong>omnis</strong></span> <span class='ocrx_word' id='word_1_115' title='bbox 849 1241 1082 1317; x_wconf 81' lang='lat' dir='ltr'><strong>generis</strong></span> <span class='ocrx_word' id='word_1_116' title='bbox 1123 1239 1180 1294; x_wconf 92' lang='lat' dir='ltr'><strong>in</strong></span> <span class='ocrx_word' id='word_1_117' title='bbox 1234 1254 1334 1295; x_wconf 86' lang='lat' dir='ltr'><strong>eos</strong></span> <span class='ocrx_word' id='word_1_118' title='bbox 1357 1234 1705 1308; x_wconf 85' lang='lat' dir='ltr'><strong>jaculantur</strong></span> <span class='ocrx_word' id='word_1_119' title='bbox 1733 1229 1834 1302; x_wconf 91' lang='lat' dir='ltr'>qui</span> <span class='ocrx_word' id='word_1_120' title='bbox 1867 1227 2082 1283; x_wconf 83' lang='lat' dir='ltr'><strong>moenia</strong></span> 
     </span>
    </p>
   </div>
   <div class='ocr_carea' id='block_1_19' title="bbox 432 1321 2082 1396">
    <p class='ocr_par' dir='ltr' id='par_1_19' title="bbox 432 1321 2082 1396">
     <span class='ocr_line' id='line_1_20' title="bbox 432 1321 2082 1396; baseline -0.016 1"><span class='ocrx_word' id='word_1_121' title='bbox 432 1337 842 1396; x_wconf 75' lang='lat' dir='ltr'><strong>defendebant.</strong></span> <span class='ocrx_word' id='word_1_122' title='bbox 887 1335 968 1388; x_wconf 90' lang='lat' dir='ltr'><strong>Ac</strong></span> <span class='ocrx_word' id='word_1_123' title='bbox 997 1347 1064 1387; x_wconf 90' lang='lat' dir='ltr'><strong>eo</strong></span> <span class='ocrx_word' id='word_1_124' title='bbox 1095 1333 1212 1384; x_wconf 87' lang='lat' dir='ltr'><strong>toto</strong></span> <span class='ocrx_word' id='word_1_125' title='bbox 1245 1327 1338 1382; x_wconf 90' lang='lat' dir='ltr'><strong>die</strong></span> <span class='ocrx_word' id='word_1_126' title='bbox 1372 1325 1583 1380; x_wconf 79' lang='lat' dir='ltr'><strong>acriter</strong></span> <span class='ocrx_word' id='word_1_127' title='bbox 1613 1323 1935 1394; x_wconf 90' lang='lat' dir='ltr'><strong>pugnatum</strong></span> <span class='ocrx_word' id='word_1_128' title='bbox 1970 1321 2082 1384; x_wconf 84' lang='lat' dir='ltr'><strong>est,</strong></span> 
     </span>
    </p>
   </div>
   <div class='ocr_carea' id='block_1_20' title="bbox 429 1415 2084 1490">
    <p class='ocr_par' dir='ltr' id='par_1_20' title="bbox 429 1415 2084 1490">
     <span class='ocr_line' id='line_1_21' title="bbox 429 1415 2084 1490; baseline -0.015 0"><span class='ocrx_word' id='word_1_129' title='bbox 429 1429 667 1490; x_wconf 77' lang='lat' dir='ltr'><strong>victoria</strong></span> <span class='ocrx_word' id='word_1_130' title='bbox 701 1433 898 1484; x_wconf 88' lang='lat' dir='ltr'><strong>tamen</strong></span> <span class='ocrx_word' id='word_1_131' title='bbox 929 1424 1000 1480; x_wconf 91' lang='lat' dir='ltr'><strong>ad</strong></span> <span class='ocrx_word' id='word_1_132' title='bbox 1033 1423 1329 1480; x_wconf 85' lang='lat' dir='ltr'><strong>Romanos</strong></span> <span class='ocrx_word' id='word_1_133' title='bbox 1385 1415 1739 1482; x_wconf 86' lang='lat' dir='ltr'><strong>inclinante;</strong></span> <span class='ocrx_word' id='word_1_134' title='bbox 1773 1427 1911 1468; x_wconf 90' lang='lat' dir='ltr'><strong>nam</strong></span> <span class='ocrx_word' id='word_1_135' title='bbox 1956 1424 2084 1466; x_wconf 89' lang='lat' dir='ltr'><strong>sca-</strong></span> 
     </span>
    </p>
   </div>
   <div class='ocr_carea' id='block_1_21' title="bbox 432 1499 2088 1593">
    <p class='ocr_par' dir='ltr' id='par_1_21' title="bbox 432 1499 2088 1593">
     <span class='ocr_line' id='line_1_22' title="bbox 432 1499 2088 1593; baseline -0.014 -16"><span class='ocrx_word' id='word_1_136' title='bbox 432 1520 628 1593; x_wconf 75' lang='lat' dir='ltr'><strong>ligerse</strong></span> <span class='ocrx_word' id='word_1_137' title='bbox 687 1521 744 1573; x_wconf 88' lang='lat' dir='ltr'><strong>et</strong></span> <span class='ocrx_word' id='word_1_138' title='bbox 773 1517 1075 1585; x_wconf 85' lang='lat' dir='ltr'><strong>equestres</strong></span> <span class='ocrx_word' id='word_1_139' title='bbox 1127 1525 1302 1565; x_wconf 85' lang='lat' dir='ltr'><strong>naves</strong></span> <span class='ocrx_word' id='word_1_140' title='bbox 1335 1523 1395 1562; x_wconf 88' lang='lat' dir='ltr'><strong>re</strong></span> <span class='ocrx_word' id='word_1_141' title='bbox 1427 1505 1638 1562; x_wconf 81' lang='lat' dir='ltr'><strong>infecta</strong></span> <span class='ocrx_word' id='word_1_142' title='bbox 1671 1505 1810 1558; x_wconf 89' lang='lat' dir='ltr'><strong>sunt</strong></span> <span class='ocrx_word' id='word_1_143' title='bbox 1841 1500 1912 1555; x_wconf 90' lang='lat' dir='ltr'><strong>ab</strong></span> <span class='ocrx_word' id='word_1_144' title='bbox 1946 1499 2088 1554; x_wconf 86' lang='lat' dir='ltr'><strong>urbe</strong></span> 
     </span>
    </p>
   </div>
   <div class='ocr_carea' id='block_1_22' title="bbox 431 1587 2084 1682">
    <p class='ocr_par' dir='ltr' id='par_1_22' title="bbox 431 1587 2084 1682">
     <span class='ocr_line' id='line_1_23' title="bbox 431 1587 2084 1682; baseline -0.016 -15"><span class='ocrx_word' id='word_1_145' title='bbox 431 1587 700 1682; x_wconf 47' lang='lat' dir='ltr'><strong>re&#39;pulsas,</strong></span> <span class='ocrx_word' id='word_1_146' title='bbox 750 1611 808 1662; x_wconf 88' lang='lat' dir='ltr'><strong>et</strong></span> <span class='ocrx_word' id='word_1_147' title='bbox 859 1599 1165 1660; x_wconf 89' lang='lat' dir='ltr'><strong>tormentis</strong></span> <span class='ocrx_word' id='word_1_148' title='bbox 1224 1613 1434 1668; x_wconf 81' lang='lat' dir='ltr'><strong>magna</strong></span> <span class='ocrx_word' id='word_1_149' title='bbox 1469 1593 1722 1650; x_wconf 89' lang='lat' dir='ltr'><strong>hostium</strong></span> <span class='ocrx_word' id='word_1_150' title='bbox 1772 1587 2084 1646; x_wconf 81' lang='lat' dir='ltr'><strong>multitudo</strong></span> 
     </span>
    </p>
   </div>
   <div class='ocr_carea' id='block_1_23' title="bbox 432 1677 2089 1758">
    <p class='ocr_par' dir='ltr' id='par_1_23' title="bbox 432 1677 2089 1758">
     <span class='ocr_line' id='line_1_24' title="bbox 432 1677 2089 1758; baseline -0.015 -1"><span class='ocrx_word' id='word_1_151' title='bbox 432 1677 732 1757; x_wconf 74' lang='lat' dir='ltr'><strong>occubuit.</strong></span> <span class='ocrx_word' id='word_1_152' title='bbox 767 1690 1058 1749; x_wconf 85' lang='lat' dir='ltr'><strong>Postridie</strong></span> <span class='ocrx_word' id='word_1_153' title='bbox 1086 1693 1145 1746; x_wconf 88' lang='lat' dir='ltr'><strong>et</strong></span> <span class='ocrx_word' id='word_1_154' title='bbox 1193 1684 1458 1758; x_wconf 85' lang='lat' dir='ltr'><strong>sequenti</strong></span> <span class='ocrx_word' id='word_1_155' title='bbox 1493 1683 1585 1739; x_wconf 87' lang='lat' dir='ltr'><strong>die</strong></span> <span class='ocrx_word' id='word_1_156' title='bbox 1606 1679 1910 1737; x_wconf 90' lang='lat' dir='ltr'><strong>Dominico</strong></span> <span class='ocrx_word' id='word_1_157' title='bbox 1933 1677 2089 1746; x_wconf 89' lang='lat' dir='ltr'><strong>quie-</strong></span> 
     </span>
    </p>
   </div>
   <div class='ocr_carea' id='block_1_24' title="bbox 436 1767 2088 1848">
    <p class='ocr_par' dir='ltr' id='par_1_24' title="bbox 436 1767 2088 1848">
     <span class='ocr_line' id='line_1_25' title="bbox 436 1767 2088 1848; baseline -0.015 -4"><span class='ocrx_word' id='word_1_158' title='bbox 436 1789 650 1844; x_wconf 83' lang='lat' dir='ltr'><strong>verunt</strong></span> <span class='ocrx_word' id='word_1_159' title='bbox 693 1784 911 1840; x_wconf 86' lang='lat' dir='ltr'><strong>hostes.</strong></span> <span class='ocrx_word' id='word_1_160' title='bbox 965 1780 1104 1836; x_wconf 88' lang='lat' dir='ltr'><strong>Inde</strong></span> <span class='ocrx_word' id='word_1_161' title='bbox 1135 1777 1352 1848; x_wconf 83' lang='lat' dir='ltr'><strong>Aprilis</strong></span> <span class='ocrx_word' id='word_1_162' title='bbox 1401 1771 1768 1834; x_wconf 88' lang='lat' dir='ltr'><strong>duodecima,</strong></span> <span class='ocrx_word' id='word_1_163' title='bbox 1829 1767 2088 1822; x_wconf 85' lang='lat' dir='ltr'><strong>secunda</strong></span> 
     </span>
    </p>
   </div>
   <div class='ocr_carea' id='block_1_25' title="bbox 2185 1025 3852 1112">
    <p class='ocr_par' dir='ltr' id='par_1_25' title="bbox 2185 1025 3852 1112">
     <span class='ocr_line' id='line_1_26' title="bbox 2185 1025 3852 1112; baseline -0.007 -19"><span class='ocrx_word' id='word_1_164' title='bbox 2185 1056 2297 1108; x_wconf 87' lang='grc' dir='ltr'>ται,</span> <span class='ocrx_word' id='word_1_165' title='bbox 2332 1036 2807 1112; x_wconf 82' lang='grc' dir='ltr'>ἐμπεπῦρισμένος</span> <span class='ocrx_word' id='word_1_166' title='bbox 2848 1033 2922 1090; x_wconf 80' lang='grc' dir='ltr'>ὢν</span> <span class='ocrx_word' id='word_1_167' title='bbox 2977 1034 3068 1090; x_wconf 86' lang='grc' dir='ltr'>καὶ</span> <span class='ocrx_word' id='word_1_168' title='bbox 3127 1031 3528 1104; x_wconf 75' lang='grc' dir='ltr'>ἂνεσκαμμένος</span> <span class='ocrx_word' id='word_1_169' title='bbox 3579 1029 3646 1084; x_wconf 83' lang='grc' dir='ltr'><strong>τὰ</strong></span> <span class='ocrx_word' id='word_1_170' title='bbox 3694 1025 3852 1083; x_wconf 82' lang='grc' dir='ltr'>ἓνδον</span> 
     </span>
    </p>
   </div>
   <div class='ocr_carea' id='block_1_26' title="bbox 2191 1117 3858 1197">
    <p class='ocr_par' dir='ltr' id='par_1_26' title="bbox 2191 1117 3858 1197">
     <span class='ocr_line' id='line_1_27' title="bbox 2191 1117 3858 1197; baseline -0.005 -15"><span class='ocrx_word' id='word_1_171' title='bbox 2191 1123 2450 1182; x_wconf 76' lang='grc' dir='ltr'><strong>οἰκόπεδα</strong></span> <span class='ocrx_word' id='word_1_172' title='bbox 2499 1126 2588 1180; x_wconf 85' lang='grc' dir='ltr'><strong>καὶ</strong></span> <span class='ocrx_word' id='word_1_173' title='bbox 2665 1125 2865 1188; x_wconf 86' lang='grc' dir='ltr'>παντὸς</span> <span class='ocrx_word' id='word_1_174' title='bbox 2925 1121 3271 1197; x_wconf 81' lang='grc' dir='ltr'>ἐψιλωμένος</span> <span class='ocrx_word' id='word_1_175' title='bbox 3339 1117 3500 1190; x_wconf 82' lang='grc' dir='ltr'>ἡδέος</span> <span class='ocrx_word' id='word_1_176' title='bbox 3559 1117 3858 1192; x_wconf 80' lang='grc' dir='ltr'>θεάματος.</span> 
     </span>
    </p>
   </div>
   <div class='ocr_carea' id='block_1_27' title="bbox 2188 1206 3857 1287">
    <p class='ocr_par' dir='ltr' id='par_1_27' title="bbox 2188 1206 3857 1287">
     <span class='ocr_line' id='line_1_28' title="bbox 2188 1206 3857 1287; baseline -0.008 -13"><span class='ocrx_word' id='word_1_177' title='bbox 2188 1218 2360 1287; x_wconf 80' lang='grc' dir='ltr'>Ὅπερ</span> <span class='ocrx_word' id='word_1_178' title='bbox 2395 1213 2524 1270; x_wconf 77' lang='grc' dir='ltr'>ἰδὼν</span> <span class='ocrx_word' id='word_1_179' title='bbox 2575 1217 2602 1270; x_wconf 91' lang='grc' dir='ltr'>ὁ</span> <span class='ocrx_word' id='word_1_180' title='bbox 2635 1216 2866 1284; x_wconf 88' lang='grc' dir='ltr'>Δούκας,</span> <span class='ocrx_word' id='word_1_181' title='bbox 2930 1211 3071 1287; x_wconf 83' lang='grc' dir='ltr'>δρῶν</span> <span class='ocrx_word' id='word_1_182' title='bbox 3129 1213 3221 1267; x_wconf 82' lang='grc' dir='ltr'>καὶ</span> <span class='ocrx_word' id='word_1_183' title='bbox 3281 1210 3440 1272; x_wconf 79' lang='grc' dir='ltr'>αὐτὸς</span> <span class='ocrx_word' id='word_1_184' title='bbox 3497 1213 3615 1270; x_wconf 83' lang='grc' dir='ltr'>τοῖς</span> <span class='ocrx_word' id='word_1_185' title='bbox 3683 1206 3857 1262; x_wconf 87' lang='grc' dir='ltr'>πολε-</span> 
     </span>
    </p>
   </div>
   <div class='ocr_carea' id='block_1_28' title="bbox 2197 1296 3859 1380">
    <p class='ocr_par' dir='ltr' id='par_1_28' title="bbox 2197 1296 3859 1380">
     <span class='ocr_line' id='line_1_29' title="bbox 2197 1296 3859 1380; baseline -0.005 -21"><span class='ocrx_word' id='word_1_186' title='bbox 2197 1305 2347 1380; x_wconf 84' lang='grc' dir='ltr'>μίοις</span> <span class='ocrx_word' id='word_1_187' title='bbox 2375 1305 2647 1372; x_wconf 82' lang='grc' dir='ltr'>ἀντίθετα,</span> <span class='ocrx_word' id='word_1_188' title='bbox 2685 1306 2786 1374; x_wconf 72' lang='grc' dir='ltr'><strong>τήν</strong></span> <span class='ocrx_word' id='word_1_189' title='bbox 2857 1301 3134 1380; x_wconf 84' lang='grc' dir='ltr'>βασίλειον</span> <span class='ocrx_word' id='word_1_190' title='bbox 3174 1300 3405 1357; x_wconf 77' lang='grc' dir='ltr'>αὐλαίαν</span> <span class='ocrx_word' id='word_1_191' title='bbox 3455 1296 3859 1375; x_wconf 80' lang='grc' dir='ltr'>προσετετάχει</span> 
     </span>
    </p>
   </div>
   <div class='ocr_carea' id='block_1_29' title="bbox 2195 1385 3860 1466">
    <p class='ocr_par' dir='ltr' id='par_1_29' title="bbox 2195 1385 3860 1466">
     <span class='ocr_line' id='line_1_30' title="bbox 2195 1385 3860 1466; baseline -0.007 -17"><span class='ocrx_word' id='word_1_192' title='bbox 2195 1392 2512 1463; x_wconf 80' lang='grc' dir='ltr'>διαταθῆναι</span> <span class='ocrx_word' id='word_1_193' title='bbox 2543 1393 2678 1448; x_wconf 84' lang='grc' dir='ltr'>κατὰ</span> <span class='ocrx_word' id='word_1_194' title='bbox 2717 1394 2810 1448; x_wconf 88' lang='grc' dir='ltr'><strong>τὸν</strong></span> <span class='ocrx_word' id='word_1_195' title='bbox 2885 1391 2939 1447; x_wconf 87' lang='grc' dir='ltr'><strong>ἐν</strong></span> <span class='ocrx_word' id='word_1_196' title='bbox 2991 1395 3062 1466; x_wconf 79' lang='grc' dir='ltr'><strong>τῇ</strong></span> <span class='ocrx_word' id='word_1_197' title='bbox 3133 1393 3275 1464; x_wconf 82' lang='grc' dir='ltr'>μονῇ</span> <span class='ocrx_word' id='word_1_198' title='bbox 3306 1392 3404 1445; x_wconf 86' lang='grc' dir='ltr'><strong>τοῦ</strong></span> <span class='ocrx_word' id='word_1_199' title='bbox 3460 1385 3860 1442; x_wconf 87' lang='grc' dir='ltr'>Παντεπόπτου</span> 
     </span>
    </p>
   </div>
   <div class='ocr_carea' id='block_1_30' title="bbox 2192 1472 3862 1556">
    <p class='ocr_par' dir='ltr' id='par_1_30' title="bbox 2192 1472 3862 1556">
     <span class='ocr_line' id='line_1_31' title="bbox 2192 1472 3862 1556; baseline -0.008 -16"><span class='ocrx_word' id='word_1_200' title='bbox 2192 1482 2464 1554; x_wconf 87' lang='grc' dir='ltr'>κολωνὸν,</span> <span class='ocrx_word' id='word_1_201' title='bbox 2506 1482 2626 1547; x_wconf 75' lang='grc' dir='ltr'>ὅθεν</span> <span class='ocrx_word' id='word_1_202' title='bbox 2658 1481 2794 1551; x_wconf 77' lang='grc' dir='ltr'>ἦσαν</span> <span class='ocrx_word' id='word_1_203' title='bbox 2837 1481 3026 1556; x_wconf 83' lang='grc' dir='ltr'>ὁραταὶ</span> <span class='ocrx_word' id='word_1_204' title='bbox 3088 1481 3182 1552; x_wconf 77' lang='grc' dir='ltr'>μὲν</span> <span class='ocrx_word' id='word_1_205' title='bbox 3217 1480 3270 1534; x_wconf 79' lang='grc' dir='ltr'>αἱ</span> <span class='ocrx_word' id='word_1_206' title='bbox 3317 1485 3444 1548; x_wconf 85' lang='grc' dir='ltr'>νῆες</span> <span class='ocrx_word' id='word_1_207' title='bbox 3509 1477 3565 1532; x_wconf 73' lang='grc' dir='ltr'>αἱ</span> <span class='ocrx_word' id='word_1_208' title='bbox 3614 1472 3862 1546; x_wconf 85' lang='grc' dir='ltr'>πολεμι-</span> 
     </span>
    </p>
   </div>
   <div class='ocr_carea' id='block_1_31' title="bbox 2195 1563 3864 1649">
    <p class='ocr_par' dir='ltr' id='par_1_31' title="bbox 2195 1563 3864 1649">
     <span class='ocr_line' id='line_1_32' title="bbox 2195 1563 3864 1649; baseline -0.005 -21"><span class='ocrx_word' id='word_1_209' title='bbox 2195 1576 2436 1648; x_wconf 77' lang='grc' dir='ltr'>στήριοι,</span> <span class='ocrx_word' id='word_1_210' title='bbox 2469 1579 2748 1649; x_wconf 80' lang='grc' dir='ltr'><strong>καταφανῆ</strong></span> <span class='ocrx_word' id='word_1_211' title='bbox 2780 1569 2839 1627; x_wconf 68' lang='grc' dir='ltr'>δὲ</span> <span class='ocrx_word' id='word_1_212' title='bbox 2875 1570 2967 1626; x_wconf 83' lang='grc' dir='ltr'><strong>καὶ</strong></span> <span class='ocrx_word' id='word_1_213' title='bbox 3034 1570 3102 1626; x_wconf 77' lang='grc' dir='ltr'><strong>τὰ</strong></span> <span class='ocrx_word' id='word_1_214' title='bbox 3130 1571 3258 1645; x_wconf 86' lang='grc' dir='ltr'>παρ’</span> <span class='ocrx_word' id='word_1_215' title='bbox 3289 1569 3470 1624; x_wconf 81' lang='grc' dir='ltr'>αὐτῶν</span> <span class='ocrx_word' id='word_1_216' title='bbox 3510 1565 3564 1622; x_wconf 82' lang='grc' dir='ltr'><strong>ἐν</strong></span> <span class='ocrx_word' id='word_1_217' title='bbox 3631 1563 3864 1628; x_wconf 78' lang='grc' dir='ltr'>ταύταις</span> 
     </span>
    </p>
   </div>
   <div class='ocr_carea' id='block_1_32' title="bbox 2196 1652 3868 1738">
    <p class='ocr_par' dir='ltr' id='par_1_32' title="bbox 2196 1652 3868 1738">
     <span class='ocr_line' id='line_1_33' title="bbox 2196 1652 3868 1738; baseline -0.004 -21"><span class='ocrx_word' id='word_1_218' title='bbox 2196 1661 2476 1738; x_wconf 85' lang='grc' dir='ltr'>δρώμενα.</span> <span class='ocrx_word' id='word_1_219' title='bbox 2507 1663 2599 1724; x_wconf 82' lang='grc' dir='ltr'>Ὦς</span> <span class='ocrx_word' id='word_1_220' title='bbox 2641 1658 2688 1715; x_wconf 88' lang='grc' dir='ltr'>δ’</span> <span class='ocrx_word' id='word_1_221' title='bbox 2711 1661 3016 1736; x_wconf 83' lang='grc' dir='ltr'>ἐπέφωσκεν</span> <span class='ocrx_word' id='word_1_222' title='bbox 3049 1661 3084 1728; x_wconf 86' lang='grc' dir='ltr'><strong>ἡ</strong></span> <span class='ocrx_word' id='word_1_223' title='bbox 3141 1657 3300 1730; x_wconf 86' lang='grc' dir='ltr'>ἐνάτη</span> <span class='ocrx_word' id='word_1_224' title='bbox 3360 1661 3459 1712; x_wconf 88' lang='grc' dir='ltr'><strong>τοῦ</strong></span> <span class='ocrx_word' id='word_1_225' title='bbox 3517 1652 3868 1727; x_wconf 77' lang='grc' dir='ltr'><strong>Ἀπριλλίου</strong></span> 
     </span>
    </p>
   </div>
   <div class='ocr_carea' id='block_1_33' title="bbox 2201 1744 3871 1824">
    <p class='ocr_par' dir='ltr' id='par_1_33' title="bbox 2201 1744 3871 1824">
     <span class='ocr_line' id='line_1_34' title="bbox 2201 1744 3871 1824; baseline -0.005 -18"><span class='ocrx_word' id='word_1_226' title='bbox 2201 1753 2377 1824; x_wconf 89' lang='grc' dir='ltr'>μηνὸς</span> <span class='ocrx_word' id='word_1_227' title='bbox 2415 1759 2518 1820; x_wconf 81' lang='grc' dir='ltr'><strong>τῆς</strong></span> <span class='ocrx_word' id='word_1_228' title='bbox 2560 1747 2806 1824; x_wconf 74' lang='grc' dir='ltr'>ἑϐδόμης</span> <span class='ocrx_word' id='word_1_229' title='bbox 2843 1747 3184 1809; x_wconf 82' lang='grc' dir='ltr'>ἰνδικτιῶνος</span> <span class='ocrx_word' id='word_1_230' title='bbox 3213 1753 3312 1804; x_wconf 90' lang='grc' dir='ltr'><strong>τοῦ</strong></span> <span class='ocrx_word' id='word_1_231' title='bbox 3379 1744 3871 1820; x_wconf 81' lang='grc' dir='ltr'>έξακισχιλιοστοῦ</span> 
     </span>
    </p>
   </div>
   <div class='ocr_carea' id='block_1_34' title="bbox 441 1831 2101 1946">
    <p class='ocr_par' dir='ltr' id='par_1_34' title="bbox 441 1855 2088 1934">
     <span class='ocr_line' id='line_1_35' title="bbox 441 1855 2088 1934; baseline -0.016 0"><span class='ocrx_word' id='word_1_232' title='bbox 441 1875 535 1934; x_wconf 90' lang='lat' dir='ltr'><strong>die</strong></span> <span class='ocrx_word' id='word_1_233' title='bbox 571 1877 744 1929; x_wconf 67' lang='lat' dir='ltr'><strong>sexta</strong></span> <span class='ocrx_word' id='word_1_234' title='bbox 807 1867 1191 1924; x_wconf 84' lang='lat' dir='ltr'><strong>hebdomadis</strong></span> <span class='ocrx_word' id='word_1_235' title='bbox 1215 1861 1591 1934; x_wconf 87' lang='lat' dir='ltr'><strong>jejuniorum,</strong></span> <span class='ocrx_word' id='word_1_236' title='bbox 1653 1873 1852 1913; x_wconf 88' lang='lat' dir='ltr'><strong>rursus</strong></span> <span class='ocrx_word' id='word_1_237' title='bbox 1883 1855 2088 1909; x_wconf 89' lang='lat' dir='ltr'><strong>urbem</strong></span> 
     </span>
    </p>
   </div>
   <div class='ocr_carea' id='block_1_35' title="bbox 2209 1831 3868 1946">
    <p class='ocr_par' dir='ltr' id='par_1_35' title="bbox 2209 1831 3868 1946">
     <span class='ocr_line' id='line_1_36' title="bbox 2209 1831 3868 1909; baseline -0.005 -14"><span class='ocrx_word' id='word_1_238' title='bbox 2209 1842 2626 1896; x_wconf 72' lang='grc' dir='ltr'>έπτακοσιοστοῦ</span> <span class='ocrx_word' id='word_1_239' title='bbox 2659 1836 2970 1894; x_wconf 84' lang='grc' dir='ltr'>δωδεκάτου</span> <span class='ocrx_word' id='word_1_240' title='bbox 3037 1835 3211 1908; x_wconf 82' lang='grc' dir='ltr'>ἔτους,</span> <span class='ocrx_word' id='word_1_241' title='bbox 3261 1836 3330 1891; x_wconf 83' lang='grc' dir='ltr'><strong>τὰ</strong></span> <span class='ocrx_word' id='word_1_242' title='bbox 3390 1835 3484 1909; x_wconf 73' lang='grc' dir='ltr'>μὲν</span> <span class='ocrx_word' id='word_1_243' title='bbox 3551 1831 3729 1889; x_wconf 84' lang='grc' dir='ltr'>πλοῖα</span> <span class='ocrx_word' id='word_1_244' title='bbox 3767 1831 3868 1888; x_wconf 83' lang='grc' dir='ltr'><strong>καὶ</strong></span> 
     </span>
     <span class='ocr_line' id='line_1_37' title="bbox 2231 1921 3867 1946; baseline 0 0"><span class='ocrx_word' id='word_1_245' title='bbox 2231 1931 2244 1946; x_wconf 77' lang='grc' dir='ltr'>ι</span> <span class='ocrx_word' id='word_1_246' title='bbox 2285 1928 2309 1946; x_wconf 54' lang='grc' dir='ltr'><strong>ιν</strong></span> <span class='ocrx_word' id='word_1_247' title='bbox 2363 1928 2376 1946; x_wconf 88' lang='lat' dir='ltr'><strong><em>I</em></strong></span> <span class='ocrx_word' id='word_1_248' title='bbox 2682 1934 2706 1944; x_wconf 66' lang='grc' dir='ltr'><em>υ</em></span> <span class='ocrx_word' id='word_1_249' title='bbox 2857 1927 2868 1946; x_wconf 77' lang='grc' dir='ltr'><strong>ι</strong></span> <span class='ocrx_word' id='word_1_250' title='bbox 3263 1925 3284 1946; x_wconf 77' lang='lat'><strong><em>\</em></strong></span> <span class='ocrx_word' id='word_1_251' title='bbox 3316 1930 3366 1946; x_wconf 75' lang='grc' dir='ltr'>ιν</span> <span class='ocrx_word' id='word_1_252' title='bbox 3448 1945 3463 1946; x_wconf 35' lang='grc' dir='ltr'><em>γ</em></span> <span class='ocrx_word' id='word_1_253' title='bbox 3564 1921 3867 1946; x_wconf 62' lang='lat' dir='ltr'><strong>n_,_--_\l__</strong></span> 
     </span>
    </p>
   </div>
   <div class='ocr_carea' id='block_1_36' title="bbox 440 1943 2089 2036">
    <p class='ocr_par' dir='ltr' id='par_1_36' title="bbox 440 1943 2089 2036">
     <span class='ocr_line' id='line_1_38' title="bbox 440 1943 2089 2036; baseline -0.013 -18"><span class='ocrx_word' id='word_1_254' title='bbox 440 1966 670 2036; x_wconf 88' lang='lat' dir='ltr'><strong>petunt.</strong></span> <span class='ocrx_word' id='word_1_255' title='bbox 695 1965 776 2016; x_wconf 80' lang='lat' dir='ltr'><strong>Ac</strong></span> <span class='ocrx_word' id='word_1_256' title='bbox 808 1974 900 2014; x_wconf 87' lang='lat' dir='ltr'><strong>res</strong></span> <span class='ocrx_word' id='word_1_257' title='bbox 929 1959 1132 2012; x_wconf 85' lang='lat' dir='ltr'><strong>nostra</strong></span> <span class='ocrx_word' id='word_1_258' title='bbox 1171 1967 1357 2024; x_wconf 90' lang='lat' dir='ltr'><strong>usque</strong></span> <span class='ocrx_word' id='word_1_259' title='bbox 1387 1951 1460 2006; x_wconf 88' lang='lat' dir='ltr'><strong>ad</strong></span> <span class='ocrx_word' id='word_1_260' title='bbox 1491 1947 1793 2004; x_wconf 89' lang='lat' dir='ltr'><strong>meridiem</strong></span> <span class='ocrx_word' id='word_1_261' title='bbox 1823 1943 2089 2016; x_wconf 89' lang='lat' dir='ltr'><strong>superior</strong></span> 
     </span>
    </p>
   </div>
   <div class='ocr_carea' id='block_1_37' title="bbox 453 2034 2089 2120">
    <p class='ocr_par' dir='ltr' id='par_1_37' title="bbox 453 2034 2089 2120">
     <span class='ocr_line' id='line_1_39' title="bbox 453 2034 2089 2120; baseline -0.013 -14"><span class='ocrx_word' id='word_1_262' title='bbox 453 2034 585 2120; x_wconf 64' lang='lat' dir='ltr'><strong>fuit,</strong></span> <span class='ocrx_word' id='word_1_263' title='bbox 613 2056 666 2105; x_wconf 85' lang='lat' dir='ltr'><strong>et</strong></span> <span class='ocrx_word' id='word_1_264' title='bbox 718 2063 916 2120; x_wconf 87' lang='lat' dir='ltr'><strong>pugna</strong></span> <span class='ocrx_word' id='word_1_265' title='bbox 945 2042 1194 2099; x_wconf 89' lang='lat' dir='ltr'><strong>atrocior</strong></span> <span class='ocrx_word' id='word_1_266' title='bbox 1234 2056 1409 2112; x_wconf 85' lang='lat' dir='ltr'><strong>quam</strong></span> <span class='ocrx_word' id='word_1_267' title='bbox 1467 2034 1891 2094; x_wconf 83' lang='lat' dir='ltr'><strong>nudiustertius</strong></span> <span class='ocrx_word' id='word_1_268' title='bbox 1929 2048 2089 2086; x_wconf 90' lang='lat' dir='ltr'><strong>com-</strong></span> 
     </span>
    </p>
   </div>
   <div class='ocr_carea' id='block_1_38' title="bbox 459 2118 2092 2195">
    <p class='ocr_par' dir='ltr' id='par_1_38' title="bbox 459 2118 2092 2195">
     <span class='ocr_line' id='line_1_40' title="bbox 459 2118 2092 2195; baseline -0.013 0"><span class='ocrx_word' id='word_1_269' title='bbox 459 2139 662 2195; x_wconf 87' lang='lat' dir='ltr'><strong>missa.</strong></span> <span class='ocrx_word' id='word_1_270' title='bbox 702 2118 975 2192; x_wconf 73' lang='lat' dir='ltr'><strong>Sedcum</strong></span> <span class='ocrx_word' id='word_1_271' title='bbox 1027 2131 1292 2187; x_wconf 89' lang='lat' dir='ltr'><strong>omnium</strong></span> <span class='ocrx_word' id='word_1_272' title='bbox 1325 2127 1556 2184; x_wconf 92' lang='lat' dir='ltr'><strong>urbium</strong></span> <span class='ocrx_word' id='word_1_273' title='bbox 1591 2125 1841 2180; x_wconf 64' lang='lat' dir='ltr'><strong>dominas</strong></span> <span class='ocrx_word' id='word_1_274' title='bbox 1872 2118 2092 2178; x_wconf 85' lang='lat' dir='ltr'><strong>civitati</strong></span> 
     </span>
    </p>
   </div>
   <div class='ocr_carea' id='block_1_39' title="bbox 459 2211 2095 2295">
    <p class='ocr_par' dir='ltr' id='par_1_39' title="bbox 459 2211 2095 2295">
     <span class='ocr_line' id='line_1_41' title="bbox 459 2211 2095 2295; baseline -0.012 -11"><span class='ocrx_word' id='word_1_275' title='bbox 459 2225 756 2286; x_wconf 86' lang='lat' dir='ltr'><strong>servitutis</strong></span> <span class='ocrx_word' id='word_1_276' title='bbox 780 2227 988 2295; x_wconf 83' lang='lat' dir='ltr'><strong>jugum</strong></span> <span class='ocrx_word' id='word_1_277' title='bbox 1012 2219 1382 2277; x_wconf 91' lang='lat' dir='ltr'><strong>subeundum</strong></span> <span class='ocrx_word' id='word_1_278' title='bbox 1416 2219 1589 2282; x_wconf 85' lang='lat' dir='ltr'><strong>esset,</strong></span> <span class='ocrx_word' id='word_1_279' title='bbox 1623 2219 1680 2270; x_wconf 91' lang='lat' dir='ltr'><strong>et</strong></span> <span class='ocrx_word' id='word_1_280' title='bbox 1709 2211 1979 2268; x_wconf 74' lang='lat' dir='ltr'><strong>manllas</strong></span> <span class='ocrx_word' id='word_1_281' title='bbox 2001 2227 2095 2266; x_wconf 90' lang='lat' dir='ltr'><strong>no-</strong></span> 
     </span>
    </p>
   </div>
   <div class='ocr_carea' id='block_1_40' title="bbox 461 2301 2092 2379">
    <p class='ocr_par' dir='ltr' id='par_1_40' title="bbox 461 2301 2092 2379">
     <span class='ocr_line' id='line_1_42' title="bbox 461 2301 2092 2379; baseline -0.012 -6"><span class='ocrx_word' id='word_1_282' title='bbox 461 2321 614 2373; x_wconf 81' lang='lat' dir='ltr'><strong>stras</strong></span> <span class='ocrx_word' id='word_1_283' title='bbox 638 2315 798 2370; x_wconf 82' lang='lat' dir='ltr'><strong>freno</strong></span> <span class='ocrx_word' id='word_1_284' title='bbox 820 2321 871 2368; x_wconf 90' lang='lat' dir='ltr'><strong>el</strong></span> <span class='ocrx_word' id='word_1_285' title='bbox 887 2327 1052 2367; x_wconf 90' lang='lat' dir='ltr'><strong>camo</strong></span> <span class='ocrx_word' id='word_1_286' title='bbox 1066 2306 1543 2379; x_wconf 87' lang='lat' dir='ltr'><strong>constringendas</strong></span> <span class='ocrx_word' id='word_1_287' title='bbox 1560 2304 1888 2359; x_wconf 83' lang='lat' dir='ltr'><strong>censuisset</strong></span> <span class='ocrx_word' id='word_1_288' title='bbox 1917 2301 2092 2366; x_wconf 90' lang='lat' dir='ltr'><strong>Deus,</strong></span> 
     </span>
    </p>
   </div>
   <div class='ocr_carea' id='block_1_41' title="bbox 461 2390 2099 2478">
    <p class='ocr_par' dir='ltr' id='par_1_41' title="bbox 461 2390 2099 2478">
     <span class='ocr_line' id='line_1_43' title="bbox 461 2390 2099 2478; baseline -0.011 -17"><span class='ocrx_word' id='word_1_289' title='bbox 461 2405 615 2478; x_wconf 90' lang='lat' dir='ltr'><strong>quod</strong></span> <span class='ocrx_word' id='word_1_290' title='bbox 644 2417 846 2459; x_wconf 84' lang='lat' dir='ltr'><strong>omnes</strong></span> <span class='ocrx_word' id='word_1_291' title='bbox 876 2399 1399 2459; x_wconf 86' lang='lat' dir='ltr'><strong>declinaveramus,</strong></span> <span class='ocrx_word' id='word_1_292' title='bbox 1433 2393 1702 2448; x_wconf 90' lang='lat' dir='ltr'><strong>sacerdos</strong></span> <span class='ocrx_word' id='word_1_293' title='bbox 1727 2390 1902 2446; x_wconf 86' lang='lat' dir='ltr'><strong>simul</strong></span> <span class='ocrx_word' id='word_1_294' title='bbox 1926 2395 1982 2446; x_wconf 89' lang='lat' dir='ltr'><strong>et</strong></span> <span class='ocrx_word' id='word_1_295' title='bbox 2002 2407 2099 2462; x_wconf 91' lang='lat' dir='ltr'><strong>po-</strong></span> 
     </span>
    </p>
   </div>
   <div class='ocr_carea' id='block_1_42' title="bbox 459 2479 2096 2566">
    <p class='ocr_par' dir='ltr' id='par_1_42' title="bbox 459 2479 2096 2566">
     <span class='ocr_line' id='line_1_44' title="bbox 459 2479 2096 2566; baseline -0.01 -16"><span class='ocrx_word' id='word_1_296' title='bbox 459 2493 658 2566; x_wconf 88' lang='lat' dir='ltr'><strong>pulus,</strong></span> <span class='ocrx_word' id='word_1_297' title='bbox 691 2495 756 2546; x_wconf 90' lang='lat' dir='ltr'><strong>ut</strong></span> <span class='ocrx_word' id='word_1_298' title='bbox 782 2505 965 2561; x_wconf 91' lang='lat' dir='ltr'><strong>equus</strong></span> <span class='ocrx_word' id='word_1_299' title='bbox 995 2486 1232 2543; x_wconf 74' lang='lat' dir='ltr'><strong>effrenis</strong></span> <span class='ocrx_word' id='word_1_300' title='bbox 1261 2489 1320 2540; x_wconf 91' lang='lat' dir='ltr'><strong>et</strong></span> <span class='ocrx_word' id='word_1_301' title='bbox 1349 2487 1681 2546; x_wconf 85' lang='lat' dir='ltr'><strong>contumax,</strong></span> <span class='ocrx_word' id='word_1_302' title='bbox 1707 2481 1822 2536; x_wconf 91' lang='lat' dir='ltr'><strong>duo</strong></span> <span class='ocrx_word' id='word_1_303' title='bbox 1865 2479 1970 2535; x_wconf 87' lang='lat' dir='ltr'><strong>viri</strong></span> <span class='ocrx_word' id='word_1_304' title='bbox 2003 2495 2096 2534; x_wconf 88' lang='lat' dir='ltr'><strong>sa-</strong></span> 
     </span>
    </p>
   </div>
   <div class='ocr_carea' id='block_1_43' title="bbox 454 2568 2102 2649">
    <p class='ocr_par' dir='ltr' id='par_1_43' title="bbox 454 2568 2102 2649">
     <span class='ocr_line' id='line_1_45' title="bbox 454 2568 2102 2649; baseline -0.01 -10"><span class='ocrx_word' id='word_1_305' title='bbox 454 2581 578 2638; x_wconf 86' lang='lat' dir='ltr'><strong>lute</strong></span> <span class='ocrx_word' id='word_1_306' title='bbox 601 2597 708 2637; x_wconf 83' lang='lat' dir='ltr'><strong>sua</strong></span> <span class='ocrx_word' id='word_1_307' title='bbox 748 2580 992 2635; x_wconf 65' lang='lat' dir='ltr'><strong>fortuna</strong></span> <span class='ocrx_word' id='word_1_308' title='bbox 1025 2575 1336 2649; x_wconf 87' lang='lat' dir='ltr'><strong>permissa,</strong></span> <span class='ocrx_word' id='word_1_309' title='bbox 1368 2588 1436 2628; x_wconf 79' lang='lat' dir='ltr'><strong>ex</strong></span> <span class='ocrx_word' id='word_1_310' title='bbox 1475 2570 1648 2628; x_wconf 87' lang='lat' dir='ltr'><strong>scalis</strong></span> <span class='ocrx_word' id='word_1_311' title='bbox 1679 2586 1808 2641; x_wconf 74' lang='lat' dir='ltr'><strong>qua:</strong></span> <span class='ocrx_word' id='word_1_312' title='bbox 1839 2568 2102 2640; x_wconf 85' lang='lat' dir='ltr'><strong>proxime</strong></span> 
     </span>
    </p>
   </div>
   <div class='ocr_carea' id='block_1_44' title="bbox 458 2659 2103 2736">
    <p class='ocr_par' dir='ltr' id='par_1_44' title="bbox 458 2659 2103 2736">
     <span class='ocr_line' id='line_1_46' title="bbox 458 2659 2103 2736; baseline -0.01 -9"><span class='ocrx_word' id='word_1_313' title='bbox 458 2670 716 2727; x_wconf 79' lang='lat' dir='ltr'><strong>Patrium</strong></span> <span class='ocrx_word' id='word_1_314' title='bbox 739 2669 1020 2723; x_wconf 86' lang='lat' dir='ltr'><strong>adversus</strong></span> <span class='ocrx_word' id='word_1_315' title='bbox 1050 2665 1450 2736; x_wconf 88' lang='lat' dir='ltr'><strong>imperatorem</strong></span> <span class='ocrx_word' id='word_1_316' title='bbox 1485 2659 1543 2714; x_wconf 90' lang='lat' dir='ltr'><strong>in</strong></span> <span class='ocrx_word' id='word_1_317' title='bbox 1577 2674 1748 2730; x_wconf 83' lang='lat' dir='ltr'><strong>Opere</strong></span> <span class='ocrx_word' id='word_1_318' title='bbox 1777 2661 1960 2726; x_wconf 90' lang='lat' dir='ltr'><strong>erant,</strong></span> <span class='ocrx_word' id='word_1_319' title='bbox 1985 2672 2103 2727; x_wconf 67' lang='lat' dir='ltr'><strong>prae</strong></span> 
     </span>
    </p>
   </div>
   <div class='ocr_carea' id='block_1_45' title="bbox 455 2749 2100 2817">
    <p class='ocr_par' dir='ltr' id='par_1_45' title="bbox 455 2749 2100 2817">
     <span class='ocr_line' id='line_1_47' title="bbox 455 2749 2100 2817; baseline -0.01 -2"><span class='ocrx_word' id='word_1_320' title='bbox 455 2758 677 2816; x_wconf 66' lang='lat' dir='ltr'><strong>casteria</strong></span> <span class='ocrx_word' id='word_1_321' title='bbox 707 2757 882 2814; x_wconf 87' lang='lat' dir='ltr'><strong>sociis</strong></span> <span class='ocrx_word' id='word_1_322' title='bbox 913 2755 972 2810; x_wconf 91' lang='lat' dir='ltr'><strong>in</strong></span> <span class='ocrx_word' id='word_1_323' title='bbox 997 2753 1200 2810; x_wconf 88' lang='lat' dir='ltr'><strong>turrim</strong></span> <span class='ocrx_word' id='word_1_324' title='bbox 1227 2749 1584 2806; x_wconf 88' lang='lat' dir='ltr'><strong>desiliuntet</strong></span> <span class='ocrx_word' id='word_1_325' title='bbox 1603 2751 1928 2803; x_wconf 86' lang='lat' dir='ltr'><strong>Romanum</strong></span> <span class='ocrx_word' id='word_1_326' title='bbox 1953 2761 2100 2817; x_wconf 71' lang='lat' dir='ltr'><strong>pree-</strong></span> 
     </span>
    </p>
   </div>
   <div class='ocr_carea' id='block_1_46' title="bbox 457 2833 2105 2909">
    <p class='ocr_par' dir='ltr' id='par_1_46' title="bbox 457 2833 2105 2909">
     <span class='ocr_line' id='line_1_48' title="bbox 457 2833 2105 2909; baseline -0.01 -5"><span class='ocrx_word' id='word_1_327' title='bbox 457 2847 674 2906; x_wconf 85' lang='lat' dir='ltr'><strong>sidium</strong></span> <span class='ocrx_word' id='word_1_328' title='bbox 707 2845 1044 2902; x_wconf 84' lang='lat' dir='ltr'><strong>deturbant.</strong></span> <span class='ocrx_word' id='word_1_329' title='bbox 1079 2840 1299 2898; x_wconf 85' lang='lat' dir='ltr'><strong>Deinde</strong></span> <span class='ocrx_word' id='word_1_330' title='bbox 1322 2838 1544 2909; x_wconf 87' lang='lat' dir='ltr'><strong>agitata</strong></span> <span class='ocrx_word' id='word_1_331' title='bbox 1574 2853 1772 2902; x_wconf 91' lang='lat' dir='ltr'><strong>manu,</strong></span> <span class='ocrx_word' id='word_1_332' title='bbox 1799 2835 1952 2906; x_wconf 91' lang='lat' dir='ltr'><strong>quod</strong></span> <span class='ocrx_word' id='word_1_333' title='bbox 1983 2833 2105 2888; x_wconf 89' lang='lat' dir='ltr'><strong>ala-</strong></span> 
     </span>
    </p>
   </div>
   <div class='ocr_carea' id='block_1_47' title="bbox 463 2921 2104 3000">
    <p class='ocr_par' dir='ltr' id='par_1_47' title="bbox 463 2921 2104 3000">
     <span class='ocr_line' id='line_1_49' title="bbox 463 2921 2104 3000; baseline -0.01 -8"><span class='ocrx_word' id='word_1_334' title='bbox 463 2933 688 2992; x_wconf 87' lang='lat' dir='ltr'><strong>critatis</strong></span> <span class='ocrx_word' id='word_1_335' title='bbox 719 2939 776 2990; x_wconf 88' lang='lat' dir='ltr'><strong>et</strong></span> <span class='ocrx_word' id='word_1_336' title='bbox 804 2930 1035 2988; x_wconf 68' lang='lat' dir='ltr'><strong>ﬁduciae</strong></span> <span class='ocrx_word' id='word_1_337' title='bbox 1084 2929 1320 3000; x_wconf 86' lang='lat' dir='ltr'><strong>signum</strong></span> <span class='ocrx_word' id='word_1_338' title='bbox 1365 2927 1519 2983; x_wconf 75' lang='grc'><strong>754</strong></span> <span class='ocrx_word' id='word_1_339' title='bbox 1569 2928 1746 2989; x_wconf 89' lang='lat' dir='ltr'><strong>esset,</strong></span> <span class='ocrx_word' id='word_1_340' title='bbox 1794 2921 2104 2994; x_wconf 81' lang='lat' dir='ltr'><strong>papulares</strong></span> 
     </span>
    </p>
   </div>
   <div class='ocr_carea' id='block_1_48' title="bbox 462 3011 2103 3088">
    <p class='ocr_par' dir='ltr' id='par_1_48' title="bbox 462 3011 2103 3088">
     <span class='ocr_line' id='line_1_50' title="bbox 462 3011 2103 3088; baseline -0.009 -7"><span class='ocrx_word' id='word_1_341' title='bbox 462 3041 598 3081; x_wconf 83' lang='lat' dir='ltr'><strong>suos</strong></span> <span class='ocrx_word' id='word_1_342' title='bbox 629 3023 998 3079; x_wconf 83' lang='lat' dir='ltr'><strong>conﬁrmant.</strong></span> <span class='ocrx_word' id='word_1_343' title='bbox 1050 3019 1256 3074; x_wconf 84' lang='lat' dir='ltr'><strong>Eodem</strong></span> <span class='ocrx_word' id='word_1_344' title='bbox 1292 3031 1527 3088; x_wconf 90' lang='lat' dir='ltr'><strong>quoque</strong></span> <span class='ocrx_word' id='word_1_345' title='bbox 1555 3020 1833 3084; x_wconf 87' lang='lat' dir='ltr'><strong>tempore,</strong></span> <span class='ocrx_word' id='word_1_346' title='bbox 1865 3011 2103 3083; x_wconf 84' lang='lat' dir='ltr'><strong>quidam</strong></span> 
     </span>
    </p>
   </div>
   <div class='ocr_carea' id='block_1_49' title="bbox 463 3100 2105 3185">
    <p class='ocr_par' dir='ltr' id='par_1_49' title="bbox 463 3100 2105 3185">
     <span class='ocr_line' id='line_1_51' title="bbox 463 3100 2105 3185; baseline -0.01 -15"><span class='ocrx_word' id='word_1_347' title='bbox 463 3130 640 3185; x_wconf 89' lang='lat' dir='ltr'><strong>eques</strong></span> <span class='ocrx_word' id='word_1_348' title='bbox 688 3113 926 3168; x_wconf 88' lang='lat' dir='ltr'><strong>nomine</strong></span> <span class='ocrx_word' id='word_1_349' title='bbox 950 3110 1176 3178; x_wconf 88' lang='lat' dir='ltr'><strong>Petrus,</strong></span> <span class='ocrx_word' id='word_1_350' title='bbox 1202 3123 1304 3178; x_wconf 89' lang='lat' dir='ltr'><strong>per</strong></span> <span class='ocrx_word' id='word_1_351' title='bbox 1334 3109 1561 3176; x_wconf 84' lang='lat' dir='ltr'><strong>portam</strong></span> <span class='ocrx_word' id='word_1_352' title='bbox 1597 3103 1814 3158; x_wconf 91' lang='lat' dir='ltr'><strong>ibidem</strong></span> <span class='ocrx_word' id='word_1_353' title='bbox 1848 3100 2105 3174; x_wconf 87' lang='lat' dir='ltr'><strong>ingredi-</strong></span> 
     </span>
    </p>
   </div>
   <div class='ocr_carea' id='block_1_50' title="bbox 467 3189 2106 3267">
    <p class='ocr_par' dir='ltr' id='par_1_50' title="bbox 467 3189 2106 3267">
     <span class='ocr_line' id='line_1_52' title="bbox 467 3189 2106 3267; baseline -0.009 -13"><span class='ocrx_word' id='word_1_354' title='bbox 467 3204 585 3266; x_wconf 87' lang='lat' dir='ltr'><strong>tur,</strong></span> <span class='ocrx_word' id='word_1_355' title='bbox 617 3197 718 3267; x_wconf 90' lang='lat' dir='ltr'><strong>qui</strong></span> <span class='ocrx_word' id='word_1_356' title='bbox 749 3201 901 3251; x_wconf 88' lang='lat' dir='ltr'><strong>totas</strong></span> <span class='ocrx_word' id='word_1_357' title='bbox 936 3191 1254 3264; x_wconf 87' lang='lat' dir='ltr'><strong>phalanges</strong></span> <span class='ocrx_word' id='word_1_358' title='bbox 1303 3191 1505 3261; x_wconf 83' lang='lat' dir='ltr'><strong>fugare</strong></span> <span class='ocrx_word' id='word_1_359' title='bbox 1535 3203 1708 3260; x_wconf 89' lang='lat' dir='ltr'><strong>posse</strong></span> <span class='ocrx_word' id='word_1_360' title='bbox 1747 3189 2106 3254; x_wconf 86' lang='lat' dir='ltr'><strong>censeretur,</strong></span> 
     </span>
    </p>
   </div>
   <div class='ocr_carea' id='block_1_51' title="bbox 468 3275 2109 3360">
    <p class='ocr_par' dir='ltr' id='par_1_51' title="bbox 468 3275 2109 3360">
     <span class='ocr_line' id='line_1_53' title="bbox 468 3275 2109 3360; baseline -0.007 -19"><span class='ocrx_word' id='word_1_361' title='bbox 468 3288 752 3360; x_wconf 71' lang='lat' dir='ltr'><strong>gigantem</strong></span> <span class='ocrx_word' id='word_1_362' title='bbox 807 3283 1226 3356; x_wconf 86' lang='lat' dir='ltr'><strong>propemodum</strong></span> <span class='ocrx_word' id='word_1_363' title='bbox 1257 3285 1518 3346; x_wconf 75' lang='lat' dir='ltr'><strong>statum,</strong></span> <span class='ocrx_word' id='word_1_364' title='bbox 1561 3275 1841 3334; x_wconf 88' lang='lat' dir='ltr'><strong>cassidem</strong></span> <span class='ocrx_word' id='word_1_365' title='bbox 1886 3275 2109 3332; x_wconf 73' lang='lat' dir='ltr'><strong>turritae</strong></span> 
     </span>
    </p>
   </div>
   <div class='ocr_carea' id='block_1_52' title="bbox 469 3363 2112 3443">
    <p class='ocr_par' dir='ltr' id='par_1_52' title="bbox 469 3363 2112 3443">
     <span class='ocr_line' id='line_1_54' title="bbox 469 3363 2112 3443; baseline -0.007 -12"><span class='ocrx_word' id='word_1_366' title='bbox 469 3375 636 3432; x_wconf 88' lang='lat' dir='ltr'><strong>urbis</strong></span> <span class='ocrx_word' id='word_1_367' title='bbox 681 3374 866 3429; x_wconf 89' lang='lat' dir='ltr'><strong>instar</strong></span> <span class='ocrx_word' id='word_1_368' title='bbox 896 3372 1085 3443; x_wconf 88' lang='lat' dir='ltr'><strong>capite</strong></span> <span class='ocrx_word' id='word_1_369' title='bbox 1142 3374 1376 3442; x_wconf 81' lang='lat' dir='ltr'><strong>gestans</strong></span> <span class='ocrx_word' id='word_1_370' title='bbox 1411 3384 1425 3434; x_wconf 90' lang='lat'><strong>;</strong></span> <span class='ocrx_word' id='word_1_371' title='bbox 1457 3367 1630 3437; x_wconf 86' lang='lat' dir='ltr'><strong>cujus</strong></span> <span class='ocrx_word' id='word_1_372' title='bbox 1672 3365 1848 3421; x_wconf 90' lang='lat' dir='ltr'><strong>unius</strong></span> <span class='ocrx_word' id='word_1_373' title='bbox 1896 3363 2112 3436; x_wconf 87' lang='lat' dir='ltr'><strong>equilis</strong></span> 
     </span>
    </p>
   </div>
   <div class='ocr_carea' id='block_1_53' title="bbox 468 3453 2114 3530">
    <p class='ocr_par' dir='ltr' id='par_1_53' title="bbox 468 3453 2114 3530">
     <span class='ocr_line' id='line_1_55' title="bbox 468 3453 2114 3530; baseline -0.007 -10"><span class='ocrx_word' id='word_1_374' title='bbox 468 3468 630 3520; x_wconf 87' lang='lat' dir='ltr'><strong>torvo</strong></span> <span class='ocrx_word' id='word_1_375' title='bbox 677 3463 838 3519; x_wconf 91' lang='lat' dir='ltr'><strong>vultu</strong></span> <span class='ocrx_word' id='word_1_376' title='bbox 904 3465 962 3516; x_wconf 88' lang='lat' dir='ltr'><strong>et</strong></span> <span class='ocrx_word' id='word_1_377' title='bbox 1043 3457 1347 3530; x_wconf 87' lang='lat' dir='ltr'><strong>spectabili</strong></span> <span class='ocrx_word' id='word_1_378' title='bbox 1393 3455 1755 3526; x_wconf 87' lang='lat' dir='ltr'><strong>proceritate,</strong></span> <span class='ocrx_word' id='word_1_379' title='bbox 1805 3453 2114 3525; x_wconf 84' lang='lat' dir='ltr'><strong>stipatores</strong></span> 
     </span>
    </p>
   </div>
   <div class='ocr_carea' id='block_1_54' title="bbox 467 3543 2112 3626">
    <p class='ocr_par' dir='ltr' id='par_1_54' title="bbox 467 3543 2112 3626">
     <span class='ocr_line' id='line_1_56' title="bbox 467 3543 2112 3626; baseline -0.007 -18"><span class='ocrx_word' id='word_1_380' title='bbox 467 3551 842 3626; x_wconf 85' lang='lat' dir='ltr'><strong>imperatorii,</strong></span> <span class='ocrx_word' id='word_1_381' title='bbox 902 3549 1172 3606; x_wconf 87' lang='lat' dir='ltr'><strong>homines</strong></span> <span class='ocrx_word' id='word_1_382' title='bbox 1231 3545 1476 3614; x_wconf 90' lang='lat' dir='ltr'><strong>nobiles,</strong></span> <span class='ocrx_word' id='word_1_383' title='bbox 1528 3550 1586 3600; x_wconf 91' lang='lat' dir='ltr'><strong>et</strong></span> <span class='ocrx_word' id='word_1_384' title='bbox 1643 3543 1902 3614; x_wconf 88' lang='lat' dir='ltr'><strong>reliquus</strong></span> <span class='ocrx_word' id='word_1_385' title='bbox 1957 3558 2112 3598; x_wconf 86' lang='lat' dir='ltr'><strong>exer-</strong></span> 
     </span>
    </p>
   </div>
   <div class='ocr_carea' id='block_1_55' title="bbox 469 3633 2111 3705">
    <p class='ocr_par' dir='ltr' id='par_1_55' title="bbox 469 3633 2111 3705">
     <span class='ocr_line' id='line_1_57' title="bbox 469 3633 2111 3705; baseline -0.008 -6"><span class='ocrx_word' id='word_1_386' title='bbox 469 3642 622 3700; x_wconf 89' lang='lat' dir='ltr'><strong>citus</strong></span> <span class='ocrx_word' id='word_1_387' title='bbox 675 3658 791 3696; x_wconf 89' lang='lat' dir='ltr'><strong>non</strong></span> <span class='ocrx_word' id='word_1_388' title='bbox 850 3637 1120 3704; x_wconf 90' lang='lat' dir='ltr'><strong>toletaro,</strong></span> <span class='ocrx_word' id='word_1_389' title='bbox 1161 3640 1502 3691; x_wconf 84' lang='lat' dir='ltr'><strong>consuetam</strong></span> <span class='ocrx_word' id='word_1_390' title='bbox 1557 3634 1754 3705; x_wconf 74' lang='lat' dir='ltr'><strong>fugam</strong></span> <span class='ocrx_word' id='word_1_391' title='bbox 1813 3633 2111 3704; x_wconf 87' lang='lat' dir='ltr'><strong>egregium</strong></span> 
     </span>
    </p>
   </div>
   <div class='ocr_carea' id='block_1_56' title="bbox 467 3721 2116 3802">
    <p class='ocr_par' dir='ltr' id='par_1_56' title="bbox 467 3721 2116 3802">
     <span class='ocr_line' id='line_1_58' title="bbox 467 3721 2116 3802; baseline -0.008 -13"><span class='ocrx_word' id='word_1_392' title='bbox 467 3731 678 3790; x_wconf 86' lang='lat' dir='ltr'><strong>salutis</strong></span> <span class='ocrx_word' id='word_1_393' title='bbox 735 3729 1072 3802; x_wconf 73' lang='lat' dir='ltr'><strong>praesidium</strong></span> <span class='ocrx_word' id='word_1_394' title='bbox 1103 3724 1470 3797; x_wconf 76' lang='lat' dir='ltr'><strong>&quot;judicarunt,</strong></span> <span class='ocrx_word' id='word_1_395' title='bbox 1501 3723 1668 3794; x_wconf 86' lang='lat' dir='ltr'><strong>quasi</strong></span> <span class='ocrx_word' id='word_1_396' title='bbox 1720 3723 1780 3778; x_wconf 91' lang='lat' dir='ltr'><strong>in</strong></span> <span class='ocrx_word' id='word_1_397' title='bbox 1814 3737 1989 3777; x_wconf 90' lang='lat' dir='ltr'><strong>unum</strong></span> <span class='ocrx_word' id='word_1_398' title='bbox 2021 3721 2116 3776; x_wconf 86' lang='lat' dir='ltr'><strong>de-</strong></span> 
     </span>
    </p>
   </div>
   <div class='ocr_carea' id='block_1_57' title="bbox 466 3810 2116 3894">
    <p class='ocr_par' dir='ltr' id='par_1_57' title="bbox 466 3810 2116 3894">
     <span class='ocr_line' id='line_1_59' title="bbox 466 3810 2116 3894; baseline -0.007 -18"><span class='ocrx_word' id='word_1_399' title='bbox 466 3836 737 3894; x_wconf 84' lang='lat' dir='ltr'><strong>generem</strong></span> <span class='ocrx_word' id='word_1_400' title='bbox 791 3817 1050 3874; x_wconf 90' lang='lat' dir='ltr'><strong>animum</strong></span> <span class='ocrx_word' id='word_1_401' title='bbox 1109 3813 1346 3870; x_wconf 83' lang='lat' dir='ltr'><strong>conﬂati</strong></span> <span class='ocrx_word' id='word_1_402' title='bbox 1403 3815 1604 3867; x_wconf 88' lang='lat' dir='ltr'><strong>essent</strong></span> <span class='ocrx_word' id='word_1_403' title='bbox 1633 3827 1835 3868; x_wconf 90' lang='lat' dir='ltr'><strong>omnes</strong></span> <span class='ocrx_word' id='word_1_404' title='bbox 1869 3829 1882 3878; x_wconf 90' lang='lat'>;</span> <span class='ocrx_word' id='word_1_405' title='bbox 1918 3826 1983 3864; x_wconf 91' lang='lat' dir='ltr'><strong>ac</strong></span> <span class='ocrx_word' id='word_1_406' title='bbox 2023 3810 2116 3865; x_wconf 89' lang='lat' dir='ltr'><strong>de-</strong></span> 
     </span>
    </p>
   </div>
   <div class='ocr_carea' id='block_1_58' title="bbox 465 3897 2108 3975">
    <p class='ocr_par' dir='ltr' id='par_1_58' title="bbox 465 3897 2108 3975">
     <span class='ocr_line' id='line_1_60' title="bbox 465 3897 2108 3975; baseline -0.009 -9"><span class='ocrx_word' id='word_1_407' title='bbox 465 3909 637 3966; x_wconf 80' lang='lat' dir='ltr'><strong>sertis</strong></span> <span class='ocrx_word' id='word_1_408' title='bbox 669 3905 1096 3964; x_wconf 89' lang='lat' dir='ltr'><strong>munitionibus</strong></span> <span class='ocrx_word' id='word_1_409' title='bbox 1117 3904 1277 3975; x_wconf 90' lang='lat' dir='ltr'><strong>(nam</strong></span> <span class='ocrx_word' id='word_1_410' title='bbox 1312 3902 1368 3955; x_wconf 90' lang='lat' dir='ltr'><strong>in</strong></span> <span class='ocrx_word' id='word_1_411' title='bbox 1393 3899 1565 3954; x_wconf 89' lang='lat' dir='ltr'><strong>editis</strong></span> <span class='ocrx_word' id='word_1_412' title='bbox 1585 3897 1830 3954; x_wconf 88' lang='lat' dir='ltr'><strong>tumulis</strong></span> <span class='ocrx_word' id='word_1_413' title='bbox 1861 3898 2108 3969; x_wconf 86' lang='lat' dir='ltr'><strong>stabant)</strong></span> 
     </span>
    </p>
   </div>
   <div class='ocr_carea' id='block_1_59' title="bbox 469 3992 2117 4064">
    <p class='ocr_par' dir='ltr' id='par_1_59' title="bbox 469 3992 2117 4064">
     <span class='ocr_line' id='line_1_61' title="bbox 469 3992 2117 4064; baseline -0.005 -11"><span class='ocrx_word' id='word_1_414' title='bbox 469 3997 693 4054; x_wconf 90' lang='lat' dir='ltr'><strong>milleni</strong></span> <span class='ocrx_word' id='word_1_415' title='bbox 753 3997 829 4052; x_wconf 90' lang='lat' dir='ltr'><strong>ab</strong></span> <span class='ocrx_word' id='word_1_416' title='bbox 862 4011 976 4050; x_wconf 89' lang='lat' dir='ltr'><strong>uno</strong></span> <span class='ocrx_word' id='word_1_417' title='bbox 1007 3994 1378 4064; x_wconf 83' lang='lat' dir='ltr'><strong>fugabantur,</strong></span> <span class='ocrx_word' id='word_1_418' title='bbox 1421 3992 1478 4043; x_wconf 90' lang='lat' dir='ltr'><strong>et</strong></span> <span class='ocrx_word' id='word_1_419' title='bbox 1513 4003 1614 4059; x_wconf 89' lang='lat' dir='ltr'><strong>per</strong></span> <span class='ocrx_word' id='word_1_420' title='bbox 1663 4004 1898 4043; x_wconf 89' lang='lat' dir='ltr'><strong>auream</strong></span> <span class='ocrx_word' id='word_1_421' title='bbox 1949 3997 2117 4044; x_wconf 87' lang='lat' dir='ltr'><strong>terre-</strong></span> 
     </span>
    </p>
   </div>
   <div class='ocr_carea' id='block_1_60' title="bbox 471 4077 2116 4151">
    <p class='ocr_par' dir='ltr' id='par_1_60' title="bbox 471 4077 2116 4151">
     <span class='ocr_line' id='line_1_62' title="bbox 471 4077 2116 4151; baseline -0.008 -9"><span class='ocrx_word' id='word_1_422' title='bbox 471 4091 652 4142; x_wconf 86' lang='lat' dir='ltr'><strong>strem</strong></span> <span class='ocrx_word' id='word_1_423' title='bbox 686 4083 850 4139; x_wconf 89' lang='lat' dir='ltr'><strong>urbis</strong></span> <span class='ocrx_word' id='word_1_424' title='bbox 881 4085 1100 4151; x_wconf 86' lang='lat' dir='ltr'><strong>portam</strong></span> <span class='ocrx_word' id='word_1_425' title='bbox 1133 4077 1374 4149; x_wconf 86' lang='lat' dir='ltr'><strong>egressi,</strong></span> <span class='ocrx_word' id='word_1_426' title='bbox 1408 4091 1473 4130; x_wconf 90' lang='lat' dir='ltr'><strong>ac</strong></span> <span class='ocrx_word' id='word_1_427' title='bbox 1507 4091 1692 4146; x_wconf 87' lang='lat' dir='ltr'><strong>nuper</strong></span> <span class='ocrx_word' id='word_1_428' title='bbox 1717 4079 1940 4130; x_wconf 89' lang='lat' dir='ltr'><strong>structo</strong></span> <span class='ocrx_word' id='word_1_429' title='bbox 1981 4091 2116 4146; x_wconf 90' lang='lat' dir='ltr'><strong>pro-</strong></span> 
     </span>
    </p>
   </div>
   <div class='ocr_carea' id='block_1_61' title="bbox 475 4163 2116 4246">
    <p class='ocr_par' dir='ltr' id='par_1_61' title="bbox 475 4163 2116 4246">
     <span class='ocr_line' id='line_1_63' title="bbox 475 4163 2116 4246; baseline -0.006 -17"><span class='ocrx_word' id='word_1_430' title='bbox 475 4171 805 4246; x_wconf 84' lang='lat' dir='ltr'><strong>pugnaculo</strong></span> <span class='ocrx_word' id='word_1_431' title='bbox 827 4170 1163 4240; x_wconf 87' lang='lat' dir='ltr'><strong>diruto,quo</strong></span> <span class='ocrx_word' id='word_1_432' title='bbox 1187 4180 1479 4238; x_wconf 87' lang='lat' dir='ltr'><strong>quemque</strong></span> <span class='ocrx_word' id='word_1_433' title='bbox 1503 4167 1691 4220; x_wconf 84' lang='lat' dir='ltr'><strong>metus</strong></span> <span class='ocrx_word' id='word_1_434' title='bbox 1716 4163 1851 4218; x_wconf 88' lang='lat' dir='ltr'><strong>tulit</strong></span> <span class='ocrx_word' id='word_1_435' title='bbox 1874 4164 2116 4236; x_wconf 85' lang='lat' dir='ltr'><strong>(utinam</strong></span> 
     </span>
    </p>
   </div>
   <div class='ocr_carea' id='block_1_62' title="bbox 476 4252 2118 4324">
    <p class='ocr_par' dir='ltr' id='par_1_62' title="bbox 476 4252 2118 4324">
     <span class='ocr_line' id='line_1_64' title="bbox 476 4252 2118 4324; baseline -0.007 -6"><span class='ocrx_word' id='word_1_436' title='bbox 476 4278 610 4318; x_wconf 87' lang='lat' dir='ltr'><strong>vero</strong></span> <span class='ocrx_word' id='word_1_437' title='bbox 649 4261 710 4316; x_wconf 90' lang='lat' dir='ltr'><strong>in</strong></span> <span class='ocrx_word' id='word_1_438' title='bbox 741 4259 1080 4316; x_wconf 87' lang='lat' dir='ltr'><strong>barathrum</strong></span> <span class='ocrx_word' id='word_1_439' title='bbox 1115 4261 1172 4311; x_wconf 91' lang='lat' dir='ltr'><strong>et</strong></span> <span class='ocrx_word' id='word_1_440' title='bbox 1201 4253 1660 4310; x_wconf 88' lang='lat' dir='ltr'><strong>internecionem</strong></span> <span class='ocrx_word' id='word_1_441' title='bbox 1693 4253 2045 4308; x_wconf 87' lang='lat' dir='ltr'><strong>incidissent</strong></span> <span class='ocrx_word' id='word_1_442' title='bbox 2079 4252 2118 4324; x_wconf 89' lang='lat' dir='ltr'><strong>l)</strong></span> 
     </span>
    </p>
   </div>
   <div class='ocr_carea' id='block_1_63' title="bbox 479 4343 2117 4422">
    <p class='ocr_par' dir='ltr' id='par_1_63' title="bbox 479 4343 2117 4422">
     <span class='ocr_line' id='line_1_65' title="bbox 479 4343 2117 4422; baseline -0.007 -14"><span class='ocrx_word' id='word_1_443' title='bbox 479 4350 808 4422; x_wconf 71' lang='lat' dir='ltr'><strong>diffugiunt.</strong></span> <span class='ocrx_word' id='word_1_444' title='bbox 842 4350 991 4405; x_wconf 90' lang='lat' dir='ltr'><strong>Tum</strong></span> <span class='ocrx_word' id='word_1_445' title='bbox 1023 4347 1238 4411; x_wconf 87' lang='lat' dir='ltr'><strong>hostes,</strong></span> <span class='ocrx_word' id='word_1_446' title='bbox 1263 4344 1567 4399; x_wconf 83' lang='lat' dir='ltr'><strong>resistente</strong></span> <span class='ocrx_word' id='word_1_447' title='bbox 1601 4345 1854 4409; x_wconf 88' lang='lat' dir='ltr'><strong>nemine,</strong></span> <span class='ocrx_word' id='word_1_448' title='bbox 1897 4343 2117 4414; x_wconf 88' lang='lat' dir='ltr'><strong>passim</strong></span> 
     </span>
    </p>
   </div>
   <div class='ocr_carea' id='block_1_64' title="bbox 479 4423 2116 4512">
    <p class='ocr_par' dir='ltr' id='par_1_64' title="bbox 479 4423 2116 4512">
     <span class='ocr_line' id='line_1_66' title="bbox 479 4423 2116 4512; baseline -0.007 -14"><span class='ocrx_word' id='word_1_449' title='bbox 479 4443 839 4511; x_wconf 86' lang='lat' dir='ltr'><strong>discurrunt,</strong></span> <span class='ocrx_word' id='word_1_450' title='bbox 869 4448 921 4496; x_wconf 88' lang='lat' dir='ltr'><strong>et</strong></span> <span class='ocrx_word' id='word_1_451' title='bbox 943 4439 1165 4512; x_wconf 87' lang='lat' dir='ltr'><strong>gladios</strong></span> <span class='ocrx_word' id='word_1_452' title='bbox 1199 4435 1258 4490; x_wconf 91' lang='lat' dir='ltr'><strong>in</strong></span> <span class='ocrx_word' id='word_1_453' title='bbox 1284 4423 1520 4488; x_wconf 79' lang='lat' dir='ltr'><strong>omnem</strong></span> <span class='ocrx_word' id='word_1_454' title='bbox 1553 4437 1780 4488; x_wconf 65' lang='lat' dir='ltr'><strong>aetatem</strong></span> <span class='ocrx_word' id='word_1_455' title='bbox 1830 4439 1887 4487; x_wconf 91' lang='lat' dir='ltr'><strong>et</strong></span> <span class='ocrx_word' id='word_1_456' title='bbox 1916 4448 2116 4488; x_wconf 84' lang='lat' dir='ltr'><strong>sexum</strong></span> 
     </span>
    </p>
   </div>
   <div class='ocr_carea' id='block_1_65' title="bbox 477 4522 2120 4604">
    <p class='ocr_par' dir='ltr' id='par_1_65' title="bbox 477 4522 2120 4604">
     <span class='ocr_line' id='line_1_67' title="bbox 477 4522 2120 4604; baseline -0.009 -15"><span class='ocrx_word' id='word_1_457' title='bbox 477 4535 790 4604; x_wconf 80' lang='lat' dir='ltr'><strong>stringunt,</strong></span> <span class='ocrx_word' id='word_1_458' title='bbox 825 4547 938 4588; x_wconf 90' lang='lat' dir='ltr'><strong>non</strong></span> <span class='ocrx_word' id='word_1_459' title='bbox 997 4528 1339 4584; x_wconf 82' lang='lat' dir='ltr'><strong>conservata</strong></span> <span class='ocrx_word' id='word_1_460' title='bbox 1387 4522 1530 4587; x_wconf 88' lang='lat' dir='ltr'><strong>acie,</strong></span> <span class='ocrx_word' id='word_1_461' title='bbox 1592 4539 1704 4576; x_wconf 88' lang='lat' dir='ltr'><strong>non</strong></span> <span class='ocrx_word' id='word_1_462' title='bbox 1757 4523 1981 4592; x_wconf 85' lang='lat' dir='ltr'><strong>integra</strong></span> <span class='ocrx_word' id='word_1_463' title='bbox 2031 4537 2120 4576; x_wconf 88' lang='lat' dir='ltr'><strong>co-</strong></span> 
     </span>
    </p>
   </div>
   <div class='ocr_carea' id='block_1_66' title="bbox 2199 1921 3872 2003">
    <p class='ocr_par' dir='ltr' id='par_1_66' title="bbox 2199 1921 3872 2003">
     <span class='ocr_line' id='line_1_68' title="bbox 2199 1921 3872 2003; baseline -0.004 -19"><span class='ocrx_word' id='word_1_464' title='bbox 2199 1931 2251 1985; x_wconf 70' lang='grc' dir='ltr'>οἱ</span> <span class='ocrx_word' id='word_1_465' title='bbox 2281 1928 2564 2002; x_wconf 86' lang='grc' dir='ltr'>δρόμωνες</span> <span class='ocrx_word' id='word_1_466' title='bbox 2616 1934 2732 1990; x_wconf 86' lang='grc' dir='ltr'>τοῖς</span> <span class='ocrx_word' id='word_1_467' title='bbox 2787 1927 2994 2003; x_wconf 82' lang='grc' dir='ltr'>τείχεσι</span> <span class='ocrx_word' id='word_1_468' title='bbox 3048 1925 3511 2000; x_wconf 84' lang='grc' dir='ltr'>προσπελάζουσι,</span> <span class='ocrx_word' id='word_1_469' title='bbox 3563 1921 3872 1998; x_wconf 84' lang='grc' dir='ltr'>θαρσαλέοι</span> 
     </span>
    </p>
   </div>
   <div class='ocr_carea' id='block_1_67' title="bbox 2197 2009 3876 2094">
    <p class='ocr_par' dir='ltr' id='par_1_67' title="bbox 2197 2009 3876 2094">
     <span class='ocr_line' id='line_1_69' title="bbox 2197 2009 3876 2094; baseline -0.005 -19"><span class='ocrx_word' id='word_1_470' title='bbox 2197 2018 2254 2076; x_wconf 87' lang='grc' dir='ltr'><strong>δέ</strong></span> <span class='ocrx_word' id='word_1_471' title='bbox 2281 2041 2424 2084; x_wconf 87' lang='grc' dir='ltr'>τινες</span> <span class='ocrx_word' id='word_1_472' title='bbox 2451 2022 2836 2094; x_wconf 74' lang='grc' dir='ltr'>πολεμήτορες</span> <span class='ocrx_word' id='word_1_473' title='bbox 2875 2017 3120 2073; x_wconf 79' lang='grc' dir='ltr'>ἐπανίασι</span> <span class='ocrx_word' id='word_1_474' title='bbox 3165 2017 3264 2079; x_wconf 84' lang='grc' dir='ltr'><strong>τὰς</strong></span> <span class='ocrx_word' id='word_1_475' title='bbox 3321 2015 3620 2088; x_wconf 86' lang='grc' dir='ltr'>κλίμακας,</span> <span class='ocrx_word' id='word_1_476' title='bbox 3677 2013 3746 2068; x_wconf 80' lang='grc' dir='ltr'><strong>τὰ</strong></span> <span class='ocrx_word' id='word_1_477' title='bbox 3804 2009 3876 2074; x_wconf 63' lang='grc' dir='ltr'>δὲ</span> 
     </span>
    </p>
   </div>
   <div class='ocr_carea' id='block_1_68' title="bbox 2201 2101 3877 2184">
    <p class='ocr_par' dir='ltr' id='par_1_68' title="bbox 2201 2101 3877 2184">
     <span class='ocr_line' id='line_1_70' title="bbox 2201 2101 3877 2184; baseline -0.008 -20"><span class='ocrx_word' id='word_1_478' title='bbox 2201 2108 2338 2184; x_wconf 86' lang='grc' dir='ltr'>βέλη</span> <span class='ocrx_word' id='word_1_479' title='bbox 2399 2114 2629 2163; x_wconf 87' lang='grc' dir='ltr'>παντοῖα</span> <span class='ocrx_word' id='word_1_480' title='bbox 2687 2109 2822 2164; x_wconf 74' lang='grc' dir='ltr'>κατὰ</span> <span class='ocrx_word' id='word_1_481' title='bbox 2875 2112 2981 2162; x_wconf 79' lang='grc' dir='ltr'><strong>τῶν</strong></span> <span class='ocrx_word' id='word_1_482' title='bbox 3043 2105 3096 2161; x_wconf 85' lang='grc' dir='ltr'><strong>ἐν</strong></span> <span class='ocrx_word' id='word_1_483' title='bbox 3144 2111 3261 2168; x_wconf 86' lang='grc' dir='ltr'>τοῖς</span> <span class='ocrx_word' id='word_1_484' title='bbox 3314 2105 3548 2180; x_wconf 83' lang='grc' dir='ltr'>πύργοις</span> <span class='ocrx_word' id='word_1_485' title='bbox 3607 2101 3877 2179; x_wconf 78' lang='grc' dir='ltr'>ἠφίεντο.</span> 
     </span>
    </p>
   </div>
   <div class='ocr_carea' id='block_1_69' title="bbox 2197 2191 3881 2270">
    <p class='ocr_par' dir='ltr' id='par_1_69' title="bbox 2197 2191 3881 2270">
     <span class='ocr_line' id='line_1_71' title="bbox 2197 2191 3881 2270; baseline -0.009 -15"><span class='ocrx_word' id='word_1_486' title='bbox 2197 2198 2376 2268; x_wconf 90' lang='grc' dir='ltr'>Ὃλην</span> <span class='ocrx_word' id='word_1_487' title='bbox 2411 2197 2507 2270; x_wconf 77' lang='grc' dir='ltr'>μὲν</span> <span class='ocrx_word' id='word_1_488' title='bbox 2549 2197 2639 2252; x_wconf 74' lang='grc' dir='ltr'>οὖν</span> <span class='ocrx_word' id='word_1_489' title='bbox 2674 2195 2886 2265; x_wconf 87' lang='grc' dir='ltr'>ἐκείνην</span> <span class='ocrx_word' id='word_1_490' title='bbox 2918 2197 3021 2264; x_wconf 74' lang='grc' dir='ltr'>τὴν</span> <span class='ocrx_word' id='word_1_491' title='bbox 3081 2197 3291 2270; x_wconf 87' lang='grc' dir='ltr'>ἡμέραν</span> <span class='ocrx_word' id='word_1_492' title='bbox 3358 2193 3514 2267; x_wconf 88' lang='grc' dir='ltr'>μάχη</span> <span class='ocrx_word' id='word_1_493' title='bbox 3563 2191 3881 2260; x_wconf 72' lang='grc' dir='ltr'>ἐνειστήκει</span> 
     </span>
    </p>
   </div>
   <div class='ocr_carea' id='block_1_70' title="bbox 2203 2279 3879 2357">
    <p class='ocr_par' dir='ltr' id='par_1_70' title="bbox 2203 2279 3879 2357">
     <span class='ocr_line' id='line_1_72' title="bbox 2203 2279 3879 2357; baseline -0.005 -16"><span class='ocrx_word' id='word_1_494' title='bbox 2203 2286 2512 2354; x_wconf 85' lang='grc' dir='ltr'>στονόεσσα,</span> <span class='ocrx_word' id='word_1_495' title='bbox 2561 2286 2630 2354; x_wconf 74' lang='grc' dir='ltr'>ἦν</span> <span class='ocrx_word' id='word_1_496' title='bbox 2677 2283 2734 2340; x_wconf 91' lang='grc' dir='ltr'><strong>δέ</strong></span> <span class='ocrx_word' id='word_1_497' title='bbox 2789 2304 2910 2345; x_wconf 89' lang='grc' dir='ltr'><strong>πως</strong></span> <span class='ocrx_word' id='word_1_498' title='bbox 2961 2285 3030 2339; x_wconf 79' lang='grc' dir='ltr'><strong>τὰ</strong></span> <span class='ocrx_word' id='word_1_499' title='bbox 3086 2281 3378 2357; x_wconf 84' lang='grc' dir='ltr'>Ῥωμαίων</span> <span class='ocrx_word' id='word_1_500' title='bbox 3423 2279 3879 2354; x_wconf 70' lang='grc' dir='ltr'>ἐπικρατέστεραθ</span> 
     </span>
    </p>
   </div>
   <div class='ocr_carea' id='block_1_71' title="bbox 2203 2370 3888 2452">
    <p class='ocr_par' dir='ltr' id='par_1_71' title="bbox 2203 2370 3888 2452">
     <span class='ocr_line' id='line_1_73' title="bbox 2203 2370 3888 2452; baseline -0.005 -22"><span class='ocrx_word' id='word_1_501' title='bbox 2203 2377 2258 2431; x_wconf 88' lang='grc' dir='ltr'>αἳ</span> <span class='ocrx_word' id='word_1_502' title='bbox 2289 2397 2348 2430; x_wconf 82' lang='grc' dir='ltr'>τι</span> <span class='ocrx_word' id='word_1_503' title='bbox 2401 2375 2505 2450; x_wconf 79' lang='grc' dir='ltr'><strong>γὰρ</strong></span> <span class='ocrx_word' id='word_1_504' title='bbox 2571 2373 2980 2452; x_wconf 83' lang='grc' dir='ltr'>κλιμακοφόροι</span> <span class='ocrx_word' id='word_1_505' title='bbox 3020 2379 3143 2443; x_wconf 84' lang='grc' dir='ltr'>νῆες</span> <span class='ocrx_word' id='word_1_506' title='bbox 3189 2370 3281 2426; x_wconf 79' lang='grc' dir='ltr'><strong>σὺν</strong></span> <span class='ocrx_word' id='word_1_507' title='bbox 3337 2375 3458 2432; x_wconf 83' lang='grc' dir='ltr'>τοῖς</span> <span class='ocrx_word' id='word_1_508' title='bbox 3517 2371 3888 2446; x_wconf 81' lang='grc' dir='ltr'>ἱππαγωγοῖς</span> 
     </span>
    </p>
   </div>
   <div class='ocr_carea' id='block_1_72' title="bbox 2207 2458 3893 2540">
    <p class='ocr_par' dir='ltr' id='par_1_72' title="bbox 2207 2458 3893 2540">
     <span class='ocr_line' id='line_1_74' title="bbox 2207 2458 3893 2540; baseline -0.005 -20"><span class='ocrx_word' id='word_1_509' title='bbox 2207 2463 2486 2540; x_wconf 86' lang='grc' dir='ltr'>δρόμωσιν</span> <span class='ocrx_word' id='word_1_510' title='bbox 2525 2463 2926 2538; x_wconf 81' lang='grc' dir='ltr'>ἄπρακτοιτῶν</span> <span class='ocrx_word' id='word_1_511' title='bbox 2981 2466 3183 2538; x_wconf 82' lang='grc' dir='ltr'>τειχῶν</span> <span class='ocrx_word' id='word_1_512' title='bbox 3242 2458 3714 2534; x_wconf 81' lang='grc' dir='ltr'>ἀπεκρούσθησαν,</span> <span class='ocrx_word' id='word_1_513' title='bbox 3784 2476 3893 2532; x_wconf 67' lang='grc' dir='ltr'><strong>καὶ</strong></span> 
     </span>
    </p>
   </div>
   <div class='ocr_carea' id='block_1_73' title="bbox 2205 2545 3896 2629">
    <p class='ocr_par' dir='ltr' id='par_1_73' title="bbox 2205 2545 3896 2629">
     <span class='ocr_line' id='line_1_75' title="bbox 2205 2545 3896 2629; baseline -0.005 -21"><span class='ocrx_word' id='word_1_514' title='bbox 2205 2555 2272 2608; x_wconf 81' lang='grc' dir='ltr'>τὰ</span> <span class='ocrx_word' id='word_1_515' title='bbox 2334 2558 2442 2608; x_wconf 82' lang='grc' dir='ltr'><strong>τῶν</strong></span> <span class='ocrx_word' id='word_1_516' title='bbox 2509 2551 2678 2617; x_wconf 86' lang='grc' dir='ltr'>λίθων</span> <span class='ocrx_word' id='word_1_517' title='bbox 2741 2551 2800 2607; x_wconf 85' lang='grc' dir='ltr'><strong>ἐκ</strong></span> <span class='ocrx_word' id='word_1_518' title='bbox 2845 2559 2946 2622; x_wconf 82' lang='grc' dir='ltr'>τῆς</span> <span class='ocrx_word' id='word_1_519' title='bbox 3000 2551 3219 2612; x_wconf 84' lang='grc' dir='ltr'>πόλεως</span> <span class='ocrx_word' id='word_1_520' title='bbox 3261 2549 3526 2629; x_wconf 77' lang='grc' dir='ltr'>ἀφετήρια</span> <span class='ocrx_word' id='word_1_521' title='bbox 3581 2545 3896 2612; x_wconf 83' lang='grc' dir='ltr'>πλείστους</span> 
     </span>
    </p>
   </div>
   <div class='ocr_carea' id='block_1_74' title="bbox 2207 2633 3891 2718">
    <p class='ocr_par' dir='ltr' id='par_1_74' title="bbox 2207 2633 3891 2718">
     <span class='ocr_line' id='line_1_76' title="bbox 2207 2633 3891 2718; baseline -0.005 -20"><span class='ocrx_word' id='word_1_522' title='bbox 2207 2642 2369 2704; x_wconf 72' lang='grc' dir='ltr'>ὅσους</span> <span class='ocrx_word' id='word_1_523' title='bbox 2399 2647 2507 2698; x_wconf 81' lang='grc' dir='ltr'>τῶν</span> <span class='ocrx_word' id='word_1_524' title='bbox 2541 2641 2830 2716; x_wconf 88' lang='grc' dir='ltr'>πολεμίων</span> <span class='ocrx_word' id='word_1_525' title='bbox 2883 2638 3214 2718; x_wconf 80' lang='grc' dir='ltr'>διέφθειραν.</span> <span class='ocrx_word' id='word_1_526' title='bbox 3272 2637 3741 2714; x_wconf 79' lang='grc' dir='ltr'>’Δνοχευσάμενοι</span> <span class='ocrx_word' id='word_1_527' title='bbox 3828 2633 3891 2691; x_wconf 73' lang='grc' dir='ltr'>δὲ</span> 
     </span>
    </p>
   </div>
   <div class='ocr_carea' id='block_1_75' title="bbox 2209 2733 3878 2814">
    <p class='ocr_par' dir='ltr' id='par_1_75' title="bbox 2209 2733 3878 2814">
     <span class='ocr_line' id='line_1_77' title="bbox 2209 2733 3878 2814; baseline -0.004 -18"><span class='ocrx_word' id='word_1_528' title='bbox 2209 2743 2262 2796; x_wconf 79' lang='lat' dir='ltr'><strong>ot</strong></span> <span class='ocrx_word' id='word_1_529' title='bbox 2301 2739 2563 2812; x_wconf 80' lang='grc' dir='ltr'>πολέμιοι</span> <span class='ocrx_word' id='word_1_530' title='bbox 2602 2741 2704 2810; x_wconf 75' lang='grc' dir='ltr'>τὴν</span> <span class='ocrx_word' id='word_1_531' title='bbox 2745 2738 3096 2812; x_wconf 85' lang='grc' dir='ltr'>μετ’ἐκείνην</span> <span class='ocrx_word' id='word_1_532' title='bbox 3129 2735 3338 2812; x_wconf 85' lang='grc' dir='ltr'>ἡμέραν</span> <span class='ocrx_word' id='word_1_533' title='bbox 3389 2736 3478 2791; x_wconf 86' lang='grc' dir='ltr'><strong>καὶ</strong></span> <span class='ocrx_word' id='word_1_534' title='bbox 3532 2737 3633 2804; x_wconf 77' lang='grc' dir='ltr'>τήν</span> <span class='ocrx_word' id='word_1_535' title='bbox 3670 2733 3878 2814; x_wconf 74' lang='grc' dir='ltr'>ἐφεξῆς</span> 
     </span>
    </p>
   </div>
   <div class='ocr_carea' id='block_1_76' title="bbox 2208 2823 3878 2904">
    <p class='ocr_par' dir='ltr' id='par_1_76' title="bbox 2208 2823 3878 2904">
     <span class='ocr_line' id='line_1_78' title="bbox 2208 2823 3878 2904; baseline -0.004 -19"><span class='ocrx_word' id='word_1_536' title='bbox 2208 2830 2582 2904; x_wconf 86' lang='grc' dir='ltr'>κυριώνυμον,</span> <span class='ocrx_word' id='word_1_537' title='bbox 2641 2832 2714 2902; x_wconf 79' lang='grc' dir='ltr'><strong>τῇ</strong></span> <span class='ocrx_word' id='word_1_538' title='bbox 2777 2830 3030 2902; x_wconf 80' lang='grc' dir='ltr'>ὑστεραῖᾳ</span> <span class='ocrx_word' id='word_1_539' title='bbox 3084 2825 3251 2882; x_wconf 86' lang='grc' dir='ltr'>πάλιν</span> <span class='ocrx_word' id='word_1_540' title='bbox 3330 2828 3400 2898; x_wconf 75' lang='grc' dir='ltr'><strong>τῇ</strong></span> <span class='ocrx_word' id='word_1_541' title='bbox 3477 2823 3640 2880; x_wconf 88' lang='grc' dir='ltr'>πόλει</span> <span class='ocrx_word' id='word_1_542' title='bbox 3696 2843 3878 2900; x_wconf 78' lang='grc' dir='ltr'>προσ·</span> 
     </span>
    </p>
   </div>
   <div class='ocr_carea' id='block_1_77' title="bbox 2209 2912 3878 2992">
    <p class='ocr_par' dir='ltr' id='par_1_77' title="bbox 2209 2912 3878 2992">
     <span class='ocr_line' id='line_1_79' title="bbox 2209 2912 3878 2992; baseline -0.003 -19"><span class='ocrx_word' id='word_1_543' title='bbox 2209 2918 2443 2974; x_wconf 85' lang='grc' dir='ltr'>πλέουσι</span> <span class='ocrx_word' id='word_1_544' title='bbox 2475 2918 2565 2972; x_wconf 88' lang='grc' dir='ltr'><strong>καὶ</strong></span> <span class='ocrx_word' id='word_1_545' title='bbox 2596 2923 2714 2979; x_wconf 87' lang='grc' dir='ltr'>ταῖς</span> <span class='ocrx_word' id='word_1_546' title='bbox 2743 2917 2870 2991; x_wconf 70' lang='grc' dir='ltr'>ᾐόσι</span> <span class='ocrx_word' id='word_1_547' title='bbox 2921 2915 3342 2992; x_wconf 85' lang='grc' dir='ltr'>προσίσχουσιν,</span> <span class='ocrx_word' id='word_1_548' title='bbox 3401 2915 3487 2988; x_wconf 88' lang='grc' dir='ltr'><strong>[Ρ.</strong></span> <span class='ocrx_word' id='word_1_549' title='bbox 3540 2915 3669 2986; x_wconf 79' lang='lat'><strong>366]</strong></span> <span class='ocrx_word' id='word_1_550' title='bbox 3745 2912 3878 2983; x_wconf 81' lang='grc' dir='ltr'>ἧτις</span> 
     </span>
    </p>
   </div>
   <div class='ocr_carea' id='block_1_78' title="bbox 2210 2999 3877 3081">
    <p class='ocr_par' dir='ltr' id='par_1_78' title="bbox 2210 2999 3877 3081">
     <span class='ocr_line' id='line_1_80' title="bbox 2210 2999 3877 3081; baseline -0.002 -21"><span class='ocrx_word' id='word_1_551' title='bbox 2210 3009 2279 3077; x_wconf 80' lang='grc' dir='ltr'><strong>ἦν</strong></span> <span class='ocrx_word' id='word_1_552' title='bbox 2305 3004 2586 3076; x_wconf 81' lang='grc' dir='ltr'>δωδεκάτη</span> <span class='ocrx_word' id='word_1_553' title='bbox 2624 3008 2718 3079; x_wconf 75' lang='grc' dir='ltr'>μὲν</span> <span class='ocrx_word' id='word_1_554' title='bbox 2736 3010 2832 3061; x_wconf 84' lang='grc' dir='ltr'><strong>τοῦ</strong></span> <span class='ocrx_word' id='word_1_555' title='bbox 2888 3003 3220 3081; x_wconf 82' lang='grc' dir='ltr'>Ἀπριλλίου</span> <span class='ocrx_word' id='word_1_556' title='bbox 3281 3003 3474 3078; x_wconf 87' lang='grc' dir='ltr'>μηνὸς,</span> <span class='ocrx_word' id='word_1_557' title='bbox 3525 2999 3752 3076; x_wconf 85' lang='grc' dir='ltr'>δευτέρα</span> <span class='ocrx_word' id='word_1_558' title='bbox 3826 2999 3877 3057; x_wconf 73' lang='grc' dir='ltr'>δὲ</span> 
     </span>
    </p>
   </div>
   <div class='ocr_carea' id='block_1_79' title="bbox 2213 3091 3872 3168">
    <p class='ocr_par' dir='ltr' id='par_1_79' title="bbox 2213 3091 3872 3168">
     <span class='ocr_line' id='line_1_81' title="bbox 2213 3091 3872 3168; baseline -0.005 -16"><span class='ocrx_word' id='word_1_559' title='bbox 2213 3103 2314 3165; x_wconf 86' lang='grc' dir='ltr'><strong>τῆς</strong></span> <span class='ocrx_word' id='word_1_560' title='bbox 2347 3093 2511 3165; x_wconf 72' lang='grc' dir='ltr'>ἕκτης</span> <span class='ocrx_word' id='word_1_561' title='bbox 2542 3091 2848 3168; x_wconf 76' lang='grc' dir='ltr'>ἑϐδομάδος</span> <span class='ocrx_word' id='word_1_562' title='bbox 2908 3099 3018 3149; x_wconf 85' lang='grc' dir='ltr'><strong>τῶν</strong></span> <span class='ocrx_word' id='word_1_563' title='bbox 3071 3096 3356 3164; x_wconf 77' lang='grc' dir='ltr'>νηστειῶν.</span> <span class='ocrx_word' id='word_1_564' title='bbox 3411 3092 3565 3165; x_wconf 80' lang='grc' dir='ltr'>Μέσῃ</span> <span class='ocrx_word' id='word_1_565' title='bbox 3613 3093 3706 3163; x_wconf 70' lang='grc' dir='ltr'>μὲν</span> <span class='ocrx_word' id='word_1_566' title='bbox 3779 3091 3872 3146; x_wconf 73' lang='grc' dir='ltr'>οὖν</span> 
     </span>
    </p>
   </div>
   <div class='ocr_carea' id='block_1_80' title="bbox 2213 3180 3872 3260">
    <p class='ocr_par' dir='ltr' id='par_1_80' title="bbox 2213 3180 3872 3260">
     <span class='ocr_line' id='line_1_82' title="bbox 2213 3180 3872 3260; baseline -0.004 -20"><span class='ocrx_word' id='word_1_567' title='bbox 2213 3185 2396 3260; x_wconf 78' lang='grc' dir='ltr'>ἡμέρᾳ</span> <span class='ocrx_word' id='word_1_568' title='bbox 2423 3183 2513 3241; x_wconf 83' lang='grc' dir='ltr'><strong>καὶ</strong></span> <span class='ocrx_word' id='word_1_569' title='bbox 2557 3185 2855 3260; x_wconf 82' lang='grc' dir='ltr'>κατίσχυον</span> <span class='ocrx_word' id='word_1_570' title='bbox 2894 3184 2962 3238; x_wconf 79' lang='grc' dir='ltr'><strong>τὰ</strong></span> <span class='ocrx_word' id='word_1_571' title='bbox 3017 3183 3280 3257; x_wconf 88' lang='grc' dir='ltr'>ἡμέτερα,</span> <span class='ocrx_word' id='word_1_572' title='bbox 3339 3181 3430 3237; x_wconf 84' lang='grc' dir='ltr'><strong>καὶ</strong></span> <span class='ocrx_word' id='word_1_573' title='bbox 3469 3183 3506 3250; x_wconf 90' lang='grc' dir='ltr'><strong>ἡ</strong></span> <span class='ocrx_word' id='word_1_574' title='bbox 3563 3180 3710 3254; x_wconf 78' lang='grc' dir='ltr'>ἀκμὴ</span> <span class='ocrx_word' id='word_1_575' title='bbox 3772 3183 3872 3235; x_wconf 84' lang='grc' dir='ltr'><strong>τοῦ</strong></span> 
     </span>
    </p>
   </div>
   <div class='ocr_carea' id='block_1_81' title="bbox 2215 3267 3876 3349">
    <p class='ocr_par' dir='ltr' id='par_1_81' title="bbox 2215 3267 3876 3349">
     <span class='ocr_line' id='line_1_83' title="bbox 2215 3267 3876 3349; baseline -0.004 -19"><span class='ocrx_word' id='word_1_576' title='bbox 2215 3277 2384 3330; x_wconf 87' lang='grc' dir='ltr'>κακοῦ</span> <span class='ocrx_word' id='word_1_577' title='bbox 2415 3272 2744 3349; x_wconf 76' lang='grc' dir='ltr'>ἰσχυροτέρα</span> <span class='ocrx_word' id='word_1_578' title='bbox 2773 3293 2858 3335; x_wconf 90' lang='grc' dir='ltr'><strong>τις</strong></span> <span class='ocrx_word' id='word_1_579' title='bbox 2886 3275 2953 3341; x_wconf 75' lang='grc' dir='ltr'><strong>ἧν</strong></span> <span class='ocrx_word' id='word_1_580' title='bbox 2981 3271 3070 3327; x_wconf 80' lang='grc' dir='ltr'><strong>καὶ</strong></span> <span class='ocrx_word' id='word_1_581' title='bbox 3109 3267 3407 3346; x_wconf 83' lang='grc' dir='ltr'>δριμυτέρα</span> <span class='ocrx_word' id='word_1_582' title='bbox 3435 3276 3536 3340; x_wconf 86' lang='grc' dir='ltr'><strong>τῆς</strong></span> <span class='ocrx_word' id='word_1_583' title='bbox 3581 3268 3876 3344; x_wconf 69' lang='grc' dir='ltr'>πρότριτω</span> 
     </span>
    </p>
   </div>
   <div class='ocr_carea' id='block_1_82' title="bbox 2217 3355 3882 3434">
    <p class='ocr_par' dir='ltr' id='par_1_82' title="bbox 2217 3355 3882 3434">
     <span class='ocr_line' id='line_1_84' title="bbox 2217 3355 3882 3434; baseline -0.003 -17"><span class='ocrx_word' id='word_1_584' title='bbox 2217 3359 2404 3432; x_wconf 81' lang='grc' dir='ltr'>ἐπειδὴ</span> <span class='ocrx_word' id='word_1_585' title='bbox 2467 3358 2526 3416; x_wconf 78' lang='grc' dir='ltr'>δὲ</span> <span class='ocrx_word' id='word_1_586' title='bbox 2582 3359 2690 3416; x_wconf 82' lang='grc' dir='ltr'>ἔδει</span> <span class='ocrx_word' id='word_1_587' title='bbox 2744 3358 2992 3416; x_wconf 81' lang='grc' dir='ltr'>δούλειον</span> <span class='ocrx_word' id='word_1_588' title='bbox 3044 3359 3201 3434; x_wconf 88' lang='grc' dir='ltr'>ζυγὸν</span> <span class='ocrx_word' id='word_1_589' title='bbox 3269 3355 3556 3418; x_wconf 78' lang='grc' dir='ltr'>ὓποδῦναι,</span> <span class='ocrx_word' id='word_1_590' title='bbox 3605 3358 3713 3426; x_wconf 78' lang='grc' dir='ltr'><strong>τήν</strong></span> <span class='ocrx_word' id='word_1_591' title='bbox 3777 3361 3882 3412; x_wconf 82' lang='grc' dir='ltr'><strong>τῶν</strong></span> 
     </span>
    </p>
   </div>
   <div class='ocr_carea' id='block_1_83' title="bbox 2217 3443 3889 3522">
    <p class='ocr_par' dir='ltr' id='par_1_83' title="bbox 2217 3443 3889 3522">
     <span class='ocr_line' id='line_1_85' title="bbox 2217 3443 3889 3522; baseline -0.004 -18"><span class='ocrx_word' id='word_1_592' title='bbox 2217 3448 2432 3504; x_wconf 88' lang='grc' dir='ltr'>πόλεων</span> <span class='ocrx_word' id='word_1_593' title='bbox 2463 3447 2684 3502; x_wconf 82' lang='grc' dir='ltr'>ἀπασῶν</span> <span class='ocrx_word' id='word_1_594' title='bbox 2717 3445 3012 3522; x_wconf 75' lang='grc' dir='ltr'>ἄρχουσαν,</span> <span class='ocrx_word' id='word_1_595' title='bbox 3063 3445 3116 3501; x_wconf 85' lang='grc' dir='ltr'><strong>ἐν</strong></span> <span class='ocrx_word' id='word_1_596' title='bbox 3174 3449 3342 3518; x_wconf 81' lang='grc' dir='ltr'>κημῷ</span> <span class='ocrx_word' id='word_1_597' title='bbox 3396 3464 3455 3500; x_wconf 90' lang='grc' dir='ltr'><strong>τε</strong></span> <span class='ocrx_word' id='word_1_598' title='bbox 3508 3443 3599 3498; x_wconf 81' lang='grc' dir='ltr'><strong>καὶ</strong></span> <span class='ocrx_word' id='word_1_599' title='bbox 3661 3444 3889 3517; x_wconf 77' lang='grc' dir='ltr'>χαλινῷ</span> 
     </span>
    </p>
   </div>
   <div class='ocr_carea' id='block_1_84' title="bbox 2215 3529 3889 3611">
    <p class='ocr_par' dir='ltr' id='par_1_84' title="bbox 2215 3529 3889 3611">
     <span class='ocr_line' id='line_1_86' title="bbox 2215 3529 3889 3611; baseline -0.004 -19"><span class='ocrx_word' id='word_1_600' title='bbox 2215 3537 2312 3598; x_wconf 84' lang='grc' dir='ltr'><strong>τὰς</strong></span> <span class='ocrx_word' id='word_1_601' title='bbox 2353 3537 2603 3611; x_wconf 89' lang='grc' dir='ltr'>σιαγόνας</span> <span class='ocrx_word' id='word_1_602' title='bbox 2633 3537 2794 3608; x_wconf 82' lang='grc' dir='ltr'>ἡμῶν</span> <span class='ocrx_word' id='word_1_603' title='bbox 2839 3533 2996 3610; x_wconf 80' lang='grc' dir='ltr'>ἅγξαι</span> <span class='ocrx_word' id='word_1_604' title='bbox 3051 3533 3184 3595; x_wconf 85' lang='grc' dir='ltr'>Θεὸς</span> <span class='ocrx_word' id='word_1_605' title='bbox 3241 3529 3578 3600; x_wconf 82' lang='grc' dir='ltr'>ἐδικαίωσεν,</span> <span class='ocrx_word' id='word_1_606' title='bbox 3647 3531 3740 3586; x_wconf 84' lang='grc' dir='ltr'>’ὁτι</span> <span class='ocrx_word' id='word_1_607' title='bbox 3803 3531 3889 3589; x_wconf 83' lang='grc' dir='ltr'><strong>καὶ</strong></span> 
     </span>
    </p>
   </div>
   <div class='ocr_carea' id='block_1_85' title="bbox 2218 3617 3886 3698">
    <p class='ocr_par' dir='ltr' id='par_1_85' title="bbox 2218 3617 3886 3698">
     <span class='ocr_line' id='line_1_87' title="bbox 2218 3617 3886 3698; baseline -0.005 -16"><span class='ocrx_word' id='word_1_608' title='bbox 2218 3626 2415 3686; x_wconf 79' lang='grc' dir='ltr'>πάντες</span> <span class='ocrx_word' id='word_1_609' title='bbox 2453 3623 2768 3696; x_wconf 75' lang='grc' dir='ltr'>ἐξέστημεν,</span> <span class='ocrx_word' id='word_1_610' title='bbox 2801 3623 2974 3698; x_wconf 76' lang='grc' dir='ltr'>ἱερεὺς</span> <span class='ocrx_word' id='word_1_611' title='bbox 3005 3623 3148 3694; x_wconf 83' lang='grc' dir='ltr'>ὁμοῦ</span> <span class='ocrx_word' id='word_1_612' title='bbox 3205 3621 3295 3676; x_wconf 88' lang='grc' dir='ltr'><strong>καὶ</strong></span> <span class='ocrx_word' id='word_1_613' title='bbox 3345 3620 3498 3692; x_wconf 85' lang='grc' dir='ltr'>λαὸς,</span> <span class='ocrx_word' id='word_1_614' title='bbox 3558 3618 3640 3684; x_wconf 83' lang='grc' dir='ltr'>ὦς</span> <span class='ocrx_word' id='word_1_615' title='bbox 3708 3617 3886 3680; x_wconf 71' lang='grc' dir='ltr'><strong>Ιἱττειτος</strong></span> 
     </span>
    </p>
   </div>
   <div class='ocr_carea' id='block_1_86' title="bbox 2219 3707 3883 3790">
    <p class='ocr_par' dir='ltr' id='par_1_86' title="bbox 2219 3707 3883 3790">
     <span class='ocr_line' id='line_1_88' title="bbox 2219 3707 3883 3790; baseline -0.004 -19"><span class='ocrx_word' id='word_1_616' title='bbox 2219 3715 2532 3790; x_wconf 81' lang='grc' dir='ltr'>θρασαύχην</span> <span class='ocrx_word' id='word_1_617' title='bbox 2587 3735 2646 3768; x_wconf 86' lang='grc' dir='ltr'><strong>τε</strong></span> <span class='ocrx_word' id='word_1_618' title='bbox 2709 3712 2800 3767; x_wconf 85' lang='grc' dir='ltr'><strong>καὶ</strong></span> <span class='ocrx_word' id='word_1_619' title='bbox 2858 3709 3217 3790; x_wconf 86' lang='grc' dir='ltr'>δυσχάλινος,</span> <span class='ocrx_word' id='word_1_620' title='bbox 3283 3711 3344 3765; x_wconf 82' lang='grc' dir='ltr'><strong>ἐκ</strong></span> <span class='ocrx_word' id='word_1_621' title='bbox 3396 3713 3506 3764; x_wconf 79' lang='grc' dir='ltr'>τῶν</span> <span class='ocrx_word' id='word_1_622' title='bbox 3581 3707 3883 3782; x_wconf 80' lang='grc' dir='ltr'>κλιμάκων</span> 
     </span>
    </p>
   </div>
   <div class='ocr_carea' id='block_1_87' title="bbox 2227 3798 3886 3878">
    <p class='ocr_par' dir='ltr' id='par_1_87' title="bbox 2227 3798 3886 3878">
     <span class='ocr_line' id='line_1_89' title="bbox 2227 3798 3886 3878; baseline -0.003 -19"><span class='ocrx_word' id='word_1_623' title='bbox 2227 3809 2376 3878; x_wconf 84' lang='grc' dir='ltr'>μιᾶς,</span> <span class='ocrx_word' id='word_1_624' title='bbox 2435 3803 2558 3874; x_wconf 72' lang='grc' dir='ltr'>ἥτις</span> <span class='ocrx_word' id='word_1_625' title='bbox 2599 3801 2841 3878; x_wconf 80' lang='grc' dir='ltr'>ἄγχιστα</span> <span class='ocrx_word' id='word_1_626' title='bbox 2898 3801 2965 3870; x_wconf 79' lang='grc' dir='ltr'>ἦν</span> <span class='ocrx_word' id='word_1_627' title='bbox 3019 3805 3126 3856; x_wconf 84' lang='grc' dir='ltr'><strong>τῶν</strong></span> <span class='ocrx_word' id='word_1_628' title='bbox 3171 3801 3411 3874; x_wconf 87' lang='grc' dir='ltr'>Πετρίων</span> <span class='ocrx_word' id='word_1_629' title='bbox 3451 3799 3543 3854; x_wconf 83' lang='grc' dir='ltr'><strong>καὶ</strong></span> <span class='ocrx_word' id='word_1_630' title='bbox 3604 3798 3886 3874; x_wconf 84' lang='grc' dir='ltr'>βασιλέως</span> 
     </span>
    </p>
   </div>
   <div class='ocr_carea' id='block_1_88' title="bbox 2223 3885 3884 3964">
    <p class='ocr_par' dir='ltr' id='par_1_88' title="bbox 2223 3885 3884 3964">
     <span class='ocr_line' id='line_1_90' title="bbox 2223 3885 3884 3964; baseline -0.004 -16"><span class='ocrx_word' id='word_1_631' title='bbox 2223 3890 2396 3948; x_wconf 76' lang='grc' dir='ltr'>ἔναντι</span> <span class='ocrx_word' id='word_1_632' title='bbox 2455 3891 2782 3962; x_wconf 82' lang='grc' dir='ltr'>διεπονεῖτο,</span> <span class='ocrx_word' id='word_1_633' title='bbox 2849 3889 3035 3964; x_wconf 76' lang='grc' dir='ltr'>ἄνδρες</span> <span class='ocrx_word' id='word_1_634' title='bbox 3092 3887 3188 3945; x_wconf 86' lang='grc' dir='ltr'><strong>δύο</strong></span> <span class='ocrx_word' id='word_1_635' title='bbox 3243 3885 3576 3964; x_wconf 85' lang='grc' dir='ltr'>παραδόντες</span> <span class='ocrx_word' id='word_1_636' title='bbox 3655 3887 3884 3950; x_wconf 73' lang='grc' dir='ltr'>ἑαυτοὺς</span> 
     </span>
    </p>
   </div>
   <div class='ocr_carea' id='block_1_89' title="bbox 2220 3981 3879 4064">
    <p class='ocr_par' dir='ltr' id='par_1_89' title="bbox 2220 3981 3879 4064">
     <span class='ocr_line' id='line_1_91' title="bbox 2220 3981 3879 4064; baseline -0.005 -18"><span class='ocrx_word' id='word_1_637' title='bbox 2220 3994 2288 4064; x_wconf 77' lang='grc' dir='ltr'><strong>τῇ</strong></span> <span class='ocrx_word' id='word_1_638' title='bbox 2332 3990 2477 4064; x_wconf 82' lang='grc' dir='ltr'>τύχῃ</span> <span class='ocrx_word' id='word_1_639' title='bbox 2539 3993 2751 4064; x_wconf 83' lang='grc' dir='ltr'>πρῶτοι</span> <span class='ocrx_word' id='word_1_640' title='bbox 2815 3992 2914 4042; x_wconf 90' lang='grc' dir='ltr'><strong>τοῦ</strong></span> <span class='ocrx_word' id='word_1_641' title='bbox 2973 3987 3248 4062; x_wconf 67' lang='grc' dir='ltr'>ἑταιρικοῦ</span> <span class='ocrx_word' id='word_1_642' title='bbox 3305 3985 3359 4048; x_wconf 87' lang='grc' dir='ltr'><strong>ἐς</strong></span> <span class='ocrx_word' id='word_1_643' title='bbox 3414 3985 3506 4040; x_wconf 88' lang='grc' dir='ltr'><strong>τὸν</strong></span> <span class='ocrx_word' id='word_1_644' title='bbox 3564 3987 3688 4040; x_wconf 85' lang='grc' dir='ltr'>κατ’</span> <span class='ocrx_word' id='word_1_645' title='bbox 3761 3981 3879 4059; x_wconf 78' lang='grc' dir='ltr'>ὄψιν</span> 
     </span>
    </p>
   </div>
   <div class='ocr_carea' id='block_1_90' title="bbox 2221 4071 3884 4156">
    <p class='ocr_par' dir='ltr' id='par_1_90' title="bbox 2221 4071 3884 4156">
     <span class='ocr_line' id='line_1_92' title="bbox 2221 4071 3884 4156; baseline -0.003 -22"><span class='ocrx_word' id='word_1_646' title='bbox 2221 4080 2426 4156; x_wconf 87' lang='grc' dir='ltr'>πύργον</span> <span class='ocrx_word' id='word_1_647' title='bbox 2463 4073 2846 4148; x_wconf 83' lang='grc' dir='ltr'>καταπηδῶσι,</span> <span class='ocrx_word' id='word_1_648' title='bbox 2897 4076 2989 4132; x_wconf 85' lang='grc' dir='ltr'><strong>καὶ</strong></span> <span class='ocrx_word' id='word_1_649' title='bbox 3030 4071 3348 4131; x_wconf 81' lang='grc' dir='ltr'>διασοὸοῦσι</span> <span class='ocrx_word' id='word_1_650' title='bbox 3389 4074 3454 4130; x_wconf 87' lang='grc' dir='ltr'>τὸ</span> <span class='ocrx_word' id='word_1_651' title='bbox 3510 4073 3691 4130; x_wconf 79' lang='grc' dir='ltr'>ἐκεῖσε</span> <span class='ocrx_word' id='word_1_652' title='bbox 3750 4076 3884 4129; x_wconf 75' lang='grc' dir='ltr'><strong>Ῥω-</strong></span> 
     </span>
    </p>
   </div>
   <div class='ocr_carea' id='block_1_91' title="bbox 2228 4160 3883 4246">
    <p class='ocr_par' dir='ltr' id='par_1_91' title="bbox 2228 4160 3883 4246">
     <span class='ocr_line' id='line_1_93' title="bbox 2228 4160 3883 4246; baseline -0.003 -23"><span class='ocrx_word' id='word_1_653' title='bbox 2228 4167 2407 4242; x_wconf 87' lang='grc' dir='ltr'>μαίοις</span> <span class='ocrx_word' id='word_1_654' title='bbox 2441 4165 2744 4246; x_wconf 86' lang='grc' dir='ltr'>φυλακικὸν</span> <span class='ocrx_word' id='word_1_655' title='bbox 2787 4165 3166 4243; x_wconf 88' lang='grc' dir='ltr'>συμμαχικὸν,</span> <span class='ocrx_word' id='word_1_656' title='bbox 3214 4165 3276 4220; x_wconf 90' lang='grc' dir='ltr'><strong>ἐκ</strong></span> <span class='ocrx_word' id='word_1_657' title='bbox 3332 4161 3389 4218; x_wconf 78' lang='grc' dir='ltr'>δὲ</span> <span class='ocrx_word' id='word_1_658' title='bbox 3438 4163 3638 4219; x_wconf 88' lang='grc' dir='ltr'>τούτου</span> <span class='ocrx_word' id='word_1_659' title='bbox 3675 4160 3883 4218; x_wconf 80' lang='grc' dir='ltr'>διασεί-</span> 
     </span>
    </p>
   </div>
   <div class='ocr_carea' id='block_1_92' title="bbox 2225 4247 3882 4330">
    <p class='ocr_par' dir='ltr' id='par_1_92' title="bbox 2225 4247 3882 4330">
     <span class='ocr_line' id='line_1_94' title="bbox 2225 4247 3882 4330; baseline -0.003 -18"><span class='ocrx_word' id='word_1_660' title='bbox 2225 4276 2412 4318; x_wconf 79' lang='grc' dir='ltr'>σαντες</span> <span class='ocrx_word' id='word_1_661' title='bbox 2441 4257 2540 4324; x_wconf 75' lang='grc' dir='ltr'>τήν</span> <span class='ocrx_word' id='word_1_662' title='bbox 2573 4261 2733 4330; x_wconf 84' lang='grc' dir='ltr'>χεῖρα</span> <span class='ocrx_word' id='word_1_663' title='bbox 2799 4252 3000 4309; x_wconf 75' lang='grc' dir='ltr'>ἃνωθεν</span> <span class='ocrx_word' id='word_1_664' title='bbox 3052 4254 3172 4308; x_wconf 82' lang='grc' dir='ltr'>οἷον</span> <span class='ocrx_word' id='word_1_665' title='bbox 3221 4247 3506 4327; x_wconf 79' lang='grc' dir='ltr'>σύμϐολον</span> <span class='ocrx_word' id='word_1_666' title='bbox 3554 4258 3740 4327; x_wconf 77' lang='grc' dir='ltr'>χαρᾶς</span> <span class='ocrx_word' id='word_1_667' title='bbox 3799 4251 3882 4307; x_wconf 82' lang='grc' dir='ltr'><strong>καὶ</strong></span> 
     </span>
    </p>
   </div>
   <div class='ocr_carea' id='block_1_93' title="bbox 2226 4338 3881 4420">
    <p class='ocr_par' dir='ltr' id='par_1_93' title="bbox 2226 4338 3881 4420">
     <span class='ocr_line' id='line_1_95' title="bbox 2226 4338 3881 4420; baseline -0.003 -20"><span class='ocrx_word' id='word_1_668' title='bbox 2226 4347 2456 4417; x_wconf 75' lang='grc' dir='ltr'>θάρσους</span> <span class='ocrx_word' id='word_1_669' title='bbox 2483 4343 2610 4406; x_wconf 82' lang='grc' dir='ltr'>τοὺς</span> <span class='ocrx_word' id='word_1_670' title='bbox 2663 4343 2898 4420; x_wconf 89' lang='grc' dir='ltr'>φυλέτας</span> <span class='ocrx_word' id='word_1_671' title='bbox 2931 4340 3264 4418; x_wconf 71' lang='grc' dir='ltr'>ἐπέρρωσαν.</span> <span class='ocrx_word' id='word_1_672' title='bbox 3319 4343 3406 4412; x_wconf 82' lang='grc' dir='ltr'><strong>Ἐξ</strong></span> <span class='ocrx_word' id='word_1_673' title='bbox 3465 4339 3585 4396; x_wconf 75' lang='grc' dir='ltr'>ἴσου</span> <span class='ocrx_word' id='word_1_674' title='bbox 3653 4338 3716 4396; x_wconf 68' lang='grc' dir='ltr'>δὲ</span> <span class='ocrx_word' id='word_1_675' title='bbox 3769 4347 3881 4402; x_wconf 83' lang='grc' dir='ltr'>τοῖς</span> 
     </span>
    </p>
   </div>
   <div class='ocr_carea' id='block_1_94' title="bbox 2225 4429 3879 4508">
    <p class='ocr_par' dir='ltr' id='par_1_94' title="bbox 2225 4429 3879 4508">
     <span class='ocr_line' id='line_1_96' title="bbox 2225 4429 3879 4508; baseline -0.002 -19"><span class='ocrx_word' id='word_1_676' title='bbox 2225 4434 2300 4496; x_wconf 80' lang='grc' dir='ltr'>εἷς</span> <span class='ocrx_word' id='word_1_677' title='bbox 2340 4435 2431 4489; x_wconf 80' lang='grc' dir='ltr'>τὸν</span> <span class='ocrx_word' id='word_1_678' title='bbox 2475 4433 2680 4508; x_wconf 83' lang='grc' dir='ltr'>πύργον</span> <span class='ocrx_word' id='word_1_679' title='bbox 2728 4429 3026 4504; x_wconf 86' lang='grc' dir='ltr'>άλαμένοις</span> <span class='ocrx_word' id='word_1_680' title='bbox 3083 4431 3172 4485; x_wconf 88' lang='grc' dir='ltr'><strong>καί</strong></span> <span class='ocrx_word' id='word_1_681' title='bbox 3231 4451 3314 4492; x_wconf 90' lang='grc' dir='ltr'><strong>τις</strong></span> <span class='ocrx_word' id='word_1_682' title='bbox 3373 4429 3435 4484; x_wconf 86' lang='grc' dir='ltr'><strong>ἐκ</strong></span> <span class='ocrx_word' id='word_1_683' title='bbox 3485 4437 3586 4500; x_wconf 77' lang='grc' dir='ltr'><strong>τῆς</strong></span> <span class='ocrx_word' id='word_1_684' title='bbox 3645 4429 3879 4492; x_wconf 77' lang='grc' dir='ltr'>ἱππάδος</span> 
     </span>
    </p>
   </div>
   <div class='ocr_carea' id='block_1_95' title="bbox 2228 4516 3874 4598">
    <p class='ocr_par' dir='ltr' id='par_1_95' title="bbox 2228 4516 3874 4598">
     <span class='ocr_line' id='line_1_97' title="bbox 2228 4516 3874 4598; baseline -0.003 -19"><span class='ocrx_word' id='word_1_685' title='bbox 2228 4524 2429 4598; x_wconf 78' lang='grc' dir='ltr'>Πέτρος</span> <span class='ocrx_word' id='word_1_686' title='bbox 2461 4519 2703 4595; x_wconf 72' lang='grc' dir='ltr'>τοῦνομα</span> <span class='ocrx_word' id='word_1_687' title='bbox 2763 4517 2851 4576; x_wconf 83' lang='grc' dir='ltr'><strong>διὰ</strong></span> <span class='ocrx_word' id='word_1_688' title='bbox 2916 4527 3018 4589; x_wconf 78' lang='grc' dir='ltr'>τῆς</span> <span class='ocrx_word' id='word_1_689' title='bbox 3071 4518 3254 4590; x_wconf 85' lang='grc' dir='ltr'>πύλης</span> <span class='ocrx_word' id='word_1_690' title='bbox 3315 4516 3504 4575; x_wconf 81' lang='grc' dir='ltr'>εἶ’σεισι</span> <span class='ocrx_word' id='word_1_691' title='bbox 3553 4526 3654 4590; x_wconf 81' lang='grc' dir='ltr'><strong>τῆς</strong></span> <span class='ocrx_word' id='word_1_692' title='bbox 3689 4519 3874 4588; x_wconf 80' lang='grc' dir='ltr'>ἐκεῖσε,</span> 
     </span>
    </p>
   </div>
   <div class='ocr_carea' id='block_1_96' title="bbox 473 4595 2101 4692">
    <p class='ocr_par' dir='ltr' id='par_1_96' title="bbox 473 4595 2101 4691">
     <span class='ocr_line' id='line_1_98' title="bbox 473 4595 2101 4691; baseline -0.007 -15"><span class='ocrx_word' id='word_1_693' title='bbox 473 4595 661 4690; x_wconf 55' lang='lat' dir='ltr'><strong>forte,</strong></span> <span class='ocrx_word' id='word_1_694' title='bbox 689 4595 789 4676; x_wconf 89' lang='lat' dir='ltr'><strong>sed</strong></span> <span class='ocrx_word' id='word_1_695' title='bbox 840 4618 1088 4691; x_wconf 83' lang='lat' dir='ltr'><strong>sparsim</strong></span> <span class='ocrx_word' id='word_1_696' title='bbox 1121 4617 1315 4671; x_wconf 80' lang='lat' dir='ltr'><strong>diﬂ‘usi</strong></span> <span class='ocrx_word' id='word_1_697' title='bbox 1345 4617 1408 4668; x_wconf 86' lang='lat' dir='ltr'><strong>ut</strong></span> <span class='ocrx_word' id='word_1_698' title='bbox 1453 4615 1576 4684; x_wconf 85' lang='lat' dir='ltr'><strong>jam</strong></span> <span class='ocrx_word' id='word_1_699' title='bbox 1611 4611 1884 4668; x_wconf 76' lang='lat' dir='ltr'><strong>omnibus</strong></span> <span class='ocrx_word' id='word_1_700' title='bbox 1917 4610 2101 4666; x_wconf 84' lang='lat' dir='ltr'><strong>formi-</strong></span> 
     </span>
    </p>
   </div>
   <div class='ocr_carea' id='block_1_97' title="bbox 2209 4595 3872 4692">
    <p class='ocr_par' dir='ltr' id='par_1_97' title="bbox 2226 4595 3872 4692">
     <span class='ocr_line' id='line_1_99' title="bbox 2226 4595 3872 4692; baseline -0.004 -24"><span class='ocrx_word' id='word_1_701' title='bbox 2226 4595 2358 4674; x_wconf 76' lang='grc' dir='ltr'>ὅλας</span> <span class='ocrx_word' id='word_1_702' title='bbox 2389 4612 2670 4692; x_wconf 79' lang='grc' dir='ltr'>φάλαγγας</span> <span class='ocrx_word' id='word_1_703' title='bbox 2719 4617 2988 4679; x_wconf 80' lang='grc' dir='ltr'>κΑονῆσαι</span> <span class='ocrx_word' id='word_1_704' title='bbox 3036 4609 3352 4684; x_wconf 87' lang='grc' dir='ltr'>κρινόμενος</span> <span class='ocrx_word' id='word_1_705' title='bbox 3380 4609 3738 4683; x_wconf 80' lang='grc' dir='ltr'>ἱκανώτατος,</span> <span class='ocrx_word' id='word_1_706' title='bbox 3789 4607 3872 4664; x_wconf 81' lang='grc' dir='ltr'><strong>καὶ</strong></span> 
     </span>
    </p>
   </div>
   <div class='ocr_carea' id='block_1_98' title="bbox 475 4700 2115 4778">
    <p class='ocr_par' dir='ltr' id='par_1_98' title="bbox 475 4700 2115 4778">
     <span class='ocr_line' id='line_1_100' title="bbox 475 4700 2115 4778; baseline -0.008 -12"><span class='ocrx_word' id='word_1_707' title='bbox 475 4713 714 4768; x_wconf 78' lang='lat' dir='ltr'><strong>(labiles.</strong></span> <span class='ocrx_word' id='word_1_708' title='bbox 749 4710 983 4778; x_wconf 87' lang='lat' dir='ltr'><strong>Vesperi</strong></span> <span class='ocrx_word' id='word_1_709' title='bbox 1015 4708 1087 4764; x_wconf 87' lang='lat' dir='ltr'><strong>iis</strong></span> <span class='ocrx_word' id='word_1_710' title='bbox 1116 4722 1239 4778; x_wconf 65' lang='lat' dir='ltr'><strong>quae</strong></span> <span class='ocrx_word' id='word_1_711' title='bbox 1269 4707 1342 4762; x_wconf 89' lang='lat' dir='ltr'><strong>ad</strong></span> <span class='ocrx_word' id='word_1_712' title='bbox 1392 4705 1686 4762; x_wconf 88' lang='lat' dir='ltr'><strong>Orientem</strong></span> <span class='ocrx_word' id='word_1_713' title='bbox 1733 4703 1979 4758; x_wconf 86' lang='lat' dir='ltr'><strong>tendunt</strong></span> <span class='ocrx_word' id='word_1_714' title='bbox 2025 4700 2115 4754; x_wconf 90' lang='lat' dir='ltr'><strong>in—</strong></span> 
     </span>
    </p>
   </div>
   <div class='ocr_carea' id='block_1_99' title="bbox 474 4790 2116 4872">
    <p class='ocr_par' dir='ltr' id='par_1_99' title="bbox 474 4790 2116 4872">
     <span class='ocr_line' id='line_1_101' title="bbox 474 4790 2116 4872; baseline -0.007 -17"><span class='ocrx_word' id='word_1_715' title='bbox 474 4801 664 4856; x_wconf 89' lang='lat' dir='ltr'><strong>censis</strong></span> <span class='ocrx_word' id='word_1_716' title='bbox 679 4799 858 4872; x_wconf 87' lang='lat' dir='ltr'><strong>(quod</strong></span> <span class='ocrx_word' id='word_1_717' title='bbox 885 4797 1221 4852; x_wconf 88' lang='lat' dir='ltr'><strong>incendium</strong></span> <span class='ocrx_word' id='word_1_718' title='bbox 1251 4796 1323 4851; x_wconf 90' lang='lat' dir='ltr'><strong>ab</strong></span> <span class='ocrx_word' id='word_1_719' title='bbox 1355 4795 1640 4866; x_wconf 68' lang='lat' dir='ltr'><strong>Evergetaa</strong></span> <span class='ocrx_word' id='word_1_720' title='bbox 1667 4790 2019 4846; x_wconf 85' lang='lat' dir='ltr'><strong>monasterio</strong></span> <span class='ocrx_word' id='word_1_721' title='bbox 2050 4805 2116 4844; x_wconf 87' lang='lat' dir='ltr'><strong>ea</strong></span> 
     </span>
    </p>
   </div>
   <div class='ocr_carea' id='block_1_100' title="bbox 473 4878 2114 4958">
    <p class='ocr_par' dir='ltr' id='par_1_100' title="bbox 473 4878 2114 4958">
     <span class='ocr_line' id='line_1_102' title="bbox 473 4878 2114 4958; baseline -0.007 -16"><span class='ocrx_word' id='word_1_722' title='bbox 473 4905 600 4958; x_wconf 69' lang='lat' dir='ltr'><strong>quae</strong></span> <span class='ocrx_word' id='word_1_723' title='bbox 644 4890 714 4944; x_wconf 86' lang='lat' dir='ltr'><strong>ad</strong></span> <span class='ocrx_word' id='word_1_724' title='bbox 747 4904 901 4944; x_wconf 87' lang='lat' dir='ltr'><strong>mare</strong></span> <span class='ocrx_word' id='word_1_725' title='bbox 948 4887 1236 4942; x_wconf 83' lang='lat' dir='ltr'><strong>inclinant</strong></span> <span class='ocrx_word' id='word_1_726' title='bbox 1277 4901 1465 4956; x_wconf 89' lang='lat' dir='ltr'><strong>usque</strong></span> <span class='ocrx_word' id='word_1_727' title='bbox 1523 4884 1668 4940; x_wconf 75' lang='lat'><strong>755</strong></span> <span class='ocrx_word' id='word_1_728' title='bbox 1703 4883 1772 4936; x_wconf 83' lang='lat' dir='ltr'><strong>ad</strong></span> <span class='ocrx_word' id='word_1_729' title='bbox 1811 4878 2114 4950; x_wconf 89' lang='lat' dir='ltr'><strong>Drungarii</strong></span> 
     </span>
    </p>
   </div>
   <div class='ocr_carea' id='block_1_101' title="bbox 472 4973 2118 5047">
    <p class='ocr_par' dir='ltr' id='par_1_101' title="bbox 472 4973 2118 5047">
     <span class='ocr_line' id='line_1_103' title="bbox 472 4973 2118 5047; baseline -0.005 -17"><span class='ocrx_word' id='word_1_730' title='bbox 472 4979 620 5030; x_wconf 66' lang='lat' dir='ltr'><strong>aades</strong></span> <span class='ocrx_word' id='word_1_731' title='bbox 661 4975 1012 5047; x_wconf 90' lang='lat' dir='ltr'><strong>absumpsit)</strong></span> <span class='ocrx_word' id='word_1_732' title='bbox 1056 4975 1271 5030; x_wconf 87' lang='lat' dir='ltr'><strong>reversi</strong></span> <span class='ocrx_word' id='word_1_733' title='bbox 1321 4976 1391 5030; x_wconf 90' lang='lat' dir='ltr'><strong>ad</strong></span> <span class='ocrx_word' id='word_1_734' title='bbox 1433 4974 1792 5044; x_wconf 85' lang='lat' dir='ltr'><strong>Pantepoptss</strong></span> <span class='ocrx_word' id='word_1_735' title='bbox 1829 4973 2118 5024; x_wconf 85' lang='lat' dir='ltr'><strong>monaste-</strong></span> 
     </span>
    </p>
   </div>
   <div class='ocr_carea' id='block_1_102' title="bbox 473 5059 2118 5135">
    <p class='ocr_par' dir='ltr' id='par_1_102' title="bbox 473 5059 2118 5135">
     <span class='ocr_line' id='line_1_104' title="bbox 473 5059 2118 5135; baseline -0.005 -15"><span class='ocrx_word' id='word_1_736' title='bbox 473 5065 624 5120; x_wconf 86' lang='lat' dir='ltr'><strong>rium</strong></span> <span class='ocrx_word' id='word_1_737' title='bbox 655 5071 842 5118; x_wconf 67' lang='lat' dir='ltr'><strong>castra</strong></span> <span class='ocrx_word' id='word_1_738' title='bbox 873 5063 1086 5130; x_wconf 82' lang='lat' dir='ltr'><strong>locant,</strong></span> <span class='ocrx_word' id='word_1_739' title='bbox 1144 5061 1516 5135; x_wconf 86' lang='lat' dir='ltr'><strong>imperatoris</strong></span> <span class='ocrx_word' id='word_1_740' title='bbox 1575 5059 1820 5116; x_wconf 87' lang='lat' dir='ltr'><strong>tentorio</strong></span> <span class='ocrx_word' id='word_1_741' title='bbox 1871 5059 2118 5130; x_wconf 85' lang='lat' dir='ltr'><strong>spoliato</strong></span> 
     </span>
    </p>
   </div>
   <div class='ocr_carea' id='block_1_103' title="bbox 475 5147 2118 5223">
    <p class='ocr_par' dir='ltr' id='par_1_103' title="bbox 475 5147 2118 5223">
     <span class='ocr_line' id='line_1_105' title="bbox 475 5147 2118 5223; baseline -0.004 -15"><span class='ocrx_word' id='word_1_742' title='bbox 475 5157 534 5208; x_wconf 88' lang='lat' dir='ltr'><strong>et</strong></span> <span class='ocrx_word' id='word_1_743' title='bbox 563 5151 906 5207; x_wconf 85' lang='lat' dir='ltr'><strong>Blachernio</strong></span> <span class='ocrx_word' id='word_1_744' title='bbox 963 5152 1172 5223; x_wconf 84' lang='lat' dir='ltr'><strong>palatio</strong></span> <span class='ocrx_word' id='word_1_745' title='bbox 1203 5153 1350 5208; x_wconf 89' lang='lat' dir='ltr'><strong>citra</strong></span> <span class='ocrx_word' id='word_1_746' title='bbox 1404 5151 1705 5222; x_wconf 83' lang='lat' dir='ltr'><strong>negotium</strong></span> <span class='ocrx_word' id='word_1_747' title='bbox 1753 5149 1945 5220; x_wconf 80' lang='lat' dir='ltr'><strong>primo</strong></span> <span class='ocrx_word' id='word_1_748' title='bbox 2003 5147 2118 5202; x_wconf 84' lang='lat' dir='ltr'><strong>im-</strong></span> 
     </span>
    </p>
   </div>
   <div class='ocr_carea' id='block_1_104' title="bbox 2221 4694 3868 4772">
    <p class='ocr_par' dir='ltr' id='par_1_104' title="bbox 2221 4694 3868 4772">
     <span class='ocr_line' id='line_1_106' title="bbox 2221 4694 3868 4772; baseline -0.002 -18"><span class='ocrx_word' id='word_1_749' title='bbox 2221 4703 2320 4768; x_wconf 78' lang='grc' dir='ltr'><strong>τήν</strong></span> <span class='ocrx_word' id='word_1_750' title='bbox 2357 4697 2672 4772; x_wconf 75' lang='grc' dir='ltr'>ἀναδρομήν</span> <span class='ocrx_word' id='word_1_751' title='bbox 2699 4701 2796 4752; x_wconf 82' lang='grc' dir='ltr'><strong>τοῦ</strong></span> <span class='ocrx_word' id='word_1_752' title='bbox 2828 4696 3085 4768; x_wconf 81' lang='grc' dir='ltr'>σώματος</span> <span class='ocrx_word' id='word_1_753' title='bbox 3128 4695 3204 4758; x_wconf 82' lang='grc' dir='ltr'><strong>ὡς</strong></span> <span class='ocrx_word' id='word_1_754' title='bbox 3259 4694 3420 4772; x_wconf 81' lang='grc' dir='ltr'>γίγας</span> <span class='ocrx_word' id='word_1_755' title='bbox 3483 4700 3684 4768; x_wconf 85' lang='grc' dir='ltr'>μικροῦ</span> <span class='ocrx_word' id='word_1_756' title='bbox 3738 4714 3868 4768; x_wconf 86' lang='grc' dir='ltr'>προ-</span> 
     </span>
    </p>
   </div>
   <div class='ocr_carea' id='block_1_105' title="bbox 2225 4781 3864 4865">
    <p class='ocr_par' dir='ltr' id='par_1_105' title="bbox 2225 4781 3864 4865">
     <span class='ocr_line' id='line_1_107' title="bbox 2225 4781 3864 4865; baseline -0.004 -23"><span class='ocrx_word' id='word_1_757' title='bbox 2225 4789 2548 4865; x_wconf 88' lang='grc' dir='ltr'>φαινόμενος</span> <span class='ocrx_word' id='word_1_758' title='bbox 2630 4785 2968 4862; x_wconf 86' lang='grc' dir='ltr'>ἐννεόργυιος</span> <span class='ocrx_word' id='word_1_759' title='bbox 3045 4786 3185 4859; x_wconf 80' lang='grc'>(54),</span> <span class='ocrx_word' id='word_1_760' title='bbox 3277 4785 3364 4838; x_wconf 81' lang='grc' dir='ltr'><strong>καὶ</strong></span> <span class='ocrx_word' id='word_1_761' title='bbox 3441 4785 3604 4840; x_wconf 81' lang='grc' dir='ltr'>αὐτὸν</span> <span class='ocrx_word' id='word_1_762' title='bbox 3675 4781 3730 4838; x_wconf 75' lang='grc' dir='ltr'>δὲ</span> <span class='ocrx_word' id='word_1_763' title='bbox 3770 4785 3864 4852; x_wconf 68' lang='grc' dir='ltr'>τὴν</span> 
     </span>
    </p>
   </div>
   <div class='ocr_carea' id='block_1_106' title="bbox 2224 4869 3873 4953">
    <p class='ocr_par' dir='ltr' id='par_1_106' title="bbox 2224 4869 3873 4953">
     <span class='ocr_line' id='line_1_108' title="bbox 2224 4869 3873 4953; baseline -0.004 -21"><span class='ocrx_word' id='word_1_764' title='bbox 2224 4877 2378 4932; x_wconf 85' lang='grc' dir='ltr'>κάσιν</span> <span class='ocrx_word' id='word_1_765' title='bbox 2411 4881 2521 4948; x_wconf 56' lang='grc'>(53)</span> <span class='ocrx_word' id='word_1_766' title='bbox 2577 4880 2676 4940; x_wconf 81' lang='grc' dir='ltr'>τῆς</span> <span class='ocrx_word' id='word_1_767' title='bbox 2729 4873 2972 4953; x_wconf 80' lang='grc' dir='ltr'>κεφαλῆς</span> <span class='ocrx_word' id='word_1_768' title='bbox 3032 4871 3482 4948; x_wconf 86' lang='grc' dir='ltr'>διεσκευασμένον</span> <span class='ocrx_word' id='word_1_769' title='bbox 3539 4869 3682 4950; x_wconf 82' lang='grc' dir='ltr'>ἔχων</span> <span class='ocrx_word' id='word_1_770' title='bbox 3745 4871 3873 4928; x_wconf 73' lang='grc' dir='ltr'>κατὰ</span> 
     </span>
    </p>
   </div>
   <div class='ocr_carea' id='block_1_107' title="bbox 2225 4961 3871 5040">
    <p class='ocr_par' dir='ltr' id='par_1_107' title="bbox 2225 4961 3871 5040">
     <span class='ocr_line' id='line_1_109' title="bbox 2225 4961 3871 5040; baseline -0.004 -19"><span class='ocrx_word' id='word_1_771' title='bbox 2225 4965 2391 5022; x_wconf 88' lang='grc' dir='ltr'>πόλιν</span> <span class='ocrx_word' id='word_1_772' title='bbox 2447 4964 2804 5040; x_wconf 82' lang='grc' dir='ltr'>πυργόεσσαν.</span> <span class='ocrx_word' id='word_1_773' title='bbox 2860 4961 3002 5021; x_wconf 75' lang='grc' dir='ltr'><strong>Οὐδὲ</strong></span> <span class='ocrx_word' id='word_1_774' title='bbox 3068 4963 3301 5038; x_wconf 85' lang='grc' dir='ltr'>κόρυθος</span> <span class='ocrx_word' id='word_1_775' title='bbox 3383 4963 3567 5018; x_wconf 85' lang='grc' dir='ltr'>τοίνυν</span> <span class='ocrx_word' id='word_1_776' title='bbox 3631 4961 3871 5035; x_wconf 83' lang='grc' dir='ltr'>μέτωπον</span> 
     </span>
    </p>
   </div>
   <div class='ocr_carea' id='block_1_108' title="bbox 2226 5047 3872 5128">
    <p class='ocr_par' dir='ltr' id='par_1_108' title="bbox 2226 5047 3872 5128">
     <span class='ocr_line' id='line_1_110' title="bbox 2226 5047 3872 5128; baseline -0.004 -18"><span class='ocrx_word' id='word_1_777' title='bbox 2226 5055 2342 5116; x_wconf 82' lang='grc' dir='ltr'>ένὸς</span> <span class='ocrx_word' id='word_1_778' title='bbox 2428 5051 2622 5128; x_wconf 81' lang='grc' dir='ltr'>ἀνδρὸς</span> <span class='ocrx_word' id='word_1_779' title='bbox 2681 5055 2978 5122; x_wconf 75' lang='grc' dir='ltr'>ἱππαστοῦ,</span> <span class='ocrx_word' id='word_1_780' title='bbox 3045 5050 3502 5122; x_wconf 87' lang='grc' dir='ltr'>καταπληκτικοῦ</span> <span class='ocrx_word' id='word_1_781' title='bbox 3573 5051 3636 5108; x_wconf 88' lang='grc' dir='ltr'>τὸ</span> <span class='ocrx_word' id='word_1_782' title='bbox 3715 5047 3872 5116; x_wconf 83' lang='grc' dir='ltr'>εἶδος,</span> 
     </span>
    </p>
   </div>
   <div class='ocr_carea' id='block_1_109' title="bbox 2226 5139 3872 5218">
    <p class='ocr_par' dir='ltr' id='par_1_109' title="bbox 2226 5139 3872 5218">
     <span class='ocr_line' id='line_1_111' title="bbox 2226 5139 3872 5218; baseline -0.005 -19"><span class='ocrx_word' id='word_1_783' title='bbox 2226 5145 2540 5217; x_wconf 79' lang='grc' dir='ltr'>ἀξιοθεάτου</span> <span class='ocrx_word' id='word_1_784' title='bbox 2570 5143 2632 5198; x_wconf 88' lang='grc' dir='ltr'>τὸ</span> <span class='ocrx_word' id='word_1_785' title='bbox 2669 5141 2892 5218; x_wconf 84' lang='grc' dir='ltr'>μέγεθος</span> <span class='ocrx_word' id='word_1_786' title='bbox 2923 5141 2976 5195; x_wconf 74' lang='grc' dir='ltr'>οἱ</span> <span class='ocrx_word' id='word_1_787' title='bbox 3025 5141 3150 5216; x_wconf 88' lang='grc' dir='ltr'><strong>περί</strong></span> <span class='ocrx_word' id='word_1_788' title='bbox 3205 5139 3298 5196; x_wconf 83' lang='grc' dir='ltr'>τὸν</span> <span class='ocrx_word' id='word_1_789' title='bbox 3333 5139 3564 5216; x_wconf 76' lang='grc' dir='ltr'>βασιλέα</span> <span class='ocrx_word' id='word_1_790' title='bbox 3615 5145 3694 5212; x_wconf 82' lang='grc' dir='ltr'><strong>τῷ</strong></span> <span class='ocrx_word' id='word_1_791' title='bbox 3741 5139 3872 5212; x_wconf 84' lang='grc' dir='ltr'>γένει</span> 
     </span>
    </p>
   </div>
   <div class='ocr_carea' id='block_1_110' title="bbox 1809 5297 2544 5368">
    <p class='ocr_par' dir='ltr' id='par_1_110' title="bbox 1809 5297 2544 5368">
     <span class='ocr_line' id='line_1_112' title="bbox 1809 5297 2544 5368; baseline -0.005 0"><span class='ocrx_word' id='word_1_792' title='bbox 1809 5301 2002 5368; x_wconf 90' lang='lat' dir='ltr'><strong>Hier.</strong></span> <span class='ocrx_word' id='word_1_793' title='bbox 2037 5297 2297 5368; x_wconf 86' lang='lat' dir='ltr'><strong>Wolﬁi</strong></span> <span class='ocrx_word' id='word_1_794' title='bbox 2329 5301 2544 5367; x_wconf 66' lang='lat' dir='ltr'><strong>notas.</strong></span> 
     </span>
    </p>
   </div>
   <div class='ocr_carea' id='block_1_111' title="bbox 551 5493 2118 5582">
    <p class='ocr_par' dir='ltr' id='par_1_111' title="bbox 551 5493 2118 5582">
     <span class='ocr_line' id='line_1_113' title="bbox 551 5493 2118 5582; baseline -0.001 -28"><span class='ocrx_word' id='word_1_795' title='bbox 551 5493 1194 5582; x_wconf 15' lang='lat' dir='ltr'><strong>“ditty-acib‘éoeytuo:</strong></span> <span class='ocrx_word' id='word_1_796' title='bbox 1247 5497 1678 5569; x_wconf 73' lang='lat' dir='ltr'><strong>Iugeribusque</strong></span> <span class='ocrx_word' id='word_1_797' title='bbox 1723 5513 1926 5554; x_wconf 90' lang='lat' dir='ltr'><strong>novem</strong></span> <span class='ocrx_word' id='word_1_798' title='bbox 1954 5513 2118 5552; x_wconf 85' lang='lat' dir='ltr'><strong>sum-</strong></span> 
     </span>
    </p>
   </div>
   <div class='ocr_carea' id='block_1_112' title="bbox 485 5569 1150 5630">
    <p class='ocr_par' dir='ltr' id='par_1_112' title="bbox 485 5569 1150 5630">
     <span class='ocr_line' id='line_1_114' title="bbox 485 5569 1150 5630; baseline -0.009 0"><span class='ocrx_word' id='word_1_799' title='bbox 485 5569 594 5630; x_wconf 76' lang='lat' dir='ltr'><strong>mis</strong></span> <span class='ocrx_word' id='word_1_800' title='bbox 624 5569 877 5626; x_wconf 85' lang='lat' dir='ltr'><strong>distabat</strong></span> <span class='ocrx_word' id='word_1_801' title='bbox 908 5569 980 5623; x_wconf 88' lang='lat' dir='ltr'><strong>ab</strong></span> <span class='ocrx_word' id='word_1_802' title='bbox 1011 5571 1150 5624; x_wconf 88' lang='lat' dir='ltr'><strong>imo.</strong></span> 
     </span>
    </p>
   </div>
   <div class='ocr_carea' id='block_1_113' title="bbox 556 5635 2117 5716">
    <p class='ocr_par' dir='ltr' id='par_1_113' title="bbox 556 5635 2117 5716">
     <span class='ocr_line' id='line_1_115' title="bbox 556 5635 2117 5716; baseline -0.004 -17"><span class='ocrx_word' id='word_1_803' title='bbox 556 5645 666 5716; x_wconf 78' lang='lat'><strong>(55)</strong></span> <span class='ocrx_word' id='word_1_804' title='bbox 699 5639 805 5716; x_wconf 53' lang='grc' dir='ltr'><strong>Καὶ</strong></span> <span class='ocrx_word' id='word_1_805' title='bbox 861 5635 1100 5716; x_wconf 38' lang='grc' dir='ltr'>αὐτό-,δὲ</span> <span class='ocrx_word' id='word_1_806' title='bbox 1147 5639 1245 5716; x_wconf 71' lang='grc' dir='ltr'>τὴν</span> <span class='ocrx_word' id='word_1_807' title='bbox 1301 5638 1455 5716; x_wconf 69' lang='grc' dir='ltr'>κάσιν</span> <span class='ocrx_word' id='word_1_808' title='bbox 1496 5639 1692 5716; x_wconf 83' lang='lat' dir='ltr'><strong>Talem</strong></span> <span class='ocrx_word' id='word_1_809' title='bbox 1743 5639 1968 5716; x_wconf 72' lang='lat' dir='ltr'><strong>galeam</strong></span> <span class='ocrx_word' id='word_1_810' title='bbox 2013 5639 2117 5693; x_wconf 85' lang='lat' dir='ltr'><strong>Ba-</strong></span> 
     </span>
    </p>
   </div>
   <div class='ocr_carea' id='block_1_114' title="bbox 482 5710 2113 5786">
    <p class='ocr_par' dir='ltr' id='par_1_114' title="bbox 482 5710 2113 5786">
     <span class='ocr_line' id='line_1_116' title="bbox 482 5710 2113 5786; baseline -0.006 -10"><span class='ocrx_word' id='word_1_811' title='bbox 482 5710 658 5779; x_wconf 35' lang='lat' dir='ltr'><strong>sil&#39;ew&#39;</strong></span> <span class='ocrx_word' id='word_1_812' title='bbox 688 5713 832 5782; x_wconf 88' lang='lat' dir='ltr'><strong>vidi,</strong></span> <span class='ocrx_word' id='word_1_813' title='bbox 855 5710 1130 5786; x_wconf 85' lang='lat' dir='ltr'><strong>qualibus</strong></span> <span class='ocrx_word' id='word_1_814' title='bbox 1165 5710 1305 5768; x_wconf 91' lang='lat' dir='ltr'><strong>olim</strong></span> <span class='ocrx_word' id='word_1_815' title='bbox 1333 5711 1395 5770; x_wconf 89' lang='lat' dir='ltr'><strong>in</strong></span> <span class='ocrx_word' id='word_1_816' title='bbox 1423 5710 1910 5770; x_wconf 76' lang='lat' dir='ltr'><strong>concursionibus</strong></span> <span class='ocrx_word' id='word_1_817' title='bbox 1941 5725 2113 5782; x_wconf 86' lang='lat' dir='ltr'><strong>eque-</strong></span> 
     </span>
    </p>
   </div>
   <div class='ocr_carea' id='block_1_115' title="bbox 2231 5489 3870 5578">
    <p class='ocr_par' dir='ltr' id='par_1_115' title="bbox 2231 5489 3870 5578">
     <span class='ocr_line' id='line_1_117' title="bbox 2231 5489 3870 5578; baseline -0.004 -27"><span class='ocrx_word' id='word_1_818' title='bbox 2231 5496 2450 5578; x_wconf 83' lang='lat' dir='ltr'><strong>stribus</strong></span> <span class='ocrx_word' id='word_1_819' title='bbox 2477 5495 2825 5578; x_wconf 67' lang='lat' dir='ltr'><strong>Germanica</strong></span> <span class='ocrx_word' id='word_1_820' title='bbox 2852 5493 3134 5578; x_wconf 80' lang='lat' dir='ltr'><strong>nobilitas</strong></span> <span class='ocrx_word' id='word_1_821' title='bbox 3155 5510 3264 5550; x_wconf 89' lang='lat' dir='ltr'><strong>usa</strong></span> <span class='ocrx_word' id='word_1_822' title='bbox 3293 5499 3408 5578; x_wconf 67' lang='lat' dir='ltr'><strong>est,</strong></span> <span class='ocrx_word' id='word_1_823' title='bbox 3426 5495 3574 5576; x_wconf 76' lang='lat' dir='ltr'><strong>tanti</strong></span> <span class='ocrx_word' id='word_1_824' title='bbox 3597 5489 3870 5578; x_wconf 77' lang='lat' dir='ltr'><strong>ponderis</strong></span> 
     </span>
    </p>
   </div>
   <div class='ocr_carea' id='block_1_116' title="bbox 2230 5561 3867 5638">
    <p class='ocr_par' dir='ltr' id='par_1_116' title="bbox 2230 5561 3867 5638">
     <span class='ocr_line' id='line_1_118' title="bbox 2230 5561 3867 5638; baseline -0.005 -15"><span class='ocrx_word' id='word_1_825' title='bbox 2230 5569 2412 5624; x_wconf 88' lang='lat' dir='ltr'><strong>armis</strong></span> <span class='ocrx_word' id='word_1_826' title='bbox 2451 5567 2870 5638; x_wconf 85' lang='lat' dir='ltr'><strong>circumsepta,</strong></span> <span class='ocrx_word' id='word_1_827' title='bbox 2903 5571 2970 5622; x_wconf 88' lang='lat' dir='ltr'><strong>ut</strong></span> <span class='ocrx_word' id='word_1_828' title='bbox 2999 5582 3213 5622; x_wconf 88' lang='lat' dir='ltr'><strong>nunca</strong></span> <span class='ocrx_word' id='word_1_829' title='bbox 3241 5565 3443 5622; x_wconf 88' lang='lat' dir='ltr'><strong>multis</strong></span> <span class='ocrx_word' id='word_1_830' title='bbox 3474 5565 3566 5620; x_wconf 81' lang='lat' dir='ltr'><strong>vix</strong></span> <span class='ocrx_word' id='word_1_831' title='bbox 3596 5561 3867 5620; x_wconf 75' lang='lat' dir='ltr'><strong>sustineri</strong></span> 
     </span>
    </p>
   </div>
   <div class='ocr_carea' id='block_1_117' title="bbox 2226 5638 2755 5712">
    <p class='ocr_par' dir='ltr' id='par_1_117' title="bbox 2226 5638 2755 5712">
     <span class='ocr_line' id='line_1_119' title="bbox 2226 5638 2755 5712; baseline 0 -16"><span class='ocrx_word' id='word_1_832' title='bbox 2226 5657 2397 5712; x_wconf 88' lang='lat' dir='ltr'><strong>posse</strong></span> <span class='ocrx_word' id='word_1_833' title='bbox 2427 5638 2755 5696; x_wconf 87' lang='lat' dir='ltr'><strong>videantur.</strong></span> 
     </span>
    </p>
   </div>
  </div>
