4120 6284
345 395 466 459 953

1452 395 1783 460 ALEXIUS
1829 393 2084 458 DUCAS
2127 393 2639 457 MUBZUFLUS.

3645 402 3762 461 954

346 531 614 605 ἐπίσημοι
673 534 763 588 καὶ
821 533 881 588 τὸ
934 529 1128 587 λοιπὸν
1199 531 1505 608 στράτευμα
1570 526 1808 585 κατιδεῖν
1864 527 1994 603 ἐνεγ-

2120 533 2254 600 pctu
2279 533 2469 598 capto.
2499 530 2568 583 At
2589 529 2900 597 imperator
2930 528 2986 582 in
3021 527 3169 584 alios
3201 533 3374 601 atque
3420 531 3562 586 alios
3596 533 3757 588 urbis

350 624 538 684 κόντες
597 623 796 698 ἀγαθὸν
852 626 949 676 τοῦ
1008 622 1276 691 σώζεσθαι
1347 622 1630 697 φάρμακον
1687 621 1786 688 τὴν
1845 615 2006 672 ἐθάδα

353 712 532 789 φυγὴν
613 709 1000 788 ὑπειλήφασιν,
1060 708 1244 781 ὥσπερ
1315 708 1390 770 εἷς
1451 708 1578 782 μίαν
1655 705 2002 770 ἐνεθισθέντες

352 800 440 855 καὶ
501 799 845 861 συντακέντες
914 800 1103 874 ἀγεννῆ
1185 799 1393 877 ψυχὴν,
1455 798 1572 852 ὅθεν
1657 795 1730 857 εἷς
1795 793 2002 850 δειλίαν

351 894 458 944 τῶν
493 889 880 964 ὀχυρωμάτων
912 888 1095 950 αὐτοῖς
1144 888 1468 960 τεθειμένων
1529 885 1640 956 (ἐπὶ
1697 887 1802 961 γὰρ
1832 882 2003 962 γηλό-

354 999 469 1054 φων
503 978 701 1051 ὀρθίων
728 978 972 1050 ἳσταντο)
997 978 1136 1032 κατά
1168 974 1389 1051 χιλίους
1423 975 1509 1053 ὑφ’
1541 975 1656 1036 ἐνὸς
1688 970 2001 1044 ἐδιώκοντο,

350 1066 441 1120 καὶ
469 1071 589 1129 ταῖς
621 1067 877 1142 χρυσέαις
932 1066 1215 1141 χερσαίαις
1272 1063 1472 1126 πύλαις
1527 1066 1636 1136 (56)
1693 1060 2006 1124 ἐπιστάντες

348 1162 446 1224 τῆς
506 1154 724 1217 πόλεως
773 1155 838 1210 τὸ
895 1153 1198 1229 νεόδμητον
1282 1153 1452 1209 ἐκεῖσε
1508 1153 1822 1208 κατασπῶσι
1897 1155 2003 1206 τῶν

350 1242 577 1300 πολλῶν
636 1244 1012 1321 ἐπιτείχισμα,
1069 1244 1157 1298 καὶ
1223 1243 1480 1318 τρέχουσί
1535 1263 1594 1297 τε
1650 1241 1738 1296 καὶ
1798 1237 2002 1294 διασκία

2115 617 2458 688 angiportus
2490 617 2821 672 discurrens
2854 617 3125 672 studebat
3149 617 3244 673 ille
3276 621 3508 689 quidem
3541 627 3757 678 temere

2115 710 2483 762 aberrantem
2521 705 2804 778 p0pulum
2839 705 3104 774 colligere
3163 713 3216 760 et
3256 711 3620 778 centuriarc;
3656 713 3756 768 sed

2117 795 2154 849 ii
2190 812 2378 867 neque
2436 797 2674 850 monitis
2732 795 2862 865 ejus
2897 793 3297 865 movebantur,
3335 816 3436 853 nec
3487 801 3759 873 increpa-

2113 886 2302 940 tiones
2332 885 2616 939 curabant
2644 885 2875 939 turbine
2935 884 3360 954 desperationis
3396 905 3600 944 omnes
3659 908 3760 960 op-

2117 974 2326 1048 pressi.
2363 974 2426 1028 Et
2460 982 2520 1028 ut
2552 989 2618 1027 ea
2648 990 2776 1044 quae
2809 979 3034 1028 restant
3065 975 3401 1043 adjungam,
3436 979 3556 1033 dies
3588 980 3757 1034 incli-

2117 1064 2294 1130 navit,
2330 1080 2436 1118 nox
2467 1063 2768 1133 processit,
2801 1072 2852 1116 et
2913 1063 3074 1116 urbis
3133 1062 3492 1120 habitatores
3550 1085 3753 1124 omnes

2113 1152 2538 1209 transferendis
2569 1159 2623 1207 et
2655 1153 3018 1211 defodiendis
3052 1161 3175 1217 suis
3237 1156 3446 1226 Opibus
3503 1173 3755 1228 occupa-

2116 1242 2349 1296 bantur.
2385 1241 2562 1296 Erant
2591 1241 2763 1296 etiam
2790 1244 2888 1313 qui
2919 1261 2986 1300 ex
3021 1248 3160 1302 urbe
3192 1247 3402 1303 vellent
3434 1248 3750 1312 discedere,

2116 1347 2228 1402 qua
2258 1330 2512 1402 quisque
2547 1336 2739 1399 posset
2770 1335 2996 1389 ratione
3025 1336 3279 1392 salutem
3313 1337 3633 1408 quaesituri.

349 1331 587 1402 δνανται,
617 1335 690 1396 ὡς
734 1331 930 1413 ὄφελόν
963 1354 1026 1408 γε
1071 1334 1170 1402 τήν
1226 1331 1280 1394 ἐς
1342 1331 1614 1407 βάραθρον
1672 1329 1761 1386 καὶ
1819 1329 2002 1384 πανώ-

351 1421 496 1478 λειαν
537 1420 908 1497 βαδιούμενοι.
944 1424 1010 1480 Οἱ
1043 1419 1098 1477 δὲ
1118 1419 1384 1494 πολέμιοι
1417 1418 1650 1493 μηδενὸς
1681 1418 1758 1481 είς
1789 1423 1982 1497 χεῖρας
2004 1416 2180 1482 ἰόντος
2211 1415 2482 1472 διαθέουσι
2515 1416 2804 1494 πολλαχῆ,
2827 1421 2915 1474 καὶ
2946 1422 3010 1478 τὰ
3041 1425 3169 1502 ξίφη
3194 1428 3368 1478 σπῶσι
3401 1421 3757 1492 καθ’ἡλικίας

351 1510 527 1581 πάσης
586 1511 676 1566 καὶ
733 1513 923 1588 γένους
988 1511 1208 1578 παντὸς,
1277 1509 1384 1584 οὐχ
1435 1511 1514 1572 εἷς
1571 1507 1647 1563 ἐνὶ
1702 1506 2037 1581 συνημμένοι
2090 1506 2181 1561 καὶ
2229 1506 2365 1562 κατά
2420 1507 2662 1576 σύνταξιν
2701 1505 2930 1574 πλείους
2968 1509 3358 1587 ἀλληλουχού’
3406 1533 3577 1584 μενοι,
3609 1509 3757 1566 ἀλλά

358 1597 747 1675 διακεχυμένοι
779 1598 1042 1676 σποράδες
1085 1602 1158 1662 ὡς
1194 1597 1302 1670 ¹ἤδη
1336 1599 1480 1675 παρὰ
1531 1603 1690 1653 πᾶσιν
1751 1591 2178 1652 ἐπιωοϐώτατοι.
2243 1597 2506 1672 Ἐσπέρας
2538 1595 2594 1652 δὲ
2645 1596 2974 1672 παραδόντες
3007 1603 3137 1676 πυρὶ
3166 1603 3234 1656 τὰ
3271 1603 3406 1675 πρὸς
3436 1598 3509 1655 ἕω
3557 1602 3646 1656 καὶ
3677 1596 3755 1655 ἔτι

353 1689 540 1763 πρόσω
575 1690 767 1763 μικρὸν
799 1697 896 1757 τῆς
929 1694 1026 1745 τοῦ
1068 1689 1373 1764 Εὐεργέτου
1397 1695 1590 1760 μονῆς,
1623 1685 1652 1742 6'
1681 1686 1772 1740 καὶ
1811 1686 2214 1758 κατενεμήσατο
2243 1685 2312 1739 τὰ
2341 1687 2475 1759 πρὸς
2509 1685 2780 1749 θάλασσαν
2814 1687 3017 1752 ἐκεῖθεν
3048 1689 3306 1758 ἐπικλινῆ
3331 1691 3420 1744 καὶ
3455 1689 3623 1764 μέχρι
3644 1694 3753 1743 τῶν

360 1780 724 1854 Δρουγγαρίου
801 1779 1181 1854 καταλήγοντα
1241 1777 1378 1854 μέρη
1426 1784 1528 1846 τῆς
1581 1775 1820 1844 πόλεως,
1879 1773 2271 1830 ἐπαναλύουσιν
2326 1775 2502 1845 αὖθις,
2569 1777 2658 1830 καὶ
2718 1777 2839 1850 περῖ
2879 1779 2976 1846 τὴν
3036 1781 3204 1851 μονὴν
3236 1784 3332 1834 τοῦ
3365 1779 3749 1836 ΙΙαντεπόπτου

357 1871 686 1944 στρατήγιον
723 1867 1012 1943 βάλλουσι,
1044 1871 1144 1938 τὴν
1178 1868 1455 1942 βασίλειον
1479 1865 1862 1927 ἐσκυλευκότες
1901 1866 2106 1934 σκηνήν
2138 1864 2226 1918 καὶ
2276 1864 2452 1920 αὐτῶν
2480 1871 2586 1919 τῶν
2648 1864 2700 1920 έν
2733 1866 3074 1941 Βλαχέρναις
3120 1869 3357 1944 ἀρχείων
3387 1868 3750 1942 ἀπραγμόνὶυς

344 1978 401 2012 τε
429 1958 519 2012 καὶ
551 1957 602 2028 ἐξ
630 1955 828 2035 ἐσρὸδου
867 1958 1281 2034 κεκρατηκότες.
1315 1959 1376 2014 Ὁ
1408 1955 1464 2011 δὲ
1500 1955 1754 2032 βασιλεὺς
1784 1952 1916 2028 τῇδε
1940 1955 2155 2008 κάκεῖσε
2174 1958 2280 2008 τῶν
2313 1961 2412 2023 τῆς
2458 1953 2672 2017 πόλεως
2721 1959 2946 2031 περιιὼν
3012 1963 3297 2013 στενωπῶν
3357 1956 3627 2032 ἐπεχείρει
3657 1958 3754 2029 μὲν

347 2050 594 2116 ωνιστᾷν
624 2047 713 2101 καὶ
756 2045 1060 2122 διακροτεῖν
1093 2047 1230 2120 πρὸς
1273 2045 1520 2114 σύνταξιν
1560 2044 1650 2100 τὸν
1685 2042 1803 2110 εἶκῆ
1831 2047 2230 2122 περιφοιτῶντα
2259 2040 2412 2097 λαόν·
2441 2043 2492 2097 o't
2521 2041 2568 2097 δ’
2599 2043 2708 2097 οὔτ’
2753 2043 3026 2100 ἐπείθοντό
3085 2045 3137 2099 oi
3169 2044 3593 2119 ἐπιβρωννύοντι
3637 2044 3755 2098 οὔθ’

352 2139 629 2207 ὑπήκουον
662 2136 1076 2208 ἐπιπλήττοντι,
1111 2135 1236 2192 ἀλλ’
1259 2136 1622 2212 ἀπογνώσεως
1652 2140 1811 2190 πᾶσιν
1841 2134 1985 2209 αἰγὶς
2054 2133 2414 2189 ἐπεσέσειστο.
2469 2133 2572 2190 Καὶ
2621 2132 2714 2188 ’ἶνα
2769 2140 2847 2206 τῷ
2885 2133 3040 2210 λόγῳ
3088 2130 3410 2210 προϐιϐάσω
3437 2135 3499 2188 τὸ
3532 2133 3752 2200 λοιπὸν,

341 2225 594 2283 κέκλικεν
619 2231 654 2297 ἡ
687 2229 867 2302 ἡμέρα
888 2228 976 2283 καὶ
1009 2231 1043 2296 ἡ
1076 2227 1166 2298 νυξ
1198 2229 1511 2300 προῦκοπτε
1539 2227 1630 2280 καὶ
1672 2231 1780 2280 τῶν
1843 2225 1936 2297 μὲν
1998 2227 2080 2297 [Ρ.
2138 2226 2264 2297 367]
2321 2223 2646 2282 ἀστυπόλων
2697 2225 2923 2288 ’ἕκαστος
2954 2227 3192 2282 ἐνεπόνει
3225 2231 3294 2300 τῇ
3331 2227 3608 2299 μεταθέσει
3663 2210 3759 2280 καΞ

342 2321 657 2393 καταχώσει
679 2322 784 2372 τῶν
811 2318 1029 2386 οὐσιῶν,
1052 2320 1186 2386 ἦσαν
1218 2314 1266 2371 δ’
1294 2319 1376 2380 οἷς
1405 2315 1656 2390 ᾐρέτιστο
1681 2315 1772 2369 καὶ
1804 2316 1838 2383 ἡ
1872 2312 1929 2367 ἐκ
1958 2319 2057 2382 τῆς
2089 2312 2305 2374 πόλεως
2339 2312 2591 2391 ἅπαρσις,
2622 2315 2712 2369 καὶ
2746 2317 2822 2378 ὡς
2852 2317 3097 2378 ἑκάστοις
3128 2315 3445 2391 προύχώρει
3488 2316 3751 2384 σώζεσθαι

343 2407 662 2480 ἠπείγοντο.

419 2497 485 2570 γ’.
521 2493 670 2552 Ἰδὼν
701 2493 1143 2557 τοίνυνὸΔούκας
1175 2495 1250 2558 ὡς
1281 2491 1432 2548 οὐδὲν
1462 2490 1780 2569 ώφελεῖ,καὶ
1810 2487 1994 2551 δεδιὼς

2181 2493 2234 2547 3.
2269 2493 2459 2550 Ducas
2492 2494 2666 2564 igitur
2713 2511 2844 2550 eum
2881 2510 2942 2550 se
2976 2495 3119 2550 nihil
3172 2495 3450 2566 proﬁcere
3506 2494 3748 2560 videret,

349 2585 466 2660 ἃμα
499 2587 575 2657 μὴ
611 2583 953 2661 συλληφθείη
990 2585 1080 2640 καὶ
1115 2585 1190 2647 ὡς
1219 2583 1352 2656 ὄψον
1407 2580 1443 2651 ἤ
1473 2583 1828 2655 ἓπιτράγημα
1881 2579 2003 2641 ταῖς

345 2675 570 2749 γνάθοις
626 2678 733 2728 τῶν
792 2673 1037 2728 Λατίνων
1088 2673 1454 2747 προκείσεται,
1515 2669 1731 2725 εἲσεισιν
1772 2668 2000 2742 ἀρχεῖον

343 2765 406 2820 τὸ
471 2764 744 2838 μέγιστον.
802 2765 909 2818 Καὶ
968 2760 1034 2832 δὴ
1092 2763 1194 2830 τὴν
1259 2760 1576 2837 βασίλισσαν
1651 2757 1999 2835 Εὐφροσύνην

342 2856 446 2923 τὴν
476 2858 578 2909 τοῦ
616 2853 882 2928 βασιλέως
913 2851 1160 2922 Ἀλεξίου
1219 2856 1448 2926 γυναῖκα
1500 2848 1590 2903 καὶ
1645 2849 1742 2916 τήν
1804 2845 2004 2916 ταύτης

345 2943 612 3020 θυγατέρα
641 2940 904 2999 Εὐδοκίαν
941 2937 1228 3015 λεμϐαδίῳ
1261 2940 1574 3013 ἐνθέμενος,
1605 2939 1673 3006 ἦς
1716 2941 1794 3008 τῷ
1837 2932 1998 3009 ἔρωτι

345 3031 796 3110 προκατείληπτο
827 3029 1257 3105 ποΛυομίλητος
1316 3027 1375 3083 ἐκ
1429 3028 1655 3100 πρώτης
1684 3024 1878 3100 τριχὸς
1909 3025 2000 3079 καὶ

348 3122 619 3198 ῥυηφενής
650 3117 725 3181 εἰς
783 3118 967 3183 κοίτας
1027 3117 1373 3191 δεικνύμενος
1428 3115 1517 3169 καὶ
1565 3111 1659 3168 δύο
1690 3109 2000 3188 κουριδίους

346 3209 590 3288 ἀλόχους
649 3209 794 3282 παρά
851 3205 1005 3277 δίκην
1082 3206 1569 3280 ἀποπεμψάμενος,
1626 3211 1727 3273 τῆς
1783 3200 1999 3288 πόλεως

341 3286 522 3370 ἔξεισι,
586 3297 910 3372 βασιλεύσας
977 3300 1149 3370 μῆνας
1210 3293 1304 3351 δύο
1362 3296 1452 3350 καὶ
1510 3291 1720 3366 ἡμέρας
1778 3286 1828 3364 ἔξ
1861 3292 1995 3364 πρὸς

343 3390 460 3446 ταῖς
495 3381 639 3441 δέκα.
673 3386 781 3441 Τοῦ
814 3381 870 3438 δὲ
930 3383 1204 3458 βασιλέως
1264 3382 1406 3437 οὕτω
1460 3379 1996 3454 μεταναστεύσαντος,

345 3477 568 3528 νεανιῶν
601 3473 830 3548 ξυνωρὶς
851 3471 1134 3550 νηφαλίων
1189 3491 1248 3526 τε
1301 3471 1391 3525 καὶ
1450 3470 1682 3546 ἀρίστων
1739 3471 1808 3540 τῇ
1861 3469 1998 3521 κατὰ

341 3561 591 3633 πόλεμον
626 3560 895 3632 δεξιότητι
943 3562 995 3632 (6
1056 3560 1261 3622 Δούκας
1318 3560 1472 3614 οὗτοι
1519 3559 1608 3612 καὶ
1643 3558 1670 3611 6
1702 3557 1992 3630 Λάσκαρις,

341 3652 548 3728 ἀμφοῖν
582 3649 627 3704 δ’
658 3653 693 3720 ἡ
726 3650 925 3719 κλῆσις
983 3650 1276 3723 ὁμώνυμος
1327 3653 1407 3721 τῷ
1462 3647 1696 3722 ἀρχηγῷ
1750 3652 1850 3714 τῆς
1903 3643 1997 3698 πί-

341 3761 508 3801 στεως
553 3739 791 3814 βασιλεῖ)
861 3739 934 3800 ὡς
993 3739 1117 3812 περὶ
1168 3739 1301 3808 νηὸς
1351 3737 1761 3816 χειμαζομένης
1808 3731 1992 3808 διαφέ-

338 3851 525 3905 ρονται
559 3837 658 3897 τῆς
688 3829 891 3904 ἀρχῆς,
924 3829 1102 3903 τύχης
1154 3823 1439 3902 βραϐευμα
1495 3827 1584 3880 καὶ
1633 3829 1806 3901 φορᾶς
1860 3822 1993 3876 ἂΛο-
2023 3862 2066 3927 C

335 3921 526 3996 γίστου
580 3919 852 3991 πέττευμα
899 3919 960 3973 τὸ
1021 3916 1270 3991 μέγιστον
1333 3917 1476 3989 ὁμοῦ
1524 3914 1615 3968 καὶ
1665 3912 1989 3986 περίπυστον

339 4017 542 4084 χρῆμα
579 4009 680 4075 τὴν
733 4012 840 4061 τῶν
897 4006 1191 4078 Ῥωμαίων
1243 4003 1520 4080 βασιλείαν
1578 4004 1811 4078 ὁρῶντες
1857 4020 1989 4074 προ-

337 4099 613 4171 κείμενον.
677 4096 1032 4166 Εἱστήκεισαν
1091 4093 1182 4150 οὖν
1240 4094 1578 4169 ἀμφήριστοι
1655 4093 1744 4145 τὸν
1827 4087 1990 4165 μέγαν

337 4188 600 4248 εἰσιόντες
632 4186 785 4254 νεὼν,
818 4184 1205 4258 ἀμιλλώμενοί
1236 4204 1294 4239 τε
1352 4181 1626 4251 ἀλλήλοις
1675 4181 1761 4233 καὶ
1818 4199 1988 4252 παρα-

338 4272 706 4347 ϐαλλόμενοι,
747 4275 835 4328 καὶ
871 4272 1039 4348 μηδὲν
1068 4271 1236 4328 πλέον
1258 4273 1292 4341 ἥ
1321 4267 1543 4326 ἔλαττον
1573 4264 1818 4342 ἔχοντες,
1845 4266 1992 4321 ἀλλά

337 4372 439 4433 τῆς
475 4365 600 4436 ἴσης
633 4365 807 4440 ῥοπῆς
840 4364 1170 4436 ἀξιούμενοι,
1204 4361 1288 4416 ὅτι
1323 4359 1452 4433 μηδ’
1481 4362 1545 4428 ἦν
1590 4360 1617 4412 6
1676 4357 1923 4434 ἐλέγχων
1952 4354 1987 4426 ἢ

335 4456 426 4511 καὶ
459 4454 752 4529 ἐπικρίνων
795 4454 1062 4526 ἑκάτερον.
1106 4453 1203 4508 Ἐκ
1259 4448 1316 4505 δὲ
1371 4448 1582 4522 κλήρου
1630 4447 1691 4502 τὸ
1721 4450 1990 4522 πρωτεῖον

337 4545 585 4620 εἰληφὼς
618 4545 645 4598 ὁ
679 4544 948 4616 Λάσκαρις
978 4541 1044 4596 τὰ
1077 4541 1170 4614 μὶν
1228 4546 1327 4608 τῆς
1374 4536 1649 4613 βασιλείας
1706 4535 1767 4590 οὐ
1819 4555 1991 4609 προσ-

344 4637 454 4690 ίετο
505 4629 783 4708 σύμϐολα,
843 4631 1088 4702 συνεξιὼν
1146 4627 1202 4684 δὲ
1252 4633 1330 4701 τῷ
1383 4627 1696 4702 πατριάρχῃ
1737 4625 1874 4680 κατὰ
1928 4625 1991 4679 τὸ

339 4723 546 4782 Μίλὶον
579 4723 678 4778 οὐκ
725 4721 858 4777 ἀνίει
915 4723 1183 4794 παραινῶν
1240 4724 1358 4780 τοῖς
1416 4720 1655 4771 συνιοῦσι
1710 4714 1800 4770 καὶ
1856 4717 1990 4792 σφᾶς

341 4812 716 4868 ὑποθωπεύων
751 4811 825 4872 εἷς
859 4811 1248 4884 ἀντιμάχησιν.
1283 4805 1455 4865 Ἀλλά
1485 4807 1574 4860 καὶ
1604 4804 1730 4867 τοὺς
1751 4804 1988 4864 σείοντας

336 4903 386 4974 ἐξ
421 4898 588 4975 ὤμων
619 4904 685 4956 τά
707 4901 896 4974 ἀρεῖκά
929 4897 1150 4970 σιδήρια
1171 4897 1224 4960 ἐς
1279 4898 1370 4952 τὸν
1421 4895 1778 4971 προκείμενον
1812 4895 1989 4970 ἀγῶνα

334 4994 568 5066 πέμπων
655 4990 952 5065 ἐπώτρυνε,
1046 4990 1122 5060 μή
1183 4995 1382 5063 χρῆναι
1441 4987 1618 5062 λέγων
1693 4985 1986 5058 Ῥωμαίων

336 5078 563 5137 ἔλαττον
587 5079 823 5144 ἐκείνους
853 5080 917 5132 τὸ
947 5076 1274 5133 διολωλέναι
1304 5075 1556 5145 δεδιέναι,
1589 5077 1637 5131 si
1667 5077 1802 5152 πρὸς
1835 5075 1987 5151 γένος

335 5173 590 5247 ἓτεροντὰ
645 5169 934 5243 Ῥωμαίων
1009 5165 1606 5241 ἀνακυμϐαλισθήσεται
1670 5168 1982 5242 πράγματα·

2113 2582 2403 2652 simulque
2461 2584 2690 2639 timeret
2739 2601 2809 2638 ne
2867 2593 3072 2655 captus
3133 2591 3401 2655 paratum
3447 2585 3752 2652 opsonium

2114 2669 2363 2725 maxillis
2394 2671 2731 2726 Latinorum
2765 2677 2938 2742 esset,
2986 2673 3307 2728 maximum
3342 2671 3622 2742 palatium
3655 2673 3754 2726 in-

2110 2758 2390 2830 greditur,
2439 2764 2496 2814 et
2553 2758 2933 2831 Euphrosyna
2977 2760 3333 2829 imperatoris
3382 2759 3567 2816 Alexii
3613 2775 3752 2813 con-

2101 2849 2240 2918 juge
2268 2854 2320 2902 et
2350 2850 2474 2918 ejus
2504 2849 2625 2903 ﬁlia
2659 2850 2925 2917 Eudocia,
2977 2850 3148 2919 cujus
3206 2864 3402 2904 amore
3449 2848 3754 2904 tenebatur

2109 2937 2247 3007 (erat
2275 2938 2428 2992 enim
2463 2937 2638 2992 homo
2669 2956 2700 2992 a
2731 2938 3026 3008 pubertate
3083 2938 3437 2994 libidinosus
3485 2943 3540 2994 et
3571 2937 3747 3005 salax,

2108 3030 2162 3081 et
2193 3027 2335 3082 duas
2359 3027 2704 3097 juvenculas
2753 3042 2951 3082 uxores
3001 3044 3099 3099 per
3144 3027 3417 3098 injuriam
3475 3027 3750 3097 repudia-

2109 3116 2236 3187 rat),
2271 3114 2461 3171 lembo
2500 3115 2814 3187 impositis,
2851 3117 2994 3173 urbe
3051 3118 3362 3188 egreditur,
3413 3131 3543 3171 cum
3597 3116 3744 3172 duos

2108 3219 2340 3258 menses
2397 3212 2451 3260 et
2502 3205 2651 3260 756
2684 3204 2808 3260 dies
2865 3204 3153 3260 sexdecim
3210 3205 3575 3274 imperasset.
3611 3204 3750 3260 Post

2106 3294 2232 3364 ejus
2256 3295 2575 3350 discessum
2616 3295 2728 3349 duo
2751 3295 2992 3364 juvenes
3028 3294 3446 3350 modestissimi
3505 3298 3561 3350 et
3589 3292 3750 3349 belli-

2106 3384 2417 3453 cosissimi,
2454 3385 2636 3441 Ducas
2675 3391 2733 3441 et
2765 3384 3052 3453 Lascaris,
3088 3391 3329 3456 uterque
3386 3384 3746 3454 Theodorus,

2105 3475 2175 3530 de
2205 3475 2445 3546 imperio
2498 3484 2769 3547 tanquam
2829 3477 2900 3531 de
2933 3493 3072 3532 nave
3133 3476 3569 3546 tempestatibus
3609 3491 3746 3530 con-

2103 3565 2360 3620 ﬂictante
2420 3569 2661 3629 certant,
2716 3582 2841 3621 cum
2901 3567 3216 3620 maximam
3277 3569 3333 3619 et
3388 3564 3741 3619 celebratam

2102 3652 2262 3708 illam
2297 3671 2418 3708 rem
2453 3655 2770 3709 Romanum
2840 3654 3144 3726 imperium
3207 3654 3441 3709 fortunae
3491 3651 3741 3708 ludibrio

2102 3749 2155 3797 et
2213 3742 2414 3798 incerti
2465 3758 2631 3798 casus
2673 3743 2982 3798 temeritati
3040 3742 3401 3813 propositum
3459 3740 3737 3794 viderent.

2103 3831 2418 3886 Maximum
2453 3831 2626 3902 igitur
2655 3831 2934 3901 templum
2969 3831 3212 3900 ingressi
3261 3831 3411 3884 inter
3443 3846 3566 3884 sese
3597 3846 3743 3884 con-

2099 3919 2433 3988 tendebant,
2499 3935 2603 3974 ncc
2659 3925 2781 3974 erat
2829 3921 2928 3988 qui
2977 3920 3034 3973 in
3095 3918 3522 3988 comparatione
3575 3917 3742 3972 alteri

2101 4010 2575 4080 prmponderaret,
2604 4009 2882 4063 ambobus
2938 4009 3094 4063 Velut
3126 4009 3185 4063 in
3228 4007 3549 4079 tequilibrio
3598 4023 3738 4062 con-

2102 4097 2341 4154 stitutis.
2379 4097 2572 4168 Neque
2596 4098 2749 4152 enim
2784 4105 2901 4153 erat
2933 4097 3027 4168 qui
3061 4112 3366 4152 censuram
3428 4100 3527 4150 aut
3577 4094 3740 4166 judi-

2101 4187 2256 4244 cium
2306 4188 2542 4242 faceret.
2586 4185 2845 4242 Lascaris
2905 4193 3092 4241 tamen
3140 4204 3172 4241 a
3232 4186 3386 4242 clero
3448 4184 3736 4256 praalatus,

2101 4275 2427 4348 insignibus
2476 4275 2702 4345 imperii
2753 4275 3087 4346 repudiatis,
3122 4292 3253 4330 cum
3311 4275 3634 4346 patriarcha
3675 4273 3735 4327 in

2102 4365 2325 4420 Milium
2358 4381 2619 4433 egressus
2651 4365 3038 4420 conﬂuentem
3080 4363 3354 4435 p0pulum
3389 4363 3736 4417 blandiendo

2097 4463 2151 4510 et
2181 4455 2430 4523 rogando
2451 4454 2520 4507 ad
2555 4454 2935 4509 resistendum
2992 4453 3278 4508 cohortari
3340 4469 3452 4507 non
3489 4451 3734 4505 desiste-

2102 4544 2216 4612 bat,
2251 4550 2307 4600 et
2358 4542 2639 4599 satellites
2707 4547 2774 4598 ad
2832 4560 3082 4614 pugnam
3142 4541 3490 4596 concitabat.
3539 4540 3737 4608 Neque

2099 4635 2250 4689 enim
2280 4633 2514 4690 exitium
2543 4632 2733 4688 minus
2765 4635 2846 4690 eis
2874 4633 3195 4688 timendum
3221 4648 3348 4685 esse
3395 4646 3563 4699 quam
3625 4629 3735 4684 Ro-

2101 4723 2311 4790 manis,
2335 4724 2378 4776 si
2411 4723 2710 4790 imperium
2745 4726 2809 4776 ad
2844 4724 3010 4776 aliam
3072 4721 3359 4776 nationem
3408 4716 3735 4773 devolvere-

2097 4818 2235 4878 tur;
2296 4826 2482 4882 neque
2539 4812 2731 4879 ampla
2786 4809 3074 4878 stipendia
3130 4824 3313 4879 neque
3373 4807 3737 4876 imperatoris

2097 4902 2340 4973 stipandi
2375 4901 2649 4956 honorem
2710 4905 3058 4968 retenturus,
3092 4899 3190 4954 scd
3256 4897 3739 4952 incrcenariorum

2097 4993 2344 5047 militum
2394 4990 2518 5044 loco
2578 4989 2820 5045 futuros.
2854 4989 3070 5052 Quibus
3130 4987 3320 5043 verbis
3379 5002 3508 5041 cum
3571 5001 3738 5040 nece

2097 5081 2306 5152 populo
2336 5079 2637 5150 quisquam
2673 5086 3015 5145 moveretur,
3069 5094 3171 5132 nec
3231 5075 3577 5146 bipenniferi
3626 5074 3738 5130 nisi

2095 5167 2383 5239 stipendio
2416 5166 2700 5236 promisso
2730 5166 3009 5221 auxilium
3073 5167 3494 5236 promitterent,
3526 5178 3740 5234 urgens

338 5239 464 5319 οὐδὲ
529 5263 636 5337 γὰρ
681 5239 1145 5335 μισθοφρήσουσιν
1182 5239 1375 5313 -εἷσέτι
1427 5255 1631 5332 ἀδρῶς,
1683 5239 1806 5312 οὐδέ
1858 5255 1987 5328 γέρα

2105 5255 2235 5310 illud
2266 5254 2587 5325 periculum
2647 5253 2853 5310 callide
2894 5254 3296 5321 nundinaturi,
3347 5253 3516 5309 etiam
3574 5254 3736 5307 cata-

1706 5415 1873 5476 Hier.
1907 5414 2120 5474 Wolfii
2150 5416 2336 5473 notae.

393 5548 507 5617 (56)
565 5545 696 5603 Ταῖς
740 5537 1009 5617 χρυσέαις
1066 5537 1347 5617 χερσαίαις
1391 5537 1972 5617 ,πύλαις..[έοειξι]ιιις

324 5606 570 5694 quidem
602 5606 1304 5694 apud-Zonaram'ipucgi
1333 5609 1526 5694 πύλαι,
1561 5609 1672 5694 sed_
1695 5606 1787 5664 hic
1818 5606 1978 5690 haud

322 5682 446 5752 ἑοῖο
479 5682 900 5758 εωτὸ⁷χρυσέαι
925 5682 1204 5744 abundet.
1237 5685 1306 5744 Et
1343 5682 1517 5757 paulo
1547 5687 1682 5756 post
1729 5696 1838 5755 pro
1866 5682 1977 5730 τῶν

2091 5531 2316 5589 πολλῶν
2380 5531 2682 5604 legendum
2715 5532 2933 5587 videtur
2989 5530 3205 5599 πυλῶν,
3242 5550 3357 5589 non
3415 5531 3590 5599 vulgi,
3628 5531 3731 5586 sed

2091 5615 2264 5682 portae
2290 5608 2808 5675 prOpugnacutum.
