4120 6284
401 336 521 400 955
1724 342 2036 405 meum
2077 338 2511 402 CHONIATE
3695 354 3798 421 956

413 476 671 549 phractas
748 477 895 534 757
935 478 1265 535 Latinorum
1349 480 1613 537 cohortes
1672 497 1703 535 ιι
1737 480 2059 553 pparerent,

2180 472 2501 561 περιῴνυμα
2555 478 2656 544 τῆς
2740 470 3011 548 βασιλέων
3094 473 3342 556 φυλακῆς
3419 479 3803 561 ἀπολήψονται,

410 569 545 624 inde
575 568 827 624 discedit
856 574 913 624 et
947 570 1072 640 fuga
1104 572 1350 626 salutem
1381 570 1608 643 quaerit.

2170 561 2291 619 ἀλλ’
2315 560 2368 616 ἐν
2392 559 2519 647 αἴσῃ
2558 563 2734 637 Καρὸς
2768 564 3103 633 τετάξονται.
3162 566 3262 623 Καὶ
3313 570 3341 624 ὁ
3379 572 3472 643 μὲν
3504 573 3638 647 πρὸς
3687 559 3807 631 τούζ

417 673 535 714 τοις
566 652 655 722 ἦν·
692 654 765 715 ὡς
807 650 852 708 δ’
884 652 1006 709 οὕτε
1034 659 1130 710 τοῦ
1155 653 1264 710 λεώ
1292 677 1376 718 τις
1398 656 1507 711 τῶν
1538 660 1729 733 φωνῶν
1771 650 2148 730 ἐπεστρέφετο,
2175 649 2262 703 γαὶ
2306 647 2436 703 αὐτὸ
2468 646 2524 703 δὲ
2577 650 2638 704 τὸ
2697 650 3069 727 πελεκυφόρον
3109 652 3195 708 ἐπὶ
3230 661 3408 727 μισθῷ
3437 659 3538 726 τὴν
3570 661 3803 737 σύναρσιν

422 740 820 816 ἐπηγγέλλετο,
855 744 1121 819 ἐμπορίας
1153 746 1341 820 καιρὸν
1384 745 1640 806 ὑπούλως
1669 744 1757 800 καὶ
1796 741 2110 803 ὲπικλόπως
2166 740 2266 808 τήν
2316 739 2495 812 ἀκμὴν
2554 743 2650 793 τοῦ
2689 737 2938 796 κινδύνου
2969 744 3272 816 τιθέμενον,
3303 744 3412 817 ἤδη
3459 746 3514 803 δὲ
3543 752 3628 804 καὶ
3648 755 3807 808 κατά-

414 850 644 909 φρακτοι
679 833 965 888 Λατινικαί
999 834 1397 912 προύφαίνοντο
1430 835 1729 912 φάλαγγες,
1762 834 1961 888 ἐκεῖθεν
1998 829 2309 905 μεθίσταται
2341 829 2431 882 καὶ
2464 829 2527 883 τὸ
2558 832 2795 900 σωθῆναι
2825 836 2973 911 φυγῇ
3004 829 3327 904 διατίθησιν.

478 932 532 989 4.
565 932 763 989 Hostes
796 948 922 991 vero
952 950 1087 991 cum
1122 942 1327 1006 praeter
1381 936 1870 1008 exspectationem
1903 949 2063 990 arma

407 1028 607 1079 contra
642 1023 785 1079 ferre
844 1024 1162 1091 neminem,
1202 1026 1492 1082 neminem
1553 1026 1819 1082 resistere
1862 1039 2059 1078 cerne-

409 1118 561 1179 rent,
594 1113 792 1169 omnia
823 1112 996 1185 plana
1026 1122 1080 1170 et
1111 1114 1400 1185 expedita,
1429 1115 1768 1187 angiportus
1813 1112 2058 1186 pervios,

409 1201 578 1256 trivia
598 1206 815 1271 aperta,
850 1220 884 1258 a
916 1202 1066 1258 bello
1098 1203 1489 1270 securitatem,
1522 1202 1593 1259 ab
1653 1202 1916 1259 hostibus
1949 1201 2059 1257 uti-

410 1289 632 1345 litatem
666 1306 809 1362 esse,
846 1291 1075 1348 fortuna
1104 1295 1352 1364 quadarn
1399 1294 1644 1365 propitia
1674 1297 1732 1349 et
1763 1292 2057 1364 adjutrice,

408 1378 683 1435 omnibus
708 1396 841 1437 cum
865 1381 1131 1438 crucibus
1162 1385 1217 1437 et
1239 1384 1418 1439 sacris
1441 1382 1658 1439 Christi
1684 1380 2057 1454 imaginibus,

405 1472 465 1521 ut
515 1466 571 1522 in
605 1468 829 1539 pompis
888 1476 944 1526 et
1003 1469 1410 1528 festivitatibus
1464 1471 1643 1528 moris
1697 1478 1804 1536 est,
1835 1469 2058 1526 obviam

415 1559 862 1629 prodeuntibus,
897 1559 1043 1617 nihil
1075 1578 1141 1618 eo
1171 1574 1479 1635 conspectu
1533 1562 1793 1619 habitum
1843 1561 2062 1617 animo-

412 1662 548 1702 rum
577 1649 978 1718 immutarunt,
1003 1667 1184 1723 neque
1214 1654 1533 1710 arriserunt
1565 1652 1894 1725 paululum,
1956 1666 2062 1707 nec

410 1735 709 1817 insperato
742 1737 838 1796 illo
869 1742 1194 1812 spectaculo
1239 1743 1419 1798 tristis
1471 1746 1524 1800 et
1574 1743 1820 1799 furiosus
1861 1757 2061 1797 eorum

417 1825 674 1897 impetus
701 1828 995 1900 mitigatus
1022 1838 1129 1899 est,
1161 1834 1475 1903 quominus
1533 1849 1649 1888 non
1679 1835 1902 1889 tantum
1952 1831 2064 1900 pri-

411 1923 673 1972 vatorum
706 1919 1037 1989 pecuniam,
1086 1938 1117 1976 a
1167 1921 1453 1992 jumentis
1507 1921 1814 1993 auspicati,
1858 1920 1953 1976 sed
2005 1923 2063 1976 et

2243 925 2305 984 δ’.
2366 928 2433 986 Οἱ
2484 925 2542 982 δὲ
2590 927 2851 1003 πολέμιοι
2914 929 3117 1004 μηδένα
3171 936 3315 1009 παρὰ
3373 935 3527 1010 δόξαν
3587 941 3802 1015 ὁρῶντες

2171 1016 2540 1093 ῗῢυραχοῦντα
2588 1017 2622 1088 ἢ
2665 1019 3119 1095 ἀντεγχειροῦντά
3176 1045 3322 1103 σφισι
3384 1027 3475 1082 καὶ
3528 1029 3808 1105 ὁπλιζὸμε-

2171 1128 2280 1175 νον,
2314 1106 2440 1162 ἀλλ’
2474 1105 2636 1163 εὔοδα
2665 1108 2729 1163 τὰ
2772 1107 2822 1164 ὲν
2875 1109 3060 1181 ποσὶν,
3092 1108 3291 1168 εὔκολα
3347 1115 3414 1170 τὰ
3446 1115 3497 1171 ἐν
3530 1120 3704 1194 χερσὶ,
3752 1124 3809 1177 τὰ

2172 1197 2223 1252 ἐν
2248 1202 2547 1259 στενωποῖς
2588 1192 2910 1269 εὐδιάϐατα,
2957 1199 3024 1255 τὰ
3079 1199 3131 1255 ἐν
3181 1200 3425 1277 τριόδοις
3485 1192 3809 1282 ἀπρόσκοπα,

2169 1282 2277 1339 ἀπὸ
2327 1282 2593 1357 πολέμων
2658 1283 2979 1361 ἀσφάλειαν,
3040 1287 3146 1342 ἀπὸ
3200 1288 3488 1365 πολεμίων
3539 1294 3812 1373 ὠφέλειαν,

2168 1372 2349 1451 τύχης
2380 1373 2525 1437 τινὲς
2551 1374 2902 1451 προαγούσης
2957 1374 3217 1450 εὐμενοῦς
3273 1380 3367 1434 καὶ
3419 1380 3817 1458 συλλαμϐανού-

2172 1486 2271 1535 σης
2357 1464 2561 1526 πάντας
2619 1463 2770 1535 σφίσι
2851 1473 3229 1540 προσυπαντᾷν
3316 1470 3453 1542 μετὰ
3528 1480 3810 1551 σταυρικῶν

2171 1553 2413 1627 σημείων
2457 1553 2547 1608 καὶ
2580 1558 2791 1609 σεπτῶν
2852 1553 3096 1611 ἔκτύπων
3143 1563 3403 1632 Χριστοῦ,
3436 1561 3511 1625 ὡς
3548 1562 3597 1617 ὲν
3655 1586 3814 1636 πανη-

2172 1642 2389 1721 γύρεσιν
2419 1641 2647 1699 εἴθισται
2701 1643 2790 1699 καὶ
2847 1652 3119 1718 πομπαῖς,
3159 1647 3221 1702 οὐ
3247 1649 3388 1724 πρὸς
3418 1651 3516 1720 τὴν
3551 1648 3669 1726 ὄψιν
3714 1660 3811 1710 τῶν

2173 1733 2467 1807 ὁρωμένων
2499 1734 2601 1802 τὴν
2632 1741 2732 1804 τῆς
2791 1738 2978 1809 ψυχῆς
3035 1744 3455 1817 μετομορφοῦσι
3487 1743 3812 1815 κατάστασιν,

2174 1820 2299 1878 οὐδὲ
2353 1824 2520 1899 μέχρι
2583 1822 2821 1901 χειλέων
2875 1823 3273 1898 ἐπεμειδίασαν,
3340 1827 3468 1885 οὐδὲ
3524 1830 3808 1900 ἡᾶελπτος

2173 1911 2351 1983 ἐκείνη
2384 1909 2477 1967 Θέα
2500 1912 2563 1967 τὸ
2595 1913 2815 1987 στυγνὸν
2842 1914 2932 1968 καὶ
2984 1917 3066 1988 [Ρ.
3126 1920 3250 1991 368]
3286 1917 3559 1991 μανιῶδες
3591 1922 3802 1996 ὅρμημα

422 2004 539 2060 Deo
567 2022 729 2062 sacra
759 2008 1129 2081 impudenter
1160 2011 1499 2082 diriperent,
1530 2011 1743 2067 strictis
1807 2009 2059 2079 ensibus,

2176 1999 2266 2056 καὶ
2293 1999 2521 2076 βλέμμα
2550 2000 2628 2063 εἰς
2661 2000 2843 2056 εἲκόνα
2891 2002 3232 2078 μετέχρωσεν
3289 2005 3643 2079 ἱλαρότητος,
3701 2009 3815 2066 ἀλλ’

421 2110 602 2166 equos
631 2097 701 2151 ad
732 2098 884 2153 tubas
943 2100 1196 2155 sonitum
1228 2101 1467 2156 excitari
1525 2102 1721 2157 solitos
1775 2100 1834 2156 in
1882 2101 2058 2155 armis

419 2192 705 2245 tenentes.
748 2187 896 2249 Quid
956 2204 1088 2244 vero
1141 2188 1347 2259 primo,
1406 2191 1542 2260 quid
1602 2190 1880 2257 secundo,
1931 2190 2065 2260 quid

420 2276 587 2332 tertio
621 2276 743 2331 loco
775 2278 1017 2332 referam
1050 2294 1119 2332 ex
1143 2278 1215 2333 iis
1246 2295 1372 2349 qua:
1407 2278 1609 2334 nefarii
1663 2279 1755 2335 isti
1785 2279 1892 2333 viri
1938 2294 2062 2350 per-

422 2364 773 2436 patrarunt?
806 2365 921 2420 Heu
956 2364 1399 2436 ignominiosam
1458 2368 1880 2423 adorandarum
1916 2367 2061 2422 ima-

417 2455 614 2527 ginum
639 2454 1163 2511 conculcationem!
1199 2455 1305 2511 heu
1333 2455 1699 2526 reliquiarum
1732 2459 2063 2511 sanctorum

420 2553 737 2616 martyrum
772 2544 828 2599 in
857 2544 1006 2600 foeda
1061 2546 1184 2601 loca
1236 2545 1661 2615 abjectioneml
1711 2546 1872 2610 Quod
1933 2561 2064 2602 vero

420 2634 505 2688 vel
536 2634 732 2689 auditu
759 2634 1110 2690 horrendum
1160 2638 1264 2701 est,
1298 2635 1353 2690 id
1390 2640 1512 2691 tum
1563 2644 1684 2692 erat
1714 2649 1969 2700 cernere,
2005 2643 2063 2691 ut

423 2723 659 2778 divinus
686 2723 924 2794 sanguis
954 2731 1007 2779 et
1038 2738 1249 2794 corpus
1281 2723 1488 2779 Christi
1548 2724 1715 2780 humi
1747 2724 2065 2781 effundere-

415 2820 507 2868 tur
538 2817 595 2867 et
624 2812 986 2883 abjiceretur.
1023 2812 1127 2877 Qui
1187 2813 1335 2870 758
1394 2818 1583 2870 autem
1643 2814 1921 2884 pretiosas
1968 2829 2062 2870 eo-

413 2917 540 2957 rum
603 2902 870 2971 capsulas
929 2902 1252 2974 rapiebant,
1310 2907 1647 2959 ornamenta
1693 2919 1816 2974 qum
1875 2903 1935 2958 in
1996 2903 2066 2959 iis

412 2991 855 3047 continebantur
882 2992 943 3047 in
975 2991 1166 3047 sinum
1199 2992 1607 3063 congerebant,
1652 2993 1807 3065 ipsas
1835 2992 2063 3048 contra-

411 3090 533 3136 ctas
561 3097 660 3152 pro
693 3080 904 3152 patinis
936 3086 991 3136 et
1041 3080 1263 3152 poculis
1296 3081 1671 3154 usurpabant,
1717 3080 2063 3138 Antichristi

419 3186 820 3242 prazcursores,
853 3177 907 3225 et
939 3171 1283 3226 nefariarum
1317 3171 1442 3242 ejus
1494 3174 1785 3227 actionum
1846 3187 1968 3242 quas
2000 3170 2058 3226 in

419 3258 848 3328 exspectatione
895 3263 1035 3314 sunt
1090 3258 1352 3328 auspices
1401 3267 1457 3316 et
1505 3260 1836 3330 prmnuntii.
1887 3261 2066 3317 Plane

412 3347 664 3418 profecto
712 3364 743 3401 a
786 3355 957 3419 gente
1020 3346 1117 3402 illa
1172 3352 1318 3414 tum,
1371 3353 1431 3404 ut
1479 3358 1537 3403 et
1587 3348 1747 3417 olim,
1797 3348 2058 3405 Christus
2088 3367 2131 3434 ρ

409 3435 715 3492 exuebatnr
745 3441 801 3491 et
833 3435 1198 3506 illudebatur,
1231 3441 1289 3493 et
1317 3443 1503 3496 vestes
1547 3439 1674 3509 eius
1729 3443 1881 3495 sorte
1933 3440 2056 3494 dis-

410 3525 843 3581 tribuebantur:
879 3524 1018 3581 illud
1053 3534 1272 3582 tantum
1324 3527 1541 3596 aberat,
1576 3544 1647 3584 ne
1689 3527 1841 3584 latus
1895 3528 2058 3583 hasta

408 3617 680 3684 trajectus
743 3616 896 3670 rivos
953 3614 1132 3670 divini
1209 3615 1432 3672 cruoris
1498 3616 1659 3672 humi
1718 3617 2056 3675 effunderet.

410 3704 652 3760 Violatio
683 3720 851 3776 porro
896 3705 1137 3761 maximi
1193 3705 1394 3775 templi
1445 3722 1550 3762 nec
1603 3707 1839 3762 auribus
1876 3710 2058 3778 aequis

406 3800 593 3865 potest
618 3795 821 3864 accipi.
854 3794 994 3850 Nam
1026 3810 1189 3851 sacra
1223 3810 1423 3851 mensa
1455 3810 1528 3851 ex
1585 3796 1775 3852 omnis
1829 3796 2057 3865 generis

410 3883 673 3956 pretiosis
709 3884 958 3940 materiis
997 3883 1246 3939 conﬂata
1293 3882 1351 3939 in
1404 3883 1735 3939 excellentis
1797 3884 2055 3956 pulchri-

409 3974 622 4029 tudinis
654 3975 981 4029 varietatem
1014 3974 1294 4028 omnibus
1331 3973 1605 4044 gentibus
1634 3974 2059 4030 admirabilem-

405 4062 464 4117 in
511 4064 693 4118 frusta
750 4071 832 4117 est
861 4064 1106 4118 dissecta
1162 4070 1215 4117 et
1263 4062 1418 4117 inter
1468 4062 1680 4117 milites
1725 4063 2055 4131 distributa,

407 4159 468 4205 ut
494 4160 547 4205 et
581 4166 783 4205 omnes
822 4166 1012 4215 sacras
1042 4167 1181 4222 opes
1225 4158 1339 4205 tam
1402 4150 1699 4206 immensae
1730 4158 1785 4206 et
1842 4152 2059 4210 infiniti

406 4238 758 4310 splendoris.
791 4240 933 4295 Cum
965 4248 1153 4296 autem
1187 4245 1567 4296 sacrosancta
1590 4256 1729 4297 vasa
1759 4244 1816 4296 et
1866 4242 2059 4314 supel-

404 4328 624 4384 lectilia
678 4328 1093 4400 insuperabilis
1124 4329 1268 4384 artis
1299 4334 1358 4386 et
1404 4330 1601 4401 gratize
1642 4346 1903 4403 rarasque
1944 4348 2061 4387 ma-

407 4420 582 4487 terim,
617 4430 669 4474 et
718 4419 964 4492 probum
1013 4424 1342 4490 argentum,
1374 4419 1527 4489 quod
1589 4419 1900 4476 tribunalis
1947 4421 2061 4478 ela-

405 4509 568 4565 thros
590 4514 644 4565 et
665 4510 968 4566 umbonem
999 4509 1141 4563 artis
1181 4507 1547 4564 admirabilis
1576 4515 1629 4565 et
1663 4509 1811 4566 759
1844 4519 2057 4581 portas,

406 4608 457 4654 et
496 4599 674 4655 multa
722 4598 838 4656 alia
867 4604 1207 4655 ornamenta
1256 4597 1568 4664 ambiebat,
1605 4614 1746 4655 auro
1796 4599 2055 4657 circum-

402 4688 615 4756 fusum,
651 4706 751 4759 pro
804 4687 1094 4744 manubiis
1160 4686 1453 4742 efferenda
1510 4696 1727 4755 essent,
1790 4691 1932 4746 muli
1990 4700 2123 4801 etD

404 4777 655 4801 2.....,...ι-
694 4777 853 4801 --II:_
887 4778 1121 4801 :_-L_-n-
1179 4791 1363 4801 ...ι-..Α
1399 4775 1464 4801 -,‹1
1499 4777 1696 4801 ι-....1;
1741 4779 1900 4801 -Δ--ι-
1950 4780 2001 4801 2-

397 4777 659 4846 jumenta
693 4777 856 4833 sellis
887 4778 1126 4832 instrata
1179 4791 1364 4847 usque
1397 4775 1466 4831 ad
1499 4777 1699 4849 templi
1739 4779 1908 4850 adyta
1949 4780 2039 4834 in-

408 4869 855 4933 roducebantur,
886 4883 1134 4938 quorum
1184 4865 1465 4922 nonnulla
1504 4883 1633 4924 cum
1682 4868 1754 4924 ob
1803 4868 2053 4939 splendi-

412 4957 549 5009 dum
583 4960 638 5009 et
695 4955 978 5010 lubricum
1018 4956 1205 5010 solum
1249 4956 1490 5027 pedibus
1550 4956 1817 5012 insistere
1850 4960 2060 5031 nequi-

408 5049 557 5109 rent,
587 5044 853 5115 prolapsa
884 5045 1383 5115 confodiebantur,
1418 5050 1481 5101 ut
1534 5045 1720 5102 eﬂ‘uso
1772 5063 1975 5104 cruore
2006 5053 2064 5106 et

408 5140 660 5187 stercore
682 5149 911 5189 sacrum
947 5133 1337 5204 pavimentum
1389 5135 1815 5206 irquinaretur.
1850 5136 1975 5194 lmo
2008 5142 2065 5195 et

410 5220 753 5278 muliercula
803 5224 1084 5293 quedam,
1142 5229 1414 5296 cooperta
1464 5225 1739 5296 peccatis,
1793 5226 2059 5283 ministra

414 5309 733 5379 Furiarum,
757 5309 965 5365 ancilla
990 5310 1341 5378 daemonum,
1392 5313 1857 5371 incantationum
1898 5321 1956 5371 et
1972 5331 2063 5372 vc-

2178 2089 2543 2165 έπρονόμευον
2593 2086 2790 2160 ἀδεῶς,
2849 2092 2909 2146 ἐκ
2963 2098 3072 2148 τῶν
3107 2094 3419 2173 ὀχημάτων
3461 2100 3687 2172 πρώτως
3732 2101 3814 2176 ἀρ.

2177 2179 2421 2253 ξάμενοι,
2454 2180 2516 2235 οὐ
2545 2180 2612 2235 τὰ
2640 2184 2748 2236 τῶν
2776 2179 3003 2236 πολλῶν
3039 2182 3203 2255 μόνον
3231 2187 3526 2260 χρήματα,
3565 2186 3687 2243 ἀλλ’
3715 2186 3809 2259 ἤδη

2178 2269 2269 2324 καὶ
2301 2268 2366 2324 τὰ
2402 2273 2481 2341 τῷ
2501 2274 2619 2342 Θεῴ
2666 2269 3008 2342 ἀνακείμενα,
3062 2273 3361 2349 ξιφηφόροι
3414 2276 3623 2343 πάντες,
3654 2279 3700 2331 οἱ
3760 2274 3809 2330 δὲ

2174 2358 2265 2412 καὶ
2300 2360 2718 2432 σκεπαστηρίοις
2748 2357 2945 2420 ὅπλοις
2993 2359 3120 2422 τοὺς
3174 2363 3310 2435 πρὸς
3353 2364 3627 2441 σάλπιγγα
3680 2364 3808 2441 ἐγει-

2176 2453 2442 2522 ρομένους
2471 2446 2678 2510 ἵππους
2746 2448 2947 2503 ἑαυτῶν
3006 2452 3489 2527 περιφράττοντες.
3550 2454 3613 2512 Τί
3667 2453 3711 2510 δ’
3754 2455 3805 2511 ἄν

2172 2542 2413 2611 πρῶτον,
2445 2536 2498 2594 τί
2530 2533 2577 2591 δ’
2606 2534 2813 2602 ἔπειτα,
2857 2538 2911 2592 τί
2941 2534 2989 2592 δ’
3030 2539 3275 2594 ὑστάτιον
3340 2542 3689 2617 καταλέξαιμι
3712 2550 3807 2600 τῶν

2170 2630 2466 2695 τηνικαῦτα
2493 2623 2872 2699 τολμωμένων
2902 2628 3047 2701 παρὰ
3111 2628 3216 2682 τῶν
3270 2628 3634 2705 παλαμναίων
3686 2631 3810 2689 ἒκεί-

2172 2736 2277 2768 νων
2304 2712 2514 2792 ἀνδρῶν
2551 2735 2565 2784 ;
2605 2717 2673 2770 ’Ὠ
2730 2737 2822 2788 μοι
2864 2722 2963 2785 τῆς
3019 2716 3217 2789 ἀτίμου
3271 2724 3398 2774 τῶν
3453 2729 3808 2796 προσκυνητῶν

2174 2802 2397 2859 εἰκόνων
2455 2801 2857 2884 κατεδαφίσεως
2894 2807 2907 2861 1
2950 2801 3023 2860 ὤν
3080 2813 3180 2876 τῆς
3233 2813 3340 2863 τῶν
3418 2811 3675 2886 λειψάνων
3716 2818 3805 2867 τῶν

2175 2895 2306 2967 ὑπὲρ
2357 2895 2593 2970 Χριστοῦ
2642 2896 2932 2959 παθόντων
3011 2901 3128 2953 κατ’
3222 2896 3435 2975 ἐναγῶν
3513 2903 3804 2963 ἀκοντίσεως

2170 2984 2354 3040 τόπων
2391 2985 2403 3040 l
2436 2984 2500 3038 τὸ
2531 2981 2589 3038 δὲ
2637 2983 2907 3061 φρικῶδες
2938 2987 3028 3042 καὶ
3090 2988 3456 3062 ἀκουόμενον,
3497 2993 3564 3060 ἦν
3594 2993 3709 3067 ὁρᾷν
3755 2991 3805 3045 τὸ

2173 3078 2315 3138 θεῖον
2357 3073 2499 3145 αἷμα
2528 3074 2620 3128 καὶ
2679 3079 2843 3148 σῶμα
2901 3079 3141 3151 Χριστοῦ
3193 3078 3330 3133 κατὰ
3406 3087 3512 3156 γῆς
3571 3082 3799 3155 γεόμενον

2171 3162 2262 3218 καὶ
2296 3162 2645 3239 ῥιπτόμενον.
2682 3164 2763 3231 ,Οἱ
2814 3163 2873 3220 δὲ
2937 3166 3006 3221 τά
3054 3165 3305 3247 τιμαλφῆ
3379 3167 3573 3245 δοχεῐα
3624 3169 3794 3225 τούτων

2173 3251 2563 3327 διαρπάζοντες
2590 3252 2658 3306 τὰ
2692 3253 2784 3324 μὲν
2847 3250 3125 3329 διέθρανον
3184 3256 3273 3310 καὶ
3315 3257 3454 3320 τοὺς
3488 3257 3797 3336 ἐγκειμένους

2171 3344 2413 3415 κόσμους
2471 3341 2909 3413 ἐνεκολπίζοντο,
2940 3343 3006 3398 τὰ
3074 3341 3133 3398 δὲ
3184 3344 3261 3407 εἰς
3311 3346 3481 3402 σίτων
3549 3353 3676 3403 κανᾶ
3723 3345 3800 3401 καὶ

2168 3430 2327 3488 οἷ’νων
2379 3432 2691 3506 κεράσματα
2734 3437 2853 3493 ταῖς
2914 3434 3115 3488 ἑαυτῶν
3171 3433 3469 3508 τραπέζαις
3526 3436 3795 3512 παρέφερον

2164 3524 2216 3578 οἱ
2244 3526 2342 3578 τοῦ
2396 3521 2779 3596 Ἀντιχρίστου
2821 3520 3133 3597 πρόδρομοι
3180 3524 3268 3579 καὶ
3326 3530 3444 3582 τῶν
3502 3524 3798 3604 προσδοκῶσι

2167 3612 2343 3686 μένων
2374 3606 2695 3667 πανασεϐῶν
2754 3612 2997 3687 πράξεων
3057 3613 3266 3668 ἐκείνου
3313 3618 3662 3692 πρωτουργοὶ
3715 3615 3792 3669 καὶ

2163 3700 2524 3779 προάγγελοι.
2558 3704 2834 3778 Ἀτεχνῶς
2889 3702 3068 3758 τοίνυν
3132 3705 3235 3759 ὑπὸ
3294 3704 3459 3762 τοῦδε
3512 3711 3604 3762 τοῦ
3630 3707 3795 3782 γένους

2164 3794 2239 3853 ὡς
2289 3790 2462 3847 πάλαι
2518 3792 2653 3847 ποτὶ
2711 3792 2802 3846 καὶ
2853 3792 2981 3847 τότε
3037 3791 3430 3867 ἀπημφιάζετο
3473 3797 3689 3869 Χριστὸς
3717 3794 3792 3848 καὶ

2167 3877 2441 3956 ὑϐρίζετο,
2489 3881 2578 3935 καὶ
2640 3882 2902 3955 μερισμοὶ
2958 3878 3047 3935 καί
3087 3880 3287 3956 κλῆροι
3320 3887 3433 3939 τῶν
3482 3884 3638 3940 αὐτοῦ
3690 3885 3797 3954 ἱμα-

2161 3972 2295 4028 τίων
2332 3972 2595 4049 έγίνοντο,
2626 3970 2717 4025 καὶ
2750 3972 2919 4043 μόνον
2952 3972 3014 4026 οὐ
3049 3969 3463 4048 λογχευόμενος
3492 3976 3591 4044 τὴν
3643 3973 3793 4030 πλευ-

2166 4062 2259 4138 ρὰν
2309 4059 2601 4135 θεοῤῥύτου
2662 4059 2860 4133 ῥύακας
2909 4059 3146 4133 αἳματος
3204 4061 3280 4125 εἴς
3333 4071 3443 4139 γῆν
3508 4066 3594 4120 καὶ
3647 4061 3797 4117 πάλιν

2163 4150 2443 4221 ἀπέσταξε.
2492 4150 2566 4205 Τὰ
2644 4147 2691 4205 δ’
2731 4149 2821 4205 ἐπὶ
2868 4150 2974 4205 νεὼ
3040 4151 3137 4205 τοῦ
3198 4153 3464 4226 μεγίστου
3507 4148 3798 4225 ἠσεϐημένα

2165 4237 2289 4296 οὐδὲ
2367 4240 2555 4302 ἀκοαῖς
2615 4238 2746 4294 εἰσιν
2808 4236 3196 4314 εὖπαράδεκτα.
3282 4242 3344 4296 Ἣ
3438 4244 3531 4317 μὲν
3610 4240 3794 4315 θυωρὸς

2163 4331 2424 4403 τράπεζα,
2453 4329 2515 4384 τὸ
2565 4326 2624 4383 ἐκ
2679 4332 2866 4383 πασῶν
2920 4328 3120 4401 τιμίων
3183 4327 3329 4385 ὑλῶν
3368 4333 3604 4406 σύνθεμα
3633 4350 3793 4385 συντε-

2160 4418 2444 4494 τηγμένων
2507 4418 2636 4492 πυρὶ
2695 4414 2786 4471 καί
2867 4423 3341 4495 περιχωρησασῶν
3410 4419 3675 4491 αλλήλαις
3727 4415 3791 4477 εἷς

2163 4509 2283 4571 ἑνὸς
2322 4504 2731 4581 ποικιλοχρόου
2770 4503 3013 4568 κάλλους
3071 4502 3411 4582 ὕπερϐολὴν,
3459 4507 3677 4580 ἐξαισίου
3726 4507 3791 4575 τῷ

2164 4597 2281 4653 ὅντι
2318 4598 2407 4653 καὶ
2450 4595 2776 4670 ἀειαγάστου
2834 4598 2963 4669 παρ’
3017 4590 3219 4659 ἔθνεσιν
3270 4596 3459 4668 ἆπασι,
3517 4614 3787 4668 κατετεμα-

2166 4687 2330 4763 χίσθη
2389 4686 2480 4742 καὶ
2539 4682 2853 4759 διεμερίσθη
2912 4690 3028 4747 τοῖς
3086 4682 3429 4756 πυλευταῖς,
3489 4681 3785 4760 ὣσπερκαὶ

2157 4776 2399 4838 πλοῦτος
2432 4775 2570 4837 ἅπας
2598 4775 2625 4828 ὁ
2658 4774 2800 4847 ἱερὸς
2831 4774 2860 4828 ὁ
2906 4776 3163 4836 τοσοῦτος
3201 4773 3263 4829 τὸ
3320 4771 3536 4845 πλῆθος
3566 4773 3649 4829 καὶ
3696 4771 3785 4836 τὴν

2170 4864 2401 4941 ἆγλαὶαν
2448 4864 2768 4938 ἀπέραντος.
2828 4868 3033 4932 Δεῆσαν
3119 4859 3165 4917 δ’
3245 4862 3627 4937 ἐκκομισθῆναι
3673 4855 3787 4920 καθά

2170 4976 2290 5011 τινα
2342 4953 2514 5010 σκῦλα
2565 4953 2634 5008 τὰ
2685 4958 2897 5027 παναγῆ
2958 4953 3120 5024 σκεύη
3178 4952 3269 5006 καὶ
3308 4948 3513 5009 ἔπιπλα
3565 4951 3626 5005 τὰ
3700 4948 3782 5013 τὴν

2173 5045 2334 5119 χάριν
2392 5043 2485 5098 καὶ
2542 5043 2642 5109 τὴν
2672 5041 2872 5115 τέχνην
2902 5039 3096 5119 ἄμαχα
3134 5040 3221 5096 καὶ
3261 5042 3361 5109 τὴν
3395 5040 3531 5112 ὕλην
3589 5038 3779 5101 σπάνια,

2170 5130 2319 5189 ἀλλὰ
2350 5128 2417 5201 δὴ
2448 5130 2539 5186 καὶ
2566 5130 2629 5185 τὸ
2661 5126 2889 5203 δόκιμον
2947 5129 3201 5205 ἀργύριον
3233 5131 3261 5184 ὅ
3308 5130 3398 5185 τὸν
3431 5134 3529 5185 τοῦ
3560 5128 3781 5202 βῆματος

2172 5222 2395 5298 θριγκὸν
2428 5220 2517 5276 καὶ
2548 5219 2642 5275 τὸν
2665 5219 2783 5274 οἷον
2809 5215 3077 5290 ἐκπλῆξαι
3135 5214 3365 5291 ἅμϐωνα
3422 5221 3531 5292 (57)
3581 5215 3661 5271 καὶ
3703 5210 3783 5270 τὰς

2171 5310 2350 5374 πύλας
2379 5311 2762 5384 περιήμπισχε
2790 5307 2879 5363 καὶ
2936 5307 3013 5370 εἷς
3045 5307 3411 5382 παμπόλλους
3459 5306 3653 5366 ἄλλους
3702 5299 3781 5357 κόν

1794 5440 1960 5502 Hier.
1996 5438 2207 5501 Wolﬁi
2238 5444 2425 5501 notae.

481 5570 596 5645 (57)
646 5561 899 5649 ᾌμϐων,
946 5563 1092 5649 παρὰ
1129 5564 1217 5649 ετξ).
1264 5563 1589 5649 ἀνοᾷαίνειν,
1655 5571 1768 5649 dici
1808 5572 2055 5649 videtur,

410 5636 813 5715 locus'utiquc
845 5636 1037 5708 templi
1080 5636 1305 5711 editior,
1357 5640 1476 5697 sive
1522 5647 1889 5715 suggestum,
1936 5636 2059 5703 sive

2167 5571 2398 5645 gradus,
2433 5570 2555 5645 sive
2583 5569 2824 5645 chorus,
2852 5573 2924 5645 u_t_
2946 5567 3532 5645 vulgoappellantur,
3557 5567 3666 5622 sive
3695 5578 3781 5618 su-

2168 5639 2370 5716 perius
2400 5641 2830 5713 ambulacrum,
2863 5640 2953 5696 die
2972 5639 3315 5700 vcrkirch'en.
