4120 6284
336 340 457 405 987

1458 339 1797 404 ALEXIUS
1844 339 2105 405 DUCAS
2146 342 2658 406 MURZUFLUS.

3550 340 3555 345 ’
3632 350 3749 412 958

339 494 509 547 σμους
566 472 973 547 περιετέτηκτο,
1031 477 1222 550 χρυσῷ
1302 476 1763 551 περιτρεχόμενος
1826 471 1980 545 ἅπας,

2104 476 2439 532 neﬁciorum
2466 476 2721 544 officina,
2755 476 3297 535 Christoinsultans
3328 482 3388 537 et
3418 479 3473 536 in
3501 481 3751 554 patriar-

337 562 566 639 ἠμίονοί
594 584 653 619 τε
709 563 798 618 καὶ
863 564 1133 641 ὓποξόγια
1188 563 1489 640 σεσαγμένοι
1523 561 1693 639 μέχρι
1722 568 1839 618 τῶν
1869 560 2002 618 ἀδό-

333 674 439 709 των
501 652 782 727 εἰσήγοντο
822 652 920 707 τοῦ
970 653 1094 720 νεὼ,
1133 653 1205 707 ῶν
1252 650 1368 708 ἓνια
1400 650 1808 724 διωλισθηκότα
1868 649 1996 725 μηδ’

339 739 425 796 ἐπὶ
473 738 658 796 ποδῶν
707 748 897 811 στῆναι
954 738 1224 815 δυνάμενα
1282 738 1371 796 διὰ
1420 741 1517 810 τὴν
1570 746 1677 797 τῶν
1726 738 1995 796 ἐπιπέδων

337 829 505 894 λίθων
560 829 926 901 στιλπνότητα
988 829 1291 908 μαχαίραις
1347 829 1894 900 ἐξεκεντήθησαν,ὡς
1939 828 2000 883 ἐκ

331 926 428 989 τῆς
461 924 572 975 τῶν
605 916 870 996 χολάδων
898 922 1108 992 κόπρου
1158 921 1248 974 καί
1281 922 1379 974 τοῦ
1425 917 1796 994 προχυθέντος
1826 919 1997 992 αἳμα-

331 1030 423 1073 τος
475 1010 539 1064 τὸ
592 1010 733 1064 θεῖον
786 1007 1128 1082 μολυνθήναι
1189 1006 1440 1066 δάπεδον.
1474 1007 1653 1068 Ἀλλᾶ
1692 1009 1783 1064 καὶ
1812 1030 1996 1085 γυναι-

338 1099 526 1176 κάριόν
571 1121 630 1156 τε
686 1097 1086 1175 σεσωρευμένον
1142 1100 1453 1176 ἀμαρτίαις,
1496 1099 1788 1176 Ἐριννύων
1835 1101 1997 1170 ζάκο-

336 1210 453 1265 ρον,
497 1185 775 1262 δαιμόνων
829 1186 1171 1264 πρόσπολον,
1232 1186 1487 1264 ἀρρήτων
1516 1209 1576 1244 τε
1606 1192 1872 1265 γοητειῶν
1905 1189 1996 1243 καὶ

337 1276 647 1354 ἔπιῤῥήτων
735 1275 959 1352 ἐπῳδῶν
1059 1276 1443 1355 ἐργαστήριον,
1528 1283 1993 1355 καταπρηνιᾶσαν

332 1363 591 1442 Χριστοῦ,
668 1365 756 1423 ἐπὶ
821 1371 919 1423 τοῦ
1013 1364 1305 1442 συνθρόνου
1374 1365 1565 1438 ἷζῆσαν
1631 1365 1996 1443 κεκλασμένον

336 1455 514 1535 ἀφῆκε
539 1455 731 1531 μέλος,
754 1457 840 1512 καὶ
871 1454 1149 1518 πολλάκις
1172 1454 1518 1532 περιδινηθὶν
1549 1456 1625 1518 εἰς
1658 1455 1892 1533 ὄρχησιν
1911 1455 1991 1511 τὼ

335 1546 470 1606 πόδε
493 1545 909 1622 παρενεσάλευε.
945 1546 1050 1603 Καὶ
1088 1545 1151 1601 οὗ
1179 1543 1348 1602 ταῦτα
1381 1547 1475 1619 μὶν
1503 1547 1765 1621 ἠνομεῖτο
1796 1545 1993 1614 οὕτως,

334 1635 481 1695 ἄλλα
523 1633 570 1692 δ’
620 1633 708 1709 οὔ,
755 1636 791 1707 ἢ
837 1634 1014 1691 ἐκεῖνα
1063 1635 1157 1710 μὶν
1209 1633 1297 1690 ἐπὶ
1347 1632 1538 1707 πλέον,
1571 1634 1647 1698 εἷς
1681 1633 1727 1690 δ’
1768 1629 1992 1691 ἔλαττον

332 1723 510 1801 ἕτερα,
537 1723 662 1782 ἀλλ’
687 1721 1037 1800 ὁμοθυμαδὸν
1066 1725 1242 1780 πάντα
1272 1724 1424 1798 παρά
1454 1724 1666 1780 πάντων
1691 1725 1995 1801 ἀνωσιουρ-

335 1822 484 1892 γεῖτο
534 1819 622 1891 [Ρ.
654 1816 801 1908 369]_
827 1812 894 1869 τὸ.
935 1814 1296 1908 παναθέμιτα.
1346 1810 1570 1908 ξΙάνυδ
1622 1811 1990 1908 ἃνᾼέφείσαντᾲο
2022 1841 2070 1908 Β

330 1909 598 1983 γυναικῶν
633 1900 882 1959 εὐλαϐῶν
940 1903 1028 1958 καὶ
1088 1903 1291 1977 κορίων
1352 1899 1638 1978 ἐπίγὸίμων
1687 1901 1722 1973 ἢ
1772 1903 1879 1957 τῶν
1911 1906 1990 1975 τῷ

334 1999 448 2067 Θεῷ
497 1992 865 2065 ἀνακειμένων
915 1991 1005 2047 καὶ
1051 1992 1394 2067 παρθενεύειν
1442 1991 1719 2067 ἑλομένων
1773 1992 1825 2046 οἱ
1855 1992 1992 2047 κατᾶ

332 2088 439 2140 τῶν
482 2082 639 2138 θείων
699 2080 841 2137 οὕτω
899 2078 1283 2152 λυττήσαντες.
1344 2081 1467 2138 Ἐπὶ
1527 2085 1688 2136 πᾶσιν
1747 2078 1987 2157 ἐργῶδες

331 2179 393 2247 ἦν
427 2175 518 2232 καὶ
560 2171 912 2249 δυσμήχανον
946 2172 1008 2227 τὸ
1042 2172 1380 2245 μειλίξασθαι
1434 2170 1618 2235 λιταῖς
1666 2173 1702 2244 ἢ
1748 2170 1984 2227 ἐλεεινο-

332 2264 550 2343 λογίαις
593 2262 959 2339 ὑπαγαρέσθαι
1021 2263 1274 2316 ὁπωσοῦν
1331 2260 1421 2316 καὶ
1462 2258 1643 2316 εὔνουν
1703 2260 1885 2325 θέσθαι
1924 2260 1987 2316 τὸ

335 2348 633 2430 βάρϐαρον,
677 2350 821 2406 οὕτω
869 2351 965 2423 μὲν
1015 2349 1404 2425 εὐπαρόξυντον
1454 2345 1536 2420 ὅν,
1583 2348 1726 2404 οὕτω
1760 2347 1806 2404 δ’
1837 2349 1983 2425 ἐρευ-

331 2440 562 2517 ξέχολον
596 2434 835 2516 ἀκριϐῶς
867 2440 1002 2511 πρὸς
1051 2443 1221 2492 πᾶσαν
1283 2438 1453 2509 ἀκοήν
1482 2435 1769 2509 ἀθέλητον.
1804 2437 1988 2493 Πάντα

333 2530 375 2586 δ’
444 2529 684 2606 ἐκρίνετο
752 2532 927 2602 θυμοῦ
999 2525 1407 2601 ὑπεκκαύματα,
1473 2524 1750 2583 καὶᾶνοιαν
1806 2524 1986 2604 ὠφλί-

332 2642 486 2676 σκανε
542 2618 631 2675 καὶ
689 2617 889 2694 γέλων.
950 2618 1054 2674 Καὶ
1107 2617 1181 2677 ὡς
1231 2616 1332 2685 τήν
1378 2615 1629 2691 γλῶτταν
1664 2615 1984 2690 ἀταμίευτος

330 2709 721 2780 ἒπεπλήττετο,
752 2705 804 2762 ἐν
844 2703 1082 2767 πολλοῖς
1116 2702 1172 2760 δὲ
1209 2705 1300 2759 καὶ
1328 2705 1390 2759 τὸ
1421 2702 1799 2784 παραξιφίδιον
1835 2704 1983 2783 εἶχεν

325 2798 408 2855 ἐπ’
442 2797 614 2854 αὐτὸν
668 2798 956 2870 σπώμενον
989 2796 1016 2850 ὁ
1058 2795 1148 2850 καὶ
1209 2795 1403 2870 μικρὸν
1455 2795 1720 2851 ἀντειπὼν
1765 2796 1801 2864 ἢ
1843 2794 1981 2868 πρὸς

326 2888 392 2944 τὰ
424 2889 648 2961 θυμήρη
708 2885 886 2961 σφίσιν
945 2881 1338 2958 ἀναδυόμενος.
1395 2885 1552 2942 *Ὀθεν
1612 2884 1679 2954 ἦν
1710 2885 1785 2946 εἰς
1817 2883 1980 2939 πόνον

329 2979 506 3032 ἅπασα
558 2974 793 3055 κεφαλὴ,
851 2973 906 3029 ἐν
964 2994 1261 3036 στενωποις
1319 2974 1505 3049 θρῆνοι
1563 2972 1654 3029 καὶ
1708 2972 1834 3029 οὐαὶ
1889 2972 1978 3028 καὶ

324 3066 623 3140 κλαυθμοὶ,
657 3065 708 3121 ἐν
741 3062 981 3138 τριόδοις
1040 3061 1300 3140 ὀδυρμοὶ,
1358 3063 1411 3119 ἐν
1462 3068 1611 3125 ναοῖς
1644 3063 1976 3144 ὀλοφυρμοὶ,

319 3154 531 3231 ἀνδρῶν
565 3152 830 3230 οἷμωγαὲ,
886 3159 1152 3231 γυναικῶν
1214 3151 1500 3228 ὀλολυγαὶ,
1560 3153 1852 3227 ἑλκυσμοὶ,
1887 3153 1976 3207 ἀν-

317 3242 708 3321 δραποδισμοὶ,
768 3240 1108 3316 διασπασμοί
1161 3264 1221 3298 τε
1270 3244 1359 3298 καὶ
1423 3243 1648 3317 βιασμοὶ
1701 3242 1970 3317 σωμάτων

317 3338 565 3412 συναιρῶν
621 3333 905 3408 πρότερον.
966 3331 1029 3385 Οἱ
1086 3336 1166 3404 τῷ
1218 3331 1362 3407 γένει
1414 3332 1604 3406 σεμνοὶ
1635 3333 1845 3406 ἀτίμως
1876 3353 1974 3390 πε-

320 3424 561 3500 ριῄεσαν,
594 3423 644 3477 οἱ
704 3426 785 3493 τῷ
842 3423 989 3498 γήρᾳ
1042 3421 1259 3496 γεραροὶ
1320 3420 1527 3496 γοεροὶ,
1588 3421 1639 3476 οὶ
1713 3420 1971 3477 πλούσιοι

318 3513 583 3568 ἀνοῦσιοι.
644 3510 831 3571 Οὕτως
890 3510 945 3566 ἐν
1017 3508 1323 3581 πλατείαις,
1385 3510 1561 3573 οὕτως
1617 3509 1671 3566 ἐν
1726 3514 1972 3588 γωνίαις,

321 3601 497 3663 οὕτως
529 3600 581 3654 ἐν
614 3597 916 3674 τεμένεσιν,
970 3599 1143 3662 οὕτως
1201 3598 1252 3654 ἐν
1310 3597 1684 3656 καταδύσεσιν’
1717 3598 1844 3656 οὐδὲ
1871 3602 1972 3677 γὰρ

321 3691 386 3761 ἦν
413 3711 499 3753 τις
528 3688 697 3753 τόπος
743 3688 1154 3762 ἀνεξερεύνητος
1201 3687 1237 3758 ἢ
1290 3686 1515 3744 ἀσυλίαν
1553 3694 1670 3752 τοῖς
1701 3710 1975 3766 προσρυο-

2106 565 2228 620 οὶιω
2259 564 2406 622 solio
2438 567 2751 622 considens
2792 568 3044 623 fractum
3097 571 3391 625 cantioum
3437 572 3668 640 cecinit,
3699 579 3754 628 et

2106 670 2259 726 saepe
2308 654 2363 709 in
2420 656 2621 710 orbem
2681 660 2868 711 rotata
2925 658 3176 713 saltavit.
3212 662 3406 731 Neque
3458 677 3592 717 vero
3631 660 3752 717 hazc

2107 743 2593 814 admittebantur,
2645 744 2759 799 alia
2809 762 2923 800 non
2979 747 3475 817 admittebantur;
3505 754 3606 805 aut
3637 751 3753 807 haec

2105 833 2434 901 remissius,
2496 833 2597 889 illa
2636 835 3079 892 vehementius:
3142 841 3239 892 sed
3295 855 3411 894 uno
3459 854 3752 896 consensu

2104 924 2304 980 omnia
2334 941 2569 979 summa
2600 925 2818 981 scelera
2849 930 2907 981 et
2933 925 3161 997 piacula
3191 930 3466 987 omnibus
3499 946 3567 986 ex
3589 946 3750 1001 aequo

2106 1013 2306 1068 studio
2339 1019 2520 1069 erant.
2556 1020 2642 1069 An
2675 1031 2807 1071 vero
2836 1014 2916 1069 illi
2950 1019 3231 1072 matronis
3263 1017 3529 1075 honestis
3558 1025 3615 1075 et
3638 1038 3747 1075 nu-

2104 1102 2321 1159 bilibus
2365 1102 2574 1174 puellis
2607 1104 2843 1160 autDeo
2886 1106 3240 1161 consecratis
3289 1106 3616 1180 virginibus
3648 1126 3747 1181 pe-

2102 1191 2440 1265 percissent,
2502 1193 2602 1265 qui
2641 1196 2862 1250 tantam
2930 1196 2987 1250 in
3031 1195 3220 1266 ipsum
3274 1200 3455 1251 Deum
3524 1198 3744 1255 rabiem

2101 1281 2534 1337 exercuerunt?
2564 1282 2723 1338 Nihil
2753 1288 2947 1338 autem
2975 1289 3100 1339 erat
3122 1284 3425 1341 difficilius
3458 1290 3517 1342 et
3546 1301 3750 1357 opero-

2102 1369 2227 1427 sius
2281 1386 2457 1443 quam
2496 1371 2767 1442 precibus
2801 1370 3027 1429 mollire
3076 1378 3132 1429 et
3162 1374 3473 1430 benevolos
3505 1376 3748 1432 reddere

2104 1460 2389 1516 Barbaros
2421 1459 2564 1516 adeo
2582 1460 2917 1528 iracundos,
2947 1462 3090 1518 adeo
3116 1461 3295 1518 bilem
3321 1469 3655 1521 evomentes
3670 1465 3744 1521 ad

2102 1548 2345 1622 quodvis
2377 1548 2664 1619 ingratum
2711 1550 2977 1618 verbum,
3034 1556 3100 1606 ut
3142 1551 3288 1609 nihil
3334 1569 3446 1608 non
3486 1554 3742 1611 furorem

2101 1654 2304 1694 eorum
2361 1637 2772 1696 inﬂammaret.
2836 1641 2987 1696 760
3046 1641 3208 1706 Quod
3257 1642 3359 1712 qui
3402 1643 3745 1716 conabatur,

2103 1735 2169 1786 ut
2199 1746 2403 1787 amens
2435 1738 2488 1786 et
2520 1731 2694 1787 homo
2726 1730 2940 1804 linguis
2968 1733 3411 1804 intemperantis
3438 1734 3743 1792 derideba-

2100 1821 2218 1875 tur.
2251 1819 2413 1893 Saepe
2459 1820 2638 1876 etiam
2698 1821 2873 1894 pugio
2925 1821 3324 1894 stringebatur
3374 1824 3432 1879 in
3477 1839 3608 1880 eum
3643 1825 3744 1896 qui

2100 1907 2405 1982 paululum
2439 1909 2841 1981 refragabatnr
2867 1916 2968 1966 aut
2995 1912 3287 1984 postulata
3315 1929 3514 1968 eorum
3549 1914 3747 1970 detre-

2097 1998 2314 2054 ctabat.
2366 1999 2563 2068 Itaque
2610 2015 2779 2055 nemo
2811 1998 3006 2057 luctus
3034 2005 3159 2055 erat
3204 2018 3430 2072 expers.
3481 2002 3541 2057 In
3588 2002 3746 2075 angi-

2097 2086 2302 2157 portis,
2335 2085 2394 2142 in
2427 2087 2635 2156 triviis,
2672 2087 2727 2142 in
2753 2089 2986 2160 templis
3018 2089 3282 2161 querelae,
3321 2090 3747 2157 ﬂetus,lamen—

2096 2177 2371 2244 tationes,
2425 2176 2719 2249 planctus,
2789 2180 3047 2234 virorum
3096 2180 3373 2251 gemitus,
3429 2180 3740 2239 mulierum

2094 2264 2370 2336 ejulatus,
2421 2265 2831 2333 lacerationes,
2886 2277 3111 2337 stupra,
3161 2268 3551 2340 captivitates,
3591 2286 3737 2326 con-

2089 2353 2606 2423 junctissimorum
2652 2354 3031 2411 divulsiones.
3074 2355 3306 2411 Nobiles
3329 2374 3462 2413 cum
3489 2357 3742 2430 ignomi-

2094 2441 2212 2511 nia,
2270 2442 2341 2496 ob
2392 2451 2688 2498 senectam
2741 2444 3099 2500 venerabiles
3156 2443 3487 2517 lacrymosi,
3537 2445 3744 2502 divites

2092 2530 2330 2603 spoliati
2389 2533 2559 2588 bonis
2611 2534 3027 2591 circumibant.
3085 2535 3177 2590 Sic
3209 2535 3267 2590 in
3314 2536 3546 2608 plateis,
3579 2537 3743 2594 sicin

2090 2620 2349 2691 angulis,
2382 2621 2466 2676 sic
2497 2621 2551 2675 in
2588 2621 2845 2693 templis,
2891 2621 2975 2677 sic
3007 2622 3065 2677 in
3107 2623 3406 2695 speluncis
3434 2625 3737 2696 agebatur.

2088 2709 2204 2765 Nec
2233 2709 2389 2764 enim
2419 2711 2572 2765 ullus
2594 2709 2757 2766 locus
2790 2711 3135 2767 inexcussus
3172 2713 3613 2785 relinquebatur
3639 2718 3740 2770 aut

2088 2797 2387 2869 supplices
2429 2799 2795 2854 defendebat.
2834 2799 3044 2855 Omnia
3097 2801 3313 2873 ubique
3344 2801 3517 2857 malis
3543 2803 3734 2858 omni-

2089 2888 2197 2944 bus
2263 2888 2474 2944 referta
2496 2894 2681 2956 erant,
2720 2890 2869 2946 Deus
2901 2884 3322 2959 immortalem,
3368 2897 3584 2964 quanta
3618 2893 3731 2949 ho-

2087 2977 2310 3033 minum
2336 2978 2573 3033 afﬂictio
2603 2978 2863 3051 lquantae
2886 2980 3170 3051 angustia;
3199 2980 3211 3035 ι
3240 2980 3505 3038 fremitus
3532 2983 3735 3051 maris,

2086 3065 2226 3123 solis
2275 3067 2628 3139 obscuratio,
2679 3074 2924 3124 cruenta
2976 3068 3131 3124 lunae
3183 3070 3382 3139 facies,
3426 3070 3732 3130 stellarum

2083 3156 2451 3224 exorbitatio,
2509 3157 2604 3213 ubi
2636 3160 2706 3229 ﬁet
2761 3158 3056 3230 quomodo
3106 3158 3227 3215 haec
3267 3159 3415 3215 mala
3459 3177 3735 3231 praenun-

2084 3246 2356 3302 tiarunt?
2387 3247 2697 3303 Enimvero
2729 3248 3230 3306 abominationem
3264 3251 3642 3321 desolationis
3673 3252 3731 3308 in

2081 3334 2207 3393 loco
2255 3341 2458 3394 sancto
2506 3342 2661 3394 stare
2716 3338 2992 3409 vidimus,
3059 3338 3382 3396 meretricis
3434 3357 3737 3398 sermones

2082 3429 2334 3485 rotundo
2369 3446 2467 3485 ore
2508 3447 2609 3500 pro
2627 3430 2924 3498 ferentem,
2959 3436 3016 3486 et
3046 3435 3252 3488 caetera
3296 3434 3406 3488 etsi
3435 3450 3548 3488 non
3581 3433 3738 3504 peni-

2083 3521 2181 3573 tus
2217 3519 2360 3574 781
2427 3518 2665 3587 similia,
2697 3524 2892 3575 tamen
2953 3520 3012 3575 in
3046 3521 3398 3576 contrarium
3453 3538 3735 3577 conversa

2085 3604 2159 3663 iis
2180 3624 2306 3680 quae
2332 3608 2486 3680 apud
2527 3608 2886 3665 Christianos
2920 3609 3166 3666 honesta
3194 3614 3253 3665 et
3300 3609 3565 3681 religioni
3592 3625 3734 3666 con-

2088 3701 2364 3752 sentanea
2395 3695 2760 3765 judicantur.

315 3783 501 3855 μένοις
533 3777 935 3854 παρεχόμενος,
966 3775 1114 3833 ἀλλά
1142 3778 1313 3833 πάντα
1343 3783 1627 3854 πανταχοῦ
1666 3778 1877 3834 πάντων
1928 3785 2108 3835 κακῶν
2165 3775 2378 3854 ἔμπλεα
2437 3781 2526 3850 ἦν.
2568 3784 2773 3857 Χριστέ
2827 3782 3051 3859 βασιλεῦ
3081 3790 3182 3853 τῆς
3215 3783 3336 3839 τότε
3366 3781 3608 3859 θλίψεως
3638 3787 3731 3839 καὶ

312 3877 411 3940 τῆς
445 3874 691 3943 συνοχῆς
720 3872 828 3923 τῶν
867 3866 1165 3941 ἀνθρώπων
1195 3867 1208 3923 l
1241 3867 1269 3922 6
1302 3864 1350 3921 δ’
1379 3867 1523 3943 ἦχος
1574 3869 1602 3922 6
1648 3869 1960 3938 θαλάττιος,
2011 3870 2039 3924 6
2091 3864 2149 3925 δὲ
2193 3873 2289 3924 τοῦ
2337 3870 2503 3939 ἡλίου
2534 3874 2841 3946 σκοτασμὸς
2880 3872 2971 3926 καὶ
3001 3875 3034 3942 ἡ
3071 3874 3329 3950 ζόφωσις,
3362 3875 3396 3942 ἡ
3431 3869 3488 3928 δὲ
3515 3879 3617 3942 τῆς
3643 3894 3729 3928 σε-

318 3956 496 4029 λήνης
531 3957 606 4018 εἰς
640 3957 781 4029 αἷμα
814 3957 1182 4035 μεταστροφὴ,
1228 3956 1281 4010 οἱ
1312 3953 1368 4010 δὲ
1398 3960 1503 4011 τῶν
1537 3955 1774 4032 ἀστέρων
1805 3952 2032 4033 ἔξεδροι,
2067 3958 2176 4028 ὅπη
2209 3958 2299 4013 καὶ
2322 3958 2471 4021 ὃπως
2501 3960 2565 4013 οὐ
2591 3960 2657 4014 τὰ
2679 3959 2963 4016 τελευταῖα
2987 3957 3114 4016 τάδε
3143 3961 3279 4015 κατά
3306 3964 3724 4036 προεσήμηναν;

316 4048 506 4104 Καίτοι
538 4047 602 4101 τὸ
637 4044 921 4121 βδέλυγμα
958 4051 1057 4115 τῆς
1087 4044 1421 4120 ἐρημώσεως
1452 4046 1777 4120 τεθεάκαμεν
1832 4046 1998 4109 ἑστὼς
2057 4045 2108 4102 ἐν
2157 4047 2314 4119 τόπῳ
2370 4045 2504 4122 ἁγίῳ
2544 4049 2635 4103 καὶ
2665 4050 2897 4125 πορνικὰ
2930 4048 3315 4126 στρογγυλίζον
3353 4050 3602 4126 λογάρια,
3635 4051 3728 4106 καὶ

313 4135 498 4194 τᾶλλα
528 4136 625 4191 κᾶν
661 4138 736 4208 μή
770 4134 990 4203 ἐπίπαν,
1022 4132 1151 4189 ἀλλ’
1182 4133 1241 4189 ἐκ
1268 4137 1365 4190 τοῦ
1397 4130 1554 4205 δῆθεν
1617 4130 1923 4209 μεταϐάντα
1977 4136 2111 4210 πρὸς
2157 4136 2221 4192 τὸ
2271 4135 2643 4219 ἀντίστροφον,
2675 4136 2772 4194 ὅσα
2818 4139 2964 4214 παρᾶ
2992 4139 3410 4216 Χριστωνῦμοις
3436 4141 3606 4215 σεμνὰ
3636 4141 3727 4196 καὶ

311 4227 405 4282 τὸν
433 4232 537 4295 τῆς
562 4224 792 4286 πίστεως
824 4221 992 4300 λόγον
1020 4223 1435 4299 έξευγενίςοντα.

384 4314 630 4383 Τοιαῦθ’,
662 4313 736 4375 ὡς
785 4310 846 4367 ἐκ
893 4309 1124 4367 πολλῶν
1176 4310 1387 4387 βραχέα
1416 4307 1604 4366 δοῦναι
1634 4315 1703 4386 τῇ
1733 4311 1968 4389 ἱστορίᾳ,

2151 4316 2281 4372 Haec
2309 4333 2492 4390 pauca
2523 4318 2593 4373 de
2624 4317 2829 4375 multis
2871 4319 3337 4376 Occidentalium
3366 4320 3720 4377 exercituum

309 4406 363 4460 οἱ
396 4403 446 4474 ἐξ
477 4401 738 4477 Ἑσπέρας
798 4399 1018 4476 στρατοὶ
1071 4400 1207 4455 κατὰ
1261 4406 1365 4470 τῆς
1420 4402 1655 4475 Χριστοῦ
1695 4399 1971 4477 κληρονο-

2091 4406 2137 4461 in
2175 4405 2393 4463 Christi
2416 4407 2811 4463 hereditatem
2844 4409 3085 4477 scelera,
3119 4409 3221 4480 qui
3252 4425 3391 4482 erga
3422 4410 3718 4465 neminem

315 4493 444 4569 μίας
477 4492 958 4567 παρηνομήκασιν,
1020 4488 1101 4545 ἐπ’
1159 4486 1338 4544 οὐδενί
1367 4493 1477 4544 τῶν
1509 4486 1657 4544 ὅλων
1687 4489 1750 4544 τὸ
1782 4488 1971 4567 φιλάν-

310 4586 534 4657 θρωπον
608 4577 988 4652 ἐνδειξάμενοι,
1060 4575 1206 4634 ἄλλα
1269 4576 1471 4640 πάντας
1539 4578 1972 4648 ἀποξενώσαντες

313 4669 624 4748 χρημάτων
653 4668 744 4723 καὶ
785 4665 1102 4741 κτημάτων,
1154 4665 1474 4739 οἰκημάτων
1513 4687 1571 4722 τε
1609 4665 1696 4721 καὶ
1730 4665 1970 4741 ἐσθημά-

306 4782 440 4831 των,
516 4757 606 4813 καὶ
688 4754 920 4831 μηδενὸς
991 4759 1100 4812 τῶν
1173 4756 1386 4811 πάντων
1468 4752 1787 4831 μεταδόντες
1859 4762 1971 4819 τοῖς

301 4845 521 4926 ἔχουσι,
569 4852 740 4903 ταῦτα
796 4848 823 4902 ὁ
875 4844 1120 4922 χαλκοῦς
1160 4845 1367 4921 αὐχὴν,
1414 4847 1449 4917 ἡ
1493 4845 1707 4916 ἀλαζὼν
1737 4847 1900 4926 φρὴν,
1931 4848 1966 4916 ἡ

307 4941 446 5015 ὁρθή
509 4937 768 5014 ὀφρὺς,ὴ
800 4934 883 4990 ἀεὶ
941 4935 1178 5009 ξυριῶσα
1234 4936 1321 4990 καὶ
1377 4935 1828 5009 νεανισκευομένη
1861 4956 1967 4990 παο

310 5028 453 5104 ρειᾶ,
478 5029 513 5096 ἡ
542 5023 876 5104 φιλαίματος
917 5020 1081 5097 δεξιὰ,
1128 5025 1162 5091 ἡ
1213 5024 1527 5100 ἀκρόχολος
1570 5024 1676 5101 ῥὶν,
1709 5026 1737 5080 6
1765 5025 1964 5099 μετέω-

312 5138 410 5192 ρος
479 5112 786 5194 ὀφθαλμὸς,
854 5115 888 5182 ἡ
957 5109 1238 5184 ἄπληστος
1303 5114 1520 5191 γνάθος,
1596 5115 1631 5184 ἠ
1700 5111 1966 5191 ἄστοργος

306 5205 532 5283 γνώμη,
582 5205 618 5272 ἡ
670 5202 807 5274 τορὴ
865 5200 955 5256 καὶ
1010 5200 1265 5277 τροχαλή
1320 5201 1489 5259 λαλιά
1542 5202 1634 5258 καὶ
1668 5204 1833 5277 μόνον
1866 5200 1964 5256 οὐκ

304 5290 696 5370 ἐπορχοομένη
755 5293 872 5351 τοῖς
926 5288 1163 5364 χείλεσι,
1220 5288 1432 5364 μᾶλλον
1466 5288 1523 5346 δὲ
1569 5292 1621 5346 οἱ
1681 5293 1806 5367 παρ’
1837 5291 1964 5344 ἑαυ-

297 5387 421 5444 τοῖς
454 5379 818 5453 έπιστήμονες
875 5378 963 5433 καὶ
1011 5378 1190 5457 σοφοὶ,
1239 5380 1290 5433 οἱ
1344 5376 1560 5455 εὔορκοι
1589 5381 1677 5435 καὶ
1711 5376 1959 5455 φιλαλη-

301 5485 419 5537 θεις
461 5470 553 5525 καὶ
603 5467 971 5543 μισοπόνηροι
1026 5467 1118 5521 καὶ
1172 5472 1282 5521 τῶν
1350 5469 1590 5541 Γραικῶν
1622 5470 1783 5542 ἡμῶν
1816 5466 1961 5521 εὐσε-

301 5556 555 5636 ϐέστεροί
586 5577 644 5612 τε
687 5554 774 5611 καὶ
818 5551 1147 5628 δικαιότεροι
1201 5555 1290 5610 καὶ
1331 5560 1439 5612 τῶν
1496 5560 1742 5632 Χριστοῦ
1773 5554 1960 5611 διατα-

299 5648 535 5730 γμάτων
595 5644 833 5730 φύλακες
888 5641 1284 5725 ἀκριϐέστεροι,
1333 5645 1396 5703 τὸ
1437 5644 1494 5704 δὲ
1540 5644 1732 5720 πλέον,
1765 5646 1817 5701 οἱ
1864 5645 1960 5700 τὸν

2078 4495 2446 4552 humanitate
2497 4496 2587 4552 usi
2642 4514 2843 4554 omnes
2912 4499 3178 4570 pecunia,
3232 4497 3725 4569 possessionibus,

2080 4584 2462 4652 vestimentis,
2495 4587 2606 4642 aris
2628 4591 2685 4642 et
2728 4586 2872 4643 focis
2910 4587 3256 4659 spoliarunt,
3289 4602 3394 4641 nec
3426 4603 3718 4658 possesso-

2081 4674 2244 4729 ribus
2277 4674 2600 4745 quidquam
2656 4675 3083 4747 impertierunt,
3133 4674 3341 4731 litteris
3387 4676 3723 4731 mandanda

2080 4777 2203 4817 esse
2251 4764 2470 4819 censui.
2540 4763 2801 4820 Haecine
2844 4763 3061 4819 collum
3145 4780 3382 4832 aereum,
3434 4763 3722 4834 superbus

2080 4851 2332 4916 animus,
2387 4858 2678 4907 arrectum
2757 4852 3164 4924 supercilium,
3211 4851 3542 4922 juveniliter
3598 4869 3727 4908 rasa

2081 4938 2336 5005 maxilla,
2372 4940 2749 5010 sanguinaria
2797 4941 3017 5008 dextra,
3053 4941 3338 4998 iracunda:
3382 4959 3573 5013 nares,
3605 4941 3725 4999 ela-

2078 5032 2175 5084 tus
2197 5026 2422 5095 oculus,
2472 5028 2862 5085 inhumanum
2894 5030 3221 5104 ingenium,
3269 5033 3520 5089 rotunda
3550 5035 3607 5087 et
3637 5031 3722 5086 in-

2078 5118 2254 5174 citata
2293 5117 2526 5190 loquela
2576 5136 2642 5175 ac
2675 5124 2901 5175 tantum
2952 5138 3069 5176 non
3120 5122 3344 5178 saltans
3397 5122 3457 5177 in
3495 5120 3667 5177 labiis
3697 5119 3725 5175 ?

2077 5207 2194 5262 imo
2216 5207 2429 5277 potius,
2461 5224 2561 5264 vos
2580 5209 2681 5281 qui
2708 5214 2899 5265 vestra
2917 5210 3191 5281 opinione
3208 5212 3383 5279 docti,
3404 5211 3722 5283 sapientes,

2078 5293 2298 5363 ﬁdeles,
2330 5311 2584 5367 veraces,
2631 5298 2812 5369 probi,
2853 5299 3024 5355 nobis
3068 5299 3285 5356 Graecis
3334 5299 3720 5368 religiosiores

2071 5383 2351 5456 justiores
2403 5389 2459 5438 et
2511 5392 2925 5457 praeceptorum
2986 5389 3202 5445 Christi
3254 5387 3723 5445 observantiores

2075 5472 2216 5528 estis
2274 5468 2399 5540 (ego
2459 5488 2592 5529 vero
2624 5474 2745 5530 haec
2795 5492 3101 5546 nunquam
3146 5494 3246 5548 per
3294 5474 3613 5531 ludibrium
3658 5477 3718 5529 et

2069 5563 2269 5633 jocum
2303 5556 2549 5616 dixerim
2586 5579 2599 5619 :
2652 5580 2787 5620 nam
2819 5566 2974 5637 quod
3022 5564 3134 5621 luci
3178 5582 3309 5621 cum
3341 5562 3598 5621 tenebris
3629 5566 3720 5617 est

2074 5645 2561 5724 commercium?)
2616 5656 2673 5708 et
2722 5656 2873 5725 quod
2938 5656 3128 5726 majus
3185 5658 3294 5720 est,
3337 5651 3436 5724 qui
3483 5663 3715 5706 crucem
