4120 6284
441 358 560 425 939
1758 358 2065 421 NICETE
2107 359 2525 423 CHONIATJ
3702 368 3813 430 960

443 494 656 552 Christi
696 494 755 550 in
812 493 1092 549 humeros
1150 491 1482 549 sustulistis
1514 509 1761 565 eamque
1810 493 2070 549 etdivina

2200 493 2425 567 σταυρὸν
2455 490 2537 549 ἐπ’
2563 490 2730 567 ὤμων
2785 490 3069 569 ἀράμενοι,
3108 490 3198 549 καὶ
3260 490 3530 558 πολλάκις
3558 497 3687 553 κατὰ
3710 498 3822 554 τοῦ-

447 584 683 641 oracula
714 599 866 655 saepe
896 582 1088 638 testati
1140 582 1281 636 estis
1320 598 1421 637 vos
1464 582 1822 638 Christianas
1862 584 2063 654 provin

2199 602 2296 637 του
2326 582 2414 638 καὶ
2448 588 2552 638 τῶν
2586 584 2742 639 θείων
2785 581 2993 661 λογίων
3040 582 3442 658 ἐπομοσάμενοι
3474 589 3553 660 [Ρ.
3589 587 3705 662 370]
3735 590 3819 653 τὰς

445 675 567 729 ciae
599 676 745 729 citra
766 672 1115 744 sanguinem
1142 671 1519 738 transituros,
1552 688 1653 726 nec
1685 673 1752 727 ad
1793 674 2072 729 dexteran

2206 672 2300 745 μὲν
2330 677 2438 728 τῶν
2473 674 2874 752 χριστωνύμων
2898 676 3087 750 χώρας
3117 673 3403 749 παρελθεῖν
3434 674 3712 749 ἀναιμωτὶ,
3747 682 3812 753 μὴ

451 781 557 820 nec
582 765 649 818 ad
680 764 879 818 laevam
926 762 1311 831 declinantes,
1346 762 1446 817 sed
1501 767 1703 818 contra
1743 763 2078 819 Sarracenot

2200 762 2621 836 προσνεύσαντες
2724 765 2977 838 ἀριστερα
3063 761 3189 838 μηδ’
3266 764 3600 826 ἐκκλίναντες
3671 764 3820 839 δεξιὰ,

446 868 705 909 armasse
739 868 968 919 manus,
1001 867 1322 922 eorumque
1354 853 1647 924 sanguine
1682 853 1831 909 762
1873 854 2073 908 tinctu.

2199 851 2335 905 κατὰ
2364 848 2420 907 δὲ
2452 852 2817 926 Σαρῥακηνῶν
2848 850 3071 907 ὁπλίσαι
3113 854 3209 914 τὰς
3254 858 3445 928 χεῖρας
3500 855 3585 909 καὶ
3617 854 3679 909 τὰ
3707 855 3818 933 ξίφη

449 959 544 998 ros
575 958 703 997 esse
732 940 976 1013 gladios,
1009 941 1107 1011 qui
1142 940 1542 1014 Hierosolyma
1573 944 1970 1014 expugnastis,
1996 960 2069 1015 qu

2200 945 2566 1018 πορφυρῶσαι
2621 947 2738 1003 τοῖς
2798 939 3018 1014 αἵμασιν
3074 939 3128 997 οἵ
3186 943 3284 1009 τὴν
3344 941 3697 1016 Ἰερουσαλὴμ
3748 943 3820 1015 ἐξ.

445 1051 548 1090 vos
578 1031 1003 1089 consuetudine
1026 1037 1083 1087 et
1131 1030 1418 1101 colloquio
1468 1029 1780 1087 mulierum
1814 1036 2072 1102 tempera

2201 1030 2531 1105 επόρθησαν,
2568 1028 2699 1103 μηδ’
2746 1029 3091 1105 ἀνδρίσασθαι
3133 1033 3366 1107 γυναιξὶν
3399 1033 3433 1101 ἢ
3464 1033 3580 1087 καθ’
3619 1033 3819 1106 ὁμιλίαν

448 1128 613 1179 turos
681 1123 1056 1195 promisistis,
1124 1120 1383 1191 quandiu
1443 1136 1673 1175 crucem
1723 1121 1780 1176 in
1839 1121 2075 1176 humeri:

2200 1118 2386 1180 αὐταῖς
2441 1119 2712 1184 συνελθεῖν
2771 1119 2850 1192 ἐφ’
2900 1122 3030 1176 ’ὅσον
3089 1121 3146 1176 ἂν
3216 1123 3412 1195 χρόνον
3468 1122 3558 1176 τὸν
3619 1122 3821 1196 σταυρὸν

452 1215 727 1285 tuleritis,
761 1219 825 1269 ut
855 1218 969 1269 Deo
1019 1216 1387 1267 consecratos
1428 1211 1723 1266 viatores?
1771 1210 2079 1283 Nugatorel

2203 1206 2518 1281 ἰπωμάδιον
2572 1211 2832 1288 φέρωσιν,
2907 1212 2982 1273 ὡς
3062 1210 3379 1286 ἡγνισμένοι
3436 1215 3549 1282 Θεῷ
3600 1210 3685 1266 καὶ
3734 1214 3820 1281 τὴν

451 1321 550 1362 cos
582 1321 711 1360 esse
762 1303 930 1376 plane
961 1305 1190 1357 constat
1236 1299 1358 1372 qui,
1413 1301 1554 1355 dum
1607 1301 1867 1355 divinum
1905 1300 2070 1371 sepul

2201 1299 2369 1352 αὐτοῦ
2438 1299 2659 1375 πορείαν
2721 1299 3097 1373 στελλόμενοι.
3153 1301 3359 1362 Ὄντως
3416 1298 3698 1375 λογοποιοὶ
3758 1300 3827 1370 ἐξ·

450 1410 613 1449 crum
645 1392 964 1459 vindicant,
1022 1391 1327 1445 manifeste
1373 1394 1576 1444 contra
1616 1390 1905 1444 Christum
1938 1389 2077 1444 insa-

2201 1388 2525 1467 εφάνθησαν,
2576 1387 2798 1443 καὶτοῦ
2849 1389 2993 1453 θείου
3039 1388 3203 1466 τέφου
3264 1386 3520 1467 διφῶντες
3569 1385 3818 1460 ἐκδίκησιν

454 1483 707 1549 nierunt,
757 1486 814 1537 et
861 1498 993 1536 cum
1039 1495 1208 1535 cruce
1258 1493 1485 1535 crucem
1536 1478 1826 1534 violarunt
1882 1483 1939 1535 et
1992 1478 2081 1534 de-

2200 1477 2337 1532 κατᾶ
2367 1477 2603 1552 Χριστοῦ
2657 1474 2957 1552 προδήλως
3018 1476 3345 1548 ἐλύττησαν,
3403 1479 3492 1532 καὶ
3529 1479 3655 1550 μετὰ
3679 1499 3824 1533 σταυ-

454 1574 816 1640 struxerunt,
862 1585 1034 1640 quam
1073 1568 1328 1623 humeris
1376 1566 1739 1639 bajulabant,
1782 1568 1922 1622 dum
1965 1583 2081 1623 eam

2209 1571 2306 1641 ροῦ
2335 1567 2434 1634 τὴν
2483 1570 2581 1621 τοῦ
2628 1570 2860 1641 σταυροῦ
2913 1565 3209 1622 κατάλυσιν
3262 1567 3622 1639 ἡνομήκασιν,
3653 1566 3706 1622 δν
3733 1568 3830 1623 έπι-

452 1661 645 1731 exigui
677 1660 804 1715 auri
834 1665 890 1714 et
921 1658 1142 1730 argenti
1189 1674 1367 1712 causa
1399 1664 1530 1713 ante
1570 1658 1743 1728 pedes
1775 1656 2079 1726 abjiciuut:

2205 1657 2399 1709 νώτιον
2431 1649 2643 1731 ἔφερον,
2701 1658 2893 1710 τοῦτον
2952 1657 3060 1729 πρὸ
3116 1653 3302 1711 ποδῶν
3347 1655 3549 1719 τιθέναι
3599 1657 3669 1729 μὴ
3703 1657 3832 1733 φρίτ·

452 1757 505 1804 et
527 1750 667 1804 dum
695 1748 1037 1820 margaritas
1060 1746 1365 1818 colligunt,
1389 1746 1702 1817 pretiosam
1719 1747 2079 1818 margaritam

2208 1765 2383 1808 τοντες
2416 1742 2505 1798 διὰ
2550 1743 2776 1819 χρυσίον
2835 1743 3016 1819 βραχὺ
3064 1745 3154 1799 καὶ
3204 1743 3493 1822 άγγύριον.
3526 1745 3625 1802 Καὶ
3656 1766 3835 1822 μαργα-

449 1839 741 1895 Christum
793 1839 1152 1906 abiecerunt,
1213 1837 1271 1889 in
1321 1834 1746 1890 sordidissimis
1787 1834 1991 1890 bestiis
2033 1851 2076 1890 rt

2206 1834 2355 1909 ρίτας
2411 1832 2894 1907 έγκολπιζόμενοι,
2963 1834 3054 1889 τὸν
3136 1832 3451 1907 πολύτιμον
3522 1835 3833 1911 μαργαρίτην

443 1927 814 1987 sanctissima
848 1927 1134 1997 dispersa.
1187 1925 1312 1982 Non
1337 1925 1417 1978 ita
1448 1924 1709 1979 fecerunt
1742 1923 2052 1979 Ismaelitze

2204 1922 2436 1998 Χριστὸν
2492 1924 2813 1993 ἡθετήκασι,
2894 1927 3013 1984 τοῖς
3086 1921 3464 1998 ἐναγεστάτοις
3528 1928 3632 1978 τῶν
3693 1924 3829 1994 ζώων

447 2018 544 2072 sed
579 2016 887 2087 poputares
910 2016 1164 2069 istorum
1208 2011 1667 2068 clementissime
1700 2020 1752 2067 et
1785 2011 2074 2067 humanis-

2212 2012 2294 2067 τὸν
2326 2011 2729 2089 παναγέστατον
2763 2010 3188 2088 διασπείραντες.
3223 2014 3294 2069 O't
3328 2010 3375 2066 δ’
3417 2012 3468 2082 ἐξ
3499 2013 3719 2086 Ἰσμαὴλ
3746 2013 3839 2088 οὐχ

444 2105 593 2159 sime
618 2110 963 2168 tractarunt,
1017 2102 1179 2174 potiti
1221 2101 1659 2172 Hierosolymis.
1711 2100 1909 2172 Neque
1934 2101 2071 2156 enin

2215 2102 2400 2172 οὕτως,
2438 2101 2523 2156 ὅτι
2559 2103 2634 2174 μὴ
2666 2101 2756 2156 καὶ
2810 2103 2948 2156 πάνυ
2980 2100 3387 2180 φιλανθρώπως
3441 2107 3530 2157 καί
3577 2104 3842 2177 προσηνῶς

442 2195 670 2250 Latinas
720 2201 1013 2248 matronas
1055 2192 1367 2260 violarunt,
1419 2207 1611 2262 neque
1651 2191 1863 2247 Christi
1889 2191 2069 2264 sepul-

2213 2196 2317 2253 τοῖς
2351 2190 2410 2246 ἐκ
2441 2195 2537 2245 τοῦ
2592 2191 2783 2266 γένους
2841 2191 3018 2246 αὐτῶν
3076 2192 3561 2266 προσηνέχθησαν,
3591 2198 3686 2260 τῆς
3716 2192 3840 2246 Σιὼν

445 2300 610 2341 crum
644 2283 1025 2341 cadaveribus
1077 2282 1495 2353 cpplcverunt;
1540 2297 1725 2352 neque
1758 2282 2072 2352 ingressun

2214 2280 2648 2357 ιατιοχθῖισαντες.
2706 2278 2846 2338 Οὕτε
2893 2280 2996 2356 γὰρ
3048 2281 3259 2356 γυναιξὶ
3316 2281 3592 2336 Λατινίσιν
3640 2280 3841 2356 έπεχρε-

444 2372 638 2429 vitalis
668 2373 881 2428 tumuli
919 2373 1262 2427 descensum
1295 2371 1365 2424 ad
1415 2370 1657 2439 inferos,
1690 2386 1879 2442 neque
1913 2370 2071 2426 vitam

2214 2371 2448 2441 αέτισαν,
2483 2369 2607 2425 οὗτε
2648 2370 2712 2424 τὸ
2758 2373 3003 2446 Χριστοῦ
3060 2373 3321 2444 κενήριον
3377 2366 3727 2444 πολυάνδριον
3756 2390 3841 2423 πε-

448 2466 717 2530 mortem,
747 2477 934 2530 neque
974 2460 1454 2516 resurrectionem
1482 2460 1718 2515 ruinam
1748 2460 2075 2526 effecerunt,

2209 2460 2406 2515 πόντων
2435 2454 2662 2530 ἔδειξαν,
2695 2456 2827 2514 οὐδὲ
2890 2456 3121 2523 κάθοδον
3180 2457 3233 2521 ἒς
3295 2457 3433 2532 ᾇδου
3475 2461 3575 2529 τήν
3603 2461 3727 2534 πρὸς
3753 2460 3836 2513 τὸν

447 2555 546 2608 sed
580 2552 786 2624 paucis
820 2551 1012 2605 aureis
1043 2551 1101 2605 in
1133 2549 1368 2621 singula
1398 2551 1589 2620 capita
1619 2548 1877 2605 contenti
1907 2548 2074 2604 omnii

2203 2549 2491 2625 ζωηφόρον
2553 2549 2720 2624 τάφον
2777 2544 3007 2615 εἴσοδον,
3068 2546 3193 2602 οὐδὲ
3250 2548 3483 2604 θάνατον
3541 2549 3634 2616 τήν
3681 2548 3830 2619 ζωήν,

445 2642 551 2698 bus
653 2642 898 2696 liberum
1006 2640 1309 2695 arbitrium
1390 2638 1801 2709 permiserunt,
1885 2642 2072 2693 center:

2204 2632 2325 2691 οὐδὲ
2378 2641 2582 2690 πτῶσιν
2641 2636 2739 2704 τὴν
2797 2636 3108 2707 ἀνάστασιν,
3169 2637 3488 2710 ἁπαξάπασι
3555 2634 3600 2691 δ’
3653 2634 3831 2697 ἀνέντες

447 2731 820 2803 quantumvis
871 2728 1055 2785 multa
1113 2727 1549 2800 possessoribus
1606 2742 1958 2783 concessere.
2020 2731 2074 2783 EI

2196 2727 2295 2795 τὴν
2332 2720 2513 2796 ἔξοδον
2573 2726 2852 2802 χρυσίνοις
2912 2727 3131 2800 ἀριθμῷ
3183 2728 3307 2781 κατ’
3374 2724 3541 2802 ἄνδρα
3598 2725 3823 2804 βραχέσιν

443 2819 549 2875 hoc
584 2819 754 2875 modo
783 2817 1000 2875 Christi
1035 2821 1469 2888 oppugnatores
1491 2831 1626 2869 cum
1670 2815 1887 2871 Latinis
1910 2813 2070 2870 aliam

2197 2814 2468 2894 άφώριξον
2527 2815 2594 2870 τὰ
2653 2815 2918 2891 ζωάγρια,
2974 2815 3041 2869 τὰ
3093 2814 3261 2871 λοιπᾶ
3325 2822 3444 2878 τοῖς
3501 2814 3824 2888 κεκτημένοις

444 2908 783 2981 religionem
847 2905 1259 2977 proﬁtentibus
1317 2909 1597 2976 egerunt;
1658 2908 1714 2958 et
1770 2909 1834 2958 ut
1873 2918 2071 2974 magnt

2197 2906 2479 2978 παρέντες,
2510 2902 2605 2958 κᾶν
2662 2906 2876 2978 ψάμμῳ
2930 2904 3065 2972 ἦσαν
3124 2922 3436 2980 παρομοια.
3489 2904 3593 2961 Καὶ
3620 2900 3819 2960 τοιῶσδε

444 2998 639 3053 animo
686 2997 929 3068 dignum
965 3003 1071 3064 est,
1123 3011 1227 3049 nec
1262 2993 1430 3059 ferro,
1468 3008 1570 3048 nec
1602 2992 1741 3063 igni,
1767 3008 1872 3048 nec
1917 2993 2065 3046 fame

2203 2994 2296 3067 μὶν
2328 2995 2390 3049 τὸ
2421 2994 2810 3069 Χριστομάχον
2840 2998 2955 3055 τοῖς
3005 2993 3370 3058 ἂλλοπίστοις
3406 2995 3646 3056 Λατίνοις
3675 2994 3816 3068 έχρή-

448 3086 598 3141 763
644 3102 748 3140 nec
799 3084 1218 3154 persecutione,
1273 3098 1379 3137 nec
1411 3081 1674 3136 nuditate
1729 3081 1789 3136 in
1824 3097 1922 3136 eos
1954 3089 2075 3135 sunt

2199 3104 2352 3152 σατο,
2388 3084 2464 3157 μὴ
2497 3082 2665 3160 ξίφος,
2705 3085 2778 3156 μή
2812 3087 2939 3159 πῦρ,
2995 3084 3070 3156 μὴ
3130 3079 3323 3156 λιμὸν,
3362 3087 3438 3157 μή
3475 3083 3724 3161 διωγμὸν,
3753 3082 3813 3154 μὴ

442 3177 714 3249 grassati,
749 3173 910 3229 nullo
944 3172 1205 3243 graviore
1238 3188 1411 3227 onere
1446 3171 1735 3242 imposito.
1767 3170 2069 3227 Nobiscum

2197 3173 2537 3248 γυμνότητα,
2602 3173 2679 3245 μή
2740 3172 3141 3246 συντρίμματα,
3214 3174 3289 3245 μή
3363 3173 3632 3247 πιέσματα
3690 3190 3819 3244 μεγα-

442 3269 635 3319 autem
686 3264 783 3319 isti
833 3261 1049 3317 Christi
1105 3266 1391 3328 amantes,
1442 3260 1705 3330 ejusdem
1762 3260 2060 3332 religionis

2200 3260 2464 3336 λοψόχως
2515 3259 2693 3340 σφίσιν
2752 3260 3055 3334 ἐπενεγκόν·
3120 3263 3255 3334 ἡμῖν
3301 3259 3353 3316 δ’
3409 3260 3627 3325 ἒκεινως
3677 3260 3733 3315 τὸ
3758 3279 3827 3336 φι-

442 3351 599 3408 nulla
666 3350 888 3422 injuria
944 3349 1217 3419 lacessiti,
1278 3349 1361 3405 sic
1417 3353 1663 3421 egerunt
1716 3354 1780 3405 ut
1838 3348 2069 3405 brevitei

2202 3348 2495 3425 λόχριστον
2553 3350 2645 3405 καὶ
2702 3346 2972 3423 ὁμόδοξον
3038 3352 3600 3424 προσενήνεκται,ὡς
3650 3347 3829 3424 ἐπιτρέ-

439 3439 856 3512 percurrimus.

2205 3459 2383 3514 χοντες
2448 3439 2690 3513 εἴπομεν,
2750 3435 2891 3512 μηδὲ
2981 3438 3301 3514 έπεγκαλεῖν
3388 3438 3636 3515 ἀδίκημα
3697 3433 3832 3512 ἕχον-

511 3622 564 3675 5.
598 3619 642 3675 Ο
667 3618 822 3687 urbs,
848 3617 1249 3686 urbs,urbium
1280 3616 1544 3673 omnium
1562 3615 1744 3680 ocule,
1760 3632 1862 3688 per
1882 3617 2083 3672 orbem

2243 3550 2266 3583 ε
2304 3573 2316 3586 .

2207 3550 2237 3584 τ
2267 3551 2327 3674 ξ’.
2357 3619 2426 3672 Ὠ
2466 3616 2656 3686 πόλις,
2697 3617 2863 3681 πόλις
2900 3615 3117 3673 πόλεων
3156 3622 3344 3673 πασῶν
3392 3620 3657 3694 ὁφθαλμὶ.
3697 3615 3833 3672 ἄκουε

440 3715 729 3765 terrarum
760 3707 1027 3777 celebris,
1087 3704 1491 3778 spectaculum
1540 3704 2058 3761 ultramundanum

2197 3730 2306 3782 σμα
2379 3708 2740 3783 παγκότμιον,
2818 3720 2992 3782 θεαμα
3071 3705 3467 3785 ὑπερκὸσμιον,
3543 3707 3824 3780 ἐκκλησιῶν

442 3798 826 3854 Εςειοείειιιυῐη
860 3797 1063 3863 Mater,
1100 3797 1369 3868 princeps
1402 3793 1715 3868 religionis,
1754 3797 1921 3849 recte
1952 3810 2069 3849 sen-

2191 3798 2458 3878 γαλουχὲ,
2487 3801 2721 3860 πίστεως
2766 3797 3005 3874 ἀρχηγὶ,
3056 3795 3379 3872 όρθοδοξίας
3411 3797 3631 3875 ποδηγὲ,
3661 3799 3817 3870 λόγων

439 3888 627 3943 tentias
660 3889 796 3957 dux,
828 3886 1177 3943 eruditionis
1218 3886 1483 3950 alumna,
1531 3883 1723 3940 omnis
1757 3883 2066 3955 pulchritu-

2198 3887 2444 3960 μέλημα,
2502 3885 2677 3942 καλοῦ
2725 3888 2924 3950 παντὸς
2982 3884 3344 3959 ἐνδιαίτημαί
3410 3888 3455 3943 ὢ
3488 3891 3521 3958 ἡ
3556 3887 3612 3943 ἐκ
3656 3886 3821 3962 χειρὸς

439 3979 594 4034 diuis
626 3978 1028 4045 diversorium,
1059 3981 1215 4033 itane
1263 3993 1329 4031 ex
1370 3990 1543 4030 manu
1578 3974 1811 4029 Domini
1842 3973 2066 4029 calicen

2195 3976 2395 4050 Κυρίου
2424 3976 2486 4031 τὸ
2516 3978 2613 4030 τοῦ
2644 3979 2821 4049 θυμοῦ
2868 3978 3065 4030 πιοῦσα
3113 3977 3411 4049 ποτήριον,
3443 3973 3487 4031 ὦ
3518 3980 3551 4047 ἡ
3582 3973 3817 4053 γενομένη

440 4068 650 4123 furoris
710 4066 951 4123 bibisti?
1005 4066 1162 4121 itane
1196 4082 1327 4133 pars
1383 4063 1657 4119 exstitisti
1708 4062 1860 4133 ignis
1902 4062 2067 4117 multt

2198 4066 2367 4139 πυρὸς
2429 4065 2584 4137 μερὶς
2642 4063 2841 4136 πολλῷ
2897 4059 3333 4140 δραστικωτέρου
3362 4071 3466 4121 τοῦ
3496 4060 3822 4121 καταιϐασίου

437 4156 887 4211 vehementioris
942 4171 1009 4209 eo
1054 4170 1165 4225 quo
1223 4153 1361 4208 olim
1425 4150 1755 4220 Pentapolis
1801 4150 2064 4205 divinitul

2194 4154 2363 4210 πάλαι
2396 4154 2568 4229 πυρὸς
2598 4153 3004 4223 πενταπόλεώς,
3061 4153 3113 4209 τί
3174 4158 3512 4231 μαρτυρήσω
3570 4173 3684 4222 σοι;
3736 4151 3821 4206 τίνι

440 4242 872 4314 conﬂagravit?
910 4244 1211 4307 Quodnam
1236 4242 1341 4295 tibi
1371 4240 1627 4295 tribuam
1659 4238 1961 4310 elogium?
1988 4254 2067 4292 cu:

2194 4245 2457 4318 ὁμοιώσω
2522 4263 2629 4312 σε;
2688 4244 2773 4299 ὃτι
2832 4242 3179 4319 ἐμεγαλύνθη
3239 4248 3508 4321 ποτήριον
3560 4236 3821 4317 συντριὸῆς

440 4340 496 4388 te
528 4348 861 4404 comparem
888 4331 916 4385 ’ἲ
938 4348 1009 4388 an
1045 4329 1322 4403 populum
1354 4328 1720 4385 contritionis
1742 4332 1851 4382 tua)
1877 4327 2067 4397 ampli-

2192 4354 2310 4402 σου,
2362 4332 2624 4405 Ἱερεμίας
2681 4332 2843 4408 φησὶν
2895 4332 2922 4386 ὀ
2979 4329 3313 4409 φιλόδακρυς
3361 4336 3462 4404 τήν
3503 4333 3666 4388 πάλαι
3697 4328 3817 4384 Σιὼν

438 4424 675 4478 ﬁcatum
735 4437 885 4489 esse,
943 4426 1007 4476 ut
1066 4422 1425 4491 lacrymosus
1499 4415 1782 4471 Jeremias
1830 4420 2065 4472 veterea

2190 4421 2551 4495 κοπτόμενος.
2587 4421 2744 4483 Τίνες
2805 4421 3095 4477 κακοποιοὶ
3155 4418 3415 4495 δυνάμεις
3473 4417 3734 4497 ᾐτήσαντό
3769 4436 3816 4471 σε

440 4512 677 4567 Sionem
706 4509 1017 4583 deplorans
1052 4508 1176 4563 ait?
1206 4507 1308 4572 Qui
1342 4504 1481 4560 mali
1519 4504 1669 4574 genii
1703 4504 1771 4559 ad
1814 4504 2067 4561 cribran-

2189 4512 2279 4565 καὶ
2312 4506 2508 4566 ἔλαϐον
2568 4510 2644 4572 εἷς
2700 4509 2936 4565 συνίασιν
2965 4529 2978 4579 ;
3035 4510 3181 4571 τίνες
3241 4508 3543 4586 ἀλάστορες
3590 4504 3814 4587 φθονεροὶ

2261 4600 2276 4621 ‘
2356 4600 2370 4621 ’
2459 4600 2500 4621 7‘
2732 4597 2777 4621 δέ
2805 4600 2816 4621 1
2938 4619 2977 4621 ,ν
3098 4603 3145 4621 νην
3217 4599 3231 4621 Ι
3491 4600 3506 4621 9
3635 4600 3810 4621 λένῃ-μ..

434 4611 570 4667 dum
594 4606 1034 4681 efflagitarunt?
1084 4607 1185 4678 qui
1214 4606 1515 4671 alastores,
1563 4602 1745 4657 invidi
1780 4606 1838 4657 et
1868 4602 2061 4671 implal

2187 4600 2277 4655 καὶ
2346 4600 2658 4673 ἀμείλικτοι
2729 4597 2984 4673 δαίμονες
3074 4599 3261 4673 κῶμόν
3332 4622 3420 4656 σοι
3487 4600 3809 4669 ἐπεκώμασαν

434 4701 651 4755 cabiles
685 4703 999 4763 daemones,
1034 4693 1336 4752 ebrietatis
1367 4693 1427 4748 in
1458 4695 1514 4747 te
1548 4707 1659 4748 sua
1700 4690 2061 4761 intemperie:

2188 4686 2374 4765 ἄγριον
2433 4690 2469 4759 ἢ
2537 4693 2672 4764 γοῦν
2737 4689 2981 4764 ἀνάρσιοι
3046 4688 3137 4744 καὶ
3207 4687 3498 4762 μανιώδεις
3566 4688 3799 4761 Τελχῖνες

438 4790 814 4845 eifuderunt?
861 4790 958 4861 qui
992 4786 1188 4843 infesti
1220 4790 1279 4840 et
1319 4783 1509 4839 insani
1552 4782 1705 4852 proci
1751 4783 2065 4837 thalamum

2188 4775 2433 4834 παστάδα
2494 4780 2589 4851 μὲν
2650 4781 2750 4833 οὐκ
2806 4776 3116 4851 ἐπλέξαντο,
3168 4776 3287 4832 οὐδ’
3342 4778 3552 4853 ἀνῆψάν
3590 4798 3669 4832 σοι
3698 4770 3810 4844 δᾷδα

442 4878 547 4932 tibi
596 4895 710 4933 non
760 4879 1205 4943 concinnarunt,
1250 4889 1354 4929 nec
1388 4873 1566 4927 facem
1617 4871 1933 4942 nuptialem
1976 4871 2069 4927 sed

2190 4869 2494 4943 γαμήλιον,
2554 4865 2977 4943 ἀφανιστηρίους
3041 4863 3089 4920 δ’
3154 4865 3443 4922 ἀνέκαυσαν
3526 4866 3804 4941 ἄνθρακαςς

439 4965 720 5021 carbones
736 4965 997 5020 exitiales
1023 4961 1458 5019 incenderunt?
1479 4963 1523 5015 Ο
1547 4960 1791 5014 fecunda
1806 4960 2066 5031 genitrixj

2192 4953 2237 5009 ὢ
2268 4958 2302 5025 ἡ
2335 4955 2648 5030 πολύγονος
2674 4956 2764 5010 καὶ
2800 4955 2996 5030 βύσσον
3041 4955 3132 5009 καὶ
3161 4955 3441 5033 πορφύραν
3489 4949 3807 5027 ἠμφίεσμένη

440 5054 612 5124 bysso
636 5059 692 5108 et
720 5067 976 5125 purpura
1008 5050 1381 5122 imperatoria
1409 5049 1622 5104 amicta
1653 5048 2067 5119 pridem,modc

2194 5047 2280 5118 [P.
2319 5046 2441 5118 37t]
2477 5042 2776 5119 βασιλειον,
2809 5044 3006 5118 πιναρὰ
3029 5041 3075 5099 δ’
3096 5042 3295 5116 ἀρτίως
3320 5044 3409 5098 καὶ
3438 5040 3716 5119 αὐχμηροί,
3735 5041 3810 5093 καὶ

437 5140 669 5196 sordida
700 5146 755 5195 et
785 5140 1069 5210 squalida,
1105 5145 1162 5195 et
1193 5139 1481 5209 germanis
1525 5137 1728 5192 orbata
1759 5136 1957 5192 liberis
1992 5137 2003 5191 ι
2037 5139 2064 5192 (

2192 5131 2419 5189 πολλῶν
2469 5138 2650 5189 κακῶ)
2696 5132 3041 5209 κληροῦχος,
3090 5133 3182 5187 καὶ
3230 5132 3429 5189 τέκνων
3470 5136 3573 5187 τῶν
3603 5125 3810 5205 γνησίων

439 5230 655 5299 pridem
688 5231 744 5284 in
770 5229 887 5284 alto
918 5226 1060 5282 solio
1108 5227 1407 5294 collocata,
1453 5225 1644 5296 longis
1676 5231 1734 5279 et
1774 5226 1924 5281 704
1946 5226 2066 5282 alti:

2195 5220 2511 5297 χατίζουσα.
2545 5222 2610 5276 Ὠ
2638 5223 2674 5290 ἠ
2706 5219 2897 5295 πρώην
2945 5220 3229 5294 ὑψίθρονος
3276 5219 3367 5274 καὶ
3419 5215 3625 5294 βιϐῶσα
3654 5210 3811 5299 μακρᾼά

440 5294 724 5374 incedens
756 5316 1045 5390 passibus,
1101 5319 1350 5387 augusto
1379 5315 1538 5370 vultu
1553 5294 1583 5379 ξ
1618 5319 1834 5369 statura
1865 5314 2066 5388 magni

2191 5294 2281 5365 καὶ
2317 5309 2584 5385 μετέωρα,
2636 5294 3058 5387 μεγαλοπρεπὴς
3115 5309 3177 5363 τὸ
3231 5309 3393 5377 εἶδος,
3434 5294 3813 5390 ἀξιοπρεπέστὲ-

447 5407 574 5472 (ica,
602 5387 1028 5462 nunc-humilis
1062 5410 1118 5460 et
1149 5402 1460 5475 depressa!
1493 5406 1777 5459 Laceratm
1807 5408 1944 5459 sunt
1974 5387 2074 5459 tum

2198 5420 2265 5476 ρα
2324 5401 2385 5455 τὸ
2440 5401 2695 5477 μέγεθος,
2753 5398 2863 5454 νυνὶ
2918 5398 2975 5454 δὲ
3027 5397 3436 5473 κατερῥαγμένη
3486 5396 3574 5450 καὶ
3622 5387 3810 5477 διεῤῥης

440 5491 700 5547 delicatre
732 5496 956 5557 vestes;
992 5472 1354 5561 elegantibus
1384 5494 1553 5561 atque
1586 5490 1915 5562 imperiosis
1946 5508 2067 5563 spo-

2193 5472 2366 5565 Ῠμένη
2423 5472 2552 5553 ’έοδξ
2605 5485 2918 5564 χλίδῶντας
2978 5472 3212 5562 χιτῶνας
3267 5485 3356 5540 καὶ
3407 5486 3472 5539 τὰ
3527 5478 3704 5554 κομψά
3727 5472 3806 5529 καὶ

439 5581 581 5638 liata
610 5598 671 5637 es
702 5578 1079 5637 redimiculis.
1104 5577 1397 5633 Exstincta
1435 5582 1525 5631 cst
1557 5578 1655 5633 lux
1693 5582 2066 5650 gratiosorum

2192 5578 2397 5653 άρχικὰ
2440 5575 2739 5654 κρήδεμνα,
2790 5577 2881 5632 καὶ
2941 5571 3117 5650 ὄμμα,
3175 5569 3630 5654 ἀπεσϐεσμένητὸ
3659 5582 3805 5654 χαρο-

441 5670 745 5729 oculorum
768 5712 783 5740 ,
827 5667 1070 5726 anicula
1102 5667 1428 5725 caminarite
1481 5666 1697 5724 similis
1725 5684 1794 5724 ex
1829 5667 2068 5726 incendi:

2191 5665 2313 5739 πόν,
2343 5664 2436 5721 καί
2483 5653 2623 5743 γρηῒ
2677 5670 2907 5741 καμινοῖ
2957 5662 3057 5737 ’ίση
3119 5663 3178 5720 ἐκ
3232 5667 3326 5720 τοῦ
3379 5653 3802 5733 κατησῦολῶσθαι
