  <div class='ocr_page' id='page_1' title='image "/cluster/home/n/w/nwhite01/storage/ocr_20150623/139/mdp.39015078384214/490.png"; bbox 0 0 4120 6284; ppageno 0'>
   <div class='ocr_carea' id='block_1_1' title="bbox 315 408 426 468">
    <p class='ocr_par' dir='ltr' id='par_1_1' title="bbox 315 408 426 468">
     <span class='ocr_line' id='line_1_1' title="bbox 315 408 426 468; baseline 0 -1"><span class='ocrx_word' id='word_1_1' title='bbox 315 408 426 468; x_wconf 81' lang='grc'><strong>961</strong></span> 
     </span>
    </p>
   </div>
   <div class='ocr_carea' id='block_1_2' title="bbox 1421 409 2610 475">
    <p class='ocr_par' dir='ltr' id='par_1_2' title="bbox 1421 409 2610 475">
     <span class='ocr_line' id='line_1_2' title="bbox 1421 409 2610 475; baseline 0.003 -5"><span class='ocrx_word' id='word_1_2' title='bbox 1421 409 1761 473; x_wconf 76' lang='lat' dir='ltr'><strong>ALEXIUS</strong></span> <span class='ocrx_word' id='word_1_3' title='bbox 1804 409 2059 473; x_wconf 79' lang='lat' dir='ltr'><strong>DUCAS</strong></span> <span class='ocrx_word' id='word_1_4' title='bbox 2107 410 2610 475; x_wconf 82' lang='lat' dir='ltr'><strong>MURZUFLUS.</strong></span> 
     </span>
    </p>
   </div>
   <div class='ocr_carea' id='block_1_3' title="bbox 3607 420 3729 478">
    <p class='ocr_par' dir='ltr' id='par_1_3' title="bbox 3607 420 3729 478">
     <span class='ocr_line' id='line_1_3' title="bbox 3607 420 3729 478; baseline 0 -1"><span class='ocrx_word' id='word_1_5' title='bbox 3607 420 3729 478; x_wconf 69' lang='lat'><strong>962</strong></span> 
     </span>
    </p>
   </div>
   <div class='ocr_carea' id='block_1_4' title="bbox 316 537 1964 623">
    <p class='ocr_par' dir='ltr' id='par_1_4' title="bbox 316 537 1957 617">
     <span class='ocr_line' id='line_1_4' title="bbox 316 537 1957 617; baseline 0.002 -22"><span class='ocrx_word' id='word_1_6' title='bbox 316 541 472 615; x_wconf 78' lang='grc' dir='ltr'>πυρὶ,</span> <span class='ocrx_word' id='word_1_7' title='bbox 524 540 614 595; x_wconf 85' lang='grc' dir='ltr'><strong>καὶ</strong></span> <span class='ocrx_word' id='word_1_8' title='bbox 664 539 839 617; x_wconf 78' lang='grc' dir='ltr'>ῥυτίσι</span> <span class='ocrx_word' id='word_1_9' title='bbox 899 537 1176 616; x_wconf 84' lang='grc' dir='ltr'>χαλαραῖς</span> <span class='ocrx_word' id='word_1_10' title='bbox 1223 541 1605 617; x_wconf 82' lang='grc' dir='ltr'>ηὐλακισμένη</span> <span class='ocrx_word' id='word_1_11' title='bbox 1652 545 1752 613; x_wconf 75' lang='grc' dir='ltr'>τὴν</span> <span class='ocrx_word' id='word_1_12' title='bbox 1808 541 1957 598; x_wconf 90' lang='grc' dir='ltr'>στιλ-</span> 
     </span>
    </p>
   </div>
   <div class='ocr_carea' id='block_1_5' title="bbox 2073 537 3727 623">
    <p class='ocr_par' dir='ltr' id='par_1_5' title="bbox 2076 544 3727 623">
     <span class='ocr_line' id='line_1_5' title="bbox 2076 544 3727 623; baseline 0.005 -24"><span class='ocrx_word' id='word_1_13' title='bbox 2076 544 2313 615; x_wconf 79' lang='lat' dir='ltr'><strong>fuligine</strong></span> <span class='ocrx_word' id='word_1_14' title='bbox 2343 548 2610 603; x_wconf 87' lang='lat' dir='ltr'><strong>exstitisti</strong></span> <span class='ocrx_word' id='word_1_15' title='bbox 2647 565 2660 616; x_wconf 89' lang='lat'><strong>;</strong></span> <span class='ocrx_word' id='word_1_16' title='bbox 2696 548 3000 620; x_wconf 84' lang='lat' dir='ltr'><strong>profundis</strong></span> <span class='ocrx_word' id='word_1_17' title='bbox 3032 550 3199 622; x_wconf 82' lang='lat' dir='ltr'><strong>rugis</strong></span> <span class='ocrx_word' id='word_1_18' title='bbox 3230 549 3532 622; x_wconf 85' lang='lat' dir='ltr'><strong>splendida</strong></span> <span class='ocrx_word' id='word_1_19' title='bbox 3567 553 3727 623; x_wconf 88' lang='lat' dir='ltr'><strong>prius</strong></span> 
     </span>
    </p>
   </div>
   <div class='ocr_carea' id='block_1_6' title="bbox 315 627 1967 707">
    <p class='ocr_par' dir='ltr' id='par_1_6' title="bbox 315 627 1967 707">
     <span class='ocr_line' id='line_1_6' title="bbox 315 627 1967 707; baseline 0.001 -23"><span class='ocrx_word' id='word_1_20' title='bbox 315 631 452 698; x_wconf 78' lang='grc' dir='ltr'>πνὴν</span> <span class='ocrx_word' id='word_1_21' title='bbox 482 630 573 684; x_wconf 80' lang='grc' dir='ltr'><strong>καὶ</strong></span> <span class='ocrx_word' id='word_1_22' title='bbox 604 631 841 705; x_wconf 79' lang='grc' dir='ltr'>τερπνὴν</span> <span class='ocrx_word' id='word_1_23' title='bbox 873 627 997 704; x_wconf 77' lang='grc' dir='ltr'>ὄψιν</span> <span class='ocrx_word' id='word_1_24' title='bbox 1030 631 1310 705; x_wconf 83' lang='grc' dir='ltr'>πρότερον.</span> <span class='ocrx_word' id='word_1_25' title='bbox 1348 633 1458 689; x_wconf 82' lang='grc' dir='ltr'>Ἐῶ</span> <span class='ocrx_word' id='word_1_26' title='bbox 1504 634 1608 707; x_wconf 76' lang='grc' dir='ltr'>γὰρ</span> <span class='ocrx_word' id='word_1_27' title='bbox 1639 630 1812 707; x_wconf 80' lang='grc' dir='ltr'>λέγειν</span> <span class='ocrx_word' id='word_1_28' title='bbox 1841 631 1967 694; x_wconf 76' lang='grc' dir='ltr'>τοὺς</span> 
     </span>
    </p>
   </div>
   <div class='ocr_carea' id='block_1_7' title="bbox 316 717 1972 795">
    <p class='ocr_par' dir='ltr' id='par_1_7' title="bbox 316 717 1972 795">
     <span class='ocr_line' id='line_1_7' title="bbox 316 717 1972 795; baseline 0.001 -21"><span class='ocrx_word' id='word_1_29' title='bbox 316 720 451 791; x_wconf 77' lang='grc' dir='ltr'>πρὸς</span> <span class='ocrx_word' id='word_1_30' title='bbox 484 718 655 791; x_wconf 75' lang='grc' dir='ltr'>λύραν</span> <span class='ocrx_word' id='word_1_31' title='bbox 687 717 1021 783; x_wconf 59' lang='grc' dir='ltr'>ἐντείνοντάς</span> <span class='ocrx_word' id='word_1_32' title='bbox 1056 740 1115 776; x_wconf 92' lang='grc' dir='ltr'><strong>τε</strong></span> <span class='ocrx_word' id='word_1_33' title='bbox 1140 720 1228 775; x_wconf 88' lang='grc' dir='ltr'><strong>καὶ</strong></span> <span class='ocrx_word' id='word_1_34' title='bbox 1261 719 1571 795; x_wconf 76' lang='grc' dir='ltr'>ψάλλοντας</span> <span class='ocrx_word' id='word_1_35' title='bbox 1601 722 1669 777; x_wconf 81' lang='grc' dir='ltr'>τὰ</span> <span class='ocrx_word' id='word_1_36' title='bbox 1724 723 1791 777; x_wconf 85' lang='grc' dir='ltr'><strong>σά</strong></span> <span class='ocrx_word' id='word_1_37' title='bbox 1843 720 1972 778; x_wconf 86' lang='grc' dir='ltr'>δυσ-</span> 
     </span>
    </p>
   </div>
   <div class='ocr_carea' id='block_1_8' title="bbox 311 808 1970 886">
    <p class='ocr_par' dir='ltr' id='par_1_8' title="bbox 311 808 1970 886">
     <span class='ocr_line' id='line_1_8' title="bbox 311 808 1970 886; baseline 0.002 -24"><span class='ocrx_word' id='word_1_38' title='bbox 311 809 678 883; x_wconf 77' lang='grc' dir='ltr'>πραγήματα,-</span> <span class='ocrx_word' id='word_1_39' title='bbox 699 808 788 863; x_wconf 85' lang='grc' dir='ltr'><strong>καὶ</strong></span> <span class='ocrx_word' id='word_1_40' title='bbox 820 808 1117 881; x_wconf 79' lang='grc' dir='ltr'><strong>κωμῳδίαν</strong></span> <span class='ocrx_word' id='word_1_41' title='bbox 1176 810 1496 882; x_wconf 80' lang='grc' dir='ltr'><strong>τιθεμένους</strong></span> <span class='ocrx_word' id='word_1_42' title='bbox 1553 811 1651 879; x_wconf 83' lang='grc' dir='ltr'>τήν</span> <span class='ocrx_word' id='word_1_43' title='bbox 1693 812 1793 881; x_wconf 82' lang='grc' dir='ltr'>σήν</span> <span class='ocrx_word' id='word_1_44' title='bbox 1847 830 1970 886; x_wconf 85' lang='grc' dir='ltr'>τρα.</span> 
     </span>
    </p>
   </div>
   <div class='ocr_carea' id='block_1_9' title="bbox 312 896 1969 976">
    <p class='ocr_par' dir='ltr' id='par_1_9' title="bbox 312 896 1969 976">
     <span class='ocr_line' id='line_1_9' title="bbox 312 896 1969 976; baseline 0.002 -24"><span class='ocrx_word' id='word_1_45' title='bbox 312 896 517 974; x_wconf 84' lang='grc' dir='ltr'>γῳδίαν</span> <span class='ocrx_word' id='word_1_46' title='bbox 547 897 601 954; x_wconf 80' lang='grc' dir='ltr'><strong>ἐν</strong></span> <span class='ocrx_word' id='word_1_47' title='bbox 630 902 710 971; x_wconf 79' lang='grc' dir='ltr'>τῷ</span> <span class='ocrx_word' id='word_1_48' title='bbox 738 901 829 954; x_wconf 84' lang='grc' dir='ltr'>τὸν</span> <span class='ocrx_word' id='word_1_49' title='bbox 859 900 1009 953; x_wconf 83' lang='grc' dir='ltr'>οἶνον</span> <span class='ocrx_word' id='word_1_50' title='bbox 1053 900 1395 974; x_wconf 78' lang='grc' dir='ltr'><strong>προσίεσθαι,</strong></span> <span class='ocrx_word' id='word_1_51' title='bbox 1433 902 1523 955; x_wconf 84' lang='grc' dir='ltr'><strong>καὶ</strong></span> <span class='ocrx_word' id='word_1_52' title='bbox 1592 900 1716 976; x_wconf 85' lang='grc' dir='ltr'>βίου</span> <span class='ocrx_word' id='word_1_53' title='bbox 1771 901 1969 976; x_wconf 80' lang='grc' dir='ltr'>τέχνην</span> 
     </span>
    </p>
   </div>
   <div class='ocr_carea' id='block_1_10' title="bbox 313 986 1966 1067">
    <p class='ocr_par' dir='ltr' id='par_1_10' title="bbox 313 986 1966 1067">
     <span class='ocr_line' id='line_1_10' title="bbox 313 986 1966 1067; baseline 0.001 -24"><span class='ocrx_word' id='word_1_54' title='bbox 313 986 678 1062; x_wconf 73' lang='grc' dir='ltr'>ποιουμένους</span> <span class='ocrx_word' id='word_1_55' title='bbox 705 988 804 1057; x_wconf 81' lang='grc' dir='ltr'>τήν</span> <span class='ocrx_word' id='word_1_56' title='bbox 837 986 1114 1066; x_wconf 86' lang='grc' dir='ltr'>γελοιώδη</span> <span class='ocrx_word' id='word_1_57' title='bbox 1162 993 1267 1044; x_wconf 90' lang='grc' dir='ltr'><strong>τῶν</strong></span> <span class='ocrx_word' id='word_1_58' title='bbox 1295 994 1476 1044; x_wconf 82' lang='grc' dir='ltr'>κακῶν</span> <span class='ocrx_word' id='word_1_59' title='bbox 1536 1011 1632 1044; x_wconf 92' lang='grc' dir='ltr'><strong>σου</strong></span> <span class='ocrx_word' id='word_1_60' title='bbox 1671 989 1966 1067; x_wconf 75' lang='grc' dir='ltr'><strong>ἀφήγησιν,</strong></span> 
     </span>
    </p>
   </div>
   <div class='ocr_carea' id='block_1_11' title="bbox 312 1073 1967 1155">
    <p class='ocr_par' dir='ltr' id='par_1_11' title="bbox 312 1073 1967 1155">
     <span class='ocr_line' id='line_1_11' title="bbox 312 1073 1967 1155; baseline 0.001 -22"><span class='ocrx_word' id='word_1_61' title='bbox 312 1076 435 1140; x_wconf 80' lang='grc' dir='ltr'>τοὺς</span> <span class='ocrx_word' id='word_1_62' title='bbox 469 1073 875 1151; x_wconf 83' lang='grc' dir='ltr'>κονδυλισμούς</span> <span class='ocrx_word' id='word_1_63' title='bbox 928 1098 987 1134; x_wconf 89' lang='grc' dir='ltr'><strong>τε</strong></span> <span class='ocrx_word' id='word_1_64' title='bbox 1043 1077 1133 1135; x_wconf 82' lang='grc' dir='ltr'><strong>καὶ</strong></span> <span class='ocrx_word' id='word_1_65' title='bbox 1190 1079 1575 1155; x_wconf 82' lang='grc' dir='ltr'>πτερνισμοὺς,</span> <span class='ocrx_word' id='word_1_66' title='bbox 1633 1074 1711 1133; x_wconf 81' lang='grc' dir='ltr'><strong>ἔτι</strong></span> <span class='ocrx_word' id='word_1_67' title='bbox 1778 1077 1834 1134; x_wconf 76' lang='grc' dir='ltr'>δὲ</span> <span class='ocrx_word' id='word_1_68' title='bbox 1871 1079 1967 1142; x_wconf 86' lang='grc' dir='ltr'><strong>τάς</strong></span> 
     </span>
    </p>
   </div>
   <div class='ocr_carea' id='block_1_12' title="bbox 314 1165 1967 1241">
    <p class='ocr_par' dir='ltr' id='par_1_12' title="bbox 314 1165 1967 1241">
     <span class='ocr_line' id='line_1_12' title="bbox 314 1165 1967 1241; baseline 0.002 -21"><span class='ocrx_word' id='word_1_69' title='bbox 314 1166 593 1241; x_wconf 75' lang='grc' dir='ltr'>ἀθετήρεις</span> <span class='ocrx_word' id='word_1_70' title='bbox 653 1167 740 1221; x_wconf 82' lang='grc' dir='ltr'><strong>καὶ</strong></span> <span class='ocrx_word' id='word_1_71' title='bbox 800 1165 866 1221; x_wconf 86' lang='grc' dir='ltr'><strong>τά</strong></span> <span class='ocrx_word' id='word_1_72' title='bbox 934 1167 1158 1222; x_wconf 83' lang='grc' dir='ltr'>ὑπώπια</span> <span class='ocrx_word' id='word_1_73' title='bbox 1215 1166 1248 1221; x_wconf 78' lang='grc' dir='ltr'>ἃ</span> <span class='ocrx_word' id='word_1_74' title='bbox 1307 1188 1391 1222; x_wconf 89' lang='grc' dir='ltr'><strong>σοι</strong></span> <span class='ocrx_word' id='word_1_75' title='bbox 1447 1165 1738 1240; x_wconf 76' lang='grc' dir='ltr'>καθ’ὥραν</span> <span class='ocrx_word' id='word_1_76' title='bbox 1794 1172 1967 1223; x_wconf 83' lang='grc' dir='ltr'>πᾶσαν</span> 
     </span>
    </p>
   </div>
   <div class='ocr_carea' id='block_1_13' title="bbox 313 1250 1966 1332">
    <p class='ocr_par' dir='ltr' id='par_1_13' title="bbox 313 1250 1966 1332">
     <span class='ocr_line' id='line_1_13' title="bbox 313 1250 1966 1332; baseline 0.001 -22"><span class='ocrx_word' id='word_1_77' title='bbox 313 1250 754 1331; x_wconf 87' lang='grc' dir='ltr'>προστρίϐονται.</span> <span class='ocrx_word' id='word_1_78' title='bbox 816 1254 1261 1330; x_wconf 81' lang='grc' dir='ltr'>Παρεζηλωμένη</span> <span class='ocrx_word' id='word_1_79' title='bbox 1323 1257 1503 1321; x_wconf 82' lang='grc' dir='ltr'>θεόθεν</span> <span class='ocrx_word' id='word_1_80' title='bbox 1556 1256 1645 1312; x_wconf 84' lang='grc' dir='ltr'><strong>ἐπὶ</strong></span> <span class='ocrx_word' id='word_1_81' title='bbox 1703 1258 1779 1330; x_wconf 85' lang='grc' dir='ltr'>μή</span> <span class='ocrx_word' id='word_1_82' title='bbox 1839 1256 1966 1332; x_wconf 81' lang='grc' dir='ltr'>ἐχέ-</span> 
     </span>
    </p>
   </div>
   <div class='ocr_carea' id='block_1_14' title="bbox 314 1342 1968 1424">
    <p class='ocr_par' dir='ltr' id='par_1_14' title="bbox 314 1342 1968 1424">
     <span class='ocr_line' id='line_1_14' title="bbox 314 1342 1968 1424; baseline 0.002 -25"><span class='ocrx_word' id='word_1_83' title='bbox 314 1365 500 1424; x_wconf 72' lang='grc' dir='ltr'>φροσιν</span> <span class='ocrx_word' id='word_1_84' title='bbox 532 1342 754 1415; x_wconf 81' lang='grc' dir='ltr'>ἔθνεσιν,</span> <span class='ocrx_word' id='word_1_85' title='bbox 803 1345 839 1414; x_wconf 76' lang='grc' dir='ltr'><strong>ἢ</strong></span> <span class='ocrx_word' id='word_1_86' title='bbox 899 1343 1014 1400; x_wconf 78' lang='grc' dir='ltr'>οὐδ’</span> <span class='ocrx_word' id='word_1_87' title='bbox 1061 1343 1263 1410; x_wconf 80' lang='grc' dir='ltr'>ἔθνεσιν</span> <span class='ocrx_word' id='word_1_88' title='bbox 1322 1344 1544 1416; x_wconf 83' lang='grc' dir='ltr'>ἀληθῶς</span> <span class='ocrx_word' id='word_1_89' title='bbox 1598 1345 1792 1417; x_wconf 74' lang='grc' dir='ltr'>εἰπεῖν,</span> <span class='ocrx_word' id='word_1_90' title='bbox 1839 1345 1968 1403; x_wconf 88' lang='grc' dir='ltr'>ἀλλ’</span> 
     </span>
    </p>
   </div>
   <div class='ocr_carea' id='block_1_15' title="bbox 314 1431 1966 1511">
    <p class='ocr_par' dir='ltr' id='par_1_15' title="bbox 314 1431 1966 1511">
     <span class='ocr_line' id='line_1_15' title="bbox 314 1431 1966 1511; baseline 0.001 -22"><span class='ocrx_word' id='word_1_91' title='bbox 314 1431 576 1510; x_wconf 75' lang='grc' dir='ltr'>ἀμυδροῖς</span> <span class='ocrx_word' id='word_1_92' title='bbox 622 1435 714 1490; x_wconf 84' lang='grc' dir='ltr'><strong>καὶ</strong></span> <span class='ocrx_word' id='word_1_93' title='bbox 771 1433 1125 1509; x_wconf 84' lang='grc' dir='ltr'>σποραδιγοῖς</span> <span class='ocrx_word' id='word_1_94' title='bbox 1173 1435 1400 1511; x_wconf 82' lang='grc' dir='ltr'>γένεσιν,</span> <span class='ocrx_word' id='word_1_95' title='bbox 1465 1436 1540 1490; x_wconf 85' lang='grc' dir='ltr'>ὧν</span> <span class='ocrx_word' id='word_1_96' title='bbox 1587 1436 1654 1490; x_wconf 79' lang='grc' dir='ltr'>τὰ</span> <span class='ocrx_word' id='word_1_97' title='bbox 1686 1436 1861 1491; x_wconf 80' lang='grc' dir='ltr'>πλείω</span> <span class='ocrx_word' id='word_1_98' title='bbox 1919 1437 1966 1491; x_wconf 88' lang='grc' dir='ltr'>εἰ</span> 
     </span>
    </p>
   </div>
   <div class='ocr_carea' id='block_1_16' title="bbox 318 1522 1964 1601">
    <p class='ocr_par' dir='ltr' id='par_1_16' title="bbox 318 1522 1964 1601">
     <span class='ocr_line' id='line_1_16' title="bbox 318 1522 1964 1601; baseline 0.001 -24"><span class='ocrx_word' id='word_1_99' title='bbox 318 1523 391 1596; x_wconf 82' lang='grc' dir='ltr'>μή</span> <span class='ocrx_word' id='word_1_100' title='bbox 424 1524 737 1598; x_wconf 73' lang='grc' dir='ltr'>ἐγέννησας,</span> <span class='ocrx_word' id='word_1_101' title='bbox 796 1522 926 1579; x_wconf 89' lang='grc' dir='ltr'>ἀλλ’</span> <span class='ocrx_word' id='word_1_102' title='bbox 981 1525 1202 1599; x_wconf 80' lang='grc' dir='ltr'>ὕψωσάς</span> <span class='ocrx_word' id='word_1_103' title='bbox 1268 1545 1326 1580; x_wconf 87' lang='grc' dir='ltr'><strong>τε</strong></span> <span class='ocrx_word' id='word_1_104' title='bbox 1381 1525 1473 1579; x_wconf 85' lang='grc' dir='ltr'><strong>καὶ</strong></span> <span class='ocrx_word' id='word_1_105' title='bbox 1531 1524 1748 1588; x_wconf 81' lang='grc' dir='ltr'>στέατος</span> <span class='ocrx_word' id='word_1_106' title='bbox 1789 1529 1964 1601; x_wconf 89' lang='grc' dir='ltr'>πυροῦ</span> 
     </span>
    </p>
   </div>
   <div class='ocr_carea' id='block_1_17' title="bbox 320 1611 1965 1691">
    <p class='ocr_par' dir='ltr' id='par_1_17' title="bbox 320 1611 1965 1691">
     <span class='ocr_line' id='line_1_17' title="bbox 320 1611 1965 1691; baseline 0.002 -24"><span class='ocrx_word' id='word_1_107' title='bbox 320 1611 650 1686; x_wconf 70' lang='grc' dir='ltr'>μετέδωκας,</span> <span class='ocrx_word' id='word_1_108' title='bbox 708 1615 789 1676; x_wconf 87' lang='grc' dir='ltr'><strong>τίς</strong></span> <span class='ocrx_word' id='word_1_109' title='bbox 846 1616 1008 1669; x_wconf 84' lang='grc' dir='ltr'>σώσει</span> <span class='ocrx_word' id='word_1_110' title='bbox 1060 1633 1165 1684; x_wconf 84' lang='grc' dir='ltr'>σε;</span> <span class='ocrx_word' id='word_1_111' title='bbox 1216 1615 1251 1683; x_wconf 71' lang='grc' dir='ltr'>ἢ</span> <span class='ocrx_word' id='word_1_112' title='bbox 1309 1614 1392 1677; x_wconf 90' lang='grc' dir='ltr'><strong>τίς</strong></span> <span class='ocrx_word' id='word_1_113' title='bbox 1439 1613 1801 1691; x_wconf 68' lang='grc' dir='ltr'>παρακαλέσει</span> <span class='ocrx_word' id='word_1_114' title='bbox 1856 1636 1965 1687; x_wconf 84' lang='grc' dir='ltr'><strong>σε;</strong></span> 
     </span>
    </p>
   </div>
   <div class='ocr_carea' id='block_1_18' title="bbox 314 1700 1961 1780">
    <p class='ocr_par' dir='ltr' id='par_1_18' title="bbox 314 1700 1961 1780">
     <span class='ocr_line' id='line_1_18' title="bbox 314 1700 1961 1780; baseline 0.001 -23"><span class='ocrx_word' id='word_1_115' title='bbox 314 1702 394 1764; x_wconf 86' lang='grc' dir='ltr'><strong>τίς</strong></span> <span class='ocrx_word' id='word_1_116' title='bbox 423 1702 658 1777; x_wconf 81' lang='grc' dir='ltr'>φείσεται</span> <span class='ocrx_word' id='word_1_117' title='bbox 706 1702 795 1758; x_wconf 84' lang='grc' dir='ltr'><strong>ἐπὶ</strong></span> <span class='ocrx_word' id='word_1_118' title='bbox 824 1703 911 1758; x_wconf 88' lang='grc' dir='ltr'><strong>σοί</strong></span> <span class='ocrx_word' id='word_1_119' title='bbox 946 1723 959 1772; x_wconf 90' lang='grc'><strong>;</strong></span> <span class='ocrx_word' id='word_1_120' title='bbox 990 1700 1027 1773; x_wconf 77' lang='grc' dir='ltr'>ἤ</span> <span class='ocrx_word' id='word_1_121' title='bbox 1055 1703 1138 1765; x_wconf 87' lang='grc' dir='ltr'><strong>τίς</strong></span> <span class='ocrx_word' id='word_1_122' title='bbox 1197 1704 1572 1780; x_wconf 84' lang='grc' dir='ltr'>σκυθρωπάσει</span> <span class='ocrx_word' id='word_1_123' title='bbox 1612 1704 1700 1760; x_wconf 82' lang='grc' dir='ltr'><strong>ἐπὶ</strong></span> <span class='ocrx_word' id='word_1_124' title='bbox 1732 1703 1818 1759; x_wconf 86' lang='grc' dir='ltr'><strong>σοί</strong></span> <span class='ocrx_word' id='word_1_125' title='bbox 1851 1725 1866 1774; x_wconf 76' lang='grc' dir='ltr'><strong>ς</strong></span> <span class='ocrx_word' id='word_1_126' title='bbox 1926 1704 1961 1774; x_wconf 74' lang='grc' dir='ltr'><strong>ἢ</strong></span> 
     </span>
    </p>
   </div>
   <div class='ocr_carea' id='block_1_19' title="bbox 312 1789 1963 1869">
    <p class='ocr_par' dir='ltr' id='par_1_19' title="bbox 312 1789 1963 1869">
     <span class='ocr_line' id='line_1_19' title="bbox 312 1789 1963 1869; baseline 0.002 -23"><span class='ocrx_word' id='word_1_127' title='bbox 312 1790 391 1855; x_wconf 89' lang='grc' dir='ltr'><strong>τίς</strong></span> <span class='ocrx_word' id='word_1_128' title='bbox 417 1789 797 1866; x_wconf 80' lang='grc' dir='ltr'>ἐπανακάμψει</span> <span class='ocrx_word' id='word_1_129' title='bbox 826 1791 1102 1864; x_wconf 83' lang='grc' dir='ltr'>ἐρωτῆσαι</span> <span class='ocrx_word' id='word_1_130' title='bbox 1152 1793 1220 1848; x_wconf 87' lang='grc' dir='ltr'>τὰ</span> <span class='ocrx_word' id='word_1_131' title='bbox 1279 1793 1355 1854; x_wconf 72' lang='grc' dir='ltr'>εἷς</span> <span class='ocrx_word' id='word_1_132' title='bbox 1384 1792 1607 1868; x_wconf 65' lang='grc' dir='ltr'>εῗρήνην</span> <span class='ocrx_word' id='word_1_133' title='bbox 1637 1814 1723 1848; x_wconf 92' lang='grc' dir='ltr'><strong>σοι</strong></span> <span class='ocrx_word' id='word_1_134' title='bbox 1780 1794 1963 1869; x_wconf 87' lang='grc' dir='ltr'>(Ἱερε-</span> 
     </span>
    </p>
   </div>
   <div class='ocr_carea' id='block_1_20' title="bbox 318 1878 1964 1959">
    <p class='ocr_par' dir='ltr' id='par_1_20' title="bbox 318 1878 1964 1959">
     <span class='ocr_line' id='line_1_20' title="bbox 318 1878 1964 1959; baseline 0.002 -25"><span class='ocrx_word' id='word_1_135' title='bbox 318 1878 440 1953; x_wconf 85' lang='grc' dir='ltr'>μίου</span> <span class='ocrx_word' id='word_1_136' title='bbox 472 1879 562 1936; x_wconf 74' lang='grc' dir='ltr'>καί</span> <span class='ocrx_word' id='word_1_137' title='bbox 603 1879 732 1936; x_wconf 84' lang='grc' dir='ltr'>τάδε</span> <span class='ocrx_word' id='word_1_138' title='bbox 783 1885 881 1936; x_wconf 88' lang='grc' dir='ltr'><strong>τοῦ</strong></span> <span class='ocrx_word' id='word_1_139' title='bbox 936 1881 1360 1957; x_wconf 75' lang='grc' dir='ltr'>πολυθρηνήτου</span> <span class='ocrx_word' id='word_1_140' title='bbox 1409 1883 1477 1937; x_wconf 73' lang='grc' dir='ltr'>τὰ</span> <span class='ocrx_word' id='word_1_141' title='bbox 1534 1882 1796 1959; x_wconf 74' lang='grc' dir='ltr'>ῥήματα),</span> <span class='ocrx_word' id='word_1_142' title='bbox 1856 1881 1964 1937; x_wconf 69' lang='grc' dir='ltr'>εἴτε</span> 
     </span>
    </p>
   </div>
   <div class='ocr_carea' id='block_1_21' title="bbox 314 1969 1961 2047">
    <p class='ocr_par' dir='ltr' id='par_1_21' title="bbox 314 1969 1961 2047">
     <span class='ocr_line' id='line_1_21' title="bbox 314 1969 1961 2047; baseline 0.002 -24"><span class='ocrx_word' id='word_1_143' title='bbox 314 1971 420 2043; x_wconf 75' lang='grc' dir='ltr'>μὴν</span> <span class='ocrx_word' id='word_1_144' title='bbox 452 1972 551 2038; x_wconf 66' lang='grc' dir='ltr'>τὴν</span> <span class='ocrx_word' id='word_1_145' title='bbox 582 1969 847 2047; x_wconf 78' lang='grc' dir='ltr'>προτέραν</span> <span class='ocrx_word' id='word_1_146' title='bbox 906 1970 1108 2040; x_wconf 73' lang='grc' dir='ltr'>στολῆν</span> <span class='ocrx_word' id='word_1_147' title='bbox 1167 1969 1444 2026; x_wconf 76' lang='grc' dir='ltr'>ἐπενδόσει</span> <span class='ocrx_word' id='word_1_148' title='bbox 1478 1990 1584 2041; x_wconf 87' lang='grc' dir='ltr'><strong>σε;</strong></span> <span class='ocrx_word' id='word_1_149' title='bbox 1651 1972 1783 2026; x_wconf 88' lang='grc' dir='ltr'>πότε</span> <span class='ocrx_word' id='word_1_150' title='bbox 1841 1971 1961 2026; x_wconf 83' lang='grc' dir='ltr'>θεό-</span> 
     </span>
    </p>
   </div>
   <div class='ocr_carea' id='block_1_22' title="bbox 313 2058 1962 2137">
    <p class='ocr_par' dir='ltr' id='par_1_22' title="bbox 313 2058 1962 2137">
     <span class='ocr_line' id='line_1_22' title="bbox 313 2058 1962 2137; baseline 0.001 -23"><span class='ocrx_word' id='word_1_151' title='bbox 313 2061 392 2114; x_wconf 86' lang='grc' dir='ltr'><strong>θεν</strong></span> <span class='ocrx_word' id='word_1_152' title='bbox 458 2058 682 2134; x_wconf 82' lang='grc' dir='ltr'>ἐνωτίσῃ</span> <span class='ocrx_word' id='word_1_153' title='bbox 740 2060 1060 2137; x_wconf 80' lang='grc' dir='ltr'>Ἐξεγείρου,</span> <span class='ocrx_word' id='word_1_154' title='bbox 1146 2059 1404 2132; x_wconf 82' lang='grc' dir='ltr'>ἀνάστηθι</span> <span class='ocrx_word' id='word_1_155' title='bbox 1487 2062 1522 2130; x_wconf 87' lang='grc' dir='ltr'>ἡ</span> <span class='ocrx_word' id='word_1_156' title='bbox 1631 2065 1828 2116; x_wconf 81' lang='grc' dir='ltr'>πιοῦσα</span> <span class='ocrx_word' id='word_1_157' title='bbox 1898 2062 1962 2116; x_wconf 89' lang='grc' dir='ltr'>τὸ</span> 
     </span>
    </p>
   </div>
   <div class='ocr_carea' id='block_1_23' title="bbox 310 2145 1961 2222">
    <p class='ocr_par' dir='ltr' id='par_1_23' title="bbox 310 2145 1961 2222">
     <span class='ocr_line' id='line_1_23' title="bbox 310 2145 1961 2222; baseline 0.002 -21"><span class='ocrx_word' id='word_1_158' title='bbox 310 2149 572 2222; x_wconf 80' lang='grc' dir='ltr'>ποτήριον</span> <span class='ocrx_word' id='word_1_159' title='bbox 606 2152 702 2203; x_wconf 90' lang='grc' dir='ltr'><strong>τοῦ</strong></span> <span class='ocrx_word' id='word_1_160' title='bbox 729 2153 905 2221; x_wconf 88' lang='grc' dir='ltr'>θυμοῦ</span> <span class='ocrx_word' id='word_1_161' title='bbox 939 2169 1044 2222; x_wconf 88' lang='grc' dir='ltr'><strong>μου</strong></span> <span class='ocrx_word' id='word_1_162' title='bbox 1066 2148 1157 2204; x_wconf 85' lang='grc' dir='ltr'><strong>καὶ</strong></span> <span class='ocrx_word' id='word_1_163' title='bbox 1207 2150 1268 2203; x_wconf 85' lang='grc' dir='ltr'>τὸ</span> <span class='ocrx_word' id='word_1_164' title='bbox 1337 2145 1499 2203; x_wconf 82' lang='grc' dir='ltr'>κόνδυ</span> <span class='ocrx_word' id='word_1_165' title='bbox 1548 2155 1648 2218; x_wconf 80' lang='grc' dir='ltr'>τῆς</span> <span class='ocrx_word' id='word_1_166' title='bbox 1677 2151 1961 2211; x_wconf 85' lang='grc' dir='ltr'>πτώσεως.</span> 
     </span>
    </p>
   </div>
   <div class='ocr_carea' id='block_1_24' title="bbox 310 2233 1959 2313">
    <p class='ocr_par' dir='ltr' id='par_1_24' title="bbox 310 2233 1959 2313">
     <span class='ocr_line' id='line_1_24' title="bbox 310 2233 1959 2313; baseline 0 -20"><span class='ocrx_word' id='word_1_167' title='bbox 310 2234 686 2308; x_wconf 76' lang='grc' dir='ltr'>Ἕνδυσαιτῆν</span> <span class='ocrx_word' id='word_1_168' title='bbox 736 2237 893 2313; x_wconf 75' lang='grc' dir='ltr'>ἶσχόν</span> <span class='ocrx_word' id='word_1_169' title='bbox 952 2243 1071 2307; x_wconf 80' lang='grc' dir='ltr'>σου,</span> <span class='ocrx_word' id='word_1_170' title='bbox 1141 2233 1353 2293; x_wconf 78' lang='grc' dir='ltr'>ἔνδυσαι</span> <span class='ocrx_word' id='word_1_171' title='bbox 1408 2239 1507 2308; x_wconf 82' lang='grc' dir='ltr'>τήν</span> <span class='ocrx_word' id='word_1_172' title='bbox 1575 2235 1728 2311; x_wconf 79' lang='grc' dir='ltr'>δόξαν</span> <span class='ocrx_word' id='word_1_173' title='bbox 1813 2257 1959 2308; x_wconf 88' lang='grc' dir='ltr'>σου;</span> 
     </span>
    </p>
   </div>
   <div class='ocr_carea' id='block_1_25' title="bbox 311 2324 1963 2401">
    <p class='ocr_par' dir='ltr' id='par_1_25' title="bbox 311 2324 1963 2401">
     <span class='ocr_line' id='line_1_25' title="bbox 311 2324 1963 2401; baseline -0.001 -18"><span class='ocrx_word' id='word_1_174' title='bbox 311 2327 610 2396; x_wconf 80' lang='grc' dir='ltr'>Ἐκτίναξαι</span> <span class='ocrx_word' id='word_1_175' title='bbox 640 2327 731 2382; x_wconf 89' lang='grc' dir='ltr'><strong>τὸν</strong></span> <span class='ocrx_word' id='word_1_176' title='bbox 773 2330 908 2401; x_wconf 87' lang='grc' dir='ltr'>χοῦν</span> <span class='ocrx_word' id='word_1_177' title='bbox 964 2328 1053 2381; x_wconf 83' lang='grc' dir='ltr'><strong>καὶ</strong></span> <span class='ocrx_word' id='word_1_178' title='bbox 1112 2326 1393 2398; x_wconf 85' lang='grc' dir='ltr'>ἀνάστηθι.</span> <span class='ocrx_word' id='word_1_179' title='bbox 1428 2324 1687 2383; x_wconf 86' lang='grc' dir='ltr'>Ἐκδυσαι</span> <span class='ocrx_word' id='word_1_180' title='bbox 1748 2329 1840 2383; x_wconf 87' lang='grc' dir='ltr'><strong>τὸν</strong></span> <span class='ocrx_word' id='word_1_181' title='bbox 1875 2324 1963 2382; x_wconf 88' lang='grc' dir='ltr'>δε-</span> 
     </span>
    </p>
   </div>
   <div class='ocr_carea' id='block_1_26' title="bbox 311 2414 1960 2491">
    <p class='ocr_par' dir='ltr' id='par_1_26' title="bbox 311 2414 1960 2491">
     <span class='ocr_line' id='line_1_26' title="bbox 311 2414 1960 2491; baseline 0.001 -22"><span class='ocrx_word' id='word_1_182' title='bbox 311 2415 441 2488; x_wconf 82' lang='grc' dir='ltr'>σμὸν</span> <span class='ocrx_word' id='word_1_183' title='bbox 498 2419 598 2470; x_wconf 87' lang='grc' dir='ltr'><strong>τοῦ</strong></span> <span class='ocrx_word' id='word_1_184' title='bbox 635 2414 928 2491; x_wconf 75' lang='grc' dir='ltr'>τραχήλου</span> <span class='ocrx_word' id='word_1_185' title='bbox 987 2436 1104 2470; x_wconf 90' lang='grc' dir='ltr'>σου·</span> <span class='ocrx_word' id='word_1_186' title='bbox 1165 2415 1440 2471; x_wconf 84' lang='grc' dir='ltr'>πλάτυνον</span> <span class='ocrx_word' id='word_1_187' title='bbox 1496 2415 1588 2471; x_wconf 90' lang='grc' dir='ltr'>τὸν</span> <span class='ocrx_word' id='word_1_188' title='bbox 1640 2416 1806 2472; x_wconf 84' lang='grc' dir='ltr'>τόπον</span> <span class='ocrx_word' id='word_1_189' title='bbox 1860 2422 1960 2486; x_wconf 81' lang='grc' dir='ltr'>τῆς</span> 
     </span>
    </p>
   </div>
   <div class='ocr_carea' id='block_1_27' title="bbox 310 2500 1957 2583">
    <p class='ocr_par' dir='ltr' id='par_1_27' title="bbox 310 2500 1957 2583">
     <span class='ocr_line' id='line_1_27' title="bbox 310 2500 1957 2583; baseline 0.001 -25"><span class='ocrx_word' id='word_1_190' title='bbox 310 2510 513 2573; x_wconf 85' lang='grc' dir='ltr'>σκηνῆς</span> <span class='ocrx_word' id='word_1_191' title='bbox 547 2525 643 2560; x_wconf 90' lang='grc' dir='ltr'><strong>σου</strong></span> <span class='ocrx_word' id='word_1_192' title='bbox 666 2505 757 2559; x_wconf 81' lang='grc' dir='ltr'><strong>καὶ</strong></span> <span class='ocrx_word' id='word_1_193' title='bbox 786 2509 894 2560; x_wconf 89' lang='grc' dir='ltr'><strong>τῶν</strong></span> <span class='ocrx_word' id='word_1_194' title='bbox 923 2503 1166 2560; x_wconf 79' lang='grc' dir='ltr'>αὐλαιῶν</span> <span class='ocrx_word' id='word_1_195' title='bbox 1200 2526 1316 2563; x_wconf 92' lang='grc' dir='ltr'>σου.</span> <span class='ocrx_word' id='word_1_196' title='bbox 1350 2506 1441 2574; x_wconf 88' lang='grc' dir='ltr'>Μή</span> <span class='ocrx_word' id='word_1_197' title='bbox 1472 2500 1646 2583; x_wconf 74' lang='grc' dir='ltr'>φοϐοῦ</span> <span class='ocrx_word' id='word_1_198' title='bbox 1693 2503 1777 2560; x_wconf 77' lang='grc' dir='ltr'>ὅτι</span> <span class='ocrx_word' id='word_1_199' title='bbox 1830 2526 1957 2560; x_wconf 82' lang='grc' dir='ltr'>κατ-</span> 
     </span>
    </p>
   </div>
   <div class='ocr_carea' id='block_1_28' title="bbox 306 2593 1961 2674">
    <p class='ocr_par' dir='ltr' id='par_1_28' title="bbox 306 2593 1961 2674">
     <span class='ocr_line' id='line_1_28' title="bbox 306 2593 1961 2674; baseline 0.002 -26"><span class='ocrx_word' id='word_1_200' title='bbox 306 2593 612 2674; x_wconf 74' lang='grc' dir='ltr'>ῃσχύνθης,</span> <span class='ocrx_word' id='word_1_201' title='bbox 704 2593 846 2669; x_wconf 75' lang='grc' dir='ltr'>μηδὲ</span> <span class='ocrx_word' id='word_1_202' title='bbox 929 2594 1197 2671; x_wconf 79' lang='grc' dir='ltr'>ἐντραπῇς</span> <span class='ocrx_word' id='word_1_203' title='bbox 1282 2595 1367 2652; x_wconf 79' lang='grc' dir='ltr'>ὅτι</span> <span class='ocrx_word' id='word_1_204' title='bbox 1454 2594 1795 2667; x_wconf 82' lang='grc' dir='ltr'>ὠνειδίσθης,</span> <span class='ocrx_word' id='word_1_205' title='bbox 1870 2598 1961 2652; x_wconf 84' lang='grc' dir='ltr'><strong>καὶ</strong></span> 
     </span>
    </p>
   </div>
   <div class='ocr_carea' id='block_1_29' title="bbox 310 2682 1961 2759">
    <p class='ocr_par' dir='ltr' id='par_1_29' title="bbox 310 2682 1961 2759">
     <span class='ocr_line' id='line_1_29' title="bbox 310 2682 1961 2759; baseline 0.001 -21"><span class='ocrx_word' id='word_1_206' title='bbox 310 2682 612 2758; x_wconf 76' lang='grc' dir='ltr'>ἐκρότησαν</span> <span class='ocrx_word' id='word_1_207' title='bbox 672 2683 761 2739; x_wconf 82' lang='grc' dir='ltr'><strong>ἐπὶ</strong></span> <span class='ocrx_word' id='word_1_208' title='bbox 818 2685 900 2739; x_wconf 88' lang='grc' dir='ltr'>σοὶ</span> <span class='ocrx_word' id='word_1_209' title='bbox 963 2690 1156 2759; x_wconf 85' lang='grc' dir='ltr'>χεῖρας</span> <span class='ocrx_word' id='word_1_210' title='bbox 1202 2685 1397 2747; x_wconf 85' lang='grc' dir='ltr'>πάντες</span> <span class='ocrx_word' id='word_1_211' title='bbox 1429 2686 1480 2739; x_wconf 80' lang='grc' dir='ltr'><strong>οἱ</strong></span> <span class='ocrx_word' id='word_1_212' title='bbox 1510 2686 1961 2759; x_wconf 82' lang='grc' dir='ltr'>παραπορευόμε-</span> 
     </span>
    </p>
   </div>
   <div class='ocr_carea' id='block_1_30' title="bbox 311 2769 1963 2852">
    <p class='ocr_par' dir='ltr' id='par_1_30' title="bbox 311 2769 1963 2852">
     <span class='ocr_line' id='line_1_30' title="bbox 311 2769 1963 2852; baseline 0.001 -26"><span class='ocrx_word' id='word_1_213' title='bbox 311 2792 395 2827; x_wconf 87' lang='grc' dir='ltr'><strong>νοι</strong></span> <span class='ocrx_word' id='word_1_214' title='bbox 423 2769 574 2842; x_wconf 80' lang='grc' dir='ltr'>ὁδὸν,</span> <span class='ocrx_word' id='word_1_215' title='bbox 607 2771 855 2847; x_wconf 79' lang='grc' dir='ltr'>ἐσόρισαν</span> <span class='ocrx_word' id='word_1_216' title='bbox 914 2772 1004 2827; x_wconf 83' lang='grc' dir='ltr'><strong>καὶ</strong></span> <span class='ocrx_word' id='word_1_217' title='bbox 1062 2772 1312 2844; x_wconf 78' lang='grc' dir='ltr'>ἐκίνησαν</span> <span class='ocrx_word' id='word_1_218' title='bbox 1341 2773 1583 2852; x_wconf 77' lang='grc' dir='ltr'>κεφαλὰς</span> <span class='ocrx_word' id='word_1_219' title='bbox 1613 2773 1816 2843; x_wconf 78' lang='grc' dir='ltr'>αὐτῶν,</span> <span class='ocrx_word' id='word_1_220' title='bbox 1873 2774 1963 2828; x_wconf 80' lang='grc' dir='ltr'><strong>καὶ</strong></span> 
     </span>
    </p>
   </div>
   <div class='ocr_carea' id='block_1_31' title="bbox 306 2859 1961 2940">
    <p class='ocr_par' dir='ltr' id='par_1_31' title="bbox 306 2859 1961 2940">
     <span class='ocr_line' id='line_1_31' title="bbox 306 2859 1961 2940; baseline 0.001 -25"><span class='ocrx_word' id='word_1_221' title='bbox 306 2860 484 2931; x_wconf 78' lang='grc' dir='ltr'>εἷπον,</span> <span class='ocrx_word' id='word_1_222' title='bbox 511 2885 540 2913; x_wconf 77' lang='grc' dir='ltr'>ι(</span> <span class='ocrx_word' id='word_1_223' title='bbox 572 2859 720 2931; x_wconf 73' lang='grc' dir='ltr'>Αὕτη</span> <span class='ocrx_word' id='word_1_224' title='bbox 746 2860 888 2917; x_wconf 80' lang='grc' dir='ltr'>ἐστὶν</span> <span class='ocrx_word' id='word_1_225' title='bbox 922 2864 957 2931; x_wconf 74' lang='grc' dir='ltr'>ἡ</span> <span class='ocrx_word' id='word_1_226' title='bbox 988 2862 1175 2933; x_wconf 81' lang='grc' dir='ltr'>πόλις,</span> <span class='ocrx_word' id='word_1_227' title='bbox 1215 2864 1242 2917; x_wconf 84' lang='grc' dir='ltr'>ὁ</span> <span class='ocrx_word' id='word_1_228' title='bbox 1278 2863 1532 2940; x_wconf 75' lang='grc' dir='ltr'>στέφανος</span> <span class='ocrx_word' id='word_1_229' title='bbox 1560 2859 1721 2933; x_wconf 85' lang='grc' dir='ltr'>δόξης</span> <span class='ocrx_word' id='word_1_230' title='bbox 1780 2862 1869 2916; x_wconf 85' lang='grc' dir='ltr'>καὶ</span> <span class='ocrx_word' id='word_1_231' title='bbox 1926 2864 1961 2932; x_wconf 75' lang='grc' dir='ltr'>ἡ</span> 
     </span>
    </p>
   </div>
   <div class='ocr_carea' id='block_1_32' title="bbox 305 2951 1964 3029">
    <p class='ocr_par' dir='ltr' id='par_1_32' title="bbox 305 2951 1964 3029">
     <span class='ocr_line' id='line_1_32' title="bbox 305 2951 1964 3029; baseline 0.001 -24"><span class='ocrx_word' id='word_1_232' title='bbox 305 2951 613 3029; x_wconf 76' lang='grc' dir='ltr'>εὐφροσύνη</span> <span class='ocrx_word' id='word_1_233' title='bbox 643 2952 823 3022; x_wconf 84' lang='grc' dir='ltr'>πάσης</span> <span class='ocrx_word' id='word_1_234' title='bbox 880 2959 984 3021; x_wconf 84' lang='grc' dir='ltr'>τῆς</span> <span class='ocrx_word' id='word_1_235' title='bbox 1029 2959 1152 3027; x_wconf 81' lang='grc' dir='ltr'>γῆς.</span> <span class='ocrx_word' id='word_1_236' title='bbox 1207 2953 1313 3008; x_wconf 82' lang='grc' dir='ltr'><strong>Καὶ</strong></span> <span class='ocrx_word' id='word_1_237' title='bbox 1370 2956 1488 3014; x_wconf 88' lang='grc' dir='ltr'><strong>πῶς</strong></span> <span class='ocrx_word' id='word_1_238' title='bbox 1545 2951 1755 3007; x_wconf 76' lang='grc' dir='ltr'>ἐκάθισε</span> <span class='ocrx_word' id='word_1_239' title='bbox 1812 2953 1964 3027; x_wconf 69' lang='grc' dir='ltr'>χήρα</span> 
     </span>
    </p>
   </div>
   <div class='ocr_carea' id='block_1_33' title="bbox 303 3037 1964 3115">
    <p class='ocr_par' dir='ltr' id='par_1_33' title="bbox 303 3037 1964 3115">
     <span class='ocr_line' id='line_1_33' title="bbox 303 3037 1964 3115; baseline -0.001 -21"><span class='ocrx_word' id='word_1_240' title='bbox 303 3042 337 3111; x_wconf 80' lang='grc' dir='ltr'>ἡ</span> <span class='ocrx_word' id='word_1_241' title='bbox 394 3037 829 3114; x_wconf 77' lang='grc' dir='ltr'>πεπληθυσμένη</span> <span class='ocrx_word' id='word_1_242' title='bbox 892 3038 1061 3110; x_wconf 87' lang='grc' dir='ltr'>λαῶν,</span> <span class='ocrx_word' id='word_1_243' title='bbox 1110 3040 1201 3095; x_wconf 85' lang='grc' dir='ltr'><strong>καὶ</strong></span> <span class='ocrx_word' id='word_1_244' title='bbox 1259 3043 1294 3110; x_wconf 79' lang='grc' dir='ltr'><strong>ἡ</strong></span> <span class='ocrx_word' id='word_1_245' title='bbox 1340 3038 1589 3115; x_wconf 77' lang='grc' dir='ltr'>ἄρχουσα</span> <span class='ocrx_word' id='word_1_246' title='bbox 1641 3040 1694 3095; x_wconf 75' lang='grc' dir='ltr'><strong>ἐν</strong></span> <span class='ocrx_word' id='word_1_247' title='bbox 1749 3042 1964 3115; x_wconf 87' lang='grc' dir='ltr'>χώραις</span> 
     </span>
    </p>
   </div>
   <div class='ocr_carea' id='block_1_34' title="bbox 302 3127 1961 3207">
    <p class='ocr_par' dir='ltr' id='par_1_34' title="bbox 302 3127 1961 3207">
     <span class='ocr_line' id='line_1_34' title="bbox 302 3127 1961 3207; baseline 0 -24"><span class='ocrx_word' id='word_1_248' title='bbox 302 3127 569 3205; x_wconf 79' lang='grc' dir='ltr'>ἐγεννήθη</span> <span class='ocrx_word' id='word_1_249' title='bbox 605 3128 682 3191; x_wconf 83' lang='grc' dir='ltr'><strong>εἰς</strong></span> <span class='ocrx_word' id='word_1_250' title='bbox 713 3131 916 3207; x_wconf 81' lang='grc' dir='ltr'>φόρους</span> <span class='ocrx_word' id='word_1_251' title='bbox 946 3147 961 3198; x_wconf 87' lang='grc'>;</span> <span class='ocrx_word' id='word_1_252' title='bbox 994 3128 1132 3185; x_wconf 75' lang='grc' dir='ltr'>Εῖπε</span> <span class='ocrx_word' id='word_1_253' title='bbox 1161 3130 1264 3204; x_wconf 82' lang='grc' dir='ltr'>γὰρ</span> <span class='ocrx_word' id='word_1_254' title='bbox 1323 3131 1351 3184; x_wconf 88' lang='grc' dir='ltr'>ὁ</span> <span class='ocrx_word' id='word_1_255' title='bbox 1409 3129 1540 3192; x_wconf 88' lang='grc' dir='ltr'>Θεός</span> <span class='ocrx_word' id='word_1_256' title='bbox 1590 3149 1707 3197; x_wconf 91' lang='grc' dir='ltr'>σου,</span> <span class='ocrx_word' id='word_1_257' title='bbox 1758 3128 1961 3204; x_wconf 88' lang='grc' dir='ltr'>Χρόνον</span> 
     </span>
    </p>
   </div>
   <div class='ocr_carea' id='block_1_35' title="bbox 306 3216 1963 3293">
    <p class='ocr_par' dir='ltr' id='par_1_35' title="bbox 306 3216 1963 3293">
     <span class='ocr_line' id='line_1_35' title="bbox 306 3216 1963 3293; baseline -0.001 -21"><span class='ocrx_word' id='word_1_258' title='bbox 306 3218 506 3293; x_wconf 88' lang='grc' dir='ltr'>μικρὸν</span> <span class='ocrx_word' id='word_1_259' title='bbox 532 3216 826 3272; x_wconf 82' lang='grc' dir='ltr'>κατέλιπόν</span> <span class='ocrx_word' id='word_1_260' title='bbox 855 3238 935 3287; x_wconf 90' lang='grc' dir='ltr'><strong>σε,</strong></span> <span class='ocrx_word' id='word_1_261' title='bbox 984 3218 1073 3272; x_wconf 88' lang='grc' dir='ltr'><strong>καὶ</strong></span> <span class='ocrx_word' id='word_1_262' title='bbox 1109 3219 1225 3292; x_wconf 85' lang='grc' dir='ltr'>μετ’</span> <span class='ocrx_word' id='word_1_263' title='bbox 1274 3216 1458 3281; x_wconf 84' lang='grc' dir='ltr'>ἐλέους</span> <span class='ocrx_word' id='word_1_264' title='bbox 1493 3216 1734 3293; x_wconf 84' lang='grc' dir='ltr'>μεγάλου</span> <span class='ocrx_word' id='word_1_265' title='bbox 1765 3217 1963 3272; x_wconf 75' lang='grc' dir='ltr'>οἰκτει-</span> 
     </span>
    </p>
   </div>
   <div class='ocr_carea' id='block_1_36' title="bbox 304 3281 2035 3383">
    <p class='ocr_par' dir='ltr' id='par_1_36' title="bbox 304 3281 2035 3383">
     <span class='ocr_line' id='line_1_36' title="bbox 304 3281 2035 3383; baseline 0.001 -22"><span class='ocrx_word' id='word_1_266' title='bbox 304 3281 461 3383; x_wconf 40' lang='grc' dir='ltr'>ρήσΙω</span> <span class='ocrx_word' id='word_1_267' title='bbox 489 3326 566 3362; x_wconf 88' lang='grc' dir='ltr'><strong>σε.</strong></span> <span class='ocrx_word' id='word_1_268' title='bbox 600 3308 687 3362; x_wconf 87' lang='grc' dir='ltr'><strong>Ἐν</strong></span> <span class='ocrx_word' id='word_1_269' title='bbox 739 3308 896 3379; x_wconf 77' lang='grc' dir='ltr'>θυμῷ</span> <span class='ocrx_word' id='word_1_270' title='bbox 922 3281 932 3287; x_wconf 40' lang='grc'><em>’</em></span> <span class='ocrx_word' id='word_1_271' title='bbox 956 3281 1139 3382; x_wconf 76' lang='grc' dir='ltr'>μικρῷ</span> <span class='ocrx_word' id='word_1_272' title='bbox 1191 3281 1503 3383; x_wconf 69' lang='grc' dir='ltr'>ἀπέστρεψά</span> <span class='ocrx_word' id='word_1_273' title='bbox 1555 3281 1619 3362; x_wconf 74' lang='grc' dir='ltr'>τὸ</span> <span class='ocrx_word' id='word_1_274' title='bbox 1667 3307 1959 3383; x_wconf 88' lang='grc' dir='ltr'>πρόσωπόν</span> <span class='ocrx_word' id='word_1_275' title='bbox 1993 3281 2035 3348; x_wconf 80' lang='lat' dir='ltr'>C</span> 
     </span>
    </p>
   </div>
   <div class='ocr_carea' id='block_1_37' title="bbox 308 3393 1963 3471">
    <p class='ocr_par' dir='ltr' id='par_1_37' title="bbox 308 3393 1963 3471">
     <span class='ocr_line' id='line_1_37' title="bbox 308 3393 1963 3471; baseline 0 -21"><span class='ocrx_word' id='word_1_276' title='bbox 308 3416 441 3470; x_wconf 87' lang='grc' dir='ltr'>μου,</span> <span class='ocrx_word' id='word_1_277' title='bbox 473 3396 565 3450; x_wconf 82' lang='grc' dir='ltr'><strong>καὶ</strong></span> <span class='ocrx_word' id='word_1_278' title='bbox 593 3393 646 3449; x_wconf 80' lang='grc' dir='ltr'><strong>ἐν</strong></span> <span class='ocrx_word' id='word_1_279' title='bbox 680 3393 820 3467; x_wconf 84' lang='grc' dir='ltr'>ἐλέῳ</span> <span class='ocrx_word' id='word_1_280' title='bbox 849 3394 1054 3466; x_wconf 83' lang='grc' dir='ltr'>αἰωνίῳ</span> <span class='ocrx_word' id='word_1_281' title='bbox 1086 3394 1300 3465; x_wconf 81' lang='grc' dir='ltr'>ἐλεήσω</span> <span class='ocrx_word' id='word_1_282' title='bbox 1354 3416 1431 3451; x_wconf 91' lang='grc' dir='ltr'><strong>σε.</strong></span> <span class='ocrx_word' id='word_1_283' title='bbox 1466 3419 1494 3449; x_wconf 80' lang='grc'><strong>››</strong></span> <span class='ocrx_word' id='word_1_284' title='bbox 1555 3396 1625 3451; x_wconf 88' lang='grc' dir='ltr'><strong>Ἦ</strong></span> <span class='ocrx_word' id='word_1_285' title='bbox 1658 3400 1788 3471; x_wconf 87' lang='grc' dir='ltr'>γοῦν</span> <span class='ocrx_word' id='word_1_286' title='bbox 1817 3395 1963 3467; x_wconf 78' lang='grc' dir='ltr'>ᾅσεις</span> 
     </span>
    </p>
   </div>
   <div class='ocr_carea' id='block_1_38' title="bbox 306 3480 1962 3560">
    <p class='ocr_par' dir='ltr' id='par_1_38' title="bbox 306 3480 1962 3560">
     <span class='ocr_line' id='line_1_38' title="bbox 306 3480 1962 3560; baseline -0.001 -20"><span class='ocrx_word' id='word_1_287' title='bbox 306 3480 616 3547; x_wconf 85' lang='grc' dir='ltr'>Δαϐιδικῶς</span> <span class='ocrx_word' id='word_1_288' title='bbox 646 3484 783 3560; x_wconf 88' lang='grc' dir='ltr'>πρὸς</span> <span class='ocrx_word' id='word_1_289' title='bbox 816 3485 971 3554; x_wconf 87' lang='grc' dir='ltr'>Θεὸν,</span> <span class='ocrx_word' id='word_1_290' title='bbox 1003 3508 1031 3537; x_wconf 80' lang='grc' dir='ltr'>ι(</span> <span class='ocrx_word' id='word_1_291' title='bbox 1066 3485 1216 3541; x_wconf 89' lang='grc' dir='ltr'>Κατά</span> <span class='ocrx_word' id='word_1_292' title='bbox 1243 3485 1306 3539; x_wconf 87' lang='grc' dir='ltr'>τὸ</span> <span class='ocrx_word' id='word_1_293' title='bbox 1354 3483 1569 3555; x_wconf 81' lang='grc' dir='ltr'>πλῆθός</span> <span class='ocrx_word' id='word_1_294' title='bbox 1599 3489 1709 3539; x_wconf 90' lang='grc' dir='ltr'><strong>τῶν</strong></span> <span class='ocrx_word' id='word_1_295' title='bbox 1759 3483 1962 3540; x_wconf 87' lang='grc' dir='ltr'>ὀδυνῶν</span> 
     </span>
    </p>
   </div>
   <div class='ocr_carea' id='block_1_39' title="bbox 312 3573 1967 3652">
    <p class='ocr_par' dir='ltr' id='par_1_39' title="bbox 312 3573 1967 3652">
     <span class='ocr_line' id='line_1_39' title="bbox 312 3573 1967 3652; baseline 0.001 -22"><span class='ocrx_word' id='word_1_296' title='bbox 312 3596 421 3652; x_wconf 89' lang='grc' dir='ltr'><strong>μου</strong></span> <span class='ocrx_word' id='word_1_297' title='bbox 449 3574 503 3630; x_wconf 79' lang='grc' dir='ltr'><strong>ἐν</strong></span> <span class='ocrx_word' id='word_1_298' title='bbox 529 3578 597 3649; x_wconf 81' lang='grc' dir='ltr'>τῇ</span> <span class='ocrx_word' id='word_1_299' title='bbox 629 3573 823 3651; x_wconf 83' lang='grc' dir='ltr'>καρδίᾳ</span> <span class='ocrx_word' id='word_1_300' title='bbox 855 3595 961 3649; x_wconf 90' lang='grc' dir='ltr'><strong>μου</strong></span> <span class='ocrx_word' id='word_1_301' title='bbox 1017 3576 1073 3629; x_wconf 76' lang='grc' dir='ltr'>αἱ</span> <span class='ocrx_word' id='word_1_302' title='bbox 1129 3573 1501 3650; x_wconf 77' lang='grc' dir='ltr'>παρακλήσεις</span> <span class='ocrx_word' id='word_1_303' title='bbox 1555 3596 1651 3631; x_wconf 92' lang='grc' dir='ltr'><strong>σου</strong></span> <span class='ocrx_word' id='word_1_304' title='bbox 1705 3573 1967 3652; x_wconf 74' lang='grc' dir='ltr'>εὕφραναν</span> 
     </span>
    </p>
   </div>
   <div class='ocr_carea' id='block_1_40' title="bbox 306 3660 1966 3740">
    <p class='ocr_par' dir='ltr' id='par_1_40' title="bbox 306 3660 1966 3740">
     <span class='ocr_line' id='line_1_40' title="bbox 306 3660 1966 3740; baseline 0 -21"><span class='ocrx_word' id='word_1_305' title='bbox 306 3667 412 3734; x_wconf 83' lang='grc' dir='ltr'>τήν</span> <span class='ocrx_word' id='word_1_306' title='bbox 444 3666 631 3740; x_wconf 81' lang='grc' dir='ltr'>ψυχήν</span> <span class='ocrx_word' id='word_1_307' title='bbox 667 3684 794 3738; x_wconf 93' lang='grc' dir='ltr'>μου.</span> <span class='ocrx_word' id='word_1_308' title='bbox 837 3686 865 3715; x_wconf 86' lang='grc'>››</span> <span class='ocrx_word' id='word_1_309' title='bbox 895 3664 988 3727; x_wconf 85' lang='grc' dir='ltr'><strong>Τίς</strong></span> <span class='ocrx_word' id='word_1_310' title='bbox 1013 3660 1359 3734; x_wconf 74' lang='grc' dir='ltr'>ἐπιστήσεται</span> <span class='ocrx_word' id='word_1_311' title='bbox 1426 3685 1512 3719; x_wconf 92' lang='grc' dir='ltr'><strong>σοι</strong></span> <span class='ocrx_word' id='word_1_312' title='bbox 1544 3666 1786 3734; x_wconf 80' lang='grc' dir='ltr'>Μωϋσῆς</span> <span class='ocrx_word' id='word_1_313' title='bbox 1813 3685 1966 3720; x_wconf 84' lang='grc' dir='ltr'>καιν-</span> 
     </span>
    </p>
   </div>
   <div class='ocr_carea' id='block_1_41' title="bbox 317 3749 1967 3832">
    <p class='ocr_par' dir='ltr' id='par_1_41' title="bbox 317 3749 1967 3832">
     <span class='ocr_line' id='line_1_41' title="bbox 317 3749 1967 3832; baseline 0 -23"><span class='ocrx_word' id='word_1_314' title='bbox 317 3755 538 3830; x_wconf 85' lang='grc' dir='ltr'>ουργὸς,</span> <span class='ocrx_word' id='word_1_315' title='bbox 571 3754 607 3824; x_wconf 77' lang='grc' dir='ltr'><strong>ἢ</strong></span> <span class='ocrx_word' id='word_1_316' title='bbox 676 3753 955 3830; x_wconf 79' lang='grc' dir='ltr'>ἐπανάγων</span> <span class='ocrx_word' id='word_1_317' title='bbox 1013 3753 1377 3832; x_wconf 69' lang='grc' dir='ltr'>ἐποφθήσεται</span> <span class='ocrx_word' id='word_1_318' title='bbox 1417 3749 1773 3830; x_wconf 81' lang='grc' dir='ltr'>Ζοροϐάϐελ;</span> <span class='ocrx_word' id='word_1_319' title='bbox 1832 3755 1967 3810; x_wconf 89' lang='grc' dir='ltr'>πότε</span> 
     </span>
    </p>
   </div>
   <div class='ocr_carea' id='block_1_42' title="bbox 319 3843 1964 3922">
    <p class='ocr_par' dir='ltr' id='par_1_42' title="bbox 319 3843 1964 3922">
     <span class='ocr_line' id='line_1_42' title="bbox 319 3843 1964 3922; baseline 0 -22"><span class='ocrx_word' id='word_1_320' title='bbox 319 3843 364 3900; x_wconf 82' lang='grc' dir='ltr'>δ’</span> <span class='ocrx_word' id='word_1_321' title='bbox 430 3844 629 3901; x_wconf 77' lang='grc' dir='ltr'>ἐσεῖταί</span> <span class='ocrx_word' id='word_1_322' title='bbox 685 3866 771 3899; x_wconf 93' lang='grc' dir='ltr'><strong>σοι</strong></span> <span class='ocrx_word' id='word_1_323' title='bbox 827 3843 888 3899; x_wconf 87' lang='grc' dir='ltr'><strong>ἐκ</strong></span> <span class='ocrx_word' id='word_1_324' title='bbox 913 3850 1023 3900; x_wconf 88' lang='grc' dir='ltr'><strong>τῶν</strong></span> <span class='ocrx_word' id='word_1_325' title='bbox 1074 3849 1346 3920; x_wconf 81' lang='grc' dir='ltr'>τεσσάρων</span> <span class='ocrx_word' id='word_1_326' title='bbox 1399 3846 1610 3919; x_wconf 78' lang='grc' dir='ltr'>ἀνέμων</span> <span class='ocrx_word' id='word_1_327' title='bbox 1645 3851 1964 3922; x_wconf 78' lang='grc' dir='ltr'>συναγαγεῖν</span> 
     </span>
    </p>
   </div>
   <div class='ocr_carea' id='block_1_43' title="bbox 316 3930 1966 4011">
    <p class='ocr_par' dir='ltr' id='par_1_43' title="bbox 316 3930 1966 4011">
     <span class='ocr_line' id='line_1_43' title="bbox 316 3930 1966 4011; baseline -0.001 -21"><span class='ocrx_word' id='word_1_328' title='bbox 316 3936 381 3991; x_wconf 79' lang='grc' dir='ltr'>τὰ</span> <span class='ocrx_word' id='word_1_329' title='bbox 435 3936 595 3990; x_wconf 71' lang='grc' dir='ltr'>τέκνα</span> <span class='ocrx_word' id='word_1_330' title='bbox 648 3955 766 4003; x_wconf 91' lang='grc' dir='ltr'>σου,</span> <span class='ocrx_word' id='word_1_331' title='bbox 822 3933 873 3989; x_wconf 85' lang='grc' dir='ltr'><strong>ἐν</strong></span> <span class='ocrx_word' id='word_1_332' title='bbox 931 3936 1018 3998; x_wconf 86' lang='grc' dir='ltr'>οἷς</span> <span class='ocrx_word' id='word_1_333' title='bbox 1066 3932 1454 4010; x_wconf 79' lang='grc' dir='ltr'>διεσπάρημεν,</span> <span class='ocrx_word' id='word_1_334' title='bbox 1515 3935 1573 3989; x_wconf 84' lang='grc' dir='ltr'>ὅν</span> <span class='ocrx_word' id='word_1_335' title='bbox 1648 3930 1853 4011; x_wconf 86' lang='grc' dir='ltr'>τρόπον</span> <span class='ocrx_word' id='word_1_336' title='bbox 1910 3935 1966 3989; x_wconf 78' lang='grc' dir='ltr'>αἱ</span> 
     </span>
    </p>
   </div>
   <div class='ocr_carea' id='block_1_44' title="bbox 319 4022 1966 4102">
    <p class='ocr_par' dir='ltr' id='par_1_44' title="bbox 319 4022 1966 4102">
     <span class='ocr_line' id='line_1_44' title="bbox 319 4022 1966 4102; baseline 0 -24"><span class='ocrx_word' id='word_1_337' title='bbox 319 4022 632 4102; x_wconf 76' lang='grc' dir='ltr'>φιλότεκνοι</span> <span class='ocrx_word' id='word_1_338' title='bbox 666 4022 878 4098; x_wconf 73' lang='grc' dir='ltr'>ὄρνιθες</span> <span class='ocrx_word' id='word_1_339' title='bbox 923 4023 1026 4078; x_wconf 80' lang='grc' dir='ltr'>ὑπὸ</span> <span class='ocrx_word' id='word_1_340' title='bbox 1074 4024 1171 4084; x_wconf 85' lang='grc' dir='ltr'><strong>τάς</strong></span> <span class='ocrx_word' id='word_1_341' title='bbox 1222 4024 1424 4079; x_wconf 73' lang='grc' dir='ltr'>ἑαυτῶν</span> <span class='ocrx_word' id='word_1_342' title='bbox 1472 4023 1782 4099; x_wconf 82' lang='grc' dir='ltr'>ἀθροίζουσι</span> <span class='ocrx_word' id='word_1_343' title='bbox 1839 4022 1966 4078; x_wconf 68' lang='lat' dir='ltr'><strong>mt-</strong></span> 
     </span>
    </p>
   </div>
   <div class='ocr_carea' id='block_1_45' title="bbox 316 4109 1970 4191">
    <p class='ocr_par' dir='ltr' id='par_1_45' title="bbox 316 4109 1970 4191">
     <span class='ocr_line' id='line_1_45' title="bbox 316 4109 1970 4191; baseline -0.002 -22"><span class='ocrx_word' id='word_1_344' title='bbox 316 4133 483 4191; x_wconf 90' lang='grc' dir='ltr'>ρυγας</span> <span class='ocrx_word' id='word_1_345' title='bbox 515 4114 580 4168; x_wconf 77' lang='grc' dir='ltr'><strong>τά</strong></span> <span class='ocrx_word' id='word_1_346' title='bbox 611 4113 786 4167; x_wconf 80' lang='grc' dir='ltr'>οἰκεῖα</span> <span class='ocrx_word' id='word_1_347' title='bbox 815 4111 1076 4181; x_wconf 85' lang='grc' dir='ltr'>νεόττια;</span> <span class='ocrx_word' id='word_1_348' title='bbox 1135 4112 1225 4176; x_wconf 84' lang='grc' dir='ltr'>Ὡς</span> <span class='ocrx_word' id='word_1_349' title='bbox 1278 4116 1367 4166; x_wconf 92' lang='grc' dir='ltr'><strong>νῦν</strong></span> <span class='ocrx_word' id='word_1_350' title='bbox 1427 4132 1489 4187; x_wconf 87' lang='grc' dir='ltr'><strong>γε</strong></span> <span class='ocrx_word' id='word_1_351' title='bbox 1549 4109 1663 4167; x_wconf 77' lang='grc' dir='ltr'>οὐδ’</span> <span class='ocrx_word' id='word_1_352' title='bbox 1720 4111 1970 4174; x_wconf 84' lang='grc' dir='ltr'>ἐνωπίως</span> 
     </span>
    </p>
   </div>
   <div class='ocr_carea' id='block_1_46' title="bbox 314 4196 1966 4280">
    <p class='ocr_par' dir='ltr' id='par_1_46' title="bbox 314 4196 1966 4280">
     <span class='ocr_line' id='line_1_46' title="bbox 314 4196 1966 4280; baseline -0.002 -22"><span class='ocrx_word' id='word_1_353' title='bbox 314 4223 399 4258; x_wconf 90' lang='grc' dir='ltr'><strong>σοι</strong></span> <span class='ocrx_word' id='word_1_354' title='bbox 443 4199 870 4280; x_wconf 72' lang='grc' dir='ltr'>ἐποφθαλμῆσαι</span> <span class='ocrx_word' id='word_1_355' title='bbox 927 4205 1179 4275; x_wconf 76' lang='grc' dir='ltr'>καθαρῶς</span> <span class='ocrx_word' id='word_1_356' title='bbox 1262 4196 1488 4275; x_wconf 80' lang='grc' dir='ltr'>ἔχομεν,</span> <span class='ocrx_word' id='word_1_357' title='bbox 1560 4197 1673 4254; x_wconf 78' lang='grc' dir='ltr'>οὐδ’</span> <span class='ocrx_word' id='word_1_358' title='bbox 1726 4199 1966 4278; x_wconf 76' lang='grc' dir='ltr'>ἐμφῆναι</span> 
     </span>
    </p>
   </div>
   <div class='ocr_carea' id='block_1_47' title="bbox 310 4284 1967 4371">
    <p class='ocr_par' dir='ltr' id='par_1_47' title="bbox 310 4284 1967 4371">
     <span class='ocr_line' id='line_1_47' title="bbox 310 4284 1967 4371; baseline -0.002 -25"><span class='ocrx_word' id='word_1_359' title='bbox 310 4295 631 4371; x_wconf 81' lang='grc' dir='ltr'>περιχαρῶς</span> <span class='ocrx_word' id='word_1_360' title='bbox 680 4291 753 4353; x_wconf 85' lang='grc' dir='ltr'>ὡς</span> <span class='ocrx_word' id='word_1_361' title='bbox 814 4290 1006 4365; x_wconf 84' lang='grc' dir='ltr'>μητρὶ,</span> <span class='ocrx_word' id='word_1_362' title='bbox 1063 4289 1153 4344; x_wconf 78' lang='grc' dir='ltr'>καὶ</span> <span class='ocrx_word' id='word_1_363' title='bbox 1229 4284 1468 4363; x_wconf 86' lang='grc' dir='ltr'>ἀκριϐῶς</span> <span class='ocrx_word' id='word_1_364' title='bbox 1526 4288 1827 4345; x_wconf 88' lang='grc' dir='ltr'>ἐπισπεῖσαί</span> <span class='ocrx_word' id='word_1_365' title='bbox 1883 4309 1967 4343; x_wconf 91' lang='grc' dir='ltr'><strong>σοι</strong></span> 
     </span>
    </p>
   </div>
   <div class='ocr_carea' id='block_1_48' title="bbox 309 4375 1967 4458">
    <p class='ocr_par' dir='ltr' id='par_1_48' title="bbox 309 4375 1967 4458">
     <span class='ocr_line' id='line_1_48' title="bbox 309 4375 1967 4458; baseline -0.002 -21"><span class='ocrx_word' id='word_1_366' title='bbox 309 4378 542 4458; x_wconf 82' lang='grc' dir='ltr'>δάκρυον</span> <span class='ocrx_word' id='word_1_367' title='bbox 590 4382 715 4435; x_wconf 81' lang='grc' dir='ltr'>ὅσον</span> <span class='ocrx_word' id='word_1_368' title='bbox 768 4378 1052 4456; x_wconf 74' lang='grc' dir='ltr'>ὀφθαλμὸς</span> <span class='ocrx_word' id='word_1_369' title='bbox 1144 4376 1398 4454; x_wconf 81' lang='grc' dir='ltr'>βούλεται</span> <span class='ocrx_word' id='word_1_370' title='bbox 1456 4376 1491 4448; x_wconf 76' lang='grc' dir='ltr'>ἤ</span> <span class='ocrx_word' id='word_1_371' title='bbox 1551 4375 1792 4449; x_wconf 77' lang='grc' dir='ltr'>δύναται,</span> <span class='ocrx_word' id='word_1_372' title='bbox 1841 4376 1967 4433; x_wconf 79' lang='grc' dir='ltr'>ἀλλ’</span> 
     </span>
    </p>
   </div>
   <div class='ocr_carea' id='block_1_49' title="bbox 303 4466 1966 4542">
    <p class='ocr_par' dir='ltr' id='par_1_49' title="bbox 303 4466 1966 4542">
     <span class='ocr_line' id='line_1_49' title="bbox 303 4466 1966 4542; baseline -0.004 -15"><span class='ocrx_word' id='word_1_373' title='bbox 303 4466 561 4532; x_wconf 79' lang='grc' dir='ltr'>εὐλαϐῶς</span> <span class='ocrx_word' id='word_1_374' title='bbox 608 4469 683 4533; x_wconf 84' lang='grc' dir='ltr'>ὡς</span> <span class='ocrx_word' id='word_1_375' title='bbox 740 4468 994 4540; x_wconf 89' lang='grc' dir='ltr'>στρουθοί</span> <span class='ocrx_word' id='word_1_376' title='bbox 1052 4487 1111 4521; x_wconf 89' lang='grc' dir='ltr'>σε</span> <span class='ocrx_word' id='word_1_377' title='bbox 1166 4467 1602 4542; x_wconf 82' lang='grc' dir='ltr'>περιιπτάμενοι,</span> <span class='ocrx_word' id='word_1_378' title='bbox 1662 4468 1735 4522; x_wconf 86' lang='grc' dir='ltr'>ὧν</span> <span class='ocrx_word' id='word_1_379' title='bbox 1795 4466 1966 4522; x_wconf 66' lang='grc' dir='ltr'>συνείη</span> 
     </span>
    </p>
   </div>
   <div class='ocr_carea' id='block_1_50' title="bbox 302 4551 1967 4636">
    <p class='ocr_par' dir='ltr' id='par_1_50' title="bbox 302 4551 1967 4636">
     <span class='ocr_line' id='line_1_50' title="bbox 302 4551 1967 4636; baseline -0.004 -21"><span class='ocrx_word' id='word_1_380' title='bbox 302 4558 517 4630; x_wconf 88' lang='grc' dir='ltr'>ληπται</span> <span class='ocrx_word' id='word_1_381' title='bbox 547 4558 582 4627; x_wconf 78' lang='grc' dir='ltr'>ἡ</span> <span class='ocrx_word' id='word_1_382' title='bbox 606 4557 827 4636; x_wconf 70' lang='grc' dir='ltr'>τροφὸς,</span> <span class='ocrx_word' id='word_1_383' title='bbox 861 4558 895 4625; x_wconf 83' lang='grc' dir='ltr'>ἡ</span> <span class='ocrx_word' id='word_1_384' title='bbox 930 4553 988 4611; x_wconf 75' lang='grc' dir='ltr'>δὲ</span> <span class='ocrx_word' id='word_1_385' title='bbox 1018 4553 1186 4611; x_wconf 86' lang='grc' dir='ltr'>καλιά</span> <span class='ocrx_word' id='word_1_386' title='bbox 1215 4552 1607 4628; x_wconf 78' lang='grc' dir='ltr'>διεσκέδασται,</span> <span class='ocrx_word' id='word_1_387' title='bbox 1651 4551 1882 4611; x_wconf 86' lang='grc' dir='ltr'>ἐλεεινόν</span> <span class='ocrx_word' id='word_1_388' title='bbox 1913 4576 1967 4610; x_wconf 89' lang='grc' dir='ltr'><strong>τι</strong></span> 
     </span>
    </p>
   </div>
   <div class='ocr_carea' id='block_1_51' title="bbox 2079 636 3726 711">
    <p class='ocr_par' dir='ltr' id='par_1_51' title="bbox 2079 636 3726 711">
     <span class='ocr_line' id='line_1_51' title="bbox 2079 636 3726 711; baseline 0.005 -22"><span class='ocrx_word' id='word_1_389' title='bbox 2079 637 2137 689; x_wconf 88' lang='lat' dir='ltr'><strong>et</strong></span> <span class='ocrx_word' id='word_1_390' title='bbox 2191 636 2380 691; x_wconf 79' lang='lat' dir='ltr'><strong>suavis</strong></span> <span class='ocrx_word' id='word_1_391' title='bbox 2415 640 2510 692; x_wconf 89' lang='lat' dir='ltr'><strong>tua</strong></span> <span class='ocrx_word' id='word_1_392' title='bbox 2544 637 2715 694; x_wconf 79' lang='lat' dir='ltr'><strong>facies</strong></span> <span class='ocrx_word' id='word_1_393' title='bbox 2743 643 2826 693; x_wconf 87' lang='lat' dir='ltr'><strong>est</strong></span> <span class='ocrx_word' id='word_1_394' title='bbox 2854 642 3035 694; x_wconf 88' lang='lat' dir='ltr'><strong>arata.</strong></span> <span class='ocrx_word' id='word_1_395' title='bbox 3068 642 3264 710; x_wconf 88' lang='lat' dir='ltr'><strong>Neque</strong></span> <span class='ocrx_word' id='word_1_396' title='bbox 3289 640 3410 711; x_wconf 85' lang='lat' dir='ltr'><strong>jam</strong></span> <span class='ocrx_word' id='word_1_397' title='bbox 3444 641 3572 696; x_wconf 90' lang='lat' dir='ltr'><strong>dico</strong></span> <span class='ocrx_word' id='word_1_398' title='bbox 3603 658 3726 698; x_wconf 90' lang='lat' dir='ltr'><strong>esse</strong></span> 
     </span>
    </p>
   </div>
   <div class='ocr_carea' id='block_1_52' title="bbox 2079 724 3723 801">
    <p class='ocr_par' dir='ltr' id='par_1_52' title="bbox 2079 724 3723 801">
     <span class='ocr_line' id='line_1_52' title="bbox 2079 724 3723 801; baseline 0.006 -23"><span class='ocrx_word' id='word_1_399' title='bbox 2079 724 2176 794; x_wconf 91' lang='lat' dir='ltr'><strong>qui</strong></span> <span class='ocrx_word' id='word_1_400' title='bbox 2208 728 2339 781; x_wconf 90' lang='lat' dir='ltr'><strong>tuas</strong></span> <span class='ocrx_word' id='word_1_401' title='bbox 2386 726 2578 782; x_wconf 86' lang='lat' dir='ltr'><strong>clades</strong></span> <span class='ocrx_word' id='word_1_402' title='bbox 2609 728 2677 781; x_wconf 88' lang='lat' dir='ltr'><strong>ad</strong></span> <span class='ocrx_word' id='word_1_403' title='bbox 2724 726 3003 783; x_wconf 73' lang='lat' dir='ltr'><strong>citharam</strong></span> <span class='ocrx_word' id='word_1_404' title='bbox 3050 727 3371 797; x_wconf 88' lang='lat' dir='ltr'><strong>cantillent,</strong></span> <span class='ocrx_word' id='word_1_405' title='bbox 3405 730 3503 801; x_wconf 86' lang='lat' dir='ltr'><strong>qui</strong></span> <span class='ocrx_word' id='word_1_406' title='bbox 3562 736 3723 787; x_wconf 89' lang='lat' dir='ltr'><strong>tuam</strong></span> 
     </span>
    </p>
   </div>
   <div class='ocr_carea' id='block_1_53' title="bbox 2080 814 3725 889">
    <p class='ocr_par' dir='ltr' id='par_1_53' title="bbox 2080 814 3725 889">
     <span class='ocr_line' id='line_1_53' title="bbox 2080 814 3725 889; baseline 0.005 -21"><span class='ocrx_word' id='word_1_407' title='bbox 2080 814 2417 883; x_wconf 82' lang='lat' dir='ltr'><strong>tragmdiam</strong></span> <span class='ocrx_word' id='word_1_408' title='bbox 2457 833 2554 885; x_wconf 90' lang='lat' dir='ltr'><strong>pro</strong></span> <span class='ocrx_word' id='word_1_409' title='bbox 2586 816 2866 871; x_wconf 74' lang='lat' dir='ltr'><strong>commdia</strong></span> <span class='ocrx_word' id='word_1_410' title='bbox 2905 815 3129 883; x_wconf 89' lang='lat' dir='ltr'><strong>ludant,</strong></span> <span class='ocrx_word' id='word_1_411' title='bbox 3164 835 3278 889; x_wconf 90' lang='lat' dir='ltr'><strong>quo</strong></span> <span class='ocrx_word' id='word_1_412' title='bbox 3310 818 3554 874; x_wconf 84' lang='lat' dir='ltr'><strong>artiﬁcio</strong></span> <span class='ocrx_word' id='word_1_413' title='bbox 3589 820 3725 877; x_wconf 83' lang='lat' dir='ltr'><strong>ridi-</strong></span> 
     </span>
    </p>
   </div>
   <div class='ocr_carea' id='block_1_54' title="bbox 2078 902 3726 980">
    <p class='ocr_par' dir='ltr' id='par_1_54' title="bbox 2078 902 3726 980">
     <span class='ocr_line' id='line_1_54' title="bbox 2078 902 3726 980; baseline 0.003 -22"><span class='ocrx_word' id='word_1_414' title='bbox 2078 902 2218 958; x_wconf 69' lang='lat' dir='ltr'><strong>eulaa</strong></span> <span class='ocrx_word' id='word_1_415' title='bbox 2277 903 2632 961; x_wconf 78' lang='lat' dir='ltr'><strong>recitationis</strong></span> <span class='ocrx_word' id='word_1_416' title='bbox 2680 905 2966 961; x_wconf 88' lang='lat' dir='ltr'><strong>malorum</strong></span> <span class='ocrx_word' id='word_1_417' title='bbox 3016 909 3246 961; x_wconf 88' lang='lat' dir='ltr'><strong>tuorum</strong></span> <span class='ocrx_word' id='word_1_418' title='bbox 3305 915 3359 962; x_wconf 92' lang='lat' dir='ltr'><strong>et</strong></span> <span class='ocrx_word' id='word_1_419' title='bbox 3429 906 3726 980; x_wconf 80' lang='lat' dir='ltr'><strong>alaparum</strong></span> 
     </span>
    </p>
   </div>
   <div class='ocr_carea' id='block_1_55' title="bbox 2077 992 3724 1069">
    <p class='ocr_par' dir='ltr' id='par_1_55' title="bbox 2077 992 3724 1069">
     <span class='ocr_line' id='line_1_55' title="bbox 2077 992 3724 1069; baseline 0.004 -23"><span class='ocrx_word' id='word_1_420' title='bbox 2077 992 2328 1057; x_wconf 86' lang='lat' dir='ltr'><strong>alantur,</strong></span> <span class='ocrx_word' id='word_1_421' title='bbox 2365 994 2465 1065; x_wconf 89' lang='lat' dir='ltr'><strong>qui</strong></span> <span class='ocrx_word' id='word_1_422' title='bbox 2514 992 2710 1066; x_wconf 88' lang='lat' dir='ltr'><strong>lapsus</strong></span> <span class='ocrx_word' id='word_1_423' title='bbox 2742 1001 2799 1049; x_wconf 92' lang='lat' dir='ltr'><strong>et</strong></span> <span class='ocrx_word' id='word_1_424' title='bbox 2831 995 3047 1051; x_wconf 85' lang='lat' dir='ltr'><strong>vibices</strong></span> <span class='ocrx_word' id='word_1_425' title='bbox 3076 1000 3132 1051; x_wconf 90' lang='lat' dir='ltr'><strong>et</strong></span> <span class='ocrx_word' id='word_1_426' title='bbox 3161 996 3564 1067; x_wconf 78' lang='lat' dir='ltr'><strong>contumelias,</strong></span> <span class='ocrx_word' id='word_1_427' title='bbox 3597 999 3724 1069; x_wconf 89' lang='lat' dir='ltr'><strong>qui-</strong></span> 
     </span>
    </p>
   </div>
   <div class='ocr_carea' id='block_1_56' title="bbox 2078 1079 3721 1156">
    <p class='ocr_par' dir='ltr' id='par_1_56' title="bbox 2078 1079 3721 1156">
     <span class='ocr_line' id='line_1_56' title="bbox 2078 1079 3721 1156; baseline 0.005 -21"><span class='ocrx_word' id='word_1_428' title='bbox 2078 1079 2183 1135; x_wconf 89' lang='lat' dir='ltr'><strong>bus</strong></span> <span class='ocrx_word' id='word_1_429' title='bbox 2232 1081 2292 1136; x_wconf 92' lang='lat' dir='ltr'><strong>in</strong></span> <span class='ocrx_word' id='word_1_430' title='bbox 2324 1080 2499 1138; x_wconf 89' lang='lat' dir='ltr'><strong>horas</strong></span> <span class='ocrx_word' id='word_1_431' title='bbox 2547 1083 2815 1151; x_wconf 81' lang='lat' dir='ltr'><strong>afﬁceris,</strong></span> <span class='ocrx_word' id='word_1_432' title='bbox 2858 1101 2963 1155; x_wconf 88' lang='lat' dir='ltr'><strong>per</strong></span> <span class='ocrx_word' id='word_1_433' title='bbox 2984 1085 3186 1156; x_wconf 86' lang='lat' dir='ltr'><strong>jocum</strong></span> <span class='ocrx_word' id='word_1_434' title='bbox 3238 1093 3721 1143; x_wconf 86' lang='lat' dir='ltr'><strong>commemorent.</strong></span> 
     </span>
    </p>
   </div>
   <div class='ocr_carea' id='block_1_57' title="bbox 2075 1170 3724 1247">
    <p class='ocr_par' dir='ltr' id='par_1_57' title="bbox 2075 1170 3724 1247">
     <span class='ocr_line' id='line_1_57' title="bbox 2075 1170 3724 1247; baseline 0.005 -23"><span class='ocrx_word' id='word_1_435' title='bbox 2075 1172 2185 1226; x_wconf 91' lang='lat' dir='ltr'><strong>Per</strong></span> <span class='ocrx_word' id='word_1_436' title='bbox 2239 1170 2517 1227; x_wconf 82' lang='lat' dir='ltr'><strong>invidiam</strong></span> <span class='ocrx_word' id='word_1_437' title='bbox 2550 1173 2823 1244; x_wconf 90' lang='lat' dir='ltr'><strong>depressa</strong></span> <span class='ocrx_word' id='word_1_438' title='bbox 2878 1189 2940 1228; x_wconf 85' lang='lat' dir='ltr'><strong>es</strong></span> <span class='ocrx_word' id='word_1_439' title='bbox 2999 1191 3031 1228; x_wconf 89' lang='lat' dir='ltr'><strong>a</strong></span> <span class='ocrx_word' id='word_1_440' title='bbox 3080 1175 3307 1230; x_wconf 82' lang='lat' dir='ltr'><strong>vecordi</strong></span> <span class='ocrx_word' id='word_1_441' title='bbox 3367 1176 3600 1247; x_wconf 87' lang='lat' dir='ltr'><strong>populo,</strong></span> <span class='ocrx_word' id='word_1_442' title='bbox 3659 1193 3724 1232; x_wconf 91' lang='lat' dir='ltr'><strong>ac</strong></span> 
     </span>
    </p>
   </div>
   <div class='ocr_carea' id='block_1_58' title="bbox 2077 1259 3724 1334">
    <p class='ocr_par' dir='ltr' id='par_1_58' title="bbox 2077 1259 3724 1334">
     <span class='ocr_line' id='line_1_58' title="bbox 2077 1259 3724 1334; baseline 0.004 -20"><span class='ocrx_word' id='word_1_443' title='bbox 2077 1259 2271 1328; x_wconf 83' lang='lat' dir='ltr'><strong>potius</strong></span> <span class='ocrx_word' id='word_1_444' title='bbox 2329 1260 2402 1315; x_wconf 91' lang='lat' dir='ltr'><strong>ab</strong></span> <span class='ocrx_word' id='word_1_445' title='bbox 2450 1260 2677 1316; x_wconf 89' lang='lat' dir='ltr'><strong>obscuri</strong></span> <span class='ocrx_word' id='word_1_446' title='bbox 2726 1269 2776 1317; x_wconf 89' lang='lat' dir='ltr'><strong>et</strong></span> <span class='ocrx_word' id='word_1_447' title='bbox 2806 1261 3128 1333; x_wconf 81' lang='lat' dir='ltr'><strong>vagabundi</strong></span> <span class='ocrx_word' id='word_1_448' title='bbox 3179 1261 3378 1334; x_wconf 89' lang='lat' dir='ltr'><strong>populi</strong></span> <span class='ocrx_word' id='word_1_449' title='bbox 3426 1262 3724 1332; x_wconf 88' lang='lat' dir='ltr'><strong>colluvie;</strong></span> 
     </span>
    </p>
   </div>
   <div class='ocr_carea' id='block_1_59' title="bbox 2077 1347 3726 1423">
    <p class='ocr_par' dir='ltr' id='par_1_59' title="bbox 2077 1347 3726 1423">
     <span class='ocr_line' id='line_1_59' title="bbox 2077 1347 3726 1423; baseline 0.002 -20"><span class='ocrx_word' id='word_1_450' title='bbox 2077 1347 2247 1418; x_wconf 84' lang='lat' dir='ltr'><strong>cujus</strong></span> <span class='ocrx_word' id='word_1_451' title='bbox 2279 1365 2549 1421; x_wconf 87' lang='lat' dir='ltr'><strong>magnam</strong></span> <span class='ocrx_word' id='word_1_452' title='bbox 2583 1354 2803 1421; x_wconf 83' lang='lat' dir='ltr'><strong>partem</strong></span> <span class='ocrx_word' id='word_1_453' title='bbox 2837 1350 2883 1405; x_wconf 91' lang='lat' dir='ltr'><strong>si</strong></span> <span class='ocrx_word' id='word_1_454' title='bbox 2916 1368 3028 1406; x_wconf 91' lang='lat' dir='ltr'><strong>non</strong></span> <span class='ocrx_word' id='word_1_455' title='bbox 3053 1350 3322 1423; x_wconf 84' lang='lat' dir='ltr'><strong>genuisti,</strong></span> <span class='ocrx_word' id='word_1_456' title='bbox 3381 1356 3437 1407; x_wconf 90' lang='lat' dir='ltr'><strong>at</strong></span> <span class='ocrx_word' id='word_1_457' title='bbox 3484 1351 3726 1408; x_wconf 83' lang='lat' dir='ltr'><strong>evexisti</strong></span> 
     </span>
    </p>
   </div>
   <div class='ocr_carea' id='block_1_60' title="bbox 2075 1438 3726 1511">
    <p class='ocr_par' dir='ltr' id='par_1_60' title="bbox 2075 1438 3726 1511">
     <span class='ocr_line' id='line_1_60' title="bbox 2075 1438 3726 1511; baseline 0.001 -17"><span class='ocrx_word' id='word_1_458' title='bbox 2075 1442 2131 1494; x_wconf 91' lang='lat' dir='ltr'><strong>et</strong></span> <span class='ocrx_word' id='word_1_459' title='bbox 2160 1439 2603 1508; x_wconf 86' lang='lat' dir='ltr'><strong>saginasti.Quis</strong></span> <span class='ocrx_word' id='word_1_460' title='bbox 2627 1443 2683 1494; x_wconf 87' lang='lat' dir='ltr'><strong>te</strong></span> <span class='ocrx_word' id='word_1_461' title='bbox 2713 1438 2966 1495; x_wconf 88' lang='lat' dir='ltr'><strong>servabit</strong></span> <span class='ocrx_word' id='word_1_462' title='bbox 2995 1441 3168 1511; x_wconf 80' lang='lat' dir='ltr'><strong>Pquis</strong></span> <span class='ocrx_word' id='word_1_463' title='bbox 3197 1445 3252 1496; x_wconf 89' lang='lat' dir='ltr'><strong>te</strong></span> <span class='ocrx_word' id='word_1_464' title='bbox 3283 1440 3676 1497; x_wconf 78' lang='lat' dir='ltr'><strong>consolabitur</strong></span> <span class='ocrx_word' id='word_1_465' title='bbox 3698 1441 3726 1496; x_wconf 86' lang='lat'><strong>?</strong></span> 
     </span>
    </p>
   </div>
   <div class='ocr_carea' id='block_1_61' title="bbox 2075 1525 3725 1603">
    <p class='ocr_par' dir='ltr' id='par_1_61' title="bbox 2075 1525 3725 1603">
     <span class='ocr_line' id='line_1_61' title="bbox 2075 1525 3725 1603; baseline 0.004 -23"><span class='ocrx_word' id='word_1_466' title='bbox 2075 1527 2205 1597; x_wconf 88' lang='lat' dir='ltr'><strong>quis</strong></span> <span class='ocrx_word' id='word_1_467' title='bbox 2259 1525 2359 1582; x_wconf 76' lang='lat' dir='ltr'><strong>tibi</strong></span> <span class='ocrx_word' id='word_1_468' title='bbox 2394 1534 2589 1598; x_wconf 87' lang='lat' dir='ltr'><strong>parcet</strong></span> <span class='ocrx_word' id='word_1_469' title='bbox 2620 1527 2647 1582; x_wconf 87' lang='lat'><strong>?</strong></span> <span class='ocrx_word' id='word_1_470' title='bbox 2678 1529 2801 1598; x_wconf 90' lang='lat' dir='ltr'><strong>quis</strong></span> <span class='ocrx_word' id='word_1_471' title='bbox 2829 1528 3012 1584; x_wconf 90' lang='lat' dir='ltr'><strong>vicem</strong></span> <span class='ocrx_word' id='word_1_472' title='bbox 3071 1532 3227 1583; x_wconf 87' lang='lat' dir='ltr'><strong>tuam</strong></span> <span class='ocrx_word' id='word_1_473' title='bbox 3261 1528 3480 1585; x_wconf 89' lang='lat' dir='ltr'><strong>dolebit</strong></span> <span class='ocrx_word' id='word_1_474' title='bbox 3537 1528 3564 1584; x_wconf 82' lang='lat'><strong>?</strong></span> <span class='ocrx_word' id='word_1_475' title='bbox 3593 1531 3725 1603; x_wconf 90' lang='lat' dir='ltr'><strong>quis</strong></span> 
     </span>
    </p>
   </div>
   <div class='ocr_carea' id='block_1_62' title="bbox 2074 1618 3726 1691">
    <p class='ocr_par' dir='ltr' id='par_1_62' title="bbox 2074 1618 3726 1691">
     <span class='ocr_line' id='line_1_62' title="bbox 2074 1618 3726 1691; baseline 0.003 -19"><span class='ocrx_word' id='word_1_476' title='bbox 2074 1621 2410 1688; x_wconf 80' lang='lat' dir='ltr'><strong>revertetur,</strong></span> <span class='ocrx_word' id='word_1_477' title='bbox 2447 1624 2511 1673; x_wconf 89' lang='lat' dir='ltr'><strong>ut</strong></span> <span class='ocrx_word' id='word_1_478' title='bbox 2543 1619 2667 1691; x_wconf 92' lang='lat' dir='ltr'><strong>paci</strong></span> <span class='ocrx_word' id='word_1_479' title='bbox 2697 1625 2805 1674; x_wconf 64' lang='lat' dir='ltr'><strong>tua:</strong></span> <span class='ocrx_word' id='word_1_480' title='bbox 2837 1618 3100 1675; x_wconf 87' lang='lat' dir='ltr'><strong>consulat</strong></span> <span class='ocrx_word' id='word_1_481' title='bbox 3131 1619 3157 1674; x_wconf 66' lang='grc' dir='ltr'>Τ</span> <span class='ocrx_word' id='word_1_482' title='bbox 3187 1621 3357 1689; x_wconf 89' lang='lat' dir='ltr'><strong>(Sunt</strong></span> <span class='ocrx_word' id='word_1_483' title='bbox 3383 1625 3441 1676; x_wconf 89' lang='lat' dir='ltr'><strong>et</strong></span> <span class='ocrx_word' id='word_1_484' title='bbox 3480 1620 3602 1677; x_wconf 83' lang='lat' dir='ltr'><strong>haec</strong></span> <span class='ocrx_word' id='word_1_485' title='bbox 3635 1621 3726 1677; x_wconf 86' lang='lat' dir='ltr'><strong>la-</strong></span> 
     </span>
    </p>
   </div>
   <div class='ocr_carea' id='block_1_63' title="bbox 2074 1707 3724 1780">
    <p class='ocr_par' dir='ltr' id='par_1_63' title="bbox 2074 1707 3724 1780">
     <span class='ocr_line' id='line_1_63' title="bbox 2074 1707 3724 1780; baseline 0.003 -19"><span class='ocrx_word' id='word_1_486' title='bbox 2074 1707 2319 1778; x_wconf 79' lang='lat' dir='ltr'><strong>crymosi</strong></span> <span class='ocrx_word' id='word_1_487' title='bbox 2348 1707 2613 1763; x_wconf 85' lang='lat' dir='ltr'><strong>Jeremias</strong></span> <span class='ocrx_word' id='word_1_488' title='bbox 2673 1708 2896 1780; x_wconf 86' lang='lat' dir='ltr'><strong>verba.)</strong></span> <span class='ocrx_word' id='word_1_489' title='bbox 2927 1707 3062 1773; x_wconf 88' lang='lat' dir='ltr'><strong>Quis</strong></span> <span class='ocrx_word' id='word_1_490' title='bbox 3119 1708 3297 1780; x_wconf 89' lang='lat' dir='ltr'><strong>priori</strong></span> <span class='ocrx_word' id='word_1_491' title='bbox 3354 1708 3507 1765; x_wconf 87' lang='lat' dir='ltr'><strong>stola</strong></span> <span class='ocrx_word' id='word_1_492' title='bbox 3533 1715 3589 1765; x_wconf 90' lang='lat' dir='ltr'><strong>te</strong></span> <span class='ocrx_word' id='word_1_493' title='bbox 3627 1711 3724 1766; x_wconf 86' lang='lat' dir='ltr'><strong>in-</strong></span> 
     </span>
    </p>
   </div>
   <div class='ocr_carea' id='block_1_64' title="bbox 2072 1796 3722 1873">
    <p class='ocr_par' dir='ltr' id='par_1_64' title="bbox 2072 1796 3722 1873">
     <span class='ocr_line' id='line_1_64' title="bbox 2072 1796 3722 1873; baseline 0.002 -22"><span class='ocrx_word' id='word_1_494' title='bbox 2072 1797 2209 1851; x_wconf 91' lang='lat' dir='ltr'><strong>duet</strong></span> <span class='ocrx_word' id='word_1_495' title='bbox 2238 1796 2265 1850; x_wconf 86' lang='lat'><strong>?</strong></span> <span class='ocrx_word' id='word_1_496' title='bbox 2313 1799 2540 1867; x_wconf 85' lang='lat' dir='ltr'><strong>quando</strong></span> <span class='ocrx_word' id='word_1_497' title='bbox 2599 1796 2876 1852; x_wconf 84' lang='lat' dir='ltr'><strong>divinitus</strong></span> <span class='ocrx_word' id='word_1_498' title='bbox 2931 1798 3132 1853; x_wconf 83' lang='lat' dir='ltr'><strong>audies</strong></span> <span class='ocrx_word' id='word_1_499' title='bbox 3176 1797 3472 1867; x_wconf 88' lang='lat' dir='ltr'><strong>:Erigere,</strong></span> <span class='ocrx_word' id='word_1_500' title='bbox 3533 1815 3722 1873; x_wconf 85' lang='lat' dir='ltr'><strong>surge,</strong></span> 
     </span>
    </p>
   </div>
   <div class='ocr_carea' id='block_1_65' title="bbox 1996 1885 3718 1983">
    <p class='ocr_par' dir='ltr' id='par_1_65' title="bbox 1996 1885 3718 1983">
     <span class='ocr_line' id='line_1_65' title="bbox 1996 1885 3718 1983; baseline 0.003 -44"><span class='ocrx_word' id='word_1_501' title='bbox 1996 1918 2042 1983; x_wconf 76' lang='grc' dir='ltr'><strong>Β</strong></span> <span class='ocrx_word' id='word_1_502' title='bbox 2074 1900 2195 1956; x_wconf 68' lang='lat' dir='ltr'><strong>quae</strong></span> <span class='ocrx_word' id='word_1_503' title='bbox 2228 1885 2470 1941; x_wconf 86' lang='lat' dir='ltr'><strong>calicem</strong></span> <span class='ocrx_word' id='word_1_504' title='bbox 2507 1886 2716 1941; x_wconf 88' lang='lat' dir='ltr'><strong>furoris</strong></span> <span class='ocrx_word' id='word_1_505' title='bbox 2739 1887 2853 1942; x_wconf 90' lang='lat' dir='ltr'><strong>mei</strong></span> <span class='ocrx_word' id='word_1_506' title='bbox 2905 1886 3101 1942; x_wconf 81' lang='lat' dir='ltr'><strong>bibisti</strong></span> <span class='ocrx_word' id='word_1_507' title='bbox 3132 1890 3189 1941; x_wconf 89' lang='lat' dir='ltr'><strong>et</strong></span> <span class='ocrx_word' id='word_1_508' title='bbox 3239 1887 3507 1958; x_wconf 88' lang='lat' dir='ltr'><strong>poculum</strong></span> <span class='ocrx_word' id='word_1_509' title='bbox 3542 1890 3718 1944; x_wconf 74' lang='lat' dir='ltr'><strong>ruinae</strong></span> 
     </span>
    </p>
   </div>
   <div class='ocr_carea' id='block_1_66' title="bbox 2072 1974 3716 2048">
    <p class='ocr_par' dir='ltr' id='par_1_66' title="bbox 2072 1974 3716 2048">
     <span class='ocr_line' id='line_1_66' title="bbox 2072 1974 3716 2048; baseline 0.003 -20"><span class='ocrx_word' id='word_1_510' title='bbox 2072 1974 2381 2029; x_wconf 77' lang='lat' dir='ltr'><strong>exbausisti</strong></span> <span class='ocrx_word' id='word_1_511' title='bbox 2417 1994 2431 2043; x_wconf 86' lang='lat'><strong>;</strong></span> <span class='ocrx_word' id='word_1_512' title='bbox 2468 1975 2643 2031; x_wconf 91' lang='lat' dir='ltr'><strong>indue</strong></span> <span class='ocrx_word' id='word_1_513' title='bbox 2671 1975 2820 2030; x_wconf 88' lang='lat' dir='ltr'><strong>vires</strong></span> <span class='ocrx_word' id='word_1_514' title='bbox 2850 1980 2993 2042; x_wconf 86' lang='lat' dir='ltr'><strong>tuas,</strong></span> <span class='ocrx_word' id='word_1_515' title='bbox 3036 1976 3212 2031; x_wconf 90' lang='lat' dir='ltr'><strong>indue</strong></span> <span class='ocrx_word' id='word_1_516' title='bbox 3244 1974 3488 2048; x_wconf 86' lang='lat' dir='ltr'><strong>gloriam</strong></span> <span class='ocrx_word' id='word_1_517' title='bbox 3522 1982 3716 2046; x_wconf 86' lang='lat' dir='ltr'><strong>tuam;</strong></span> 
     </span>
    </p>
   </div>
   <div class='ocr_carea' id='block_1_67' title="bbox 2072 2063 3717 2131">
    <p class='ocr_par' dir='ltr' id='par_1_67' title="bbox 2072 2063 3717 2131">
     <span class='ocr_line' id='line_1_67' title="bbox 2072 2063 3717 2131; baseline 0.002 -14"><span class='ocrx_word' id='word_1_518' title='bbox 2072 2063 2260 2118; x_wconf 86' lang='lat' dir='ltr'><strong>exuite</strong></span> <span class='ocrx_word' id='word_1_519' title='bbox 2310 2064 2604 2120; x_wconf 79' lang='lat' dir='ltr'><strong>vinculum</strong></span> <span class='ocrx_word' id='word_1_520' title='bbox 2651 2063 2784 2120; x_wconf 89' lang='lat' dir='ltr'><strong>colli</strong></span> <span class='ocrx_word' id='word_1_521' title='bbox 2845 2065 2992 2120; x_wconf 75' lang='lat'><strong>765</strong></span> <span class='ocrx_word' id='word_1_522' title='bbox 3046 2064 3129 2119; x_wconf 91' lang='lat' dir='ltr'><strong>tui</strong></span> <span class='ocrx_word' id='word_1_523' title='bbox 3171 2065 3461 2131; x_wconf 82' lang='lat' dir='ltr'><strong>;extende</strong></span> <span class='ocrx_word' id='word_1_524' title='bbox 3526 2065 3717 2123; x_wconf 90' lang='lat' dir='ltr'><strong>locum</strong></span> 
     </span>
    </p>
   </div>
   <div class='ocr_carea' id='block_1_68' title="bbox 2071 2152 3720 2228">
    <p class='ocr_par' dir='ltr' id='par_1_68' title="bbox 2071 2152 3720 2228">
     <span class='ocr_line' id='line_1_68' title="bbox 2071 2152 3720 2228; baseline 0.002 -20"><span class='ocrx_word' id='word_1_525' title='bbox 2071 2152 2430 2209; x_wconf 81' lang='lat' dir='ltr'><strong>tabernaculi</strong></span> <span class='ocrx_word' id='word_1_526' title='bbox 2478 2154 2561 2209; x_wconf 89' lang='lat' dir='ltr'><strong>tui</strong></span> <span class='ocrx_word' id='word_1_527' title='bbox 2593 2157 2649 2208; x_wconf 90' lang='lat' dir='ltr'><strong>et</strong></span> <span class='ocrx_word' id='word_1_528' title='bbox 2676 2154 2943 2210; x_wconf 89' lang='lat' dir='ltr'><strong>vestibuli</strong></span> <span class='ocrx_word' id='word_1_529' title='bbox 2986 2154 3065 2209; x_wconf 86' lang='lat' dir='ltr'><strong>tui</strong></span> <span class='ocrx_word' id='word_1_530' title='bbox 3104 2173 3116 2212; x_wconf 88' lang='lat'><strong>:</strong></span> <span class='ocrx_word' id='word_1_531' title='bbox 3150 2171 3222 2210; x_wconf 89' lang='lat' dir='ltr'><strong>ne</strong></span> <span class='ocrx_word' id='word_1_532' title='bbox 3260 2156 3538 2211; x_wconf 89' lang='lat' dir='ltr'><strong>movearis</strong></span> <span class='ocrx_word' id='word_1_533' title='bbox 3566 2157 3720 2228; x_wconf 91' lang='lat' dir='ltr'><strong>quod</strong></span> 
     </span>
    </p>
   </div>
   <div class='ocr_carea' id='block_1_69' title="bbox 2072 2242 3723 2316">
    <p class='ocr_par' dir='ltr' id='par_1_69' title="bbox 2072 2242 3723 2316">
     <span class='ocr_line' id='line_1_69' title="bbox 2072 2242 3723 2316; baseline 0.002 -20"><span class='ocrx_word' id='word_1_534' title='bbox 2072 2243 2284 2315; x_wconf 90' lang='lat' dir='ltr'><strong>probro</strong></span> <span class='ocrx_word' id='word_1_535' title='bbox 2316 2242 2522 2298; x_wconf 82' lang='lat' dir='ltr'><strong>all‘ecta</strong></span> <span class='ocrx_word' id='word_1_536' title='bbox 2567 2259 2647 2311; x_wconf 88' lang='lat' dir='ltr'><strong>es,</strong></span> <span class='ocrx_word' id='word_1_537' title='bbox 2680 2259 2869 2315; x_wconf 90' lang='lat' dir='ltr'><strong>neque</strong></span> <span class='ocrx_word' id='word_1_538' title='bbox 2916 2245 3317 2300; x_wconf 87' lang='lat' dir='ltr'><strong>verecunderis</strong></span> <span class='ocrx_word' id='word_1_539' title='bbox 3348 2245 3420 2300; x_wconf 92' lang='lat' dir='ltr'><strong>ob</strong></span> <span class='ocrx_word' id='word_1_540' title='bbox 3454 2252 3723 2316; x_wconf 87' lang='lat' dir='ltr'><strong>acceptas</strong></span> 
     </span>
    </p>
   </div>
   <div class='ocr_carea' id='block_1_70' title="bbox 2071 2331 3725 2405">
    <p class='ocr_par' dir='ltr' id='par_1_70' title="bbox 2071 2331 3725 2405">
     <span class='ocr_line' id='line_1_70' title="bbox 2071 2331 3725 2405; baseline 0.002 -18"><span class='ocrx_word' id='word_1_541' title='bbox 2071 2331 2472 2400; x_wconf 86' lang='lat' dir='ltr'><strong>contumelias,</strong></span> <span class='ocrx_word' id='word_1_542' title='bbox 2514 2336 2571 2388; x_wconf 88' lang='lat' dir='ltr'><strong>et</strong></span> <span class='ocrx_word' id='word_1_543' title='bbox 2602 2333 2757 2405; x_wconf 91' lang='lat' dir='ltr'><strong>quod</strong></span> <span class='ocrx_word' id='word_1_544' title='bbox 2814 2350 3014 2390; x_wconf 92' lang='lat' dir='ltr'><strong>omnes</strong></span> <span class='ocrx_word' id='word_1_545' title='bbox 3050 2338 3460 2404; x_wconf 54' lang='lat' dir='ltr'><strong>praetereuntes</strong></span> <span class='ocrx_word' id='word_1_546' title='bbox 3518 2351 3725 2391; x_wconf 85' lang='lat' dir='ltr'><strong>manus</strong></span> 
     </span>
    </p>
   </div>
   <div class='ocr_carea' id='block_1_71' title="bbox 2071 2423 3728 2497">
    <p class='ocr_par' dir='ltr' id='par_1_71' title="bbox 2071 2423 3728 2497">
     <span class='ocr_line' id='line_1_71' title="bbox 2071 2423 3728 2497; baseline 0.002 -21"><span class='ocrx_word' id='word_1_547' title='bbox 2071 2436 2240 2491; x_wconf 84' lang='lat' dir='ltr'><strong>super</strong></span> <span class='ocrx_word' id='word_1_548' title='bbox 2292 2427 2347 2477; x_wconf 89' lang='lat' dir='ltr'><strong>te</strong></span> <span class='ocrx_word' id='word_1_549' title='bbox 2395 2423 2848 2494; x_wconf 86' lang='lat' dir='ltr'><strong>comploserunt,</strong></span> <span class='ocrx_word' id='word_1_550' title='bbox 2901 2423 3232 2489; x_wconf 88' lang='lat' dir='ltr'><strong>sibilarunt,</strong></span> <span class='ocrx_word' id='word_1_551' title='bbox 3258 2431 3306 2481; x_wconf 91' lang='lat' dir='ltr'><strong>et</strong></span> <span class='ocrx_word' id='word_1_552' title='bbox 3340 2424 3527 2495; x_wconf 81' lang='lat' dir='ltr'><strong>capita</strong></span> <span class='ocrx_word' id='word_1_553' title='bbox 3559 2441 3728 2497; x_wconf 87' lang='lat' dir='ltr'><strong>quas-</strong></span> 
     </span>
    </p>
   </div>
   <div class='ocr_carea' id='block_1_72' title="bbox 2072 2511 3720 2585">
    <p class='ocr_par' dir='ltr' id='par_1_72' title="bbox 2072 2511 3720 2585">
     <span class='ocr_line' id='line_1_72' title="bbox 2072 2511 3720 2585; baseline 0.002 -19"><span class='ocrx_word' id='word_1_554' title='bbox 2072 2515 2294 2576; x_wconf 89' lang='lat' dir='ltr'><strong>sarunt,</strong></span> <span class='ocrx_word' id='word_1_555' title='bbox 2337 2515 2391 2565; x_wconf 93' lang='lat' dir='ltr'><strong>et</strong></span> <span class='ocrx_word' id='word_1_556' title='bbox 2421 2511 2693 2567; x_wconf 85' lang='lat' dir='ltr'><strong>dixerunt</strong></span> <span class='ocrx_word' id='word_1_557' title='bbox 2725 2529 2738 2567; x_wconf 91' lang='lat'>:</span> <span class='ocrx_word' id='word_1_558' title='bbox 2782 2512 2913 2568; x_wconf 72' lang='lat' dir='ltr'><strong>Haec</strong></span> <span class='ocrx_word' id='word_1_559' title='bbox 2965 2521 3049 2568; x_wconf 90' lang='lat' dir='ltr'><strong>est</strong></span> <span class='ocrx_word' id='word_1_560' title='bbox 3083 2513 3237 2583; x_wconf 84' lang='lat' dir='ltr'><strong>urbs,</strong></span> <span class='ocrx_word' id='word_1_561' title='bbox 3272 2529 3487 2569; x_wconf 86' lang='lat' dir='ltr'><strong>corona</strong></span> <span class='ocrx_word' id='word_1_562' title='bbox 3527 2513 3720 2585; x_wconf 65' lang='lat' dir='ltr'><strong>glorias</strong></span> 
     </span>
    </p>
   </div>
   <div class='ocr_carea' id='block_1_73' title="bbox 2070 2599 3721 2673">
    <p class='ocr_par' dir='ltr' id='par_1_73' title="bbox 2070 2599 3721 2673">
     <span class='ocr_line' id='line_1_73' title="bbox 2070 2599 3721 2673; baseline 0.001 -17"><span class='ocrx_word' id='word_1_563' title='bbox 2070 2604 2129 2656; x_wconf 91' lang='lat' dir='ltr'><strong>et</strong></span> <span class='ocrx_word' id='word_1_564' title='bbox 2158 2599 2378 2656; x_wconf 66' lang='lat' dir='ltr'><strong>deliciae</strong></span> <span class='ocrx_word' id='word_1_565' title='bbox 2408 2601 2564 2656; x_wconf 84' lang='lat' dir='ltr'><strong>orbis</strong></span> <span class='ocrx_word' id='word_1_566' title='bbox 2601 2605 2878 2656; x_wconf 86' lang='lat' dir='ltr'><strong>terrarum</strong></span> <span class='ocrx_word' id='word_1_567' title='bbox 2910 2601 2938 2656; x_wconf 84' lang='lat'><strong>?</strong></span> <span class='ocrx_word' id='word_1_568' title='bbox 2968 2604 3085 2666; x_wconf 88' lang='lat' dir='ltr'><strong>Quo</strong></span> <span class='ocrx_word' id='word_1_569' title='bbox 3126 2606 3315 2657; x_wconf 89' lang='lat' dir='ltr'><strong>autem</strong></span> <span class='ocrx_word' id='word_1_570' title='bbox 3349 2607 3516 2673; x_wconf 88' lang='lat' dir='ltr'><strong>pacto</strong></span> <span class='ocrx_word' id='word_1_571' title='bbox 3548 2602 3721 2659; x_wconf 89' lang='lat' dir='ltr'><strong>vidua</strong></span> 
     </span>
    </p>
   </div>
   <div class='ocr_carea' id='block_1_74' title="bbox 2070 2688 3720 2761">
    <p class='ocr_par' dir='ltr' id='par_1_74' title="bbox 2070 2688 3720 2761">
     <span class='ocr_line' id='line_1_74' title="bbox 2070 2688 3720 2761; baseline 0 -16"><span class='ocrx_word' id='word_1_572' title='bbox 2070 2688 2239 2756; x_wconf 89' lang='lat' dir='ltr'><strong>sedit,</strong></span> <span class='ocrx_word' id='word_1_573' title='bbox 2285 2704 2405 2758; x_wconf 76' lang='lat' dir='ltr'><strong>quae</strong></span> <span class='ocrx_word' id='word_1_574' title='bbox 2469 2689 2699 2760; x_wconf 88' lang='lat' dir='ltr'><strong>populis</strong></span> <span class='ocrx_word' id='word_1_575' title='bbox 2758 2689 2968 2745; x_wconf 82' lang='lat' dir='ltr'><strong>referta</strong></span> <span class='ocrx_word' id='word_1_576' title='bbox 3013 2689 3171 2744; x_wconf 80' lang='lat' dir='ltr'><strong>fuit?</strong></span> <span class='ocrx_word' id='word_1_577' title='bbox 3203 2691 3493 2761; x_wconf 88' lang='lat' dir='ltr'><strong>quomodo</strong></span> <span class='ocrx_word' id='word_1_578' title='bbox 3544 2691 3720 2745; x_wconf 86' lang='lat' dir='ltr'><strong>tribu-</strong></span> 
     </span>
    </p>
   </div>
   <div class='ocr_carea' id='block_1_75' title="bbox 2073 2778 3720 2851">
    <p class='ocr_par' dir='ltr' id='par_1_75' title="bbox 2073 2778 3720 2851">
     <span class='ocr_line' id='line_1_75' title="bbox 2073 2778 3720 2851; baseline 0.001 -17"><span class='ocrx_word' id='word_1_579' title='bbox 2073 2778 2215 2834; x_wconf 88' lang='lat' dir='ltr'><strong>taria</strong></span> <span class='ocrx_word' id='word_1_580' title='bbox 2274 2779 2416 2834; x_wconf 86' lang='lat' dir='ltr'><strong>facta</strong></span> <span class='ocrx_word' id='word_1_581' title='bbox 2466 2784 2573 2843; x_wconf 88' lang='lat' dir='ltr'><strong>est,</strong></span> <span class='ocrx_word' id='word_1_582' title='bbox 2632 2794 2754 2848; x_wconf 74' lang='lat' dir='ltr'><strong>quas</strong></span> <span class='ocrx_word' id='word_1_583' title='bbox 2805 2778 3120 2849; x_wconf 83' lang='lat' dir='ltr'><strong>provinciis</strong></span> <span class='ocrx_word' id='word_1_584' title='bbox 3178 2779 3720 2851; x_wconf 83' lang='lat' dir='ltr'><strong>imperavit?dixit</strong></span> 
     </span>
    </p>
   </div>
   <div class='ocr_carea' id='block_1_76' title="bbox 2071 2867 3714 2939">
    <p class='ocr_par' dir='ltr' id='par_1_76' title="bbox 2071 2867 3714 2939">
     <span class='ocr_line' id='line_1_76' title="bbox 2071 2867 3714 2939; baseline 0 -15"><span class='ocrx_word' id='word_1_585' title='bbox 2071 2867 2225 2924; x_wconf 89' lang='lat' dir='ltr'><strong>enim</strong></span> <span class='ocrx_word' id='word_1_586' title='bbox 2263 2872 2410 2923; x_wconf 86' lang='lat' dir='ltr'><strong>Deus</strong></span> <span class='ocrx_word' id='word_1_587' title='bbox 2464 2872 2594 2923; x_wconf 89' lang='lat' dir='ltr'><strong>tuus</strong></span> <span class='ocrx_word' id='word_1_588' title='bbox 2628 2884 2640 2923; x_wconf 76' lang='grc' dir='ltr'><strong>ε</strong></span> <span class='ocrx_word' id='word_1_589' title='bbox 2675 2868 2894 2939; x_wconf 82' lang='lat' dir='ltr'><strong>Exiguo</strong></span> <span class='ocrx_word' id='word_1_590' title='bbox 2946 2870 3205 2938; x_wconf 89' lang='lat' dir='ltr'><strong>tempore</strong></span> <span class='ocrx_word' id='word_1_591' title='bbox 3264 2871 3320 2923; x_wconf 92' lang='lat' dir='ltr'><strong>te</strong></span> <span class='ocrx_word' id='word_1_592' title='bbox 3350 2868 3580 2939; x_wconf 87' lang='lat' dir='ltr'><strong>reliqui,</strong></span> <span class='ocrx_word' id='word_1_593' title='bbox 3614 2869 3714 2924; x_wconf 87' lang='lat' dir='ltr'><strong>sed</strong></span> 
     </span>
    </p>
   </div>
   <div class='ocr_carea' id='block_1_77' title="bbox 2073 2956 3718 3028">
    <p class='ocr_par' dir='ltr' id='par_1_77' title="bbox 2073 2956 3718 3028">
     <span class='ocr_line' id='line_1_77' title="bbox 2073 2956 3718 3028; baseline 0 -16"><span class='ocrx_word' id='word_1_594' title='bbox 2073 2972 2286 3028; x_wconf 78' lang='lat' dir='ltr'><strong>magna</strong></span> <span class='ocrx_word' id='word_1_595' title='bbox 2319 2964 2370 3011; x_wconf 91' lang='lat' dir='ltr'><strong>te</strong></span> <span class='ocrx_word' id='word_1_596' title='bbox 2404 2956 2802 3011; x_wconf 86' lang='lat' dir='ltr'><strong>misericordia</strong></span> <span class='ocrx_word' id='word_1_597' title='bbox 2849 2972 3184 3027; x_wconf 87' lang='lat' dir='ltr'><strong>prosequar.</strong></span> <span class='ocrx_word' id='word_1_598' title='bbox 3230 2958 3289 3011; x_wconf 86' lang='lat' dir='ltr'><strong>In</strong></span> <span class='ocrx_word' id='word_1_599' title='bbox 3325 2973 3491 3027; x_wconf 78' lang='lat' dir='ltr'><strong>parva</strong></span> <span class='ocrx_word' id='word_1_600' title='bbox 3525 2957 3610 3012; x_wconf 87' lang='lat' dir='ltr'><strong>ira</strong></span> <span class='ocrx_word' id='word_1_601' title='bbox 3644 2958 3718 3012; x_wconf 84' lang='lat' dir='ltr'><strong>fa-</strong></span> 
     </span>
    </p>
   </div>
   <div class='ocr_carea' id='block_1_78' title="bbox 2071 3044 3713 3111">
    <p class='ocr_par' dir='ltr' id='par_1_78' title="bbox 2071 3044 3713 3111">
     <span class='ocr_line' id='line_1_78' title="bbox 2071 3044 3713 3111; baseline 0 -10"><span class='ocrx_word' id='word_1_602' title='bbox 2071 3045 2218 3102; x_wconf 88' lang='lat' dir='ltr'><strong>ciem</strong></span> <span class='ocrx_word' id='word_1_603' title='bbox 2253 3062 2442 3101; x_wconf 85' lang='lat' dir='ltr'><strong>meam</strong></span> <span class='ocrx_word' id='word_1_604' title='bbox 2476 3044 2784 3111; x_wconf 87' lang='lat' dir='ltr'><strong>averti,sed</strong></span> <span class='ocrx_word' id='word_1_605' title='bbox 2815 3053 3028 3101; x_wconf 76' lang='lat' dir='ltr'><strong>aeterna</strong></span> <span class='ocrx_word' id='word_1_606' title='bbox 3070 3050 3124 3100; x_wconf 89' lang='lat' dir='ltr'><strong>te</strong></span> <span class='ocrx_word' id='word_1_607' title='bbox 3155 3044 3461 3101; x_wconf 90' lang='lat' dir='ltr'><strong>clementia</strong></span> <span class='ocrx_word' id='word_1_608' title='bbox 3491 3046 3713 3102; x_wconf 84' lang='lat' dir='ltr'><strong>fovebo.</strong></span> 
     </span>
    </p>
   </div>
   <div class='ocr_carea' id='block_1_79' title="bbox 2072 3133 3717 3191">
    <p class='ocr_par' dir='ltr' id='par_1_79' title="bbox 2072 3133 3717 3191">
     <span class='ocr_line' id='line_1_79' title="bbox 2072 3133 3717 3191; baseline 0.001 -2"><span class='ocrx_word' id='word_1_609' title='bbox 2072 3134 2358 3189; x_wconf 89' lang='lat' dir='ltr'><strong>Nimirum</strong></span> <span class='ocrx_word' id='word_1_610' title='bbox 2404 3149 2536 3189; x_wconf 90' lang='lat' dir='ltr'><strong>cum</strong></span> <span class='ocrx_word' id='word_1_611' title='bbox 2568 3133 2785 3189; x_wconf 81' lang='lat' dir='ltr'><strong>Davide</strong></span> <span class='ocrx_word' id='word_1_612' title='bbox 2817 3135 3076 3190; x_wconf 86' lang='lat' dir='ltr'><strong>cantabis</strong></span> <span class='ocrx_word' id='word_1_613' title='bbox 3110 3135 3219 3190; x_wconf 94' lang='lat' dir='ltr'><strong>Deo</strong></span> <span class='ocrx_word' id='word_1_614' title='bbox 3253 3150 3267 3188; x_wconf 88' lang='lat'><strong>:</strong></span> <span class='ocrx_word' id='word_1_615' title='bbox 3313 3133 3422 3190; x_wconf 89' lang='lat' dir='ltr'><strong>Pro</strong></span> <span class='ocrx_word' id='word_1_616' title='bbox 3453 3135 3717 3191; x_wconf 85' lang='lat' dir='ltr'><strong>multitu-</strong></span> 
     </span>
    </p>
   </div>
   <div class='ocr_carea' id='block_1_80' title="bbox 2073 3222 3713 3280">
    <p class='ocr_par' dir='ltr' id='par_1_80' title="bbox 2073 3222 3713 3280">
     <span class='ocr_line' id='line_1_80' title="bbox 2073 3222 3713 3280; baseline 0.001 -2"><span class='ocrx_word' id='word_1_617' title='bbox 2073 3223 2208 3279; x_wconf 91' lang='lat' dir='ltr'><strong>dine</strong></span> <span class='ocrx_word' id='word_1_618' title='bbox 2236 3223 2496 3279; x_wconf 90' lang='lat' dir='ltr'><strong>dolorum</strong></span> <span class='ocrx_word' id='word_1_619' title='bbox 2530 3222 2718 3278; x_wconf 89' lang='lat' dir='ltr'><strong>cordis</strong></span> <span class='ocrx_word' id='word_1_620' title='bbox 2751 3223 2859 3278; x_wconf 90' lang='lat' dir='ltr'><strong>mei</strong></span> <span class='ocrx_word' id='word_1_621' title='bbox 2908 3222 3328 3280; x_wconf 87' lang='lat' dir='ltr'><strong>consolationes</strong></span> <span class='ocrx_word' id='word_1_622' title='bbox 3377 3228 3484 3279; x_wconf 69' lang='lat' dir='ltr'><strong>tute</strong></span> <span class='ocrx_word' id='word_1_623' title='bbox 3517 3240 3713 3280; x_wconf 89' lang='lat' dir='ltr'><strong>meum</strong></span> 
     </span>
    </p>
   </div>
   <div class='ocr_carea' id='block_1_81' title="bbox 2073 3311 3717 3376">
    <p class='ocr_par' dir='ltr' id='par_1_81' title="bbox 2073 3311 3717 3376">
     <span class='ocr_line' id='line_1_81' title="bbox 2073 3311 3717 3376; baseline 0.001 -8"><span class='ocrx_word' id='word_1_624' title='bbox 2073 3314 2330 3368; x_wconf 89' lang='lat' dir='ltr'><strong>animum</strong></span> <span class='ocrx_word' id='word_1_625' title='bbox 2391 3311 2803 3369; x_wconf 83' lang='lat' dir='ltr'><strong>exhilararunt.</strong></span> <span class='ocrx_word' id='word_1_626' title='bbox 2847 3311 2982 3376; x_wconf 89' lang='lat' dir='ltr'><strong>Quis</strong></span> <span class='ocrx_word' id='word_1_627' title='bbox 3030 3311 3212 3368; x_wconf 84' lang='lat' dir='ltr'><strong>Moses</strong></span> <span class='ocrx_word' id='word_1_628' title='bbox 3269 3329 3545 3370; x_wconf 85' lang='lat' dir='ltr'><strong>novorum</strong></span> <span class='ocrx_word' id='word_1_629' title='bbox 3580 3314 3717 3370; x_wconf 82' lang='lat' dir='ltr'><strong>eli‘e-</strong></span> 
     </span>
    </p>
   </div>
   <div class='ocr_carea' id='block_1_82' title="bbox 2071 3400 3716 3473">
    <p class='ocr_par' dir='ltr' id='par_1_82' title="bbox 2071 3400 3716 3473">
     <span class='ocr_line' id='line_1_82' title="bbox 2071 3400 3716 3473; baseline 0.002 -17"><span class='ocrx_word' id='word_1_630' title='bbox 2071 3406 2193 3457; x_wconf 89' lang='lat' dir='ltr'><strong>ctor</strong></span> <span class='ocrx_word' id='word_1_631' title='bbox 2222 3417 2458 3473; x_wconf 90' lang='lat' dir='ltr'><strong>operum</strong></span> <span class='ocrx_word' id='word_1_632' title='bbox 2491 3400 2596 3456; x_wconf 90' lang='lat' dir='ltr'><strong>tibi</strong></span> <span class='ocrx_word' id='word_1_633' title='bbox 2628 3400 3080 3472; x_wconf 84' lang='lat' dir='ltr'><strong>patrocinabitur</strong></span> <span class='ocrx_word' id='word_1_634' title='bbox 3107 3401 3135 3456; x_wconf 82' lang='lat'><strong>‘?</strong></span> <span class='ocrx_word' id='word_1_635' title='bbox 3164 3402 3293 3473; x_wconf 86' lang='lat' dir='ltr'><strong>quis</strong></span> <span class='ocrx_word' id='word_1_636' title='bbox 3318 3403 3631 3459; x_wconf 86' lang='lat' dir='ltr'><strong>Zorobabel</strong></span> <span class='ocrx_word' id='word_1_637' title='bbox 3661 3408 3716 3460; x_wconf 85' lang='lat' dir='ltr'><strong>te</strong></span> 
     </span>
    </p>
   </div>
   <div class='ocr_carea' id='block_1_83' title="bbox 2072 3490 3714 3563">
    <p class='ocr_par' dir='ltr' id='par_1_83' title="bbox 2072 3490 3714 3563">
     <span class='ocr_line' id='line_1_83' title="bbox 2072 3490 3714 3563; baseline 0 -16"><span class='ocrx_word' id='word_1_638' title='bbox 2072 3492 2307 3547; x_wconf 88' lang='lat' dir='ltr'><strong>reducet</strong></span> <span class='ocrx_word' id='word_1_639' title='bbox 2335 3490 2362 3545; x_wconf 87' lang='lat'><strong>?</strong></span> <span class='ocrx_word' id='word_1_640' title='bbox 2391 3490 2622 3563; x_wconf 87' lang='lat' dir='ltr'><strong>quando</strong></span> <span class='ocrx_word' id='word_1_641' title='bbox 2652 3490 2863 3546; x_wconf 90' lang='lat' dir='ltr'><strong>liberos</strong></span> <span class='ocrx_word' id='word_1_642' title='bbox 2911 3494 3042 3547; x_wconf 89' lang='lat' dir='ltr'><strong>tuos</strong></span> <span class='ocrx_word' id='word_1_643' title='bbox 3070 3507 3103 3545; x_wconf 88' lang='lat' dir='ltr'><strong>a</strong></span> <span class='ocrx_word' id='word_1_644' title='bbox 3145 3495 3391 3561; x_wconf 82' lang='lat' dir='ltr'><strong>quatuor</strong></span> <span class='ocrx_word' id='word_1_645' title='bbox 3421 3492 3622 3558; x_wconf 87' lang='lat' dir='ltr'><strong>ventis,</strong></span> <span class='ocrx_word' id='word_1_646' title='bbox 3654 3492 3714 3547; x_wconf 90' lang='lat' dir='ltr'><strong>in</strong></span> 
     </span>
    </p>
   </div>
   <div class='ocr_carea' id='block_1_84' title="bbox 2073 3579 3711 3654">
    <p class='ocr_par' dir='ltr' id='par_1_84' title="bbox 2073 3579 3711 3654">
     <span class='ocr_line' id='line_1_84' title="bbox 2073 3579 3711 3654; baseline -0.001 -16"><span class='ocrx_word' id='word_1_647' title='bbox 2073 3598 2216 3654; x_wconf 91' lang='lat' dir='ltr'><strong>quos</strong></span> <span class='ocrx_word' id='word_1_648' title='bbox 2244 3581 2492 3653; x_wconf 86' lang='lat' dir='ltr'><strong>dispersi</strong></span> <span class='ocrx_word' id='word_1_649' title='bbox 2533 3596 2756 3649; x_wconf 88' lang='lat' dir='ltr'><strong>sumus,</strong></span> <span class='ocrx_word' id='word_1_650' title='bbox 2790 3579 3122 3650; x_wconf 80' lang='lat' dir='ltr'><strong>recolligere</strong></span> <span class='ocrx_word' id='word_1_651' title='bbox 3169 3579 3385 3647; x_wconf 89' lang='lat' dir='ltr'><strong>licebit,</strong></span> <span class='ocrx_word' id='word_1_652' title='bbox 3427 3581 3711 3653; x_wconf 89' lang='lat' dir='ltr'><strong>quemad-</strong></span> 
     </span>
    </p>
   </div>
   <div class='ocr_carea' id='block_1_85' title="bbox 2071 3667 3715 3742">
    <p class='ocr_par' dir='ltr' id='par_1_85' title="bbox 2071 3667 3715 3742">
     <span class='ocr_line' id='line_1_85' title="bbox 2071 3667 3715 3742; baseline -0.002 -16"><span class='ocrx_word' id='word_1_653' title='bbox 2071 3671 2306 3726; x_wconf 85' lang='lat' dir='ltr'><strong>modum</strong></span> <span class='ocrx_word' id='word_1_654' title='bbox 2340 3669 2447 3742; x_wconf 75' lang='lat' dir='ltr'><strong>pias</strong></span> <span class='ocrx_word' id='word_1_655' title='bbox 2463 3669 2692 3740; x_wconf 71' lang='lat' dir='ltr'><strong>gallinae</strong></span> <span class='ocrx_word' id='word_1_656' title='bbox 2715 3667 2904 3739; x_wconf 90' lang='lat' dir='ltr'><strong>pullos</strong></span> <span class='ocrx_word' id='word_1_657' title='bbox 2916 3669 3020 3723; x_wconf 88' lang='lat' dir='ltr'><strong>sub</strong></span> <span class='ocrx_word' id='word_1_658' title='bbox 3035 3667 3154 3723; x_wconf 85' lang='lat' dir='ltr'><strong>alas</strong></span> <span class='ocrx_word' id='word_1_659' title='bbox 3168 3684 3302 3724; x_wconf 82' lang='lat' dir='ltr'><strong>suas</strong></span> <span class='ocrx_word' id='word_1_660' title='bbox 3316 3668 3715 3740; x_wconf 78' lang='lat' dir='ltr'><strong>congregant?</strong></span> 
     </span>
    </p>
   </div>
   <div class='ocr_carea' id='block_1_86' title="bbox 2070 3756 3715 3828">
    <p class='ocr_par' dir='ltr' id='par_1_86' title="bbox 2070 3756 3715 3828">
     <span class='ocr_line' id='line_1_86' title="bbox 2070 3756 3715 3828; baseline -0.001 -15"><span class='ocrx_word' id='word_1_661' title='bbox 2070 3758 2215 3814; x_wconf 91' lang='lat' dir='ltr'><strong>Nam</strong></span> <span class='ocrx_word' id='word_1_662' title='bbox 2249 3774 2401 3814; x_wconf 88' lang='lat' dir='ltr'><strong>nunc</strong></span> <span class='ocrx_word' id='word_1_663' title='bbox 2439 3757 2672 3828; x_wconf 88' lang='lat' dir='ltr'><strong>quidem</strong></span> <span class='ocrx_word' id='word_1_664' title='bbox 2724 3772 2828 3812; x_wconf 89' lang='lat' dir='ltr'><strong>nec</strong></span> <span class='ocrx_word' id='word_1_665' title='bbox 2859 3757 3074 3813; x_wconf 89' lang='lat' dir='ltr'><strong>intueri</strong></span> <span class='ocrx_word' id='word_1_666' title='bbox 3110 3757 3251 3812; x_wconf 88' lang='lat' dir='ltr'><strong>satis</strong></span> <span class='ocrx_word' id='word_1_667' title='bbox 3278 3761 3333 3812; x_wconf 89' lang='lat' dir='ltr'><strong>te</strong></span> <span class='ocrx_word' id='word_1_668' title='bbox 3358 3756 3525 3812; x_wconf 90' lang='lat' dir='ltr'><strong>nobis</strong></span> <span class='ocrx_word' id='word_1_669' title='bbox 3555 3757 3715 3824; x_wconf 88' lang='lat' dir='ltr'><strong>licet,</strong></span> 
     </span>
    </p>
   </div>
   <div class='ocr_carea' id='block_1_87' title="bbox 2071 3845 3712 3917">
    <p class='ocr_par' dir='ltr' id='par_1_87' title="bbox 2071 3845 3712 3917">
     <span class='ocr_line' id='line_1_87' title="bbox 2071 3845 3712 3917; baseline -0.002 -13"><span class='ocrx_word' id='word_1_670' title='bbox 2071 3852 2171 3904; x_wconf 87' lang='lat' dir='ltr'><strong>aut</strong></span> <span class='ocrx_word' id='word_1_671' title='bbox 2201 3855 2462 3903; x_wconf 86' lang='lat' dir='ltr'><strong>amanter</strong></span> <span class='ocrx_word' id='word_1_672' title='bbox 2491 3845 2764 3917; x_wconf 89' lang='lat' dir='ltr'><strong>amplecti</strong></span> <span class='ocrx_word' id='word_1_673' title='bbox 2814 3849 2876 3901; x_wconf 90' lang='lat' dir='ltr'><strong>ut</strong></span> <span class='ocrx_word' id='word_1_674' title='bbox 2907 3850 3168 3912; x_wconf 89' lang='lat' dir='ltr'><strong>matrem,</strong></span> <span class='ocrx_word' id='word_1_675' title='bbox 3193 3849 3250 3900; x_wconf 92' lang='lat' dir='ltr'><strong>et</strong></span> <span class='ocrx_word' id='word_1_676' title='bbox 3276 3845 3457 3901; x_wconf 86' lang='lat' dir='ltr'><strong>libare</strong></span> <span class='ocrx_word' id='word_1_677' title='bbox 3489 3846 3592 3900; x_wconf 91' lang='lat' dir='ltr'><strong>tibi</strong></span> <span class='ocrx_word' id='word_1_678' title='bbox 3623 3845 3712 3901; x_wconf 89' lang='lat' dir='ltr'><strong>la-</strong></span> 
     </span>
    </p>
   </div>
   <div class='ocr_carea' id='block_1_88' title="bbox 2071 3932 3718 4008">
    <p class='ocr_par' dir='ltr' id='par_1_88' title="bbox 2071 3932 3718 4008">
     <span class='ocr_line' id='line_1_88' title="bbox 2071 3932 3718 4008; baseline -0.005 -16"><span class='ocrx_word' id='word_1_679' title='bbox 2071 3951 2319 4008; x_wconf 77' lang='lat' dir='ltr'><strong>crymas,</strong></span> <span class='ocrx_word' id='word_1_680' title='bbox 2352 3937 2600 4006; x_wconf 88' lang='lat' dir='ltr'><strong>quantas</strong></span> <span class='ocrx_word' id='word_1_681' title='bbox 2638 3933 2836 3990; x_wconf 91' lang='lat' dir='ltr'><strong>oculus</strong></span> <span class='ocrx_word' id='word_1_682' title='bbox 2884 3935 3040 4003; x_wconf 89' lang='lat' dir='ltr'><strong>cupit</strong></span> <span class='ocrx_word' id='word_1_683' title='bbox 3085 3938 3184 3989; x_wconf 89' lang='lat' dir='ltr'><strong>aut</strong></span> <span class='ocrx_word' id='word_1_684' title='bbox 3229 3937 3419 4005; x_wconf 88' lang='lat' dir='ltr'><strong>potest</strong></span> <span class='ocrx_word' id='word_1_685' title='bbox 3464 3951 3477 3989; x_wconf 93' lang='lat'>:</span> <span class='ocrx_word' id='word_1_686' title='bbox 3512 3935 3610 3989; x_wconf 88' lang='lat' dir='ltr'><strong>sed</strong></span> <span class='ocrx_word' id='word_1_687' title='bbox 3644 3932 3718 3989; x_wconf 88' lang='lat' dir='ltr'><strong>ti-</strong></span> 
     </span>
    </p>
   </div>
   <div class='ocr_carea' id='block_1_89' title="bbox 2074 4021 3715 4095">
    <p class='ocr_par' dir='ltr' id='par_1_89' title="bbox 2074 4021 3715 4095">
     <span class='ocr_line' id='line_1_89' title="bbox 2074 4021 3715 4095; baseline 0 -16"><span class='ocrx_word' id='word_1_688' title='bbox 2074 4026 2229 4079; x_wconf 89' lang='lat' dir='ltr'><strong>mide</strong></span> <span class='ocrx_word' id='word_1_689' title='bbox 2286 4029 2348 4079; x_wconf 89' lang='lat' dir='ltr'><strong>ut</strong></span> <span class='ocrx_word' id='word_1_690' title='bbox 2405 4022 2720 4095; x_wconf 88' lang='lat' dir='ltr'><strong>passerculi</strong></span> <span class='ocrx_word' id='word_1_691' title='bbox 2787 4028 2843 4078; x_wconf 86' lang='lat' dir='ltr'><strong>te</strong></span> <span class='ocrx_word' id='word_1_692' title='bbox 2900 4021 3400 4092; x_wconf 86' lang='lat' dir='ltr'><strong>circumvolamus,</strong></span> <span class='ocrx_word' id='word_1_693' title='bbox 3470 4039 3715 4093; x_wconf 81' lang='lat' dir='ltr'><strong>quorum</strong></span> 
     </span>
    </p>
   </div>
   <div class='ocr_carea' id='block_1_90' title="bbox 2073 4111 3718 4184">
    <p class='ocr_par' dir='ltr' id='par_1_90' title="bbox 2073 4111 3718 4184">
     <span class='ocr_line' id='line_1_90' title="bbox 2073 4111 3718 4184; baseline 0 -15"><span class='ocrx_word' id='word_1_694' title='bbox 2073 4113 2269 4169; x_wconf 83' lang='lat' dir='ltr'><strong>nutrix</strong></span> <span class='ocrx_word' id='word_1_695' title='bbox 2324 4113 2584 4184; x_wconf 85' lang='lat' dir='ltr'><strong>abrepta,</strong></span> <span class='ocrx_word' id='word_1_696' title='bbox 2617 4111 2788 4167; x_wconf 89' lang='lat' dir='ltr'><strong>nidus</strong></span> <span class='ocrx_word' id='word_1_697' title='bbox 2847 4112 3106 4184; x_wconf 90' lang='lat' dir='ltr'><strong>direptus</strong></span> <span class='ocrx_word' id='word_1_698' title='bbox 3138 4117 3243 4181; x_wconf 90' lang='lat' dir='ltr'><strong>est,</strong></span> <span class='ocrx_word' id='word_1_699' title='bbox 3304 4112 3718 4168; x_wconf 87' lang='lat' dir='ltr'><strong>miserabiliter</strong></span> 
     </span>
    </p>
   </div>
   <div class='ocr_carea' id='block_1_91' title="bbox 2077 4200 3717 4275">
    <p class='ocr_par' dir='ltr' id='par_1_91' title="bbox 2077 4200 3717 4275">
     <span class='ocr_line' id='line_1_91' title="bbox 2077 4200 3717 4275; baseline 0 -17"><span class='ocrx_word' id='word_1_700' title='bbox 2077 4203 2227 4258; x_wconf 71' lang='lat'><strong>766</strong></span> <span class='ocrx_word' id='word_1_701' title='bbox 2259 4206 2316 4257; x_wconf 89' lang='lat' dir='ltr'><strong>et</strong></span> <span class='ocrx_word' id='word_1_702' title='bbox 2359 4201 2683 4274; x_wconf 89' lang='lat' dir='ltr'><strong>lugubriter</strong></span> <span class='ocrx_word' id='word_1_703' title='bbox 2712 4200 3061 4273; x_wconf 89' lang='lat' dir='ltr'><strong>pippientes.</strong></span> <span class='ocrx_word' id='word_1_704' title='bbox 3120 4202 3313 4275; x_wconf 88' lang='lat' dir='ltr'><strong>Longe</strong></span> <span class='ocrx_word' id='word_1_705' title='bbox 3343 4220 3375 4258; x_wconf 86' lang='lat' dir='ltr'><strong>a</strong></span> <span class='ocrx_word' id='word_1_706' title='bbox 3408 4201 3523 4258; x_wconf 87' lang='lat' dir='ltr'><strong>tuis</strong></span> <span class='ocrx_word' id='word_1_707' title='bbox 3556 4201 3717 4258; x_wconf 88' lang='lat' dir='ltr'><strong>lacu-</strong></span> 
     </span>
    </p>
   </div>
   <div class='ocr_carea' id='block_1_92' title="bbox 2075 4290 3724 4359">
    <p class='ocr_par' dir='ltr' id='par_1_92' title="bbox 2075 4290 3724 4359">
     <span class='ocr_line' id='line_1_92' title="bbox 2075 4290 3724 4359; baseline -0.001 -12"><span class='ocrx_word' id='word_1_708' title='bbox 2075 4292 2317 4347; x_wconf 81' lang='lat' dir='ltr'><strong>naribus</strong></span> <span class='ocrx_word' id='word_1_709' title='bbox 2376 4290 2580 4345; x_wconf 77' lang='lat' dir='ltr'><strong>remoti</strong></span> <span class='ocrx_word' id='word_1_710' title='bbox 2656 4304 2875 4358; x_wconf 84' lang='lat' dir='ltr'><strong>sumus,</strong></span> <span class='ocrx_word' id='word_1_711' title='bbox 2942 4290 3261 4347; x_wconf 87' lang='lat' dir='ltr'><strong>esurientes</strong></span> <span class='ocrx_word' id='word_1_712' title='bbox 3320 4296 3376 4346; x_wconf 84' lang='lat' dir='ltr'><strong>et</strong></span> <span class='ocrx_word' id='word_1_713' title='bbox 3428 4291 3724 4359; x_wconf 83' lang='lat' dir='ltr'><strong>sitientes,</strong></span> 
     </span>
    </p>
   </div>
   <div class='ocr_carea' id='block_1_93' title="bbox 2074 4378 3724 4452">
    <p class='ocr_par' dir='ltr' id='par_1_93' title="bbox 2074 4378 3724 4452">
     <span class='ocr_line' id='line_1_93' title="bbox 2074 4378 3724 4452; baseline -0.001 -15"><span class='ocrx_word' id='word_1_714' title='bbox 2074 4380 2339 4452; x_wconf 78' lang='lat' dir='ltr'><strong>squalore</strong></span> <span class='ocrx_word' id='word_1_715' title='bbox 2370 4385 2426 4435; x_wconf 89' lang='lat' dir='ltr'><strong>ct</strong></span> <span class='ocrx_word' id='word_1_716' title='bbox 2456 4379 2643 4451; x_wconf 88' lang='lat' dir='ltr'><strong>rigore</strong></span> <span class='ocrx_word' id='word_1_717' title='bbox 2674 4379 2997 4435; x_wconf 89' lang='lat' dir='ltr'><strong>horrentes.</strong></span> <span class='ocrx_word' id='word_1_718' title='bbox 3031 4381 3076 4434; x_wconf 82' lang='grc' dir='ltr'><strong>Α</strong></span> <span class='ocrx_word' id='word_1_719' title='bbox 3132 4378 3414 4451; x_wconf 90' lang='lat' dir='ltr'><strong>pediculis</strong></span> <span class='ocrx_word' id='word_1_720' title='bbox 3447 4397 3597 4451; x_wconf 66' lang='lat' dir='ltr'><strong>saepe</strong></span> <span class='ocrx_word' id='word_1_721' title='bbox 3631 4396 3724 4435; x_wconf 86' lang='lat' dir='ltr'><strong>re-</strong></span> 
     </span>
    </p>
   </div>
   <div class='ocr_carea' id='block_1_94' title="bbox 2073 4467 3719 4540">
    <p class='ocr_par' dir='ltr' id='par_1_94' title="bbox 2073 4467 3719 4540">
     <span class='ocr_line' id='line_1_94' title="bbox 2073 4467 3719 4540; baseline -0.003 -15"><span class='ocrx_word' id='word_1_722' title='bbox 2073 4471 2287 4540; x_wconf 87' lang='lat' dir='ltr'><strong>dimur,</strong></span> <span class='ocrx_word' id='word_1_723' title='bbox 2328 4468 2541 4525; x_wconf 88' lang='lat' dir='ltr'><strong>animis</strong></span> <span class='ocrx_word' id='word_1_724' title='bbox 2588 4467 2802 4523; x_wconf 85' lang='lat' dir='ltr'><strong>nostris</strong></span> <span class='ocrx_word' id='word_1_725' title='bbox 2851 4467 3183 4524; x_wconf 87' lang='lat' dir='ltr'><strong>calamitate</strong></span> <span class='ocrx_word' id='word_1_726' title='bbox 3234 4467 3719 4538; x_wconf 80' lang='lat' dir='ltr'><strong>liquescentibus.</strong></span> 
     </span>
    </p>
   </div>
   <div class='ocr_carea' id='block_1_95' title="bbox 2074 4557 3721 4628">
    <p class='ocr_par' dir='ltr' id='par_1_95' title="bbox 2074 4557 3721 4628">
     <span class='ocr_line' id='line_1_95' title="bbox 2074 4557 3721 4628; baseline -0.003 -13"><span class='ocrx_word' id='word_1_727' title='bbox 2074 4559 2190 4615; x_wconf 81' lang='lat' dir='ltr'><strong>Nec</strong></span> <span class='ocrx_word' id='word_1_728' title='bbox 2222 4560 2376 4615; x_wconf 89' lang='lat' dir='ltr'><strong>viam</strong></span> <span class='ocrx_word' id='word_1_729' title='bbox 2422 4557 2751 4613; x_wconf 86' lang='lat' dir='ltr'><strong>invenimus</strong></span> <span class='ocrx_word' id='word_1_730' title='bbox 2780 4559 2852 4613; x_wconf 87' lang='lat' dir='ltr'><strong>ad</strong></span> <span class='ocrx_word' id='word_1_731' title='bbox 2885 4558 3089 4614; x_wconf 90' lang='lat' dir='ltr'><strong>urbem</strong></span> <span class='ocrx_word' id='word_1_732' title='bbox 3129 4557 3187 4612; x_wconf 93' lang='lat' dir='ltr'><strong>in</strong></span> <span class='ocrx_word' id='word_1_733' title='bbox 3219 4573 3329 4628; x_wconf 88' lang='lat' dir='ltr'><strong>qua</strong></span> <span class='ocrx_word' id='word_1_734' title='bbox 3359 4557 3721 4623; x_wconf 86' lang='lat' dir='ltr'><strong>habitemus,</strong></span> 
     </span>
    </p>
   </div>
   <div class='ocr_carea' id='block_1_96' title="bbox 295 4638 1964 4723">
    <p class='ocr_par' dir='ltr' id='par_1_96' title="bbox 295 4642 1961 4723">
     <span class='ocr_line' id='line_1_96' title="bbox 295 4642 1961 4723; baseline -0.003 -20"><span class='ocrx_word' id='word_1_735' title='bbox 295 4648 391 4703; x_wconf 78' lang='grc' dir='ltr'>καὶ</span> <span class='ocrx_word' id='word_1_736' title='bbox 424 4643 636 4723; x_wconf 88' lang='grc' dir='ltr'>γοῶδες</span> <span class='ocrx_word' id='word_1_737' title='bbox 664 4645 1079 4720; x_wconf 82' lang='grc' dir='ltr'>περιτρόζομεν,</span> <span class='ocrx_word' id='word_1_738' title='bbox 1115 4646 1201 4717; x_wconf 86' lang='grc' dir='ltr'><strong>[Ρ.</strong></span> <span class='ocrx_word' id='word_1_739' title='bbox 1241 4646 1370 4716; x_wconf 82' lang='grc'><strong>372]</strong></span> <span class='ocrx_word' id='word_1_740' title='bbox 1401 4642 1592 4718; x_wconf 80' lang='grc' dir='ltr'>πόρῥω</span> <span class='ocrx_word' id='word_1_741' title='bbox 1612 4664 1717 4699; x_wconf 89' lang='grc' dir='ltr'><strong>που</strong></span> <span class='ocrx_word' id='word_1_742' title='bbox 1735 4647 1842 4699; x_wconf 89' lang='grc' dir='ltr'><strong>τῶν</strong></span> <span class='ocrx_word' id='word_1_743' title='bbox 1856 4647 1961 4698; x_wconf 89' lang='grc' dir='ltr'><strong>σῶν</strong></span> 
     </span>
    </p>
   </div>
   <div class='ocr_carea' id='block_1_97' title="bbox 2073 4638 3722 4723">
    <p class='ocr_par' dir='ltr' id='par_1_97' title="bbox 2073 4645 3722 4718">
     <span class='ocr_line' id='line_1_97' title="bbox 2073 4645 3722 4718; baseline -0.003 -14"><span class='ocrx_word' id='word_1_744' title='bbox 2073 4648 2164 4704; x_wconf 85' lang='lat' dir='ltr'><strong>sed</strong></span> <span class='ocrx_word' id='word_1_745' title='bbox 2205 4645 2397 4704; x_wconf 87' lang='lat' dir='ltr'><strong>multis</strong></span> <span class='ocrx_word' id='word_1_746' title='bbox 2427 4647 2719 4702; x_wconf 87' lang='lat' dir='ltr'><strong>erroribus</strong></span> <span class='ocrx_word' id='word_1_747' title='bbox 2750 4649 2811 4702; x_wconf 87' lang='lat' dir='ltr'><strong>ut</strong></span> <span class='ocrx_word' id='word_1_748' title='bbox 2859 4645 3214 4718; x_wconf 71' lang='lat' dir='ltr'><strong>vagabundse</strong></span> <span class='ocrx_word' id='word_1_749' title='bbox 3247 4646 3506 4700; x_wconf 88' lang='lat' dir='ltr'><strong>volucres</strong></span> <span class='ocrx_word' id='word_1_750' title='bbox 3537 4650 3594 4700; x_wconf 91' lang='lat' dir='ltr'><strong>et</strong></span> <span class='ocrx_word' id='word_1_751' title='bbox 3627 4661 3722 4699; x_wconf 87' lang='lat' dir='ltr'><strong>er-</strong></span> 
     </span>
    </p>
   </div>
   <div class='ocr_carea' id='block_1_98' title="bbox 297 4728 1963 4813">
    <p class='ocr_par' dir='ltr' id='par_1_98' title="bbox 297 4728 1963 4813">
     <span class='ocr_line' id='line_1_98' title="bbox 297 4728 1963 4813; baseline -0.002 -21"><span class='ocrx_word' id='word_1_752' title='bbox 297 4733 681 4813; x_wconf 77' lang='grc' dir='ltr'>φατνωμάτων</span> <span class='ocrx_word' id='word_1_753' title='bbox 745 4732 1170 4803; x_wconf 85' lang='grc' dir='ltr'>ἐκτοπισθέντες,</span> <span class='ocrx_word' id='word_1_754' title='bbox 1224 4736 1487 4793; x_wconf 88' lang='grc' dir='ltr'>πεινῶτες</span> <span class='ocrx_word' id='word_1_755' title='bbox 1535 4732 1625 4786; x_wconf 85' lang='grc' dir='ltr'><strong>καὶ</strong></span> <span class='ocrx_word' id='word_1_756' title='bbox 1675 4728 1963 4806; x_wconf 83' lang='grc' dir='ltr'>διψῶντες,</span> 
     </span>
    </p>
   </div>
   <div class='ocr_carea' id='block_1_99' title="bbox 293 4820 1965 4905">
    <p class='ocr_par' dir='ltr' id='par_1_99' title="bbox 293 4820 1965 4905">
     <span class='ocr_line' id='line_1_99' title="bbox 293 4820 1965 4905; baseline -0.003 -24"><span class='ocrx_word' id='word_1_757' title='bbox 293 4826 632 4905; x_wconf 79' lang='grc' dir='ltr'>αὐχμῶντες</span> <span class='ocrx_word' id='word_1_758' title='bbox 665 4824 758 4878; x_wconf 81' lang='grc' dir='ltr'>καὶ</span> <span class='ocrx_word' id='word_1_759' title='bbox 789 4824 1077 4897; x_wconf 84' lang='grc' dir='ltr'>ῥιγῶντες,</span> <span class='ocrx_word' id='word_1_760' title='bbox 1107 4823 1195 4877; x_wconf 80' lang='grc' dir='ltr'><strong>καὶ</strong></span> <span class='ocrx_word' id='word_1_761' title='bbox 1227 4822 1362 4898; x_wconf 79' lang='grc' dir='ltr'>πρὸς</span> <span class='ocrx_word' id='word_1_762' title='bbox 1395 4822 1629 4899; x_wconf 75' lang='grc' dir='ltr'>φθειρῶν</span> <span class='ocrx_word' id='word_1_763' title='bbox 1691 4820 1965 4885; x_wconf 83' lang='grc' dir='ltr'>πολλάκις</span> 
     </span>
    </p>
   </div>
   <div class='ocr_carea' id='block_1_100' title="bbox 252 4909 1963 4992">
    <p class='ocr_par' dir='ltr' id='par_1_100' title="bbox 252 4909 1963 4992">
     <span class='ocr_line' id='line_1_100' title="bbox 252 4909 1963 4992; baseline -0.002 -21"><span class='ocrx_word' id='word_1_764' title='bbox 252 4916 635 4992; x_wconf 67' lang='grc' dir='ltr'>ικειρόμενοι,</span> <span class='ocrx_word' id='word_1_765' title='bbox 693 4913 784 4967; x_wconf 87' lang='grc' dir='ltr'><strong>καὶ</strong></span> <span class='ocrx_word' id='word_1_766' title='bbox 865 4913 964 4973; x_wconf 77' lang='grc' dir='ltr'>τὰς</span> <span class='ocrx_word' id='word_1_767' title='bbox 1026 4910 1207 4987; x_wconf 77' lang='grc' dir='ltr'>ψυχὰς</span> <span class='ocrx_word' id='word_1_768' title='bbox 1278 4909 1334 4966; x_wconf 88' lang='grc' dir='ltr'><strong>ἐν</strong></span> <span class='ocrx_word' id='word_1_769' title='bbox 1391 4917 1582 4975; x_wconf 85' lang='grc' dir='ltr'>κακοῖς</span> <span class='ocrx_word' id='word_1_770' title='bbox 1640 4912 1963 4985; x_wconf 86' lang='grc' dir='ltr'>τηκόμενοι,</span> 
     </span>
    </p>
   </div>
   <div class='ocr_carea' id='block_1_101' title="bbox 293 5000 1964 5077">
    <p class='ocr_par' dir='ltr' id='par_1_101' title="bbox 293 5000 1964 5077">
     <span class='ocr_line' id='line_1_101' title="bbox 293 5000 1964 5077; baseline -0.003 -15"><span class='ocrx_word' id='word_1_771' title='bbox 293 5003 432 5063; x_wconf 80' lang='grc' dir='ltr'>ὁδόν</span> <span class='ocrx_word' id='word_1_772' title='bbox 489 5025 548 5059; x_wconf 85' lang='grc' dir='ltr'><strong>τε</strong></span> <span class='ocrx_word' id='word_1_773' title='bbox 612 5003 809 5077; x_wconf 80' lang='grc' dir='ltr'>μηκὲτι</span> <span class='ocrx_word' id='word_1_774' title='bbox 892 5001 1233 5063; x_wconf 81' lang='grc' dir='ltr'>κατοικεσίας</span> <span class='ocrx_word' id='word_1_775' title='bbox 1320 5000 1662 5075; x_wconf 86' lang='grc' dir='ltr'>εὐρίσκοντες</span> <span class='ocrx_word' id='word_1_776' title='bbox 1726 5002 1964 5070; x_wconf 85' lang='grc' dir='ltr'>πόλεως,</span> 
     </span>
    </p>
   </div>
   <div class='ocr_carea' id='block_1_102' title="bbox 292 5085 1966 5168">
    <p class='ocr_par' dir='ltr' id='par_1_102' title="bbox 292 5085 1966 5168">
     <span class='ocr_line' id='line_1_102' title="bbox 292 5085 1966 5168; baseline -0.004 -17"><span class='ocrx_word' id='word_1_777' title='bbox 292 5093 451 5151; x_wconf 83' lang='grc' dir='ltr'><strong>ἀλλά</strong></span> <span class='ocrx_word' id='word_1_778' title='bbox 480 5090 905 5166; x_wconf 81' lang='grc' dir='ltr'>πολύπλαγκτοι</span> <span class='ocrx_word' id='word_1_779' title='bbox 936 5090 1239 5168; x_wconf 79' lang='grc' dir='ltr'>φερόμενοι</span> <span class='ocrx_word' id='word_1_780' title='bbox 1271 5090 1345 5151; x_wconf 87' lang='grc' dir='ltr'>ὡς</span> <span class='ocrx_word' id='word_1_781' title='bbox 1394 5085 1602 5166; x_wconf 76' lang='grc' dir='ltr'>ὄρνιθες</span> <span class='ocrx_word' id='word_1_782' title='bbox 1634 5092 1685 5145; x_wconf 81' lang='grc' dir='ltr'>οἱ</span> <span class='ocrx_word' id='word_1_783' title='bbox 1717 5085 1966 5146; x_wconf 84' lang='grc' dir='ltr'>ἀϐἐϐαιοι</span> 
     </span>
    </p>
   </div>
   <div class='ocr_carea' id='block_1_103' title="bbox 290 5170 1964 5256">
    <p class='ocr_par' dir='ltr' id='par_1_103' title="bbox 290 5170 1964 5256">
     <span class='ocr_line' id='line_1_103' title="bbox 290 5170 1964 5256; baseline -0.003 -17"><span class='ocrx_word' id='word_1_784' title='bbox 290 5185 390 5239; x_wconf 80' lang='grc' dir='ltr'><strong>καὶ</strong></span> <span class='ocrx_word' id='word_1_785' title='bbox 422 5186 529 5237; x_wconf 84' lang='grc' dir='ltr'><strong>τῶν</strong></span> <span class='ocrx_word' id='word_1_786' title='bbox 558 5179 794 5256; x_wconf 71' lang='grc' dir='ltr'>ἀστέρων</span> <span class='ocrx_word' id='word_1_787' title='bbox 835 5180 888 5234; x_wconf 79' lang='lat' dir='ltr'><strong>o&#39;t</strong></span> <span class='ocrx_word' id='word_1_788' title='bbox 944 5176 1241 5249; x_wconf 80' lang='grc' dir='ltr'>πλάνητες.</span> <span class='ocrx_word' id='word_1_789' title='bbox 1275 5181 1344 5235; x_wconf 83' lang='grc' dir='ltr'><strong>’Ἡ</strong></span> <span class='ocrx_word' id='word_1_790' title='bbox 1402 5178 1492 5234; x_wconf 86' lang='grc' dir='ltr'><strong>καὶ</strong></span> <span class='ocrx_word' id='word_1_791' title='bbox 1547 5178 1720 5242; x_wconf 79' lang='grc' dir='ltr'>οὕτως</span> <span class='ocrx_word' id='word_1_792' title='bbox 1772 5170 1964 5250; x_wconf 81' lang='grc' dir='ltr'>εἰπεῖν,</span> 
     </span>
    </p>
   </div>
   <div class='ocr_carea' id='block_1_104' title="bbox 291 5267 1967 5345">
    <p class='ocr_par' dir='ltr' id='par_1_104' title="bbox 291 5267 1967 5345">
     <span class='ocr_line' id='line_1_104' title="bbox 291 5267 1967 5345; baseline -0.004 -16"><span class='ocrx_word' id='word_1_793' title='bbox 291 5270 573 5345; x_wconf 74' lang='grc' dir='ltr'>ὲνούμεθά</span> <span class='ocrx_word' id='word_1_794' title='bbox 613 5291 699 5325; x_wconf 90' lang='grc' dir='ltr'><strong>σοι</strong></span> <span class='ocrx_word' id='word_1_795' title='bbox 740 5267 1092 5343; x_wconf 73' lang='grc' dir='ltr'>διῃρημένως</span> <span class='ocrx_word' id='word_1_796' title='bbox 1151 5267 1242 5323; x_wconf 73' lang='grc' dir='ltr'>καί</span> <span class='ocrx_word' id='word_1_797' title='bbox 1273 5267 1700 5342; x_wconf 86' lang='grc' dir='ltr'>συμπλεκόμεθά</span> <span class='ocrx_word' id='word_1_798' title='bbox 1757 5290 1842 5323; x_wconf 93' lang='grc' dir='ltr'><strong>σοι</strong></span> <span class='ocrx_word' id='word_1_799' title='bbox 1883 5289 1967 5323; x_wconf 88' lang='grc' dir='ltr'>κε-</span> 
     </span>
    </p>
   </div>
   <div class='ocr_carea' id='block_1_105' title="bbox 293 5354 1965 5438">
    <p class='ocr_par' dir='ltr' id='par_1_105' title="bbox 293 5354 1965 5438">
     <span class='ocr_line' id='line_1_105' title="bbox 293 5354 1965 5438; baseline -0.003 -23"><span class='ocrx_word' id='word_1_800' title='bbox 293 5359 694 5438; x_wconf 68' lang='grc' dir='ltr'>χωρισμένως,</span> <span class='ocrx_word' id='word_1_801' title='bbox 748 5359 884 5413; x_wconf 87' lang='grc' dir='ltr'><strong>κατά</strong></span> <span class='ocrx_word' id='word_1_802' title='bbox 951 5355 1081 5419; x_wconf 77' lang='grc' dir='ltr'>τοὺς</span> <span class='ocrx_word' id='word_1_803' title='bbox 1165 5358 1322 5432; x_wconf 82' lang='grc' dir='ltr'>ψυχῇ</span> <span class='ocrx_word' id='word_1_804' title='bbox 1380 5358 1817 5431; x_wconf 87' lang='grc' dir='ltr'>συναπτομένους</span> <span class='ocrx_word' id='word_1_805' title='bbox 1875 5354 1965 5412; x_wconf 83' lang='grc' dir='ltr'><strong>καὶ</strong></span> 
     </span>
    </p>
   </div>
   <div class='ocr_carea' id='block_1_106' title="bbox 298 5447 1967 5526">
    <p class='ocr_par' dir='ltr' id='par_1_106' title="bbox 298 5447 1967 5526">
     <span class='ocr_line' id='line_1_106' title="bbox 298 5447 1967 5526; baseline -0.005 -15"><span class='ocrx_word' id='word_1_806' title='bbox 298 5452 685 5526; x_wconf 71' lang='grc' dir='ltr'>διισταμένους</span> <span class='ocrx_word' id='word_1_807' title='bbox 749 5451 986 5522; x_wconf 84' lang='grc' dir='ltr'>σώματι,</span> <span class='ocrx_word' id='word_1_808' title='bbox 1018 5447 1108 5503; x_wconf 83' lang='grc' dir='ltr'><strong>καὶ</strong></span> <span class='ocrx_word' id='word_1_809' title='bbox 1151 5450 1580 5525; x_wconf 80' lang='grc' dir='ltr'>προσπάσχομεν</span> <span class='ocrx_word' id='word_1_810' title='bbox 1634 5450 1875 5524; x_wconf 86' lang='grc' dir='ltr'>ἀτεχνῶς</span> <span class='ocrx_word' id='word_1_811' title='bbox 1936 5447 1967 5503; x_wconf 76' lang='grc' dir='ltr'>ὅ</span> 
     </span>
    </p>
   </div>
   <div class='ocr_carea' id='block_1_107' title="bbox 295 5534 1965 5615">
    <p class='ocr_par' dir='ltr' id='par_1_107' title="bbox 295 5534 1965 5615">
     <span class='ocr_line' id='line_1_107' title="bbox 295 5534 1965 5615; baseline -0.004 -17"><span class='ocrx_word' id='word_1_812' title='bbox 295 5544 392 5603; x_wconf 81' lang='grc' dir='ltr'><strong>καὶ</strong></span> <span class='ocrx_word' id='word_1_813' title='bbox 436 5539 554 5597; x_wconf 79' lang='grc' dir='ltr'>ἔνια</span> <span class='ocrx_word' id='word_1_814' title='bbox 590 5542 700 5594; x_wconf 90' lang='grc' dir='ltr'><strong>τῶν</strong></span> <span class='ocrx_word' id='word_1_815' title='bbox 734 5539 887 5608; x_wconf 89' lang='grc' dir='ltr'>ζώων</span> <span class='ocrx_word' id='word_1_816' title='bbox 918 5536 1057 5611; x_wconf 88' lang='grc' dir='ltr'>πρὸς</span> <span class='ocrx_word' id='word_1_817' title='bbox 1120 5537 1183 5592; x_wconf 87' lang='grc' dir='ltr'><strong>τά</strong></span> <span class='ocrx_word' id='word_1_818' title='bbox 1230 5534 1633 5612; x_wconf 87' lang='grc' dir='ltr'>παγιδευόμενα</span> <span class='ocrx_word' id='word_1_819' title='bbox 1700 5535 1759 5591; x_wconf 82' lang='grc' dir='ltr'><strong>ἐκ</strong></span> <span class='ocrx_word' id='word_1_820' title='bbox 1820 5540 1965 5615; x_wconf 78' lang='grc' dir='ltr'>σφῶν</span> 
     </span>
    </p>
   </div>
   <div class='ocr_carea' id='block_1_108' title="bbox 297 5621 1970 5705">
    <p class='ocr_par' dir='ltr' id='par_1_108' title="bbox 297 5621 1970 5705">
     <span class='ocr_line' id='line_1_108' title="bbox 297 5621 1970 5705; baseline -0.005 -17"><span class='ocrx_word' id='word_1_821' title='bbox 297 5633 408 5688; x_wconf 83' lang='grc' dir='ltr'><strong>ὑπὸ</strong></span> <span class='ocrx_word' id='word_1_822' title='bbox 464 5631 741 5705; x_wconf 84' lang='grc' dir='ltr'>θηρευτῶν</span> <span class='ocrx_word' id='word_1_823' title='bbox 796 5625 887 5681; x_wconf 87' lang='grc' dir='ltr'><strong>καὶ</strong></span> <span class='ocrx_word' id='word_1_824' title='bbox 945 5622 1303 5701; x_wconf 85' lang='grc' dir='ltr'>ἐγκλειόμενα</span> <span class='ocrx_word' id='word_1_825' title='bbox 1369 5621 1677 5703; x_wconf 74' lang='grc' dir='ltr'>διαφανὲσιν</span> <span class='ocrx_word' id='word_1_826' title='bbox 1734 5622 1970 5690; x_wconf 85' lang='grc' dir='ltr'>ὑελίνοις</span> 
     </span>
    </p>
   </div>
   <div class='ocr_carea' id='block_1_109' title="bbox 294 5711 1970 5804">
    <p class='ocr_par' dir='ltr' id='par_1_109' title="bbox 294 5711 1970 5804">
     <span class='ocr_line' id='line_1_109' title="bbox 294 5711 1970 5804; baseline -0.005 -26"><span class='ocrx_word' id='word_1_827' title='bbox 294 5722 553 5804; x_wconf 79' lang='grc' dir='ltr'>ἄγγεσιν.</span> <span class='ocrx_word' id='word_1_828' title='bbox 587 5718 802 5774; x_wconf 83' lang='grc' dir='ltr'>Ἐκεῖνά</span> <span class='ocrx_word' id='word_1_829' title='bbox 858 5735 917 5772; x_wconf 89' lang='grc' dir='ltr'><strong>τε</strong></span> <span class='ocrx_word' id='word_1_830' title='bbox 971 5715 1077 5792; x_wconf 85' lang='grc' dir='ltr'>γὰρ</span> <span class='ocrx_word' id='word_1_831' title='bbox 1128 5718 1207 5770; x_wconf 87' lang='grc' dir='ltr'><strong>τῶ</strong></span> <span class='ocrx_word' id='word_1_832' title='bbox 1272 5717 1369 5770; x_wconf 91' lang='grc' dir='ltr'><strong>τοῦ</strong></span> <span class='ocrx_word' id='word_1_833' title='bbox 1429 5714 1651 5778; x_wconf 81' lang='grc' dir='ltr'>σκεύους</span> <span class='ocrx_word' id='word_1_834' title='bbox 1683 5711 1970 5793; x_wconf 79' lang='grc' dir='ltr'>εἰλικρινεῖ</span> 
     </span>
    </p>
   </div>
   <div class='ocr_carea' id='block_1_110' title="bbox 2073 4732 3721 4806">
    <p class='ocr_par' dir='ltr' id='par_1_110' title="bbox 2073 4732 3721 4806">
     <span class='ocr_line' id='line_1_110' title="bbox 2073 4732 3721 4806; baseline -0.004 -12"><span class='ocrx_word' id='word_1_835' title='bbox 2073 4743 2267 4795; x_wconf 89' lang='lat' dir='ltr'><strong>rantes</strong></span> <span class='ocrx_word' id='word_1_836' title='bbox 2315 4736 2492 4792; x_wconf 67' lang='lat' dir='ltr'><strong>stellas</strong></span> <span class='ocrx_word' id='word_1_837' title='bbox 2536 4736 3002 4792; x_wconf 87' lang='lat' dir='ltr'><strong>circumferimur</strong></span> <span class='ocrx_word' id='word_1_838' title='bbox 3035 4751 3048 4802; x_wconf 94' lang='lat'>;</span> <span class='ocrx_word' id='word_1_839' title='bbox 3083 4752 3148 4790; x_wconf 87' lang='lat' dir='ltr'><strong>ac</strong></span> <span class='ocrx_word' id='word_1_840' title='bbox 3200 4733 3395 4806; x_wconf 89' lang='lat' dir='ltr'><strong>potius</strong></span> <span class='ocrx_word' id='word_1_841' title='bbox 3426 4734 3601 4805; x_wconf 88' lang='lat' dir='ltr'><strong>longo</strong></span> <span class='ocrx_word' id='word_1_842' title='bbox 3634 4732 3721 4788; x_wconf 88' lang='lat' dir='ltr'><strong>in-</strong></span> 
     </span>
    </p>
   </div>
   <div class='ocr_carea' id='block_1_111' title="bbox 2072 4822 3722 4895">
    <p class='ocr_par' dir='ltr' id='par_1_111' title="bbox 2072 4822 3722 4895">
     <span class='ocr_line' id='line_1_111' title="bbox 2072 4822 3722 4895; baseline -0.002 -13"><span class='ocrx_word' id='word_1_843' title='bbox 2072 4825 2311 4883; x_wconf 89' lang='lat' dir='ltr'><strong>tervallo</strong></span> <span class='ocrx_word' id='word_1_844' title='bbox 2344 4844 2377 4882; x_wconf 90' lang='lat' dir='ltr'><strong>a</strong></span> <span class='ocrx_word' id='word_1_845' title='bbox 2404 4830 2458 4881; x_wconf 93' lang='lat' dir='ltr'><strong>te</strong></span> <span class='ocrx_word' id='word_1_846' title='bbox 2489 4825 2741 4895; x_wconf 86' lang='lat' dir='ltr'><strong>sejuncti</strong></span> <span class='ocrx_word' id='word_1_847' title='bbox 2774 4830 2966 4881; x_wconf 90' lang='lat' dir='ltr'><strong>tecum</strong></span> <span class='ocrx_word' id='word_1_848' title='bbox 2996 4823 3430 4895; x_wconf 84' lang='lat' dir='ltr'><strong>conjungimur,</strong></span> <span class='ocrx_word' id='word_1_849' title='bbox 3464 4822 3722 4895; x_wconf 81' lang='lat' dir='ltr'><strong>comple-</strong></span> 
     </span>
    </p>
   </div>
   <div class='ocr_carea' id='block_1_112' title="bbox 2073 4913 3718 4987">
    <p class='ocr_par' dir='ltr' id='par_1_112' title="bbox 2073 4913 3718 4987">
     <span class='ocr_line' id='line_1_112' title="bbox 2073 4913 3718 4987; baseline -0.003 -14"><span class='ocrx_word' id='word_1_850' title='bbox 2073 4918 2286 4974; x_wconf 88' lang='lat' dir='ltr'><strong>ctimur</strong></span> <span class='ocrx_word' id='word_1_851' title='bbox 2341 4919 2396 4972; x_wconf 87' lang='lat' dir='ltr'><strong>te</strong></span> <span class='ocrx_word' id='word_1_852' title='bbox 2444 4914 2715 4987; x_wconf 87' lang='lat' dir='ltr'><strong>separati,</strong></span> <span class='ocrx_word' id='word_1_853' title='bbox 2758 4919 2822 4970; x_wconf 92' lang='lat' dir='ltr'><strong>ut</strong></span> <span class='ocrx_word' id='word_1_854' title='bbox 2873 4914 2913 4968; x_wconf 90' lang='lat' dir='ltr'><strong>ii</strong></span> <span class='ocrx_word' id='word_1_855' title='bbox 2970 4915 3070 4986; x_wconf 91' lang='lat' dir='ltr'><strong>qui</strong></span> <span class='ocrx_word' id='word_1_856' title='bbox 3132 4915 3346 4969; x_wconf 89' lang='lat' dir='ltr'><strong>animis</strong></span> <span class='ocrx_word' id='word_1_857' title='bbox 3402 4913 3718 4984; x_wconf 64' lang='lat' dir='ltr'><strong>cohaerent,</strong></span> 
     </span>
    </p>
   </div>
   <div class='ocr_carea' id='block_1_113' title="bbox 2074 5002 3721 5076">
    <p class='ocr_par' dir='ltr' id='par_1_113' title="bbox 2074 5002 3721 5076">
     <span class='ocr_line' id='line_1_113' title="bbox 2074 5002 3721 5076; baseline -0.002 -15"><span class='ocrx_word' id='word_1_858' title='bbox 2074 5005 2281 5062; x_wconf 90' lang='lat' dir='ltr'><strong>divulsi</strong></span> <span class='ocrx_word' id='word_1_859' title='bbox 2312 5002 2948 5076; x_wconf 88' lang='lat' dir='ltr'><strong>eorporibus.Dolemus</strong></span> <span class='ocrx_word' id='word_1_860' title='bbox 2970 5003 3153 5060; x_wconf 89' lang='lat' dir='ltr'><strong>vicem</strong></span> <span class='ocrx_word' id='word_1_861' title='bbox 3179 5009 3427 5072; x_wconf 88' lang='lat' dir='ltr'><strong>tuam,ut</strong></span> <span class='ocrx_word' id='word_1_862' title='bbox 3456 5004 3721 5074; x_wconf 67' lang='lat' dir='ltr'><strong>quaedam</strong></span> 
     </span>
    </p>
   </div>
   <div class='ocr_carea' id='block_1_114' title="bbox 2074 5090 3726 5165">
    <p class='ocr_par' dir='ltr' id='par_1_114' title="bbox 2074 5090 3726 5165">
     <span class='ocr_line' id='line_1_114' title="bbox 2074 5090 3726 5165; baseline -0.004 -14"><span class='ocrx_word' id='word_1_863' title='bbox 2074 5097 2420 5164; x_wconf 84' lang='lat' dir='ltr'><strong>animantes,</strong></span> <span class='ocrx_word' id='word_1_864' title='bbox 2454 5108 2587 5149; x_wconf 88' lang='lat' dir='ltr'><strong>cum</strong></span> <span class='ocrx_word' id='word_1_865' title='bbox 2620 5090 2845 5161; x_wconf 83' lang='lat' dir='ltr'><strong>aliquas</strong></span> <span class='ocrx_word' id='word_1_866' title='bbox 2895 5093 2983 5147; x_wconf 89' lang='lat' dir='ltr'><strong>sui</strong></span> <span class='ocrx_word' id='word_1_867' title='bbox 3013 5093 3243 5165; x_wconf 86' lang='lat' dir='ltr'><strong>generis</strong></span> <span class='ocrx_word' id='word_1_868' title='bbox 3274 5109 3305 5148; x_wconf 90' lang='lat' dir='ltr'><strong>a</strong></span> <span class='ocrx_word' id='word_1_869' title='bbox 3352 5090 3726 5148; x_wconf 84' lang='lat' dir='ltr'><strong>venatoribus</strong></span> 
     </span>
    </p>
   </div>
   <div class='ocr_carea' id='block_1_115' title="bbox 2073 5180 3720 5256">
    <p class='ocr_par' dir='ltr' id='par_1_115' title="bbox 2073 5180 3720 5256">
     <span class='ocr_line' id='line_1_115' title="bbox 2073 5180 3720 5256; baseline -0.004 -15"><span class='ocrx_word' id='word_1_870' title='bbox 2073 5188 2272 5256; x_wconf 88' lang='lat' dir='ltr'><strong>captas</strong></span> <span class='ocrx_word' id='word_1_871' title='bbox 2330 5188 2385 5237; x_wconf 92' lang='lat' dir='ltr'><strong>et</strong></span> <span class='ocrx_word' id='word_1_872' title='bbox 2431 5180 2736 5252; x_wconf 88' lang='lat' dir='ltr'><strong>perspicuo</strong></span> <span class='ocrx_word' id='word_1_873' title='bbox 2795 5181 2942 5237; x_wconf 89' lang='lat' dir='ltr'><strong>vitro</strong></span> <span class='ocrx_word' id='word_1_874' title='bbox 3002 5181 3256 5237; x_wconf 87' lang='lat' dir='ltr'><strong>inclusas</strong></span> <span class='ocrx_word' id='word_1_875' title='bbox 3309 5181 3524 5246; x_wconf 71' lang='lat' dir='ltr'><strong>vident,</strong></span> <span class='ocrx_word' id='word_1_876' title='bbox 3575 5196 3720 5251; x_wconf 86' lang='lat' dir='ltr'><strong>quas</strong></span> 
     </span>
    </p>
   </div>
   <div class='ocr_carea' id='block_1_116' title="bbox 2074 5269 3725 5341">
    <p class='ocr_par' dir='ltr' id='par_1_116' title="bbox 2074 5269 3725 5341">
     <span class='ocr_line' id='line_1_116' title="bbox 2074 5269 3725 5341; baseline -0.004 -13"><span class='ocrx_word' id='word_1_877' title='bbox 2074 5277 2266 5329; x_wconf 87' lang='lat' dir='ltr'><strong>tamen</strong></span> <span class='ocrx_word' id='word_1_878' title='bbox 2313 5271 2592 5341; x_wconf 86' lang='lat' dir='ltr'><strong>attingere</strong></span> <span class='ocrx_word' id='word_1_879' title='bbox 2620 5276 2673 5323; x_wconf 89' lang='lat' dir='ltr'><strong>et</strong></span> <span class='ocrx_word' id='word_1_880' title='bbox 2721 5269 2999 5340; x_wconf 88' lang='lat' dir='ltr'><strong>amplecti</strong></span> <span class='ocrx_word' id='word_1_881' title='bbox 3031 5274 3349 5340; x_wconf 86' lang='lat' dir='ltr'><strong>nequeunt,</strong></span> <span class='ocrx_word' id='word_1_882' title='bbox 3400 5274 3457 5325; x_wconf 87' lang='lat' dir='ltr'><strong>et</strong></span> <span class='ocrx_word' id='word_1_883' title='bbox 3505 5270 3725 5323; x_wconf 77' lang='lat' dir='ltr'><strong>frustra</strong></span> 
     </span>
    </p>
   </div>
   <div class='ocr_carea' id='block_1_117' title="bbox 2077 5355 3722 5423">
    <p class='ocr_par' dir='ltr' id='par_1_117' title="bbox 2077 5355 3722 5423">
     <span class='ocr_line' id='line_1_117' title="bbox 2077 5355 3722 5423; baseline -0.003 -7"><span class='ocrx_word' id='word_1_884' title='bbox 2077 5376 2207 5417; x_wconf 88' lang='lat' dir='ltr'><strong>cum</strong></span> <span class='ocrx_word' id='word_1_885' title='bbox 2239 5357 2435 5413; x_wconf 89' lang='lat' dir='ltr'><strong>dolore</strong></span> <span class='ocrx_word' id='word_1_886' title='bbox 2484 5355 2634 5411; x_wconf 89' lang='lat' dir='ltr'><strong>circa</strong></span> <span class='ocrx_word' id='word_1_887' title='bbox 2690 5359 3066 5412; x_wconf 85' lang='lat' dir='ltr'><strong>transennam</strong></span> <span class='ocrx_word' id='word_1_888' title='bbox 3120 5362 3446 5423; x_wconf 87' lang='lat' dir='ltr'><strong>versantur,</strong></span> <span class='ocrx_word' id='word_1_889' title='bbox 3502 5361 3722 5411; x_wconf 75' lang='lat' dir='ltr'><strong>mutato</strong></span> 
     </span>
    </p>
   </div>
   <div class='ocr_carea' id='block_1_118' title="bbox 2077 5430 3726 5519">
    <p class='ocr_par' dir='ltr' id='par_1_118' title="bbox 2077 5430 3726 5519">
     <span class='ocr_line' id='line_1_118' title="bbox 2077 5430 3726 5519; baseline -0.005 -14"><span class='ocrx_word' id='word_1_890' title='bbox 2077 5451 2311 5519; x_wconf 80' lang='lat' dir='ltr'><strong>aspectu</strong></span> <span class='ocrx_word' id='word_1_891' title='bbox 2348 5449 2409 5501; x_wconf 88' lang='lat' dir='ltr'><strong>ut</strong></span> <span class='ocrx_word' id='word_1_892' title='bbox 2465 5430 2889 5515; x_wconf 22' lang='lat' dir='ltr'><strong>priori‘formzr</strong></span> <span class='ocrx_word' id='word_1_893' title='bbox 2940 5444 3232 5500; x_wconf 88' lang='lat' dir='ltr'><strong>contrario</strong></span> <span class='ocrx_word' id='word_1_894' title='bbox 3292 5445 3726 5515; x_wconf 56' lang='lat' dir='ltr'><strong>obstupefacta}.</strong></span> 
     </span>
    </p>
   </div>
   <div class='ocr_carea' id='block_1_119' title="bbox 2076 5531 3730 5604">
    <p class='ocr_par' dir='ltr' id='par_1_119' title="bbox 2076 5531 3730 5604">
     <span class='ocr_line' id='line_1_119' title="bbox 2076 5531 3730 5604; baseline -0.005 -11"><span class='ocrx_word' id='word_1_895' title='bbox 2076 5536 2291 5593; x_wconf 89' lang='lat' dir='ltr'><strong>Eodem</strong></span> <span class='ocrx_word' id='word_1_896' title='bbox 2328 5534 2499 5588; x_wconf 91' lang='lat' dir='ltr'><strong>modo</strong></span> <span class='ocrx_word' id='word_1_897' title='bbox 2525 5543 2582 5587; x_wconf 87' lang='lat' dir='ltr'><strong>et</strong></span> <span class='ocrx_word' id='word_1_898' title='bbox 2605 5548 2711 5588; x_wconf 91' lang='lat' dir='ltr'><strong>nos</strong></span> <span class='ocrx_word' id='word_1_899' title='bbox 2760 5533 3009 5604; x_wconf 85' lang='lat' dir='ltr'><strong>adjicere</strong></span> <span class='ocrx_word' id='word_1_900' title='bbox 3038 5531 3243 5587; x_wconf 89' lang='lat' dir='ltr'><strong>oculos</strong></span> <span class='ocrx_word' id='word_1_901' title='bbox 3275 5538 3331 5587; x_wconf 87' lang='lat' dir='ltr'><strong>et</strong></span> <span class='ocrx_word' id='word_1_902' title='bbox 3362 5532 3603 5603; x_wconf 88' lang='lat' dir='ltr'><strong>propius</strong></span> <span class='ocrx_word' id='word_1_903' title='bbox 3635 5546 3730 5585; x_wconf 87' lang='lat' dir='ltr'><strong>ac-</strong></span> 
     </span>
    </p>
   </div>
   <div class='ocr_carea' id='block_1_120' title="bbox 2079 5618 3734 5694">
    <p class='ocr_par' dir='ltr' id='par_1_120' title="bbox 2079 5618 3734 5694">
     <span class='ocr_line' id='line_1_120' title="bbox 2079 5618 3734 5694; baseline -0.008 -12"><span class='ocrx_word' id='word_1_904' title='bbox 2079 5625 2277 5682; x_wconf 88' lang='lat' dir='ltr'><strong>cedere</strong></span> <span class='ocrx_word' id='word_1_905' title='bbox 2320 5636 2683 5694; x_wconf 89' lang='lat' dir='ltr'><strong>possumus:</strong></span> <span class='ocrx_word' id='word_1_906' title='bbox 2735 5622 2833 5677; x_wconf 90' lang='lat' dir='ltr'><strong>sed</strong></span> <span class='ocrx_word' id='word_1_907' title='bbox 2891 5621 3199 5679; x_wconf 91' lang='lat' dir='ltr'><strong>convenire</strong></span> <span class='ocrx_word' id='word_1_908' title='bbox 3254 5624 3311 5676; x_wconf 90' lang='lat' dir='ltr'><strong>te</strong></span> <span class='ocrx_word' id='word_1_909' title='bbox 3365 5621 3543 5676; x_wconf 83' lang='lat' dir='ltr'><strong>libere</strong></span> <span class='ocrx_word' id='word_1_910' title='bbox 3573 5623 3629 5671; x_wconf 90' lang='lat' dir='ltr'><strong>et</strong></span> <span class='ocrx_word' id='word_1_911' title='bbox 3671 5618 3734 5670; x_wconf 82' lang='lat' dir='ltr'><strong>ﬁ-</strong></span> 
     </span>
    </p>
   </div>
   <div class='ocr_carea' id='block_1_121' title="bbox 2079 5706 3728 5787">
    <p class='ocr_par' dir='ltr' id='par_1_121' title="bbox 2079 5706 3728 5787">
     <span class='ocr_line' id='line_1_121' title="bbox 2079 5706 3728 5787; baseline -0.009 -16"><span class='ocrx_word' id='word_1_912' title='bbox 2079 5716 2281 5771; x_wconf 86' lang='lat' dir='ltr'><strong>denter</strong></span> <span class='ocrx_word' id='word_1_913' title='bbox 2308 5709 2602 5784; x_wconf 86' lang='lat' dir='ltr'><strong>amplecti,</strong></span> <span class='ocrx_word' id='word_1_914' title='bbox 2626 5714 2689 5766; x_wconf 91' lang='lat' dir='ltr'><strong>ut</strong></span> <span class='ocrx_word' id='word_1_915' title='bbox 2720 5710 2972 5783; x_wconf 80' lang='lat' dir='ltr'><strong>pridem,</strong></span> <span class='ocrx_word' id='word_1_916' title='bbox 3005 5706 3162 5764; x_wconf 90' lang='lat' dir='ltr'><strong>nullo</strong></span> <span class='ocrx_word' id='word_1_917' title='bbox 3196 5710 3369 5764; x_wconf 89' lang='lat' dir='ltr'><strong>modo</strong></span> <span class='ocrx_word' id='word_1_918' title='bbox 3400 5718 3728 5787; x_wconf 56' lang='lat' dir='ltr'><strong>possumus,</strong></span> 
     </span>
    </p>
   </div>
  </div>
