4120 6284
452 422 577 484 963
1767 414 2071 479 ΝΙΟΕΤιΕ
2111 413 2540 478 ΟΗΟΝΙΑΤΕ
3741 420 3852 481 964

456 553 763 612 barbarico
821 551 1072 609 exercitu
1107 554 1172 606 ut
1218 548 1405 606 solido
1461 566 1646 617 muro,
1680 554 1737 607 et
1787 549 1957 621 longe
2004 550 2106 605 fir-

2223 545 2314 600 καὶ
2350 542 2599 618 στιλπνῷ
2626 545 2727 614 τὴν
2760 546 2856 599 τοῦ
2904 544 3169 616 συννόμου
3221 544 3365 613 ζώου
3407 544 3528 600 θέαν
3558 545 3855 622 ένοπτριζό-

454 644 636 699 miore
667 657 837 713 quam
871 641 1075 695 vitrum
1106 643 1212 707 est,
1245 637 1565 695 interclusi.

2219 655 2349 709 μενα
2378 634 2648 709 συμμῖξαι
2680 632 2770 688 καὶ
2828 631 2879 688 ἐν
2942 637 3063 708 χρῷ
3121 632 3365 710 γενέσθαι
3422 632 3570 698 ’ὀλως
3603 632 3857 711 ἀδυνατεῖ,

456 730 548 787 καὶ
603 729 691 785 διὰ
722 734 881 784 τοῦτο
933 729 1107 801 μάτην
1162 727 1286 801 περὶ
1340 727 1401 781 τὸ
1455 726 1619 804 ἄγγος
1680 724 2063 800 ἀδημονοῦντα
2096 726 2401 802 στρέφεται,
2471 728 2551 795 τῷ
2590 722 2988 798 ἐξηλλαγμένῳ
3007 729 3107 793 τῆς
3141 721 3315 797 ὅψεως
3343 724 3420 785 ὡς
3450 723 3746 798 ἀπεναντίῳ
3772 735 3861 797 τῆς

462 822 658 896 πρώην
684 815 844 889 ἕξεως
877 813 1306 890 ἐκθαμϐοὗμενα·
1340 817 1427 870 καὶ
1456 819 1620 889 ἡμεῖς
1652 817 1733 871 ἐπ’
1760 814 1879 886 ἴσης
1909 836 1994 870 σοι
2026 817 2122 877 τὰς
2160 815 2255 886 μὶν
2286 810 2437 887 ὄψεις
2486 810 2859 887 προσϐάλλειν
2894 814 2983 868 καὶ
3014 814 3304 889 ἐγγύτερον
3339 812 3472 867 ἴέναι
3514 808 3735 887 ἔχομεν.
3772 821 3859 872 τοῦ

459 907 516 964 δὲ
548 908 910 984 περιχηθῆναί
941 928 1028 960 σοι
1060 905 1298 981 γνησίων
1328 905 1416 959 καὶ
1457 904 1879 977 προσπλακῆναι
1912 903 2226 980 θαῤῥαλέως
2252 901 2326 964 ὡς
2360 901 2624 977 πρότερον
2657 902 2989 957 παντάπασιν
3022 902 3377 978 ἐστερήμεθα,
3412 901 3511 955 ὅσα
3539 903 3628 956 καὶ
3660 903 3858 975 σώματι

459 1002 661 1074 στερεῴ
691 998 781 1051 καὶ
813 994 1013 1068 πολλῷ
1037 993 1418 1069 στεγανωτέρῳ
1454 993 1616 1049 ὑέλου
1648 999 1727 1067 τῷ
1764 989 2082 1069 βαρϐαρικῷ
2110 993 2445 1067 συντάγματι
2487 988 2873 1068 διειργόμενοι.

526 1090 580 1144 6.
626 1112 653 1139 ‹‹
714 1089 825 1144 Cur
854 1104 961 1144 nos
1014 1088 1363 1158 percussisti,
1416 1087 1675 1152 Domine,
1737 1101 1842 1143 nec
1894 1090 1983 1141 est
2013 1085 2110 1155 qui

459 1179 757 1235 medeatur
785 1178 814 1233 ?
851 1176 1257 1247 Agnoscimus,
1312 1174 1575 1243 Domine,
1610 1182 1837 1246 peccata
1895 1183 2106 1251 nostra;

455 1268 703 1339 injurias
753 1274 975 1339 patrum
1026 1277 1374 1321 nostrorum.
1410 1264 1619 1319 Desine
1658 1265 1800 1319 ’267
1866 1280 1966 1335 per
1998 1263 2111 1318 mi-

455 1357 825 1413 sericordiam
885 1360 1068 1410 tuam.
1133 1354 1213 1409 Ne
1264 1354 1434 1424 perde
1493 1352 1704 1409 solium
1736 1354 1949 1423 glorise.
2013 1353 2108 1408 Ca-

454 1446 659 1516 stigato
695 1462 818 1515 nos,
842 1444 1108 1512 Domine,
1128 1459 1200 1499 ne
1230 1462 1259 1497 a
1292 1451 1344 1498 te
1376 1442 1605 1499 deficiat
1633 1442 1831 1498 anima
1860 1445 2059 1499 nostra
2089 1457 2104 1497 :

459 1536 561 1591 sed
577 1534 943 1604 judicio,non
970 1535 1262 1597 furore,ne
1276 1533 1342 1587 ad
1363 1532 1708 1603 paucitatem
1728 1548 1834 1588 nos
1858 1532 2106 1603 redigas.

458 1622 705 1679 Etl'unde
745 1623 993 1679 furorem
1044 1626 1210 1677 tuum
1251 1637 1425 1693 super
1473 1629 1670 1693 gentes
1718 1638 1847 1692 qua
1885 1626 1943 1677 te
1990 1636 2109 1678 non

461 1719 801 1783 agnoscunt,
819 1716 875 1767 et
904 1727 1076 1782 super
1105 1711 1370 1766 nationes
1400 1725 1523 1782 quas
1551 1726 1757 1766 nomen
1791 1718 1958 1766 tuum
1992 1727 2107 1767 non

457 1801 754 1858 invocant.
792 1800 955 1857 Pater
984 1805 1181 1855 noster
1208 1804 1265 1854 tu
1308 1815 1386 1861 es,
1435 1800 1674 1856 Domine
1704 1818 1719 1854 :
1753 1817 1859 1855 nos
1893 1801 2108 1869 lutum;

454 1895 517 1947 tu
551 1892 763 1962 ﬁgulus
796 1899 1184 1960 noster;opus
1208 1906 1488 1944 manuum
1514 1896 1742 1944 tuarum
1768 1907 1873 1945 nos
1905 1907 2110 1946 omnes

2292 1081 2355 1144 c;'.
2397 1084 2508 1137 *Ινα
2562 1081 2615 1135 τί
2669 1079 2893 1143 ἔπαισας
2961 1082 3129 1153 ἡμᾶς,
3191 1079 3374 1154 Κύριε,
3433 1081 3525 1134 καὶ
3584 1080 3683 1134 οὐκ
3728 1076 3855 1135 ἔστιν

2220 1171 2356 1243 ἡμῖν
2387 1169 2532 1232 ἳασις
2564 1188 2576 1239 ;
2610 1171 2922 1245 Ἔγνωμεν,
2980 1168 3159 1245 Κύριε,
3218 1170 3490 1244 ἁμαρτίας
3541 1169 3720 1241 ἡμῶν,
3753 1167 3860 1224 ἀδι-

2221 1260 2341 1323 κίας
2374 1262 2621 1337 πατέρων
2652 1263 2835 1334 ἡμῶν.
2869 1260 3127 1317 Κόπασον
3167 1256 3257 1315 διὰ
3301 1264 3401 1315 τοῦ
3433 1257 3620 1323 ἐλέους
3650 1281 3758 1329 σου,
3792 1261 3857 1333 μή

2220 1346 2497 1425 ἀπολέσῃς
2533 1349 2722 1426 θρόνον
2754 1348 2918 1422 δόξης
2958 1372 3075 1408 σου.
3132 1347 3434 1407 Παίδευσον
3494 1351 3662 1422 ἡμᾶς,
3692 1349 3860 1435 Κύριε¹

2219 1438 2368 1501 ὅπως
2404 1441 2480 1513 μὴ
2534 1439 2747 1515 ἀποστῇ
2778 1442 2812 1510 ἡ
2855 1440 3012 1515 ψυχὴ
3067 1442 3228 1513 ἡμῶν
3292 1438 3402 1494 ἀπὸ
3462 1442 3581 1511 σοῦ,
3630 1439 3771 1508 πλὴν
3815 1437 3859 1492 ἐν

2216 1531 2390 1607 κρίσει
2422 1534 2512 1589 καὶ
2548 1536 2623 1608 μὴ
2657 1533 2708 1589 ἐν
2739 1535 2919 1609 θυμῷ,
2971 1532 3064 1589 ’ίνα
3121 1536 3196 1609 μή
3250 1531 3583 1609 ὀλιγοστοῦς
3640 1534 3861 1602 ποιήσῃς

2217 1625 2388 1696 ἡμᾶς.
2419 1623 2657 1699 Ἐχχεον
2688 1623 2780 1679 τὸν
2833 1624 3006 1697 θυμόν
3036 1644 3132 1679 σου
3165 1621 3253 1678 ἐπὶ
3303 1623 3374 1677 τὰ
3429 1624 3557 1693 tow,
3587 1621 3651 1676 τά
3699 1622 3769 1694 μή
3799 1619 3864 1675 εί-

2218 1708 2349 1767 δότα
2381 1733 2459 1781 σε,
2488 1712 2575 1767 καὶ
2608 1710 2697 1767 ἐπὶ
2742 1713 2928 1788 γενεὰς
2960 1713 3014 1768 αἳ
3068 1712 3131 1767 τὸ
3191 1711 3373 1785 ὄνομά
3414 1732 3535 1777 σου,
3567 1710 3746 1785 Κύριε,
3778 1707 3866 1764 οὐκ

2219 1798 2637 1859 ἐπεκαλέσαντο.
2718 1803 2905 1879 Πατὴρ
2965 1804 3126 1876 ἡμῶν
3190 1802 3251 1856 σὺ
3329 1801 3401 1871 εἴ,
3473 1799 3659 1875 Κύριε·
3716 1800 3864 1872 ἡμεῖς

2217 1888 2421 1961 πηλὸς,
2461 1889 2637 1946 καὶσὺ
2664 1891 2914 1962 πλάστης
2946 1893 3128 1965 ἡμῶν,
3161 1889 3321 1967 ἔργον
3366 1894 3475 1944 τῶν
3528 1894 3723 1965 χειρῶν
3780 1908 3865 1942 σου

454 1997 675 2045 sumus,
706 1982 936 2035 adverte
962 1981 1244 2045 oculos,et
1268 1979 1399 2033 vide
1432 1980 1636 2048 probra
1667 1984 1899 2034 nostra:
1934 1979 2107 2035 haere-

2223 1981 2419 2043 πάντες
2452 1982 2639 2055 ἡμεῖς.
2676 1976 3034 2056 Ἐπίϐλεψον,
3090 1979 3181 2035 καὶ
3237 1976 3322 2034 ’ἰδε
3379 1979 3511 2041 τοὺς
3542 1974 3863 2049 ὀνειδισμοὺς

456 2071 610 2126 ditas
644 2074 846 2123 nostra
872 2067 944 2122 ad
975 2067 1331 2137 alienigenas
1352 2073 1441 2121 est
1470 2082 1691 2131 aversa,
1715 2066 1865 2121 aedes
1897 2073 2110 2122 nostrae

456 2158 529 2213 ad
563 2155 899 2228 peregrinos
947 2155 1008 2209 Si
1041 2162 1101 2209 tu
1137 2172 1241 2209 nos
1274 2155 1431 2247 adite
1464 2155 1836 2222 converteris,
1870 2170 2111 2209 conver-

453 2251 651 2301 temur
685 2260 698 2311 ;
734 2253 1000 2299 renovato
1034 2242 1158 2317 dies
1216 2240 1471 2310 nostros,
1506 2250 1568 2296 ut
1600 2242 1737 2298 olim
1791 2245 2043 2299 fuerunt.
2079 2266 2107 2295 »

2218 2069 2401 2141 ἡμῶν.
2460 2069 2523 2125 Ἦ
2565 2068 2911 2144 κληρονομία
2967 2071 3128 2143 ἡμῶν
3185 2069 3533 2147 μετεστράφη
3576 2067 3648 2128 εἰς
3698 2063 3856 2121 ἀλλο-

2217 2156 2426 2232 τρίους,
2469 2159 2520 2213 οἱ
2554 2156 2694 2213 οἴκοι
2728 2161 2889 2232 ἡμῶν
2943 2157 3020 2220 sic
3079 2157 3283 2232 ξένους.
3336 2157 3692 2232 Ἐπίστρεψον
3726 2156 3858 2228 ἡμᾶς

2218 2247 2353 2322 πρὸς
2387 2248 2466 2317 σε,
2497 2249 2587 2303 καὶ
2645 2247 3182 2324 ἐπιστραφησόμεθα.
3244 2246 3623 2305 Ἀνακαίνισον
3674 2242 3864 2318 ἡμέρας

456 2335 618 2406 ἡμῶν
644 2330 824 2392 καθὼς
856 2328 1177 2407 ἔμπροσθεν.
1211 2328 1494 2406 Χρηστέον
1528 2329 1629 2404 γὰρ
1668 2351 1760 2404 μοι
1794 2330 2093 2406 ἒπικαὶρως
2148 2336 2237 2391 καὶ
2297 2337 2377 2416 ἐφ’
2429 2337 2645 2411 ὁμοίοις
2684 2343 2801 2401 τοῖς
2831 2339 3201 2412 συναντήμασι
3229 2342 3349 2399 τοῖς
3384 2340 3675 2414 Γραφικοῖς
3704 2329 3862 2388 τοῖσδε

467 2422 729 2497 ῥήμασιν.
978 2494 985 2500 ἰ

524 2511 816 2568 Utendum
850 2510 1004 2573 enim
1037 2510 1177 2566 mihi
1211 2515 1299 2565 est
1328 2526 1427 2581 per
1456 2514 1706 2580 tempus,
1739 2515 1799 2567 et
1828 2512 1886 2567 in
1922 2512 2107 2569 simili

450 2597 775 2655 calamitate
810 2597 898 2652 his
956 2597 1269 2665 Scriptura)
1328 2613 1509 2653 sacrm
1567 2599 1807 2666 verbis;
1857 2599 1954 2653 sed
1980 2599 2108 2670 jam

455 2690 640 2749 oratio
693 2705 785 2744 me
829 2688 1025 2744 deficit
1075 2704 1192 2743 una
1222 2693 1438 2757 tecum,
1470 2705 1503 2743 ο
1551 2688 1710 2754 urbs,
1763 2689 1955 2744 nutrix
1987 2689 2109 2746 elo-

454 2779 1476 2854 quentiae,amissa,quemadmodum
1508 2795 1816 2851 compages
1849 2779 2112 2851 corporis

456 2871 651 2928 animo
680 2870 1016 2926 discedente
1047 2868 1408 2924 dissolvitur.
1434 2870 1525 2923 Est
1557 2868 1738 2940 igitur
1770 2869 2111 2940 magnitudo

454 2962 646 3017 luctus
700 2960 882 3015 mutis
916 2959 1189 3031 lacrymis
1245 2964 1301 3013 et
1349 2958 1744 3013 ineffabilibus
1791 2958 2113 3030 gemitibus

459 3046 885 3115 concludenda,
919 3050 975 3101 et
1004 3045 1406 3115 abrumpenda
1444 3046 1569 3116 jam
1613 3046 1863 3101 bistoriaa
1910 3046 2107 3102 series.

464 3137 603 3201 Quis
635 3136 790 3192 enim
812 3138 1106 3189 Musarum
1136 3151 1304 3190 sacra
1324 3135 1689 3204 iuterrajam
1711 3152 1743 3188 a
1774 3135 1958 3191 Musis
1979 3134 2116 3191 alie-

462 3233 594 3280 nata
624 3228 681 3279 et
728 3223 993 3277 barbarie
1041 3239 1316 3294 oppressa
1365 3239 1526 3292 aequo
1575 3224 1771 3279 animo
1806 3223 2118 3280 celebret?

469 3312 625 3368 absit
656 3318 717 3367 ut
749 3326 853 3378 ego
882 3327 970 3367 res
1008 3320 1200 3382 gestas
1250 3310 1637 3366 Barbarorum
1669 3312 1987 3378 decentem,
2014 3318 2116 3368 aut

2292 2515 2454 2572 Ἀλλ’
2482 2514 2592 2588 ἤδη
2630 2538 2725 2591 μοι
2756 2516 2847 2573 καὶ
2876 2516 2939 2573 τὸ
2970 2515 3147 2594 λέγειν
3178 2517 3315 2573 αὐτὸ
3378 2514 3741 2579 ἐπιλέλοιπεν,
3769 2508 3855 2566 ὅσα

2219 2605 2306 2660 καὶ
2342 2609 2501 2679 σῶμα
2534 2606 2775 2680 συμφυὲς
2808 2609 2963 2681 ψυχῇ
2996 2606 3085 2660 καὶ
3120 2603 3444 2679 ὁμόστολον
3472 2608 3539 2679 τῇ
3569 2607 3660 2658 τοῦ
3694 2600 3846 2673 λόγου

2222 2718 2306 2752 σοι
2347 2697 2535 2775 τροφῷ
2568 2695 2730 2752 πόλει
2776 2696 3036 2752 συναπιόν
3094 2718 3153 2752 τε
3208 2698 3295 2752 καὶ
3344 2697 3613 2753 συνθανόν.
3666 2695 3855 2765 Κωφοῖς

2219 2785 2397 2841 τοίνυν
2433 2783 2657 2862 δάκρυσι
2716 2786 2806 2842 καὶ
2862 2791 3190 2862 στεναγμοῖς
3239 2785 3553 2858 ἀλαλήτοις
3604 2775 3853 2838 τὰπολλὰ

2221 2879 2327 2930 τῶν
2384 2876 2752 2950 θρηνημάτων
2837 2873 3192 2952 ἀφοσιωτέον,
3259 2874 3353 2930 καὶ
3419 2878 3517 2930 τοῦ
3582 2867 3854 2944 περαιτέρω

2222 2962 2475 3038 ἀφεκτέον
2507 2971 2605 3033 τῆς
2640 2963 2880 3038 ἱστορίας
2912 2964 3127 3039 εἱρμοῦ.
3170 2965 3267 3026 Τίς
3320 2965 3438 3039 γὰρ
3496 2958 3757 3035 ἀνάσχοιτ’
3805 2952 3853 3010 ἄν

2224 3052 2308 3109 ἐπἱ
2342 3061 2442 3128 γῆς
2483 3051 2951 3129 ἀλλοτριωθείσης
3003 3051 3113 3124 ἤδη
3173 3056 3269 3108 τοῦ
3325 3052 3504 3129 λὸγου
3551 3049 3638 3105 καὶ
3677 3040 3851 3123 βαρϐα-

2226 3144 2494 3220 ρωθείσης
2524 3140 2711 3198 τέλεον
2778 3144 2845 3198 τὰ
2901 3147 3130 3197 Μουσῶν
3190 3139 3594 3198 ἐπιδείκνυσθαι
3644 3133 3845 3220 κρούμαξ

2222 3254 2288 3288 τα
2340 3251 2352 3301 ;
2415 3233 2517 3287 οὐκ
2573 3231 2632 3287 ἄν
2717 3231 2951 3306 ᾇσαίμην
3018 3232 3085 3287 τὰ
3158 3226 3460 3307 βαρϐάρων
3526 3227 3699 3292 αὐτὸς,
3750 3216 3845 3276 οὐδ’

2227 3319 2454 3395 ἐσοίμην
2508 3323 2889 3397 παραπέμπων
2942 3327 3059 3384 τοῖς
3132 3315 3316 3376 ἔπειτα
3375 3320 3595 3392 πράξεις
3649 3312 3849 3384 πολεμι·

465 3418 531 3457 ea
571 3400 730 3457 bella
788 3381 1075 3455 memorias
1134 3404 1498 3471 posterorum
1546 3401 1810 3471 prodam,
1870 3401 2018 3457 708
2049 3402 2107 3457 in

2224 3410 2320 3471 κάς
2342 3381 2529 3472 ἐνΙαῖς
2708 3381 2932 3466 νιικῶσιν
2990 3381 3287 3482 Ἕλληνες.
3338 3381 3433 3468 Εἰ,
3479 3381 3581 3485 γὰρ
3635 3406 3660 3460 ὁ
3713 3381 3851 3473 Κῷος

463 3490 676 3562 quibus
727 3506 842 3544 non
891 3490 1132 3545 vincunt
1179 3488 1381 3544 Graeci.
1426 3488 1565 3546 Nam
1625 3489 1674 3545 si
1706 3491 1860 3545 Cous
1890 3490 2110 3562 Hippo-

461 3588 647 3636 crates
680 3596 713 3634 a
743 3594 877 3651 rege
915 3579 1221 3635 Persarum
1256 3594 1465 3649 magna
1496 3579 1740 3650 pecunia
1770 3580 2107 3649 accersitus,

463 3674 526 3725 ut
556 3669 715 3724 illius
748 3669 919 3723 urbes
970 3667 1299 3738 pestilentia
1331 3667 1662 3724 laborantes
1694 3673 1945 3739 sanaret,
1987 3687 2109 3726 ma-

460 3758 692 3831 gnificis
744 3758 858 3813 illis
908 3755 1422 3827 pollicitationibus
1481 3757 1800 3828 repudiatis
1849 3763 2109 3814 contem-

458 3847 574 3918 psit
601 3846 902 3910 barbaros,
938 3860 1042 3899 cur
1072 3860 1177 3915 ego
1225 3859 1345 3899 rem
1378 3845 1685 3915 optimam,
1718 3844 2023 3901 historiam
2052 3850 2111 3901 et

456 3934 913 4004 pulcherrimum
944 3934 1274 3987 Graecorum
1312 3932 1638 4001 inventum,
1692 3934 1864 3989 rebus
1896 3933 2107 3990 Barba-

457 4039 649 4078 rorum
675 4026 880 4078 contra
904 4026 1131 4076 Graecos
1162 4023 1341 4092 gestis
1372 4022 1760 4078 condonarem
1801 4024 1822 4077 Ρ
1851 4023 1967 4079 imo
1997 4023 2106 4093 illi,

457 4116 521 4166 ut
551 4113 600 4167 is
628 4111 727 4182 qui
761 4109 1019 4180 Ephesiae
1044 4110 1237 4165 Dianas
1258 4112 1539 4181 templum
1565 4111 1844 4180 incendit,
1875 4116 2109 4183 pereant

456 4199 644 4271 ignoti
677 4203 731 4255 et
751 4199 1017 4264 obscuri;
1043 4215 1145 4254 nec
1168 4199 1286 4254 ullo
1310 4201 1481 4255 verbo
1503 4199 1810 4271 quisquam
1841 4207 2107 4257 nostrum

454 4305 553 4345 eos
583 4289 872 4361 dignetur,
904 4291 1395 4346 donectransierit
1426 4290 1704 4361 iniquitas
1736 4299 1788 4346 et
1815 4290 1968 4346 Deus
1994 4308 2110 4346 ser-

454 4397 555 4437 vos
587 4398 724 4437 suos
757 4382 1074 4437 clementer
1105 4381 1440 4451 respexerit.
1462 4381 1585 4438 Non
1618 4382 1777 4437 enim
1808 4381 1963 4437 Deus
1994 4399 2098 4437 no-

449 4476 570 4528 ster
598 4470 650 4529 is
672 4481 751 4529 est
775 4472 873 4544 qui
899 4471 1081 4527 nostri
1102 4477 1376 4543 perpetuo
1409 4470 1915 4538 obliviscatur,aut
1944 4471 2107 4528 inira

445 4578 553 4619 sua
583 4560 1045 4619 misericordiam
1078 4577 1192 4617 non
1250 4559 1693 4632 complectatur,
1729 4565 1830 4616 aut
1882 4560 2105 4618 beneﬁ-

450 4652 706 4709 centiam
741 4667 977 4710 omnem
1011 4651 1070 4706 in
1101 4654 1399 4722 posterum
1423 4649 1799 4721 deneget,sed
1820 4666 1953 4705 cum
1985 4667 2109 4723 per-

452 4744 618 4812 cutit,
652 4744 939 4811 medetur,
975 4757 1109 4798 cum
1141 4739 1439 4808 occidit;in
1470 4739 1650 4794 vitam
1683 4739 1910 4796 reducit
1935 4760 1949 4808 ;
1973 4755 2104 4796 cum

449 4835 704 4892 ferarum
759 4837 965 4891 dentes
1023 4833 1311 4899 immittit,
1371 4831 1470 4904 qui
1531 4847 1664 4887 cum
1720 4831 1879 4887 rabie
1941 4837 2105 4888 terras

451 4923 734 4993 alﬂigant,
766 4928 826 4978 at
880 4922 1116 4978 leonum
1148 4936 1379 4993 quoque
1410 4919 1676 4976 maxillas
1707 4918 2021 4993 confringit
2048 4925 2107 4978 et

453 5015 627 5081 caput
656 5010 927 5065 draconis
956 5009 1283 5065 conterit.8i
1316 5013 1379 5064 ut
1406 5008 1699 5065 calamum
1733 5008 2102 5078 comminuit,

457 5103 514 5153 at
545 5097 762 5153 bestias
800 5098 977 5152 etiam
1010 5098 1081 5153 ob
1126 5097 1415 5154 calamum
1446 5098 1727 5169 increpat.
1758 5098 1815 5154 Si
1846 5099 1939 5155 isti
1971 5116 2102 5156 cur-

455 5186 619 5242 ribus
650 5191 708 5241 et
756 5185 921 5256 equis
954 5186 1166 5256 ﬁdunt,
1198 5191 1257 5241 at
1286 5188 1346 5243 in
1378 5204 1523 5259 equo
1584 5193 1743 5243 certa
1797 5188 1956 5245 salus
1988 5203 2099 5246 non

458 5281 565 5342 est,
595 5291 780 5346 neque
827 5275 982 5330 Deus
1013 5277 1119 5331 viri
1164 5277 1321 5330 tibiis
1369 5279 1704 5335 delectatur.
1733 5279 1788 5333 Si
1823 5281 2102 5352 populum

455 5381 631 5421 suum
676 5365 902 5421 duriter
947 5369 1157 5421 tractat
1187 5365 1356 5436 eique
1384 5367 1583 5425 vinum
1631 5369 2100 5440 compunctionis

2217 3498 2587 3571 Ἱπποιιράτης
2680 3496 2923 3561 πολλοῖς
3037 3498 3541 3573 μεταπεμπὸμενος
3631 3492 3853 3577 χρήμσξ

2218 3586 2354 3663 πρὸς
2384 3590 2481 3642 τοῦ
2511 3586 2635 3642 τότε
2690 3591 2910 3662 Περσῶν
2963 3585 3377 3663 βασιλεύοντος,
3429 3587 3504 3648 ὡς
3556 3581 3614 3639 ἄν
3662 3579 3747 3639 τὰς
3777 3575 3841 3628 ὖπ

2220 3675 2424 3732 ἐκεῖνον
2458 3676 2809 3751 ἐπισκέψαιτο
2873 3675 3066 3739 πόλεις
3124 3681 3304 3739 κακῶς
3364 3674 3674 3751 πασχούσας
3710 3686 3853 3751 νοση-

2220 3765 2342 3838 λείᾳ
2370 3767 2646 3840 σώματος,
2664 3750 2790 3821 οὐδ’
2819 3765 3005 3842 ἄκροις
3028 3767 3127 3821 ὡσὶ
3159 3768 3252 3829 τὰς
3289 3750 3627 3841 ὑπερόγαους
3646 3750 3853 3829 ὑποσχέ-

2220 3875 2328 3917 σεις
2360 3856 2584 3926 ἠνέξατο
2618 3853 2888 3928 δέξασθαι,
2946 3860 3031 3929 [Ρ.
3090 3859 3216 3928 373]
3247 3852 3434 3931 ἔρρειν
3499 3854 3588 3909 καὶ
3626 3845 3853 3921 οῒμώζειν

2216 3943 2343 4007 τοὺς
2377 3939 2688 4020 Βαρϐάρους
2717 3944 2890 4020 ἀφεὶς,
2924 3949 3041 4007 πῶς
3101 3942 3159 3999 ἄν
3208 3942 3324 4015 εἲην
3361 3944 3477 4019 ἐγὼ
3505 3942 3564 3998 τὸ
3597 3936 3849 4016 βέλτιστον

2218 4038 2437 4109 χρῆμα,
2496 4035 2595 4103 τὴν
2644 4035 2912 4109 ἱστορίαν,
2980 4034 3070 4089 καὶ
3131 4032 3436 4089 κάλλιστον
3489 4031 3690 4107 εὕρημα
3754 4024 3845 4076 τῶν

2217 4120 2503 4193 Ἑλλήνων
2543 4118 2902 4197 βαρϐαρικαῖς
2932 4124 3050 4187 καθ’
3103 4120 3392 4193 Ἑλλήνων
3442 4121 3655 4197 πράξεσι
3708 4128 3848 4197 χαρι-

2217 4210 2446 4285 ζόμενος
2480 4230 2494 4281 ;
2528 4196 2656 4267 ἀλλ’
2687 4196 2840 4266 οὗτοι
2898 4212 2995 4285 μὲν
3026 4212 3162 4267 κατὰ
3216 4212 3308 4266 τὸν
3368 4196 3711 4286 ἐμπρήσαντα
3767 4196 3843 4286 τὸγ

2216 4281 2521 4378 ἐν“Ἐιρὲσῳ
2572 4300 2701 4355 ναὸν
2764 4307 2866 4371 τῆς
2899 4281 3255 4376 ⁷Ἀρτέμιδος
3306 4281 3641 4377 οἰχῠέσθωσαν
3689 4281 3842 4378 ἃϊστοί

2212 4409 2270 4443 τε
2326 4388 2418 4443 καὶ
2477 4387 2728 4459 ἅπυστοι,
2788 4386 2929 4463 μηδὲ
2976 4392 3370 4466 προσρήματος
3398 4394 3531 4468 γοῦν
3574 4401 3705 4442 τινος
3765 4370 3841 4477 5?:

2213 4479 2376 4550 ἡμῶν
2462 4478 2796 4552 ἀξιούμενοι,
2845 4476 2950 4542 ἓως
3010 4480 3074 4534 οὗ
3103 4465 3368 4555 παρέλθοι
3414 4465 3674 4550 ἧάνομία
3724 4465 3835 4555 κάςπῖ

2213 4571 2331 4630 τοῖς
2373 4564 2597 4629 δούλοις
2636 4565 2805 4624 αἶ)τοῦ
2835 4569 2897 4624 τὸ
2933 4573 3086 4624 Θεῖον
3120 4566 3624 4644 παρακληθήσεται.
3650 4558 3723 4616 Οὗ
3750 4551 3833 4629 γὰρ

2216 4654 2382 4727 ἐστιν,
2425 4656 2527 4712 οὐκ
2564 4655 2705 4713 ἔστιν
2746 4658 2773 4712 ὁ
2804 4658 2932 4721 Θεὸς
2957 4659 3117 4732 ἡμῶν
3148 4657 3223 4720 εἰς
3252 4655 3415 4721 τέλος
3446 4649 3832 4732 ἐπιληθόμενοςν

2137 4765 2182 4831 D
2211 4746 2246 4815 ἢ
2272 4745 2512 4802 συνέχων
2536 4746 2587 4801 ἐν
2641 4750 2711 4822 τῇ
2745 4746 2885 4822 ὀργῇ
2936 4731 3102 4803 αὐτοῦ
3158 4746 3284 4809 τοὺς
3325 4741 3643 4823 οἶκτιρμοὺς
3670 4731 3832 4797 αὐτοῦ»

2219 4832 2361 4908 μηδὲ
2399 4836 2711 4911 προστιθεὶς
2764 4839 2859 4891 τοῦ
2922 4834 3212 4907 εὐδοκῆσαι
3251 4831 3351 4906 ἔτι,
3410 4835 3555 4893 ἀλλὰ
3607 4835 3827 4884 πατσσων

2215 4924 2358 4980 ἰᾶται
2390 4925 2478 4981 καὶ
2514 4928 2756 4991 θανατῶν
2791 4924 3125 5002 ἐπιστρέφων
3177 4932 3460 4997 ζωοποιεῖ.
3492 4926 3584 4982 Ἂν
3638 4911 3825 5002 ὀδόντας

2213 5011 2420 5087 Θηρίων
2478 5011 2825 5088 ἐπαποστελῇ
2896 5016 3030 5088 μετὰ
3077 5020 3176 5070 τοῦ
3233 5018 3409 5089 θυμοῦ
3455 5009 3707 5087 συρόντων

2341 5108 2468 5178 γῆς,
2512 5100 2659 5157 ἀλλᾶ
2703 5079 2935 5163 καὶ-γτόίς
3002 5101 3177 5177 μύλας
3229 5079 3335 5159 τῶν
3396 5079 3621 5159 λεόντων
3653 5079 3824 5178 συνθξᾷ

2209 5168 2299 5246 καὶ
2329 5168 2430 5260 τ’ἠν
2490 5188 2737 5267 κεφαλὴν
2784 5168 3053 5266 συντρίϐει
3120 5196 3218 5247 τοῦ
3271 5188 3583 5265 δράκοντος.
3629 5168 3827 5267 Ἀν.ὡ(

2209 5277 2460 5353 κάλαμον
2496 5259 2716 5352 ὃιάθΑᾷ,
2747 5280 2839 5335 καὶ
2884 5286 3003 5341 τοῖς
3060 5280 3277 5356 θηρίοις
3322 5286 3420 5337 τοῦ
3461 5274 3698 5345 καλάμου
3729 5259 3825 5315 ἐπι.

2207 5374 2344 5444 τιμᾷ
2376 5372 2509 5445 (58)·
2543 5371 2643 5427 Ἀν
2678 5370 2828 5425 οὗτοι
2878 5369 2929 5425 ἐν
2963 5370 3166 5446 ἅρμασι
3197 5371 3285 5426 καὶ
3323 5369 3477 5427 οὗτοι
3548 5363 3595 5420 ἐν
3625 5358 3815 5412 ἵπποις,

1842 5485 2010 5548 Hier.
2044 5486 2260 5549 Wolfii
2288 5494 2478 5551 notua.

527 5606 642 5681 (55)
714 5603 846 5683 _Kai_
886 5624 1001 5668 τοις
1040 5602 1293 5683 -θηρίο-ις
1365 5609 1469 5683 τοῦ,
1519 5603 1799 5683 καλάμου,
1858 5603 2106 5683 ἐπιτιμᾷ,

451 5678 647 5738 Etiam
705 5680 910 5737 bestia:
965 5678 1173 5735 calami
1229 5678 1496 5747 increpat.
1560 5679 1809 5735 Possunt
1867 5678 2107 5738 intelli"

454 5748 682 5807 irai-mes
710 5768 745 5807 ι
774 5751 992 5807 auibus
1021 5749 1369 5807 eradantur.
1424 5749 1534 5807 Sed
1564 5748 1792 5807 videtur
1822 5698 2111 5807 subintef:

454 5748 682 5812 vermes
710 5768 745 5810 ο.
774 5751 992 5827 quibus
1021 5749 1369 5809 eradantur.
1424 5749 1534 5807 Sed
1564 5748 1792 5808 videtur
1822 5748 2111 5811 subintel-

2218 5612 2321 5686 ligi
2349 5612 2413 5741 rte
2466 5609 2643 5687 ἓνεκα,
2693 5629 2872 5686 quem
2901 5630 3144 5673 sensum
3193 5614 3257 5673 in
3305 5599 3678 5672 convertenda
3706 5598 3816 5651 sum

2220 5700 2359 5741 secu
2388 5701 2478 5741 us.

2220 5700 2478 5743 secutus.
