4120 6284
332 382 444 443 965

1432 372 1770 436 ALEXIUS
1817 356 2072 438 occas
2118 376 2624 440 MURZUFLUS.

3617 376 3739 437 966

337 514 472 571 ἀλλὰ
505 510 708 588 ψευδὴς
748 510 916 572 ἷ⁷ππος
947 511 1021 572 εἷς
1058 510 1359 581 σωτηρίαν,
1408 506 1533 563 οὐδὲ
1588 508 1642 564 ἐν
1688 515 1807 573 ταῖς
1838 513 1975 581 κνή-

2107 512 2324 584 niseet,
2351 518 2408 569 at
2439 515 2587 570 769
2615 513 2873 569 vicissim
2896 529 3160 569 mensam
3185 513 3633 571 instruitcoram
3658 515 3742 571 eis

343 624 462 677 μαις
494 606 591 659 τοῦ
622 601 817 675 ἂνδρὸς
846 597 1076 656 εὐδοκεῖ.
1138 599 1202 656 Εἰ
1235 596 1464 653 δείκνυσι
1512 602 1594 670 τῷ
1648 598 1832 671 οἰκείῳ
1865 599 1984 673 λαῷ

338 692 546 767 σκληρᾶ
575 691 663 747 καὶ
706 691 852 745 οἶνοι
894 690 1113 762 κίρνησι
1143 687 1510 758 κατανύξεως,
1546 686 1672 744 ἀλλ’
1705 688 1984 763 ὲτοιμάζω

338 782 418 838 καὶ
455 782 721 857 τράπεζαν
757 779 808 851 ἐξ
858 779 1097 843 ἐναντίας
1158 784 1267 834 τῶν
1328 773 1655 849 θλιϐόντων,
1701 779 1789 833 καὶ
1847 799 1984 853 προ-

334 871 486 928 τείνει
538 874 804 944 ποτήριον
863 866 1273 945 φιλανθρωπίας
1321 865 1534 941 πλῆρες
1594 867 1987 940 καὶἱλαρότη-

334 982 419 1021 τος
456 962 545 1015 καὶ
592 959 855 1033 μεθῦσκον
896 959 970 1018 ὡς
999 959 1312 1032 κράτιστον.
1369 956 1430 1013 Εἰ
1488 956 1617 1020 τοὺς
1654 962 1987 1032 μαστιγοῦν-

335 1070 421 1111 τας
451 1048 511 1102 ἐκ
540 1047 789 1124 περάτων
840 1047 959 1121 ἄγει
1023 1053 1123 1114 τῆς
1180 1051 1285 1119 γῆς
1344 1047 1433 1100 καὶ
1476 1049 1584 1100 τῶν
1645 1043 1697 1099 ἒν
1749 1044 1990 1119 θαλάσσῃ

343 1138 566 1213 μακρὰν,
619 1137 709 1190 καὶ
770 1132 859 1189 διὰ
952 1136 1239 1209 προφήτου
1325 1135 1429 1208 βοᾷ
1515 1133 1988 1211 μεγαλοκήροκος,

345 1252 369 1279 (ι
398 1227 644 1302 Γίγαντες
701 1222 957 1300 ἔρχονται
1015 1221 1308 1297 πληρῶσαι
1355 1223 1446 1277 τὸν
1483 1223 1653 1295 θυμόν
1700 1244 1827 1296 μου,
1861 1222 1990 1298 χαί-

344 1335 521 1390 ροντες
562 1310 677 1388 ἅμα
716 1312 805 1368 καὶ
863 1312 1139 1381 παίζοντες
1199 1310 1521 1388 ἡγιασμένοι
1566 1312 1690 1385 είσὶ,
1745 1312 1834 1367 καὶ
1874 1314 1988 1389 ἄγω

343 1403 554 1476 αὐτοὺς,
617 1428 643 1454 ››
703 1401 849 1458 ἀλλὰ
906 1402 995 1456 καὶ
1052 1401 1266 1463 τούτοις
1333 1400 1584 1456 ἐπιτείνει
1625 1398 1988 1479 σφοδροτέρας

340 1491 555 1568 πληγὰς
576 1492 665 1546 καὶ
694 1495 802 1546 τῶν
845 1496 1022 1545 κακῶν
1061 1489 1305 1564 μαστίζει
1343 1494 1461 1551 τοῖς
1523 1489 1758 1565 χείροσι,
1825 1492 1987 1565 χάριν

343 1572 496 1636 εἰδὼς
530 1572 793 1647 οὐδαμῶς
834 1570 1111 1645 οὐδεμίαν,
1153 1571 1198 1627 εἰ
1240 1578 1443 1647 χρῆται
1475 1572 1691 1633 τούτοις
1733 1572 1990 1647 ὀργάνοις

346 1664 415 1727 είς
453 1660 682 1738 ὄλεθρον
738 1661 954 1718 πόλεων
986 1662 1075 1717 καὶ
1143 1666 1329 1717 κακοῖς
1387 1659 1703 1735 ἐπιδημίοις
1736 1661 1827 1716 καὶ
1885 1659 1987 1733 δη-

347 1754 489 1827 μίοις
517 1752 815 1829 ἀνθρώπιον
843 1751 1231 1824 ἀνελεήμοσιν,
1265 1749 1371 1806 εἷ’τε
1412 1753 1521 1824 μὴν
1590 1751 1666 1813 ὡς
1703 1749 1988 1821 νοσηλεῖαι

343 1843 424 1897 καὶ
447 1843 710 1921 φάρμακα
740 1840 1083 1915 σοναίρονταί
1142 1840 1193 1895 οἱ
1240 1838 1292 1894 ἐν
1342 1837 1621 1901 πλείστοις
1661 1839 1737 1901 ὠς
1795 1843 1990 1915 ψυχῶν

340 1933 528 2007 ίατρῷ,
572 1932 659 1992 οἷς
699 1931 789 1985 καὶ
821 1931 978 2007 φύσις
1033 1927 1215 1984 τοιάδε
1243 1950 1328 1991 τις
1377 1924 1548 1984 ἔνεστι
1584 1935 1699 1990 τοῖς
1769 1928 1990 1996 ἐπιστη-

338 2043 454 2076 σασι
493 2017 799 2094 πρόδηλος.
832 2017 1093 2095 Καχεξίαι
1156 2020 1250 2091 μὲν
1305 2019 1410 2095 γὰρ
1466 2016 1502 2087 ἤ
1560 2022 1657 2073 τοῦ
1686 2019 1991 2091 κάμνοντος

340 2109 775 2185 ἀναρρωσθὲντος
808 2109 1221 2183 ὲκμαρανθεῖσαι
1254 2112 1351 2164 τοῦ
1409 2106 1538 2184 δρᾷν
1579 2104 1775 2181 ἔληξαν
1813 2107 1850 2178 ἤ
1914 2113 1994 2181 τῷ

336 2200 601 2274 πάσχοντι
640 2196 1079 2254 συνδιόλλονται.
1139 2198 1221 2255 Τὰ
1289 2194 1335 2252 δ’
1393 2198 1677 2253 ἀκεσίνοσα
1734 2198 1992 2275 φάρμακα

340 2290 398 2344 τὸ
446 2293 749 2365 καχεκτοῦν
818 2285 1114 2359 ὁτεδήποτε
1173 2287 1439 2359 ἱασάμενα
1486 2292 1605 2349 ταῖς
1662 2292 1770 2342 τῶν
1844 2285 1991 2342 ὑλῶν

338 2379 686 2454 ἀτιμοτέραις
744 2380 1101 2453 συμπρόεισιν
1156 2377 1540 2454 ἀχρεῖούμενα.
1604 2382 1820 2452 Χρῆναι
1876 2376 1994 2432 τοί-

343 2491 430 2524 νυν
462 2468 607 2544 φημὶ
636 2470 711 2542 μὴ
751 2464 969 2544 βιϐλίον
1019 2465 1351 2523 ἀποστασίου
1405 2467 1544 2540 πρὸς
1602 2471 1734 2521 Θεοῦ
1768 2464 1994 2540 δεδομέο

338 2578 426 2613 νον
452 2562 590 2631 ἡμῖν
628 2555 663 2627 ἤ
694 2561 822 2632 γοῦν
890 2554 996 2612 τῶν
1056 2555 1384 2632 ἀγριελαίων
1430 2550 1715 2630 βαρϐάρων
1753 2554 1994 2626 παντελῆ

338 2647 674 2723 ἐγκέντρισιν
704 2648 782 2708 εἱς
815 2648 914 2715 τὴν
955 2648 1073 2700 καθ’
1101 2648 1249 2717 ἡμᾶς
1288 2642 1644 2700 καλλιέλαιον
1679 2646 1745 2699 τὰ
1776 2643 1998 2701 ἐπιόντα

341 2737 546 2801 disc-eat
582 2734 752 2806 δεινὰ,
818 2733 963 2790 ἀλλὰ
1019 2732 1265 2790 παιδείαν
1339 2735 1558 2810 μικρὰν,
1592 2734 1783 2790 ὁποίαν
1816 2733 1998 2806 ἷ⁷σησιν

339 2828 555 2903 ἐπάγειν
615 2827 771 2896 Θεὸς,
840 2824 1006 2887 ἀνιεὶς
1068 2827 1165 2879 τοῦ
1238 2822 1368 2899 ἄγαν
1442 2820 1569 2896 μηδ’
1627 2822 1866 2887 ἐνδιδοὺς
1933 2826 2000 2880 τὰ

338 2918 508 2972 πάντα
535 2921 653 2975 τοῖς
685 2918 1025 2987 πειρασταῖς,
1095 2911 1243 2968 ἀλλὰ
1297 2912 1388 2967 καὶ
1436 2916 1545 2967 τῶν
1584 2912 2000 2987 πειραζομένων

341 3004 392 3060 ἐν
427 3004 581 3078 μέρει
620 3001 963 3083 φειδόμενος,
996 3001 1088 3057 καὶ
1153 3001 1391 3073 μάλιστα
1457 3001 1504 3054 εἱ
1561 3000 1623 3055 τὸ
1686 3002 1779 3074 μὲν
1836 2998 2002 3076 δρῶν,

343 3095 506 3169 κόρον
539 3094 642 3148 οὐκ
674 3091 816 3154 εἱδὸς
862 3090 1267 3166 ἀνοσιουργίας,
1328 3089 1418 3144 καὶ
1476 3090 1644 3144 αὐτοῦ
1682 3091 2005 3166 κατεπαίρε-

343 3205 429 3239 ται
463 3182 535 3237 δι’
564 3177 817 3237 ἀσέϐειαν
849 3183 975 3252 παρ’
1005 3173 1068 3235 οὗ
1097 3181 1196 3248 τήν
1242 3178 1403 3234 ἰσχὺν
1458 3176 1677 3258 είλήφει
1733 3185 1831 3235 τοῦ
1902 3203 2003 3255 μαι

2094 618 2124 657 a
2158 604 2377 673 quibus
2410 602 2716 675 afﬂigitur,
2749 607 2806 658 et
2837 602 3116 676 poculum
3178 603 3425 676 porrigit
3472 603 3749 661 humani—

2093 694 2211 746 tate
2239 694 2296 747 et
2326 691 2620 748 hilaritate
2651 692 2887 763 plenum
2921 696 2977 746 et
3006 692 3079 746 ob
3109 692 3226 747 vini
3261 693 3580 748 bonitatem
3624 695 3752 750 iue-

2094 779 2309 834 brians.
2344 780 2401 836 Si
2429 780 2816 852 ﬁagellatores
2848 781 2919 835 ab
2952 781 3227 836 extremis
3263 787 3426 836 terra:
3456 782 3749 852 marisque

2102 868 2318 924 ﬁnibus
2351 870 2608 937 adducit,
2642 874 2698 925 et
2748 887 2848 941 per
2883 870 3228 942 Prophetam
3292 887 3567 943 magnum
3606 889 3750 942 prce-

2094 973 2303 1013 conem
2332 957 2633 1014 clamitat:
2674 982 2702 1009 ‹‹
2741 959 3021 1030 Gigantes
3070 959 3333 1026 veniunt,
3366 965 3429 1014 ut
3483 960 3753 1017 exxleant

2098 1046 2244 1101 iram
2275 1062 2487 1113 meam,
2522 1046 2696 1102 simul
2731 1053 2790 1103 et
2818 1046 3083 1102 laetantes
3110 1052 3167 1102 et
3198 1046 3467 1102 ludentes
3497 1064 3509 1114 ;
3553 1064 3753 1103 sacro-

2097 1135 2288 1190 sancti
2321 1140 2480 1201 sunt,
2505 1144 2558 1192 el
2590 1154 2624 1192 a
2658 1153 2750 1191 me
2780 1137 3185 1192 adducuntur:
3218 1155 3245 1188 ι
3305 1138 3463 1207 atqui
3526 1138 3758 1208 gravio-

2097 1224 2261 1279 ribus
2329 1224 2517 1296 plagis
2546 1227 2783 1281 eosdem
2816 1225 2994 1281 allicit
3041 1231 3099 1282 et
3149 1225 3538 1282 deterioribus
3583 1224 3755 1281 malis

2098 1312 2378 1386 ﬂagellat;
2407 1330 2511 1371 nec
2545 1313 2719 1371 ullam
2745 1316 2830 1371 eis
2860 1316 3106 1388 gratiam
3162 1315 3355 1385 habet,
3406 1317 3452 1371 si
3500 1333 3603 1387 pro
3660 1315 3757 1371 in-

2097 1402 2440 1459 strumentis
2496 1404 2567 1459 ad
2621 1404 2937 1476 perniciem
2986 1405 3219 1460 urbium
3282 1409 3339 1461 et
3386 1404 3757 1477 publicarum

2096 1491 2350 1547 cladium
2387 1496 2442 1547 et
2473 1509 2576 1564 pro
2613 1492 2952 1549 crudelibus
3008 1493 3321 1549 hominum
3374 1492 3757 1549 carniﬁcibus

2098 1578 2182 1635 eis
2211 1580 2416 1641 utitur.
2450 1584 2595 1636 Nam
2654 1597 2754 1637 eos
2806 1586 2867 1636 ut
2899 1581 3133 1637 morbos
3192 1585 3251 1637 et
3304 1581 3756 1652 medicamenta,

2099 1669 2316 1741 quippe
2345 1669 2677 1725 animorum
2705 1670 2985 1739 medicus,
3021 1670 3298 1739 adhibet;
3364 1686 3615 1740 quorum
3649 1686 3761 1725 na-

2099 1764 2228 1812 tura
2257 1757 2459 1829 peritis
2492 1775 2606 1813 non
2640 1758 2839 1830 ignota
2867 1764 2994 1814 est:
3030 1767 3128 1814 aut
3177 1758 3334 1814 enim
3391 1758 3543 1813 mala
3586 1758 3757 1813 babi-

2099 1847 2243 1901 tudo
2294 1852 2509 1918 aegroto
2559 1853 2763 1903 sanato
2821 1848 2972 1903 vires
3028 1865 3165 1903 suas
3220 1847 3457 1915 amittit,
3493 1853 3591 1902 aut
3638 1863 3759 1902 una

2100 1951 2230 1990 cum
2282 1936 2383 1990 illo
2441 1936 2660 1992 interit.
2717 1937 3145 1994 Medicamenta
3191 1952 3328 1992 vero
3379 1935 3761 2007 quantumvis

2099 2024 2257 2080 acria
2288 2024 2531 2096 depulso
2565 2026 2769 2081 morbo
2802 2043 2918 2082 una
2974 2043 3101 2082 cum
3153 2042 3330 2098 prava
3361 2027 3607 2082 materia
3661 2042 3759 2081 ex-

2101 2114 2420 2185 pelluntur,
2447 2132 2552 2171 nec
2586 2116 2690 2171 ulli
2719 2120 2859 2172 sunt
2889 2116 3145 2187 amplius
3177 2115 3330 2171 usui.
3365 2116 3756 2180 Quamobrem

2101 2203 2334 2260 afﬁrmo
2373 2203 2487 2260 ista
2513 2204 2686 2270 mala,
2718 2205 2939 2276 quibus
2969 2203 3235 2275 oppressi
3266 2220 3495 2271 sumus,
3532 2221 3645 2259 non
3679 2202 3751 2259 li-

2102 2293 2318 2350 bellum
2351 2296 2891 2367 repudiidivinitus
2922 2297 3094 2352 nobis
3133 2297 3335 2351 datum
3391 2300 3493 2351 aut
3544 2294 3756 2351 barba-

2103 2382 2208 2439 rici
2247 2383 2482 2439 oleastri
2509 2383 2838 2440 absolutam
2873 2384 3210 2441 insitionem
3246 2384 3305 2440 in
3366 2390 3627 2440 nostram
3661 2383 3763 2440 oli-

2103 2489 2233 2528 vam
2265 2488 2393 2530 esse
2442 2473 2787 2544 judicanda,
2848 2475 2945 2530 sed
2981 2491 3219 2546 parvam
3279 2458 3751 2547 castigationem,

2105 2560 2336 2631 qualem
2394 2560 2546 2617 Deus
2602 2563 2882 2618 adbibere
2938 2564 3099 2619 novit
3151 2573 3374 2619 servato
3409 2565 3600 2630 modo,
3636 2580 3752 2619 non

2105 2648 2304 2706 omnia
2363 2650 2751 2706 tentatoribus
2806 2651 3121 2707 concedere
3152 2651 3255 2707 sed
3285 2651 3523 2707 tcntatis
3575 2652 3754 2708 etiam

2108 2753 2344 2810 parcere
2375 2737 2607 2805 solitus,
2641 2737 2964 2810 praesertim
2998 2739 3048 2794 si
3078 2739 3128 2794 is
3187 2739 3285 2809 qui
3346 2741 3462 2812 agit
3522 2738 3756 2795 nullum

2113 2826 2353 2882 modum
2387 2827 2513 2883 suis
2546 2829 2698 2883 710
2729 2826 3044 2883 sceleribus
3096 2830 3323 2898 statuit,
3358 2829 3459 2885 sed
3512 2846 3614 2900 per
3644 2829 3761 2883 im-

2113 2916 2384 2988 pietatem
2418 2921 2621 2972 contra
2664 2932 2799 2972 eum
2848 2917 3044 2988 ipsum
3078 2917 3333 2989 insurgit
3362 2935 3396 2973 a
3427 2935 3541 2990 quo
3568 2917 3758 2988 ﬂagel-

2114 3003 2271 3060 landi
2315 3007 2660 3074 potestatem
2702 3006 2921 3076 accepit
2968 3008 3060 3074 (ut
3109 3005 3495 3062 Nabuzardan
3554 3006 3759 3077 prefe-

2113 3098 2243 3150 ctus
2290 3093 2603 3160 exercitus,
2631 3093 2731 3165 qui
2760 3093 2903 3149 urbe
2961 3094 3058 3148 Dei
3091 3094 3332 3151 incensa
3385 3111 3524 3150 vasa
3584 3093 3760 3148 inini-

2117 3181 2279 3238 sterii
2309 3181 2458 3238 sacri
2484 3183 2676 3254 rapuit
2703 3202 2716 3252 ;
2754 3186 2821 3238 ut
2859 3181 3187 3249 Baltbasar,
3220 3183 3323 3254 qui
3353 3180 3427 3238 iis
3457 3183 3529 3238 ad
3560 3181 3762 3238 luxum

346 3277 591 3350 πιγοῦν,
623 3273 697 3334 ὡς
733 3271 829 3344 μὲν
891 3264 1277 3345 Ναϐουζαρδᾶν
1332 3255 1731 3344 ἀρχιμάγειρος
1769 3271 1869 3339 τὴν
1910 3276 1998 3326 τοῦ

2120 3273 2344 3328 abusus
2401 3277 2511 3343 est,
2547 3272 2647 3344 qui
2704 3271 2821 3328 aris
2873 3272 3065 3329 illusit
3130 3280 3188 3329 et
3244 3272 3441 3329 divina
3493 3270 3770 3344 mysteria

347 3366 482 3419 Θεοῦ
539 3361 702 3417 πόλιν
763 3359 1140 3434 παραπέμπων
1198 3358 1329 3433 πυρὶ
1387 3358 1480 3413 καὶ
1542 3358 1609 3413 τὰ
1658 3359 2011 3438 λειτουργικᾶ

348 3451 514 3523 σκεύη
561 3449 941 3526 προνομεύων,
976 3449 1052 3505 ὡς
1113 3445 1169 3503 δὲ
1224 3445 1505 3521 Βαλτάσαρ
1534 3453 1750 3524 τρυφῶν
1816 3449 1867 3503 ἐν
1910 3451 2007 3505 αὐ-

346 3548 464 3603 τοῖς
507 3540 863 3614 θυσιαστήριά
889 3559 948 3593 τε
977 3532 1344 3612 καθυϐρίζων,
1388 3537 1456 3592 τὰ
1513 3534 1569 3592 δὲ
1635 3539 1750 3593 Θεῖα
1803 3542 2015 3612 μυστή,

349 3652 441 3705 ρια
472 3629 898 3707 ἐξορχούμενος,
923 3629 984 3683 τὸ
1026 3625 1083 3683 δὲ
1112 3628 1324 3702 πάσχον
1378 3627 1569 3681 ἑαυτοῦ
1609 3627 1903 3704 γινόμενον
1957 3629 2011 3685 ἐν

354 3718 767 3794 πρωτολογίαις
827 3719 1130 3792 κατήγορον
1190 3717 1507 3791 παρήγορον
1600 3716 1692 3771 τὸν
1749 3718 2014 3773 παίσαντα

355 3810 488 3865 Θεὸν
527 3809 859 3883 θερμότερον
912 3803 1288 3876 ἐπικέκληται.
1344 3804 1554 3861 Οὐκοῦν
1610 3804 2015 3881 φιλανθρωπίαν

360 3897 760 3972 ἐκδεχομένους
793 3899 927 3950 Θεοῦ
955 3892 1071 3950 δεον
1103 3892 1250 3965 ᾅδειν
1288 3893 1422 3966 μετᾶ
1447 3888 1636 3966 Δαϐιδ,
1670 3919 1697 3947 ‹‹
1726 3897 2013 3966 Μνήσθητι

362 3990 551 4060 ἡμῶν,
588 3985 775 4058 Κύριε,
808 3981 859 4038 ἐν
892 3987 962 4057 τῇ
1004 3980 1222 4053 εὐδοκία
1254 3986 1350 4036 τοῦ
1394 3980 1532 4036 λαοῦ
1585 4001 1700 4037 σοιν
1733 3981 2017 4058 ἐπίσκεψαι

360 4079 508 4148 ἡμᾶς
537 4076 592 4130 ἒν
622 4079 705 4146 τῷ
738 4073 995 4148 σωτηρίῳ
1029 4094 1126 4126 σου
1157 4075 1253 4125 τοῦ
1293 4067 1428 4125 ὶδεῖν
1463 4071 1515 4125 ἒν
1575 4077 1644 4146 τῇ
1675 4072 2017 4147 χρηστότητι

358 4170 467 4221 τῶν
498 4163 767 4220 ἐκλεκτῶν
802 4183 919 4230 σου,
952 4166 1048 4218 τοῦ
1081 4161 1437 4239 εὐφρανθῆναι
1500 4159 1552 4214 ἐν
1610 4163 1677 4234 τῇ
1712 4161 2013 4239 εὐφροσύνῃ

358 4260 455 4311 τοῦ
486 4253 675 4319 ἔθνους
708 4273 826 4323 σου,
856 4255 953 4306 τοῦ
998 4250 1331 4305 ἐπαινεῖσθαι
1392 4248 1527 4321 μετὰ
1583 4254 1685 4317 τῆς
1739 4248 2017 4325 κληρονο-

366 4345 491 4419 μίας
526 4366 643 4412 σου,
678 4367 708 4394 ››
754 4342 810 4397 εὗ
841 4338 1054 4402 εἰδότας
1085 4340 1160 4400 ὡς
1216 4332 1426 4392 ἀσεϐῶν
1488 4336 1583 4408 μὶν
1632 4339 1666 4407 ἡ
1729 4338 1804 4400 είς
1859 4338 2018 4405 τέλος

2119 3362 2515 3434 contempsit),
2572 3362 2624 3418 is
2673 3377 2808 3419 vero
2887 3363 2985 3434 qui
3044 3363 3285 3435 patitur,
3327 3379 3390 3419 se
3456 3362 3649 3433 ipsum
3711 3359 3772 3416 in

2122 3451 2327 3523 primis
2377 3455 2615 3508 accusat
2666 3459 2717 3507 et
2766 3452 3074 3507 verberum
3127 3450 3379 3506 auctoris
3442 3450 3536 3506 Dei
3602 3464 3773 3521 opem

2121 3545 2180 3596 et
2215 3539 2674 3597 consolationem
2708 3539 3293 3612 ardenterimplorat.
3317 3539 3519 3609 Itaque
3538 3536 3640 3593 Dei
3674 3538 3775 3592 be-

2123 3628 2383 3701 nignitas
2418 3629 2584 3686 nobis
2606 3630 3000 3701 exspectanda
3032 3633 3145 3695 est,
3175 3637 3230 3683 et
3259 3644 3393 3683 eum
3429 3625 3642 3681 Davide
3673 3639 3770 3681 ca-

2125 3717 2423 3773 nendum:
2483 3717 2775 3773 Memento
2818 3716 3025 3785 nostri,
3060 3716 3327 3787 Domine,
3389 3715 3446 3769 in
3479 3714 3775 3785 approba-

2124 3806 2281 3862 tione
2311 3805 2507 3877 populi
2540 3808 2647 3861 tui.
2680 3807 2921 3864 Invisito
2956 3823 3059 3862 nos
3093 3810 3158 3861 ut
3215 3810 3495 3872 servator,
3529 3811 3589 3857 ut
3643 3819 3775 3873 pro—

2125 3896 2463 3968 speritatem
2494 3895 2813 3952 electorum
2844 3900 3079 3952 tuorum
3113 3896 3440 3960 videamus,
3472 3895 3537 3949 ut
3578 3892 3781 3949 latitia

2126 3984 2319 4058 gentis
2350 3988 2460 4040 tute
2498 3985 2779 4053 laetemur,
2814 3989 2877 4040 ut
2909 4002 3042 4040 cum
3114 3984 3450 4040 haereditate
3501 3986 3601 4038 tua
3652 3980 3781 4036 lau-

2129 4077 2356 4132 demur.
2390 4076 2590 4148 Neque
2649 4076 2808 4131 enim
2861 4076 3179 4133 obscurum
3234 4078 3323 4131 est
3374 4072 3590 4146 impios
3644 4071 3779 4127 dedi

2128 4165 2350 4238 ﬂagris,
2383 4182 2519 4222 cum
2575 4182 2776 4222 eorum
2834 4169 3029 4221 autem
3086 4165 3493 4238 castigatione,
3527 4178 3779 4236 quorum

2129 4272 2263 4328 spes
2296 4255 2355 4311 in
2379 4255 2626 4311 Domino
2648 4254 2762 4311 sita
2788 4258 2898 4325 est,
2932 4254 3394 4311 consolationem
3426 4262 3481 4309 et
3536 4253 3773 4310 restitu-

2129 4345 2349 4400 tionem
2385 4345 2441 4399 in
2475 4344 2769 4416 integrum
2800 4358 2926 4399 esse
2950 4342 3346 4413 conjunctam.

360 4432 661 4509 παράδυσις
691 4430 781 4487 καὶ
816 4428 1176 4506 μαστίγωσις,
1208 4431 1315 4483 τῶν
1349 4422 1395 4480 δ’
1425 4423 1745 4495 ἠλπικότων
1778 4428 1866 4483 ἐπὶ
1925 4432 2125 4509 Κυριον
2173 4436 2244 4506 τῇ
2315 4429 2536 4503 παιδείᾳ
2594 4428 2896 4507 σύνδρομος
2929 4431 2965 4499 ἡ
2995 4429 3344 4504 παράκλησίς
3381 4450 3438 4484 τε
3476 4428 3565 4483 καὶ
3643 4428 3781 4483 ἑπα-

361 4523 655 4592 νάκλησις.
