4120 6284
304 387 416 446 969

1738 375 1942 437 URBS
1984 374 2261 435 CAPTA.

3591 373 3712 434 970

305 518 424 574 ἀλλ’
466 513 782 587 οὐδ’-ᾠδαῖς
840 511 1064 586 ὀρνίθων
1122 509 1554 583 διυπνιζόμενον,
1613 509 1686 571 ὡς
1735 508 1825 562 καὶ
1883 507 1944 561 τὸ

2071 509 2523 576 amnes,bellum
2550 509 3081 582 prorsusignorare
3125 510 3223 566 did
3309 525 3336 565 s
3382 510 3715 564 ent‘lczete-

303 608 424 664 ὅλον
465 603 731 660 καθεῦδον
764 601 940 673 ἠόἐως
981 603 1074 658 καὶ
1110 604 1186 674 μή
1212 599 1453 676 ἂγνωκός
1485 620 1618 654 ποτε
1651 596 1897 669 πόλεμον
1937 616 1950 666 ;

300 698 356 752 τὸ
389 694 444 751 δέ
499 716 558 770 γε
618 691 915 756 συντιθέναι
977 691 1266 762 ποιήματα
1320 691 1407 744 καὶ
1463 693 1569 742 τῶν
1623 685 1954 761 διαμαρτόν-

301 809 399 842 των
433 785 801 848 καθάπτεσθαι
849 784 913 850 ἧν
974 781 1068 853 μὲν
1125 781 1216 834 καὶ
1270 783 1368 834 τοῦ
1430 775 1723 853 μεγαλείου
1756 775 1950 830 Σόλω-

303 896 406 941 νος,
435 877 499 942 ἦν
534 870 577 926 δ’
623 872 697 932 ὡς
728 864 895 937 ἔοικε,
927 869 1016 924 καὶ
1048 872 1145 924 τοῦ
1200 867 1326 922 τότε
1379 864 1560 937 δήμου
1600 869 1706 920 τῶν
1779 864 1951 933 Ἀθη-

302 965 484 1030 ναίων,
517 956 800 1034 κνιυμένου
830 959 893 1012 τὸ
935 955 1027 1019 οὖς
1086 962 1206 1020 ταῖς
1260 961 1368 1010 τῶν
1431 955 1766 1028 εἶ’σηγήσεων
1803 971 1952 1027 χρη-

305 1054 503 1126 σίμοις,
562 1048 745 1123 ἡρέμα
799 1068 857 1102 τε
917 1043 1295 1107 ὑπενδιδόντος
1350 1049 1469 1106 ταῖς
1555 1048 1662 1098 τῶν
1721 1043 1956 1115 ἀρίστων

303 1139 506 1217 ἀνδρῶν
534 1137 913 1214 παραιφάσεσι.
950 1134 1050 1192 Καὶ
1084 1133 1273 1194 ἄλλως
1334 1130 1393 1188 δὲ
1449 1136 1528 1204 τῷ
1559 1132 1694 1206 πρὸς
1746 1126 1954 1204 ὄνειδος

302 1230 440 1302 ᾄδειν
480 1232 758 1292 τιθασσοῖς
819 1225 999 1300 λόγων
1052 1222 1285 1298 μὲροψιν
1337 1218 1506 1277 ἔνεστί
1557 1242 1609 1274 τι
1667 1219 1756 1275 καὶ
1817 1217 1956 1294 γλυ-

301 1324 452 1390 κάζον
488 1321 579 1372 σὺν
612 1322 691 1390 τῷ
721 1315 973 1393 στύφοντι
1029 1311 1450 1390 ἐμφαινόμενον·
1511 1310 1601 1365 καὶ
1665 1312 1698 1379 ἡ
1737 1311 1954 1382 μνήμη’

303 1410 394 1465 ὅσα
427 1407 494 1477 δὴ
526 1408 615 1463 καὶ
677 1405 848 1482 ῥιπὶς,
899 1404 962 1459 τὸ
1019 1403 1334 1476 παραμένον
1394 1401 1446 1456 ἐν
1511 1403 1688 1474 ,ψυχῇ
1756 1398 1847 1452 καὶ
1895 1395 1955 1482 Αέν

302 1499 632 1572 θαπτόμενον
686 1494 1010 1569 ὲμπύρευμα
1067 1492 1163 1548 τοῦ
1220 1489 1396 1546 καλοῦ
1450 1490 1585 1544 κατὰ
1651 1492 1824 1558 ζῶσαν
1875 1479 1955 1541 ἔτι

301 1588 480 1667 φλόγα
510 1588 678 1661 πυρὸς
707 1582 1118 1650 ἀναθάλπουσα,
1176 1583 1274 1651 τὴν
1311 1579 1391 1660 ἐφ’
1445 1579 1667 1667 ὁμοίοις
1711 1576 1956 1667 εσὲπειτα

302 1664 619 1752 διαμαρτίαν
648 1675 1012 1755 φυλάττεσθαι
1073 1669 1404 1741 διανίστησι.
1456 1671 1590 1730 Τοῖς
1624 1664 1671 1722 δ’
1720 1665 1772 1729 ἐς
1805 1668 1955 1738 ἡμᾶς

299 1777 363 1841 ἧς
417 1767 824 1825 Κωνσταντίνου
885 1763 1226 1838 οἰκήτορσιν,
1296 1759 1468 1816 εἷπεῖν
1552 1755 1608 1814 δὲ
1661 1757 1751 1812 καὶ
1809 1762 1957 1819 τοῖς·

2059 615 2188 654 rum
2222 615 2426 654 versus
2455 615 2802 670 componere
2829 602 2886 654 et
2917 600 3058 654 vitia
3089 616 3347 672 carpere,
3383 615 3450 655 ea
3482 604 3711 670 tempe-

2057 690 2207 743 state
2241 704 2376 742 cum
2432 687 2663 744 Solonis
2719 697 2860 755 erat,
2923 688 3027 742 viri
3106 688 3520 757 illustrissimi,
3582 693 3709 742 tum

2059 777 2258 848 populi
2291 777 2688 844 Atheniensis,
2749 778 2920 848 cujus
2951 795 3121 833 aures
3181 777 3426 834 utilibus
3473 777 3712 833 monitis

2058 868 2456 939 capiebantur,
2491 871 2708 939 quique
2751 869 3106 938 optimorum
3147 869 3403 923 virorum
3453 867 3714 924 consiliis

2059 956 2344 1029 paulatim
2377 957 2806 1028 acquiescebat.
2869 957 3015 1011 Nam
3077 958 3402 1013 mansuetis
3463 958 3713 1025 ingeniis

2061 1046 2542 1118 reprehensiones
2566 1047 2698 1118 plus
2723 1046 2837 1102 fere
2877 1046 3194 1118 voluptatis
3241 1049 3493 1102 afferunt
3536 1064 3714 1118 quam

2059 1134 2302 1201 doloris,
2329 1150 2646 1205 eorumque
2680 1136 2963 1190 memoria
2987 1135 3274 1190 scintillas
3307 1136 3632 1191 honestatis
3655 1136 3715 1191 in

2061 1224 2270 1280 animis
2298 1224 2458 1280 velut
2496 1225 2693 1296 ignem
2753 1225 2862 1280 sub
2921 1225 3214 1280 cineribus
3271 1225 3711 1281 delitescentem

2061 1315 2133 1369 ad
2163 1315 2421 1369 cavenda
2463 1313 2522 1368 in
2583 1317 2881 1384 posterum
2937 1315 3155 1370 similia
3209 1315 3422 1371 delicta
3479 1316 3711 1371 excitat.

2060 1403 2272 1459 Nostra
2302 1417 2436 1458 vero
2470 1406 2635 1458 aetate
2664 1402 2987 1473 Cpolitanis
3021 1404 3246 1460 civibus
3296 1409 3352 1460 et
3385 1404 3716 1475 provincia-

2060 1492 2217 1548 libus
2270 1507 2502 1563 quoque
2549 1491 2974 1548 admonitiones
3033 1493 3205 1564 plane
3261 1493 3482 1549 vibices
3523 1499 3714 1559 erant,

2060 1597 2166 1637 nec
2195 1580 2404 1652 vulgus
2437 1597 2608 1636 aures
2639 1581 2890 1637 habebat
2935 1583 3007 1638 ad
3067 1586 3318 1637 mentem
3371 1583 3717 1653 perforatas,

2061 1686 2250 1742 neque
2297 1669 2589 1726 libertatis
2648 1670 2896 1726 dulcedo
2957 1675 3174 1740 quanta
3224 1676 3380 1727 esset
3429 1672 3714 1727 hactenus

2059 1759 2448 1827 intellexerat,
2484 1764 2548 1814 ut
2577 1765 2632 1815 ct
2664 1760 2854 1816 mellis
2884 1761 3131 1816 dulcedo
3155 1761 3356 1832 ignota
3400 1761 3474 1816 iis
3504 1769 3589 1816 est
3613 1761 3718 1832 qui

301 1881 355 1914 εκ
381 1864 486 1913 τῶν
516 1856 705 1913 ἄλλων
739 1854 1092 1928 ὁρμωμένοις
1123 1854 1350 1928 χωρῶν,
1384 1851 1435 1904 oi
1480 1842 1709 1922 ἔλεγχοι
1746 1844 1952 1919 μώλω-

2071 1854 2116 1908 id
2145 1868 2261 1908 non
2294 1856 2630 1923 gustarunt.
2663 1853 2946 1919 Quoniam
2994 1854 3172 1926 igitur
3219 1858 3421 1909 nostra
3455 1862 3718 1925 tempora

300 1969 389 2010 πες
422 1942 682 2023 ἀκριϐῶς.
717 1947 847 2006 Τοῖς
903 1941 958 1999 δὲ
1016 1940 1252 2002 πολλοῖς
1295 1937 1408 1996 οὐδ’
1460 1939 1571 1993 ὦτα
1620 1935 1948 2016 πεφύτευται

295 2022 595 2110 τετρημένα
649 2034 721 2095 εἰς
787 2036 937 2100 νοῦν,
989 2027 1104 2084 οὐδ’
1169 2032 1204 2098 ἡ
1265 2025 1446 2105 [Impia
1499 2033 1600 2095 τῆς
1641 2022 1950 2097 ἐλευθερίας

299 2126 461 2182 ὁποία
487 2125 568 2185 τίς
598 2123 740 2178 ἐστιν
771 2120 824 2184 ἐς
871 2119 1029 2196 δεῦρο
1061 2116 1448 2189 κατείληπται,
1506 2115 1583 2176 ὡς
1639 2111 1766 2169 οὐδὲ
1822 2113 1957 2189 γλυ-

295 2219 458 2287 κῦτης
519 2214 750 2289 μέλιτος
803 2217 922 2276 τοῖς
1014 2208 1244 2284 μηδέπω
1309 2205 1668 2284 γευσαμένοις
1739 2202 1959 2277 μέλιτος

299 2307 453 2374 έΕπεὶ
491 2308 669 2360 τοίνυν
730 2301 1028 2377 ἀσύμφωνα
1083 2304 1202 2360 τοῖς
1261 2297 1516 2358 Σόλωνος
1573 2295 1639 2349 τὰ
1697 2295 1958 2367 ἡμέτερα,

300 2395 393 2473 ἄγε
419 2397 486 2450 τα
543 2395 638 2467 μὶν
667 2398 776 2447 τῶν
834 2389 1085 2464 ἐλέγχων
1153 2388 1472 2460 παρήσομεν
1531 2385 1844 2459 βούκεντρα,
1905 2379 1959 2444 ἃς

301 2470 448 2541 ούδὲν
483 2482 664 2557 ἕτερον
693 2477 1240 2556 προσληφθησόμενα
1269 2475 1354 2531 ὅτι
1389 2476 1465 2548 μή
1523 2477 1631 2528 τῶν
1684 2470 1955 2527 πλείστων

300 2575 677 2651 ἐτεροζόγησιν
737 2569 1017 2643 (εἰσὶγὰρ,
1053 2566 1186 2622 εῗσὶν
1221 2565 1275 2621 οἳ
1331 2564 1532 2639 χόρτον
1585 2561 1636 2616 ἐν
1693 2566 1810 2622 τοῖς
1867 2561 1955 2615 κὲ-

299 2687 448 2739 ρασιν
483 2662 726 2737 ἔχουσι),
757 2659 858 2727 τήν
889 2656 937 2713 δ’
967 2657 1210 2732 ἱστορίας
1274 2656 1396 2709 καθ’
1455 2652 1670 2739 εἱρμὸν,
1709 2651 1957 2721 ἱξόμεθα.

295 2738 399 2830 ἹΡ.
434 2757 559 2828 3T7]
597 2751 659 2808 Ei
687 2753 789 2826 γὰρ
851 2749 941 2804 καὶ
998 2748 1064 2802 τὰ
1126 2751 1234 2801 τῶν
1274 2739 1561 2820 βαρϐαρων
1620 2738 1765 2830 ᾄδειν
1805 2739 1958 2830 ἀπεις

296 2829 536 2917 παμεθα,
599 2841 726 2896 ἀλλ’
801 2837 891 2894 οὖν
952 2841 1049 2892 τοῦ
1117 2832 1488 2908 ’δρασσομὲνου
1565 2829 1693 2893 τοὺς
1758 2829 1958 2906 σοφοὺς

300 2937 350 2990 ἐν
400 2937 470 3006 τῇ
540 2930 702 3005 σοφίᾳ
761 2928 936 2984 αὐτῶν
1022 2926 1074 2981 ἐν
1159 2923 1395 2984 πολλοῖς
1461 2921 1589 2982 τοὺς
1663 2918 1958 2994 ὑψαύχενα.

297 3022 614 3102 σφήλαντος
655 3021 743 3074 καὶ
778 3018 846 3073 τὰ
894 3016 1164 3090 πρόσωπα
1218 3013 1396 3068 αὐτῶν
1427 3011 1650 3086 ἀτιμίας
1706 3008 1954 3078 πλήσαν-

1209 3103 1436 3174 ’ὀλεθρον
1517 3095 1958 3174 βαρϐάρωτόροις

293 3135 410 3181 τος,
471 3111 562 3166 καὶ
621 3105 960 3182 παραδόντος
1038 3104 1114 3166 εἷς

2059 1942 2132 1997 ab
2171 1945 2338 1997 aetate
2366 1941 2592 1997 Solonis
2624 1942 2978 2013 discrepant,
3009 1959 3112 2013 age
3136 1943 3372 1998 omissis
3395 1943 3712 2013 reprehen-

2060 2030 2291 2086 sionum
2317 2029 2591 2098 stimulis,
2651 2031 2750 2102 qui
2811 2031 2958 2086 nihil
3017 2031 3170 2087 aliud
3233 2032 3341 2087 nisi
3390 2032 3524 2088 odia
3558 2034 3709 2089 774

2065 2119 2480 2192 plerarumque
2511 2119 2806 2176 irritarent
2830 2123 2996 2190 (sunt
3024 2121 3346 2192 enim,sunt
3369 2122 3469 2194 qui
3493 2121 3713 2178 frenum

2063 2210 2122 2266 in
2151 2227 2332 2266 cornu
2365 2215 2614 2282 gerant),
2647 2210 2955 2267 historiam
3018 2212 3219 2268 ordine
3267 2228 3712 2284 prosequamur.

2063 2301 2190 2356 Etsi
2220 2301 2376 2355 enim
2435 2316 2542 2355 nos
2603 2316 2696 2356 res
2753 2318 2787 2356 a
2844 2301 3115 2356 Barbarie
3173 2310 3366 2374 gestas
3397 2303 3720 2374 scripturas

2066 2388 2430 2459 negavimus,
2466 2393 2661 2444 tamen
2694 2405 2828 2444 cum
2861 2389 2912 2444 is
2943 2391 3042 2460 qui
3113 2391 3446 2462 sapientum
3494 2391 3720 2463 sapien-

2066 2477 2209 2533 tiam
2242 2477 2574 2548 cont‘undit,
2605 2479 2892 2549 superbos
2924 2478 3052 2534 illos
3111 2478 3379 2534 homines
3427 2479 3487 2534 in
3529 2479 3719 2535 multa

2064 2566 2387 2622 infortunia
2445 2567 2778 2637 conjecerit,
2837 2583 3154 2637 eorumque
3213 2569 3354 2623 facie
3393 2569 3715 2640 ignominia

2066 2655 2308 2727 impleta
2339 2656 2778 2712 barbarioribus
2809 2658 3080 2726 gentibus
3113 2659 3441 2728 perdendos
3481 2659 3712 2728 objece-

2069 2746 2163 2813 rit,
2197 2744 2499 2815 repudiato
2558 2745 2792 2800 silentio
2845 2745 3137 2801 mirabilia
3195 2747 3293 2803 Dei
3353 2763 3525 2818 cpera
3574 2752 3715 2803 sunt

2065 2834 2434 2903 celebranda,
2468 2834 2569 2906 qui
2601 2834 2681 2891 ait
2713 2851 2726 2889 :
2762 2857 2790 2883 «
2823 2839 2897 2890 Ut
2927 2835 3055 2891 vivo
3111 2837 3168 2892 in
3230 2839 3600 2908 perpetuum,
3632 2837 3716 2892 ita

2063 2926 2133 2977 de
2164 2922 2419 2979 inimicis
2479 2923 2623 2978 meis
2683 2940 2884 2995 poenas
2941 2941 3195 2990 sumam,
3253 2933 3306 2981 et
3355 2941 3454 2981 eos
3485 2926 3584 2997 qui
3619 2941 3712 2980 me

2064 3012 2314 3066 oderunt
2344 3011 2697 3084 exstirpabo.
2719 3034 2745 3061 υ
2773 3016 2835 3067 Et
2857 3011 2970 3069 alio
3031 3013 3155 3069 loco
3179 3014 3251 3068 ad
3293 3013 3713 3082 Abrahamum,

2065 3124 2091 3150 «
2126 3105 2366 3157 Gentem
2399 3118 2531 3157 vero
2561 3101 2655 3157 cui
2685 3102 2960 3173 serviant,
2993 3119 3098 3174 ego
3132 3103 3401 3161 ulciscar.
3438 3125 3464 3153 »

294 3207 503 3260 ἑαυτῶν
531 3199 725 3268 ἔθνεσι,
757 3195 936 3272 χρεὼν
969 3192 1102 3269 μηδ’
1131 3196 1278 3265 ἡμᾶς
1308 3192 1405 3259 τήν
1437 3191 1648 3258 σιωπὴν
1681 3188 1757 3251 εἷς
1785 3187 1944 3251 τέλος
1964 3186 2202 3259 ἑλέσθαι,
2232 3191 2542 3264 χρήσασθαι
2573 3187 2631 3244 δὲ
2661 3194 2741 3263 τῷ
2771 3191 2925 3268 λόγῳ
2957 3191 3093 3266 πρὸς
3126 3191 3567 3268 ἀνθομολόγησιν
3599 3197 3708 3246 τῶν

296 3290 598 3358 τευαστίων
633 3293 790 3354 Θεοῦ,
820 3291 919 3341 τοῦ
955 3309 976 3334 ι
1009 3288 1092 3340 Ζῶ
1125 3282 1232 3358 ἐγὼ
1266 3306 1294 3334 »
1329 3281 1583 3355 λὲγοντος
1622 3304 1642 3330 ι
1679 3279 1756 3340 εἷς
1796 3278 1887 3332 τὸν
1919 3276 2110 3348 αἶ’ῶνα,
2141 3280 2230 3334 καὶ
2264 3277 2632 3335 ἀνταποδώσω
2657 3278 2812 3350 δίκην
2853 3287 2968 3344 τοῖς
3029 3281 3250 3357 ἐχθροῖς
3294 3303 3397 3355 μου
3454 3282 3544 3337 καὶ
3600 3287 3718 3343 τοῖς

307 3351 528 3459 μίσοῦσί
577 3400 642 3452 με
673 3375 1070 3452 ἐξολόθρευσιν,
1109 3397 1138 3426 ››
1174 3373 1266 3426 καὶ
1293 3369 1358 3425 αὖ
1389 3369 1553 3425 πάλιν
1586 3367 1722 3442 πρὸς
1748 3362 2021 3442 Ἀϐρααμ·
2057 3392 2086 3420 ‹‹
2117 3369 2194 3426 Τὸ
2221 3366 2278 3424 δὲ
2307 3367 2458 3433 ἔθνος
2491 3372 2535 3444 ᾦ
2567 3369 2942 3441 δουλεύσουσι,
2993 3373 3164 3446 κρινῶ
3195 3370 3322 3446 ἐγώ,
3365 3395 3393 3424 »

370 3474 438 3548 β’.
472 3472 609 3543 Εἶχε
667 3468 758 3540 μὲν
801 3464 866 3536 δὴ
939 3465 1084 3520 οὕτω
1141 3465 1328 3526 ταῦτα,
1387 3461 1544 3527 καὶὴ
1609 3456 1948 3514 Κωνσταντί-
1985 3460 2029 3526 C

298 3547 400 3617 νου
451 3557 810 3628 καλλίπολις,
851 3555 914 3612 τὸ
977 3553 1159 3608 κοινὸν
1220 3550 1468 3606 ἁπάντων
1529 3547 1848 3625 ἐντρύφημά
1902 3565 1960 3599 τε

297 3654 385 3708 καὶ
443 3650 768 3720 ἒξακουστον
851 3642 1235 3719 περιλάλημα,
1318 3639 1606 3715 ᾑθάλωται
1680 3637 1812 3711 πυρὶ
1869 3632 1960 3689 καὶ

302 3743 632 3818 ἠμαύρωται
672 3737 818 3793 ἑάλω
860 3757 919 3791 τε
969 3733 1060 3790 καὶ
1125 3737 1223 3788 τοῦ
1280 3730 1526 3787 πλούτου
1582 3727 1780 3790 παντὸς
1810 3723 1963 3782 κεκέ-

303 3815 496 3894 νωται,
531 3829 656 3891 ὅσος
684 3849 743 3882 τε
774 3825 1040 3898 δημόσιος
1072 3825 1141 3892 ἦν
1171 3823 1260 3877 καὶ
1290 3827 1408 3883 τοῖς
1451 3819 1591 3891 λεῷς
1652 3815 1964 3890 ἐπῳκείωτο

306 3923 396 3976 καὶ
479 3921 604 3980 ὅσος
673 3920 788 3986 Θεῷ
853 3912 1182 3991 ἁφωσίωτο,
1239 3911 1388 3984 παρα
1465 3908 1633 3982 γενῶν
1703 3906 1967 3970 ἐσπερίων

313 4006 682 4084 σποραδικῶν,
746 4006 1000 4082 ἀφαυρῶν
1059 4003 1126 4056 τὰ
1203 3999 1435 4056 πλεῖστα
1491 3997 1583 4052 καὶ
1641 3995 1965 4067 ἀνωνύμων,

313 4100 388 4162 εἵς
418 4083 712 4172 λῃστρικὸν
760 4093 853 4167 μὲν
905 4087 1142 4146 ἔκπλουν
1195 4084 1690 4162 συγκροτηθέντων,
1751 4083 1968 4157 ὀργάνῳ

311 4187 369 4244 δὲ
399 4185 762 4262 χρησαμένων
820 4181 910 4236 καὶ
967 4178 1297 4254 προσωπείῳ
1353 4175 1650 4246 εὐτυπώτῳ
1690 4179 1790 4240 τῆς
1844 4182 1971 4234 καθι

308 4282 472 4351 ἡμῶν
502 4277 770 4344 κινήσεως
825 4275 905 4342 τῷ
961 4268 1295 4340 κρούσασθαι
1353 4263 1604 4338 πρύμναν
1663 4261 1739 4322 εἷς
1765 4258 1968 4333 ἃμυναν

315 4348 568 4438 Ἰσαακίῳ
598 4370 677 4437 τῷ
709 4364 759 4435 ἐξ
821 4356 1096 4435 Ἀγγέλων
1130 4356 1219 4410 καὶ
1290 4352 1346 4409 ὅν
1403 4351 1611 4412 ἐκεῖνος
1667 4348 1970 4430 ἐφύτευσεν,

312 4459 386 4521 ὡς
433 4459 508 4530 μὴ
544 4453 776 4530 ὣφελεν,
826 4449 910 4505 ἐπ’
966 4445 1216 4514 ἀπωλείᾳ
1268 4450 1368 4513 τῆς
1426 4439 1706 4530 πατρίδος,
1767 4440 1824 4530 δν
1883 4439 1972 4492 καὶ

313 4529 499 4602 καλῶν
558 4529 858 4598 κάλλιστον
924 4535 1015 4592 καί
1073 4553 1254 4612 σφισιν
1335 4531 1627 4604 ἐπέραστον
1684 4529 1975 4606 ἀγώγιμον

313 4632 660 4712 ἐπεφέροντω
694 4633 728 4700 ἡ
761 4630 867 4703 γὰρ
900 4625 1163 4694 ὑπτιότης
1221 4621 1312 4676 καὶ
1371 4619 1697 4693 οἰκουρότης
1742 4622 1849 4672 τῶν
1910 4616 1975 4670 τὰ

314 4703 604 4798 Ῥωμαίων
688 4715 1042 4793 χειριζόντων
1113 4711 1412 4798 πράγματα
1487 4703 1978 4798 Summary-qst

2138 3463 2192 3515 2.
2217 3461 2486 3516 Cumillo
2518 3477 2712 3517 rerum
2774 3466 2928 3517 statu
2983 3461 3316 3518 clarissima
3373 3463 3514 3518 urbe
3557 3478 3717 3518 com-

2070 3565 2279 3606 munes
2308 3551 2571 3606 omnium
2591 3551 2830 3616 deliciae,
2849 3553 3115 3607 omnium
3139 3550 3429 3606 celebrata
3450 3551 3717 3619 vocibus,

2068 3637 2341 3694 incendio
2372 3640 2706 3711 absumpta,
2738 3638 2944 3710 deleta,
2978 3645 3170 3711 capta,
3202 3639 3478 3696 omnibus
3507 3640 3715 3710 opibus

2070 3735 2186 3783 tam
2216 3728 2399 3783 sacris
2426 3745 2604 3799 quam
2637 3730 2916 3800 profanis,
2974 3732 3092 3786 sive
3147 3729 3394 3798 publicis
3435 3729 3552 3784 sive
3608 3728 3719 3798 pri-

2069 3817 2216 3894 vatis
2239 3817 2310 3872 ab
2340 3817 2802 3873 Occidentalium
2851 3819 3114 3890 gentium
3174 3817 3418 3873 colluvie
3467 3817 3717 3888 spoliata

2071 3909 2244 3976 esset,
2275 3923 2402 3974 quas
2434 3912 2641 3978 gentes
2700 3908 2950 3963 maxima
3005 3925 3073 3964 ex
3131 3912 3292 3979 parte
3348 3909 3608 3964 obscurae
3662 3915 3718 3964 et

2073 3993 2358 4065 ignobiles
2385 4009 2519 4048 cum
2549 3993 2969 4063 navigationem
2993 3995 3283 4050 latrocinii
3303 4012 3482 4051 causa
3531 4011 3722 4051 sus-ce-

2075 4085 2319 4156 pissent,
2379 4099 2499 4140 suae
2551 4089 2753 4140 contra
2810 4101 2917 4140 nos
2994 4086 3342 4156 expeditioni
3399 4088 3721 4158 speciosam

2077 4189 2314 4230 causam
2348 4172 2739 4244 prmtexebant
2771 4175 2950 4229 Isaaci
3007 4175 3208 4242 Angeli
3253 4175 3673 4232 restitutionem
3709 4192 3722 4242 ;

2077 4269 2134 4320 et
2163 4278 2337 4335 quem
2357 4262 2404 4316 is
2438 4261 2624 4318 filium
2649 4262 2800 4318 malo
2849 4263 2966 4318 fato
3020 4265 3166 4321 775
3222 4265 3282 4320 in
3317 4265 3512 4336 patriae
3535 4264 3726 4336 perni-

2079 4351 2223 4406 ciem
2257 4358 2569 4422 genuerat,
2603 4353 2874 4407 comitem
2911 4350 3373 4423 pulcherrimum
3402 4357 3458 4408 et
3488 4353 3729 4424 optatis-

2082 4441 2298 4498 simum
2333 4440 2715 4496 adducebant.
2751 4444 2894 4495 Nam
2930 4457 3129 4496 eorum
3163 4443 3475 4498 oscitantis
3497 4443 3730 4513 etigna-

2081 4530 2172 4587 via
2202 4529 2304 4602 qui
2336 4545 2531 4585 rerum
2563 4529 2954 4600 potiebantur,
2988 4530 3170 4585 eii‘ecit
3209 4535 3273 4584 ut
3329 4530 3585 4586 latrones
3631 4529 3732 4585 isti

2085 4619 2252 4675 nobis
2283 4619 2375 4685 ius
2405 4619 2666 4673 dicerent
2717 4624 2772 4675 et
2831 4634 3032 4690 pmnas
3093 4619 3434 4689 irrogarent.
3469 4619 3586 4676 Nec
3616 4617 3730 4672 illa:

2084 4707 2278 4764 clades
2304 4708 2466 4762 urbis
2490 4705 2608 4762 ullo
2641 4712 2906 4778 portento
2952 4707 3037 4762 vel
3087 4706 3305 4762 caelesti
3337 4706 3425 4762 vel
3475 4708 3735 4762 terrestri

316 4790 729 4872 xui-nolaﬂde
782 4790 908 4866 τοὺς
982 4801 1180 4874 λῃστὰς
1267 4797 1664 4872 ἰπεισήνεγκεν.
1734 4794 1859 4850 Ἐπὶ
1921 4790 1963 4847 δῖ

2086 4796 2544 4868 prmsigniﬁcatzs
2577 4802 2735 4861 sunt,
2768 4796 2822 4852 id
2865 4797 3014 4866 quod
3070 4795 3207 4851 olim
3249 4794 3597 4868 plerumque
3649 4796 3728 4850 fa-

317 4908 433 4964 τοῖς
463 4895 699 4973 συμὸἆσι
729 4901 858 4951 πᾶσι
888 4898 958 4967 τῇ
995 4887 1238 4966 βασιλίδι
1307 4884 1462 4942 οὐδὲν
1496 4888 1726 4958 σημεῖον
1784 4881 1974 4956 ὑψόθεν

318 4997 353 5064 ἢ
413 4992 502 5047 καὶ
537 4971 714 5067 γῆθεν
760 4984 1013 5062 ἐκφανθὶν
1061 4978 1347 5057 ἔγνωσται,
1381 4979 1545 5032 ὁποῖα
1600 4976 1733 5067 ἄττα
1788 4971 1978 5067 πολλᾷ

315 5063 434 5146 τοῖς
474 5063 736 5156 πρότερον
797 5073 1199 5148 ξυνηνέχθησαν
1259 5067 1544 5142 συμφορὰς
1600 5063 1815 5139 ἀνδρῶν
1881 5065 1970 5118 καὶ

316 5153 528 5228 κακῶν-
618 5166 906 5243 ἐπαγωγὰς
1014 5160 1412 5238 κηρεσιφόρους
1505 5153 1972 5226 ὑποσημαίνοντα.

315 5265 459 5320 Οὒτε
526 5260 629 5337 γὰρ
690 5242 880 5332 ψιάδες
933 5252 1226 5321 οὐρανόθεν
1284 5247 1524 5316 ὕσθησαν
1595 5242 1975 5316 αἱματόεσσαι,

315 5352 444 5407 οὕτε
473 5331 630 5422 θέροξ
687 5331 907 5416 ἔναιμον
976 5337 1444 5415 παρεξήλλακται,
1505 5331 1628 5388 οὔτε
1685 5331 1829 5387 λίθοι
1872 5353 1976 5386 πυ-

319 5420 608 5517 ρόεντες-ἔξ
648 5433 860 5507 αἰθέρος
892 5431 1231 5504 ἠνέχθησαν,
1266 5423 1388 5481 οὕτε
1417 5445 1508 5517 ΔτιΔ
1538 5422 1726 5517 ἓτερον
1757 5420 1973 5517 ἕωρᾶοη

315 5506 715 5601 και.νουργὴθὲν
769 5506 1054 5589 νὸπωσοῦν,
1114 5515 1242 5572 ἀλλ’
1337 5507 1535 5601 ἐμϐάδι
1623 5506 1820 5601 ἁψόιρῳ
1875 5509 1976 5601 Δκαὶ

319 5619 508 5696 χερσῖν
541 5614 869 5687 ἀκροτήτοις
907 5605 1192 5666 πολύπους
1232 5603 1322 5658 καὶ
1355 5600 1628 5673 πολύχειρ
1693 5599 1762 5668 τῇ
1817 5595 1977 5653 πόλει

441 5709 578 5779 ἡμῖν
616 5684 666 5770 ⁷ἡ
727 5697 851 5767 δίκη
911 5696 1308 5752 ἐπεισπεσοῦσα
1365 5686 1708 5759 δυσπότμως
1765 5684 1820 5740 ὲν
1896 5686 1978 5740 ἀν-

650 5823 915 5883 ΡΑτιιοι.
965 5817 1074 5878 Gn.
1110 5811 1422 5877 CXXXIX.

2085 4890 2244 4940 ctum
2280 4890 2530 4950 est,cum
2555 4886 2742 4941 cades
2768 4885 3095 4940 bominium
3129 4889 3186 4940 et
3215 4885 3441 4940 excidia
3465 4945 3470 4948 _
3498 4885 3731 4940 urbium

2087 4974 2495 5037 imminebant,
2531 4989 2720 5044 neque
2776 4978 3028 5030 cruentae
3088 4979 3261 5044 guttae
3321 4974 3461 5030 cmlo
3507 4974 3738 5031 decide-

2087 5071 2246 5124 runt,
2281 5079 2466 5134 neque
2498 5062 2826 5134 sanguinea
2858 5064 3068 5119 messis
3127 5063 3370 5133 exstitit,
3405 5080 3508 5120 nec
3567 5063 3737 5136 igniti

2087 5151 2312 5224 lapides
2343 5168 2410 5205 ex
2441 5151 2650 5206 aethere
2683 5153 3044 5222 deciderunt,
3079 5171 3182 5209 nec
3213 5154 3538 5226 quidquam
3574 5155 3739 5208 deni-

2088 5257 2197 5314 que
2231 5240 2493 5295 inusitati
2525 5240 2760 5308 accidit,
2788 5243 2884 5297 sed
2943 5245 3118 5298 tacita
3162 5247 3219 5299 et
3277 5245 3593 5315 tranquilla
3622 5243 3744 5297 vin-

2085 5332 2240 5386 dicta
2271 5329 2475 5384 multis
2507 5331 2784 5386 manibus
2815 5336 2872 5386 et
2904 5333 3152 5404 pedibus
3175 5332 3256 5388 ita
3283 5350 3389 5388 nos
3429 5331 3743 5405 oppressit,

2089 5425 2152 5476 ut
2180 5419 2389 5473 delicta
2421 5419 2598 5490 probe
2631 5419 2752 5477 ulta
2800 5421 3161 5477 miserrimos
3215 5422 3477 5476 omnium
3535 5426 3746 5475 morta-

2087 5509 2230 5563 lium
2265 5507 2539 5561 etl‘ecerit.
2600 5508 2677 5563 Eo
2736 5525 2905 5580 porro
2967 5509 3060 5563 die
3113 5525 3227 5580 quo
3268 5509 3407 5563 urbs
3439 5511 3603 5577 capta
3633 5511 3746 5582 est,

2089 5594 2446 5670 predatores
2478 5609 2575 5650 eas
2635 5598 2783 5654 aedes
2812 5597 2870 5653 in
2903 5615 3049 5670 quas
3100 5599 3460 5652 diverterant
3507 5594 3746 5664 diripie-

2091 5688 2266 5750 bant;
2305 5687 2360 5739 et
2392 5687 2603 5756 praeter
2632 5702 2700 5743 ca
2731 5703 2858 5758 quis
2900 5687 3013 5758 ipsi
3063 5686 3444 5757 indagabant,
3474 5683 3747 5737 dominos

3427 5799 3493 5853 3t
