4120 6284
325 369 442 432 971

1633 361 1941 425 ΝΙΟΕΤῶ
1982 359 2189 424 (ΣΗοΝ
2201 361 2408 422 [ATR

3617 359 3740 420 979

327 505 398 560 de
428 501 1009 566 occultisthesauris,
1042 499 1358 556 nonnullos
1423 515 1555 554 cum
1602 497 1963 566 verberibus,

2085 493 2322 569 θρώποις
2379 491 2684 569 εἶργάσατο,
2771 493 3016 568 τιμωρὸς
3095 493 3320 573 ὀφθεῖσα
3412 491 3741 572 φιλότιμος.

327 596 546 650 multos
595 593 825 650 blandis
871 593 1086 658 verbis,
1139 607 1344 646 omnes
1392 606 1526 644 cum
1577 589 1976 644 comminatio-

329 685 503 739 nibus
563 683 1069 755 percontabantur.
1132 680 1238 746 Qui
1290 695 1423 734 cum
1481 679 1593 733 alia
1645 694 1707 732 se
1765 678 1977 732 habere

329 773 671 840 faterentur,
733 771 846 825 alia
904 770 1248 832 indicarent,
1303 768 1414 823 alia
1477 767 1535 821 in
1597 772 1972 837 conspectum

329 861 604 915 afferrent
633 876 652 913 :
687 859 902 913 milites
936 859 1097 912 nulla
1125 873 1264 928 erga
1319 858 1583 928 hospites
1643 855 1972 920 clementia,

331 949 492 1004 nulla
523 947 906 1018 benignitate,
966 963 1072 1002 nec
1129 946 1400 1016 hospitiis
1459 961 1563 1000 nec
1613 946 1764 999 victu
1825 944 1975 998 776

328 1037 837 1098 communicando,
875 1037 1209 1091 utebantur.
1242 1034 1454 1089 Omnia
1497 1034 1771 1103 superba,
1810 1031 1975 1086 inhu-

328 1143 525 1196 mana,
559 1125 842 1183 immania
874 1130 1060 1180 erant.
1121 1123 1353 1178 Domini
1409 1139 1508 1192 per
1559 1121 1974 1178 contumeliam

327 1217 554 1271 aedibus
574 1216 700 1270 suis
731 1213 1138 1285 ejiciebantur.
1200 1213 1424 1276 Quibus
1477 1211 1550 1266 de
1602 1211 1798 1265 causis
1839 1225 1975 1266 cum

327 1305 521 1362 visum
540 1308 696 1360 esset
719 1303 966 1358 ducibus
988 1303 1062 1357 iis
1100 1301 1203 1373 qui
1239 1299 1454 1356 vellent
1498 1299 1640 1354 urbe
1661 1299 1974 1354 excedendi

329 1399 678 1466 potestatem
709 1394 866 1457 dare,
895 1392 1052 1446 cives
1110 1391 1416 1445 turmatim
1471 1389 1732 1456 abibant,
1765 1387 1976 1458 pannis

331 1483 600 1549 involuti,
637 1483 819 1538 macie
849 1487 907 1536 et
935 1480 1158 1551 pallore
1216 1479 1482 1546 contecti,
1535 1478 1682 1534 l'acie
1729 1476 1977 1531 mortuis

332 1572 578 1640 similes,
613 1571 798 1628 oculis
830 1571 1117 1642 sanguine
1147 1569 1410 1636 suﬂ‘usis,
1442 1567 1658 1639 quippe
1688 1567 1787 1636 qui
1837 1580 1978 1620 san-

329 1664 504 1733 guine
535 1662 726 1732 potius
746 1677 920 1732 quam
947 1659 1220 1728 laccymis
1251 1657 1468 1713 tierent.
1507 1657 1647 1712 Nam
1672 1656 1769 1710 alii
1802 1654 1979 1710 t‘acul-

2083 583 2185 640 Καὶ
2210 583 2307 651 τὴν
2345 583 2440 654 μὲν
2474 584 2682 656 ἡμέραν
2715 581 2930 653 ἐκείνην
2957 583 3074 638 καθ’
3135 581 3202 650 ἤν
3245 584 3279 652 ἡ
3334 581 3500 645 πόλις
3559 581 3745 637 ἑάλω-

2080 695 2188 744 κεν,
2222 675 2274 728 οἱ
2325 671 2616 728 σκυλευταὶ
2671 678 2790 734 ταῖς
2850 675 3056 748 ὁπῃοῦν
3114 672 3312 734 οἰκίαις
3370 672 3743 748 ἐναυλισάμε-

2085 784 2167 818 νοι
2214 765 2281 817 τά
2330 783 2391 817 τε
2446 760 2593 817 ἔνδον
2653 761 2952 838 διήρπαζον
3029 762 3120 817 καὶ
3177 762 3302 836 περὶ
3357 767 3466 818 τῶν
3517 763 3740 840 ἀφανῶν

2081 851 2208 912 τοὺς
2242 850 2506 916 δεσπότας
2551 853 2853 928 ἀνέκρινον,
2907 851 3129 926 πληγὰς
3177 849 3497 914 ἐντείνοντες
3553 853 3742 923 ἐνέοις,

2081 938 2318 1004 πολλοῖς
2381 939 2438 996 δὲ
2493 939 2581 996 καὶ
2669 946 2958 1017 προσηνῶς
3045 941 3460 1017 συγγινόμενοι,
3512 947 3633 1004 ταῖς
3693 940 3744 996 δ’

2081 1029 2334 1093 ἀπειλαῖς
2366 1029 2454 1086 ἐπὶ
2513 1035 2641 1086 πᾶσι
2697 1032 3002 1110 χρώμενοι·
3063 1033 3140 1096 ὡς
3195 1028 3253 1086 δὲ
3307 1033 3373 1087 τὰ
3443 1032 3537 1105 μὶν
3587 1033 3745 1108 εἶχον

2081 1122 2147 1178 τὰ
2179 1120 2225 1177 δ’
2257 1123 2554 1201 ἐξέφαινον,
2611 1123 2681 1178 τὰ
2747 1125 2841 1196 μὲν
2901 1123 3208 1196 ὀφθαλμοῖς
3266 1123 3595 1199 προκείμενα
3649 1126 3744 1180 καὶ

2083 1213 2222 1284 πρὸς
2278 1217 2384 1266 τῶν
2445 1211 2688 1288 ἐχόντων
2745 1214 3150 1288 προσαγόμενα,
3206 1213 3275 1268 τὰ
3333 1209 3382 1267 δ’
3440 1213 3542 1268 ὑπὸ
3591 1221 3744 1293 σφῶν

2081 1301 2254 1356 αὐτῶν
2314 1297 2722 1379 ἀναδιιρώμενα,
2775 1303 2863 1356 καὶ
2923 1300 3094 1380 φειδώ
3145 1323 3232 1366 τις
3307 1302 3408 1357 οὐκ
3461 1302 3528 1372 ἦν
3591 1304 3745 1379 παρὰ

2081 1390 2256 1467 σφίσιν
2291 1387 2417 1445 οὐδὲ
2453 1395 2562 1446 τῶν
2604 1391 2836 1446 ἐνόντων
2882 1388 3168 1464 μετάδοσις
3221 1393 3358 1465 πρὸς
3409 1391 3536 1454 τοὺς
3573 1387 3745 1471 ἕχον-

2079 1501 2194 1550 τας,
2229 1477 2352 1534 οὔτε
2383 1481 2492 1551 μὴν
2547 1480 2875 1553 συμμέθεξις
2925 1480 3103 1544 ἑστίας
3161 1480 3198 1550 ἢ
3263 1481 3575 1548 ἑστιάσεως,
3611 1482 3746 1538 ἀλλ’

2083 1571 2352 1642 ὑπεροψία
2408 1571 2498 1626 καὶ
2565 1570 2758 1644 ἀμιξία
2841 1571 2932 1626 καὶ
3003 1573 3122 1645 μεθ’
3195 1567 3404 1648 ὕϐρεων
3465 1573 3740 1650 ἀπαγωγὴ

2081 1661 2169 1714 καὶ
2203 1660 2544 1734 ἀπόπεμψις,
2607 1658 2758 1730 ἔδοξε
2815 1658 2906 1715 διὰ
2954 1665 3123 1716 ταῦτα
3189 1667 3308 1724 τοῖς
3349 1667 3743 1737 στρατηγοῦσιν

331 1755 523 1807 totum
545 1752 837 1820 jacturam
870 1747 1248 1820 deplorabant
1275 1746 1428 1812 :alii,
1461 1764 1528 1800 ea
1551 1754 1614 1800 ut
1664 1762 1723 1800 re
1746 1743 1976 1800 levioris

2085 1748 2348 1802 ἀνεικέναι
2401 1753 2518 1810 τοῖς
2583 1748 2946 1824 βουλομένοις
3001 1751 3101 1818 τήν
3189 1748 3250 1804 ἐκ
3333 1758 3434 1820 τῆς
3517 1750 3742 1812 πόλεως

331 1841 613 1896 momenti
647 1839 932 1910 neglecta,
965 1845 1064 1892 ant
1096 1837 1287 1892 ﬁliolas
1331 1835 1554 1891 nubilis
1597 1843 1831 1906 raptum
1874 1839 1976 1888 aut

2085 1835 2352 1912 ἄπαρσιν.
2462 1839 2607 1892 Κατᾶ
2719 1838 3028 1913 συμμορίας
3129 1837 3306 1894 τοίνυν
3397 1840 3740 1916 ἀγειρόμενοι

329 1933 638 2002 coniugem
672 1945 972 1996 amissam,
1025 1927 1124 1984 alii
1181 1925 1432 1998 denique
1485 1925 1644 1982 aliud
1685 1927 1742 1980 in
1775 1924 1976 1980 itinere

2088 1926 2331 1999 ἐξῄεσαν,
2419 1926 2629 1999 ῥακίοις
2702 1925 3112 2001 ἐσπειραμένοι,
3199 1928 3432 2000 ἀπαστίᾳ
3514 1929 3746 2000 ἐκτετη-

327 2019 624 2092 lugebant.
2083 2015 2296 2090 γμένοι,
2326 2014 2416 2069 τὸν
2478 2019 2670 2089 χρῶτα
2706 2015 3017 2090 τραπέντες,
3076 2015 3366 2092 νεκρώδεις
3431 2018 3525 2080 τὰς
3583 2017 3744 2093 ὄψεις

329 2109 423 2164 καὶ
455 2108 686 2184 ὕφαιμοι
717 2105 842 2167 τοὺς
883 2105 1223 2182 ὀφθαλμοὺς,
1261 2107 1410 2179 [378]
1442 2106 1517 2166 ὡς
1557 2103 1724 2159 πλέον
1767 2105 1990 2174 αἳμασιν
2023 2103 2164 2177 ἤπερ
2187 2100 2412 2178 δάκρυσι
2441 2101 2744 2168 κλαίοντες.
2777 2106 2843 2161 Oi.
2879 2106 2973 2177 μὲν
3003 2106 3107 2182 γὰρ
3138 2108 3352 2180 θρήνων
3379 2109 3474 2169 τὰς
3542 2107 3742 2172 οὐσίας

336 2197 492 2272 εἷχοδ
526 2197 801 2264 ὑπόθεσιν,
836 2195 886 2250 οἱ
929 2192 984 2250 δὲ
1013 2196 1110 2263 τήν
1141 2193 1347 2248 τούτων
1388 2189 1676 2263 ἀποϐολὴν
1709 2193 1784 2255 ὡς
1817 2190 1969 2248 οὔπω
1997 2187 2186 2247 θλίϐον
2230 2192 2282 2254 ἐς
2316 2193 2392 2263 μὴ
2425 2190 2590 2266 λόγον
2644 2194 2938 2265 τιθέμενοι,
2986 2191 3024 2264 ἤ
3065 2196 3264 2269 ὡραῖον
3312 2195 3492 2270 γάμου
3548 2199 3746 2273 κόριον

341 2285 698 2362 ὠλοφύροντο
729 2285 960 2361 ἀρπαγέν
994 2283 1139 2358 παρά
1166 2304 1262 2338 του
1292 2283 1382 2338 καὶ
1441 2282 1788 2358 διακορηθὲν,
1843 2281 1878 2352 ἢ
1935 2280 2150 2360 ἀλόχου
2189 2281 2440 2358 στέρησιν
2479 2281 2854 2358 ἂπωδύροντο,
2911 2284 3004 2338 καὶ
3060 2283 3234 2346 ἀλλος
3301 2285 3442 2341 ἄλλο
3484 2307 3536 2342 τι
3574 2289 3750 2344 κακὸν

337 2375 606 2448 ἀνῴμωξε
643 2375 1032 2448 πορευόμενος.

403 2467 458 2520 3.
492 2465 566 2522 Ut
611 2471 804 2520 autem
867 2469 937 2520 de
996 2477 1088 2518 me
1143 2481 1378 2537 quoque
1435 2463 1657 2535 aliquid
1711 2463 1980 2528 referam,

335 2555 505 2610 multi
537 2572 606 2610 ex
636 2555 1023 2611 familiaribus
1053 2557 1152 2612 illo
1185 2555 1336 2610 tristi
1369 2559 1426 2610 et
1449 2569 1581 2610 vere
1631 2553 1860 2608 nefasto
1891 2552 1984 2607 die

331 2645 392 2699 in
425 2660 614 2700 meam
651 2643 894 2699 domum
961 2644 1284 2716 porticibus
1345 2643 1702 2715 impositam,
1747 2645 1984 2714 propter

333 2732 750 2789 obscuritatem
775 2733 935 2788 aditu
959 2733 1257 2789 difficilem
1283 2735 1440 2804 (nam
1485 2731 1892 2804 pulcherrima:
1927 2735 1984 2786 et

335 2822 716 2894 amplissimis
747 2824 898 2879 aedes
921 2828 1131 2879 nostra
1184 2823 1242 2878 in
1293 2823 1613 2894 Spboracio
1645 2821 1772 2876 sitae
1799 2821 1983 2878 altero

330 2911 602 2968 incendio
624 2911 964 2984 perierant),
998 2912 1412 2980 conﬂuebant;
1459 2917 1516 2967 et.
1537 2911 1753 2978 alioqui
1777 2927 1983 2982 Oppor-

333 3009 514 3057 tunus
544 3011 664 3056 erat
703 3003 840 3056 inde
871 3005 928 3056 in
991 3003 1309 3058 maximum
1375 2999 1660 3071 templum
1709 3001 1855 3055 771
1891 3016 1984 3054 re-

333 3098 560 3160 ceptus,
593 3091 685 3145 cui
718 3091 906 3145 vicina
935 3096 1072 3146 erat.
1132 3091 1238 3146 Sed
1301 3091 1513 3145 milites
1571 3090 1712 3144 nihil
1765 3089 1984 3158 imper-

2160 2468 2227 2534 γ’.
2285 2463 2398 2518 ⁴Ινα
2454 2458 2512 2516 δὲ
2566 2461 2657 2516 καὶ
2720 2461 2786 2516 τὰ
2841 2468 2956 2518 κατ’
2993 2461 3090 2536 ἐμὲ
3119 2463 3344 2532 συνείρω
3381 2468 3450 2540 τῇ
3505 2465 3754 2542 ἱστορίᾳ,

2090 2548 2297 2606 πολλοὶ
2329 2553 2435 2605 τῶν
2465 2552 2709 2621 συνήθων
2744 2551 2822 2616 εἷς
2894 2549 3098 2624 τούμὸν
3159 2550 3493 2628 συνέδραμον
3535 2555 3758 2629 οἲκημα

2090 2647 2190 2710 τῆς
2245 2645 2482 2714 στυγνῆς
2555 2637 2770 2710 ἐκείνης
2853 2641 2944 2694 καὶ
3015 2639 3342 2715 δυσωνύμου
3399 2641 3567 2705 ὅντως
3625 2644 3755 2700 ἐπι-

2091 2729 2373 2806 φαυσάσης
2437 2727 2668 2802 ἡμέρας,
2731 2728 3012 2785 ὐπόστωον
3095 2728 3259 2786 οὖσαν
3345 2733 3436 2787 καὶ
3490 2732 3752 2808 χαλεπὴν

2090 2815 2466 2891 προσπελάσαι
2516 2815 2606 2871 καὶ
2671 2815 2894 2894 ζοφώδη
2951 2819 3051 2888 τὴν
3110 2817 3344 2875 εἶ’σοδον·
3403 2823 3432 2876 ὁ
3470 2822 3575 2896 γὰρ
3606 2821 3754 2896 ἅμα·

2093 2925 2194 2981 χος
2223 2910 2304 2978 τῷ
2331 2904 2524 2960 κάλλει
2557 2906 2752 2980 καὶτῷ
2791 2909 3001 2982 μεγέθει
3062 2907 3320 2986 μέγιστος
3369 2911 3524 2973 οἶκος
3581 2913 3742 2986 ἡμῶν

2091 2995 2143 3048 ἐν
2183 3000 2300 3057 τοῖς
2351 2995 2675 3071 Σφωρακίου
2727 2993 3018 3070 ἱδρυμένος
3060 2998 3164 3053 ὑπὸ
3203 3004 3300 3054 τοῦ
3331 2997 3584 3076 δευτέρου
3637 3022 3748 3056 πυ-

2094 3083 2189 3157 ρὸς
2215 3084 2528 3156 ἠφάνισται.
2586 3085 2688 3139 Ἦν
2747 3081 2804 3140 δὲ
2849 3086 2940 3140 καὶ
2986 3083 3177 3148 ἄλλως
3225 3087 3481 3163 εὐμαρῶς
3540 3089 3744 3144 ἐκεῖθεν

332 3180 689 3250 vestigatum
747 3180 1202 3250 relinquebant;
1265 3196 1370 3234 nec
1417 3179 1582 3234 locus
1635 3177 1792 3232 ullus
1823 3193 1976 3232 sacer

2097 3172 2173 3233 εἰς
2203 3173 2298 3226 τὸν
2329 3173 2586 3247 μέγιστον
2645 3170 2882 3228 εἷ’σδῦναι
2937 3175 3084 3240 ναὸν,
3142 3173 3258 3231 έπεὶ
3313 3179 3403 3232 καὶ
3461 3181 3540 3249 τῷ
3571 3177 3742 3250 τεμέ-

337 3273 440 3322 aut
471 3270 586 3321 situ
621 3267 888 3320 munitus
911 3267 1204 3337 supplices
1228 3268 1592 3323 defendebat.
1623 3269 1980 3337 Quocumque

336 3371 694 3422 accurreres,
729 3356 800 3410 ab
831 3355 1101 3412 hostibus
1158 3358 1508 3423 abstractus,
1566 3373 1682 3427 quo
1713 3355 1829 3410 illis
1859 3361 1980 3411 erat

337 3444 617 3507 lubitum,
649 3444 1058 3500 abducebaris.
1087 3448 1240 3509 Quas
1262 3445 1507 3514 injurias
1530 3461 1663 3499 cum
1712 3461 1976 3500 cernere-

337 3547 491 3600 mus,
528 3541 592 3586 ut
621 3537 856 3604 tempus
889 3535 1127 3598 ferebat,
1161 3536 1338 3589 rebus
1371 3536 1583 3590 nostris
1623 3534 1978 3588 consuleba-

335 3637 486 3676 mus.
521 3623 653 3678 Erat
685 3623 828 3678 mihi
865 3621 1168 3678 familiaris
1198 3623 1438 3694 quidam
1489 3628 1666 3694 atque
1705 3623 1979 3678 domesti-

331 3727 434 3765 cus
465 3711 703 3766 natione
732 3711 1013 3776 Venetus,
1071 3712 1171 3782 qui
1231 3713 1390 3766 domi
1448 3727 1587 3766 meas
1635 3727 1768 3766 cum
1801 3726 1980 3766 uxore

330 3803 389 3854 et
410 3801 585 3856 rebus
608 3801 736 3855 suis
758 3800 974 3856 victum
999 3805 1316 3872 tutumque
1345 3807 1643 3872 receptum
1684 3800 1974 3876 habebat;

331 3890 381 3945 is
403 3906 469 3944 eo
503 3896 764 3962 tempore
799 3891 967 3946 nobis
1001 3891 1164 3947 utilis
1196 3891 1321 3946 fuit.
1356 3891 1499 3946 Nam
1523 3891 1704 3946 armis
1739 3895 1797 3946 et
1827 3890 1979 3945 mili-

329 3979 438 4034 tari
481 3979 687 4036 habitu
731 3997 834 4050 pro
883 3981 1232 4036 mercatoria
1290 3983 1565 4051 sumptis,
1627 3981 1977 4051 praedatores

332 4067 676 4138 aliquandiu
733 4069 958 4124 fortiter
1015 4069 1222 4124 aedium
1285 4070 1552 4140 ingressu
1609 4067 1852 4139 depulit,
1914 4083 1978 4123 se

332 4156 791 4212 commilitonem
823 4173 1042 4226 eorum,
1077 4163 1134 4213 et
1187 4157 1342 4213 mdes
1398 4173 1497 4212 eas
1547 4172 1978 4227 praeoccupasse

330 4243 641 4306 simulans,
673 4248 730 4298 et
761 4245 942 4314 patria
963 4245 1168 4316 lingua
1196 4261 1329 4302 cum
1360 4247 1446 4301 eis
1469 4263 1596 4316 quae
1657 4261 1742 4301 res
1773 4251 1978 4316 postu-

331 4328 492 4384 labat
549 4329 905 4400 colloquens.
966 4332 1110 4388 Cum
1161 4339 1354 4389 autem
1442 4331 1560 4387 illis
1637 4333 1977 4387 catervatim

327 4418 710 4487 irruentibus,
747 4419 986 4475 Francis
1016 4421 1359 4490 prtssertim,
1415 4421 1543 4492 qui,
1595 4425 1818 4476 ceteris
1871 4436 1976 4474 nec

2087 3281 2166 3315 νει
2224 3262 2514 3318 συνέκειτο.
2571 3259 2727 3318 Ἀλλ’
2781 3263 2848 3332 ἦν
2935 3263 3345 3339 ἀνεξερεύνητον
3412 3264 3564 3322 οὐδὲν
3619 3272 3744 3329 τοῖς

2087 3349 2501 3423 στρατεύμασιν,
2535 3348 2660 3406 οὐδὲ
2705 3351 2875 3414 τόπος
2933 3352 3132 3426 εὐαγής
3185 3355 3275 3409 καὶ
3331 3360 3400 3429 τῇ
3431 3357 3572 3411 θέσει
3602 3377 3750 3432 παρ-

2086 3436 2230 3514 έχων
2299 3438 2596 3518 ἀσφάλειαν
2666 3439 2844 3502 ἀσινὲς
2930 3439 3112 3517 ἐτήρει
3191 3443 3255 3498 τὸ
3313 3446 3746 3519 προσρυόμενον,

2085 3527 2209 3582 ἀλλ’
2243 3528 2352 3598 ὅπη
2410 3547 2493 3588 τις
2553 3525 2614 3582 ἄν
2665 3529 2757 3584 καὶ
2813 3529 3213 3606 προσέδραμεν,
3273 3533 3548 3590 ἀπεσπᾶτο
3605 3537 3746 3610 πρὸς

2081 3620 2190 3671 τῶν
2221 3616 2498 3672 εἰσιόντων
2532 3615 2643 3672 ἐκεῖ
2671 3619 2980 3692 πολεμίων,
3027 3621 3119 3675 καὶ
3173 3619 3300 3687 ἔνθα
3353 3623 3490 3698 πρὸς
3535 3623 3752 3699 βουλῆς

2083 3705 2312 3767 ἐκείνοις
2391 3707 2657 3780 ἀπήγετο.
2732 3709 2894 3764 Ταῦθ’
2979 3709 3214 3784 ὁρῶντες
3289 3714 3455 3784 ἡμεῖς
3513 3713 3750 3786 ἁνομού-

2087 3817 2238 3870 μενα,
2269 3796 2348 3858 ὠς
2401 3797 2465 3851 ἐκ
2525 3801 2631 3852 τῶν
2685 3797 2972 3872 παρόντων
3031 3798 3280 3879 εἳχομεν,
3334 3802 3399 3857 τὸ
3456 3803 3745 3880 σύμφορον

2087 3885 2327 3957 μέτιμεν.
2369 3887 2468 3940 Ἦν
2497 3884 2595 3941 οὖν
2642 3883 2768 3958 ἒμοί
2820 3907 2904 3948 τις
2960 3890 3199 3960 συνήθης
3255 3909 3311 3944 τε
3341 3891 3431 3945 καὶ
3463 3891 3737 3955 συνέστιος

2082 3972 2142 4028 ἐκ
2203 3977 2301 4030 τοῦ
2355 3978 2463 4030 τῶν
2524 3973 2819 4031 Βενετίκων
2874 3975 3164 4051 πρυελθὼς
3221 3979 3440 4055 γένους,
3497 3979 3740 4054 κομιδῆς

2083 4062 2404 4137 ἀξιούμενος
2435 4063 2524 4119 καὶ
2565 4071 2665 4133 τῆς
2725 4065 2776 4126 ές
2833 4066 2896 4120 τὸ
2956 4071 3118 4140 σῶμα
3175 4066 3474 4145 ἀσφαλείας
3525 4071 3734 4143 κομιδῆ

2085 4153 2334 4226 μετέχων
2360 4157 2482 4214 τοῖς
2515 4149 2662 4207 οῦσιν
2723 4155 2838 4224 ἅμα
2889 4155 2982 4208 καὶ
3037 4155 3274 4228 γυναικί.
3334 4157 3513 4221 Οὗτος
3539 4161 3740 4234 χρήσι-

2085 4261 2186 4313 μος
2219 4243 2354 4314 ἡμῖν
2399 4241 2453 4296 έν
2515 4246 2634 4303 τοῖς
2683 4242 2809 4298 τότε
2869 4249 3083 4316 καιροῖς
3139 4245 3364 4319 γίνεται·
3423 4249 3740 4321 Θωρακισά-

2087 4350 2242 4402 μενος
2288 4331 2392 4404 γὰρ
2451 4329 2542 4386 καὶ
2598 4330 2690 4385 τὸν
2745 4325 2990 4405 ἔμπορον
3045 4331 3124 4394 εἰς
3183 4335 3526 4408 στρατιώτην
3590 4358 3743 4408 μετα-

2087 4419 2423 4492 μειψάμενος
2539 4419 2690 4492 μάλα
2803 4415 3080 4495 ἐμϐριθῶς
3188 4422 3524 4498 ἀπεκρούετο
3616 4426 3742 4487 τοὺς

319 4507 574 4575 ingeniis
604 4525 709 4563 nec
738 4509 1080 4580 corporibus
1113 4509 1358 4574 similes,
1393 4509 1451 4564 id
1493 4525 1676 4564 unum
1698 4525 1760 4563 se
1788 4509 1972 4564 vereri

2085 4505 2354 4568 εἰσιόντας
2415 4506 2583 4581 μέχρι
2637 4507 2790 4569 τινὸς
2844 4509 2908 4562 τὸ
2994 4507 3205 4582 οἳκημα
3264 4511 3584 4577 σκυλευτᾶς,
3649 4515 3740 4570 τὸν

313 4598 543 4668 jactant
567 4615 635 4652 ne
659 4599 868 4653 caelum
892 4609 1040 4666 ruaI,
1058 4599 1326 4653 resistere
1349 4614 1462 4654 non
1522 4603 1735 4670 posset,
1767 4607 1970 4654 auctor

2082 4593 2410 4664 συνοπλίτην
2468 4594 2696 4657 ἐκείνοις
2760 4597 3190 4671 ὑποκρινόμενος
3271 4599 3362 4654 καὶ
3415 4598 3744 4677 προειληφέ-

324 4687 490 4741 no'ois
524 4687 633 4742 fuit
667 4689 796 4743 inde
821 4688 1182 4754 discedendi,
1217 4705 1287 4742 ne
1309 4689 1464 4758 capti
1505 4703 1538 4742 ο.
1571 4689 1834 4743 Barbaris
1864 4703 1970 4742 nos

320 4775 382 4830 in
414 4776 646 4831 vincula
671 4777 1122 4847 conjiceremur,
1173 4777 1450 4832 mulieres
1497 4793 1628 4832 vero
1660 4778 1730 4832 ad
1764 4782 1971 4848 stupra

323 4869 380 4918 et
412 4863 710 4920 libidinem
771 4873 1132 4933 raperentur.
1192 4867 1336 4920 Cum
1393 4870 1592 4920 autem
1655 4865 1840 4922 bonus
1872 4864 1972 4920 ille

326 4953 550 5022 pridem
609 4953 866 5009 famulus
919 4961 977 5010 et
1035 4956 1240 5021 cliens,
1297 4961 1424 5010 tum
1483 4972 1615 5011 vero
1655 4953 1885 5025 adjutor
1913 4959 1972 5009 et

2076 4703 2164 4738 ναι
2239 4685 2340 4753 τήν
2425 4683 2601 4738 οἰκίαν
2689 4683 3195 4760 σχηματιζόμενος,
3274 4684 3739 4766 συμϐαρϐαρίζων

2079 4772 2191 4843 ἅμα
2221 4773 2370 4848 σφίσι
2397 4772 2580 4828 καὶτὰ
2631 4773 2810 4828 εἰκότα
2843 4771 3256 4850 διαλεγόμενος.
3287 4778 3378 4840 Ὦς
3412 4776 3470 4834 δὲ
3527 4781 3582 4834 οἱ
3645 4781 3736 4854 μὲν

2077 4861 2213 4916 κατᾶ
2265 4859 2482 4930 πλῆθος
2537 4861 2826 4938 εἰσέρῥεον,
2905 4864 2934 4918 ὁ
2991 4863 3040 4920 δ’
3123 4865 3364 4940 ἀντέχειν
3451 4867 3735 4944 ἀπείρηκε,

2079 4949 2168 5004 καὶ
2232 4949 2470 5020 μάλιστα
2526 4949 2654 5012 τοὺς
2715 4949 2778 5007 ἐκ
2829 4956 2939 5007 τῶν
3021 4955 3384 5028 Φραγκίσκων
3448 4956 3736 5025 εἰσιόντας,

2083 5039 2160 5110 μὴ
2191 5043 2307 5100 τοῖς
2337 5037 2533 5100 ἄλλοις
2563 5039 2720 5100 ὄντας
2759 5041 3176 5116 παραπλησίους
3229 5045 3320 5099 καὶ
3353 5045 3446 5100 τὰς
3513 5047 3736 5122 γνώμας

2081 5127 2172 5184 καὶ
2213 5127 2279 5182 τὰ
2308 5127 2560 5200 σώματα,
2595 5127 2758 5200 μόνον
2791 5127 2849 5184 δὲ
2903 5131 2998 5186 τὸν
3046 5131 3272 5208 οὐρανὸν
3305 5131 3535 5190 δεδιέναι
3591 5157 3734 5207 κομ-

2079 5216 2353 5284 πάζοντας
2442 5217 2516 5284 μή
2605 5215 2690 5285 ε’ἰη
2781 5216 2962 5296 σρίσιν
3039 5218 3330 5293 ἐπιπεσὼν,
3395 5229 3735 5300 μεταχωρεῖν

2088 5303 2288 5362 ἐκεῖθεν
2321 5305 2458 5376 ἡμῖν
2500 5303 2842 5374 ὑποτίθησιν,
2899 5307 2985 5362 ἳνα
3047 5309 3124 5382 μή
3181 5309 3317 5381 πρὸς
3349 5316 3472 5374 τοῖς
3532 5307 3736 5388 Βαρὸά.

2087 5415 2203 5469 ροις
2235 5393 2512 5470 γενόμενοι
2570 5393 2620 5450 έν
2683 5396 2778 5468 μὲν
2833 5393 3057 5468 δεσμοῖς
3115 5399 3168 5452 οἱ
3199 5397 3391 5473 ἄνδρες
3427 5403 3593 5474 ἡμεῖς
3650 5399 3736 5456 διὰ

2082 5487 2344 5560 χρήματα
2373 5481 2585 5556 εἶήμεν,
2618 5485 2672 5538 αἱ
2733 5481 2788 5540 δὲ
2845 5492 3096 5563 γυναῖκες
3153 5487 3208 5542 έν
3268 5483 3453 5564 ὕϐρεσι
3492 5492 3582 5545 καὶ
3614 5490 3732 5546 ἀσέ-

2086 5593 2242 5647 μνοις
2275 5573 2608 5648 ἀπαγωγαῖς.
2669 5575 2783 5630 Τοῦ
2842 5578 3091 5654 χρηστοῦ
3146 5574 3329 5629 τοίνυν
3380 5575 3589 5632 ἐκείνου
3645 5575 3730 5630 καὶ

2081 5661 2272 5736 πρώην
2317 5656 2626 5735 οἶκότριϐός
2677 5681 2736 5718 τε
2794 5663 2884 5719 καὶ
2933 5666 3270 5743 πρόσφυγος,
3323 5664 3448 5722 τότε
3506 5663 3552 5725 δ’
3608 5665 3729 5744 ἄγα-

325 5048 583 5110 tempore
626 5045 876 5098 maxime
911 5045 1236 5098 necessario
1263 5043 1413 5099 778
1465 5045 1735 5100 defensor
1771 5058 1880 5098 nos
1909 5043 1968 5096 in

325 5129 464 5183 alias
487 5131 664 5198 aedes,
697 5132 794 5184 ubi
823 5132 990 5185 nobis
1013 5134 1136 5186 noti
1162 5135 1360 5190 Veneti
1394 5132 1760 5196 habitabant,
1794 5133 1972 5188 duce-

322 5224 426 5283 ret,
459 5220 625 5285 pauci
684 5217 856 5272 simul
908 5220 1228 5284 exibamus,
1263 5221 1362 5275 illo
1414 5220 1684 5276 munibus
1725 5237 1828 5276 nos
1861 5227 1974 5277 tra-

325 5305 494 5361 hente
524 5311 580 5359 et
613 5312 674 5359 ut
736 5307 992 5376 praedam
1051 5324 1218 5363 suam
1281 5310 1618 5376 comitante,
1678 5309 1874 5365 tristes
1915 5316 1973 5366 et

319 5397 472 5448 male
499 5393 831 5447 vestiti.Spd
869 5393 966 5446 ubi
999 5394 1072 5448 ad
1101 5395 1258 5449 illam
1293 5396 1455 5452 urbis
1517 5401 1738 5467 partem
1790 5397 1974 5453 Fran-

317 5484 401 5534 cis
442 5481 798 5550 assignatam
836 5497 1040 5536 rursus
1083 5486 1474 5554 pervenimus,
1515 5486 1650 5540 inrle
1708 5487 1970 5558 prot'ugi-

322 5587 472 5635 mus,
506 5587 536 5622 ει
570 5569 802 5624 famulis
830 5570 1048 5625 nostris
1074 5571 1366 5642 omnibus,
1396 5573 1526 5630 aliis
1577 5575 1691 5632 alio
1743 5577 1972 5646 disper-

319 5657 426 5725 sis,
457 5657 858 5714 inhumaniter
900 5661 1138 5727 deserti,
1180 5659 1378 5718 liberis
1429 5663 1666 5734 nostris,
1697 5665 1792 5736 qui
1829 5681 1972 5722 non-
