4120 6284
315 392 425 452 973

1714 395 1917 456 URBS
1963 394 2238 454 CAPTA.

3611 405 3727 462 974

318 527 403 579 θοῦ
462 524 789 600 συνεργάτου
845 523 942 579 κᾶν
1001 530 1119 588 τοῖς
1178 528 1416 603 καιρίοις
1503 528 1965 602 ὖπερασπίζοντος

2102 527 2222 581 lum
2272 524 2500 597 ingredi
2556 528 2839 597 poterant,
2921 527 3182 584 humeris
3262 530 3577 605 impositis.
3661 542 3733 592 Et

318 614 364 675 ἐς
427 610 609 683 ἄλλην
684 611 856 667 οἰκίαν
914 613 1295 690 ἡγησαμένου,
1327 616 1604 691 γνωστοὺς
1662 619 1798 689 ἡμῖν
1867 616 1970 672 Βε-

317 702 551 764 νετίκους
607 704 925 780 τρέφουσαν,
1000 706 1139 760 κατά
1200 707 1427 781 βραχεῖς
1511 704 1689 779 ἔξιμεν
1747 706 1967 772 ἐκεῖθεν,

320 795 388 855 ὡς
416 791 751 868 δορύκτητος
777 792 969 865 ἐκείνῳ
1014 799 1246 865 κλῆρος,
1306 794 1367 850 ἐκ
1422 795 1615 870 χειρὸς
1681 794 1970 867 ἑλκόμενοι

232 895 240 902 ”
322 889 576 962 κατηφεῖς
608 883 699 937 καὶ
769 881 1085 956 δυσείμονες
1138 885 1229 938 καὶ
1261 884 1405 941 οὕτω
1454 885 1968 961 παραπεμπόμενοι.

321 977 467 1033 Ἐπεὶ
528 974 572 1029 δ’
631 976 803 1030 ἐκεῖνο
867 975 930 1029 τὸ
1000 976 1165 1050 μέρος
1213 983 1313 1045 τῆς
1370 972 1589 1040 πόλεως
1626 976 1704 1038 εἷς
1765 975 1969 1048 κλῆρον

320 1070 428 1126 τοῖς
479 1061 841 1138 Φραγκίσκοις
898 1062 1157 1138 ἐπέλαχε,
1221 1066 1544 1136 μετανάσται
1599 1064 1766 1120 πάλιν
1822 1064 1972 1137 γινό-

325 1157 476 1227 μεθα,
520 1153 612 1208 ’ὅτε
648 1151 873 1207 καὶτῶν
914 1151 1003 1206 ἐπὶ
1062 1160 1163 1222 τῆς
1223 1154 1508 1229 θεραπείας
1568 1157 1730 1226 ἡμῶν
1790 1150 1978 1207 ἄλλων

322 1242 463 1318 ἃλλῃ
505 1240 907 1317 διασπαρέντων
962 1242 1055 1297 καὶ
1113 1244 1330 1298 πάντων
1387 1244 1768 1318 ἀπανθρώπως
1828 1244 1978 1314 ἡμᾶς

321 1332 654 1408 παρεικότων
718 1328 1007 1401 έπωμάδια
1091 1332 1272 1411 φέρειν
1349 1334 1514 1404 ἡμεῖς
1591 1329 1980 1408 ἠναγκάσμεθα

323 1424 386 1477 τὰ
488 1422 659 1493 μήπω
740 1424 848 1474 τῶν
896 1416 1203 1493 παιδαρίων
1260 1422 1390 1476 ποσὶ
1452 1422 1736 1497 χρώμενα,
1804 1419 1978 1494 στέγει

326 1506 368 1564 8‘
422 1510 435 1530 '
491 1509 520 1563 ὸ
646 1508 699 1563 ’λ
874 1509 888 1527 ⁸
949 1508 1006 1564 ”ὁ
1272 1515 1296 1527 ”
1420 1510 1434 1533 '

355 1531 379 1565 ε
416 1531 488 1564 υπ
587 1529 663 1582 μα
705 1529 771 1579 ην
799 1528 889 1562 και
941 1509 1138 1585 αγρενα
1195 1508 1363 1565 παιδα
1415 1507 1831 1582 υπομαστίδιον,
1888 1508 1975 1562 καὶ

325 1603 523 1675 χωρεῖν
563 1599 709 1653 οὓτω
767 1595 856 1652 διὰ
911 1598 1078 1668 μέσου
1134 1604 1242 1654 τῶν
1302 1603 1527 1674 ἀγυιῶν.
1561 1597 1799 1672 Ἡμέρας
1856 1597 1978 1652 τοί-

325 1709 413 1742 νυν
451 1686 608 1741 πέντε
643 1687 777 1759 μετᾶ
812 1687 913 1754 τήν
949 1687 1155 1741 ἅλωσιν
1208 1692 1278 1763 τῇ
1336 1687 1498 1743 πόλει
1556 1685 1977 1761 προσμείναντες

329 1777 630 1851 ἀπαίρομεν
662 1776 753 1830 καὶ
785 1779 970 1849 ἡμεῖς.
1004 1778 1090 1851 [Ρ.
1154 1781 1277 1851 379]
1312 1780 1411 1832 Ἦν
1472 1774 1529 1832 δὲ
1576 1777 1702 1832 τότε
1762 1769 1980 1831 Σάϐϐα-

2080 613 2327 670 ﬁliolum
2360 613 2671 670 lactentem
2730 614 2923 671 adhuc
2978 617 3085 672 sub
3118 618 3209 675 ala
3252 619 3401 678 ferre
3430 629 3489 679 et
3518 623 3598 680 ila
3628 643 3731 698 per

2081 705 2306 759 medios
2336 704 2492 759 vicos
2521 704 2789 760 incedere
2818 706 3000 761 coacti
3029 724 3257 765 sumus.
3292 714 3359 765 Et
3389 713 3513 770 dies
3555 716 3729 786 quin-

2085 810 2198 865 que
2238 799 2616 865 postcaptam
2638 795 2839 849 urbem
2883 798 3225 853 commorati
3257 805 3315 855 et
3362 802 3473 874 ipsi
3507 804 3729 862 disces-

2081 884 2273 938 simus
2295 882 2387 936 die
2418 882 2676 937 Sabbati.
2711 884 2869 947 Quod
2896 884 3093 940 divina
3136 888 3495 957 providentia
3526 898 3584 947 et
3613 911 3731 951 non

2085 970 2322 1027 fortuita
2353 986 2489 1025 casu
2524 971 2739 1026 factum
2775 972 3021 1027 videtur.
3057 976 3380 1033 Accedebat
3408 984 3465 1035 et
3517 981 3730 1050 hiems,

2084 1067 2139 1115 et
2171 1064 2372 1114 nostra
2403 1075 2550 1114 uxor
2579 1060 2767 1116 vicina
2816 1067 2938 1116 erat
2995 1066 3208 1134 partui,
3267 1071 3333 1122 ut
3389 1067 3487 1124 illa
3518 1071 3733 1128 Christi

2088 1148 2537 1219 praedictiomua:
2562 1153 3058 1206 monetorandum
3104 1170 3233 1210 esse
3277 1173 3349 1212 ne
3372 1158 3509 1231 fuga
3532 1164 3735 1218 nostra

2086 1239 2146 1292 in
2177 1239 2429 1293 Sabbato
2453 1243 2509 1293 et
2532 1238 2721 1294 hieme
2745 1240 2864 1307 ﬁat,
2898 1245 2952 1296 et
2976 1245 3411 1315 praegnantibus
3443 1246 3502 1303 in
3527 1248 3735 1307 diebus

2086 1326 2203 1383 illis
2236 1327 2385 1383 male
2414 1327 2732 1393 ominatur,
2767 1345 2878 1384 non
2912 1346 3082 1386 secus
3114 1314 3181 1387 ao
3229 1334 3277 1390 si
3332 1340 3528 1393 nostra
3559 1320 3755 1397 causa?
3820 1314 3833 1319 -

2088 1417 2244 1471 dicta
2271 1421 2446 1484 esset,
2479 1418 2698 1471 exitum
2730 1418 3064 1475 sortiretur.
3107 1421 3180 1476 Ut
3225 1438 3362 1479 vero
3402 1426 3734 1498 complures

2090 1505 2406 1560 familiares
2434 1510 2493 1559 et
2548 1508 2777 1575 cognati
2835 1506 3066 1576 aliaque
3132 1511 3306 1566 turba
3364 1514 3433 1568 ad
3467 1523 3735 1574 nostrum

2089 1599 2468 1665 conspectum
2501 1594 2926 1661 conﬂuxerant,
2958 1613 3075 1652 non
3107 1597 3276 1654 aliter
3330 1618 3509 1673 quam
3560 1609 3738 1664 coetus

2090 1685 2467 1740 formicarum
2500 1699 2602 1754 per
2632 1683 2803 1740 trivia
2836 1686 3246 1756 pergcbamus,
3296 1695 3739 1752 occurrentibus

2091 1773 2260 1829 nabis
2291 1772 2637 1827 exercitibus
2669 1789 2781 1827 non
2819 1780 3085 1831 accurate
3142 1780 3407 1847 armatis,
3445 1783 3596 1838 179
3636 1786 3737 1840 sed

329 1884 438 1934 τον,
471 1866 609 1919 κατά
638 1864 781 1927 θείαν
835 1867 997 1939 οἶμαι
1054 1864 1145 1920 καὶ
1206 1869 1280 1939 μὴ
1341 1866 1589 1941 τυχηρὰν
1646 1865 1978 1938 περίπτωσιν

2102 1862 2402 1934 praelongis
2432 1861 2674 1917 ensibus
2702 1862 2774 1916 ad
2807 1863 2987 1919 latera
3025 1881 3306 1936 equorum
3341 1872 3742 1941 suspensis,et

329 1953 681 2029 ἤσυγκυρίαν
716 1955 918 2010 οὑτωσί
962 1975 1081 2010 πως
1136 1952 1348 2028 συμϐὰν
1414 1953 1641 2031 ἄλογον,
1700 1957 1788 2010 καὶ
1856 1973 1984 2028 χει-

334 2044 469 2117 μὼν,
502 2043 591 2098 ἐπὶ
624 2040 682 2098 δὲ
735 2043 825 2098 καὶ
877 2043 1018 2119 πρὸς
1072 2041 1261 2099 ὠδῖσιν
1316 2042 1393 2100 ἔτι
1427 2047 1587 2118 ἡμῶν
1640 2048 1674 2114 ἡ
1739 2043 1977 2117 σύζυγος

332 2136 466 2192 ὥστε
494 2135 586 2190 καὶ
616 2136 679 2190 τὸ
736 2140 833 2191 τοῦ
882 2140 1121 2210 Χριστοῦ
1187 2136 1577 2212 προαγόρευμα
1620 2136 1650 2191 8
1680 2157 1841 2215 φησιν
1892 2133 1983 2191 εὕ-

331 2227 510 2295 ξασθαι
548 2226 623 2297 μὴ
685 2224 930 2299 γενέσθαι
982 2226 1084 2294 τήν
1138 2227 1319 2302 φυγὴν
1375 2229 1535 2298 ἡμῶν
1597 2231 1877 2305 χειμῶνος
1943 2222 1981 2295 ἤ

331 2309 634 2379 Σαϐϐάτου,
666 2315 778 2375 καὶ.
811 2336 837 2368 ι
869 2315 1011 2371 Οὐαὶ
1065 2321 1185 2376 ταῖς
1242 2314 1295 2369 ἐν
1351 2316 1545 2390 γαστρὶ
1602 2316 1859 2390 ἐχούσαις
1928 2313 1980 2368 ἐν

332 2404 565 2464 ἐκείναις
593 2408 715 2464 ταῖς
755 2403 1008 2478 ἡμέραις,
1053 2427 1083 2455 ››
1142 2404 1217 2466 ὡς
1249 2403 1402 2478 εἴπερ
1463 2403 1547 2477 ἐφ’
1602 2406 1738 2476 ἡμῖν
1794 2403 1984 2478 προεί-

333 2512 487 2569 ρητο,
531 2494 700 2566 πέρας
732 2493 972 2570 ἀτεχνῶς
1032 2492 1274 2571 εἴληφεν.
1305 2493 1393 2553 Ὠς
1434 2492 1481 2547 δ’
1528 2494 1700 2547 ἱκανοὶ
1733 2495 1982 2564 συνήθεις

331 2584 417 2637 καὶ
461 2587 740 2655 συγγενεῖς
790 2583 878 2636 καὶ
938 2580 1153 2651 πλῆθος
1210 2581 1394 2656 ἓτερον
1450 2583 1587 2637 κατὰ
1642 2580 1763 2636 θέαν
1821 2585 1983 2655 ἡμῶν

335 2669 636 2746 συνδραμὸν
688 2678 788 2740 τῆς
846 2670 1068 2744 πορείας
1123 2670 1410 2746 εἰχόμεθα,
1469 2669 1550 2725 ἔπ’
1631 2668 1757 2741 ῗσης
1815 2672 1985 2746 ἀγορᾷ

345 2764 653 2835 μυρμήκων
755 2758 979 2822 διιόντες
1054 2762 1150 2821 τὰς
1235 2759 1510 2835 τριόδους,
1584 2763 1982 2834 προσυπήντων

334 2854 470 2923 ἡμῖν
532 2852 584 2905 οἱ
641 2849 884 2919 στρατοὶ,
938 2848 1046 2928 οὐχ
1102 2849 1442 2923 ὠπλισμένοι
1492 2849 1627 2924 πρὸς
1682 2844 1982 2924 ἀκρίϐειαν,

339 2940 615 3015 μαχαίρας
671 2936 717 2993 δ’
758 2939 1047 3010 ἐπιμήκεις
1103 2939 1248 3013 παρᾶ
1302 2937 1536 3012 πλευρὸν
1593 2937 1829 3015 πλάγιον
1888 2943 1985 2993 τοῦ

331 3031 504 3086 ἳππου
589 3029 952 3102 ἐξηρτημένοι
1015 3029 1106 3083 καὶ
1193 3026 1546 3107 παραξιφίδια
1615 3033 1736 3089 ταῖς
1795 3029 1989 3096 ζώναις

333 3120 576 3192 ένιέμενα
636 3120 910 3194 φέροντες,
969 3118 1023 3172 οἱ
1084 3119 1179 3190 μὶν
1236 3121 1343 3171 τῶν
1427 3116 1643 3171 σκύλων
1695 3114 1986 3194 ἔμφορτοι,

332 3212 381 3267 οἱ
452 3208 510 3264 δὲ
564 3207 692 3269 τοὺς
774 3206 1071 3279 παριόντας
1127 3205 1524 3285 αἰχμαλώτους
1591 3206 1989 3281 ἐξιχνιάζοντες

332 3300 377 3355 εἱ
464 3296 725 3373 λαμπρὰν
784 3296 982 3365 ἐσθῆτα
1039 3297 1369 3371 περίκεινται
1455 3294 1779 3371 διερρωγότι
1834 3316 1988 3371 περι-

330 3386 707 3459 στελλομένην
768 3390 967 3461 χιτῶνι
1007 3385 1042 3454 ἢ
1099 3390 1230 3459 γοῦν
1293 3384 1555 3460 ἀργύριον
1615 3387 1703 3441 καὶ
1764 3385 1991 3464 χρυσίον

332 3482 413 3549 τῷ
468 3475 668 3547 κόλπῳ
719 3474 1090 3539 ἐνθάπτουσιν,
1152 3475 1205 3528 οἱ
1280 3471 1338 3528 δέ
1392 3475 1481 3529 καὶ
1540 3480 1811 3549 γυναικῶν
1872 3481 1992 3537 ταῖς

335 3565 533 3623 κάλλει
593 3563 978 3642 διαφερούσαις
1040 3564 1319 3638 πεπηγόσι
1380 3562 1665 3638 βλέμμασι
1727 3561 1868 3637 μηδὲ
1898 3566 1996 3639 ῥᾳ-

342 3654 478 3717 δίως
559 3650 976 3726 ἀποσπωμένοις
1053 3650 1444 3722 ἐνατενίζοντες
1509 3653 1584 3715 ὡς
1669 3653 1994 3727 ἀρπάσοντες

343 3745 538 3800 αὐτίκα
595 3741 685 3799 καί
745 3741 1085 3817 βιασόμενοι.
1148 3741 1275 3817 Περὶ
1351 3749 1469 3804 ταῖς
1549 3742 1757 3815 γυναιξὶ
1816 3742 1994 3798 τοίνυν

344 3838 511 3907 ἡμεῖς
545 3830 815 3894 δείσαντες
842 3832 939 3893 τὰς
972 3832 1069 3904 μὲν
1098 3831 1173 3892 ὡς
1233 3831 1284 3887 ἐν
1342 3835 1496 3901 σηκῷ
1543 3836 1625 3903 τῷ
1660 3831 1807 3904 μέσῳ
1836 3835 1996 3904 ἡμῶν

342 3924 772 3998 ἀπειλήφειμεν,
828 3926 946 3981 ταῖς
1021 3917 1079 3974 δὲ
1165 3921 1395 3975 νεάνισιν
1450 3919 1831 3995 ἐπεσκήψαμεν
1913 3918 2001 3975 ἔν-

340 4014 635 4087 τρίψασθαι
667 4009 837 4082 πηλῷ
876 4008 942 4065 τὰ
969 4009 1238 4083 πρόσωπα
1293 4007 1589 4086 ἀντίῤῥοπα
1643 4014 1750 4064 τῶν
1805 4011 1996 4085 πρώην

338 4099 687 4170 κομμώσεων
741 4098 834 4151 καὶ
888 4097 982 4155 τὸν
1038 4099 1243 4170 πυρσὸν
1301 4097 1450 4152 οὕτω
1507 4092 1837 4152 κατασϐέσαι
1896 4101 2002 4151 τῶν

339 4193 605 4263 παρειῶν,
632 4185 726 4241 ’ίνα
769 4187 845 4258 μὴ
905 4186 982 4249 ὡς
1036 4184 1091 4241 ἐν
1146 4185 1296 4241 νυκτὶ
1351 4185 1840 4262 φρυκτωρούμενον
1894 4189 2001 4259 πῦρ

338 4274 695 4350 προκαλῆται
728 4275 857 4335 τοὺς
887 4270 1111 4336 ὁδευτὰς
1142 4278 1332 4348 πρῶτα
1393 4275 1488 4346 μὶν
1550 4273 1761 4339 θεατὰς,
1820 4271 2003 4328 ἔπειτα

341 4361 389 4418 δ’
447 4363 694 4439 ἐραστὰς,
776 4360 838 4417 ἐκ
890 4359 947 4417 δὲ
1000 4361 1200 4417 τούτου
1257 4361 1348 4416 καὶ
1424 4360 1667 4437 βιαστᾶς,
1726 4362 2004 4424 ἀνεύθυνον

341 4454 587 4528 ὁρῶντας
639 4452 701 4505 τὸ
755 4447 894 4505 ἴδιον
945 4450 1184 4521 θέλημα,
1244 4449 1359 4523 ἃμα
1407 4450 1498 4504 καὶ
1548 4454 1740 4525 χεῖρας
1766 4447 2004 4511 ἱκέτιδας

343 4541 585 4616 αἳροντες
642 4541 718 4602 εἰς
803 4540 936 4594 Θεὸν
993 4539 1083 4593 καὶ
1164 4540 1301 4612 μετὰ
1359 4542 1597 4617 συνοχῆς
1662 4536 1889 4613 καρδίας
1940 4539 2004 4593 τὸ

2095 1953 2377 2024 pugiones
2424 1949 2676 2022 cingulis
2734 1951 2985 2007 insertos
3040 1956 3445 2025 gestantibus;
3489 1976 3739 2030 quorum

2095 2042 2192 2098 alii
2222 2040 2519 2095 manubiis
2578 2041 2770 2096 onusti
2830 2049 3014 2108 erant,
3047 2044 3143 2098 alii
3197 2051 3611 2116 praetereuntes
3643 2068 3738 2108 ca-

2096 2132 2284 2202 ptivos
2302 2130 2769 2197 excutiebant,an
2797 2131 2906 2186 sub
2937 2132 3124 2189 lacera
3145 2136 3345 2192 tunica
3369 2138 3738 2208 splendidam

2092 2226 2314 2275 vestem
2344 2219 2599 2276 celarent
2655 2225 2757 2276 aut
2814 2228 3124 2292 argentum
3185 2240 3464 2284 aurumve
3512 2230 3570 2285 in
3605 2232 3741 2287 sinu

2095 2310 2475 2365 occultarent.
2533 2308 2644 2365 Alii
2702 2310 2975 2367 mulieres
3036 2312 3222 2369 forma
3271 2323 3613 2387 praestantes
3660 2321 3740 2377 ita

2095 2399 2298 2455 deﬁxis
2328 2397 2514 2453 oculis
2544 2399 2945 2467 intuebantur,
2979 2405 3143 2473 quasi
3178 2420 3310 2459 mox
3364 2423 3463 2462 eas
3505 2409 3570 2463 ad
3607 2415 3736 2466 stu-

2094 2503 2265 2560 prum
2300 2486 2521 2556 rapturi
2548 2491 2762 2541 essent.
2794 2488 2910 2543 Nos
2968 2490 3148 2559 igitur
3208 2493 3507 2563 mulieres,
3538 2514 3740 2555 earum

2095 2585 2389 2658 pudicitiae
2420 2588 2765 2650 metuentes,
2798 2585 2858 2639 in
2893 2588 3150 2643 medium
3208 2606 3414 2661 agmen
3458 2597 3737 2665 tanquam

2095 2676 2153 2728 in
2211 2671 2358 2727 ovile
2410 2672 2754 2743 recepimus,
2813 2673 3277 2732 adolescentulus
3358 2695 3491 2735 vero
3578 2699 3741 2741 emno

2096 2762 2296 2818 faciem
2328 2759 2554 2815 illinere
2588 2765 2650 2815 ut
2680 2762 2901 2832 pridem
2955 2763 3123 2831 fucis,
3157 2771 3330 2838 atque
3360 2768 3440 2823 ita
3471 2771 3740 2829 ruborem

2095 2866 2377 2922 genarum
2407 2850 2773 2920 exstinguere
2797 2851 3101 2921 jussimus,
3135 2871 3205 2910 ne
3238 2855 3432 2912 formae
3470 2867 3742 2919 venustas

2097 2938 2405 3010 principio,
2439 2942 2502 2993 ut
2553 2937 2802 2994 viatores
2861 2944 3033 2995 noctu
3083 2942 3273 2999 elatus
3303 2946 3474 3015 ignis,
3508 2954 3733 3019 specta-

2099 3033 2273 3094 tores,
2306 3028 2517 3081 deinde
2549 3033 2857 3099 amatores,
2913 3035 3209 3099 postremo
3256 3039 3516 3106 raptores
3543 3037 3738 3095 allice-

2100 3124 2209 3186 ret,
2243 3132 2375 3172 cum
2409 3117 2522 3171 sibi
2550 3117 2724 3174 licere
2764 3120 3031 3176 viderent
3077 3123 3294 3179 omnia.
3339 3126 3576 3183 Interim
3610 3145 3747 3201 sup-

2102 3207 2280 3277 plices
2308 3206 2420 3279 ipsi
2471 3223 2684 3264 manus
2734 3210 2804 3263 ad
2850 3208 3033 3265 Deum
3076 3213 3479 3283 tendebamus,
3513 3217 3748 3275 afﬂictis

2101 3298 2317 3353 animis
2346 3299 2578 3367 pectora
2609 3296 2955 3368 plangentes
2979 3305 3037 3355 et
3058 3302 3258 3358 oculos
3282 3303 3538 3375 rigantes
3571 3306 3752 3379 lacry-

2102 3388 2231 3454 mis,
2262 3389 2309 3442 si
2342 3403 2455 3459 quo
2488 3388 2660 3442 modo
2683 3391 3195 3448 omnesimmanes
3246 3394 3386 3450 istas
3423 3397 3577 3453 feras
3603 3398 3748 3453 salvi

2099 3480 2155 3532 et
2212 3475 2491 3531 inviolata
2547 3476 2834 3545 pudicitia
2882 3480 3283 3536 evaderemus.
3346 3486 3487 3539 Cum
3547 3491 3744 3542 autem

2100 3565 2270 3620 nobis
2292 3581 2393 3636 per
2423 3571 2671 3620 Auream
2707 3571 2931 3636 portam
2983 3572 3313 3626 exeundum
3365 3576 3538 3640 esset,
3574 3578 3639 3630 ut
3670 3577 3740 3630 ad

2101 3653 2301 3726 inclyti
2335 3654 2603 3725 martyris
2625 3654 2790 3710 Mocii
2824 3657 3004 3711 aedem
3064 3658 3355 3729 venimus,
3388 3661 3648 3716 insolens
3689 3668 3744 3718 et

2103 3743 2362 3798 nefarius
2386 3743 2619 3812 quidam
2644 3743 2927 3799 barbarus
2948 3745 3098 3801 780
3120 3746 3372 3818 puellam
3405 3749 3745 3822 formosam,

2099 3831 2316 3903 judicis
2344 3832 2649 3901 cujusdam
2677 3831 2879 3897 ﬁliam,
2906 3850 2937 3888 e
2959 3835 3152 3890 medio
3176 3841 3440 3891 nostrum
3475 3842 3751 3909 tanquam

2104 3921 2279 3990 lupus
2310 3934 2517 3987 agnam
2559 3919 2796 3989 abripit.
2858 3921 2981 3983 Quo
3042 3924 3370 3980 miserrimo
3428 3929 3759 3997 spectaculo

2104 4013 2262 4063 totus
2293 4012 2476 4061 coetus
2500 4011 2698 4062 noster
2721 4014 3130 4066 consternatus
3161 4011 3546 4083 exclamavit;
3593 4015 3759 4086 puel-

2109 4096 2175 4151 lae
2204 4112 2340 4151 vero
2360 4101 2539 4165 pater,
2571 4096 2736 4150 senio
2765 4100 2820 4151 et
2854 4098 3055 4154 morbo
3086 4100 3361 4169 afﬂictus,
3391 4107 3518 4158 tum
3583 4106 3756 4161 etiam

2108 4186 2168 4242 in
2191 4201 2420 4241 omnum
2449 4186 2753 4255 prolapsus
2780 4202 2847 4240 ac
2869 4190 3531 4264 contaminatus,jacens
3558 4198 3756 4251 crebro

2110 4291 2205 4330 me
2232 4279 2517 4345 tanquam
2560 4272 2841 4330 ﬁculnum
2897 4278 3233 4347 praesidium
3290 4284 3647 4353 intuebatur,
3703 4290 3761 4340 et

2111 4362 2453 4419 nominatim
2512 4362 2717 4418 orabat
2776 4370 2833 4418 ut
2891 4367 3003 4421 sibi
3067 4384 3166 4437 pro
3211 4368 3363 4425 virili
3402 4372 3470 4426 ad
3505 4373 3759 4444 puellam

2111 4454 2568 4522 recuperandam
2626 4452 2966 4523 adjumento
3019 4471 3235 4512 essem.
3307 4460 3509 4530 Itaque
3566 4462 3764 4517 statim

2113 4557 2432 4597 conversus
2462 4541 2704 4612 vestigia
2736 4545 2988 4614 raptoris
3037 4561 3375 4617 persequor,
3409 4564 3542 4603 cum
3590 4549 3772 4623 lacry-

341 4638 545 4699 στῆθος
575 4629 864 4690 τύπτοντες
923 4627 1015 4682 καὶ
1073 4625 1332 4703 δακρύοις
1383 4627 1449 4682 τὰ
1514 4625 1741 4700 ὄμματα
1794 4628 1991 4701 τέγγονι

2118 4631 2231 4685 mis
2260 4630 2375 4684 vim
2402 4631 2615 4685 factam
2649 4630 3038 4701 proclamans,
3073 4637 3128 4688 et
3179 4615 3547 4705 supplicibus
3594 4615 3767 4706 gesti-

340 4740 451 4787 τες,
510 4716 563 4774 εἶ’
642 4738 760 4779 πως
828 4717 1060 4779 ἅπαντες
1128 4716 1220 4773 καὶ
1302 4721 1471 4771 πᾶσαι
1554 4717 1681 4777 τοὺς
1745 4716 2009 4789 ώμηστᾶς

341 4807 578 4868 ἐκείνους
635 4809 803 4881 θῆρας
891 4807 1171 4880 σχοίημεν
1251 4801 1635 4875 ἀδιαλώϐητοι
1695 4802 2008 4875 παρελθεῖν.

340 4894 495 4953 ’Έδει
553 4894 611 4950 δὲ
672 4893 765 4949 διὰ
821 4902 920 4963 τῆς
965 4894 1231 4968 Χρυσείας
1290 4894 1476 4964 πύλης
1549 4895 1702 4967 ἡμᾶς
1755 4893 2009 4964 ἐξελθεῖν,

344 4994 434 5047 Ὠς
493 4982 549 5040 δὲ
580 4984 705 5058 περὶ
761 4984 855 5038 τὸν
912 4983 1044 5038 νεὼν
1107 4985 1316 5057 ἥκομεν
1374 4982 1604 5039 Μωκίου
1660 4986 1757 5037 τοῦ
1814 4981 2012 5038 καλλι-

354 5077 661 5150 μάρτυρος,
722 5068 987 5148 ὓϐριστής
1035 5073 1128 5128 καὶ
1182 5073 1401 5135 ἀνόσιος
1459 5067 1736 5148 βάρϐαρος
1795 5072 1870 5134 ὡς
1950 5071 2013 5126 ἂ-

348 5164 529 5238 μνάδα
584 5164 751 5225 λύκος
809 5163 871 5218 ἐκ
958 5163 1135 5236 μέσων
1206 5165 1369 5237 ἡμῶν
1453 5162 1754 5238 ἀφαρπάζει
1839 5163 2009 5234 κόρην

344 5255 731 5326 εὐπλόκαμον,
787 5252 932 5314 τινὸς
992 5257 1101 5308 τῶν
1157 5249 1246 5306 ἐπὶ
1304 5256 1386 5322 τῷ
1429 5248 1665 5321 δικάζειν
1699 5251 2012 5326 θυγάτριον.

340 5346 490 5418 Πρὸς
554 5346 655 5412 τήν
711 5342 1071 5415 οἰκτροτάτην
1130 5342 1315 5397 τοίνυν
1372 5343 1592 5410 ταυτηνί
1651 5340 1770 5395 θέαν
1828 5342 1862 5409 ἡ
1915 5340 2009 5410 μὲν

346 5431 575 5488 συνοδία
605 5437 752 5487 πᾶσι
785 5428 1196 5506 διαθροηθέντες
1254 5425 1635 5501 ἐξεϐοήσαμεν,
1670 5429 1697 5482 ὁ
1747 5426 1805 5483 δὲ
1832 5428 2011 5498 πατήρ

338 5526 444 5586 τῆς
486 5519 682 5582 παιδὸς
739 5522 887 5595 γήρᾳ
942 5520 1032 5574 καὶ
1091 5519 1236 5590 νόσῳ
1285 5515 1726 5596 τετρυχωμένος,
1784 5515 1906 5570 τότε
1958 5512 2014 5568 δὲ

341 5611 435 5664 καὶ
471 5609 703 5690 σφαλεῖς
755 5611 893 5664 κατὰ
948 5607 1254 5679 πέλματος,
1309 5605 1718 5682 ὀλοφυρόμενος
1775 5604 1865 5658 καὶ
1936 5607 2014 5674 τῷ

341 5698 513 5772 πηλῷ
571 5697 883 5780 φυρόμενος
943 5694 1185 5772 δόχμιος
1239 5695 1441 5765 ἓκειτο,
1502 5694 1578 5758 ὡς
1655 5693 1732 5755 εἷς
1791 5691 2015 5763 συκίνην

2124 4720 2229 4774 bus
2262 4733 2426 4788 opem
2472 4721 2947 4789 praetereuntium
2991 4720 3243 4777 militum
3290 4720 3635 4794 implorans,
3667 4727 3768 4797 qui

2121 4809 2337 4881 linguae
2368 4812 2579 4863 nostra
2612 4825 2728 4863 non
2760 4810 2932 4879 plane
2957 4813 3131 4866 rudes
3164 4817 3349 4882 erant,
3374 4818 3768 4884 quorumdam

2121 4898 2296 4953 etiam
2328 4895 2603 4951 manibus
2646 4896 3033 4968 prehensatis.
3091 4901 3162 4955 Et
3215 4902 3309 4957 vix
3366 4906 3647 4974 quosdam
3700 4908 3770 4963 ad

2126 4985 2676 5042 commiserationem
2711 4986 2794 5040 ita
2824 4986 2974 5051 ﬂexi,
3010 4994 3074 5044 ut
3125 4990 3523 5063 impudentem
3560 4999 3616 5051 et
3646 4997 3782 5051 libi-

2126 5075 2399 5129 dinosum
2433 5072 2599 5127 illum
2633 5073 2860 5128 hircum
2898 5075 3098 5132 ulcisci
3162 5080 3459 5150 cupientes
3511 5101 3543 5138 a
3587 5101 3679 5139 me
3711 5087 3781 5140 ad

2124 5164 2275 5218 aedes
2300 5161 2431 5216 illas
2479 5162 2961 5232 perducerentur.
2996 5168 3118 5232 Quo
3165 5184 3297 5223 cum
3334 5174 3567 5227 ventum
3603 5178 3780 5245 esset,

2124 5253 2482 5308 mulierosus
2503 5250 2602 5306 ille
2619 5251 2840 5321 virgine
2863 5254 3197 5313 introducta
3220 5257 3277 5313 in
3312 5260 3536 5315 foribus
3561 5264 3777 5333 stabat,

2124 5347 2190 5397 ut
2220 5340 2389 5411 siqui
2437 5342 2555 5394 vim
2620 5342 2827 5396 facturi
2885 5350 3100 5413 essent,
3159 5363 3258 5403 eos
3301 5348 3626 5419 repelleret.
3663 5352 3777 5423 Ego

2125 5447 2255 5485 vero
2288 5428 2473 5498 digito
2500 5445 2633 5484 eum
2666 5440 3208 5504 commonstrans,«
3232 5438 3366 5506 Iste,
3394 5459 3420 5486 »
3443 5438 3704 5510 inquam,
3744 5464 3766 5491 ι

2121 5520 2249 5574 luce
2275 5518 2694 5585 testeinjurius
2717 5525 2920 5577 vestra
2946 5525 3265 5581 nobilitatis
3302 5526 3488 5581 edicta
3519 5532 3773 5584 contem-

2126 5607 2256 5679 psit.
2287 5605 2430 5659 781
2458 5604 2573 5660 Vos
2594 5607 2748 5661 enim
2773 5609 3058 5682 edixistis,
3093 5614 3162 5667 de
3211 5614 3533 5683 conjugatm
3568 5614 3774 5669 mulie-

2125 5695 2209 5752 ris
2231 5698 2331 5751 aut
2347 5691 2591 5765 virginis
2611 5698 2714 5751 aut
2733 5695 3014 5757 dedicatae
3065 5706 3177 5757 Deo
3227 5699 3430 5771 puellas
3463 5701 3551 5755 vel
3582 5701 3779 5769 impu-
