4120 6284
388 311 505 369 977

1841 313 2039 373 URBS
2083 313 2361 374 CAPTA.

3688 322 3808 381 978

391 445 478 499 καὶ
513 443 733 518 βασιλὶς
778 446 870 517 μὲν
935 449 1046 501 τῶν
1108 444 1428 521 βασιλίδων,
1483 445 1724 515 πόλεων,
1785 444 1929 517 ὂίσμα
1989 444 2029 501 δῖ

2154 464 2377 518 eorum,
2405 446 2682 518 splendor
2710 447 3112 519 splendorum,
3145 454 3203 505 et
3233 451 3408 508 rebus
3462 452 3594 508 visu
3648 456 3803 511 783

394 533 651 605 ᾀσμάτων
706 535 796 588 xii
851 534 1178 609 λαμπρότης
1279 533 1710 610 λαμπροτήτων,
1776 536 1866 590 καὶ
1940 541 2047 590 τῶν

401 622 641 676 σπανίων
717 631 970 698 πανταχῆ
1049 623 1332 697 θεαμάτων
1411 625 1772 699 σπανιώτερον
1848 623 2046 698 ὅραμα,

397 713 481 772 τίς
511 711 539 765 ὀ
573 709 873 773 διασπάσας
911 716 1060 785 ἡμᾶς
1093 713 1199 767 ἀπὸ
1233 719 1330 768 σοῦ
1383 714 1460 777 ὡς
1514 714 1573 769 ἐκ
1619 714 1826 788 μητρὸς
1881 711 2050 784 φίλης

393 801 550 859 τέκνα
583 803 891 882 φιλούμενα
919 827 932 876 ;
965 806 1106 866 τίνες
1139 806 1426 882 γενοίμεθα
1453 826 1466 875 ;
1518 813 1615 861 ποῖ
1665 808 2044 881 τραποίμεθα;

391 894 551 948 ποίαν
609 896 945 968 παραψυχὴν
1007 893 1256 968 εὕροιμεν
1308 896 1530 971 γυμνοὶ,
1591 897 1665 957 ὡς
1724 895 1784 950 ἐκ
1831 895 2049 957 κοιλίας

395 984 604 1057 μητρὸς
629 989 737 1038 τῶν
771 988 879 1038 σῶν
931 984 1316 1046 ἐκσπασθέντες
1366 983 1614 1052 κόλπων,
1663 986 1749 1040 καὶ
1800 985 2045 1061 φανέντες

387 1075 515 1145 παρ’
565 1066 738 1127 ἔθνεσι
792 1073 982 1148 κιθάρα
1038 1076 1128 1129 καὶ
1189 1072 1510 1150 θρύλΛημά,
1573 1071 1798 1152 ἀδελφοὶ
1855 1076 2047 1148 Σειρή-

597 1161 801 1236 ἐταῖροι
897 1164 1196 1237 στρουθῶν,
1297 1163 1388 1217 καὶ
1491 1163 1874 1236 ψωμιζόμενοι
1953 1164 2046 1234 μὲν

385 1250 639 1325 ἀνάγκας,
703 1250 852 1327 ὕδωρ
909 1248 965 1306 δὲ
1039 1251 1223 1329 χολῆς
1298 1253 1695 1324 ποτιζόμενοι;
1773 1254 1913 1307 Πότε
1988 1274 2045 1307 σε

386 1338 683 1411 θεασόμεθα
716 1341 826 1414 οὐχ
858 1341 931 1402 ὡς
961 1345 1052 1395 νῦν
1085 1339 1269 1396 πεδίον
1321 1342 1625 1420 ἀφανισμοῦ
1669 1343 1760 1397 καὶ
1811 1339 2045 1397 κοιλάδα

383 1427 747 1501 κλαυθμῶνος
799 1429 887 1484 καὶ
935 1431 1282 1503 πατουμένην
1338 1431 1442 1484 ὑπὸ
1491 1430 1890 1506 στρατοπέδων,
1937 1430 2041 1486 εἴτε

392 1521 499 1592 μήν
559 1517 988 1591 ἐξουθενημένην
1046 1521 1132 1574 καὶ
1190 1521 1532 1593 ἀπωσμένην.
1617 1521 1744 1575 ἀλλ’
1799 1521 2044 1594 ἐξαιρου-

391 1607 555 1681 μένην
586 1609 679 1663 καὶ
710 1608 1049 1682 σωζομένην,
1095 1609 1185 1664 καὶ
1233 1611 1714 1683 προσκυνουμένην
1768 1610 1878 1664 ὑπὸ
1929 1616 2038 1665 τῶν

386 1699 834 1753 ταπεινωσάντων
899 1719 956 1753 σε
1011 1699 1102 1754 καὶ
1150 1701 1562 1774 παροξυνάντων
1621 1721 1698 1767 σε,
1749 1699 1838 1753 καὶ
1896 1701 2041 1774 γάλα

390 1183 521 1230 νων,

2162 538 2308 592 raris
2325 537 2720 609 spectaculum
2753 539 2962 608 rarius,
2997 540 3130 609 quis
3176 558 3280 596 nos
3303 548 3406 595 ate
3433 543 3647 597 avulsit
3681 552 3805 600 uta

2158 644 2293 683 cara
2334 638 2517 683 matre
2574 646 2739 683 carus
2789 630 3047 683 liberos?
3102 631 3202 701 qui
3251 633 3514 687 erimus?
3549 652 3664 704 quo
3699 653 3804 689 nos

2157 722 2448 772 vertamus
2471 718 2497 772 ‘I
2529 735 2702 787 quam
2736 718 3192 774 consolationi-em
3256 723 3625 792 inxeniemus,
3663 725 3802 777 nudi

2157 823 2191 861 a
2221 811 2322 863 tuo
2350 810 2478 862 sinu
2514 816 2578 863 ut
2609 826 2677 864 ex
2731 815 2893 865 utero
2954 811 3156 866 matris
3188 813 3372 865 avulsi
3399 814 3426 866 ‘I
3455 818 3688 884 quando
3750 825 3803 868 te

2156 897 2570 967 spectabimus,
2603 915 2718 953 non
2751 899 2923 953 talem
2958 900 3150 968 qualis
3197 918 3351 956 nunc
3411 918 3493 966 es,
3529 920 3801 974 campum

2155 987 2680 1054 vastitatis,vallem
2714 987 2932 1056 luctus,
2979 989 3369 1044 conculcatam
3425 992 3497 1046 ab
3537 994 3804 1048 exerciti-

2155 1075 2289 1143 bus,
2317 1077 2614 1132 redactam
2648 1079 2718 1132 ad
2736 1077 2989 1132 nihilum
3024 1087 3077 1133 et
3100 1080 3485 1151 proﬂigatam,
3511 1082 3613 1136 sed
3643 1083 3801 1137 exal-

2153 1167 2333 1219 tatam
2364 1169 2422 1220 et
2466 1165 2842 1233 incolumem,
2877 1173 2934 1221 et
2984 1166 3339 1223 adorandam
3374 1170 3444 1223 ab
3496 1171 3568 1226 iis
3614 1171 3712 1241 qui
3748 1175 3802 1226 te

2153 1256 2567 1328 depresserunt
2597 1262 2655 1312 et
2675 1257 3001 1327 irritarunt,
3036 1263 3090 1312 et
3116 1260 3267 1314 bona
3299 1261 3561 1330 gentium
3584 1278 3800 1332 sugen-

2153 1351 2352 1414 tem,et
2368 1347 2599 1400 divitias
2620 1363 2822 1418 regum
2847 1353 2909 1400 ut
2933 1352 3066 1401 ante
3105 1350 3500 1404 comedentem
3518 1351 3544 1404 ‘i
3562 1353 3801 1420 quando

2153 1436 2410 1502 tandem,
2442 1442 2505 1491 ut
2536 1436 2746 1491 ﬁculna
2772 1437 2906 1490 folia
2930 1441 2986 1491 et
3031 1437 3298 1506 pelliceas
3343 1441 3597 1506 tunicas,
3647 1441 3800 1496 lace-

2153 1539 2248 1579 ros
2272 1526 2415 1580 istos
2441 1542 2663 1595 pannos
2689 1542 2793 1580 nec
2845 1532 3028 1579 totum
3082 1543 3292 1595 corpus
3333 1529 3667 1597 obtegcntes
3697 1530 3800 1582 ab-

2146 1617 2417 1690 jiciemus
2436 1616 2462 1670 ‘?
2485 1617 2700 1684 quibus
2722 1632 2828 1670 nos
2852 1617 3082 1670 barbari
3105 1623 3164 1670 ut
3188 1617 3448 1672 insidiosi
3472 1625 3794 1689 serpentes,

2152 1708 2305 1762 mala
2328 1705 2637 1775 conjuncta
2659 1706 2936 1759 etinfesta
2954 1707 3620 1778 ctrcumdederunt‘Iage
3643 1725 3796 1774 vero,

387 1787 550 1842 ἐθνῶν
583 1787 929 1858 θηλάζουσαν
957 1791 1047 1842 καὶ
1104 1787 1343 1843 πλοῦτον
1404 1787 1670 1864 βασιλέων
1722 1789 1796 1851 ὡς
1844 1790 2029 1863 πρώην

389 1872 440 1891 ,ιη
738 1877 748 1891 ,
849 1875 890 1891 κ,
1012 1877 1026 1891 .
1093 1879 1106 1891 .
1255 1877 1334 1891 ,η
1548 1886 1574 1891 _
1731 1879 1744 1891 .
1898 1883 1925 1891 _

2153 1797 2292 1852 urbs
2315 1794 2709 1863 sanctissima,
2745 1792 2968 1865 placato
2991 1794 3194 1853 Deum.
3231 1798 3524 1865 praetende
3556 1796 3796 1866 templa,

386 1872 648 1946 ἕδουσαν;
681 1877 812 1932 πότε
846 1875 902 1932 δὲ
941 1877 1028 1933 καὶ
1078 1879 1150 1942 ὡς
1202 1877 1385 1954 φύλλα
1443 1886 1609 1948 συκῆς
1656 1879 1747 1933 καὶ
1794 1883 2035 1953 χιτῶνας

385 1965 740 2042 δερματίνους
806 1965 1232 2040 άποϐαλοόμεθα
1288 1969 1350 2023 τὸ
1424 1967 1576 2045 ῥικνὰ
1648 1972 1816 2023 ταῦτα
1895 1967 2030 2044 ῥάκη

380 2057 469 2112 καὶ
505 2055 648 2130 μηδὲ
694 2062 791 2113 τοῦ
838 2059 1038 2120 παντὸς
1097 2059 1449 2132 ἐξικνούμενα
1489 2059 1762 2131 σώματος,
1812 2058 1846 2112 ἀ
1893 2061 2032 2132 ἡμῖν

380 2147 690 2221 περιέθεντο
747 2149 799 2202 οἱ
858 2143 1149 2203 ἐπίϐουλοι
1203 2149 1276 2210 ὠς
1355 2145 1502 2223 ὄφεις
1579 2147 1913 2228 ἀλλόφυλοι,
1966 2149 2035 2203 τὰ

379 2235 603 2290 σύνοικα
663 2238 800 2309 ἡμῖν
856 2239 991 2292 κατά
1046 2238 1136 2292 καὶ
1214 2234 1479 2294 ἐπίϐουλα
1557 2238 1646 2293 καὶ
1727 2235 2029 2310 βαρόζηλα,

379 2323 777 2398 ἐπενδυσόμεθα
837 2325 882 2382 δ’
950 2329 1105 2392 αὖθις
1152 2328 1281 2390 τοὺς
1341 2329 1389 2398 ἐξ
1452 2330 1589 2406 ὑφῆς
1639 2327 2031 2402 στιλπνοτέρας

381 2417 470 2470 καὶ
527 2415 839 2491 χλιδῶντας
898 2423 1160 2497 χιτῶνας,
1223 2419 1314 2481 οὕς
1372 2421 1564 2493 πρώην
1617 2417 2028 2494 περιεκείμεθα;

381 2502 535 2560 Ἀλλ’
567 2505 753 2560 ’ἰλασαν
797 2507 952 2574 Θεὸο,
983 2505 1259 2581 άγιωτόίτη
1309 2510 1420 2560 τῶτ
1462 2504 1700 2560 πόλεων”
1745 2501 2032 2580 προϐαλοῦ

381 2595 500 2656 τεὺς
528 2595 683 2663 νεὼς,
724 2595 788 2649 τά
838 2599 946 2649 τῶν
1010 2595 1299 2670 μαρτύρων
1358 2593 1679 2668 λειπόμενα,
1736 2596 1833 2656 τὰς
1891 2615 2033 2668 συμ-

384 2685 551 2761 φορὰς
585 2684 774 2750 αὐτὰς,
818 2687 926 2739 τῶν
973 2684 1338 2760 πειρατηρίων
1396 2686 1458 2738 τὸ
1518 2685 1766 2759 μέγεθος,
1825 2683 1900 2737 ὧν
1955 2683 2032 2744 εἷς

385 2774 546 2845 κόρον
602 2773 963 2847 μετέσχηκας,
1024 2771 1276 2849 ἀνδράσιν
1336 2773 1570 2835 ἀνοσίοις
1624 2771 1903 2836 ἐκδοθεῖσα
1959 2773 2033 2835 εἰς

380 2862 648 2936 πύρωσιν.
727 2860 1079 2918 Ἐπικάλεσαι
1142 2864 1246 2936 γάρ
1326 2883 1414 2935 με,
1491 2863 1676 2940 φησὶν,
1754 2860 1805 2914 ἐν
1853 2861 2035 2935 ἡμέρᾳ

377 2950 615 3024 θλίψεώς
673 2971 792 3024 σου,
849 2950 941 3005 καὶ
995 2949 1284 3023 ἐξελοῦμαί
1327 2971 1405 3018 σε,
1475 2951 1564 3006 καὶ
1635 2948 1872 3020 δοξάσεις
1945 2971 2031 3023 με.

373 3041 511 3114 Ἀρα
541 3037 598 3095 δὲ
637 3043 936 3114 προσθήσω
966 3041 1054 3094 καὶ
1107 3040 1183 3103 εἷς
1227 3039 1285 3094 σέ
1332 3061 1466 3095 ποτε
1512 3035 1832 3114 ἐπιϐλέψαι,
1885 3061 2033 3112 παμ·

379 3128 592 3204 μέγιστε
650 3131 737 3184 ναὶ
797 3129 886 3184 καὶ
962 3130 1220 3195 θειότατε,

2149 1891 2470 1956 martyrum
2530 1883 2825 1952 reliquias,
2879 1883 3039 1953 ipsas
3096 1885 3475 1954 calamitates,
3537 1886 3792 1941 cladium

2147 1975 2610 2046 magnitudinem
2647 1973 2862 2040 quibus
2894 1989 2955 2028 es
2977 1991 3274 2043 Oppressa,
3307 1975 3540 2031 nefariis
3558 1976 3696 2030 viris
3722 1977 3792 2031 ad

2144 2065 2575 2120 incendendum
2608 2063 2763 2116 data.
2785 2062 2963 2117 Jubet
2979 2064 3136 2116 enim
3164 2065 3417 2119 invocari
3443 2081 3503 2119 se
3535 2069 3795 2136 tempore

2144 2153 2509 2210 necessitatis
2537 2156 2688 2206 tuis:
2752 2168 2886 2207 nam
2946 2152 3066 2206 fore
3123 2156 3188 2206 ut
3218 2152 3340 2223 ipse
3373 2158 3427 2208 te
3468 2153 3698 2224 eripiat,
3732 2158 3791 2208 tu

2142 2260 2276 2299 vero
2299 2260 2434 2298 eum
2455 2243 2678 2297 laudes.
2699 2240 3020 2311 Numquid,
3045 2241 3327 2312 templum
3360 2243 3796 2313 amplissimum

2141 2331 2938 2401 etdivinissimum,unquam
2963 2331 3208 2402 posthac
3232 2335 3288 2386 te
3322 2332 3548 2399 videbo,
3582 2332 3792 2387 coelum

2141 2429 2458 2489 terrenum,
2491 2421 2692 2477 solium
2750 2420 2901 2475 784
2922 2420 3114 2488 gloriae
3173 2421 3289 2487 Dei,
3322 2421 3632 2476 cherubice
3666 2439 3790 2477 cur-

2142 2528 2263 2577 rus,
2293 2511 2730 2564 ﬁrmamentum
2764 2507 3326 2574 alterum,fabricam
3371 2526 3650 2564 manuum
3687 2510 3789 2565 Dei

2141 2600 2521 2665 annuntians,
2555 2595 2949 2668 spectaculum
2984 2602 3039 2651 et
3067 2597 3788 2668 opussingulareﬁrmum

2142 2689 2420 2744 universas
2453 2695 2617 2742 terrae
2645 2685 2869 2742 decus?
2928 2690 2984 2740 et
3041 2687 3177 2756 quis
3207 2691 3297 2739 est
3328 2691 3427 2756 qui
3460 2686 3789 2756 pollicetur,

2143 2775 2257 2831 nisi
2288 2775 2338 2829 is
2369 2776 2529 2829 solus
2559 2790 2633 2843 qu
2693 2773 2754 2826 in
2801 2781 3006 2841 suopte
3067 2771 3352 2841 supplicio
3413 2777 3689 2842 tentatus,
3722 2775 3794 2828 iis

2142 2861 2243 2933 qui
2266 2865 2584 2926 tentantur,
2638 2874 2980 2913 succurrere
3039 2857 3288 2913 didicit?
3318 2858 3415 2928 qui
3460 2860 3687 2930 inopem
3727 2876 3795 2914 ex

2146 2968 2322 3008 manu
2365 2950 2669 3005 fortiorum
2703 2953 2760 3004 et
2793 2964 3104 3020 pauperem
3127 2953 3183 3003 et
3207 2949 3540 3004 mendicum
3566 2968 3598 3004 a
3648 2967 3794 3021 prae-

2145 3039 2443 3097 datoribus
2473 3039 2664 3107 eripit,
2701 3037 2800 3108 qui
2833 3037 3030 3093 omnia
3085 3037 3224 3093 facit
3255 3054 3321 3093 ac
3357 3038 3608 3094 subinde
3639 3055 3794 3094 com-

1310 3127 1504 3204 οὺρανέ
1568 3128 1796 3203 ἐπίγειε,
1857 3131 2015 3204 θρόνε
2046 3116 2088 3182 C
2131 3135 2317 3187 mutat
2349 3129 2407 3183 in
2442 3128 2675 3184 melius.

375 3217 537 3289 δόξης
593 3224 748 3289 Θεοῦ,
796 3215 1127 3293 Χερουῦικὸν
1179 3215 1397 3294 ὄχημα,
1458 3217 1736 3293 στερέωμα
1787 3217 2058 3294 δεύτερον,
2116 3216 2392 3294 ἀγγέλλον
2445 3217 2543 3284 τὴν
2596 3220 2701 3270 τῶν
2761 3220 2966 3290 χειρῶν
3025 3219 3158 3270 Θεοῦ
3207 3215 3454 3288 ποίησιν,
3491 3215 3665 3288 θέαμα
3697 3217 3787 3271 καὶ

374 3307 528 3384 ἔργον
578 3305 821 3363 ἐναδικὸν
869 3309 960 3363 καὶ
1009 3307 1220 3382 εὕριζον
1266 3308 1441 3379 πάσης
1497 3311 1596 3374 τῆς
1646 3311 1748 3384 γῆς
1797 3307 2157 3384 ἃγαλλίαμα;
2213 3307 2310 3361 Καὶ
2359 3305 2440 3367 τίς
2485 3307 2513 3360 ὁ
2563 3304 3054 3380 ἐπαγγαλλόμενος
3105 3306 3150 3360 si
3201 3309 3277 3379 μή
3337 3305 3502 3378 μόνος
3552 3308 3578 3360 ὁ
3621 3306 3671 3360 έν
3703 3310 3786 3370 οἷς

373 3400 606 3454 πέπονθε
652 3399 959 3472 πειρασθεὶς
1015 3405 1133 3460 τοῖς
1181 3397 1596 3473 πειραζομένοις
1651 3399 1871 3473 βοηθεῖν
1925 3397 2302 3470 ἐπιστάμενος,
2354 3397 2443 3450 καὶ
2498 3395 2761 3469 ῥυόμενος
2815 3397 3039 3469 πτωχὸν
3097 3396 3156 3450 ἐκ
3205 3398 3393 3471 χειρὸς
3421 3395 3782 3472 στεῤῥοτέρων

373 3490 540 3544 αὐτοῦ
579 3488 668 3542 καὶ
699 3489 923 3562 πτωχὸν
947 3487 1037 3542 καὶ
1067 3488 1273 3557 πένητα
1323 3487 1430 3542 ἀπὸ
1458 3489 1565 3542 τῶν
1633 3485 2040 3563 διαρπαζόντων
2080 3487 2264 3556 αὐτὸν,
2321 3486 2412 3540 καὶ
2470 3490 2646 3539 ποιῶν
2677 3486 2850 3540 πάντα
2881 3485 2970 3540 καὶ
3004 3488 3412 3559 μετασκευάζων
3441 3487 3520 3539 ἀεὶ
3553 3487 3689 3560 πρὸς
3718 3487 3779 3540 τὸ

412 3577 594 3633 έλτιον
621 3597 635 3646 ;
670 3601 698 3628 »

440 3668 501 3737 ε’,
559 3667 717 3722 Ταῦτ’
787 3665 836 3737 ἐξ
905 3665 1241 3741 ὑπεράντλου
1305 3672 1424 3728 ταῖς
1490 3664 1764 3741 ἀχθηδόσι
1833 3670 2018 3741 ψυχῆς

364 3756 694 3818 κενώσαντες
734 3755 1097 3829 πορευόμενοι
1158 3755 1550 3830 ἐπορευόμεθα,
1592 3754 1876 3818 κλαίοντες
1931 3755 2019 3808 καὶ

368 3847 668 3921 βάλλοντες
725 3845 856 3910 τοὺς
911 3849 1142 3920 θρήνους
1199 3847 1274 3910 ὡς
1332 3848 1634 3921 σπέρματα.
1695 3846 1755 3903 Ei
1817 3845 1874 3900 δὲ
1929 3846 2020 3900 καὶ

364 3935 659 4011 ἐρχόμενοι
715 3937 940 4009 ἥξομεν,
999 3936 1242 4008 α’ἰροντες
1297 3937 1348 3991 ἐν
1419 3935 1744 4010 ἀγαλλιάσει
1809 3936 1875 3989 τὰ
1919 3937 2019 4001 τῆς

368 4025 685 4100 δεξιωτέρας
715 4025 1071 4088 ἀλλοιώσεως
1132 4023 1440 4101 δράγματα,
1491 4024 1666 4100 δῶρον
1693 4029 1855 4080 τοῦτο
1887 4029 2019 4079 Θεοῦ

367 4122 464 4172 τοῦ
493 4114 944 4190 παρακαλοῦντος
1002 4116 1130 4176 τοὺς
1191 4113 1567 4192 ὀλιγοψύχους
1624 4113 1712 4168 καὶ
1746 4114 2018 4188 σωτηρίου

367 4203 738 4280 περιτιθέντος
790 4206 1008 4278 ἱμάτιον
1069 4205 1159 4259 καὶ
1214 4209 1426 4282 χιτῶνα
1484 4203 1819 4277 εὐφροσύνης
1868 4200 2018 4257 ἐνδό-

369 4317 581 4357 σαντος,
617 4301 832 4371 Προῆγε
862 4291 918 4348 δὲ
972 4296 1132 4366 ἡμῶν
1165 4295 1193 4348 ὁ
1224 4294 1601 4364 οἶκουμενικὸς
1651 4293 2017 4367 ἀρχιποιμῆν,

372 4387 448 4459 μὴ
481 4387 660 4460 πήραν
719 4383 918 4462 φέρων,
981 4384 1056 4454 μὴ
1112 4382 1315 4456 χρυσὸν
1368 4381 1455 4436 ἐπὶ
1499 4384 1597 4450 τήν
1648 4380 1837 4460 ὀσφὺν,
1882 4380 2017 4455 ἄρα·

365 4471 497 4537 ϐδος
529 4474 616 4528 καὶ
651 4469 952 4533 ἆσάνδαλος
1019 4471 1110 4526 καὶ
1179 4471 1432 4545 χιτώνιον
1501 4468 1553 4524 ἔν
1617 4471 2013 4544 περικείμενος,

2197 3667 2252 3720 5.
2289 3671 2428 3732 Quae
2485 3682 2618 3721 eum
2676 3682 2743 3720 ex
2804 3667 2997 3720 animo
3049 3665 3350 3720 doloribus
3411 3666 3775 3720 redundante

2127 3757 2934 3820 effudissemus,eontinenter
2973 3756 3207 3810 ibamus
3269 3756 3560 3824 plorantes
3604 3760 3662 3810 et
3693 3755 3778 3809 la-

2128 3862 2359 3916 crymas
2390 3850 2667 3915 tanquam
2702 3846 2931 3900 semina
2961 3849 3325 3915 spargentes.
3358 3844 3412 3898 Si
3451 3860 3586 3898 vero
3630 3844 3782 3898 redi-

2128 3934 2243 3989 turi
2277 3951 2485 3989 sumus
2511 3934 2896 4005 prosperioris
2920 3934 3263 3988 mutationis
3287 3933 3622 4000 manipulos
3655 3933 3780 3987 col-

2126 4024 2352 4093 lecturi,
2387 4023 2488 4079 Dei
2520 4040 2732 4078 munus
2762 4023 2819 4077 id
2853 4025 2982 4091 erit,
3027 4023 3127 4096 qui
3177 4023 3585 4095 pusillanimes
3638 4039 3780 4078 con-

2128 4113 2348 4181 ﬁrmat,
2381 4115 2482 4186 qui
2505 4131 2605 4170 eos
2636 4113 2841 4168 salutis
2871 4117 3028 4170 veste
3059 4114 3256 4169 induit
3297 4123 3350 4169 et
3405 4114 3600 4169 tunica
3647 4113 3784 4168 laeti-

2125 4206 2216 4259 tiae
2249 4205 2470 4260 amisit.
2531 4203 2925 4258 Antecedebat
2972 4208 3166 4258 autem
3219 4221 3326 4260 nos
3384 4203 3781 4259 meumenicus

2126 4311 2390 4349 summus
2426 4298 2643 4365 pastor,
2679 4309 2790 4347 non
2827 4308 3023 4364 peram
3055 4295 3266 4356 ferens,
3293 4311 3406 4348 non
3469 4311 3675 4348 aurum
3717 4293 3778 4346 in

2123 4400 2287 4451 zona,
2323 4384 2448 4439 sine
2494 4381 2724 4448 baculo,
2754 4383 2880 4436 sine
2908 4382 3135 4450 calceis,
3166 4399 3282 4436 una
3313 4383 3573 4436 tunicula
3606 4384 3776 4435 indu-

2125 4477 2240 4539 tus,
2301 4473 2525 4545 integer
2605 4472 2974 4544 evangelicus
3038 4472 3360 4541 apostolus,
3428 4478 3528 4524 aut
3582 4472 3774 4541 potius

365 4565 585 4634 ἐντελὴς
615 4562 965 4641 εὐαγγελικδς
1019 4559 1347 4630 ἀπόστολος,
1505 4560 1718 4635 μᾶλλον
1747 4565 1842 4615 τοῦ
1881 4563 2015 4628 Χρι-

2141 4562 2338 4616 lhristi
2369 4561 2684 4631 exemplar.
2719 4569 3012 4633 quatenus
3047 4577 3292 4632 paupere
3351 4561 3528 4614 asello
3577 4563 3772 4614 vectus

364 4661 493 4710 στοῦ
525 4653 838 4728 ἀντίμιμος,
894 4654 1008 4708 καθ’
1068 4652 1194 4706 ὅσον
1234 4651 1432 4727 δναρίῳ
1477 4655 1747 4725 πτωχικῷ
1778 4649 2014 4726 ἐποχού-

369 4765 526 4817 μενος
600 4742 886 4817 μεθίστατο
939 4742 1039 4810 τῆς
1090 4741 1206 4802 νέας
1265 4741 1430 4808 Σιὼν,
1482 4739 1544 4794 οὐ
1591 4739 1681 4795 τὸν
1726 4737 1809 4794 ἐπ’
1842 4740 2013 4808 αὐτῆς

369 4831 654 4908 ἐσχεδίαζε
713 4827 1001 4906 θρίαμϐον.
1056 4830 1198 4886 Τότε
1266 4826 1311 4883 δ’
1357 4827 1452 4885 οὖν
1499 4830 1666 4904 πέρας
1731 4835 1830 4898 τῆς
1887 4825 2016 4883 ὁδοῦ

364 4924 464 4990 τὴν
535 4923 622 4997 [Ρ.
659 4923 783 4994 382]
851 4915 1168 4994 Σηλυϐρίαν
1236 4919 1348 4993 (61)
1415 4920 1578 4991 ἡμεῖς
1644 4916 1856 4991 θέμενοι
1920 4922 2017 4972 τοῦ

371 5010 573 5068 λοιποῦ
624 5010 722 5064 τοῦ
778 5008 989 5064 πλάνου
1042 5009 1386 5080 πεπαύμεθα,
1417 5002 1732 5083 ἀνύϐριστοι
1777 5007 2016 5077 πανοικὶ,

366 5104 429 5158 τὸ
482 5103 623 5178 μέγα
668 5104 766 5155 τοῦ
813 5099 948 5155 Θεοῦ
997 5098 1121 5172 περὶ
1174 5099 1323 5170 ἡμᾶς
1371 5097 1726 5175 φιλοτίμημα
1773 5097 1863 5152 καὶ
1906 5097 2018 5151 άεί-

371 5210 607 5266 μνηστον
645 5189 734 5244 καὶ
773 5185 982 5244 τέλειον
1042 5185 1298 5260 δώρημα,
1361 5184 1493 5259 μηδ’
1547 5183 1900 5261 ἀρθρέμϐολα
1929 5186 2017 5240 καὶ

2126 4669 2273 4707 nova
2293 4653 2460 4707 Sione
2483 4652 2957 4713 disoedelmt,non
2982 4661 3176 4706 autem
3201 4651 3574 4721 triumphans
3609 4649 3768 4704 illam

2123 4741 2579 4811 ingrediebatur.
2631 4748 2712 4796 Ac
2775 4746 2896 4796 tum
2953 4757 3059 4795 nos
3127 4738 3449 4811 Selybriam
3527 4739 3771 4810 protecti

2127 4832 2395 4885 oberrare
2453 4831 2809 4898 destitimus,
2872 4835 2992 4885 tota
3051 4829 3272 4884 familiu
3322 4829 3618 4897 inviolata,
3645 4847 3769 4901 qum

2131 4935 2336 4989 magna
2360 4919 2457 4973 Dei
2485 4918 2801 4973 liberalitas
2824 4926 2914 4973 est
2935 4926 2992 4974 et
3013 4919 3368 4990 sempiterna
3407 4922 3773 4990 perfectaque

2131 5008 2552 5075 muniﬁcentia,
2592 5008 2739 5063 785
2771 5024 2886 5063 non
2919 5009 3122 5063 ferreis
3155 5009 3422 5074 manicis,
3459 5025 3574 5064 non
3620 5009 3774 5062 funi-

2130 5099 2241 5153 bus
2271 5097 2473 5161 vincti,
2507 5114 2622 5151 non
2657 5098 2868 5168 pugnis
2908 5099 3066 5168 cassi,
3127 5105 3192 5154 ut
3246 5099 3416 5153 multi
3460 5116 3529 5154 ex
3559 5099 3775 5154 nostris

2132 5185 2389 5258 pecuniae
2416 5185 2619 5241 dandae
2643 5202 2820 5241 causa
2846 5205 2860 5254 ;
2886 5193 2943 5242 et
2991 5205 3024 5242 a
3067 5187 3191 5244 solo
3224 5189 3339 5242 Deo
3383 5189 3642 5255 enutriti,
3678 5189 3780 5259 qui

1744 5333 1913 5394 Hier.
1946 5331 2161 5392 Wolfii
2191 5335 2376 5390 notae.

442 5499 554 5573 (61)
587 5487 926 5569 Σηλυϐρίαν.
969 5483 1353 5573 Σηλυμϐρίαν.
1391 5466 1575 5547 Etiam
1608 5494 1758 5573 apud
1809 5492 2011 5573 Demo-

2125 5488 2364 5568 Yidetur.
2394 5491 2626 5560 propter
2653 5489 2978 5549 litterarum
3008 5493 3112 5568 βοὶ
3144 5514 3183 5566 μ
3219 5497 3381 5550 notas
3410 5493 3618 5549 alicubi
3659 5510 3772 5549 non

371 5559 940 5630 sthenem'nos'trum
969 5559 1090 5635 haec
1119 5559 1227 5620 νοτ
1251 5564 1584 5635 alia_s_cum,
1616 5559 1762 5620 alias
1811 5565 1938 5620 sine
1971 5584 2012 5635 μ
2119 5559 2457 5616 dissimiles.

370 5628 670 5712 ἀοι-ἰδίων,
698 5645 763 5696 ut.
786 5644 845 5698 et
875 5631 1122 5716 ἀρύμϐας
1152 5639 1208 5692 et
1249 5628 1507 5714 ἀρύϐϐας.
1539 5628 1700 5701 Quod
1750 5628 2008 5694 accidere
