4120 6284
387 286 502 346 979

1710 283 2028 346 NlCET/E
2067 281 2489 344 ΟΗΟΝΙΑΤΕ

3667 286 3778 346 980

387 425 586 476 cibum
607 419 885 476 omnibus
915 424 1240 492 opportuno
1294 420 1550 488 tempore
1589 417 2029 486 curatetpullos
2058 487 2059 492 η

2169 411 2571 490 ¹χοινοδιέσμους
2633 411 2764 468 κάπὶ
2800 416 2908 469 τῶν
2965 412 3251 487 κροτάφων
3300 410 3666 487 ἀστραγάλους
3705 414 3778 476 ὡς

389 525 694 566 corvorum
724 525 783 566 se
810 509 1144 564 invocantes
1187 506 1427 578 largiter
1449 506 1656 577 pascit,
1689 511 1747 562 et
1786 507 2040 578 agrestia

389 599 688 671 lilia,qua3
709 615 897 670 neque
939 601 1076 652 nent
1131 611 1316 667 neque
1367 597 1681 662 seminant,
1729 595 2038 668 splendide

389 687 736 744 vestit.Nnm
758 686 958 742 rustici
981 689 1038 740 et
1059 683 1266 756 plebeii
1291 685 1557 740 homines
1606 684 1772 740 nobis
1817 685 2038 756 Byzan-

389 779 532 832 tinis
563 776 752 848 magis
779 773 1160 840 insultabant,
1185 779 1242 828 et
1263 776 1654 831 mendicitatis
1671 791 1737 830 ac
1755 773 2039 829 nuditatis

392 868 688 923 miseriam
716 865 1108 938 mqualitatem
1157 875 1414 925 amenter
1457 867 1859 930 nominabant,
1900 865 2038 919 vici-

391 973 602 1013 norum
635 955 808 1012 malis
840 957 1024 1012 nihilo
1056 957 1190 1013 facti
1223 959 1640 1028 prudentiores.
1662 955 1828 1011 Multi
1862 955 2038 1010 etiam

393 1045 915 1115 homines]injurii
976 1048 1149 1102 Deum
1206 1047 1524 1102 laudabant
1580 1045 1824 1110 scilicet,
1884 1044 2039 1114 quod

395 1136 565 1191 ditati
596 1145 790 1192 essent.
824 1136 1194 1208 popularium
1229 1136 1497 1206 pretiosis
1536 1133 1916 1190 facultatibus
1946 1132 2045 1188 vili

397 1226 584 1296 pretio
613 1225 952 1296 redemptis.
978 1226 1237 1283 Necdum
1267 1227 1422 1282 enim
1456 1225 1780 1280 taurivoros
1809 1223 2045 1278 Latinos

398 1313 456 1366 in
489 1313 643 1368 aedes
668 1329 808 1368 suas
825 1319 1183 1384 receperant,
1217 1330 1406 1384 neque
1439 1319 1670 1378 norant,
1713 1319 1776 1368 ut
1818 1329 2042 1368 merum

397 1400 597 1468 simul,
631 1403 1127 1472 quemadmodum
1159 1408 1218 1458 et
1252 1403 1450 1471 bilero,
1490 1403 1826 1473 importune
1859 1403 2044 1457 effun-

399 1491 622 1557 derent,
680 1495 738 1546 et
796 1491 1088 1547 Romanos
1145 1492 1397 1564 superbe
1442 1497 1501 1548 et
1529 1491 1910 1562 contemptim
1946 1491 2046 1546 ha-

397 1578 623 1634 herent.

2148 499 2354 558 πολλοὶ
2410 503 2518 558 τῶν
2578 503 2696 566 καθ’
2754 505 2901 575 ἡμᾶς
2979 499 3261 572 δεξάμενοι
3340 497 3430 554 διὰ
3488 502 3775 576 χρημάτων

2146 589 2430 663 ἀπόδοσιν,
2489 591 2578 646 καὶ
2632 591 2768 666 πρὸς
2831 591 2997 663 μόνου
3043 594 3180 647 Θεοῦ
3221 589 3546 668 τρεφόμενοι
3575 595 3667 645 τοῦ
3691 593 3780 658 τὴν

2145 685 2354 762 τροφήν
2403 681 2456 736 ὲν
2503 682 2751 758 εὐκαιρίᾳ
2797 687 2928 736 πᾶσι
2980 675 3344 756 βραϐεύοντος
3374 679 3619 744 καὶτοὺς
3646 701 3784 736 νεοσ-

2149 793 2276 833 σους
2326 777 2434 828 τῶν
2500 777 2746 847 κοράκων
2795 771 2924 835 τοὺς
2973 769 3440 843 ἐπικαλουμένους
3490 770 3648 824 αὐτὸν
3681 768 3786 825 δει-

2149 861 2432 930 πνίζοντος
2461 861 2513 923 ἐς
2545 861 2608 915 τὸ
2637 859 2888 938 ἄφθονον,
2917 854 2994 916 ἔτι
3031 880 3094 936 γε
3134 867 3242 932 μήν
3277 859 3350 914 τά
3391 860 3532 932 μήτε
3567 864 3786 925 νήθοντα

2154 953 2294 1023 μήτε
2359 949 2648 1026 σπείροντα
2709 950 2861 1026 κρίνα
2912 954 3010 1006 τοῦ
3057 951 3225 1026 ἀγροῦ
3280 947 3592 1028 φιλοτίμως
3649 946 3787 1003 ἐνδύ-

2152 1061 2327 1102 οντος.
2393 1042 2457 1096 Οἱ
2525 1037 2574 1096 δ’
2629 1041 2882 1114 ἀγροῖκοι
2945 1041 3033 1095 καὶ
3103 1038 3355 1114 ἀγελαῖοι
3408 1039 3786 1112 ἰπεκερτόμουν

2157 1127 2371 1203 μᾶλλον
2416 1135 2536 1192 τοῖς
2583 1129 2644 1186 ἐκ
2689 1128 2986 1198 Βυζαντίου
3033 1131 3189 1200 ἡμῖν,
3220 1128 3312 1184 καὶ
3343 1129 3446 1198 τήν
3475 1126 3530 1182 έν
3558 1127 3792 1202 πτωχείᾳ

2153 1220 2241 1274 καὶ
2335 1219 2643 1294 γυμνότητι
2729 1219 3033 1294 κακουχίαν
3111 1215 3484 1273 ἰσοπολιτείαν
3561 1216 3792 1292 ἀφρόνως

2155 1309 2466 1383 ὠνόμαζον,
2515 1309 2576 1364 ού
2614 1314 2732 1371 τοῖς
2783 1313 2892 1364 τῶν
2941 1307 3113 1369 πέλας
3161 1313 3352 1369 κακοῖς
3393 1303 3792 1379 παιδεύόμενοι.

2158 1397 2370 1454 Πολλοὶ
2401 1397 2458 1453 δὲ
2484 1399 2573 1453 καὶ
2608 1398 2834 1470 ἀνομίαν
2883 1393 3392 1470 ὑπολαμϐάνοντες,
3425 1420 3454 1448 ‹‹
3494 1395 3792 1470 Εὐλογητὸς

2158 1488 2382 1564 Κύριος,
2414 1487 2499 1543 ὅτι
2521 1486 3000 1559 πεπλουτήκαμεν,
3033 1509 3062 1539 ››
3105 1485 3320 1562 ἔλεγον,
3353 1485 3547 1562 ὀλίγου
3577 1484 3668 1546 τὰς
3693 1489 3790 1539 τῶν

2162 1575 2521 1651 συμφυλετῶν
2569 1576 2757 1637 οὐσίας
2802 1573 3203 1648 ἀποδιδομένας
3229 1575 3561 1648 ὠνούμενοι.
3593 1575 3667 1630 Οὐ
3699 1576 3797 1648 γὰρ

398 1667 486 1720 πὼ
520 1664 805 1739 βουθοίνας
835 1667 1186 1740 εἷσῳκίσαντο
1222 1667 1505 1736 Λατίνους,
1555 1667 1646 1722 καὶ
1677 1665 1891 1723 ε’ἰδοσαν
1940 1667 2089 1729 ὅπως
2143 1667 2238 1739 μὲν
2285 1667 2378 1721 τὸν
2433 1664 2664 1740 ἄκρατον
2697 1666 2838 1721 οἶνον
2871 1667 3014 1738 ὁμοῦ
3041 1666 3132 1720 καὶ
3165 1665 3476 1739 ζωρότερον
3506 1661 3682 1738 ὥσπερ
3709 1662 3798 1718 καὶ

397 1755 490 1810 τὸν
519 1755 694 1831 χόλον
721 1757 1014 1832 ἀκέραστον
1048 1757 1289 1834 χέουσιν,
1332 1757 1481 1820 ὅπως
1510 1757 1566 1813 δὲ
1595 1757 1886 1830 Ῥωμαίοις
1915 1755 1968 1812 ἐν
2001 1756 2345 1831 ὑπερηφανίᾳ
2373 1755 2463 1811 καὶ
2493 1752 2838 1825 έξουδενώσει
2876 1753 3302 1832 προσφέρονται.

472 1854 554 1905 Ac
587 1855 782 1906 noster
811 1856 1018 1918 status,
1051 1867 1376 1922 eorumque
1406 1851 1506 1922 qui
1537 1851 1802 1920 ejusdem
1845 1849 2047 1906 condi-
2081 1850 2130 1918 Β

409 1939 589 1995 tionis
617 1947 670 1994 et
703 1938 912 1996 litteris
965 1941 1178 1995 eruditi
1237 1946 1424 2009 erant,
1485 1939 1618 1995 talis
1661 1939 1787 1994 iuit.
1834 1939 2057 2009 Impro-

411 2026 524 2084 bus
557 2032 752 2083 autem
787 2044 925 2098 grex
955 2036 1010 2084 et
1038 2029 1501 2084 circumforanea
1531 2029 1696 2084 turba
1740 2027 2062 2083 ditescehat

413 2117 795 2187 profanandis
827 2118 1018 2173 denuo
1045 2120 1248 2184 sacris,
1281 2133 1409 2186 quas
1467 2117 1652 2172 Latini
1711 2117 2059 2182 vendebant,

414 2205 608 2276 iisque
633 2207 667 2260 τ
683 2205 783 2261 80
807 2213 1083 2275 tanquam
1106 2207 1404 2260 communi
1426 2205 2056 2276 mercecauponandis,

414 2293 584 2364 quasi
615 2310 746 2349 vero
777 2295 1003 2366 direpta
1055 2309 1085 2349 e
1142 2293 1376 2365 templis
1424 2295 1523 2350 Dei
1564 2310 1689 2350 esse
1721 2295 2052 2350 desiissent.

413 2383 626 2440 Hostes
649 2400 820 2456 porro
847 2385 1003 2439 luxui
1036 2389 1094 2439 et
1121 2383 1347 2439 deliciis
1377 2385 1682 2454 vacabant,
1708 2385 1780 2440 iis
1811 2401 2054 2456 praeser-

412 2473 521 2527 tim
555 2489 683 2542 quas
731 2472 804 2528 ad
861 2472 1250 2529 Romanorum
1309 2473 1566 2529 derisum
1621 2479 1679 2529 et
1733 2473 2056 2530 ludibrium

415 2561 793 2634 pertinerent.
824 2560 967 2616 Nam
1001 2563 1262 2616 vestibus
1290 2561 1390 2616 lati
1425 2561 1570 2618 clavi
1603 2579 1716 2617 non
1753 2563 2059 2618 necessita-

415 2652 492 2706 tis
521 2653 621 2708 sed
657 2651 812 2708 risus
839 2652 1021 2718 gratia
1071 2651 1259 2707 induti
1313 2668 1414 2724 per
1469 2650 1626 2707 vicos
1689 2653 2055 2719 incedebant,

413 2741 599 2798 lineas
629 2742 833 2797 mitras
861 2757 1146 2812 equorum
1177 2742 1494 2797 verticibus
1555 2740 1968 2812 imponebant;
2002 2747 2060 2798 et

413 2847 543 2900 qum
577 2831 633 2885 in
665 2829 928 2887 humeris
960 2831 1309 2900 dependent,
1344 2829 1508 2886 albas
1539 2831 1750 2886 fascias
1811 2831 2061 2888 maxillis

415 2921 735 2976 bestiarum
770 2919 1113 2990 alligabant,
1145 2925 1320 2990 atque
1351 2919 1431 2974 ita
1463 2921 1681 2990 passim
1717 2921 1918 2976 urbem
1941 2937 2064 2991 per-

417 3009 782 3080 equitahant.
811 3009 926 3064 Alii
957 3009 1214 3065 calamos
1253 3009 1616 3080 scriptorios,
1647 3011 2068 3066 atramentaria

415 3105 472 3154 et
501 3098 730 3154 libellos
761 3097 1086 3167 gestabant,
1118 3115 1232 3168 qua
1263 3113 1322 3153 re
1350 3115 1454 3153 nos
1489 3103 1554 3154 ut
1613 3097 1834 3154 scribas
1888 3098 2068 3169 sugil-

2231 1847 2333 1904 Καὶ
2363 1847 2586 1902 τοίαῦτα
2639 1847 2735 1918 μὲν
2779 1846 2845 1900 τὰ
2888 1847 3130 1922 ἡμέτερα
3169 1845 3259 1900 καὶ
3310 1849 3423 1901 τῶν
3479 1842 3532 1898 οῖ
3574 1864 3805 1900 συνεκοι-

2161 1938 2368 1992 νώνουν
2445 1937 2738 2011 σχήματος
2811 1937 2903 1991 καὶ
2975 1939 3084 1991 τῶν
3160 1935 3410 2009 λογικῶν
3487 1933 3538 1989 ἐν
3615 1936 3805 2006 μεθέξει

2163 2023 2516 2082 παιδεύσεων.
2557 2027 2626 2083 Οἱ
2683 2023 2733 2080 δ’
2799 2023 2860 2081 ἰκ
2921 2032 3024 2094 τῆς
3089 2023 3306 2100 φαύλης
3371 2024 3678 2098 συμμορίας
3723 2025 3804 2078 καὶ

2161 2115 2418 2189 ἀγοραῖοι
2483 2115 2942 2190 ἐχρηματίζοντο,
3009 2115 3098 2170 καὶ
3164 2112 3333 2170 πάλιν
3379 2114 3447 2170 τὰ
3505 2115 3618 2168 θεῖα
3659 2107 3810 2187 βεϐη.

2165 2203 2388 2268 λοῦντες
2455 2206 2558 2260 ὑπὸ
2615 2205 2858 2260 Λατίνων
2913 2201 3287 2274 ἀποδιδόμενα
3351 2203 3442 2257 καὶ
3508 2203 3582 2263 ὡς
3633 2202 3802 2256 κοινὸν

2166 2292 2424 2368 ἀργύριον
2470 2291 2926 2366 ἐμπορευόμενοι,
2975 2293 3050 2354 ὡς
3109 2291 3261 2364 εἷ’περ
3315 2295 3430 2346 τῶν
3493 2295 3634 2345 ναῶν
3685 2291 3806 2368 cier;-

2163 2384 2375 2455 ρημὲνα
2439 2383 2530 2437 καὶ
2589 2381 2652 2437 τὸ
2705 2381 2837 2437 εἶναι
2883 2385 3020 2436 Θεοῦ
3068 2379 3442 2437 ἀπεϐάλοντο.
3495 2381 3575 2437 Τὸ
3641 2378 3696 2434 δέ
3753 2400 3805 2454 γε

2162 2469 2455 2527 ἀντίπαλον
2501 2470 2554 2526 έν
2603 2470 2908 2545 ἀσελγείαις
2954 2470 3024 2538 ἦν
3061 2471 3150 2525 καὶ
3200 2475 3461 2547 τρυφαῖς,
3492 2469 3802 2525 καὶτούτων

2162 2565 2282 2622 ταῖς
2331 2559 2586 2632 ἀσέμνοις
2639 2560 2902 2634 μάλιστα,
2951 2561 3040 2614 καὶ
3087 2565 3196 2615 τῶν
3246 2561 3578 2632 Ῥωμαϊκῶν
3619 2558 3670 2613 ἐν
3701 2579 3802 2612 7w-

2169 2646 2352 2722 μῳδίᾳ
2389 2649 2547 2714 ἐθῶν.
2611 2651 2734 2706 Τῶν
2795 2649 2900 2724 γάρ
2962 2647 3196 2720 ἱματίων
3257 2647 3322 2704 τὰ
3363 2649 3700 2720 πλατύσημα
3739 2647 3801 2720 μὴ

2165 2738 2302 2792 κατὰ
2341 2737 2554 2812 χρείαν,
2614 2742 2752 2814 πρὸς
2825 2735 2884 2792 δὲ
2955 2736 3132 2812 γέλων
3201 2733 3680 2811 περιϐαλλόμενοι
3722 2737 3803 2795 τὰς

2165 2827 2353 2903 ἀγυιὰς
2419 2827 2732 2902 περιῄεσαν,
2800 2829 2890 2884 καὶ
2954 2829 3054 2891 τάς
3117 2827 3508 2891 ὀθονοσγεπεῖς
3573 2846 3808 2902 περικρα-

2166 2917 2316 2979 νίους
2351 2915 2665 2992 καλύπτρας
2703 2923 2823 2979 ταῖς
2859 2922 3126 2994 κορυφαῖς
3161 2921 3269 2972 τῶν
3323 2919 3638 2992 ὀχημάτων
3675 2936 3810 2986 περι·

2168 3007 2400 3067 τιθέντες
2461 3006 2552 3062 καί
2615 3008 2682 3062 τά
2745 3006 2881 3062 κατὰ
2941 3005 3118 3062 νώτου
3195 3007 3482 3082 κεχυμένα
3542 3003 3812 3062 λευκὸλινα

2168 3100 2289 3156 ταῖς
2331 3095 2572 3158 ἱππείαις
2636 3096 2850 3170 γένυσιν
2918 3096 3098 3152 αὐτῶν
3164 3094 3513 3170 περιδέοντες
3561 3093 3700 3169 ἄλλῃ
3730 3093 3810 3148 καὶ

415 3187 635 3244 labant.
671 3186 922 3242 Maxima
951 3203 1084 3242 vero
1118 3203 1251 3256 pars
1281 3186 1561 3242 mulieres
1594 3203 1628 3243 a
1658 3205 1719 3244 se
1765 3191 2058 3259 stupratas

2171 3183 2316 3258 ἄλλῃ
2353 3191 2452 3253 τῆς
2483 3183 2700 3246 πόλεως
2742 3183 3120 3256 ἐξιππάζοντο.
3170 3185 3238 3243 Οἱ
3289 3181 3346 3240 δέ
3403 3185 3641 3262 γραφέας
3669 3181 3810 3237 δόνα-

415 3274 606 3345 longis
640 3272 824 3344 peplis
855 3273 1092 3328 indutas
1122 3279 1182 3330 et
1227 3273 1453 3344 capillis
1503 3275 1562 3330 in
1616 3291 1800 3332 unum
1838 3277 2057 3332 nodum

417 3363 586 3418 tortis
615 3369 673 3419 et
703 3363 763 3418 in
793 3366 1024 3434 tergum
1053 3362 1284 3432 rejectis
1309 3363 1369 3418 in
1392 3364 1563 3435 equis
1591 3365 1896 3421 vehebant.
1929 3365 2058 3420 Mu-

416 3452 702 3508 liebribus
757 3468 889 3508 vero
943 3451 1190 3523 pileolis,
1223 3459 1280 3508 et
1337 3453 1800 3524 dependentibus
1849 3462 2060 3510 atem.

419 3543 657 3615 poribus
683 3539 894 3613 crispis
925 3546 982 3596 et
1010 3540 1158 3598 albis
1189 3541 1469 3611 crinibus,
1505 3557 1688 3614 equos
1719 3560 1857 3600 suos
1888 3560 2062 3600 orna-

417 3634 575 3701 bant,
609 3647 674 3687 ac
731 3635 884 3687 totos
939 3630 1066 3686 dies
1117 3631 1600 3688 comessabantur
1651 3637 1709 3688 et
1763 3634 2062 3704 potabant,

419 3722 518 3779 alii
549 3721 809 3794 cupediis
839 3725 896 3776 et
935 3719 1184 3776 lautitiis
1241 3721 1472 3790 intenti,
1531 3719 1630 3776 alii
1688 3723 1878 3794 patrio
1934 3724 2065 3780 cibo

417 3815 741 3879 vescentes,
774 3826 904 3882 quae
923 3816 1088 3866 erant
1106 3815 1268 3880 terga
1290 3809 1646 3869 bubularum
1683 3813 1948 3867 carnium
1982 3811 2064 3868 le-

417 3901 652 3958 betibus
676 3899 956 3967 immissa,
980 3905 1036 3956 et
1055 3899 1322 3956 succidias
1346 3916 1479 3954 cum
1503 3901 1739 3956 fabacea
1763 3901 1949 3957 farina
1971 3901 2067 3956 eli-

418 4007 524 4054 κω,
558 3999 618 4044 ut
650 3993 707 4044 et
739 3989 883 4044 787
935 3988 1216 4044 intinctus
1273 4005 1337 4044 ex
1367 3987 1520 4044 alliis
1550 3995 1606 4044 et
1627 3989 1819 4062 liquor
1838 4007 1906 4045 ex
1935 3989 2067 4046 aliis

421 4077 658 4134 acribus
695 4077 1040 4132 humoribus
1087 4078 1410 4134 confectus.
1469 4079 1605 4134 Post
1653 4079 2066 4135 manubiarum

421 4167 794 4239 partitionem
827 4182 995 4222 sacra
1027 4167 1266 4222 minime
1296 4184 1331 4222 a
1360 4169 1600 4238 profano
1621 4168 2065 4240 distingueban-

423 4255 645 4323 tur,sed
675 4272 740 4311 ex
774 4271 938 4326 aequo
969 4255 1226 4326 corporis
1284 4256 1490 4314 usibus
1531 4262 1776 4326 utraque
1825 4256 2067 4312 adhibe-

421 4346 655 4414 bantur,
690 4344 817 4401 sine
847 4344 966 4401 ullo
1021 4344 1295 4400 Numinis
1351 4351 1410 4400 et
1440 4345 1740 4417 religionis
1775 4352 2065 4416 respectu,

425 4435 570 4491 adeo
602 4441 666 4490 ut
695 4433 909 4491 Christi
957 4439 1015 4490 et
1069 4442 1406 4490 sanctorum
1455 4433 1668 4490 divinis
1710 4434 2068 4507 imaginibus

422 4541 526 4594 pro
555 4523 717 4582 sellis
747 4529 804 4580 et
835 4522 1108 4579 scabellis
1139 4527 1463 4580 uterentur.

2167 3295 2264 3336 κας
2336 3273 2427 3328 καὶ
2489 3271 2688 3349 δοχεῖα
2733 3271 2966 3346 μέλανος
3014 3273 3268 3352 φέροντες
3292 3275 3496 3348 τόμοις
3525 3276 3621 3342 τὴν
3661 3278 3809 3347 χεῖρα

2169 3360 2437 3432 ἕδίδοσαν,
2489 3363 2566 3427 ὡς
2607 3362 2961 3440 γραμματέας
3009 3366 3158 3437 ἡμᾶς
3211 3365 3569 3433 τωθάζοντες.
3629 3365 3692 3420 Οἱ
3755 3359 3806 3416 δὲ

2170 3453 2396 3517 πλείους
2426 3455 2523 3517 τὰς
2551 3457 2661 3528 μὶν
2711 3457 2815 3511 ὑπό
2863 3459 3012 3533 αφῶν
3061 3455 3369 3531 βιασθείσας
3423 3456 3512 3512 ἐπὶ
3565 3460 3671 3512 τῶν
3719 3452 3810 3508 ἳπ-

2171 3564 2289 3598 πων
2339 3545 2576 3618 ἀνεῖχον,
2627 3543 3004 3606 τανυπέπλους
3053 3544 3206 3608 τινὰς
3268 3545 3358 3599 καὶ
3427 3543 3812 3616 άπηνηκώτους

2175 3637 2286 3710 (62)
2314 3635 2405 3691 καὶ
2433 3636 2530 3698 τὰς
2569 3634 2764 3710 τρίχας
2811 3634 3282 3709 συνεστραμμένας
3326 3633 3406 3698 εἷς
3450 3636 3692 3700 ὀπίσθιον
3729 3630 3814 3687 ἵνα

2173 3725 2457 3800 πλοχμὸν,
2521 3725 2585 3779 τὰ
2643 3722 2700 3779 δὲ
2755 3731 3032 3799 γυναικεῖα
3085 3723 3363 3797 τυμπάνια
3420 3726 3512 3780 καὶ
3593 3725 3661 3778 τὰ
3719 3727 3814 3775 τῶν

2176 3811 2355 3870 οὔλων
2415 3814 2506 3868 καὶ
2565 3811 2772 3870 λευκῶν
2848 3817 3060 3888 τριχῶν
3129 3813 3430 3888 ἒπικροτάφ
3447 3835 3498 3870 ια
3555 3813 3818 3884 καθέματα

2174 3909 2293 3967 τοῖς
2347 3903 2539 3965 ἳπποις
2597 3902 2989 3977 περιετίθεσαν.
3049 3901 3366 3976 Ἐκώμαζόν
3421 3923 3487 3958 τε
3539 3903 3627 3956 καὶ
3657 3903 3818 3974 ἠκρα-

2173 3991 2385 4062 τίζοντο
2423 3990 2784 4065 πανημέριοι,
2841 3991 2894 4046 οἱ
2953 3991 3048 4065 μὲν
3107 3991 3415 4068 βρωμάτων
3481 3987 3820 4068 μαγγανείαις

2175 4081 2584 4156 προσκείμενοι,
2625 4083 2678 4136 οἱ
2729 4078 2786 4136 δὲ
2830 4079 2919 4135 καὶ
2966 4083 3067 4150 τήν
3119 4081 3349 4154 πάτριαν
3399 4077 3613 4150 ἐδωδὴν
3657 4097 3815 4150 παρα·

2174 4172 2448 4242 τιθέμενοι
2481 4167 2830 4238 ἒπιδείπνιον,
2889 4168 3012 4238 ἣτις
3073 4170 3138 4238 ἦν
3196 4175 3360 4224 νῶτοι
3423 4169 3616 4242 βοείων
3657 4169 3814 4242 κρεῶν

2177 4257 2592 4334 διαχαλώμενοι
2655 4253 2853 4328 λέϐησι
2901 4258 2990 4313 καὶ
3061 4261 3203 4312 συῶν
3259 4259 3482 4337 τεμάχη
3551 4253 3814 4332 ταριχηρὰ

2175 4351 2408 4420 κυάμοις
2481 4347 2713 4418 ἀλητοῖς
2789 4347 3145 4422 συνεψόμενα,
3222 4345 3405 4420 ὥσπερ
3480 4347 3571 4402 καὶ
3647 4347 3706 4400 τὸ
3762 4341 3816 4396 ὲκ

2179 4433 2456 4504 σκορόδων
2488 4431 2828 4510 έπέμϐαμμά
2857 4457 2916 4491 τε
2944 4433 3034 4490 καὶ
3065 4435 3299 4506 σύνθεμα
3330 4435 3381 4505 ἐξ
3411 4433 3601 4491 ἄλλων
3630 4437 3814 4508 χυμῶν

2095 4488 2144 4554 D
2177 4523 2584 4598 δριμυσσόντων
2631 4526 2730 4594 τήν
2775 4523 3049 4595 αἶ’σθησιν.
3107 4525 3261 4582 Ἐπεὶ
3309 4522 3368 4578 δὲ
3416 4525 3508 4579 καὶ
3553 4525 3619 4578 τὰ
3659 4521 3818 4577 σκῦλα

425 4612 780 4686 διενείμαντο,
815 4610 914 4667 ούκ
957 4613 1024 4680 ἦν
1075 4632 1159 4674 τις
1209 4611 1335 4684 παρ’
1385 4610 1614 4674 ἐκείνοις
1669 4609 1932 4684 διαστολή
1987 4613 2234 4670 ἐπίπλων
2287 4615 2378 4670 καὶ
2434 4618 2636 4670 σκευῶν
2692 4609 2946 4690 βεϐήλων
2985 4613 3161 4668 τεκαὶ
3200 4613 3392 4687 ἁγίων,
3431 4612 3562 4668 ἀλλ’
3593 4613 3674 4666 ἐπ’
3704 4611 3815 4678 ἴσης

424 4704 618 4760 ’ἅπασιν
647 4701 723 4764 εἷς
755 4702 850 4764 τὰς
881 4701 1196 4774 σωματικάς
1235 4699 1424 4775 χρείας
1457 4699 1780 4776 ἐκέχρηντο,
1812 4705 1946 4758 Θεοῦ
1975 4703 2064 4758 καὶ
2092 4701 2316 4776 θέμιδος
2347 4705 2482 4760 κατά
2515 4701 2682 4777 μηδὲν
2715 4698 3108 4776 έμπαζόμενοι.
3144 4701 3226 4760 Τά
3256 4701 3315 4758 δὲ
3343 4707 3439 4758 τοῦ
3471 4703 3706 4776 Χριστοῦ
3735 4693 3813 4752 καὶ

419 4800 530 4849 τῶν
563 4795 728 4866 ἁγίων
760 4796 844 4866 [Ρ.
880 4795 1006 4866 383]
1039 4797 1152 4857 θεῖα
1183 4791 1484 4864 εἰκάσματα
1515 4792 1592 4856 εἰς
1622 4788 1783 4868 ἕδρας
1819 4794 1908 4848 καὶ
1939 4791 2122 4849 ποδῶν
2155 4792 2404 4869 θρανίδας
2441 4801 2712 4870 παρῆγον.

495 4884 872 4954 6.Postquam
894 4883 1222 4954 provincias
1243 4888 1300 4939 et
1321 4885 1496 4941 urbes
1527 4885 1726 4940 sortiri
1747 4889 2070 4956 coeperunt,

426 4971 780 5036 vecordiam,
812 4987 883 5026 ne
915 4972 1208 5028 insaniam
1241 4973 1454 5044 dicam,
1479 4974 1743 5030 virorum
1802 4974 2076 5044 superbia

427 5060 782 5116 tumentium
816 5059 1331 5130 incomparabilem
1363 5078 1479 5118 non
1530 5063 1658 5118 sine
1705 5079 1942 5119 summa
1972 5065 2074 5120 ad-

429 5149 740 5207 miratione
765 5164 1050 5204 cerneres.
1081 5150 1256 5213 Quasi
1287 5149 1443 5205 enim
1493 5152 1622 5222 jam
1673 5167 1841 5223 reges
1872 5169 2073 5222 regum

429 5237 618 5296 effecti
648 5243 703 5294 et
733 5237 933 5293 orbem
963 5241 1250 5293 terrarum
1283 5238 1406 5295 suis
1440 5239 1711 5296 manibus
1767 5242 2074 5314 complexi,

429 5329 489 5384 in
509 5328 802 5384 Romanas
843 5326 1168 5398 provincias
1225 5327 1612 5401 descriptores
1670 5329 1978 5402 miserunt,
2013 5335 2078 5388 ut

2254 4884 2318 4947 ς’.
2349 4883 2440 4945 Ὠς
2471 4880 2530 4938 δὲ
2558 4883 2649 4938 καὶ
2673 4881 2920 4958 κλήρους
2967 4880 3184 4938 πόλεων
3227 4882 3317 4937 καὶ
3358 4885 3560 4956 χωρῶν
3593 4878 3810 4954 ἤρξαντο

2187 4971 2438 5042 βάλλειν,
2471 4973 2538 5042 ἦν
2573 4969 2774 5027 ἰδέσθαι
2824 4972 2915 5027 καὶ
2963 4970 3144 5035 θέσθαι
3195 4973 3278 5027 ὅτι
3331 4968 3421 5026 διὰ
3448 4968 3702 5027 πλείστου
3727 4969 3814 5020 τοῦ

2185 5063 2460 5134 θαύματος
2490 5058 2697 5136 ἀνδρῶν
2733 5064 3065 5140 τυφομανῶν
3100 5061 3176 5132 μή
3207 5056 3524 5132 ξυμϐλητήν
3558 5057 3812 5121 ἀπόνοιαν,

2184 5147 2284 5205 εἴτ’
2315 5148 2406 5204 οὗν
2451 5151 2748 5225 παράνοιαν
2810 5149 2981 5205 εἰπεῖν
3039 5148 3386 5224 οἰκειότερον.
3419 5153 3506 5210 Ὡς
3537 5147 3639 5224 γὰρ
3673 5146 3814 5221 βασι-

2185 5237 2326 5294 λέων
2351 5236 2460 5310 ἤδη
2498 5237 2744 5314 βασιλεῖς
2777 5241 3108 5302 καθεστῶτες
3155 5237 3245 5294 καὶ
3294 5238 3355 5292 τὸ
3383 5239 3657 5312 περὶγειον
3687 5235 3812 5287 ἅπαν

2182 5329 2234 5386 ἐν
2267 5329 2452 5406 χερσῖν
2481 5329 2721 5410 ἔχοντες,
2769 5335 2886 5394 τοῖς
2943 5331 3038 5405 μὲν
3087 5331 3420 5406 Ῥωμαϊκοῖς
3449 5327 3810 5404 σχοινίσμασιν

1823 5459 1994 5521 Hier.
2027 5458 2239 5522 Wolﬁi
2270 5466 2464 5523 notae.

503 5593 614 5666 (62)
645 5587 1091 5662 Ἀπηνηκῶτους.
1122 5585 1634 5661 Ἀπηνηνηκώτους.
1669 5595 1992 5666 Utrumque
2022 5610 2059 5668 Ρ

2169 5611 2327 5653 eram
2353 5611 2483 5653 esse
2515 5594 2790 5668 arbitror,
2823 5597 3098 5654 neutrum
3127 5597 3286 5654 certe
3317 5591 3590 5664 intelligo.
