4120 6284
325 341 432 401 981

1781 335 1983 397 URBS
2029 335 2121 396 CA
2131 338 2281 398 PTA
2294 382 2307 395 .

3631 337 3750 396 982

330 474 661 549 ἀπογραφεῖς
719 467 1035 538 ἐπέστησαν,
1092 471 1300 540 γνῶναι
1358 468 1626 541 πρότερον
1699 467 1795 530 τὰς
1862 468 1980 523 ἐπε-

2106 471 2314 527 annuis
2345 470 2627 527 reditibus
2650 469 2708 525 in
2741 470 2947 539 primis
2971 469 3466 541 cognitis,deinde
3489 485 3587 524 eas
3621 486 3745 526 sor-

332 561 502 622 τείους
570 557 850 637 ἀποφορὰς
898 555 1169 626 θέλοντες,
1228 555 1322 611 εἶθ’
1391 554 1538 610 οὕτω
1594 557 1730 612 κατά
1774 555 1985 619 πάλους

337 650 467 705 αὐτὰ
526 649 871 723 μερίσασθαι,
927 646 1021 706 τὰς
1101 643 1159 700 δὲ
1224 647 1349 720 παρ’
1407 643 1603 708 ἄλλοις
1667 641 1834 702 ἔθνεσι
1895 649 1984 702 καὶ

343 738 623 816 βασιλεῦσι
669 738 1047 809 καρπουμένας
1104 735 1281 809 ἀρχὰς
1338 734 1427 790 καὶ
1480 733 1722 805 ἐξουσίας
1782 735 1842 790 ἐκ
1890 740 1988 791 τοῦ

339 828 530 884 αὐτίκα
587 825 879 882 διείλοντο.
938 827 1010 882 ’Ἠ
1066 845 1124 881 τε
1181 824 1274 878 οὗν
1324 822 1377 879 ἐν
1434 823 1658 880 πόλεσιν
1714 822 1986 896 εὐδαίμων

337 918 425 974 καὶ
483 916 622 991 πρὸς
678 916 757 987 τῷ
814 914 1003 986 Νειλῳ
1071 908 1295 989 κειμένη
1359 911 1742 989 ’Δλεξάνδρεια
1794 918 1875 984 τῷ
1932 935 1988 968 τε

336 1007 529 1079 κλήρῳ
561 1007 808 1061 ὑπέκειτο
859 1002 948 1058 καὶ
1005 998 1213 1073 Λιϐύη,
1238 1002 1327 1059 καὶ
1383 999 1590 1073 Λιϐύης
1619 1002 1687 1058 τὰ
1717 1004 1770 1065 ἐς
1795 1004 1989 1077 Νομά-

337 1094 427 1158 δας
477 1096 572 1152 καὶ
616 1092 847 1168 Γάδειρα
893 1093 1307 1168 παρατείνοντα,
1359 1093 1566 1167 Πάρθοι
1620 1114 1680 1148 τε
1734 1092 1992 1168 καὶυέρτ

338 1210 447 1259 σαι,
504 1187 594 1243 ἐπὶ
651 1183 709 1240 δὲ
767 1164 984 1258 Ἴϐηρες
1039 1180 1168 1255 ἔῷοι
1251 1182 1341 1239 καὶ
1428 1164 1689 1257 ’λσσυρία
1761 1189 1834 1257 γῆ
1899 1164 1990 1236 καὶ

333 1285 599 1362 Ὑρκανοὶ,
657 1282 747 1337 καὶ
807 1282 905 1336 ὅσα
972 1282 1024 1335 οἱ
1080 1281 1215 1353 πρὸς
1288 1276 1364 1335 ἕω
1423 1281 1668 1355 μέγιστοι
1747 1281 1990 1353 ποταμοὶ

334 1379 448 1437 τοῖς
478 1371 633 1428 ὕδασι
669 1369 1041 1448 διειλήφασιν.
1101 1367 1261 1425 Ἀλλ’
1317 1367 1442 1424 οὐδὲ
1497 1369 1565 1423 τὰ
1619 1371 1755 1445 πρὸς
1791 1368 1991 1445 βορῥᾶν

341 1464 623 1520 νενευκότα
679 1459 923 1532 κλίματα
981 1459 1133 1529 εἰάθη
1194 1457 1509 1534 ἆκλήρωτα,
1572 1457 1720 1515 ἆλλά
1769 1460 1990 1514 κάκεῖνα

343 1555 393 1610 οἱ
423 1552 578 1609 αὐτοὶ
612 1549 975 1624 διενείμαντο.
1014 1549 1121 1605 Καὶ
1174 1550 1202 1603 ὁ
1255 1549 1349 1622 μὶν
1390 1548 1464 1611 ὡς
1498 1549 1871 1627 ἱπποιρόφους
1899 1548 1991 1603 καὶ

345 1642 532 1723 φόροις
582 1637 921 1716 περιϐριθεῖς
970 1640 1031 1701 ἅς
1084 1636 1445 1713 ἐκληρώσατο
1495 1637 1686 1698 πόλεις
1736 1635 1804 1691 δι’
1835 1636 1992 1692 ἐπαί-

343 1753 436 1789 νου
490 1732 694 1788 ἐτίθετο
750 1730 840 1785 καὶ
895 1732 997 1784 ταῦ
1041 1727 1256 1801 κλήρου
1313 1729 1500 1783 ἑαυτὸν
1558 1727 1903 1802 ἐμακάριζεν,
1963 1728 1991 1781 ὁ

2096 560 2202 615 tito
2231 560 2671 616 distribuerant.
2701 560 2961 614 Aliarum
2995 576 3128 615 vero
3168 560 3467 614 nationum
3531 559 3743 630 princi-

2098 657 2267 722 patus
2298 657 2355 707 et
2384 668 2564 724 regna
2594 653 2791 707 statim
2829 651 3172 707 diviserunt.
3222 652 3337 705 Sub
3383 656 3598 706 sortem
3648 666 3741 705 ce-

2099 740 2242 795 cidit
2268 742 2437 797 beata
2470 741 2609 797 urbs
2638 740 2768 796 Nilo
2799 741 3073 810 adjacens
3125 739 3484 804 Alexandria,
3539 740 3742 810 Libya,

2098 845 2167 885 ea
2197 845 2325 900 quae
2356 846 2392 885 a
2421 829 2602 901 Libya
2625 844 2811 899 usque
2838 829 2910 884 ad
2940 827 3275 883 Numidiam
3304 835 3361 883 et
3392 828 3578 883 Gades
3611 844 3741 899 per-

2098 919 2307 985 tinent,
2339 917 2481 974 item
2540 918 2733 974 Parthi
2796 923 2854 973 et
2909 917 3121 984 Persae,
3182 917 3496 973 orientales
3526 917 3743 985 Iberes,

2099 1008 2357 1078 Assyria,
2398 1007 2702 1079 Hyrcania,
2729 1011 2786 1062 et
2831 1023 2964 1077 qua:
3013 1005 3087 1061 ad
3135 1005 3426 1062 Orientem
3471 1006 3745 1062 maximis

2104 1096 2252 1153 788
2283 1097 2632 1152 ﬂuminibus
2654 1096 3159 1151 disterminantur.
3193 1097 3271 1150 Ac
3297 1111 3368 1149 ne
3391 1095 3744 1167 septentrio-

2102 1185 2265 1242 nales
2321 1186 2562 1252 quidem
2620 1186 2886 1256 regiones
2943 1191 3083 1241 sunt
3141 1184 3461 1255 praeteritae,
3511 1186 3611 1240 sed
3665 1200 3743 1240 eis

2101 1295 2330 1350 quoque
2370 1279 2573 1333 sortito
2631 1279 2981 1333 distributae.
3038 1276 3206 1333 Alius
3254 1294 3393 1333 suas
3447 1279 3622 1333 urbes
3681 1282 3746 1333 ut

2101 1382 2380 1439 magnum
2403 1368 2645 1439 vectigal
2666 1368 2984 1439 pendentes
3005 1372 3062 1421 et
3085 1366 3252 1437 equis
3293 1367 3519 1422 alendis
3578 1370 3747 1437 aptas

2099 1456 2397 1523 laudabat,
2432 1463 2489 1513 et
2518 1462 2734 1512 sortem
2767 1473 2933 1513 suam
2968 1455 3276 1511 extollebat
3299 1473 3313 1523 ;
3336 1456 3485 1511 alius
3522 1464 3582 1510 ut
3614 1454 3747 1509 aliis

2100 1555 2268 1610 bonis
2308 1555 2579 1611 ﬂorentes
2614 1554 2809 1610 mirari
2839 1571 2937 1610 eas
2969 1571 3083 1609 non
3118 1554 3473 1621 desistebat;
3537 1552 3636 1608 alii
3676 1554 3747 1609 de

2101 1644 2404 1701 sortitione
2437 1644 2669 1700 urbium
2704 1644 3045 1700 rixabantur
3077 1663 3091 1711 ;
3121 1643 3217 1699 alii
3260 1644 3413 1698 inter
3458 1658 3521 1699 se
3572 1644 3747 1698 urbes

2100 1737 2157 1789 et
2186 1734 2333 1790 ﬁnes
2363 1736 2769 1805 permutabant
2804 1754 2819 1802 ;
2880 1734 2977 1789 alii
3039 1749 3389 1805 magnOpere
3429 1733 3747 1789 contende-

343 1822 400 1879 δὲ
429 1824 502 1884 ὡς
530 1820 792 1893 κομώσας
820 1816 1016 1879 ἄλλοις
1065 1818 1283 1892 ἀγαθοῖς
1321 1817 1611 1889 θαυμάζων
1640 1815 1740 1871 οὐκ
1768 1813 1993 1892 ἔληγεν.

2106 1824 2249 1879 bant
2269 1827 2330 1878 ut
2361 1824 2561 1879 lconio
2583 1825 2927 1895 potirentur,
2961 1827 3157 1894 portas
3187 1839 3320 1878 vero
3368 1823 3531 1878 urbis
3562 1827 3619 1878 et
3649 1838 3744 1877 ca-

341 1915 408 1972 Oi.
438 1911 496 1967 δὲ
524 1911 616 1967 καὶ
647 1908 771 1984 περὶ
810 1906 1023 1980 κλήρου
1075 1905 1292 1962 πόλεων
1334 1907 1553 1981 ἤρισαν,
1585 1905 1675 1961 καὶ
1708 1902 1993 1961 ἀντέδοσαν

340 2000 534 2063 ἄλλοις
571 1999 750 2074 ἓτεροι
785 1998 875 2051 καὶ
933 1990 1230 2051 ἀντέλαϐον
1286 1994 1476 2058 πόλεις
1522 1995 1614 2050 καὶ
1663 1995 1804 2065 ὅρια.
1838 1997 1991 2055 Τινὲς

340 2092 515 2151 δὲκαὶ
551 2091 702 2167 μάλα
751 2088 905 2161 δόξαν
954 2087 1216 2145 ἀσπάσιον
1270 2089 1361 2144 τὸν
1421 2088 1645 2145 Ἰκόνιον
1678 2087 1753 2150 εἰς
1786 2087 1994 2162 κλῆρον

339 2181 618 2261 εἰληφέναι
670 2181 1035 2256 ἠγωνίσαντο.
1097 2180 1198 2235 Καὶ
1259 2176 1434 2240 πύλας
1483 2184 1584 2247 τῆς
1646 2175 1862 2239 πόλεως
1902 2177 1992 2232 καὶ

338 2273 581 2347 τέμαχος
636 2276 737 2337 τῆς
812 2266 1077 2335 ἁλύσεως,
1136 2263 1172 2337 ἤ
1232 2263 1542 2321 διαταθεῖσα
1618 2272 1835 2341 συνεῖχε
1898 2266 1991 2320 τὸν

338 2361 695 2433 ναύσταθμον,
743 2363 861 2418 τοῖς
914 2357 966 2412 έν
1021 2354 1189 2429 Συρίᾳ
1235 2356 1523 2432 ὁμογενέσι
1556 2357 1689 2427 μετὰ
1717 2353 1990 2411 πλείστων

344 2450 553 2507 πλοίων
606 2448 949 2524 πεπόμφασι,
1007 2446 1096 2500 καὶ
1159 2442 1425 2523 διαφῆκαν
1493 2443 1766 2519 ἀγγέλους
1821 2447 1994 2501 ἀπαν-

343 2546 486 2615 ear/fr]
520 2539 623 2607 τὴν
671 2542 772 2605 τῆς
820 2534 1037 2598 πόλεως
1084 2530 1548 2607 διατρανώσοντας
1597 2530 1823 2587 ἅλωσιν.
1858 2540 1993 2602 Δεῆ-

346 2649 436 2683 σαν
493 2625 552 2682 δὲ
609 2625 700 2680 καὶ
766 2621 993 2699 βασιλέα
1068 2628 1388 2701 χρισθῆναι,
1445 2621 1520 2683 εἰς
1587 2621 1680 2677 τόν
1745 2620 1993 2698 μέγιστον

342 2717 474 2772 νεὼν
524 2713 904 2790 παραγίνονται
950 2715 1058 2767 τῶν
1106 2707 1325 2767 ὀπαδῶν
1373 2714 1473 2765 τοῦ
1522 2713 1784 2787 Χριστοῦ·
1824 2709 1992 2766 ἐκεῖσε

343 2808 446 2882 γὰρ
497 2803 893 2880 συνερχόμενοι
939 2801 1065 2877 περὶ
1114 2805 1222 2856 τῶν
1270 2800 1547 2876 πρακτέων
1599 2799 1777 2878 σφίσιν
1834 2796 1995 2855 ἐϐου-

344 2898 600 2967 λεύοητο,
637 2894 733 2950 Καὶ
763 2894 830 2949 τὰ
884 2893 977 2967 μὲν
1026 2896 1216 2967 πρῶτα
1268 2890 1404 2946 κατὰ
1449 2913 1503 2946 τι
1551 2889 1777 2967 πάτριον
1798 2889 1990 2964 ’ἔθιμον

338 2993 616 3061 κρατῆρας
671 2983 930 3058 τέσσαρας
1000 2978 1264 3056 στιχηδὸν
1326 2981 1641 3036 ἐσκέπτοννο
1699 2978 1990 3047 διαθέσθαι,

344 3078 415 3131 ὧν
468 3078 548 3137 εἰς
606 3075 706 3144 τὴν
765 3070 1097 3145 ἀναίμακτον
1156 3069 1338 3125 θυσίαν
1398 3068 1604 3144 στέγειν
1633 3066 1871 3142 ἤμελλε,
1902 3069 1992 3123 καὶ

345 3165 517 3228 οὕτως
575 3162 820 3219 ἒνδοῦναι
874 3167 990 3223 τοῖς
1046 3158 1349 3230 θυηπόλοις
1408 3159 1479 3230 tg'
1536 3159 1731 3232 ἕκάστῄ
1798 3158 1991 3229 κλήσει

345 3259 452 3311 τῶν
513 3253 590 3315 εἰς
650 3252 827 3327 ἀρχὴν
880 3249 1228 3324 έπιλεγέντων
1289 3248 1458 3321 α’ἓρειν
1506 3245 1599 3304 ἕνα
1637 3254 1745 3304 τῶν
1778 3248 1994 3326 σκύφων
2036 3216 2078 3283 C

348 3344 437 3399 καὶ
469 3341 758 3420 προσάγειν
812 3340 1019 3401 αὐτοῖς·
1085 3338 1289 3400 ἐκεῖνος
1348 3336 1395 3392 δ’
1449 3338 1516 3407 ἦν
1568 3339 1596 3392 ὁ
1640 3342 1749 3392 τῶν
1791 3337 2001 3392 λοιπῶν

354 3433 428 3495 εἰς
466 3434 569 3502 τὴν
625 3430 807 3508 ἀρχὴν
866 3427 1396 3503 προκριθησόμενος,
1456 3428 1484 3481 ὁ
1542 3425 1629 3481 καί
1699 3424 1891 3504 λαχὼν
1938 3426 2002 3481 τὸ

353 3523 618 3596 ποτήριον
672 3521 735 3574 τὸ
791 3522 888 3573 τοῦ
946 3518 1092 3581 θείου
1148 3517 1401 3588 σώματος
1457 3517 1546 3570 καὶ
1612 3516 1848 3588 αἳματος
1905 3519 2001 3570 τοῦ

352 3613 598 3687 Χριστοῦ
660 3610 918 3683 μέτοχον.
984 3605 1147 3677 Δόξαν
1193 3603 1252 3661 δὲ
1302 3611 1382 3678 τῷ
1430 3607 1681 3667 Βενετίας
1722 3602 1873 3659 δουκὶ
1922 3609 2001 3677 τῷ

355 3697 644 3772 Δανδούλῳ
699 3698 775 3760 εἰς
847 3700 1028 3774 ψῆφον
1102 3694 1450 3765 ἀπολυθῆναι
1508 3697 1606 3763 τήν
1667 3690 2001 3770 πρόϐλησιν,

352 3787 662 3865 ἐκλέγονται
693 3786 1017 3865 ψηφηφόροι
1061 3786 1217 3840 πέντε
1268 3786 1362 3858 μὶν
1413 3783 1473 3839 ἐκ
1517 3788 1618 3838 τοῦ
1665 3788 1775 3839 τῶν
1815 3789 2001 3856 Φραγ-

347 3882 546 3936 κίσκων
614 3878 706 3934 καὶ
782 3873 1132 3951 Λαμπάρδων
1192 3879 1398 3952 γένους,
1467 3877 1518 3930 οἱ
1583 3877 1708 3949 παρ’
1774 3873 2002 3936 ἐκείνοις

348 3970 581 4047 ἄριστοι,
633 3967 693 4024 ἐκ
742 3966 800 4023 δὲ
855 3971 960 4022 τῶν
1023 3967 1314 4023 Βενετίκων
1370 3964 1578 4039 ὁμοίως
1621 3963 1797 4040 ἕτεροι
1826 3964 2000 4021 πέντε.

347 4071 450 4126 Καὶ
507 4076 610 4139 τῆς
664 4073 776 4123 τῶν
835 4064 1125 4121 πλειόνων·
1162 4068 1347 4143 ψήφου
1414 4064 1766 4139 κρατησάσης
1827 4063 1854 4117 ὁ
1902 4069 2001 4132 τῆς

344 4158 525 4238 ἀρχῆς
568 4151 725 4212 ἔπεσε
752 4153 964 4229 κλῆρος
1015 4155 1153 4226 πρὸς
1206 4150 1535 4210 Βαλδουίνον
1568 4153 1658 4208 τὸν
1688 4158 1789 4221 τῆς
1822 4150 2005 4206 Φλάν-

344 4270 477 4324 τρκς
543 4249 785 4321 κόμητα,
852 4244 1000 4316 πλὴν
1070 4245 1145 4305 ὡς
1209 4239 1372 4319 ᾔδετο
1458 4243 1601 4317 παρὰ
1667 4246 1820 4309 πᾶσι,
1868 4242 2003 4296 κατὰ

346 4339 513 4397 δόλον
544 4358 604 4393 τε
631 4336 723 4391 καὶ
764 4336 1033 4410 περίνοιαν
1088 4338 1186 4389 τοῦ
1244 4331 1436 4396 δουκὸς
1492 4332 1734 4394 Βενενίας
1767 4329 2004 4387 Δανδού-

352 4428 480 4486 λου.
513 4426 699 4501 Πηρὸς
730 4427 834 4501 γὰρ
869 4423 941 4479 ὥν
993 4424 1151 4487 οὗτος
1198 4423 1293 4486 τὰς
1339 4419 1512 4497 ὄψεις,
1542 4421 1756 4477 καὶτοῦ
1788 4420 2002 4498 κλήρου

341 4517 486 4573 κατὰ
551 4520 713 4571 τοῦτο
789 4518 897 4568 τῶν
960 4512 1229 4589 ἀρξόντων
1323 4510 1661 4590 διαγραφεῖς,
1729 4506 2002 4582 ἠϐούλετο

2107 1918 2258 1969 tenae
2288 1918 2533 1985 partem,
2561 1930 2688 1985 quae
2720 1914 2793 1969 ad
2823 1913 3049 1970 navalia
3077 1913 3429 1968 continenda
3479 1914 3750 1967 extende-

2107 2003 2301 2072 batur,
2360 2007 2484 2058 suis
2542 2003 2601 2057 in
2662 2003 2829 2074 Syria
2882 2001 3264 2075 popularibus
3313 2018 3446 2057 cum
3481 2002 3749 2072 plurimis

2110 2092 2357 2163 navigiis
2389 2092 2691 2161 miserunt,
2760 2092 2982 2164 passim
3041 2092 3303 2147 dimissis
3362 2093 3604 2157 nuntiis,
3651 2092 3751 2161 qui

2109 2188 2338 2253 captam
2371 2198 2501 2238 esse
2532 2183 2734 2237 urbem
2756 2181 3083 2254 vulgarent.
3105 2181 3238 2237 Jam
3271 2198 3405 2237 cum
3438 2183 3752 2252 imperator

2106 2273 2395 2328 creandas
2427 2275 2600 2337 esset,
2633 2273 2692 2326 in
2722 2273 2902 2327 aedem
2947 2272 3293 2326 Sanctorum
3341 2270 3750 2341 Apostolorum

2108 2361 2467 2417 deliberandi
2496 2377 2633 2434 ergo
2663 2377 2981 2417 convenere
3018 2381 3033 2427 ;
3092 2377 3157 2416 ac
3216 2360 3520 2432 principio,
3563 2360 3749 2431 patrio

2109 2451 2360 2521 quodam
2396 2451 2534 2517 ritu,
2565 2467 2666 2521 pro
2717 2466 2957 2506 numero
3007 2450 3453 2505 candidatorum
3503 2454 3752 2519 quatuor

2107 2537 2317 2595 calices
2337 2539 2543 2594 ordine
2574 2538 3277 2604 collocareinstituerunt,
3312 2553 3561 2607 quorum
3593 2553 3748 2592 unus

2109 2628 2471 2683 incruentam
2505 2628 2800 2683 victimam
2841 2627 3183 2691 contineret,
3216 2626 3440 2681 caeteris
3496 2626 3696 2681 vacuis
3729 2644 3744 2693 ;

2106 2732 2320 2788 eosque
2350 2717 2578 2772 tradere
2607 2715 2851 2771 totidem
2882 2715 3298 2782 sacerdotibus,
3331 2719 3395 2769 ut
3441 2716 3510 2770 ad
3545 2716 3746 2785 cujus-

2108 2822 2220 2878 que
2252 2806 2404 2862 789
2438 2806 2718 2878 principis
2778 2822 2989 2861 nomen
3051 2821 3231 2859 unum
3266 2804 3538 2860 tollerent
3579 2809 3636 2859 et
3664 2804 3750 2858 eis

2107 2898 2430 2952 redderent.
2467 2895 2783 2966 Imperium
2805 2912 2940 2951 vero
2960 2910 3133 2967 penes
3161 2911 3292 2949 eum
3322 2897 3577 2949 futurum
3608 2898 3750 2963 erat,

2107 2985 2201 3056 qui
2231 3002 2361 3040 eum
2395 2986 2635 3041 calicem
2660 2985 3002 3055 accepisset,
3036 2985 3226 3055 inquo
3250 2983 3506 3039 divinum
3540 2999 3751 3055 corpus

2107 3081 2164 3130 et
2196 3075 2438 3145 sanguis
2467 3075 2679 3130 Christi
2711 3080 2887 3131 esset.
2920 3074 3139 3129 Deinde
3196 3090 3331 3129 eum
3370 3077 3588 3129 Veneto
3619 3071 3751 3127 duci
3826 3086 3836 3103 ο

2107 3164 2267 3220 Dand
2279 3165 2372 3219 ulo
2391 3163 2849 3236 designationem
2875 3162 3172 3234 suifragiis
3188 3162 3552 3217 committere
3564 3161 3750 3217 visum

2109 3258 2284 3319 esset,
2314 3270 2382 3309 ex
2413 3253 2649 3310 Francis
2674 3258 2732 3309 et
2764 3254 3162 3325 Longobardis
3202 3253 3462 3326 quinque
3505 3253 3753 3322 optima-

2105 3343 2265 3398 tibus
2287 3348 2343 3398 st
2363 3361 2429 3399 ex
2456 3343 2695 3398 Venetis
2715 3343 2954 3398 totidem
2980 3342 3273 3398 indicibus
3298 3341 3747 3414 lectis,plurium

2106 3433 2402 3504 suffragiis
2433 3433 2660 3505 imperii
2695 3449 2822 3488 sors
2868 3432 3151 3488 Balduino
3211 3432 3494 3488 Flandriie
3551 3431 3752 3487 comiti

2107 3522 2334 3593 obtigit.
2365 3525 2581 3577 Verum
2619 3522 2834 3594 ubique
2859 3522 3083 3577 celebre
3114 3526 3202 3576 est
3231 3520 3363 3575 dolo
3406 3525 3463 3575 et
3513 3519 3753 3575 solertia

2106 3611 2357 3667 Danduli
2388 3611 2442 3666 id
2475 3628 2603 3666 esse
2635 3613 2874 3666 factum.
2933 3610 3041 3675 Qui
3096 3625 3231 3666 cum
3294 3609 3365 3664 ob
3425 3608 3745 3663 caecitatem

2107 3726 2352 3765 numero
2383 3709 2828 3764 candidatorum
2858 3708 3283 3772 excluderetur,
3319 3706 3630 3778 imperium
3664 3722 3755 3778 pe-

2107 3815 2364 3855 nes‘eum
2392 3815 2518 3854 esse
2545 3798 2726 3854 voluit
2756 3800 2856 3869 qui
2889 3797 3257 3852 bilarioribus
3303 3802 3457 3853 esset
3491 3796 3753 3853 moribus

2106 3890 2164 3939 et
2196 3885 2428 3957 ingenio
2460 3884 2652 3940 minus
2682 3886 3017 3951 ambitioso,
3052 3901 3390 3956 quanquam
3430 3884 3483 3937 id
3518 3889 3751 3955 specta-

2107 3959 2186 4030 vit
2215 3973 2429 4045 potius,
2464 3979 2527 4027 ut
2555 3973 2810 4042 privatus
2843 3973 3214 4044 imperatoris
3264 3971 3549 4043 designati
3593 3972 3752 4042 prin-

2107 4063 2330 4132 cipatus
2363 4078 2538 4133 quam
2572 4061 3002 4116 remotissimus
3033 4067 3187 4115 esset
3216 4080 3247 4116 a
3278 4061 3497 4117 ditione
3518 4062 3757 4118 Veneto-

2108 4169 2262 4221 rum,
2297 4167 2366 4207 ne
2398 4151 2445 4207 si
2474 4167 2590 4223 qua
2647 4150 3035 4206 controversia
3096 4168 3229 4206 cum
3285 4152 3386 4206 illo
3429 4150 3750 4218 incidisset,

2108 4241 2306 4313 plures
2337 4239 2532 4312 copias
2566 4239 2757 4293 subito
2815 4254 2883 4294 ex
2931 4256 3038 4295 suo
3098 4240 3390 4296 territorio
3434 4255 3748 4302 accersere,

2108 4335 2209 4387 aut
2230 4329 2477 4385 Venetos
2509 4329 2652 4384 lines
2683 4331 2984 4384 commode
3018 4331 3287 4384 invadere
3331 4336 3433 4383 aut
3472 4330 3753 4383 incursio-

2110 4421 2282 4475 nibus
2314 4435 2512 4475 vexare
2542 4424 2759 4489 posset.
2791 4418 2925 4482 Quae
2957 4418 3150 4474 omnia
3205 4419 3263 4472 in
3313 4419 3584 4489 expedito
3624 4434 3753 4472 esse

2111 4509 2405 4566 Bonifacio
2492 4508 2812 4565 marcbioni
2870 4525 2938 4564 ex
2999 4507 3394 4578 Longobardia
3468 4507 3753 4577 originem

341 4604 613 4683 ’χειρίζειν
648 4604 749 4673 τὴν
786 4587 1070 4678 βασιλείαν
1125 4602 1215 4656 τὸν
1275 4602 1338 4656 τὸ
1391 4587 1543 4669 ἦθός-
1570 4620 1628 4655 τε
1660 4597 1995 4671 ἰλαρώτατον

2109 4599 2365 4655 trahenti
2399 4605 2719 4669 norat,qua:
2743 4597 3038 4654 maritima
3081 4602 3255 4663 esset,
3294 4596 3446 4651 unde
3490 4594 3657 4649 facile
3689 4595 3745 4649 in

342 4697 437 4752 καὶ
503 4695 580 4767 μή
641 4693 706 4748 τὸ
763 4696 979 4768 φροκεῖν
1042 4692 1441 4766 ἀρχικώτερον,
1469 4690 1531 4744 τὸ
1580 4687 1627 4744 δ’
1682 4689 1734 4744 έν
1787 4688 1996 4761 μείζονι

344 4784 476 4861 παρ’
508 4782 696 4854 ἐκείνῳ
751 4780 965 4854 μᾶλλον
1025 4777 1264 4854 σπουδῇ,
1318 4779 1407 4834 καὶ
1463 4780 1562 4848 τήν
1622 4774 1759 4833 ἰδίαν
1810 4779 1997 4856 χώραν

344 4872 733 4948 κΛηρούμενον
765 4873 848 4945 [Ρ.
882 4871 1010 4943 384]
1057 4872 1165 4923 τῶν
1213 4870 1308 4936 τῆς
1349 4865 1592 4930 Βενετίας
1621 4867 1760 4941 ὅρων
1795 4863 1999 4921 διισταη

356 4970 526 5038 μενην
554 4962 694 5018 κατᾶ
719 4960 888 5030 πολὺ,
926 4961 1023 5030 ὡς,
1069 4958 1117 5015 εἲ
1150 4980 1283 5014 ποτε
1313 4954 1693 5032 διχονοήσειαν
1724 4955 2001 5027 ἀλλήλοις

356 5050 620 5129 βασιλεὺς
650 5052 736 5105 καὶ
771 5048 1065 5120 Βενέτικοι,
1101 5048 1178 5121 μὴ
1210 5045 1293 5116 εἴη
1328 5046 1387 5101 ἐκ
1431 5044 1528 5101 τοῦ
1561 5044 1755 5123 σχεδὸν
1786 5045 2006 5123 βασιλεῖ

354 5142 616 5219 δυνάμεις
672 5139 899 5203 πλείους
955 5139 1228 5200 οἰκειακὰς
1286 5136 1728 5211 μεταπέμπεσθαι
1779 5136 1814 5206 ἣ
1872 5137 2001 5213 γοῦν

352 5234 611 5310 εὐμαρῶς
681 5231 899 5287 εἰσιέναι
988 5230 1054 5284 τὰ
1140 5227 1433 5285 Βενετίκων
1503 5225 1625 5302 ὅρια
1689 5225 1777 5281 καὶ
1854 5224 2004 5287 ταῦθ’

349 5321 579 5392 ὁπωσδή
649 5319 999 5397 κατατρέχειν
1056 5316 1144 5373 καὶ
1206 5315 1459 5387 σίνεσθαι,
1504 5311 1538 5369 ἆ
1583 5312 1648 5386 δὴ
1683 5317 1856 5370 πάντα
1881 5310 1980 5387 ᾔδε

348 5415 486 5490 πρὸς
526 5409 725 5488 ἰσχύος
762 5405 962 5485 ἔχοντα
1020 5404 1146 5483 δρᾷν
1185 5405 1277 5461 τὸν
1332 5404 1650 5490 Βονιφάτιον
1713 5400 2005 5490 μαρκέσιον

345 5487 409 5561 ἐκ
488 5487 852 5574 Λαμπαρδίας
909 5499 1008 5567 τὴν
1075 5497 1283 5570 γένεσιν
1357 5488 1573 5568 ἔχοντα·
1651 5487 2005 5566 Λαμπαρδίαν

348 5593 412 5651 δὲ
439 5590 715 5648 οἰκεῖσθαι
754 5586 1042 5661 παράλιον,
1101 5584 1190 5640 καὶ
1251 5579 1435 5658 ῥάδίας
1493 5580 1628 5636 εἶναι
1682 5582 1778 5644 τὰς
1808 5579 2006 5644 ἐκεῖθεν

342 5685 426 5750 εἷς
512 5680 618 5750 τὴν
692 5676 980 5751 Ῥωμαίων
1056 5672 1337 5745 ἐκπλοίας,
1439 5672 1528 5725 καὶ
1629 5668 1872 5727 Βενετίαν
1951 5667 2009 5723 δὲ

2109 4690 2400 4745 Romanas
2425 4689 2747 4759 provincias
2774 4688 3139 4756 trajiceretur
3159 4690 3215 4741 et
3237 4686 3309 4740 ob
3344 4683 3751 4755 propinquita-

2108 4783 2225 4834 tem
2261 4794 2484 4848 magnae
2517 4779 2707 4832 clades
2741 4778 2976 4831 Venetis
3006 4791 3234 4845 quoque
3265 4776 3565 4841 importari
3616 4792 3749 4844 pos—

2111 4872 2260 4924 sent.
2297 4868 2395 4923 His
2431 4869 2607 4937 igitur
2640 4869 2791 4923 790
2823 4867 3146 4922 rationibus
3178 4867 3327 4921 haud
3361 4883 3499 4921 sane
3544 4866 3754 4921 absur—

2112 4957 2203 5013 dis
2235 4956 2524 5028 impulsus
2558 4956 2882 5023 Dandulus,
2915 4962 2972 5011 et
3004 4955 3184 5010 multa
3213 4956 3388 5012 etiam
3419 4956 3751 5012 videntibus

2112 5047 2361 5103 obscura
2421 5044 2640 5100 lumine
2700 5045 2918 5115 ingenii
2980 5046 3337 5117 perspiciens
3393 5062 3579 5100 caecus
3634 5044 3750 5109 ille,

2114 5135 2474 5191 Bonifacium
2541 5132 2936 5189 marchionem
2999 5132 3233 5204 repulit,
3298 5133 3531 5205 praelato
3570 5133 3649 5187 illi
3684 5136 3756 5187 de

2116 5224 2462 5279 Francorum
2496 5227 2552 5278 et
2577 5222 2932 5278 Venetorum
2951 5222 3239 5278 sententia
3270 5223 3753 5293 Balduino,quem

2114 5330 2183 5370 ex
2211 5311 2586 5367 inferioribus
2607 5312 2807 5367 Galliis
2828 5318 3024 5367 ortum
3051 5312 3526 5375 esse,Galliarurn
3558 5317 3753 5367 autem

2116 5408 2173 5458 et
2194 5400 2565 5457 Venetiarum
2598 5400 2811 5456 limites
2841 5408 3070 5457 tantum
3104 5401 3321 5455 distare
3373 5406 3537 5455 norat
3584 5417 3758 5471 quau-

2116 5497 2242 5547 tum
2274 5490 2524 5545 Venetia;
2549 5507 2582 5545 a
2604 5491 2883 5547 Romanis
2908 5489 3221 5563 provinciis
3254 5490 3757 5545 distermineutur.

2117 5582 2196 5635 Eo
2228 5580 2539 5635 accedebat
2596 5583 2749 5653 quod
2804 5581 3126 5636 Balduinus
3182 5584 3303 5632 toto
3371 5585 3597 5648 pectore
3672 5578 3757 5629 illi

2117 5669 2457 5731 studebatet
2484 5683 2620 5725 eum
2653 5675 2719 5727 ut
2754 5676 2978 5742 patrem
3028 5665 3270 5735 colebat,
3329 5682 3433 5721 nec
3482 5667 3758 5720 diuturno
