4120 6284
427 317 547 377 983
1747 318 2058 383 ΝῙΟΕΤιΕ
2096 318 2517 383 ΟΗΟΝΙΑἩΕ
3695 330 3805 389 984

427 464 625 504 rerum
658 464 769 504 usu
801 449 1059 520 pollebat
1117 454 1180 506 ut
1240 450 1522 508 max-chio.
1583 452 1855 508 Nondum
1914 453 2068 508 enim

2187 449 2531 528 ἀγχοροῦσαν
2607 448 2795 507 πολλὰ
2865 448 2927 507 ἂν
2984 450 3103 508 κατ’
3176 449 3448 508 εὐπέτειαν
3522 456 3811 522 Βινετίκοις

428 538 754 598 Balduinus
786 556 1004 597 annum
1037 540 1224 596 aetatis
1254 541 1624 614 trigesimum
1648 544 1969 598 secundum
1989 559 2068 599 ex.

2188 546 2509 619 κακουργεῖν
2585 540 2947 617 ἀποτρόπαια.
3024 543 3135 596 Ὑπ’
3208 541 3421 598 ἐννοιῶν
3490 542 3665 598 τοίνυν
3740 548 3807 617 μὴ

428 633 721 699 cesserat;
755 634 811 684 et
839 628 1056 700 alioqui
1086 629 1175 684 vir
1202 635 1327 686 erat
1374 632 1508 702 pius
1561 637 1619 687 et
1648 632 1973 700 modestus,
2007 648 2068 689 ne

2186 631 2361 701 πάντη
2418 629 2721 707 ἀλογίστων
2777 630 3134 703 κεκινημένος
3187 631 3215 686 6
3274 629 3598 698 Δανδουλος,
3642 633 3725 687 καὶ
3751 637 3815 689 τὰ

426 718 724 790 impudico
781 719 1017 791 quidem
1075 724 1314 791 aspectu
1411 720 1718 778 mulierem
1802 722 2068 790 intuitur,

2185 717 2424 781 πολλοῖς
2489 724 2598 775 τῶν
2650 720 2907 795 ὁρώντων
2966 717 3342 796 δυστέκμαρτα
3401 727 3522 784 ταῖς
3585 726 3678 777 τοῦ
3724 727 3812 777 νοῦ

427 810 689 880 quandiu
727 825 759 865 α
814 826 923 865 sua
981 811 1225 883 conjuge
1264 811 1547 869 abluerat.
1584 811 1829 869 Vrcabat
1858 812 2068 868 divinis

2186 803 2620 881 καταλαμϐάνων
2677 808 2923 885 δράσασιν
2980 811 3009 865 6
3060 811 3236 886 πηρὸς
3293 810 3496 875 ἐκεῖνος
3539 810 3631 872 τὰς
3661 812 3813 887 κόρας

422 897 723 966 laudibus,
758 899 1199 955 necessitatibus
1257 901 1660 959 conﬂictantee
1709 900 2068 969 sublevabat,

2182 900 2281 952 τοῦ
2346 898 2626 970 σώματος,
2687 899 3100 973 παρεκρούσατο
3172 900 3268 972 μὶν
3341 900 3435 954 τὸν
3510 900 3812 977 Βονιιράτιον

424 1003 543 1041 suos
572 987 880 1043 sententis
912 988 1291 1045 adversantes
1319 1005 1486 1063 aequo
1518 993 1717 1046 animo
1777 991 2068 1048 audiebat.

2189 986 2501 1061 μαρκὲσιον,
2560 990 2670 1043 τῶν
2727 983 2787 1041 δὲ
2843 987 3140 1044 Βινετίκων
3194 987 3283 1043 καὶ
3341 992 3449 1045 τῶν
3481 988 3816 1063 Φραγκῖσκων

422 1075 493 1130 Et
521 1076 673 1148 quod
703 1076 1024 1132 maximum
1077 1086 1189 1146 est,
1249 1078 1340 1135 bis
1398 1079 1661 1150 qualibet
1709 1079 2068 1135 hebdomade

2184 1074 2261 1136 εἷς
2339 1075 2465 1147 μίαν
2536 1072 2957 1150 συνδραμόντων
3027 1078 3257 1153 γνώμην
3332 1077 3425 1132 τὸν
3499 1075 3816 1133 Βαλδουῖνον

421 1166 649 1237 vesperi
681 1167 1022 1239 proclamari
1049 1168 1296 1238 jubebat
1328 1185 1399 1225 ne
1429 1170 1559 1240 quis
1603 1170 1662 1224 in
1709 1186 1815 1225 suo
1856 1170 2068 1242 palatio

2181 1164 2512 1236 ἀνθείλοντο,
2543 1162 2704 1227 εἰδὼς
2748 1165 2808 1220 ἐκ
2854 1171 2962 1222 τῶν
3011 1167 3159 1222 κάτω
3200 1164 3455 1223 Γαλλιῶν
3485 1167 3815 1241 ὁρμώμενον,

422 1254 682 1321 cubaret,
712 1255 812 1326 qui
842 1254 1095 1312 alienam
1128 1255 1432 1314 mulierem
1460 1258 1773 1331 attigisset.

2186 1250 2436 1308 Γαλλιῶν
2497 1249 2555 1308 δὲ
2608 1252 2698 1307 καὶ
2757 1252 3004 1316 Βενιτίας
3056 1251 3110 1316 ἐς
3168 1258 3431 1311 τοσοῦτον
3492 1254 3621 1314 τοὺς
3675 1255 3822 1329 ’ὁρους

419 1340 708 1419 ἀφεστάναι
759 1342 812 1403 ἐς
840 1342 964 1398 ὅσον
1023 1344 1241 1400 Βενετία
1294 1345 1585 1418 Ῥωμαίων
1645 1345 2110 1420 ἀποσχοινίζεται,
2168 1341 2258 1397 καὶ
2316 1340 2432 1412 ἃμα
2484 1343 2537 1396 οἱ
2595 1339 2932 1399 Βαλδουῖνον
2963 1340 3069 1418 ὅλῃ
3102 1347 3257 1420 ψυχῇ
3287 1342 3703 1419 προσκεχηνότα
3732 1344 3817 1399 καὶ

420 1429 668 1503 ἀσμένως
734 1433 809 1494 ὡς
875 1432 1040 1507 πατρὶ
1106 1434 1573 1511 προσφερόμενον,
1643 1436 1783 1508 μήτε
1852 1436 1962 1507 μὴν
2040 1433 2144 1489 ὑπὸ
2210 1429 2444 1506 χρονίας
2518 1431 2823 1506 γυμνασίας
2888 1429 3169 1488 ἑντακέντα
3232 1432 3576 1508 πράγμασιν,
3640 1433 3818 1488 ὁποῖον

422 1521 693 1590 ἠπίστατο
758 1524 849 1578 τὸν
928 1523 1237 1599 μαρκέσιον·
1320 1524 1380 1580 οὐ
1446 1544 1549 1601 γρρ
1624 1546 1711 1580 πω
1777 1522 2110 1586 Βαλδουῖνος
2173 1521 2465 1595 τριάκοντα
2514 1520 2605 1578 καὶ
2665 1519 2764 1578 δύο
2820 1515 2915 1594 ἔτη
2963 1521 3404 1598 γεγένηται.ἾΙν
3434 1519 3495 1577 δὲ
3527 1521 3820 1585 καὶᾶλλως

426 1613 454 1665 6
514 1614 648 1688 ἀνὴρ
717 1614 874 1675 οὗτος
942 1606 1182 1683 εὐλαϐὴς
1249 1617 1315 1669 τὰ
1379 1614 1515 1689 πρὸς
1574 1615 1729 1685 Θεὸν,
1798 1613 1872 1677 ὠς
1939 1612 2182 1687 ἐλέγετο,
2248 1611 2338 1669 καὶ
2395 1612 2496 1682 τὴν
2555 1608 2763 1667 δίαιταν
2800 1610 3089 1688 ἐγκρατὴς,
3128 1612 3338 1687 γυναικὶ
3380 1609 3441 1667 δὲ
3483 1610 3824 1687 μηδεμέχρι

429 1699 749 1774 βλέμματος
788 1704 1185 1778 προσεσχηκὼς
1246 1702 1326 1782 ἐφ’
1380 1703 1504 1758 ὅσον
1564 1703 1764 1779 χρόνον
1823 1710 1925 1772 τῆς
1983 1700 2186 1763 οἰκείας
2257 1706 2506 1777 γαμετῆς
2565 1701 2949 1774 ἀπεφοίτησεν.
3010 1699 3189 1758 Ἀλλὰ
3225 1701 3316 1757 καὶ
3358 1700 3438 1763 είς
3473 1702 3600 1761 τοὺς
3639 1700 3824 1774 ὕμνους

425 1787 695 1864 ἐσχόλαζε
731 1796 831 1846 τοῦ
870 1796 1024 1862 Θεοῦ,
1066 1792 1156 1847 καὶ
1194 1791 1321 1854 τοὺς
1360 1792 1413 1847 ἐν
1472 1793 1729 1867 ἀνόίγκαις
1767 1787 2053 1868 ὲλυϐερνα,
2094 1791 2182 1847 καὶ
2245 1790 2459 1845 ἀκούειν
2517 1789 2645 1854 τοὺς
2681 1792 2820 1865 πρὸς
2860 1790 3021 1846 αὐτὸν
3062 1789 3451 1868 ἃντιλίςγοντας
3490 1788 3824 1865 κατεδέχετο.

424 1878 501 1936 Τὸ
552 1875 607 1934 δὲ
659 1881 934 1956 μέγιστον,
992 1878 1073 1943 δὶς
1120 1882 1266 1955 εἶχεν
1327 1882 1557 1953 ἑκάστης
1596 1877 1904 1955 ἑϐδομάδος
1967 1881 2059 1934 τὸν
2110 1879 2338 1953 ἑσπέρας
2377 1874 2738 1952 ἐπεμϐοῶντα
2778 1877 2990 1955 μηδένα
3026 1884 3135 1936 τῶν
3173 1879 3389 1935 οἰκείων
3426 1879 3662 1955 ἀρχείων
3693 1879 3829 1944 ἐντὸς

424 1968 835 2038 κατευνάζεσθαι
870 1973 945 2044 μὴ
977 1970 1202 2045 νομίμῳ
1234 1971 1449 2047 γυναικὶ
1480 1970 1876 2042 πλησιάζοντα.

501 2061 643 2116 79]
689 2062 742 2114 7.
803 2062 1125 2132 Imperator
1209 2063 1550 2134 designatus
1634 2063 1954 2118 Balduinus
2009 2061 2068 2118 in

2251 2060 2336 2132 [P.
2372 2059 2497 2131 386]
2564 2059 2628 2128 ζ’.
2695 2056 3026 2122 Βασιλεύσας
3084 2058 3259 2115 τοίνυν
3316 2061 3345 2115 6
3410 2057 3751 2123 Βαλδουῖνος
3779 2058 3830 2124 ἐς

425 2156 620 2222 partes
648 2150 1040 2206 occidentales
1070 2151 1209 2221 abit,
1240 2167 1354 2206 non
1392 2156 1454 2207 ut
1495 2168 1593 2207 eas
1647 2150 1883 2224 subigat
1940 2155 2074 2223 (pu-

426 2241 589 2296 tabat
617 2240 775 2295 enim
805 2241 952 2295 nihil
984 2241 1096 2296 sibi
1152 2258 1324 2313 posse
1381 2243 1687 2310 obsistere,
1721 2258 1789 2300 ac
1845 2248 2073 2297 tantum

426 2345 542 2384 non
570 2329 888 2385 insolenter
909 2334 1083 2400 atque
1107 2330 1508 2403 intempestive
1529 2331 1791 2402 jactabat
1824 2347 1837 2384 :
1895 2349 1920 2375 α
1951 2331 2072 2395 Quo

424 2434 554 2474 eam
589 2422 650 2474 ut
672 2424 887 2475 terram
934 2419 1105 2476 basta
1161 2423 1426 2491 quatiam
1457 2420 1530 2493 ‘7),
1591 2421 1691 2477 sed
1751 2425 1814 2475 ut
1854 2422 2074 2477 amicas

422 2506 752 2576 provincias
817 2525 1128 2581 peragrans
1187 2511 1258 2565 ab
1326 2509 1608 2567 omnibus
1676 2515 2069 2566 Romanorum

422 2594 743 2667 imperator
770 2597 1145 2654 salutaretur.
1169 2602 1293 2663 Qua
1319 2599 1390 2655 de
1411 2615 1588 2655 causa
1609 2598 1832 2654 nullam
1862 2598 2071 2653 Roma-

422 2700 630 2741 norum
663 2686 784 2743 sive
816 2687 1086 2745 militaris
1119 2689 1241 2745 sive
1275 2689 1495 2761 politici
1524 2689 1747 2746 ordinis
1782 2688 2069 2745 rationem

421 2770 653 2845 habuit,
681 2777 782 2831 sed
803 2791 901 2833 eos
924 2794 1128 2833 omnes
1153 2778 1503 2849 repudiavit,
1534 2779 1691 2850 quod
1716 2778 1871 2833 idem
1901 2784 2068 2833 caete-

420 2862 502 2918 ris
532 2880 767 2936 quoque
796 2866 1116 2924 comitibus
1146 2873 1204 2923 et
1233 2868 1485 2924 ducibus
1509 2867 1798 2924 exercitus
1849 2867 2066 2938 proba-

419 2951 611 3009 batur.
626 2954 769 3010 Nam
794 2972 924 3012 cum
949 2957 1353 3012 fortitudinem
1382 2974 1416 3013 a
1445 2957 1709 3029 cognatis
1755 2957 2068 3013 virtutibus

340 3074 345 3085 ε
417 3042 737 3112 sejunctam
770 3045 885 3101 sibi
917 3049 979 3100 ut
1005 3050 1061 3101 et
1091 3046 1555 3104 naturainsitam
1578 3052 1638 3101 et
1686 3062 1796 3102 usa
1849 3047 2066 3103 contir-

416 3139 632 3189 matam
655 3132 1038 3199 vindicarent,
1074 3134 1266 3191 nullas
1303 3134 1451 3191 alias
1466 3142 1673 3205 gentes
1690 3135 1754 3191 in
1776 3150 1835 3190 re
1858 3133 2067 3191 bellica

419 3218 529 3273 sibi
559 3220 647 3274 vel
670 3222 914 3293 adjungi
936 3221 1020 3277 vel
1040 3222 1287 3279 conferri
1312 3223 2062 3295 patiebantur,etquianul-

416 3305 512 3362 lus
541 3308 1341 3382 musis,nullusgratiisapud
1358 3311 1503 3367 istos
1517 3311 1797 3368 Barbaros
1809 3311 1971 3368 locus
1983 3327 2067 3368 re-

2186 2146 2322 2221 μέρη
2358 2145 2519 2217 ἔξεισι
2549 2149 2618 2204 τὰ
2646 2147 2890 2224 ἑσπέρια,
2945 2150 3053 2224 οὐχ
3111 2151 3187 2213 ὡς
3239 2151 3377 2206 αὐτά
3433 2152 3826 2226 χειρωσόμενος

2182 2238 2378 2311 (πάντα
2423 2231 2528 2312 γάρ
2568 2239 2619 2292 οἱ
2672 2236 2934 2311 ἁλώσιμα
2989 2237 3150 2312 ᾤετο,
3208 2264 3238 2292 α
3274 2245 3356 2310 lli
3392 2246 3487 2295 Βῶ
3516 2240 3605 2295 καὶ
3632 2244 3825 2311 κινήσω

2178 2326 2274 2381 τάν
2329 2333 2426 2402 γᾶν
2487 2331 2567 2399 τῷ
2623 2324 2833 2402 δόρατι,
2870 2352 2899 2381 ι»
2956 2333 3155 2403 μικροῦ
3210 2331 3521 2402 κομπάζων
3568 2331 3655 2387 καὶ
3712 2329 3819 2388 λίαν

2178 2415 2481 2491 ἀγερώχως
2543 2417 2675 2492 ὑπὲρ
2730 2414 3029 2488 Εὐκλείδην
3085 2422 3203 2491 (63)
3262 2420 3667 2497 φθεγγόμενος)
3707 2420 3821 2476 ἀλλ’

2178 2505 2253 2566 ὡς
2282 2502 2370 2559 διὰ
2401 2504 2599 2582 φιλίων
2667 2506 2870 2581 χώρων
2929 2505 3402 2582 παρελευσόμενος
3455 2510 3546 2564 καὶ
3579 2508 3819 2584 βασιλεὺς

2176 2593 2459 2666 Ῥωμαίων
2500 2593 3073 2669 ἀναγορευθησόμενος
3127 2597 3264 2671 πρὸς
3321 2599 3553 2669 παντὸς,
3585 2600 3644 2654 οὗ
3673 2599 3818 2673 χάριν

2176 2679 2307 2738 οὐδὲ
2361 2680 2601 2755 κομιδῆς
2653 2685 2870 2740 οὶασοῦν
2927 2674 3254 2756 κατηξιώκει
3304 2689 3466 2751 τινὰς
3525 2693 3632 2744 τῶν
3692 2691 3815 2743 Ῥω-

2179 2770 2355 2844 μαίων
2405 2772 2465 2828 ἒκ
2509 2777 2605 2829 τοῦ
2658 2779 3052 2849 στρατιωτικοῦ
3106 2796 3166 2831 τε
3219 2778 3309 2833 καὶ
3380 2776 3683 2833 πολιτικοῦ
3710 2800 3814 2832 συν-

2173 2862 2474 2937 τάγματος,
2532 2860 2660 2918 άλλ’
2727 2864 3105 2934 ἁπαξάπαντας
3160 2864 3549 2940 ἀπεπέμψατο.
3649 2870 3811 2925 Τοῦτο

2174 2947 2231 3006 δὲ
2281 2952 2373 3007 καὶ
2425 2956 2544 3014 τοῖς
2599 2951 2795 3016 ἄλλοις
2849 2957 2948 3009 τοῦ
3005 2960 3403 3030 στρατιωτικοῦ
3465 2958 3697 3032 ἡγεμόσι
3734 2958 3811 3010 καὶ

2171 3039 2380 3113 κὸμησι
2438 3038 2682 3101 δέδοκτο·
2748 3044 2848 3110 τὴν
2906 3043 3010 3117 γὰρ
3067 3041 3286 3118 ἀνδρίαν
3357 3050 3474 3101 τῶν
3553 3045 3806 3118 συννόμων

2172 3131 2378 3205 ἀρετῶν
2438 3130 2809 3209 ἀφορίζοντες,
2861 3133 2950 3189 καί
2999 3133 3202 3205 ταύτην
3255 3136 3480 3198 ἑαυτοῖς
3513 3135 3805 3197 οἱκειοῦντες

2172 3219 2251 3281 ὡς
2307 3221 2554 3295 συγγενὲς
2614 3222 2705 3277 καὶ
2763 3222 3059 3300 σύντροφον
3114 3221 3491 3299 ἐπιτήδευμα,
3553 3224 3697 3281 οὐδὲν
3719 3228 3812 3278 τῶν

2171 3305 2361 3364 ἄλλων
2422 3309 2587 3365 ἐθνῶν
2644 3310 2723 3373 εἷς
2791 3312 2984 3386 Ἄρεος
3050 3306 3185 3390 ἔργα
3256 3309 3816 3389 παρασυμϐεϐλῆσθαί

415 3393 811 3465 linquebatur,
855 3397 1214 3457 immanibus
1231 3401 1433 3471 utique
1452 3405 1618 3456 erant
1636 3399 1946 3469 ingeniiset
1979 3400 2062 3456 bi-

2177 3418 2356 3463 σφισιν
2388 3399 2700 3478 ἠνείχοντο.
2734 3399 2895 3457 Ἀλλ’
2924 3398 3051 3457 οὐδὲ
3096 3421 3182 3464 τις
3221 3408 3331 3458 τῶν
3362 3404 3630 3479 Χαρίτων
3659 3404 3691 3470 ἢ
3723 3406 3818 3457 τῶν

416 3482 531 3539 lem
564 3484 788 3541 ratione
809 3489 1228 3559 promptiorem
1252 3489 1568 3545 habebant.
1593 3490 1703 3545 Sed
1722 3489 2064 3560 Balduinus,

421 3570 688 3627 Thraciis
718 3573 969 3631 urbibus
995 3575 1631 3648 peragratis,0restiadi
1669 3576 2065 3649 Didymoticho

418 3665 476 3717 et
504 3660 893 3737 Philippopoli
926 3667 1196 3736 praesidia
1226 3667 1531 3737 imposuit.
1591 3667 1697 3723 Ubi
1744 3667 2063 3725 Xanthiam

417 3754 702 3823 pervenit,
728 3755 1115 3826 provinciales
1139 3757 1570 3814 Sennacheribo
1618 3758 1872 3829 quodam
1922 3759 2066 3815 duce

417 3840 668 3899 insidias
709 3841 871 3901 illius
927 3845 1207 3901 exercitui
1262 3845 1659 3914 collocarunt;
1692 3847 1791 3919 qui
1843 3863 1976 3903 eum
2005 3863 2069 3903 se

418 3936 723 4008 paulisper
789 3935 1204 4007 ostendissent,
1233 3952 1439 3993 rursus
1487 3935 1855 4008 abdiderunt,
1917 3935 2067 3992 792

422 4025 615 4080 timidi
648 4041 715 4080 eo
746 4027 961 4081 reversi
1018 4026 1173 4080 unde
1226 4026 1448 4081 feroces
1497 4024 1859 4096 prodierant.
1892 4025 1973 4080 Ex
2001 4041 2069 4081 eo

417 4113 566 4167 citra
597 4128 858 4183 pugnam
886 4128 1113 4177 versus,
1161 4113 1638 4170 Thessalonicam
1693 4113 2068 4185 metropolim

421 4201 584 4269 abiit,
622 4200 915 4256 Bonifacio
947 4202 1283 4257 marchione
1308 4203 1646 4270 comitante,
1677 4202 1779 4274 qui
1828 4202 2070 4257 Mariam

418 4289 780 4345 Pannoniam
815 4305 1012 4345 secum
1036 4290 1304 4357 ducebat,
1337 4291 1556 4347 Isaacio
1588 4288 1809 4361 Angelo
1843 4290 2067 4360 pridem

419 4378 801 4449 nuptam,sed
834 4383 966 4450 post
995 4377 1153 4434 illius
1186 4378 1410 4434 obitum
1468 4382 1524 4435 et
1580 4378 1783 4434 urbem
1846 4390 2072 4450 captam

416 4467 678 4540 legitimo
701 4467 815 4524 sibi
842 4466 1213 4523 matrimonio
1233 4467 1807 4537 junctam.therum
1833 4484 1965 4523 cum
1999 4468 2075 4524 ad

418 4557 843 4631 MosynOpolim
874 4561 1114 4613 ventum
1146 4561 1323 4625 esset,
1358 4560 1415 4614 et
1475 4574 1543 4612 ex
1600 4556 1873 4628 plurimis
1907 4559 2074 4614 audi-

417 4648 593 4704 visset
623 4663 930 4720 nunquam
956 4645 1016 4702 in
1037 4646 1236 4702 animo
1260 4644 1542 4701 habuisse
1580 4645 1932 4703 Balduinum
1963 4644 2074 4703 sibi

416 4737 633 4810 inclyta
663 4734 1103 4806 Thessalonica,
1165 4741 1231 4792 ut
1288 4735 1672 4807 convenisset,
1718 4736 1940 4802 cedere,
1972 4737 2073 4792 sed

2176 3487 2411 3544 Μουσῶν
2467 3490 2613 3562 παρὰ
2668 3493 2785 3550 τοῖς
2842 3484 3141 3565 βαρϐάροις
3194 3490 3409 3554 τούτοις
3487 3492 3815 3565 ἐπεξενίζετο’

2172 3576 2259 3631 καὶ
2293 3577 2440 3650 παρὰ
2466 3580 2651 3647 τοῦτο,
2683 3579 2861 3651 οἶμαι,
2904 3581 3003 3649 τήν
3044 3579 3201 3655 φύσιν
3259 3581 3396 3650 ἦσαν
3442 3583 3707 3657 ἀνήμεροι
3734 3579 3815 3634 καί

2170 3665 2266 3721 τὸν
2326 3666 2502 3740 χόλον
2562 3667 2711 3742 εἶχον
2766 3671 2863 3723 τοῦ
2920 3660 3092 3743 λόγου
3150 3670 3554 3746 προτρέχοντω
3587 3670 3806 3727 Διελϐὼν

2172 3753 2348 3809 τοίνυν
2401 3755 2498 3818 τὰς
2556 3757 2816 3830 Θρᾳκῴας
2889 3756 3083 3820 πόλεις
3159 3759 3187 3812 6
3260 3757 3605 3822 Βαλδουῖνος
3631 3763 3698 3834 τῇ
3732 3758 3815 3831 μὲν

2174 3841 2477 3918 Ὀρεστιάδι
2516 3847 2753 3923 φρουρὰν
2787 3844 3155 3921 ἐγκατέλεξεν,
3200 3848 3406 3920 ὁμοίως
3460 3848 3518 3906 δὲ
3565 3850 3652 3904 καὶ
3696 3847 3818 3903 κατὰ

2171 3933 2236 3989 τὸ
2276 3929 2676 4012 Διδυμότοιχον
2729 3936 2820 3989 καὶ
2876 3937 2975 4004 τὴν
3038 3934 3100 3991 ἐκ
3155 3938 3443 3992 Φιλίππου
3511 3938 3817 4013 παρώνυμον

2174 4019 2338 4076 πόλιν
2367 4018 2710 4097 διεπράξατο.
2759 4024 2848 4088 Ὠς
2896 4021 2943 4079 δ’
2991 4024 3069 4080 sic
3116 4023 3380 4091 Ξᾶνοειαν
3421 4025 3602 4093 ἵκετο,
3652 4026 3815 4101 Λόχον

2178 4110 2229 4164 οἱ
2287 4108 2459 4165 ἐκεῖσε
2515 4111 2938 4175 ὑποκαθίσαντες
2996 4116 3309 4190 Σενάχερίμ
3370 4135 3524 4180 meq
3595 4118 3811 4190 ἐξηγου-

2181 4201 2345 4273 μένου
2403 4204 2484 4273 τῷ
2540 4205 2901 4274 πρατεῦματι
2954 4201 3134 4278 ’λάθρα
3191 4203 3463 4260 ἐπέθεντο·
3532 4206 3722 4281 μικρὸν
3759 4199 3812 4257 δέ

2177 4309 2229 4344 τι
2258 4290 2503 4367 φανέντες
2549 4288 2948 4366 ἀπεκρύψαντο,
3005 4290 3315 4356 ἐπανιόντες
3366 4290 3674 4369 δείλανδροι
3702 4291 3809 4355 ὅθεν

2180 4376 2396 4451 ἐξῄεσαν
2442 4377 2849 4454 θρασυκάρδιοι.
2899 4381 2960 4437 Ὀ
3005 4377 3062 4435 δὲ
3108 4380 3316 4456 ἀμαχεὶ
3364 4381 3426 4438 ἐκ
3472 4380 3630 4439 τοῦδε
3655 4380 3813 4456 πρου-

2178 4466 2352 4541 χώρει
2386 4467 2527 4542 πρὸς
2581 4468 2684 4536 τὴν
2742 4467 3176 4525 Θεσσαλονικέων
3241 4472 3609 4545 μητρόπολιν.
3639 4468 3811 4547 Ἐιρεία

2178 4576 2309 4612 πετο
2362 4555 2421 4611 δὲ
2464 4558 2516 4613 οἱ
2557 4559 2585 4613 6
2634 4559 2958 4637 Βονιφάτιος
3004 4556 3321 4635 μαρκΞσιος,
3366 4564 3467 4632 τὴν
3502 4562 3562 4618 ἐκ
3591 4561 3813 4618 Παιόνων

2179 4647 2386 4723 Μαρίαν
2443 4647 2796 4724 ἐπαγόμενος.
2851 4650 3103 4723 Ἰσαακίῳ
3159 4653 3251 4725 μὲν
3301 4657 3382 4725 τῷ
3439 4653 3491 4725 ἐξ
3545 4649 3808 4730 Ἀγγέλων

2180 4737 2541 4812 ἁρμοσθεῖσαν
2571 4739 2856 4815 πρότερον,
2892 4740 3027 4814 μετᾶ
3074 4737 3133 4796 δὲ
3179 4742 3278 4812 τήν
3328 4741 3533 4800 ἐκείνου
3572 4740 3809 4799 ἐκϐίωσιν

418 4842 485 4882 ea
514 4827 585 4881 de
606 4844 782 4882 causa
839 4826 896 4881 id
954 4825 1066 4881 iter
1125 4825 1462 4898 suscepisse
1492 4828 1551 4881 et
1593 4824 1840 4881 celerius
1868 4826 1972 4893 ire,
2006 4833 2068 4883 ut

2178 4826 2270 4880 καὶ
2324 4828 2427 4897 τὴν
2476 4834 2577 4898 τῆς
2631 4826 2851 4891 πόλεως
2908 4828 3114 4893 ἃλωσιν
3180 4836 3621 4890 συνευναθεῖσαν
3678 4831 3809 4900 αὐτῷ

418 4914 624 4970 urbem
683 4914 846 4970 illam
904 4919 1234 4985 occuparet,
1294 4914 1471 4986 longo
1556 4922 1816 4986 tempore
1888 4915 2067 4971 veluti

418 5003 700 5059 attonitus
785 5004 969 5059 stetit.
1028 5003 1246 5059 Deinde
1304 5020 1419 5077 pra:
1472 5004 1656 5060 animi
1721 5004 2066 5077 egritudine

417 5091 700 5148 convertit
754 5091 908 5148 iter:
969 5091 1321 5148 Balduinum
1400 5093 1755 5150 fallaciorem
1825 5093 2064 5162 Graecis,

417 5182 729 5254 perﬁdum,
788 5181 994 5248 levem,
1065 5186 1284 5240 tessera
1365 5182 1801 5240 mutabiliorem
1880 5189 2063 5254 vocat,

2175 4915 2311 4971 κατά
2334 4915 2559 4989 νόμους.
2612 4918 2762 4974 Ἐπεὶ
2824 4916 2882 4973 δὲ
2942 4919 2974 4974 6
3032 4920 3126 4993 μὲν
3182 4918 3511 4985 Βαλδουῖνος
3544 4921 3806 4990 αὐλίζοιτο

2173 5004 2311 5060 κατά
2403 5005 2502 5075 τήν
2580 5006 2991 5079 Μοσυνόπολιν,
3068 5009 3096 5063 ὁ
3172 5006 3230 5065 δὲ
3312 5013 3604 5084 μαρκέσιος
3675 5007 3807 5082 παρὰ

2175 5093 2456 5150 πλείστων
2501 5092 2644 5168 μηδέ
2700 5118 2836 5153 ποτε
2865 5097 3156 5172 προθέσθαι
3188 5098 3281 5155 τὸν
3300 5097 3626 5157 Βαλδουῖνον
3660 5099 3805 5154 ὑπεκ-

2175 5182 2365 5255 στῆναί
2426 5183 2478 5240 οἱ
2527 5190 2632 5256 τῆς
2690 5183 2935 5262 λογίμης
2986 5184 3408 5262 Θεσσαλονίκης,
3458 5190 3699 5265 καθάπερ
3745 5183 3804 5251 δὴ

1813 5310 1980 5373 Hier.
2017 5310 2231 5373 Wolﬁi
2261 5319 2451 5374 notis.

492 5461 609 5533 (63)
649 5460 718 5515 Τὸ
751 5458 882 5532 ὑπὲρ
926 5456 1248 5533 Εὐκλείδην.
1281 5460 1478 5518 Castori
1533 5461 1763 5518 codices
1802 5477 1916 5533 non
1971 5462 2071 5519 ha-

424 5531 707 5606 bent.Nec
729 5531 873 5606 mihi
896 5538 1025 5606 nota
1051 5531 1398 5606 est_historia
1419 5535 1489 5606 de
1525 5533 1783 5589 Euclidis
1823 5532 2072 5606 alicujus

423 5605 758 5662 insolentia.
790 5598 1105 5677 Εὐκλείδου
1124 5599 1395 5677 ἄρχοντος
1427 5604 1736 5677 ﬁt_mentio
1767 5606 1922 5677 apud
1967 5598 2070 5663 De.

423 5678 814 5748 mosthenem,
848 5677 918 5735 de
976 5675 1391 5750 legibus'ante
1445 5675 1532 5733 vel
1598 5681 1733 5751 post
1773 5675 2068 5734 Euclidem

2182 5463 2387 5543 irritis.
2410 5465 2709 5543 Fortassis
2739 5465 2845 5543 hoc
2873 5467 3001 5543 vult
3046 5464 3111 5543 τὸ
3173 5466 3303 5543 {iulg
3344 5462 3639 5543 Εὐκλείδην
3671 5482 3802 5539 prm-

2184 5541 2433 5603 mature,
2465 5538 2894 5610 intempestive,
2926 5538 3247 5597 insolenter
3274 5538 3626 5598 'encomium
3672 5538 3802 5594 eum

2182 5623 2400 5691 canere.
2418 5615 2551 5667 ante
2579 5609 2907 5691 victgriam,
2939 5615 3005 5669 ut
3061 5613 3135 5670 ad
3191 5614 3520 5691 προθεσμίαν
3572 5613 3673 5665 τῶν
3717 5628 3809 5663 κυ-

2182 5676 2314 5755 ρίων
2339 5679 2526 5755 νόμων
2559 5678 2804 5741 alludat.
