  <div class='ocr_page' id='page_1' title='image "/cluster/home/n/w/nwhite01/storage/ocr_20150623/139/mdp.39015078384214/504.png"; bbox 0 0 4120 6284; ppageno 0'>
   <div class='ocr_carea' id='block_1_1' title="bbox 257 384 377 446">
    <p class='ocr_par' dir='ltr' id='par_1_1' title="bbox 257 384 377 446">
     <span class='ocr_line' id='line_1_1' title="bbox 257 384 377 446; baseline 0.025 -3"><span class='ocrx_word' id='word_1_1' title='bbox 257 384 377 446; x_wconf 83' lang='lat'>989</span> 
     </span>
    </p>
   </div>
   <div class='ocr_carea' id='block_1_2' title="bbox 1700 386 2223 450">
    <p class='ocr_par' dir='ltr' id='par_1_2' title="bbox 1700 386 2223 450">
     <span class='ocr_line' id='line_1_2' title="bbox 1700 386 2223 450; baseline -0.011 0"><span class='ocrx_word' id='word_1_2' title='bbox 1700 387 1900 450; x_wconf 79' lang='lat' dir='ltr'>UBBS</span> <span class='ocrx_word' id='word_1_3' title='bbox 1943 386 2223 446; x_wconf 77' lang='lat' dir='ltr'>CAPTA.</span> 
     </span>
    </p>
   </div>
   <div class='ocr_carea' id='block_1_3' title="bbox 3555 387 3674 447">
    <p class='ocr_par' dir='ltr' id='par_1_3' title="bbox 3555 387 3674 447">
     <span class='ocr_line' id='line_1_3' title="bbox 3555 387 3674 447; baseline 0 0"><span class='ocrx_word' id='word_1_4' title='bbox 3555 387 3674 447; x_wconf 85' lang='lat'>990</span> 
     </span>
    </p>
   </div>
   <div class='ocr_carea' id='block_1_4' title="bbox 265 511 1917 591">
    <p class='ocr_par' dir='ltr' id='par_1_4' title="bbox 265 511 1913 591">
     <span class='ocr_line' id='line_1_4' title="bbox 265 511 1913 591; baseline 0.002 -24"><span class='ocrx_word' id='word_1_5' title='bbox 265 513 484 588; x_wconf 67' lang='grc' dir='ltr'>Προύσῃ</span> <span class='ocrx_word' id='word_1_6' title='bbox 546 511 735 570; x_wconf 79' lang='grc' dir='ltr'>λαϐεῖν</span> <span class='ocrx_word' id='word_1_7' title='bbox 793 516 845 570; x_wconf 72' lang='grc' dir='ltr'>οἱ</span> <span class='ocrx_word' id='word_1_8' title='bbox 905 518 989 589; x_wconf 89' lang='grc' dir='ltr'>[Ρ.</span> <span class='ocrx_word' id='word_1_9' title='bbox 1042 519 1167 591; x_wconf 83' lang='lat'>389]</span> <span class='ocrx_word' id='word_1_10' title='bbox 1225 523 1445 574; x_wconf 83' lang='grc' dir='ltr'>Λατῖνοι</span> <span class='ocrx_word' id='word_1_11' title='bbox 1510 518 1759 579; x_wconf 80' lang='grc' dir='ltr'>θέλοντες</span> <span class='ocrx_word' id='word_1_12' title='bbox 1824 519 1913 572; x_wconf 87' lang='grc' dir='ltr'>καὶ</span> 
     </span>
    </p>
   </div>
   <div class='ocr_carea' id='block_1_5' title="bbox 2027 511 3681 591">
    <p class='ocr_par' dir='ltr' id='par_1_5' title="bbox 2031 514 3681 591">
     <span class='ocr_line' id='line_1_5' title="bbox 2031 514 3681 591; baseline 0.002 -20"><span class='ocrx_word' id='word_1_13' title='bbox 2031 516 2396 588; x_wconf 77' lang='lat' dir='ltr'>postulantes</span> <span class='ocrx_word' id='word_1_14' title='bbox 2445 519 2509 568; x_wconf 87' lang='lat' dir='ltr'>ut</span> <span class='ocrx_word' id='word_1_15' title='bbox 2567 515 2709 569; x_wconf 84' lang='lat' dir='ltr'>urbe</span> <span class='ocrx_word' id='word_1_16' title='bbox 2767 514 3139 585; x_wconf 79' lang='lat' dir='ltr'>recipiantur.</span> <span class='ocrx_word' id='word_1_17' title='bbox 3192 520 3277 573; x_wconf 84' lang='lat' dir='ltr'>Ita</span> <span class='ocrx_word' id='word_1_18' title='bbox 3333 517 3491 573; x_wconf 87' lang='lat' dir='ltr'><strong>enim</strong></span> <span class='ocrx_word' id='word_1_19' title='bbox 3552 535 3681 591; x_wconf 58' lang='lat' dir='ltr'><strong>qua:</strong></span> 
     </span>
    </p>
   </div>
   <div class='ocr_carea' id='block_1_6' title="bbox 263 604 1920 685">
    <p class='ocr_par' dir='ltr' id='par_1_6' title="bbox 263 604 1920 685">
     <span class='ocr_line' id='line_1_6' title="bbox 263 604 1920 685; baseline 0.003 -29"><span class='ocrx_word' id='word_1_20' title='bbox 263 608 467 677; x_wconf 83' lang='grc' dir='ltr'>γνῶναι</span> <span class='ocrx_word' id='word_1_21' title='bbox 525 605 662 679; x_wconf 85' lang='grc' dir='ltr'>πρὸς</span> <span class='ocrx_word' id='word_1_22' title='bbox 722 605 807 666; x_wconf 81' lang='grc' dir='ltr'>οἷς</span> <span class='ocrx_word' id='word_1_23' title='bbox 851 604 1005 675; x_wconf 80' lang='grc' dir='ltr'>εἰσιν,</span> <span class='ocrx_word' id='word_1_24' title='bbox 1064 605 1178 661; x_wconf 76' lang='grc' dir='ltr'>ἐπεὶ</span> <span class='ocrx_word' id='word_1_25' title='bbox 1240 604 1381 680; x_wconf 73' lang='grc' dir='ltr'>μηδὲ</span> <span class='ocrx_word' id='word_1_26' title='bbox 1439 609 1737 683; x_wconf 87' lang='grc' dir='ltr'>προσεῖχόν</span> <span class='ocrx_word' id='word_1_27' title='bbox 1771 629 1920 685; x_wconf 77' lang='grc' dir='ltr'>σφισι</span> 
     </span>
    </p>
   </div>
   <div class='ocr_carea' id='block_1_7' title="bbox 267 691 1915 771">
    <p class='ocr_par' dir='ltr' id='par_1_7' title="bbox 267 691 1915 771">
     <span class='ocr_line' id='line_1_7' title="bbox 267 691 1915 771; baseline 0.002 -24"><span class='ocrx_word' id='word_1_28' title='bbox 267 698 567 766; x_wconf 76' lang='grc' dir='ltr'>Ηρουσαῖοι</span> <span class='ocrx_word' id='word_1_29' title='bbox 624 698 761 766; x_wconf 80' lang='grc'>(65),</span> <span class='ocrx_word' id='word_1_30' title='bbox 821 691 968 748; x_wconf 72' lang='grc' dir='ltr'>ἀλλᾶ</span> <span class='ocrx_word' id='word_1_31' title='bbox 1028 701 1148 750; x_wconf 88' lang='grc' dir='ltr'>σῖτα</span> <span class='ocrx_word' id='word_1_32' title='bbox 1205 699 1664 770; x_wconf 70' lang='grc' dir='ltr'>παρεσκευακότες</span> <span class='ocrx_word' id='word_1_33' title='bbox 1722 695 1915 771; x_wconf 78' lang='grc' dir='ltr'>διαρκῆ</span> 
     </span>
    </p>
   </div>
   <div class='ocr_carea' id='block_1_8' title="bbox 264 782 1920 861">
    <p class='ocr_par' dir='ltr' id='par_1_8' title="bbox 264 782 1920 861">
     <span class='ocr_line' id='line_1_8' title="bbox 264 782 1920 861; baseline 0.003 -26"><span class='ocrx_word' id='word_1_34' title='bbox 264 783 399 853; x_wconf 85' lang='grc' dir='ltr'>πρὸς</span> <span class='ocrx_word' id='word_1_35' title='bbox 460 782 790 857; x_wconf 74' lang='grc' dir='ltr'>πολιορκίαν</span> <span class='ocrx_word' id='word_1_36' title='bbox 852 786 1081 861; x_wconf 82' lang='grc' dir='ltr'>χρονίαν</span> <span class='ocrx_word' id='word_1_37' title='bbox 1137 786 1227 839; x_wconf 78' lang='grc' dir='ltr'>καὶ</span> <span class='ocrx_word' id='word_1_38' title='bbox 1284 790 1352 860; x_wconf 80' lang='grc' dir='ltr'>τῇ</span> <span class='ocrx_word' id='word_1_39' title='bbox 1411 786 1549 842; x_wconf 80' lang='grc' dir='ltr'>θέσει</span> <span class='ocrx_word' id='word_1_40' title='bbox 1605 792 1703 842; x_wconf 74' lang='grc' dir='ltr'>τοῦ</span> <span class='ocrx_word' id='word_1_41' title='bbox 1750 788 1920 841; x_wconf 82' lang='grc' dir='ltr'>τόπου</span> 
     </span>
    </p>
   </div>
   <div class='ocr_carea' id='block_1_9' title="bbox 262 870 1922 949">
    <p class='ocr_par' dir='ltr' id='par_1_9' title="bbox 262 870 1922 949">
     <span class='ocr_line' id='line_1_9' title="bbox 262 870 1922 949; baseline 0.002 -24"><span class='ocrx_word' id='word_1_42' title='bbox 262 870 607 935; x_wconf 72' lang='grc' dir='ltr'>πιστεύοντες</span> <span class='ocrx_word' id='word_1_43' title='bbox 668 874 743 944; x_wconf 80' lang='grc' dir='ltr'>μὴ</span> <span class='ocrx_word' id='word_1_44' title='bbox 804 870 866 926; x_wconf 81' lang='grc' dir='ltr'>ἄν</span> <span class='ocrx_word' id='word_1_45' title='bbox 929 895 1061 928; x_wconf 90' lang='grc' dir='ltr'>ποτε</span> <span class='ocrx_word' id='word_1_46' title='bbox 1129 874 1221 949; x_wconf 72' lang='grc' dir='ltr'>βίᾳ</span> <span class='ocrx_word' id='word_1_47' title='bbox 1287 876 1516 937; x_wconf 80' lang='grc' dir='ltr'>ἁλῶναι,</span> <span class='ocrx_word' id='word_1_48' title='bbox 1565 875 1648 931; x_wconf 79' lang='grc' dir='ltr'>ὅτι</span> <span class='ocrx_word' id='word_1_49' title='bbox 1697 876 1784 930; x_wconf 78' lang='grc' dir='ltr'>καὶ</span> <span class='ocrx_word' id='word_1_50' title='bbox 1832 874 1922 930; x_wconf 82' lang='grc' dir='ltr'>ἐπὶ</span> 
     </span>
    </p>
   </div>
   <div class='ocr_carea' id='block_1_10' title="bbox 262 959 1924 1041">
    <p class='ocr_par' dir='ltr' id='par_1_10' title="bbox 262 959 1924 1041">
     <span class='ocr_line' id='line_1_10' title="bbox 262 959 1924 1041; baseline 0.002 -26"><span class='ocrx_word' id='word_1_51' title='bbox 262 959 518 1039; x_wconf 60' lang='grc' dir='ltr'>γηλόφου</span> <span class='ocrx_word' id='word_1_52' title='bbox 579 961 805 1031; x_wconf 75' lang='grc' dir='ltr'>ᾤκισται</span> <span class='ocrx_word' id='word_1_53' title='bbox 850 967 1065 1034; x_wconf 75' lang='grc' dir='ltr'>υροῦσα</span> <span class='ocrx_word' id='word_1_54' title='bbox 1120 964 1211 1017; x_wconf 87' lang='grc' dir='ltr'>καὶ</span> <span class='ocrx_word' id='word_1_55' title='bbox 1260 970 1449 1041; x_wconf 83' lang='grc' dir='ltr'>τεῖχος</span> <span class='ocrx_word' id='word_1_56' title='bbox 1500 965 1705 1041; x_wconf 86' lang='grc' dir='ltr'>ὀχυρὸν</span> <span class='ocrx_word' id='word_1_57' title='bbox 1768 984 1924 1037; x_wconf 89' lang='grc' dir='ltr'>περι-</span> 
     </span>
    </p>
   </div>
   <div class='ocr_carea' id='block_1_11' title="bbox 263 1047 1920 1130">
    <p class='ocr_par' dir='ltr' id='par_1_11' title="bbox 263 1047 1920 1130">
     <span class='ocr_line' id='line_1_11' title="bbox 263 1047 1920 1130; baseline 0.003 -26"><span class='ocrx_word' id='word_1_58' title='bbox 263 1047 555 1121; x_wconf 73' lang='grc' dir='ltr'>ϐέϐληται,</span> <span class='ocrx_word' id='word_1_59' title='bbox 607 1051 826 1127; x_wconf 75' lang='grc' dir='ltr'>ἄραντες</span> <span class='ocrx_word' id='word_1_60' title='bbox 878 1050 937 1106; x_wconf 82' lang='grc' dir='ltr'>ἐκ</span> <span class='ocrx_word' id='word_1_61' title='bbox 983 1052 1259 1108; x_wconf 74' lang='grc' dir='ltr'>Λοπαδίου</span> <span class='ocrx_word' id='word_1_62' title='bbox 1290 1059 1358 1127; x_wconf 78' lang='grc' dir='ltr'>τῇ</span> <span class='ocrx_word' id='word_1_63' title='bbox 1397 1055 1611 1130; x_wconf 71' lang='grc' dir='ltr'>Προύσῃ</span> <span class='ocrx_word' id='word_1_64' title='bbox 1643 1056 1920 1129; x_wconf 80' lang='grc' dir='ltr'>προσίασι,</span> 
     </span>
    </p>
   </div>
   <div class='ocr_carea' id='block_1_12' title="bbox 263 1136 1923 1221">
    <p class='ocr_par' dir='ltr' id='par_1_12' title="bbox 263 1136 1923 1221">
     <span class='ocr_line' id='line_1_12' title="bbox 263 1136 1923 1221; baseline 0.001 -26"><span class='ocrx_word' id='word_1_65' title='bbox 263 1140 351 1195; x_wconf 82' lang='grc' dir='ltr'>καὶ</span> <span class='ocrx_word' id='word_1_66' title='bbox 388 1142 452 1196; x_wconf 88' lang='grc' dir='ltr'>τὸ</span> <span class='ocrx_word' id='word_1_67' title='bbox 488 1136 863 1215; x_wconf 73' lang='grc' dir='ltr'>μεσημϐρινὸν</span> <span class='ocrx_word' id='word_1_68' title='bbox 909 1147 1099 1215; x_wconf 84' lang='grc' dir='ltr'>τεῖχος</span> <span class='ocrx_word' id='word_1_69' title='bbox 1147 1140 1516 1221; x_wconf 71' lang='grc' dir='ltr'>διειληφότες,</span> <span class='ocrx_word' id='word_1_70' title='bbox 1564 1144 1699 1208; x_wconf 84' lang='grc' dir='ltr'>καθὸ</span> <span class='ocrx_word' id='word_1_71' title='bbox 1730 1143 1793 1199; x_wconf 88' lang='grc' dir='ltr'>τὸ</span> <span class='ocrx_word' id='word_1_72' title='bbox 1831 1142 1923 1216; x_wconf 76' lang='grc' dir='ltr'>μὲν</span> 
     </span>
    </p>
   </div>
   <div class='ocr_carea' id='block_1_13' title="bbox 265 1227 1922 1311">
    <p class='ocr_par' dir='ltr' id='par_1_13' title="bbox 265 1227 1922 1311">
     <span class='ocr_line' id='line_1_13' title="bbox 265 1227 1922 1311; baseline 0.002 -30"><span class='ocrx_word' id='word_1_73' title='bbox 265 1227 392 1303; x_wconf 74' lang='grc' dir='ltr'>ὃρος</span> <span class='ocrx_word' id='word_1_74' title='bbox 423 1231 451 1283; x_wconf 98' lang='lat'>6</span> <span class='ocrx_word' id='word_1_75' title='bbox 482 1228 772 1302; x_wconf 83' lang='grc' dir='ltr'>Ὄλυμπος</span> <span class='ocrx_word' id='word_1_76' title='bbox 826 1230 1107 1305; x_wconf 83' lang='grc' dir='ltr'>ἀναχωρεῖ</span> <span class='ocrx_word' id='word_1_77' title='bbox 1153 1253 1205 1286; x_wconf 90' lang='grc' dir='ltr'>τι</span> <span class='ocrx_word' id='word_1_78' title='bbox 1259 1234 1441 1311; x_wconf 77' lang='grc' dir='ltr'>βραχὺ</span> <span class='ocrx_word' id='word_1_79' title='bbox 1491 1240 1593 1301; x_wconf 79' lang='grc' dir='ltr'>τῆς</span> <span class='ocrx_word' id='word_1_80' title='bbox 1622 1232 1859 1299; x_wconf 88' lang='grc' dir='ltr'>πόλεως,</span> <span class='ocrx_word' id='word_1_81' title='bbox 1894 1233 1922 1285; x_wconf 91' lang='lat'>6</span> 
     </span>
    </p>
   </div>
   <div class='ocr_carea' id='block_1_14' title="bbox 267 1314 1919 1398">
    <p class='ocr_par' dir='ltr' id='par_1_14' title="bbox 267 1314 1919 1398">
     <span class='ocr_line' id='line_1_14' title="bbox 267 1314 1919 1398; baseline 0.002 -27"><span class='ocrx_word' id='word_1_82' title='bbox 267 1314 323 1371; x_wconf 74' lang='grc' dir='ltr'>δὲ</span> <span class='ocrx_word' id='word_1_83' title='bbox 374 1316 659 1391; x_wconf 76' lang='grc' dir='ltr'>πετρώδης</span> <span class='ocrx_word' id='word_1_84' title='bbox 712 1317 881 1398; x_wconf 70' lang='grc' dir='ltr'>λόφος</span> <span class='ocrx_word' id='word_1_85' title='bbox 931 1322 958 1375; x_wconf 90' lang='grc' dir='ltr'>ὁ</span> <span class='ocrx_word' id='word_1_86' title='bbox 1001 1323 1099 1388; x_wconf 80' lang='grc' dir='ltr'>τήν</span> <span class='ocrx_word' id='word_1_87' title='bbox 1146 1322 1309 1377; x_wconf 74' lang='grc' dir='ltr'>πόλιν</span> <span class='ocrx_word' id='word_1_88' title='bbox 1359 1317 1747 1394; x_wconf 77' lang='grc' dir='ltr'>διαλαμϐάνων</span> <span class='ocrx_word' id='word_1_89' title='bbox 1793 1332 1919 1393; x_wconf 84' lang='grc' dir='ltr'>μεθ-</span> 
     </span>
    </p>
   </div>
   <div class='ocr_carea' id='block_1_15' title="bbox 267 1405 1922 1484">
    <p class='ocr_par' dir='ltr' id='par_1_15' title="bbox 267 1405 1922 1484">
     <span class='ocr_line' id='line_1_15' title="bbox 267 1405 1922 1484; baseline 0.003 -25"><span class='ocrx_word' id='word_1_90' title='bbox 267 1405 408 1476; x_wconf 81' lang='grc' dir='ltr'>ίησιν</span> <span class='ocrx_word' id='word_1_91' title='bbox 442 1407 610 1461; x_wconf 74' lang='grc' dir='ltr'>ἐκεῖσε</span> <span class='ocrx_word' id='word_1_92' title='bbox 640 1409 740 1474; x_wconf 81' lang='grc' dir='ltr'>τήν</span> <span class='ocrx_word' id='word_1_93' title='bbox 791 1406 928 1478; x_wconf 79' lang='grc' dir='ltr'>ὃλην</span> <span class='ocrx_word' id='word_1_94' title='bbox 984 1415 1081 1464; x_wconf 72' lang='grc' dir='ltr'>τοῦ</span> <span class='ocrx_word' id='word_1_95' title='bbox 1130 1412 1321 1484; x_wconf 88' lang='grc' dir='ltr'>χώρου</span> <span class='ocrx_word' id='word_1_96' title='bbox 1354 1408 1631 1480; x_wconf 83' lang='grc' dir='ltr'>διάζωσιν,</span> <span class='ocrx_word' id='word_1_97' title='bbox 1664 1409 1922 1465; x_wconf 84' lang='grc' dir='ltr'>ἐνέκειντο</span> 
     </span>
    </p>
   </div>
   <div class='ocr_carea' id='block_1_16' title="bbox 263 1491 1918 1578">
    <p class='ocr_par' dir='ltr' id='par_1_16' title="bbox 263 1491 1918 1578">
     <span class='ocr_line' id='line_1_16' title="bbox 263 1491 1918 1578; baseline 0.003 -29"><span class='ocrx_word' id='word_1_98' title='bbox 263 1494 387 1557; x_wconf 73' lang='grc' dir='ltr'>τοὺς</span> <span class='ocrx_word' id='word_1_99' title='bbox 442 1491 592 1550; x_wconf 68' lang='grc' dir='ltr'>ἔνδον</span> <span class='ocrx_word' id='word_1_100' title='bbox 651 1496 970 1569; x_wconf 80' lang='grc' dir='ltr'>αἰτούμενοι</span> <span class='ocrx_word' id='word_1_101' title='bbox 1016 1503 1084 1572; x_wconf 82' lang='grc' dir='ltr'>τῇ</span> <span class='ocrx_word' id='word_1_102' title='bbox 1142 1499 1302 1555; x_wconf 89' lang='grc' dir='ltr'>πόλει</span> <span class='ocrx_word' id='word_1_103' title='bbox 1378 1506 1513 1578; x_wconf 70' lang='grc' dir='ltr'>σφᾶς</span> <span class='ocrx_word' id='word_1_104' title='bbox 1568 1498 1918 1573; x_wconf 72' lang='grc' dir='ltr'>εἰσδέξασθαι,</span> 
     </span>
    </p>
   </div>
   <div class='ocr_carea' id='block_1_17' title="bbox 266 1584 1920 1663">
    <p class='ocr_par' dir='ltr' id='par_1_17' title="bbox 266 1584 1920 1663">
     <span class='ocr_line' id='line_1_17' title="bbox 266 1584 1920 1663; baseline 0.003 -26"><span class='ocrx_word' id='word_1_105' title='bbox 266 1585 339 1645; x_wconf 88' lang='grc' dir='ltr'>ὼς</span> <span class='ocrx_word' id='word_1_106' title='bbox 406 1584 551 1640; x_wconf 76' lang='grc' dir='ltr'>οὓτω</span> <span class='ocrx_word' id='word_1_107' title='bbox 609 1589 716 1639; x_wconf 82' lang='grc' dir='ltr'>τῶν</span> <span class='ocrx_word' id='word_1_108' title='bbox 794 1587 931 1661; x_wconf 87' lang='grc' dir='ltr'>πρὸς</span> <span class='ocrx_word' id='word_1_109' title='bbox 1000 1586 1209 1662; x_wconf 80' lang='grc' dir='ltr'>βουλῆς</span> <span class='ocrx_word' id='word_1_110' title='bbox 1276 1588 1709 1662; x_wconf 79' lang='grc' dir='ltr'>ἐπιτευξόμενοι,</span> <span class='ocrx_word' id='word_1_111' title='bbox 1788 1588 1920 1663; x_wconf 84' lang='grc' dir='ltr'>ὅπερ</span> 
     </span>
    </p>
   </div>
   <div class='ocr_carea' id='block_1_18' title="bbox 262 1673 1919 1753">
    <p class='ocr_par' dir='ltr' id='par_1_18' title="bbox 262 1673 1919 1753">
     <span class='ocr_line' id='line_1_18' title="bbox 262 1673 1919 1753; baseline 0.002 -26"><span class='ocrx_word' id='word_1_112' title='bbox 262 1673 469 1747; x_wconf 76' lang='grc' dir='ltr'>ἀνάγκη</span> <span class='ocrx_word' id='word_1_113' title='bbox 538 1674 614 1745; x_wconf 82' lang='grc' dir='ltr'>μὴ</span> <span class='ocrx_word' id='word_1_114' title='bbox 670 1674 842 1749; x_wconf 77' lang='grc' dir='ltr'>εὑρεῖν</span> <span class='ocrx_word' id='word_1_115' title='bbox 894 1676 1139 1753; x_wconf 70' lang='grc' dir='ltr'>ὕστερον,</span> <span class='ocrx_word' id='word_1_116' title='bbox 1171 1677 1330 1747; x_wconf 81' lang='grc' dir='ltr'>ἡνίκα</span> <span class='ocrx_word' id='word_1_117' title='bbox 1377 1680 1476 1747; x_wconf 74' lang='grc' dir='ltr'>τὴν</span> <span class='ocrx_word' id='word_1_118' title='bbox 1526 1678 1619 1750; x_wconf 78' lang='grc' dir='ltr'>μὲν</span> <span class='ocrx_word' id='word_1_119' title='bbox 1651 1678 1815 1733; x_wconf 89' lang='grc' dir='ltr'>πόλιν</span> <span class='ocrx_word' id='word_1_120' title='bbox 1846 1679 1919 1740; x_wconf 81' lang='grc' dir='ltr'>ὡς</span> 
     </span>
    </p>
   </div>
   <div class='ocr_carea' id='block_1_19' title="bbox 265 1760 1922 1840">
    <p class='ocr_par' dir='ltr' id='par_1_19' title="bbox 265 1760 1922 1840">
     <span class='ocr_line' id='line_1_19' title="bbox 265 1760 1922 1840; baseline 0.002 -25"><span class='ocrx_word' id='word_1_121' title='bbox 265 1761 338 1822; x_wconf 81' lang='grc' dir='ltr'>εἰς</span> <span class='ocrx_word' id='word_1_122' title='bbox 401 1760 661 1836; x_wconf 83' lang='grc' dir='ltr'>χείρωσιν</span> <span class='ocrx_word' id='word_1_123' title='bbox 722 1763 881 1819; x_wconf 74' lang='grc' dir='ltr'>αότοὶ</span> <span class='ocrx_word' id='word_1_124' title='bbox 935 1764 1302 1840; x_wconf 81' lang='grc' dir='ltr'>περιέλθοιεν,</span> <span class='ocrx_word' id='word_1_125' title='bbox 1361 1766 1427 1819; x_wconf 84' lang='grc' dir='ltr'>τὰ</span> <span class='ocrx_word' id='word_1_126' title='bbox 1484 1763 1542 1820; x_wconf 73' lang='grc' dir='ltr'>δὲ</span> <span class='ocrx_word' id='word_1_127' title='bbox 1591 1767 1753 1840; x_wconf 83' lang='grc' dir='ltr'>τείχη</span> <span class='ocrx_word' id='word_1_128' title='bbox 1803 1771 1922 1829; x_wconf 87' lang='grc' dir='ltr'>ταῖς</span> 
     </span>
    </p>
   </div>
   <div class='ocr_carea' id='block_1_20' title="bbox 264 1848 1996 1956">
    <p class='ocr_par' dir='ltr' id='par_1_20' title="bbox 264 1848 1996 1956">
     <span class='ocr_line' id='line_1_20' title="bbox 264 1848 1996 1956; baseline 0.003 -52"><span class='ocrx_word' id='word_1_129' title='bbox 264 1848 551 1905; x_wconf 85' lang='grc' dir='ltr'>ἐλεπόλεσι</span> <span class='ocrx_word' id='word_1_130' title='bbox 626 1850 935 1908; x_wconf 75' lang='grc' dir='ltr'>τόπτοιντο.</span> <span class='ocrx_word' id='word_1_131' title='bbox 1013 1851 1193 1925; x_wconf 77' lang='grc' dir='ltr'>Μηδὲν</span> <span class='ocrx_word' id='word_1_132' title='bbox 1253 1852 1310 1908; x_wconf 74' lang='grc' dir='ltr'>δὲ</span> <span class='ocrx_word' id='word_1_133' title='bbox 1366 1854 1709 1934; x_wconf 73' lang='grc' dir='ltr'>φρονούντων</span> <span class='ocrx_word' id='word_1_134' title='bbox 1784 1854 1919 1929; x_wconf 79' lang='grc' dir='ltr'>πρὸς</span> <span class='ocrx_word' id='word_1_135' title='bbox 1955 1892 1996 1956; x_wconf 74' lang='grc' dir='ltr'><strong>Β</strong></span> 
     </span>
     <span class='ocr_line' id='line_1_21' title="bbox 335 1937 1853 1956; baseline 0.002 -3"><span class='ocrx_word' id='word_1_136' title='bbox 335 1944 357 1953; x_wconf 84' lang='grc'>-</span> <span class='ocrx_word' id='word_1_137' title='bbox 482 1938 495 1956; x_wconf 87' lang='grc'>,</span> <span class='ocrx_word' id='word_1_138' title='bbox 537 1937 592 1956; x_wconf 64' lang='grc' dir='ltr'>«ι,</span> <span class='ocrx_word' id='word_1_139' title='bbox 847 1948 874 1956; x_wconf 76' lang='lat'>-</span> <span class='ocrx_word' id='word_1_140' title='bbox 964 1943 978 1956; x_wconf 82' lang='lat'><em>.</em></span> <span class='ocrx_word' id='word_1_141' title='bbox 1056 1944 1067 1956; x_wconf 74' lang='grc'>.</span> <span class='ocrx_word' id='word_1_142' title='bbox 1189 1943 1202 1956; x_wconf 80' lang='lat'>.</span> <span class='ocrx_word' id='word_1_143' title='bbox 1248 1942 1259 1956; x_wconf 92' lang='lat'><em>.</em></span> <span class='ocrx_word' id='word_1_144' title='bbox 1394 1942 1435 1956; x_wconf 62' lang='grc' dir='ltr'>ρ..</span> <span class='ocrx_word' id='word_1_145' title='bbox 1564 1945 1576 1956; x_wconf 84' lang='grc'>.</span> <span class='ocrx_word' id='word_1_146' title='bbox 1626 1955 1633 1956; x_wconf 61' lang='lat'><strong><em>,</em></strong></span> <span class='ocrx_word' id='word_1_147' title='bbox 1696 1942 1746 1956; x_wconf 90' lang='lat'>..</span> <span class='ocrx_word' id='word_1_148' title='bbox 1844 1943 1853 1956; x_wconf 89' lang='lat'><em>.</em></span> 
     </span>
    </p>
   </div>
   <div class='ocr_carea' id='block_1_21' title="bbox 262 1937 1917 2020">
    <p class='ocr_par' dir='ltr' id='par_1_21' title="bbox 262 1937 1917 2020">
     <span class='ocr_line' id='line_1_22' title="bbox 262 1937 1917 2020; baseline 0.002 -26"><span class='ocrx_word' id='word_1_149' title='bbox 262 1944 430 1994; x_wconf 74' lang='grc' dir='ltr'>ταῦτα</span> <span class='ocrx_word' id='word_1_150' title='bbox 478 1937 760 2014; x_wconf 87' lang='grc' dir='ltr'>ἐνδόσιμον</span> <span class='ocrx_word' id='word_1_151' title='bbox 808 1948 914 1996; x_wconf 77' lang='grc' dir='ltr'>τῶν</span> <span class='ocrx_word' id='word_1_152' title='bbox 961 1943 1131 2011; x_wconf 88' lang='grc' dir='ltr'>ἐντὸς,</span> <span class='ocrx_word' id='word_1_153' title='bbox 1185 1942 1340 1997; x_wconf 82' lang='grc' dir='ltr'>ἐνίων</span> <span class='ocrx_word' id='word_1_154' title='bbox 1391 1942 1447 1998; x_wconf 79' lang='grc' dir='ltr'>δὲ</span> <span class='ocrx_word' id='word_1_155' title='bbox 1494 1945 1580 1999; x_wconf 84' lang='grc' dir='ltr'>καὶ</span> <span class='ocrx_word' id='word_1_156' title='bbox 1617 1942 1917 2020; x_wconf 79' lang='grc' dir='ltr'>οαρῥησάν-</span> 
     </span>
    </p>
   </div>
   <div class='ocr_carea' id='block_1_22' title="bbox 263 2027 1921 2107">
    <p class='ocr_par' dir='ltr' id='par_1_22' title="bbox 263 2027 1921 2107">
     <span class='ocr_line' id='line_1_23' title="bbox 263 2027 1921 2107; baseline 0.001 -24"><span class='ocrx_word' id='word_1_157' title='bbox 263 2049 369 2083; x_wconf 90' lang='grc' dir='ltr'>των</span> <span class='ocrx_word' id='word_1_158' title='bbox 423 2030 521 2098; x_wconf 74' lang='grc' dir='ltr'>τήν</span> <span class='ocrx_word' id='word_1_159' title='bbox 573 2027 759 2102; x_wconf 80' lang='grc' dir='ltr'>ἔξοδον</span> <span class='ocrx_word' id='word_1_160' title='bbox 806 2031 895 2084; x_wconf 85' lang='grc' dir='ltr'>καὶ</span> <span class='ocrx_word' id='word_1_161' title='bbox 941 2028 1192 2094; x_wconf 85' lang='grc' dir='ltr'>πολλοὺς</span> <span class='ocrx_word' id='word_1_162' title='bbox 1240 2036 1350 2087; x_wconf 82' lang='grc' dir='ltr'>τῶν</span> <span class='ocrx_word' id='word_1_163' title='bbox 1402 2032 1688 2105; x_wconf 68' lang='grc' dir='ltr'>ἐπισήμων</span> <span class='ocrx_word' id='word_1_164' title='bbox 1725 2031 1921 2107; x_wconf 86' lang='grc' dir='ltr'>βαλόν-</span> 
     </span>
    </p>
   </div>
   <div class='ocr_carea' id='block_1_23' title="bbox 261 2115 1917 2196">
    <p class='ocr_par' dir='ltr' id='par_1_23' title="bbox 261 2115 1917 2196">
     <span class='ocr_line' id='line_1_24' title="bbox 261 2115 1917 2196; baseline 0.002 -24"><span class='ocrx_word' id='word_1_165' title='bbox 261 2137 366 2172; x_wconf 91' lang='grc' dir='ltr'>των</span> <span class='ocrx_word' id='word_1_166' title='bbox 425 2117 606 2192; x_wconf 75' lang='grc' dir='ltr'>βέλεσι</span> <span class='ocrx_word' id='word_1_167' title='bbox 658 2120 746 2174; x_wconf 83' lang='grc' dir='ltr'>καὶ</span> <span class='ocrx_word' id='word_1_168' title='bbox 794 2115 1239 2188; x_wconf 79' lang='grc' dir='ltr'>καταϐαλόντων,</span> <span class='ocrx_word' id='word_1_169' title='bbox 1273 2121 1482 2190; x_wconf 73' lang='grc' dir='ltr'>αὐτίκα,</span> <span class='ocrx_word' id='word_1_170' title='bbox 1517 2123 1590 2183; x_wconf 84' lang='grc' dir='ltr'>ὡς</span> <span class='ocrx_word' id='word_1_171' title='bbox 1632 2118 1740 2196; x_wconf 69' lang='grc' dir='ltr'>οὺχ</span> <span class='ocrx_word' id='word_1_172' title='bbox 1769 2121 1917 2195; x_wconf 75' lang='grc' dir='ltr'>αἱρε-</span> 
     </span>
    </p>
   </div>
   <div class='ocr_carea' id='block_1_24' title="bbox 263 2205 1917 2288">
    <p class='ocr_par' dir='ltr' id='par_1_24' title="bbox 263 2205 1917 2288">
     <span class='ocr_line' id='line_1_25' title="bbox 263 2205 1917 2288; baseline 0.002 -27"><span class='ocrx_word' id='word_1_173' title='bbox 263 2206 381 2261; x_wconf 87' lang='grc' dir='ltr'>τέον</span> <span class='ocrx_word' id='word_1_174' title='bbox 431 2205 604 2262; x_wconf 78' lang='grc' dir='ltr'>ἐδόκει</span> <span class='ocrx_word' id='word_1_175' title='bbox 663 2210 725 2263; x_wconf 89' lang='grc' dir='ltr'>τὸ</span> <span class='ocrx_word' id='word_1_176' title='bbox 777 2215 988 2285; x_wconf 81' lang='grc' dir='ltr'>τεῖχος,</span> <span class='ocrx_word' id='word_1_177' title='bbox 1044 2211 1134 2265; x_wconf 83' lang='grc' dir='ltr'>καὶ</span> <span class='ocrx_word' id='word_1_178' title='bbox 1192 2210 1429 2283; x_wconf 83' lang='grc' dir='ltr'>μάλιστα</span> <span class='ocrx_word' id='word_1_179' title='bbox 1458 2216 1573 2272; x_wconf 83' lang='grc' dir='ltr'>τοῖς</span> <span class='ocrx_word' id='word_1_180' title='bbox 1624 2208 1675 2280; x_wconf 81' lang='grc' dir='ltr'>ἐξ</span> <span class='ocrx_word' id='word_1_181' title='bbox 1722 2207 1917 2288; x_wconf 68' lang='grc' dir='ltr'>ἐφόδου</span> 
     </span>
    </p>
   </div>
   <div class='ocr_carea' id='block_1_25' title="bbox 265 2291 1916 2372">
    <p class='ocr_par' dir='ltr' id='par_1_25' title="bbox 265 2291 1916 2372">
     <span class='ocr_line' id='line_1_26' title="bbox 265 2291 1916 2372; baseline 0.001 -21"><span class='ocrx_word' id='word_1_182' title='bbox 265 2291 730 2371; x_wconf 76' lang='grc' dir='ltr'>προσϐάλλουσιν,</span> <span class='ocrx_word' id='word_1_183' title='bbox 776 2298 972 2353; x_wconf 82' lang='grc' dir='ltr'>ἐκεῖθεν</span> <span class='ocrx_word' id='word_1_184' title='bbox 1025 2300 1396 2372; x_wconf 67' lang='grc' dir='ltr'>μεθίστανται.</span> <span class='ocrx_word' id='word_1_185' title='bbox 1430 2300 1497 2357; x_wconf 88' lang='grc' dir='ltr'><strong>Οἱ</strong></span> <span class='ocrx_word' id='word_1_186' title='bbox 1530 2297 1587 2353; x_wconf 74' lang='grc' dir='ltr'>δὲ</span> <span class='ocrx_word' id='word_1_187' title='bbox 1620 2306 1916 2371; x_wconf 86' lang='grc' dir='ltr'>Προυσαῖοι</span> 
     </span>
    </p>
   </div>
   <div class='ocr_carea' id='block_1_26' title="bbox 265 2382 1920 2462">
    <p class='ocr_par' dir='ltr' id='par_1_26' title="bbox 265 2382 1920 2462">
     <span class='ocr_line' id='line_1_27' title="bbox 265 2382 1920 2462; baseline 0.001 -23"><span class='ocrx_word' id='word_1_188' title='bbox 265 2386 399 2461; x_wconf 85' lang='grc' dir='ltr'>πρὸς</span> <span class='ocrx_word' id='word_1_189' title='bbox 458 2387 555 2455; x_wconf 77' lang='grc' dir='ltr'>τήν</span> <span class='ocrx_word' id='word_1_190' title='bbox 601 2391 707 2442; x_wconf 83' lang='grc' dir='ltr'>τῶν</span> <span class='ocrx_word' id='word_1_191' title='bbox 768 2389 1006 2443; x_wconf 80' lang='grc' dir='ltr'>Λατίνων</span> <span class='ocrx_word' id='word_1_192' title='bbox 1067 2388 1295 2462; x_wconf 81' lang='grc' dir='ltr'>ἄπαρσιν</span> <span class='ocrx_word' id='word_1_193' title='bbox 1356 2382 1437 2443; x_wconf 79' lang='grc' dir='ltr'>ἔτι</span> <span class='ocrx_word' id='word_1_194' title='bbox 1499 2385 1714 2460; x_wconf 75' lang='grc' dir='ltr'>μᾶλλον</span> <span class='ocrx_word' id='word_1_195' title='bbox 1769 2387 1920 2457; x_wconf 85' lang='grc' dir='ltr'>πλη-</span> 
     </span>
    </p>
   </div>
   <div class='ocr_carea' id='block_1_27' title="bbox 266 2474 1916 2550">
    <p class='ocr_par' dir='ltr' id='par_1_27' title="bbox 266 2474 1916 2550">
     <span class='ocr_line' id='line_1_28' title="bbox 266 2474 1916 2550; baseline 0 -21"><span class='ocrx_word' id='word_1_196' title='bbox 266 2474 477 2537; x_wconf 81' lang='grc' dir='ltr'>σθέντες</span> <span class='ocrx_word' id='word_1_197' title='bbox 535 2478 887 2550; x_wconf 67' lang='grc' dir='ltr'>φρονήματος</span> <span class='ocrx_word' id='word_1_198' title='bbox 946 2477 1081 2531; x_wconf 89' lang='grc' dir='ltr'>κατὰ</span> <span class='ocrx_word' id='word_1_199' title='bbox 1133 2475 1359 2539; x_wconf 88' lang='grc' dir='ltr'>πλείους</span> <span class='ocrx_word' id='word_1_200' title='bbox 1419 2475 1714 2532; x_wconf 81' lang='grc' dir='ltr'>ἐπέκειντο.</span> <span class='ocrx_word' id='word_1_201' title='bbox 1758 2477 1839 2533; x_wconf 81' lang='grc' dir='ltr'>Τὰ</span> <span class='ocrx_word' id='word_1_202' title='bbox 1872 2474 1916 2529; x_wconf 87' lang='grc' dir='ltr'>δ’</span> 
     </span>
    </p>
   </div>
   <div class='ocr_carea' id='block_1_28' title="bbox 265 2558 1919 2639">
    <p class='ocr_par' dir='ltr' id='par_1_28' title="bbox 265 2558 1919 2639">
     <span class='ocr_line' id='line_1_29' title="bbox 265 2558 1919 2639; baseline 0 -22"><span class='ocrx_word' id='word_1_203' title='bbox 265 2563 398 2618; x_wconf 74' lang='grc' dir='ltr'>αὐτά</span> <span class='ocrx_word' id='word_1_204' title='bbox 448 2558 618 2639; x_wconf 81' lang='grc' dir='ltr'>ἔδρων</span> <span class='ocrx_word' id='word_1_205' title='bbox 663 2567 751 2618; x_wconf 82' lang='grc' dir='ltr'>καὶ</span> <span class='ocrx_word' id='word_1_206' title='bbox 802 2564 856 2619; x_wconf 85' lang='grc' dir='ltr'>οἳ</span> <span class='ocrx_word' id='word_1_207' title='bbox 903 2569 1010 2620; x_wconf 81' lang='grc' dir='ltr'>τῶν</span> <span class='ocrx_word' id='word_1_208' title='bbox 1065 2563 1387 2637; x_wconf 77' lang='grc' dir='ltr'>ὑπερδεξίων</span> <span class='ocrx_word' id='word_1_209' title='bbox 1425 2560 1709 2635; x_wconf 75' lang='grc' dir='ltr'>ἐλάϐοντο,</span> <span class='ocrx_word' id='word_1_210' title='bbox 1742 2562 1815 2619; x_wconf 80' lang='grc' dir='ltr'>δι’</span> <span class='ocrx_word' id='word_1_211' title='bbox 1845 2564 1919 2618; x_wconf 86' lang='grc' dir='ltr'>ὦν</span> 
     </span>
    </p>
   </div>
   <div class='ocr_carea' id='block_1_29' title="bbox 265 2651 1917 2729">
    <p class='ocr_par' dir='ltr' id='par_1_29' title="bbox 265 2651 1917 2729">
     <span class='ocr_line' id='line_1_30' title="bbox 265 2651 1917 2729; baseline 0 -22"><span class='ocrx_word' id='word_1_212' title='bbox 265 2653 325 2707; x_wconf 84' lang='grc' dir='ltr'>τὸ</span> <span class='ocrx_word' id='word_1_213' title='bbox 350 2651 621 2726; x_wconf 84' lang='grc' dir='ltr'>πολέμιον</span> <span class='ocrx_word' id='word_1_214' title='bbox 670 2652 800 2712; x_wconf 70' lang='grc' dir='ltr'>ἵετο.</span> <span class='ocrx_word' id='word_1_215' title='bbox 852 2654 929 2711; x_wconf 82' lang='grc' dir='ltr'>Οὐ</span> <span class='ocrx_word' id='word_1_216' title='bbox 987 2655 1213 2729; x_wconf 85' lang='grc' dir='ltr'>βραχεῖς</span> <span class='ocrx_word' id='word_1_217' title='bbox 1249 2652 1306 2709; x_wconf 73' lang='grc' dir='ltr'>δὲ</span> <span class='ocrx_word' id='word_1_218' title='bbox 1334 2656 1421 2709; x_wconf 78' lang='grc' dir='ltr'>καὶ</span> <span class='ocrx_word' id='word_1_219' title='bbox 1450 2654 1777 2716; x_wconf 74' lang='grc' dir='ltr'>ἀποστάντες</span> <span class='ocrx_word' id='word_1_220' title='bbox 1810 2661 1917 2708; x_wconf 82' lang='grc' dir='ltr'>Λα-</span> 
     </span>
    </p>
   </div>
   <div class='ocr_carea' id='block_1_30' title="bbox 263 2742 1914 2819">
    <p class='ocr_par' dir='ltr' id='par_1_30' title="bbox 263 2742 1914 2819">
     <span class='ocr_line' id='line_1_31' title="bbox 263 2742 1914 2819; baseline -0.001 -19"><span class='ocrx_word' id='word_1_221' title='bbox 263 2745 417 2800; x_wconf 82' lang='grc' dir='ltr'>τίνων</span> <span class='ocrx_word' id='word_1_222' title='bbox 448 2742 538 2799; x_wconf 80' lang='grc' dir='ltr'>ἷ’σα</span> <span class='ocrx_word' id='word_1_223' title='bbox 576 2749 691 2806; x_wconf 88' lang='grc' dir='ltr'>τοῖς</span> <span class='ocrx_word' id='word_1_224' title='bbox 728 2747 803 2817; x_wconf 79' lang='grc' dir='ltr'>μή</span> <span class='ocrx_word' id='word_1_225' title='bbox 838 2743 1148 2819; x_wconf 78' lang='grc' dir='ltr'>δεξαμένοις</span> <span class='ocrx_word' id='word_1_226' title='bbox 1204 2746 1466 2808; x_wconf 85' lang='grc' dir='ltr'>Λατίνους</span> <span class='ocrx_word' id='word_1_227' title='bbox 1506 2745 1642 2799; x_wconf 86' lang='grc' dir='ltr'>κατά</span> <span class='ocrx_word' id='word_1_228' title='bbox 1672 2745 1914 2799; x_wconf 78' lang='grc' dir='ltr'>Λατίνιον</span> 
     </span>
    </p>
   </div>
   <div class='ocr_carea' id='block_1_31' title="bbox 264 2832 1918 2901">
    <p class='ocr_par' dir='ltr' id='par_1_31' title="bbox 264 2832 1918 2901">
     <span class='ocr_line' id='line_1_32' title="bbox 264 2832 1918 2901; baseline 0.001 -14"><span class='ocrx_word' id='word_1_229' title='bbox 264 2833 602 2901; x_wconf 83' lang='grc' dir='ltr'>ὡπλίσαντο,</span> <span class='ocrx_word' id='word_1_230' title='bbox 658 2834 747 2887; x_wconf 83' lang='grc' dir='ltr'>γαὶ</span> <span class='ocrx_word' id='word_1_231' title='bbox 800 2832 1046 2896; x_wconf 74' lang='grc' dir='ltr'>πολλοὺς</span> <span class='ocrx_word' id='word_1_232' title='bbox 1103 2836 1285 2889; x_wconf 82' lang='grc' dir='ltr'>αὐτῶν</span> <span class='ocrx_word' id='word_1_233' title='bbox 1357 2835 1693 2891; x_wconf 85' lang='grc' dir='ltr'>ἀπέκτειναν.</span> <span class='ocrx_word' id='word_1_234' title='bbox 1748 2838 1918 2890; x_wconf 80' lang='grc' dir='ltr'>Ἦσαν</span> 
     </span>
    </p>
   </div>
   <div class='ocr_carea' id='block_1_32' title="bbox 267 2922 1917 3001">
    <p class='ocr_par' dir='ltr' id='par_1_32' title="bbox 267 2922 1917 3001">
     <span class='ocr_line' id='line_1_33' title="bbox 267 2922 1917 3001; baseline 0 -23"><span class='ocrx_word' id='word_1_235' title='bbox 267 2922 322 2979; x_wconf 75' lang='grc' dir='ltr'>δὲ</span> <span class='ocrx_word' id='word_1_236' title='bbox 368 2925 458 2979; x_wconf 87' lang='grc' dir='ltr'>καὶ</span> <span class='ocrx_word' id='word_1_237' title='bbox 518 2923 660 2978; x_wconf 72' lang='grc' dir='ltr'>οὕτω</span> <span class='ocrx_word' id='word_1_238' title='bbox 716 2925 781 2978; x_wconf 80' lang='grc' dir='ltr'>τὰ</span> <span class='ocrx_word' id='word_1_239' title='bbox 840 2927 1085 2980; x_wconf 84' lang='grc' dir='ltr'>Λατίνων</span> <span class='ocrx_word' id='word_1_240' title='bbox 1144 2925 1296 2987; x_wconf 83' lang='grc' dir='ltr'>αὖθις</span> <span class='ocrx_word' id='word_1_241' title='bbox 1356 2924 1794 3001; x_wconf 83' lang='grc' dir='ltr'>ἐπικρατέστερα,</span> <span class='ocrx_word' id='word_1_242' title='bbox 1826 2926 1917 2980; x_wconf 85' lang='grc' dir='ltr'>καὶ</span> 
     </span>
    </p>
   </div>
   <div class='ocr_carea' id='block_1_33' title="bbox 265 3007 1916 3092">
    <p class='ocr_par' dir='ltr' id='par_1_33' title="bbox 265 3007 1916 3092">
     <span class='ocr_line' id='line_1_34' title="bbox 265 3007 1916 3092; baseline 0.001 -25"><span class='ocrx_word' id='word_1_243' title='bbox 265 3014 466 3092; x_wconf 66' lang='grc' dir='ltr'>σφαγαὶ</span> <span class='ocrx_word' id='word_1_244' title='bbox 524 3007 841 3087; x_wconf 74' lang='grc' dir='ltr'>προῦϐησαν</span> <span class='ocrx_word' id='word_1_245' title='bbox 902 3013 1099 3092; x_wconf 87' lang='grc' dir='ltr'>συχναὶ</span> <span class='ocrx_word' id='word_1_246' title='bbox 1147 3014 1237 3068; x_wconf 81' lang='grc' dir='ltr'>καὶ</span> <span class='ocrx_word' id='word_1_247' title='bbox 1294 3012 1442 3084; x_wconf 66' lang='grc' dir='ltr'>ἄλλη</span> <span class='ocrx_word' id='word_1_248' title='bbox 1505 3016 1622 3088; x_wconf 72' lang='grc' dir='ltr'>μὲν,</span> <span class='ocrx_word' id='word_1_249' title='bbox 1674 3014 1819 3069; x_wconf 79' lang='grc' dir='ltr'>ἄλλά</span> <span class='ocrx_word' id='word_1_250' title='bbox 1849 3012 1916 3085; x_wconf 76' lang='grc' dir='ltr'>δὴ</span> 
     </span>
    </p>
   </div>
   <div class='ocr_carea' id='block_1_34' title="bbox 264 3099 1920 3177">
    <p class='ocr_par' dir='ltr' id='par_1_34' title="bbox 264 3099 1920 3177">
     <span class='ocr_line' id='line_1_35' title="bbox 264 3099 1920 3177; baseline -0.001 -20"><span class='ocrx_word' id='word_1_251' title='bbox 264 3103 351 3157; x_wconf 80' lang='grc' dir='ltr'>καὶ</span> <span class='ocrx_word' id='word_1_252' title='bbox 400 3102 539 3157; x_wconf 84' lang='grc' dir='ltr'>κατᾶ</span> <span class='ocrx_word' id='word_1_253' title='bbox 588 3102 650 3156; x_wconf 87' lang='grc' dir='ltr'>τὸ</span> <span class='ocrx_word' id='word_1_254' title='bbox 709 3102 962 3174; x_wconf 87' lang='grc' dir='ltr'>πόλισμα</span> <span class='ocrx_word' id='word_1_255' title='bbox 1010 3105 1109 3172; x_wconf 76' lang='grc' dir='ltr'>τὴν</span> <span class='ocrx_word' id='word_1_256' title='bbox 1184 3104 1529 3177; x_wconf 86' lang='grc' dir='ltr'>Καισάρειαν.</span> <span class='ocrx_word' id='word_1_257' title='bbox 1588 3103 1664 3159; x_wconf 84' lang='grc' dir='ltr'>Τὰ</span> <span class='ocrx_word' id='word_1_258' title='bbox 1720 3101 1809 3157; x_wconf 81' lang='grc' dir='ltr'>’ἰσα</span> <span class='ocrx_word' id='word_1_259' title='bbox 1863 3099 1920 3157; x_wconf 67' lang='grc' dir='ltr'>δὲ</span> 
     </span>
    </p>
   </div>
   <div class='ocr_carea' id='block_1_35' title="bbox 263 3189 1915 3269">
    <p class='ocr_par' dir='ltr' id='par_1_35' title="bbox 263 3189 1915 3269">
     <span class='ocr_line' id='line_1_36' title="bbox 263 3189 1915 3269; baseline -0.001 -21"><span class='ocrx_word' id='word_1_260' title='bbox 263 3193 480 3252; x_wconf 72' lang='grc' dir='ltr'>τούτοις</span> <span class='ocrx_word' id='word_1_261' title='bbox 546 3192 636 3245; x_wconf 85' lang='grc' dir='ltr'>καὶ</span> <span class='ocrx_word' id='word_1_262' title='bbox 704 3193 731 3245; x_wconf 88' lang='grc' dir='ltr'>ὁ</span> <span class='ocrx_word' id='word_1_263' title='bbox 791 3189 1169 3269; x_wconf 64' lang='grc' dir='ltr'>Φιλαδελφεὺς</span> <span class='ocrx_word' id='word_1_264' title='bbox 1237 3191 1517 3267; x_wconf 82' lang='grc' dir='ltr'>Θεόδωρος</span> <span class='ocrx_word' id='word_1_265' title='bbox 1582 3193 1915 3267; x_wconf 85' lang='grc' dir='ltr'>προθέμενος</span> 
     </span>
    </p>
   </div>
   <div class='ocr_carea' id='block_1_36' title="bbox 263 3257 1997 3360">
    <p class='ocr_par' dir='ltr' id='par_1_36' title="bbox 263 3257 1997 3360">
     <span class='ocr_line' id='line_1_37' title="bbox 263 3257 1997 3360; baseline 0.001 -24"><span class='ocrx_word' id='word_1_266' title='bbox 263 3280 653 3357; x_wconf 73' lang='grc' dir='ltr'>διαπράξασθαι</span> <span class='ocrx_word' id='word_1_267' title='bbox 708 3279 795 3335; x_wconf 77' lang='grc' dir='ltr'>διὰ</span> <span class='ocrx_word' id='word_1_268' title='bbox 842 3257 1261 3360; x_wconf 38' lang='grc' dir='ltr'>μάχηςθχωρεῖ</span> <span class='ocrx_word' id='word_1_269' title='bbox 1311 3287 1389 3353; x_wconf 82' lang='grc' dir='ltr'>τῷ</span> <span class='ocrx_word' id='word_1_270' title='bbox 1424 3257 1784 3358; x_wconf 42' lang='grc' dir='ltr'>’ἘξόῥῇΙπερὶ</span> <span class='ocrx_word' id='word_1_271' title='bbox 1851 3281 1912 3337; x_wconf 84' lang='grc' dir='ltr'>τδ</span> <span class='ocrx_word' id='word_1_272' title='bbox 1955 3257 1997 3325; x_wconf 79' lang='lat' dir='ltr'><strong><em>C</em></strong></span> 
     </span>
    </p>
   </div>
   <div class='ocr_carea' id='block_1_37' title="bbox 261 3366 1914 3447">
    <p class='ocr_par' dir='ltr' id='par_1_37' title="bbox 261 3366 1914 3447">
     <span class='ocr_line' id='line_1_38' title="bbox 261 3366 1914 3447; baseline -0.001 -19"><span class='ocrx_word' id='word_1_273' title='bbox 261 3370 659 3447; x_wconf 76' lang='grc' dir='ltr'>Ἀτραμ·3ττιον</span> <span class='ocrx_word' id='word_1_274' title='bbox 709 3366 1063 3446; x_wconf 77' lang='grc' dir='ltr'>δίατρίϐοντι.</span> <span class='ocrx_word' id='word_1_275' title='bbox 1135 3370 1357 3444; x_wconf 81' lang='grc' dir='ltr'>Ἀμέλει</span> <span class='ocrx_word' id='word_1_276' title='bbox 1406 3372 1496 3427; x_wconf 84' lang='grc' dir='ltr'>καὶ</span> <span class='ocrx_word' id='word_1_277' title='bbox 1553 3373 1629 3446; x_wconf 82' lang='grc' dir='ltr'>μὴ</span> <span class='ocrx_word' id='word_1_278' title='bbox 1680 3370 1914 3446; x_wconf 86' lang='grc' dir='ltr'>προσδό-</span> 
     </span>
    </p>
   </div>
   <div class='ocr_carea' id='block_1_38' title="bbox 261 3458 1913 3535">
    <p class='ocr_par' dir='ltr' id='par_1_38' title="bbox 261 3458 1913 3535">
     <span class='ocr_line' id='line_1_39' title="bbox 261 3458 1913 3535; baseline 0.001 -21"><span class='ocrx_word' id='word_1_279' title='bbox 261 3481 427 3533; x_wconf 86' lang='grc' dir='ltr'>κιμος</span> <span class='ocrx_word' id='word_1_280' title='bbox 456 3458 624 3513; x_wconf 87' lang='grc' dir='ltr'>ἐπιὼν</span> <span class='ocrx_word' id='word_1_281' title='bbox 651 3465 731 3531; x_wconf 82' lang='grc' dir='ltr'>τῷ</span> <span class='ocrx_word' id='word_1_282' title='bbox 764 3458 917 3534; x_wconf 80' lang='grc' dir='ltr'>ἀνδρὶ</span> <span class='ocrx_word' id='word_1_283' title='bbox 948 3460 1014 3513; x_wconf 86' lang='grc' dir='ltr'>τὰ</span> <span class='ocrx_word' id='word_1_284' title='bbox 1058 3460 1153 3532; x_wconf 77' lang='grc' dir='ltr'>μὶν</span> <span class='ocrx_word' id='word_1_285' title='bbox 1203 3466 1394 3534; x_wconf 83' lang='grc' dir='ltr'>πρῶτα</span> <span class='ocrx_word' id='word_1_286' title='bbox 1424 3462 1559 3535; x_wconf 82' lang='grc' dir='ltr'>πρὸς</span> <span class='ocrx_word' id='word_1_287' title='bbox 1589 3461 1651 3516; x_wconf 89' lang='grc' dir='ltr'>τὸ</span> <span class='ocrx_word' id='word_1_288' title='bbox 1682 3460 1913 3531; x_wconf 77' lang='grc' dir='ltr'>πλῆθος,</span> 
     </span>
    </p>
   </div>
   <div class='ocr_carea' id='block_1_39' title="bbox 262 3548 1916 3623">
    <p class='ocr_par' dir='ltr' id='par_1_39' title="bbox 262 3548 1916 3623">
     <span class='ocr_line' id='line_1_40' title="bbox 262 3548 1916 3623; baseline 0.001 -20"><span class='ocrx_word' id='word_1_289' title='bbox 262 3548 292 3603; x_wconf 81' lang='lat'>6&#39;</span> <span class='ocrx_word' id='word_1_290' title='bbox 350 3548 605 3623; x_wconf 66' lang='grc' dir='ltr'>ἐπήγετο,</span> <span class='ocrx_word' id='word_1_291' title='bbox 665 3548 967 3618; x_wconf 80' lang='grc' dir='ltr'>ἀποκνῆσαι</span> <span class='ocrx_word' id='word_1_292' title='bbox 1056 3554 1251 3604; x_wconf 70' lang='grc' dir='ltr'>τοῦτον</span> <span class='ocrx_word' id='word_1_293' title='bbox 1334 3550 1652 3621; x_wconf 61' lang='grc' dir='ltr'>πεποίηκεν</span> <span class='ocrx_word' id='word_1_294' title='bbox 1723 3551 1800 3612; x_wconf 87' lang='grc' dir='ltr'>ὡς</span> <span class='ocrx_word' id='word_1_295' title='bbox 1860 3548 1916 3604; x_wconf 76' lang='grc' dir='ltr'>δὲ</span> 
     </span>
    </p>
   </div>
   <div class='ocr_carea' id='block_1_40' title="bbox 264 3636 1920 3714">
    <p class='ocr_par' dir='ltr' id='par_1_40' title="bbox 264 3636 1920 3714">
     <span class='ocr_line' id='line_1_41' title="bbox 264 3636 1920 3714; baseline 0.001 -22"><span class='ocrx_word' id='word_1_296' title='bbox 264 3636 698 3692; x_wconf 69' lang='grc' dir='ltr'>διακινδυνευτέα</span> <span class='ocrx_word' id='word_1_297' title='bbox 748 3642 827 3709; x_wconf 83' lang='grc' dir='ltr'>τῷ</span> <span class='ocrx_word' id='word_1_298' title='bbox 1110 3636 1304 3710; x_wconf 84' lang='grc' dir='ltr'>ἐδόκει,</span> <span class='ocrx_word' id='word_1_299' title='bbox 1340 3642 1374 3709; x_wconf 74' lang='grc' dir='ltr'><strong>ἡ</strong></span> <span class='ocrx_word' id='word_1_300' title='bbox 1408 3639 1575 3700; x_wconf 74' lang='grc' dir='ltr'>ἱππας</span> <span class='ocrx_word' id='word_1_301' title='bbox 1625 3639 1702 3702; x_wconf 82' lang='grc' dir='ltr'>εἰς</span> <span class='ocrx_word' id='word_1_302' title='bbox 1745 3640 1920 3713; x_wconf 82' lang='grc' dir='ltr'>παρά-</span> 
     </span>
    </p>
   </div>
   <div class='ocr_carea' id='block_1_41' title="bbox 260 3724 1915 3804">
    <p class='ocr_par' dir='ltr' id='par_1_41' title="bbox 260 3724 1915 3804">
     <span class='ocr_line' id='line_1_42' title="bbox 260 3724 1915 3804; baseline 0.001 -22"><span class='ocrx_word' id='word_1_303' title='bbox 260 3729 408 3800; x_wconf 76' lang='grc' dir='ltr'>ταξιν</span> <span class='ocrx_word' id='word_1_304' title='bbox 472 3724 787 3789; x_wconf 79' lang='grc' dir='ltr'>διατίθεται.</span> <span class='ocrx_word' id='word_1_305' title='bbox 847 3728 910 3783; x_wconf 87' lang='grc' dir='ltr'><strong><em>Ἡ</em></strong></span> <span class='ocrx_word' id='word_1_306' title='bbox 971 3725 1027 3782; x_wconf 74' lang='grc' dir='ltr'>δὲ</span> <span class='ocrx_word' id='word_1_307' title='bbox 1084 3727 1217 3802; x_wconf 71' lang='grc' dir='ltr'>ὀρθὰ</span> <span class='ocrx_word' id='word_1_308' title='bbox 1262 3728 1328 3783; x_wconf 83' lang='grc' dir='ltr'>τὰ</span> <span class='ocrx_word' id='word_1_309' title='bbox 1369 3727 1569 3804; x_wconf 86' lang='grc' dir='ltr'>δόρατα</span> <span class='ocrx_word' id='word_1_310' title='bbox 1598 3728 1915 3784; x_wconf 89' lang='grc' dir='ltr'>ἀνατείνασα</span> 
     </span>
    </p>
   </div>
   <div class='ocr_carea' id='block_1_42' title="bbox 261 3815 1912 3893">
    <p class='ocr_par' dir='ltr' id='par_1_42' title="bbox 261 3815 1912 3893">
     <span class='ocr_line' id='line_1_43' title="bbox 261 3815 1912 3893; baseline 0.001 -23"><span class='ocrx_word' id='word_1_311' title='bbox 261 3818 360 3884; x_wconf 74' lang='grc' dir='ltr'>τὴν</span> <span class='ocrx_word' id='word_1_312' title='bbox 416 3815 521 3871; x_wconf 87' lang='grc' dir='ltr'>ἀπὸ</span> <span class='ocrx_word' id='word_1_313' title='bbox 574 3822 682 3870; x_wconf 81' lang='grc' dir='ltr'>τῶν</span> <span class='ocrx_word' id='word_1_314' title='bbox 741 3815 1029 3889; x_wconf 83' lang='grc' dir='ltr'>Ῥωμαίων</span> <span class='ocrx_word' id='word_1_315' title='bbox 1086 3815 1398 3893; x_wconf 82' lang='grc' dir='ltr'>ἐγχείρησιν</span> <span class='ocrx_word' id='word_1_316' title='bbox 1455 3817 1725 3893; x_wconf 83' lang='grc' dir='ltr'>ἐπέμενεν.</span> <span class='ocrx_word' id='word_1_317' title='bbox 1758 3818 1912 3875; x_wconf 82' lang='grc' dir='ltr'>Ἐπεὶ</span> 
     </span>
    </p>
   </div>
   <div class='ocr_carea' id='block_1_43' title="bbox 264 3900 1912 3980">
    <p class='ocr_par' dir='ltr' id='par_1_43' title="bbox 264 3900 1912 3980">
     <span class='ocr_line' id='line_1_44' title="bbox 264 3900 1912 3980; baseline 0.001 -23"><span class='ocrx_word' id='word_1_318' title='bbox 264 3900 322 3957; x_wconf 72' lang='grc' dir='ltr'>δὲ</span> <span class='ocrx_word' id='word_1_319' title='bbox 381 3902 639 3978; x_wconf 73' lang='grc' dir='ltr'>ῥᾳθύμως</span> <span class='ocrx_word' id='word_1_320' title='bbox 702 3903 849 3978; x_wconf 72' lang='grc' dir='ltr'>εἶχον</span> <span class='ocrx_word' id='word_1_321' title='bbox 891 3906 1162 3977; x_wconf 87' lang='grc' dir='ltr'>Ῥωμαῖοι</span> <span class='ocrx_word' id='word_1_322' title='bbox 1225 3905 1361 3980; x_wconf 89' lang='grc' dir='ltr'>πρὸς</span> <span class='ocrx_word' id='word_1_323' title='bbox 1418 3907 1518 3975; x_wconf 73' lang='grc' dir='ltr'>τὴν</span> <span class='ocrx_word' id='word_1_324' title='bbox 1575 3913 1676 3975; x_wconf 77' lang='grc' dir='ltr'>τῆς</span> <span class='ocrx_word' id='word_1_325' title='bbox 1725 3903 1912 3980; x_wconf 77' lang='grc' dir='ltr'>μάχης</span> 
     </span>
    </p>
   </div>
   <div class='ocr_carea' id='block_1_44' title="bbox 262 3990 1910 4069">
    <p class='ocr_par' dir='ltr' id='par_1_44' title="bbox 262 3990 1910 4069">
     <span class='ocr_line' id='line_1_45' title="bbox 262 3990 1910 4069; baseline 0.002 -24"><span class='ocrx_word' id='word_1_326' title='bbox 262 3992 706 4068; x_wconf 74' lang='grc' dir='ltr'>πρωτούργησιν,</span> <span class='ocrx_word' id='word_1_327' title='bbox 751 3992 886 4046; x_wconf 83' lang='grc' dir='ltr'>κατά</span> <span class='ocrx_word' id='word_1_328' title='bbox 937 3994 1032 4067; x_wconf 76' lang='grc' dir='ltr'>μὲν</span> <span class='ocrx_word' id='word_1_329' title='bbox 1090 3990 1354 4068; x_wconf 89' lang='grc' dir='ltr'>δράκοντα</span> <span class='ocrx_word' id='word_1_330' title='bbox 1394 3992 1692 4069; x_wconf 82' lang='grc' dir='ltr'>φλογωπὸν</span> <span class='ocrx_word' id='word_1_331' title='bbox 1723 3995 1910 4056; x_wconf 68' lang='grc' dir='ltr'>ὁλκοῖς</span> 
     </span>
    </p>
   </div>
   <div class='ocr_carea' id='block_1_45' title="bbox 264 4080 1912 4162">
    <p class='ocr_par' dir='ltr' id='par_1_45' title="bbox 264 4080 1912 4162">
     <span class='ocr_line' id='line_1_46' title="bbox 264 4080 1912 4162; baseline 0.001 -26"><span class='ocrx_word' id='word_1_332' title='bbox 264 4080 625 4154; x_wconf 72' lang='grc' dir='ltr'>λορδούμενοι</span> <span class='ocrx_word' id='word_1_333' title='bbox 703 4081 1114 4157; x_wconf 73' lang='grc' dir='ltr'>στρατευμάτων</span> <span class='ocrx_word' id='word_1_334' title='bbox 1204 4082 1295 4136; x_wconf 88' lang='grc' dir='ltr'>καὶ</span> <span class='ocrx_word' id='word_1_335' title='bbox 1370 4081 1584 4149; x_wconf 81' lang='grc' dir='ltr'>φολίσιν</span> <span class='ocrx_word' id='word_1_336' title='bbox 1663 4083 1912 4162; x_wconf 75' lang='grc' dir='ltr'>ἐπιφρίσ-</span> 
     </span>
    </p>
   </div>
   <div class='ocr_carea' id='block_1_46' title="bbox 2028 605 3684 679">
    <p class='ocr_par' dir='ltr' id='par_1_46' title="bbox 2028 605 3684 679">
     <span class='ocr_line' id='line_1_47' title="bbox 2028 605 3684 679; baseline 0.002 -19"><span class='ocrx_word' id='word_1_337' title='bbox 2028 606 2208 661; x_wconf 88' lang='lat' dir='ltr'><strong>velint</strong></span> <span class='ocrx_word' id='word_1_338' title='bbox 2261 605 2727 676; x_wconf 79' lang='lat' dir='ltr'>impetraturos:</span> <span class='ocrx_word' id='word_1_339' title='bbox 2787 606 2878 659; x_wconf 88' lang='lat' dir='ltr'>sin</span> <span class='ocrx_word' id='word_1_340' title='bbox 2938 609 3139 660; x_wconf 89' lang='lat' dir='ltr'>urbem</span> <span class='ocrx_word' id='word_1_341' title='bbox 3214 623 3555 679; x_wconf 82' lang='lat' dir='ltr'>oppugnare</span> <span class='ocrx_word' id='word_1_342' title='bbox 3630 618 3684 664; x_wconf 89' lang='lat' dir='ltr'>et</span> 
     </span>
    </p>
   </div>
   <div class='ocr_carea' id='block_1_47' title="bbox 2031 696 3677 765">
    <p class='ocr_par' dir='ltr' id='par_1_47' title="bbox 2031 696 3677 765">
     <span class='ocr_line' id='line_1_48' title="bbox 2031 696 3677 765; baseline 0.002 -14"><span class='ocrx_word' id='word_1_343' title='bbox 2031 697 2237 751; x_wconf 76' lang='lat' dir='ltr'>arietes</span> <span class='ocrx_word' id='word_1_344' title='bbox 2263 713 2491 750; x_wconf 86' lang='lat' dir='ltr'><strong>murum</strong></span> <span class='ocrx_word' id='word_1_345' title='bbox 2520 701 2816 765; x_wconf 76' lang='lat' dir='ltr'><strong>percutere</strong></span> <span class='ocrx_word' id='word_1_346' title='bbox 2838 698 3135 765; x_wconf 79' lang='lat' dir='ltr'><strong>coeperint,</strong></span> <span class='ocrx_word' id='word_1_347' title='bbox 3170 696 3345 753; x_wconf 89' lang='lat' dir='ltr'><strong>aliam</strong></span> <span class='ocrx_word' id='word_1_348' title='bbox 3394 700 3677 755; x_wconf 83' lang='lat' dir='ltr'><strong>rationem</strong></span> 
     </span>
    </p>
   </div>
   <div class='ocr_carea' id='block_1_48' title="bbox 2033 784 3673 842">
    <p class='ocr_par' dir='ltr' id='par_1_48' title="bbox 2033 784 3673 842">
     <span class='ocr_line' id='line_1_49' title="bbox 2033 784 3673 842; baseline 0.002 -3"><span class='ocrx_word' id='word_1_349' title='bbox 2033 786 2170 839; x_wconf 86' lang='lat' dir='ltr'><strong>fore.</strong></span> <span class='ocrx_word' id='word_1_350' title='bbox 2214 784 2327 839; x_wconf 74' lang='lat' dir='ltr'><strong>Sed</strong></span> <span class='ocrx_word' id='word_1_351' title='bbox 2359 802 2489 839; x_wconf 87' lang='lat' dir='ltr'>cum</span> <span class='ocrx_word' id='word_1_352' title='bbox 2525 802 2677 839; x_wconf 76' lang='lat' dir='ltr'><strong>cives</strong></span> <span class='ocrx_word' id='word_1_353' title='bbox 2712 802 2821 839; x_wconf 90' lang='lat' dir='ltr'>non</span> <span class='ocrx_word' id='word_1_354' title='bbox 2857 786 3027 840; x_wconf 87' lang='lat' dir='ltr'><strong>modo</strong></span> <span class='ocrx_word' id='word_1_355' title='bbox 3061 803 3091 839; x_wconf 91' lang='lat' dir='ltr'>a</span> <span class='ocrx_word' id='word_1_356' title='bbox 3118 786 3411 841; x_wconf 77' lang='lat' dir='ltr'><strong>deditione</strong></span> <span class='ocrx_word' id='word_1_357' title='bbox 3462 789 3673 842; x_wconf 87' lang='lat' dir='ltr'><strong>abhor-</strong></span> 
     </span>
    </p>
   </div>
   <div class='ocr_carea' id='block_1_49' title="bbox 2032 873 3683 945">
    <p class='ocr_par' dir='ltr' id='par_1_49' title="bbox 2032 873 3683 945">
     <span class='ocr_line' id='line_1_50' title="bbox 2032 873 3683 945; baseline 0.001 -17"><span class='ocrx_word' id='word_1_358' title='bbox 2032 880 2244 940; x_wconf 81' lang='lat' dir='ltr'><strong>rerent,</strong></span> <span class='ocrx_word' id='word_1_359' title='bbox 2277 875 2373 927; x_wconf 85' lang='lat' dir='ltr'>sed</span> <span class='ocrx_word' id='word_1_360' title='bbox 2438 874 2675 943; x_wconf 86' lang='lat' dir='ltr'><strong>quidam</strong></span> <span class='ocrx_word' id='word_1_361' title='bbox 2738 873 2907 928; x_wconf 80' lang='lat' dir='ltr'><strong>etiam</strong></span> <span class='ocrx_word' id='word_1_362' title='bbox 2966 874 3027 928; x_wconf 92' lang='lat' dir='ltr'>in</span> <span class='ocrx_word' id='word_1_363' title='bbox 3086 876 3270 929; x_wconf 89' lang='lat' dir='ltr'><strong>aciem</strong></span> <span class='ocrx_word' id='word_1_364' title='bbox 3321 876 3512 945; x_wconf 81' lang='lat' dir='ltr'><strong>egredi</strong></span> <span class='ocrx_word' id='word_1_365' title='bbox 3548 876 3683 930; x_wconf 85' lang='lat' dir='ltr'>ausi</span> 
     </span>
    </p>
   </div>
   <div class='ocr_carea' id='block_1_50' title="bbox 2032 962 3681 1034">
    <p class='ocr_par' dir='ltr' id='par_1_50' title="bbox 2032 962 3681 1034">
     <span class='ocr_line' id='line_1_51' title="bbox 2032 962 3681 1034; baseline 0.001 -17"><span class='ocrx_word' id='word_1_366' title='bbox 2032 962 2253 1017; x_wconf 90' lang='lat' dir='ltr'><strong>multos</strong></span> <span class='ocrx_word' id='word_1_367' title='bbox 2286 964 2508 1017; x_wconf 84' lang='lat' dir='ltr'><strong>nobiles</strong></span> <span class='ocrx_word' id='word_1_368' title='bbox 2541 963 2773 1034; x_wconf 82' lang='lat' dir='ltr'>sagittis</span> <span class='ocrx_word' id='word_1_369' title='bbox 2830 964 3301 1033; x_wconf 87' lang='lat' dir='ltr'><strong>prostravissent,</strong></span> <span class='ocrx_word' id='word_1_370' title='bbox 3357 965 3556 1019; x_wconf 78' lang='lat' dir='ltr'><strong>statim</strong></span> <span class='ocrx_word' id='word_1_371' title='bbox 3617 970 3681 1019; x_wconf 88' lang='lat' dir='ltr'>ut</span> 
     </span>
    </p>
   </div>
   <div class='ocr_carea' id='block_1_51' title="bbox 2032 1051 3679 1124">
    <p class='ocr_par' dir='ltr' id='par_1_51' title="bbox 2032 1051 3679 1124">
     <span class='ocr_line' id='line_1_52' title="bbox 2032 1051 3679 1124; baseline 0.001 -17"><span class='ocrx_word' id='word_1_372' title='bbox 2032 1069 2145 1107; x_wconf 83' lang='lat' dir='ltr'>non</span> <span class='ocrx_word' id='word_1_373' title='bbox 2179 1051 2501 1122; x_wconf 78' lang='lat' dir='ltr'><strong>expugnari</strong></span> <span class='ocrx_word' id='word_1_374' title='bbox 2558 1067 2729 1122; x_wconf 85' lang='lat' dir='ltr'><strong>posse</strong></span> <span class='ocrx_word' id='word_1_375' title='bbox 2790 1051 3064 1119; x_wconf 86' lang='lat' dir='ltr'><strong>munitio,</strong></span> <span class='ocrx_word' id='word_1_376' title='bbox 3122 1053 3311 1123; x_wconf 90' lang='lat' dir='ltr'><strong>primo</strong></span> <span class='ocrx_word' id='word_1_377' title='bbox 3355 1054 3679 1124; x_wconf 62' lang='lat' dir='ltr'><strong>prmsertim</strong></span> 
     </span>
    </p>
   </div>
   <div class='ocr_carea' id='block_1_52' title="bbox 2033 1139 3682 1211">
    <p class='ocr_par' dir='ltr' id='par_1_52' title="bbox 2033 1139 3682 1211">
     <span class='ocr_line' id='line_1_53' title="bbox 2033 1139 3682 1211; baseline 0.002 -17"><span class='ocrx_word' id='word_1_378' title='bbox 2033 1139 2278 1211; x_wconf 88' lang='lat' dir='ltr'><strong>impetu,</strong></span> <span class='ocrx_word' id='word_1_379' title='bbox 2310 1140 2638 1207; x_wconf 80' lang='lat' dir='ltr'><strong>videbatur,</strong></span> <span class='ocrx_word' id='word_1_380' title='bbox 2698 1140 2833 1196; x_wconf 90' lang='lat' dir='ltr'><strong>inde</strong></span> <span class='ocrx_word' id='word_1_381' title='bbox 2866 1142 3160 1196; x_wconf 86' lang='lat' dir='ltr'><strong>recedunt.</strong></span> <span class='ocrx_word' id='word_1_382' title='bbox 3186 1142 3401 1196; x_wconf 69' lang='lat' dir='ltr'><strong>Prusaei</strong></span> <span class='ocrx_word' id='word_1_383' title='bbox 3452 1158 3584 1197; x_wconf 91' lang='lat' dir='ltr'><strong>vero</strong></span> <span class='ocrx_word' id='word_1_384' title='bbox 3610 1143 3682 1197; x_wconf 90' lang='lat' dir='ltr'>ad</span> 
     </span>
    </p>
   </div>
   <div class='ocr_carea' id='block_1_53' title="bbox 2032 1228 3684 1300">
    <p class='ocr_par' dir='ltr' id='par_1_53' title="bbox 2032 1228 3684 1300">
     <span class='ocr_line' id='line_1_54' title="bbox 2032 1228 3684 1300; baseline 0.002 -18"><span class='ocrx_word' id='word_1_385' title='bbox 2032 1228 2286 1284; x_wconf 75' lang='lat' dir='ltr'><strong>hostium</strong></span> <span class='ocrx_word' id='word_1_386' title='bbox 2322 1229 2647 1284; x_wconf 84' lang='lat' dir='ltr'><strong>discessum</strong></span> <span class='ocrx_word' id='word_1_387' title='bbox 2679 1229 2868 1284; x_wconf 89' lang='lat' dir='ltr'><strong>auctis</strong></span> <span class='ocrx_word' id='word_1_388' title='bbox 2899 1230 3473 1300; x_wconf 88' lang='lat' dir='ltr'><strong>animis,majoribus</strong></span> <span class='ocrx_word' id='word_1_389' title='bbox 3496 1230 3684 1300; x_wconf 86' lang='lat' dir='ltr'><strong>copiis</strong></span> 
     </span>
    </p>
   </div>
   <div class='ocr_carea' id='block_1_54' title="bbox 2036 1321 3677 1390">
    <p class='ocr_par' dir='ltr' id='par_1_54' title="bbox 2036 1321 3677 1390">
     <span class='ocr_line' id='line_1_55' title="bbox 2036 1321 3677 1390; baseline -0.001 -14"><span class='ocrx_word' id='word_1_390' title='bbox 2036 1323 2261 1376; x_wconf 88' lang='lat' dir='ltr'><strong>Latinos</strong></span> <span class='ocrx_word' id='word_1_391' title='bbox 2295 1338 2327 1376; x_wconf 88' lang='lat' dir='ltr'>a</span> <span class='ocrx_word' id='word_1_392' title='bbox 2356 1326 2515 1389; x_wconf 73' lang='lat' dir='ltr'><strong>tergo</strong></span> <span class='ocrx_word' id='word_1_393' title='bbox 2546 1322 2854 1390; x_wconf 84' lang='lat' dir='ltr'><strong>urgebant.</strong></span> <span class='ocrx_word' id='word_1_394' title='bbox 2887 1322 3044 1375; x_wconf 87' lang='lat' dir='ltr'><strong>Idem</strong></span> <span class='ocrx_word' id='word_1_395' title='bbox 3107 1329 3162 1375; x_wconf 90' lang='lat' dir='ltr'>et</span> <span class='ocrx_word' id='word_1_396' title='bbox 3218 1321 3314 1374; x_wconf 91' lang='lat' dir='ltr'><strong>alii</strong></span> <span class='ocrx_word' id='word_1_397' title='bbox 3364 1322 3677 1388; x_wconf 77' lang='lat' dir='ltr'><strong>faciebant,</strong></span> 
     </span>
    </p>
   </div>
   <div class='ocr_carea' id='block_1_55' title="bbox 2034 1408 3682 1480">
    <p class='ocr_par' dir='ltr' id='par_1_55' title="bbox 2034 1408 3682 1480">
     <span class='ocr_line' id='line_1_56' title="bbox 2034 1408 3682 1480; baseline -0.001 -15"><span class='ocrx_word' id='word_1_398' title='bbox 2034 1412 2326 1465; x_wconf 88' lang='lat' dir='ltr'><strong>montanis</strong></span> <span class='ocrx_word' id='word_1_399' title='bbox 2366 1410 2689 1480; x_wconf 84' lang='lat' dir='ltr'><strong>occupatis,</strong></span> <span class='ocrx_word' id='word_1_400' title='bbox 2724 1425 2824 1479; x_wconf 82' lang='lat' dir='ltr'>per</span> <span class='ocrx_word' id='word_1_401' title='bbox 2862 1426 2988 1480; x_wconf 67' lang='lat' dir='ltr'><strong>quae</strong></span> <span class='ocrx_word' id='word_1_402' title='bbox 3049 1408 3317 1464; x_wconf 76' lang='lat' dir='ltr'><strong>hostibus</strong></span> <span class='ocrx_word' id='word_1_403' title='bbox 3374 1416 3682 1464; x_wconf 80' lang='lat' dir='ltr'><strong>transeun-</strong></span> 
     </span>
    </p>
   </div>
   <div class='ocr_carea' id='block_1_56' title="bbox 2031 1500 3676 1571">
    <p class='ocr_par' dir='ltr' id='par_1_56' title="bbox 2031 1500 3676 1571">
     <span class='ocr_line' id='line_1_57' title="bbox 2031 1500 3676 1571; baseline 0.001 -17"><span class='ocrx_word' id='word_1_404' title='bbox 2031 1501 2169 1554; x_wconf 85' lang='lat' dir='ltr'>dum</span> <span class='ocrx_word' id='word_1_405' title='bbox 2200 1504 2549 1570; x_wconf 86' lang='lat' dir='ltr'><strong>erat.Neque</strong></span> <span class='ocrx_word' id='word_1_406' title='bbox 2582 1500 2749 1571; x_wconf 86' lang='lat' dir='ltr'><strong>pauci</strong></span> <span class='ocrx_word' id='word_1_407' title='bbox 2785 1500 2934 1556; x_wconf 77' lang='lat'>798</span> <span class='ocrx_word' id='word_1_408' title='bbox 2968 1518 3000 1555; x_wconf 89' lang='lat' dir='ltr'>a</span> <span class='ocrx_word' id='word_1_409' title='bbox 3050 1501 3263 1555; x_wconf 81' lang='lat' dir='ltr'><strong>Latinis</strong></span> <span class='ocrx_word' id='word_1_410' title='bbox 3313 1502 3676 1569; x_wconf 86' lang='lat' dir='ltr'><strong>defecerunt,</strong></span> 
     </span>
    </p>
   </div>
   <div class='ocr_carea' id='block_1_57' title="bbox 2030 1589 3679 1659">
    <p class='ocr_par' dir='ltr' id='par_1_57' title="bbox 2030 1589 3679 1659">
     <span class='ocr_line' id='line_1_58' title="bbox 2030 1589 3679 1659; baseline 0.001 -16"><span class='ocrx_word' id='word_1_411' title='bbox 2030 1594 2086 1643; x_wconf 90' lang='lat' dir='ltr'>et</span> <span class='ocrx_word' id='word_1_412' title='bbox 2116 1605 2212 1643; x_wconf 87' lang='lat' dir='ltr'>eos</span> <span class='ocrx_word' id='word_1_413' title='bbox 2240 1605 2406 1658; x_wconf 62' lang='lat' dir='ltr'><strong>aeque</strong></span> <span class='ocrx_word' id='word_1_414' title='bbox 2437 1598 2852 1659; x_wconf 82' lang='lat' dir='ltr'><strong>oppugnarunt</strong></span> <span class='ocrx_word' id='word_1_415' title='bbox 2911 1605 2975 1643; x_wconf 90' lang='lat' dir='ltr'>ac</span> <span class='ocrx_word' id='word_1_416' title='bbox 3033 1589 3070 1642; x_wconf 87' lang='lat' dir='ltr'>ii</span> <span class='ocrx_word' id='word_1_417' title='bbox 3111 1591 3208 1656; x_wconf 92' lang='lat' dir='ltr'><strong>qui</strong></span> <span class='ocrx_word' id='word_1_418' title='bbox 3240 1606 3339 1644; x_wconf 91' lang='lat' dir='ltr'>eos</span> <span class='ocrx_word' id='word_1_419' title='bbox 3372 1607 3487 1645; x_wconf 89' lang='lat' dir='ltr'>non</span> <span class='ocrx_word' id='word_1_420' title='bbox 3519 1605 3679 1645; x_wconf 92' lang='lat' dir='ltr'><strong>rece-</strong></span> 
     </span>
    </p>
   </div>
   <div class='ocr_carea' id='block_1_58' title="bbox 2030 1678 3677 1748">
    <p class='ocr_par' dir='ltr' id='par_1_58' title="bbox 2030 1678 3677 1748">
     <span class='ocr_line' id='line_1_59' title="bbox 2030 1678 3677 1748; baseline 0.001 -16"><span class='ocrx_word' id='word_1_421' title='bbox 2030 1684 2253 1748; x_wconf 84' lang='lat' dir='ltr'><strong>perant,</strong></span> <span class='ocrx_word' id='word_1_422' title='bbox 2287 1683 2343 1731; x_wconf 89' lang='lat' dir='ltr'>et</span> <span class='ocrx_word' id='word_1_423' title='bbox 2376 1680 2593 1732; x_wconf 88' lang='lat' dir='ltr'><strong>multos</strong></span> <span class='ocrx_word' id='word_1_424' title='bbox 2634 1678 2993 1733; x_wconf 76' lang='lat' dir='ltr'><strong>occiderunt.</strong></span> <span class='ocrx_word' id='word_1_425' title='bbox 3053 1679 3434 1734; x_wconf 86' lang='lat' dir='ltr'><strong>Nihilominus</strong></span> <span class='ocrx_word' id='word_1_426' title='bbox 3478 1685 3677 1734; x_wconf 87' lang='lat' dir='ltr'><strong>tamen</strong></span> 
     </span>
    </p>
   </div>
   <div class='ocr_carea' id='block_1_59' title="bbox 2029 1764 3678 1838">
    <p class='ocr_par' dir='ltr' id='par_1_59' title="bbox 2029 1764 3678 1838">
     <span class='ocr_line' id='line_1_60' title="bbox 2029 1764 3678 1838; baseline 0.001 -19"><span class='ocrx_word' id='word_1_427' title='bbox 2029 1764 2205 1819; x_wconf 91' lang='lat' dir='ltr'><strong>etiam</strong></span> <span class='ocrx_word' id='word_1_428' title='bbox 2264 1765 2348 1819; x_wconf 91' lang='lat' dir='ltr'>sic</span> <span class='ocrx_word' id='word_1_429' title='bbox 2432 1781 2525 1820; x_wconf 88' lang='lat' dir='ltr'>res</span> <span class='ocrx_word' id='word_1_430' title='bbox 2589 1767 2790 1820; x_wconf 81' lang='lat' dir='ltr'><strong>Latina</strong></span> <span class='ocrx_word' id='word_1_431' title='bbox 2843 1765 3108 1837; x_wconf 88' lang='lat' dir='ltr'><strong>superior</strong></span> <span class='ocrx_word' id='word_1_432' title='bbox 3186 1768 3314 1834; x_wconf 86' lang='lat' dir='ltr'><strong>fuit,</strong></span> <span class='ocrx_word' id='word_1_433' title='bbox 3373 1768 3678 1838; x_wconf 73' lang='lat' dir='ltr'><strong>caedesque</strong></span> 
     </span>
    </p>
   </div>
   <div class='ocr_carea' id='block_1_60' title="bbox 2030 1853 3672 1912">
    <p class='ocr_par' dir='ltr' id='par_1_60' title="bbox 2030 1853 3672 1912">
     <span class='ocr_line' id='line_1_61' title="bbox 2030 1853 3672 1912; baseline 0.002 -4"><span class='ocrx_word' id='word_1_434' title='bbox 2030 1853 2228 1909; x_wconf 66' lang='lat' dir='ltr'><strong>multae</strong></span> <span class='ocrx_word' id='word_1_435' title='bbox 2257 1871 2385 1909; x_wconf 88' lang='lat' dir='ltr'>cum</span> <span class='ocrx_word' id='word_1_436' title='bbox 2423 1855 2560 1909; x_wconf 85' lang='lat' dir='ltr'><strong>alibi</strong></span> <span class='ocrx_word' id='word_1_437' title='bbox 2594 1861 2717 1909; x_wconf 90' lang='lat' dir='ltr'>tum</span> <span class='ocrx_word' id='word_1_438' title='bbox 2753 1856 2823 1910; x_wconf 87' lang='lat' dir='ltr'>ad</span> <span class='ocrx_word' id='word_1_439' title='bbox 2886 1858 3089 1911; x_wconf 88' lang='lat' dir='ltr'><strong>urbem</strong></span> <span class='ocrx_word' id='word_1_440' title='bbox 3130 1856 3446 1912; x_wconf 74' lang='lat' dir='ltr'><strong>Caesaream</strong></span> <span class='ocrx_word' id='word_1_441' title='bbox 3507 1858 3672 1912; x_wconf 69' lang='lat' dir='ltr'><strong>factas</strong></span> 
     </span>
    </p>
   </div>
   <div class='ocr_carea' id='block_1_61' title="bbox 2026 1944 3669 2017">
    <p class='ocr_par' dir='ltr' id='par_1_61' title="bbox 2026 1944 3669 2017">
     <span class='ocr_line' id='line_1_62' title="bbox 2026 1944 3669 2017; baseline 0.001 -17"><span class='ocrx_word' id='word_1_442' title='bbox 2026 1947 2335 2000; x_wconf 86' lang='lat' dir='ltr'><strong>sunt.Nam</strong></span> <span class='ocrx_word' id='word_1_443' title='bbox 2369 1948 2612 1999; x_wconf 85' lang='lat' dir='ltr'><strong>Romani</strong></span> <span class='ocrx_word' id='word_1_444' title='bbox 2643 1944 2883 2015; x_wconf 87' lang='lat' dir='ltr'><strong>quidam</strong></span> <span class='ocrx_word' id='word_1_445' title='bbox 2944 1945 3239 2017; x_wconf 78' lang='lat' dir='ltr'><strong>signifero,</strong></span> <span class='ocrx_word' id='word_1_446' title='bbox 3285 1947 3383 2016; x_wconf 88' lang='lat' dir='ltr'>qui</span> <span class='ocrx_word' id='word_1_447' title='bbox 3437 1946 3669 2002; x_wconf 90' lang='lat' dir='ltr'><strong>Latino-</strong></span> 
     </span>
    </p>
   </div>
   <div class='ocr_carea' id='block_1_62' title="bbox 2023 2033 3669 2107">
    <p class='ocr_par' dir='ltr' id='par_1_62' title="bbox 2023 2033 3669 2107">
     <span class='ocr_line' id='line_1_63' title="bbox 2023 2033 3669 2107; baseline 0.003 -20"><span class='ocrx_word' id='word_1_448' title='bbox 2023 2049 2156 2087; x_wconf 87' lang='lat' dir='ltr'>rum</span> <span class='ocrx_word' id='word_1_449' title='bbox 2192 2033 2505 2087; x_wconf 82' lang='lat' dir='ltr'><strong>exercitum</strong></span> <span class='ocrx_word' id='word_1_450' title='bbox 2541 2034 2934 2100; x_wconf 85' lang='lat' dir='ltr'><strong>antecedebat,</strong></span> <span class='ocrx_word' id='word_1_451' title='bbox 2996 2034 3210 2099; x_wconf 89' lang='lat' dir='ltr'><strong>occiso,</strong></span> <span class='ocrx_word' id='word_1_452' title='bbox 3255 2034 3578 2107; x_wconf 71' lang='lat' dir='ltr'><strong>vexnlloque</strong></span> <span class='ocrx_word' id='word_1_453' title='bbox 3609 2035 3669 2092; x_wconf 87' lang='lat' dir='ltr'>in</span> 
     </span>
    </p>
   </div>
   <div class='ocr_carea' id='block_1_63' title="bbox 2026 2121 3671 2194">
    <p class='ocr_par' dir='ltr' id='par_1_63' title="bbox 2026 2121 3671 2194">
     <span class='ocr_line' id='line_1_64' title="bbox 2026 2121 3671 2194; baseline 0.002 -18"><span class='ocrx_word' id='word_1_454' title='bbox 2026 2121 2249 2176; x_wconf 89' lang='lat' dir='ltr'><strong>tumulo</strong></span> <span class='ocrx_word' id='word_1_455' title='bbox 2281 2121 2581 2185; x_wconf 87' lang='lat' dir='ltr'><strong>collocato,</strong></span> <span class='ocrx_word' id='word_1_456' title='bbox 2637 2123 2903 2177; x_wconf 89' lang='lat' dir='ltr'><strong>cohortes</strong></span> <span class='ocrx_word' id='word_1_457' title='bbox 2954 2139 3081 2193; x_wconf 68' lang='lat' dir='ltr'>qum</span> <span class='ocrx_word' id='word_1_458' title='bbox 3138 2124 3533 2194; x_wconf 84' lang='lat' dir='ltr'><strong>sequebantur</strong></span> <span class='ocrx_word' id='word_1_459' title='bbox 3572 2123 3671 2179; x_wconf 93' lang='lat' dir='ltr'><strong>illo</strong></span> 
     </span>
    </p>
   </div>
   <div class='ocr_carea' id='block_1_64' title="bbox 2025 2210 3674 2283">
    <p class='ocr_par' dir='ltr' id='par_1_64' title="bbox 2025 2210 3674 2283">
     <span class='ocr_line' id='line_1_65' title="bbox 2025 2210 3674 2283; baseline 0.002 -17"><span class='ocrx_word' id='word_1_460' title='bbox 2025 2216 2337 2282; x_wconf 89' lang='lat' dir='ltr'><strong>conspecto</strong></span> <span class='ocrx_word' id='word_1_461' title='bbox 2367 2212 2432 2265; x_wconf 82' lang='lat' dir='ltr'>ad</span> <span class='ocrx_word' id='word_1_462' title='bbox 2469 2227 2529 2266; x_wconf 91' lang='lat' dir='ltr'>se</span> <span class='ocrx_word' id='word_1_463' title='bbox 2562 2210 2945 2282; x_wconf 86' lang='lat' dir='ltr'><strong>pellexerunt,</strong></span> <span class='ocrx_word' id='word_1_464' title='bbox 2969 2229 3003 2266; x_wconf 89' lang='lat' dir='ltr'>a</span> <span class='ocrx_word' id='word_1_465' title='bbox 3042 2212 3257 2283; x_wconf 89' lang='lat' dir='ltr'><strong>quibus</strong></span> <span class='ocrx_word' id='word_1_466' title='bbox 3316 2213 3412 2266; x_wconf 87' lang='lat' dir='ltr'>ubi</span> <span class='ocrx_word' id='word_1_467' title='bbox 3465 2213 3674 2268; x_wconf 69' lang='lat' dir='ltr'><strong>[toma-</strong></span> 
     </span>
    </p>
   </div>
   <div class='ocr_carea' id='block_1_65' title="bbox 2025 2300 3677 2374">
    <p class='ocr_par' dir='ltr' id='par_1_65' title="bbox 2025 2300 3677 2374">
     <span class='ocr_line' id='line_1_66' title="bbox 2025 2300 3677 2374; baseline 0.003 -20"><span class='ocrx_word' id='word_1_468' title='bbox 2025 2317 2132 2355; x_wconf 89' lang='lat' dir='ltr'>nos</span> <span class='ocrx_word' id='word_1_469' title='bbox 2164 2316 2293 2356; x_wconf 88' lang='lat' dir='ltr'><strong>esse</strong></span> <span class='ocrx_word' id='word_1_470' title='bbox 2326 2306 2751 2372; x_wconf 83' lang='lat' dir='ltr'><strong>cognoverunt,</strong></span> <span class='ocrx_word' id='word_1_471' title='bbox 2784 2301 3058 2357; x_wconf 78' lang='lat' dir='ltr'><strong>facillime</strong></span> <span class='ocrx_word' id='word_1_472' title='bbox 3088 2318 3153 2356; x_wconf 88' lang='lat' dir='ltr'>ac</span> <span class='ocrx_word' id='word_1_473' title='bbox 3197 2300 3498 2357; x_wconf 89' lang='lat' dir='ltr'><strong>celerrime</strong></span> <span class='ocrx_word' id='word_1_474' title='bbox 3538 2320 3677 2374; x_wconf 92' lang='lat' dir='ltr'><strong>pro-</strong></span> 
     </span>
    </p>
   </div>
   <div class='ocr_carea' id='block_1_66' title="bbox 2026 2387 3675 2460">
    <p class='ocr_par' dir='ltr' id='par_1_66' title="bbox 2026 2387 3675 2460">
     <span class='ocr_line' id='line_1_67' title="bbox 2026 2387 3675 2460; baseline 0.002 -16"><span class='ocrx_word' id='word_1_475' title='bbox 2026 2387 2206 2460; x_wconf 82' lang='lat' dir='ltr'><strong>ﬂigati</strong></span> <span class='ocrx_word' id='word_1_476' title='bbox 2264 2406 2327 2444; x_wconf 87' lang='lat' dir='ltr'>ac</span> <span class='ocrx_word' id='word_1_477' title='bbox 2383 2391 2531 2445; x_wconf 89' lang='lat' dir='ltr'><strong>male</strong></span> <span class='ocrx_word' id='word_1_478' title='bbox 2588 2389 2823 2445; x_wconf 80' lang='lat' dir='ltr'><strong>multati</strong></span> <span class='ocrx_word' id='word_1_479' title='bbox 2879 2395 3039 2445; x_wconf 89' lang='lat' dir='ltr'><strong>sunt.</strong></span> <span class='ocrx_word' id='word_1_480' title='bbox 3118 2392 3278 2446; x_wconf 87' lang='lat' dir='ltr'><strong>Idem</strong></span> <span class='ocrx_word' id='word_1_481' title='bbox 3339 2392 3675 2447; x_wconf 90' lang='lat' dir='ltr'><strong>institutum</strong></span> 
     </span>
    </p>
   </div>
   <div class='ocr_carea' id='block_1_67' title="bbox 2024 2478 3677 2551">
    <p class='ocr_par' dir='ltr' id='par_1_67' title="bbox 2024 2478 3677 2551">
     <span class='ocr_line' id='line_1_68' title="bbox 2024 2478 3677 2551; baseline 0.004 -19"><span class='ocrx_word' id='word_1_482' title='bbox 2024 2479 2364 2533; x_wconf 90' lang='lat' dir='ltr'><strong>Theodorus</strong></span> <span class='ocrx_word' id='word_1_483' title='bbox 2396 2478 2927 2551; x_wconf 88' lang='lat' dir='ltr'><strong>Philadelphiensis</strong></span> <span class='ocrx_word' id='word_1_484' title='bbox 2960 2480 3241 2549; x_wconf 85' lang='lat' dir='ltr'><strong>imitatos,</strong></span> <span class='ocrx_word' id='word_1_485' title='bbox 3282 2481 3480 2537; x_wconf 86' lang='lat' dir='ltr'><strong>Errico</strong></span> <span class='ocrx_word' id='word_1_486' title='bbox 3521 2483 3677 2539; x_wconf 87' lang='lat' dir='ltr'><strong>circa</strong></span> 
     </span>
    </p>
   </div>
   <div class='ocr_carea' id='block_1_68' title="bbox 2024 2567 3671 2641">
    <p class='ocr_par' dir='ltr' id='par_1_68' title="bbox 2024 2567 3671 2641">
     <span class='ocr_line' id='line_1_69' title="bbox 2024 2567 3671 2641; baseline 0.002 -19"><span class='ocrx_word' id='word_1_487' title='bbox 2024 2567 2449 2639; x_wconf 81' lang='lat' dir='ltr'><strong>Adramyttium</strong></span> <span class='ocrx_word' id='word_1_488' title='bbox 2484 2570 2678 2639; x_wconf 80' lang='lat' dir='ltr'><strong>agenti</strong></span> <span class='ocrx_word' id='word_1_489' title='bbox 2721 2586 2885 2624; x_wconf 90' lang='lat' dir='ltr'><strong>arma</strong></span> <span class='ocrx_word' id='word_1_490' title='bbox 2922 2570 3114 2637; x_wconf 89' lang='lat' dir='ltr'><strong>infert,</strong></span> <span class='ocrx_word' id='word_1_491' title='bbox 3164 2585 3231 2625; x_wconf 89' lang='lat' dir='ltr'>ac</span> <span class='ocrx_word' id='word_1_492' title='bbox 3280 2569 3671 2641; x_wconf 81' lang='lat' dir='ltr'><strong>inexspectan</strong></span> 
     </span>
    </p>
   </div>
   <div class='ocr_carea' id='block_1_69' title="bbox 2024 2656 3671 2728">
    <p class='ocr_par' dir='ltr' id='par_1_69' title="bbox 2024 2656 3671 2728">
     <span class='ocr_line' id='line_1_70' title="bbox 2024 2656 3671 2728; baseline 0.001 -16"><span class='ocrx_word' id='word_1_493' title='bbox 2024 2662 2376 2728; x_wconf 76' lang='lat' dir='ltr'><strong>superventu</strong></span> <span class='ocrx_word' id='word_1_494' title='bbox 2409 2662 2466 2711; x_wconf 91' lang='lat' dir='ltr'>et</span> <span class='ocrx_word' id='word_1_495' title='bbox 2499 2656 2871 2712; x_wconf 86' lang='lat' dir='ltr'><strong>multitudine</strong></span> <span class='ocrx_word' id='word_1_496' title='bbox 2922 2658 3205 2727; x_wconf 90' lang='lat' dir='ltr'><strong>principio</strong></span> <span class='ocrx_word' id='word_1_497' title='bbox 3251 2664 3526 2714; x_wconf 88' lang='lat' dir='ltr'><strong>terrorem</strong></span> <span class='ocrx_word' id='word_1_498' title='bbox 3577 2660 3671 2713; x_wconf 88' lang='lat' dir='ltr'><strong>in-</strong></span> 
     </span>
    </p>
   </div>
   <div class='ocr_carea' id='block_1_70' title="bbox 2023 2745 3671 2804">
    <p class='ocr_par' dir='ltr' id='par_1_70' title="bbox 2023 2745 3671 2804">
     <span class='ocr_line' id='line_1_71' title="bbox 2023 2745 3671 2804; baseline 0.001 -2"><span class='ocrx_word' id='word_1_499' title='bbox 2023 2745 2190 2802; x_wconf 89' lang='lat' dir='ltr'><strong>cutit.</strong></span> <span class='ocrx_word' id='word_1_500' title='bbox 2216 2748 2326 2800; x_wconf 86' lang='lat' dir='ltr'><strong>Sed</strong></span> <span class='ocrx_word' id='word_1_501' title='bbox 2362 2763 2492 2802; x_wconf 91' lang='lat' dir='ltr'>cum</span> <span class='ocrx_word' id='word_1_502' title='bbox 2529 2747 2723 2801; x_wconf 85' lang='lat' dir='ltr'><strong>Errico</strong></span> <span class='ocrx_word' id='word_1_503' title='bbox 2782 2746 2983 2802; x_wconf 85' lang='lat' dir='ltr'><strong>Martis</strong></span> <span class='ocrx_word' id='word_1_504' title='bbox 3040 2746 3166 2802; x_wconf 88' lang='lat' dir='ltr'><strong>alea</strong></span> <span class='ocrx_word' id='word_1_505' title='bbox 3212 2747 3486 2803; x_wconf 84' lang='lat' dir='ltr'><strong>tentanda</strong></span> <span class='ocrx_word' id='word_1_506' title='bbox 3519 2749 3671 2804; x_wconf 82' lang='lat' dir='ltr'><strong>vide-</strong></span> 
     </span>
    </p>
   </div>
   <div class='ocr_carea' id='block_1_71' title="bbox 2024 2836 3672 2908">
    <p class='ocr_par' dir='ltr' id='par_1_71' title="bbox 2024 2836 3672 2908">
     <span class='ocr_line' id='line_1_72' title="bbox 2024 2836 3672 2908; baseline 0.001 -17"><span class='ocrx_word' id='word_1_507' title='bbox 2024 2842 2206 2903; x_wconf 87' lang='lat' dir='ltr'><strong>retur,</strong></span> <span class='ocrx_word' id='word_1_508' title='bbox 2240 2836 2505 2906; x_wconf 83' lang='lat' dir='ltr'><strong>equitum</strong></span> <span class='ocrx_word' id='word_1_509' title='bbox 2540 2836 2720 2890; x_wconf 85' lang='lat' dir='ltr'><strong>aciem</strong></span> <span class='ocrx_word' id='word_1_510' title='bbox 2771 2836 3013 2891; x_wconf 87' lang='lat' dir='ltr'><strong>instruit</strong></span> <span class='ocrx_word' id='word_1_511' title='bbox 3043 2855 3057 2904; x_wconf 91' lang='lat'><strong>;</strong></span> <span class='ocrx_word' id='word_1_512' title='bbox 3092 2837 3192 2908; x_wconf 90' lang='lat' dir='ltr'>qui</span> <span class='ocrx_word' id='word_1_513' title='bbox 3252 2836 3438 2893; x_wconf 88' lang='lat' dir='ltr'><strong>hastis</strong></span> <span class='ocrx_word' id='word_1_514' title='bbox 3495 2838 3555 2892; x_wconf 89' lang='lat' dir='ltr'>in</span> <span class='ocrx_word' id='word_1_515' title='bbox 3587 2837 3672 2892; x_wconf 61' lang='lat' dir='ltr'><strong>alo</strong></span> 
     </span>
    </p>
   </div>
   <div class='ocr_carea' id='block_1_72' title="bbox 2024 2925 3674 2997">
    <p class='ocr_par' dir='ltr' id='par_1_72' title="bbox 2024 2925 3674 2997">
     <span class='ocr_line' id='line_1_73' title="bbox 2024 2925 3674 2997; baseline 0.001 -17"><span class='ocrx_word' id='word_1_516' title='bbox 2024 2931 2148 2980; x_wconf 88' lang='lat' dir='ltr'>tum</span> <span class='ocrx_word' id='word_1_517' title='bbox 2177 2925 2347 2981; x_wconf 90' lang='lat' dir='ltr'><strong>elatis</strong></span> <span class='ocrx_word' id='word_1_518' title='bbox 2380 2925 2773 2981; x_wconf 80' lang='lat' dir='ltr'><strong>Romanorum</strong></span> <span class='ocrx_word' id='word_1_519' title='bbox 2813 2940 3192 2997; x_wconf 81' lang='lat' dir='ltr'><strong>congressum</strong></span> <span class='ocrx_word' id='word_1_520' title='bbox 3238 2929 3674 2997; x_wconf 82' lang='lat' dir='ltr'><strong>exspectabant.</strong></span> 
     </span>
    </p>
   </div>
   <div class='ocr_carea' id='block_1_73' title="bbox 2024 3013 3674 3082">
    <p class='ocr_par' dir='ltr' id='par_1_73' title="bbox 2024 3013 3674 3082">
     <span class='ocr_line' id='line_1_74' title="bbox 2024 3013 3674 3082; baseline 0.002 -14"><span class='ocrx_word' id='word_1_521' title='bbox 2024 3013 2130 3077; x_wconf 87' lang='lat' dir='ltr'><strong>Qui</strong></span> <span class='ocrx_word' id='word_1_522' title='bbox 2167 3030 2298 3069; x_wconf 89' lang='lat' dir='ltr'>cum</span> <span class='ocrx_word' id='word_1_523' title='bbox 2331 3030 2364 3069; x_wconf 90' lang='lat' dir='ltr'>a</span> <span class='ocrx_word' id='word_1_524' title='bbox 2396 3013 2734 3070; x_wconf 86' lang='lat' dir='ltr'><strong>lacessendo</strong></span> <span class='ocrx_word' id='word_1_525' title='bbox 2764 3013 3166 3082; x_wconf 88' lang='lat' dir='ltr'><strong>abhorrerent,</strong></span> <span class='ocrx_word' id='word_1_526' title='bbox 3200 3021 3258 3069; x_wconf 91' lang='lat' dir='ltr'>et</span> <span class='ocrx_word' id='word_1_527' title='bbox 3287 3016 3472 3071; x_wconf 87' lang='lat' dir='ltr'><strong>instar</strong></span> <span class='ocrx_word' id='word_1_528' title='bbox 3502 3015 3674 3071; x_wconf 78' lang='lat' dir='ltr'><strong>flam-</strong></span> 
     </span>
    </p>
   </div>
   <div class='ocr_carea' id='block_1_74' title="bbox 2027 3103 3674 3176">
    <p class='ocr_par' dir='ltr' id='par_1_74' title="bbox 2027 3103 3674 3176">
     <span class='ocr_line' id='line_1_75' title="bbox 2027 3103 3674 3176; baseline 0.001 -18"><span class='ocrx_word' id='word_1_529' title='bbox 2027 3103 2585 3176; x_wconf 89' lang='lat' dir='ltr'><strong>mivomiserpentis</strong></span> <span class='ocrx_word' id='word_1_530' title='bbox 2644 3103 3005 3159; x_wconf 80' lang='lat' dir='ltr'><strong>anfractibus</strong></span> <span class='ocrx_word' id='word_1_531' title='bbox 3062 3103 3364 3176; x_wconf 88' lang='lat' dir='ltr'><strong>copiarum</strong></span> <span class='ocrx_word' id='word_1_532' title='bbox 3425 3121 3550 3161; x_wconf 85' lang='lat' dir='ltr'><strong>sese</strong></span> <span class='ocrx_word' id='word_1_533' title='bbox 3581 3105 3674 3160; x_wconf 84' lang='lat' dir='ltr'>ﬂe-</span> 
     </span>
    </p>
   </div>
   <div class='ocr_carea' id='block_1_75' title="bbox 2028 3192 3671 3264">
    <p class='ocr_par' dir='ltr' id='par_1_75' title="bbox 2028 3192 3671 3264">
     <span class='ocr_line' id='line_1_76' title="bbox 2028 3192 3671 3264; baseline 0.001 -17"><span class='ocrx_word' id='word_1_534' title='bbox 2028 3200 2268 3260; x_wconf 84' lang='lat' dir='ltr'><strong>cterent,</strong></span> <span class='ocrx_word' id='word_1_535' title='bbox 2302 3197 2359 3248; x_wconf 90' lang='lat' dir='ltr'>et</span> <span class='ocrx_word' id='word_1_536' title='bbox 2388 3192 2655 3264; x_wconf 86' lang='lat' dir='ltr'><strong>squamis</strong></span> <span class='ocrx_word' id='word_1_537' title='bbox 2671 3208 2970 3247; x_wconf 90' lang='lat' dir='ltr'><strong>armorum</strong></span> <span class='ocrx_word' id='word_1_538' title='bbox 3021 3192 3343 3261; x_wconf 88' lang='lat' dir='ltr'><strong>horrerent,</strong></span> <span class='ocrx_word' id='word_1_539' title='bbox 3375 3198 3432 3248; x_wconf 88' lang='lat' dir='ltr'>et</span> <span class='ocrx_word' id='word_1_540' title='bbox 3456 3194 3671 3249; x_wconf 88' lang='lat' dir='ltr'><strong>utrius-</strong></span> 
     </span>
    </p>
   </div>
   <div class='ocr_carea' id='block_1_76' title="bbox 2028 3281 3672 3355">
    <p class='ocr_par' dir='ltr' id='par_1_76' title="bbox 2028 3281 3672 3355">
     <span class='ocr_line' id='line_1_77' title="bbox 2028 3281 3672 3355; baseline 0 -17"><span class='ocrx_word' id='word_1_541' title='bbox 2028 3297 2143 3353; x_wconf 88' lang='lat' dir='ltr'>que</span> <span class='ocrx_word' id='word_1_542' title='bbox 2175 3298 2354 3338; x_wconf 89' lang='lat' dir='ltr'><strong>cornu</strong></span> <span class='ocrx_word' id='word_1_543' title='bbox 2413 3281 2798 3353; x_wconf 79' lang='lat' dir='ltr'><strong>explicatione</strong></span> <span class='ocrx_word' id='word_1_544' title='bbox 2852 3282 3009 3338; x_wconf 88' lang='lat' dir='ltr'><strong>velut</strong></span> <span class='ocrx_word' id='word_1_545' title='bbox 3064 3281 3314 3338; x_wconf 88' lang='lat' dir='ltr'><strong>hitatum</strong></span> <span class='ocrx_word' id='word_1_546' title='bbox 3349 3284 3672 3355; x_wconf 88' lang='lat' dir='ltr'><strong>quemdam</strong></span> 
     </span>
    </p>
   </div>
   <div class='ocr_carea' id='block_1_77' title="bbox 2027 3371 3671 3444">
    <p class='ocr_par' dir='ltr' id='par_1_77' title="bbox 2027 3371 3671 3444">
     <span class='ocr_line' id='line_1_78' title="bbox 2027 3371 3671 3444; baseline 0.001 -18"><span class='ocrx_word' id='word_1_547' title='bbox 2027 3387 2143 3444; x_wconf 71' lang='lat' dir='ltr'><strong>prae</strong></span> <span class='ocrx_word' id='word_1_548' title='bbox 2174 3387 2234 3426; x_wconf 87' lang='lat' dir='ltr'>se</span> <span class='ocrx_word' id='word_1_549' title='bbox 2266 3372 2502 3440; x_wconf 88' lang='lat' dir='ltr'><strong>ferrent,</strong></span> <span class='ocrx_word' id='word_1_550' title='bbox 2535 3379 2589 3426; x_wconf 91' lang='lat' dir='ltr'>et</span> <span class='ocrx_word' id='word_1_551' title='bbox 2626 3371 2775 3426; x_wconf 75' lang='lat'><strong>799</strong></span> <span class='ocrx_word' id='word_1_552' title='bbox 2807 3375 2999 3426; x_wconf 85' lang='lat' dir='ltr'><strong>tamen</strong></span> <span class='ocrx_word' id='word_1_553' title='bbox 3032 3372 3273 3443; x_wconf 90' lang='lat' dir='ltr'><strong>segnius</strong></span> <span class='ocrx_word' id='word_1_554' title='bbox 3305 3377 3481 3443; x_wconf 88' lang='lat' dir='ltr'><strong>atque</strong></span> <span class='ocrx_word' id='word_1_555' title='bbox 3508 3371 3671 3443; x_wconf 82' lang='lat' dir='ltr'><strong>igna-</strong></span> 
     </span>
    </p>
   </div>
   <div class='ocr_carea' id='block_1_78' title="bbox 2026 3461 3677 3533">
    <p class='ocr_par' dir='ltr' id='par_1_78' title="bbox 2026 3461 3677 3533">
     <span class='ocr_line' id='line_1_79' title="bbox 2026 3461 3677 3533; baseline 0.002 -18"><span class='ocrx_word' id='word_1_556' title='bbox 2026 3462 2157 3518; x_wconf 91' lang='lat' dir='ltr'><strong>vius</strong></span> <span class='ocrx_word' id='word_1_557' title='bbox 2188 3463 2553 3531; x_wconf 87' lang='lat' dir='ltr'><strong>invaderent,</strong></span> <span class='ocrx_word' id='word_1_558' title='bbox 2587 3461 2781 3517; x_wconf 89' lang='lat' dir='ltr'><strong>Latini</strong></span> <span class='ocrx_word' id='word_1_559' title='bbox 2811 3461 2989 3517; x_wconf 85' lang='lat' dir='ltr'><strong>veluti</strong></span> <span class='ocrx_word' id='word_1_560' title='bbox 3042 3462 3208 3533; x_wconf 84' lang='lat' dir='ltr'><strong>signo</strong></span> <span class='ocrx_word' id='word_1_561' title='bbox 3268 3465 3404 3518; x_wconf 88' lang='lat' dir='ltr'><strong>dato</strong></span> <span class='ocrx_word' id='word_1_562' title='bbox 3437 3464 3677 3518; x_wconf 87' lang='lat' dir='ltr'><strong>directis</strong></span> 
     </span>
    </p>
   </div>
   <div class='ocr_carea' id='block_1_79' title="bbox 2026 3551 3679 3622">
    <p class='ocr_par' dir='ltr' id='par_1_79' title="bbox 2026 3551 3679 3622">
     <span class='ocr_line' id='line_1_80' title="bbox 2026 3551 3679 3622; baseline 0.001 -17"><span class='ocrx_word' id='word_1_563' title='bbox 2026 3552 2214 3606; x_wconf 86' lang='lat' dir='ltr'><strong>hastis</strong></span> <span class='ocrx_word' id='word_1_564' title='bbox 2238 3556 2295 3606; x_wconf 90' lang='lat' dir='ltr'>et</span> <span class='ocrx_word' id='word_1_565' title='bbox 2314 3552 2566 3607; x_wconf 86' lang='lat' dir='ltr'><strong>clamore</strong></span> <span class='ocrx_word' id='word_1_566' title='bbox 2590 3554 2660 3606; x_wconf 88' lang='lat' dir='ltr'>de</span> <span class='ocrx_word' id='word_1_567' title='bbox 2684 3568 2842 3606; x_wconf 88' lang='lat' dir='ltr'><strong>more</strong></span> <span class='ocrx_word' id='word_1_568' title='bbox 2871 3551 3121 3617; x_wconf 85' lang='lat' dir='ltr'><strong>sublato,</strong></span> <span class='ocrx_word' id='word_1_569' title='bbox 3146 3553 3273 3622; x_wconf 85' lang='lat' dir='ltr'><strong>ipso</strong></span> <span class='ocrx_word' id='word_1_570' title='bbox 3316 3551 3513 3605; x_wconf 88' lang='lat' dir='ltr'><strong>Errico</strong></span> <span class='ocrx_word' id='word_1_571' title='bbox 3545 3558 3679 3607; x_wconf 89' lang='lat' dir='ltr'><strong>ante</strong></span> 
     </span>
    </p>
   </div>
   <div class='ocr_carea' id='block_1_80' title="bbox 2025 3640 3676 3714">
    <p class='ocr_par' dir='ltr' id='par_1_80' title="bbox 2025 3640 3676 3714">
     <span class='ocr_line' id='line_1_81' title="bbox 2025 3640 3676 3714; baseline -0.002 -17"><span class='ocrx_word' id='word_1_572' title='bbox 2025 3642 2171 3699; x_wconf 90' lang='lat' dir='ltr'><strong>alios</strong></span> <span class='ocrx_word' id='word_1_573' title='bbox 2197 3649 2537 3714; x_wconf 88' lang='lat' dir='ltr'><strong>erumpente</strong></span> <span class='ocrx_word' id='word_1_574' title='bbox 2560 3646 2616 3696; x_wconf 90' lang='lat' dir='ltr'>et</span> <span class='ocrx_word' id='word_1_575' title='bbox 2643 3659 2746 3713; x_wconf 91' lang='lat' dir='ltr'>per</span> <span class='ocrx_word' id='word_1_576' title='bbox 2766 3641 3011 3696; x_wconf 88' lang='lat' dir='ltr'><strong>mediam</strong></span> <span class='ocrx_word' id='word_1_577' title='bbox 3036 3641 3295 3695; x_wconf 89' lang='lat' dir='ltr'><strong>hostium</strong></span> <span class='ocrx_word' id='word_1_578' title='bbox 3320 3640 3500 3695; x_wconf 91' lang='lat' dir='ltr'><strong>aciem</strong></span> <span class='ocrx_word' id='word_1_579' title='bbox 3527 3656 3676 3711; x_wconf 87' lang='lat' dir='ltr'><strong>equo</strong></span> 
     </span>
    </p>
   </div>
   <div class='ocr_carea' id='block_1_81' title="bbox 2025 3729 3673 3802">
    <p class='ocr_par' dir='ltr' id='par_1_81' title="bbox 2025 3729 3673 3802">
     <span class='ocr_line' id='line_1_82' title="bbox 2025 3729 3673 3802; baseline -0.001 -17"><span class='ocrx_word' id='word_1_580' title='bbox 2025 3733 2753 3802; x_wconf 86' lang='lat' dir='ltr'><strong>perrumpente,Romanos</strong></span> <span class='ocrx_word' id='word_1_581' title='bbox 2784 3730 3094 3799; x_wconf 77' lang='lat' dir='ltr'><strong>dissipant,</strong></span> <span class='ocrx_word' id='word_1_582' title='bbox 3116 3737 3167 3785; x_wconf 90' lang='lat' dir='ltr'>et</span> <span class='ocrx_word' id='word_1_583' title='bbox 3190 3729 3547 3799; x_wconf 84' lang='lat' dir='ltr'><strong>fugientibus</strong></span> <span class='ocrx_word' id='word_1_584' title='bbox 3579 3729 3673 3783; x_wconf 90' lang='lat' dir='ltr'><strong>in-</strong></span> 
     </span>
    </p>
   </div>
   <div class='ocr_carea' id='block_1_82' title="bbox 2023 3816 3669 3889">
    <p class='ocr_par' dir='ltr' id='par_1_82' title="bbox 2023 3816 3669 3889">
     <span class='ocr_line' id='line_1_83' title="bbox 2023 3816 3669 3889; baseline -0.001 -14"><span class='ocrx_word' id='word_1_585' title='bbox 2023 3820 2371 3875; x_wconf 88' lang='lat' dir='ltr'><strong>cumbentes</strong></span> <span class='ocrx_word' id='word_1_586' title='bbox 2395 3819 2677 3889; x_wconf 90' lang='lat' dir='ltr'><strong>plurimos</strong></span> <span class='ocrx_word' id='word_1_587' title='bbox 2699 3816 2991 3873; x_wconf 89' lang='lat' dir='ltr'><strong>occidunt.</strong></span> <span class='ocrx_word' id='word_1_588' title='bbox 3011 3817 3155 3872; x_wconf 88' lang='lat' dir='ltr'>Nam</span> <span class='ocrx_word' id='word_1_589' title='bbox 3177 3818 3419 3873; x_wconf 84' lang='lat' dir='ltr'><strong>Romani</strong></span> <span class='ocrx_word' id='word_1_590' title='bbox 3442 3817 3669 3888; x_wconf 86' lang='lat' dir='ltr'><strong>equites</strong></span> 
     </span>
    </p>
   </div>
   <div class='ocr_carea' id='block_1_83' title="bbox 2022 3906 3674 3979">
    <p class='ocr_par' dir='ltr' id='par_1_83' title="bbox 2022 3906 3674 3979">
     <span class='ocr_line' id='line_1_84' title="bbox 2022 3906 3674 3979; baseline -0.002 -15"><span class='ocrx_word' id='word_1_591' title='bbox 2022 3910 2091 3965; x_wconf 90' lang='lat' dir='ltr'>ad</span> <span class='ocrx_word' id='word_1_592' title='bbox 2120 3908 2370 3979; x_wconf 89' lang='lat' dir='ltr'><strong>primam</strong></span> <span class='ocrx_word' id='word_1_593' title='bbox 2388 3909 2727 3962; x_wconf 88' lang='lat' dir='ltr'><strong>Latinorum</strong></span> <span class='ocrx_word' id='word_1_594' title='bbox 2744 3908 3189 3977; x_wconf 88' lang='lat' dir='ltr'><strong>impressionem</strong></span> <span class='ocrx_word' id='word_1_595' title='bbox 3204 3915 3254 3962; x_wconf 88' lang='lat' dir='ltr'>et</span> <span class='ocrx_word' id='word_1_596' title='bbox 3269 3907 3573 3962; x_wconf 88' lang='lat' dir='ltr'><strong>hastarum</strong></span> <span class='ocrx_word' id='word_1_597' title='bbox 3590 3906 3674 3961; x_wconf 89' lang='lat' dir='ltr'><strong>di-</strong></span> 
     </span>
    </p>
   </div>
   <div class='ocr_carea' id='block_1_84' title="bbox 2023 3996 3679 4069">
    <p class='ocr_par' dir='ltr' id='par_1_84' title="bbox 2023 3996 3679 4069">
     <span class='ocr_line' id='line_1_85' title="bbox 2023 3996 3679 4069; baseline -0.002 -15"><span class='ocrx_word' id='word_1_598' title='bbox 2023 3997 2337 4054; x_wconf 84' lang='lat' dir='ltr'><strong>rectionem</strong></span> <span class='ocrx_word' id='word_1_599' title='bbox 2356 3996 2661 4052; x_wconf 90' lang='lat' dir='ltr'><strong>concitatis</strong></span> <span class='ocrx_word' id='word_1_600' title='bbox 2681 3996 2849 4067; x_wconf 90' lang='lat' dir='ltr'><strong>equis</strong></span> <span class='ocrx_word' id='word_1_601' title='bbox 2868 3996 3156 4068; x_wconf 85' lang='lat' dir='ltr'><strong>fugientes</strong></span> <span class='ocrx_word' id='word_1_602' title='bbox 3199 3997 3495 4069; x_wconf 88' lang='lat' dir='ltr'><strong>pedestres</strong></span> <span class='ocrx_word' id='word_1_603' title='bbox 3523 3996 3679 4052; x_wconf 90' lang='lat' dir='ltr'><strong>ordi-</strong></span> 
     </span>
    </p>
   </div>
   <div class='ocr_carea' id='block_1_85' title="bbox 2024 4084 3676 4158">
    <p class='ocr_par' dir='ltr' id='par_1_85' title="bbox 2024 4084 3676 4158">
     <span class='ocr_line' id='line_1_86' title="bbox 2024 4084 3676 4158; baseline 0.001 -16"><span class='ocrx_word' id='word_1_604' title='bbox 2024 4103 2129 4142; x_wconf 91' lang='lat' dir='ltr'>nes</span> <span class='ocrx_word' id='word_1_605' title='bbox 2153 4085 2422 4141; x_wconf 90' lang='lat' dir='ltr'><strong>hostibus</strong></span> <span class='ocrx_word' id='word_1_606' title='bbox 2452 4085 2831 4141; x_wconf 87' lang='lat' dir='ltr'><strong>trucidandos</strong></span> <span class='ocrx_word' id='word_1_607' title='bbox 2855 4084 3210 4157; x_wconf 87' lang='lat' dir='ltr'><strong>reliquerant</strong></span> <span class='ocrx_word' id='word_1_608' title='bbox 3228 4091 3284 4141; x_wconf 91' lang='lat' dir='ltr'>et</span> <span class='ocrx_word' id='word_1_609' title='bbox 3315 4085 3676 4158; x_wconf 86' lang='lat' dir='ltr'><strong>spoliandos.</strong></span> 
     </span>
    </p>
   </div>
   <div class='ocr_carea' id='block_1_86' title="bbox 272 4167 3680 4248">
    <p class='ocr_par' dir='ltr' id='par_1_86' title="bbox 272 4167 3680 4248">
     <span class='ocr_line' id='line_1_87' title="bbox 272 4167 3680 4248; baseline 0.002 -24"><span class='ocrx_word' id='word_1_610' title='bbox 272 4191 458 4231; x_wconf 85' lang='grc' dir='ltr'>σοντες</span> <span class='ocrx_word' id='word_1_611' title='bbox 534 4167 723 4225; x_wconf 76' lang='grc' dir='ltr'>ὅπλων</span> <span class='ocrx_word' id='word_1_612' title='bbox 799 4169 888 4224; x_wconf 87' lang='grc' dir='ltr'>καὶ</span> <span class='ocrx_word' id='word_1_613' title='bbox 965 4170 1039 4232; x_wconf 86' lang='grc' dir='ltr'>ὡς</span> <span class='ocrx_word' id='word_1_614' title='bbox 1117 4170 1194 4232; x_wconf 83' lang='grc' dir='ltr'>εἷς</span> <span class='ocrx_word' id='word_1_615' title='bbox 1269 4171 1459 4245; x_wconf 83' lang='grc' dir='ltr'>χάσμα</span> <span class='ocrx_word' id='word_1_616' title='bbox 1536 4168 1939 4247; x_wconf 86' lang='grc' dir='ltr'>διανοιγόμενοι</span> <span class='ocrx_word' id='word_1_617' title='bbox 2015 4174 2287 4247; x_wconf 87' lang='grc' dir='ltr'>στόματος</span> <span class='ocrx_word' id='word_1_618' title='bbox 2339 4178 2463 4235; x_wconf 89' lang='grc' dir='ltr'>ταῖς</span> <span class='ocrx_word' id='word_1_619' title='bbox 2522 4171 2786 4247; x_wconf 75' lang='grc' dir='ltr'>ἑκατέρων</span> <span class='ocrx_word' id='word_1_620' title='bbox 2841 4176 2950 4226; x_wconf 83' lang='grc' dir='ltr'>τῶν</span> <span class='ocrx_word' id='word_1_621' title='bbox 3022 4176 3261 4248; x_wconf 78' lang='grc' dir='ltr'>κεράτων</span> <span class='ocrx_word' id='word_1_622' title='bbox 3336 4173 3680 4244; x_wconf 67' lang='grc' dir='ltr'>ἀναπτύξεσι,</span> 
     </span>
    </p>
   </div>
   <div class='ocr_carea' id='block_1_87' title="bbox 262 4256 3678 4341">
    <p class='ocr_par' dir='ltr' id='par_1_87' title="bbox 262 4256 3678 4341">
     <span class='ocr_line' id='line_1_88' title="bbox 262 4256 3678 4341; baseline 0.001 -26"><span class='ocrx_word' id='word_1_623' title='bbox 262 4262 399 4335; x_wconf 89' lang='grc' dir='ltr'>πρὸς</span> <span class='ocrx_word' id='word_1_624' title='bbox 432 4259 489 4315; x_wconf 67' lang='grc' dir='ltr'>δὲ</span> <span class='ocrx_word' id='word_1_625' title='bbox 528 4260 623 4322; x_wconf 77' lang='grc' dir='ltr'>τὰς</span> <span class='ocrx_word' id='word_1_626' title='bbox 654 4258 936 4325; x_wconf 80' lang='grc' dir='ltr'>ἐπελάσεις</span> <span class='ocrx_word' id='word_1_627' title='bbox 974 4261 1308 4333; x_wconf 70' lang='grc' dir='ltr'>ἀτονώτερον</span> <span class='ocrx_word' id='word_1_628' title='bbox 1360 4256 1581 4341; x_wconf 79' lang='grc' dir='ltr'>ἔχοντες</span> <span class='ocrx_word' id='word_1_629' title='bbox 1621 4262 1710 4317; x_wconf 80' lang='grc' dir='ltr'>καὶ</span> <span class='ocrx_word' id='word_1_630' title='bbox 1750 4261 2099 4339; x_wconf 69' lang='grc' dir='ltr'>νωθέστερον,</span> <span class='ocrx_word' id='word_1_631' title='bbox 2154 4265 2229 4327; x_wconf 84' lang='grc' dir='ltr'>ὡς</span> <span class='ocrx_word' id='word_1_632' title='bbox 2288 4265 2376 4340; x_wconf 82' lang='grc' dir='ltr'>ἀφ’</span> <span class='ocrx_word' id='word_1_633' title='bbox 2432 4265 2549 4327; x_wconf 72' lang='grc' dir='ltr'>ἑνὸς</span> <span class='ocrx_word' id='word_1_634' title='bbox 2590 4266 2934 4339; x_wconf 72' lang='grc' dir='ltr'>συνθήματος</span> <span class='ocrx_word' id='word_1_635' title='bbox 2976 4265 3127 4321; x_wconf 78' lang='grc' dir='ltr'>οὗτοι</span> <span class='ocrx_word' id='word_1_636' title='bbox 3192 4266 3260 4322; x_wconf 80' lang='grc' dir='ltr'>τὰ</span> <span class='ocrx_word' id='word_1_637' title='bbox 3317 4267 3476 4339; x_wconf 80' lang='grc' dir='ltr'>ξυστὰ</span> <span class='ocrx_word' id='word_1_638' title='bbox 3513 4266 3678 4321; x_wconf 82' lang='grc' dir='ltr'>ἀπευ-</span> 
     </span>
    </p>
   </div>
   <div class='ocr_carea' id='block_1_88' title="bbox 265 4348 3675 4430">
    <p class='ocr_par' dir='ltr' id='par_1_88' title="bbox 265 4348 3675 4430">
     <span class='ocr_line' id='line_1_89' title="bbox 265 4348 3675 4430; baseline 0.001 -27"><span class='ocrx_word' id='word_1_639' title='bbox 265 4348 520 4410; x_wconf 70' lang='grc' dir='ltr'>θύναντες</span> <span class='ocrx_word' id='word_1_640' title='bbox 549 4350 642 4403; x_wconf 83' lang='grc' dir='ltr'>καὶ</span> <span class='ocrx_word' id='word_1_641' title='bbox 690 4349 828 4404; x_wconf 87' lang='grc' dir='ltr'>κατά</span> <span class='ocrx_word' id='word_1_642' title='bbox 871 4349 935 4405; x_wconf 83' lang='grc' dir='ltr'>τὸ</span> <span class='ocrx_word' id='word_1_643' title='bbox 990 4349 1216 4418; x_wconf 69' lang='grc' dir='ltr'>σύνηθες</span> <span class='ocrx_word' id='word_1_644' title='bbox 1273 4349 1656 4421; x_wconf 63' lang='grc' dir='ltr'>ἀλαλάξαντες,</span> <span class='ocrx_word' id='word_1_645' title='bbox 1706 4351 1871 4407; x_wconf 74' lang='grc' dir='ltr'>αὑτοῦ</span> <span class='ocrx_word' id='word_1_646' title='bbox 1929 4350 1995 4423; x_wconf 77' lang='grc' dir='ltr'>δὴ</span> <span class='ocrx_word' id='word_1_647' title='bbox 2046 4357 2143 4408; x_wconf 75' lang='grc' dir='ltr'>τοῦ</span> <span class='ocrx_word' id='word_1_648' title='bbox 2204 4352 2369 4430; x_wconf 74' lang='grc' dir='ltr'>Ἐῤῥῆ</span> <span class='ocrx_word' id='word_1_649' title='bbox 2418 4358 2526 4408; x_wconf 85' lang='grc' dir='ltr'>τῶν</span> <span class='ocrx_word' id='word_1_650' title='bbox 2570 4351 2755 4409; x_wconf 83' lang='grc' dir='ltr'>ἄλλων</span> <span class='ocrx_word' id='word_1_651' title='bbox 2789 4355 3227 4430; x_wconf 88' lang='grc' dir='ltr'>προεκθορόντος</span> <span class='ocrx_word' id='word_1_652' title='bbox 3254 4357 3346 4410; x_wconf 82' lang='grc' dir='ltr'>καὶ</span> <span class='ocrx_word' id='word_1_653' title='bbox 3377 4354 3467 4410; x_wconf 80' lang='grc' dir='ltr'>διά</span> <span class='ocrx_word' id='word_1_654' title='bbox 3500 4355 3675 4428; x_wconf 84' lang='grc' dir='ltr'>μέσων</span> 
     </span>
    </p>
   </div>
   <div class='ocr_carea' id='block_1_89' title="bbox 262 4435 3678 4520">
    <p class='ocr_par' dir='ltr' id='par_1_89' title="bbox 262 4435 3678 4520">
     <span class='ocr_line' id='line_1_90' title="bbox 262 4435 3678 4520; baseline 0.002 -29"><span class='ocrx_word' id='word_1_655' title='bbox 262 4442 369 4492; x_wconf 81' lang='grc' dir='ltr'>τῶν</span> <span class='ocrx_word' id='word_1_656' title='bbox 402 4438 603 4508; x_wconf 79' lang='grc' dir='ltr'>τάξεων</span> <span class='ocrx_word' id='word_1_657' title='bbox 633 4438 724 4493; x_wconf 88' lang='grc' dir='ltr'>τὸν</span> <span class='ocrx_word' id='word_1_658' title='bbox 752 4436 926 4493; x_wconf 71' lang='grc' dir='ltr'>’ίππον</span> <span class='ocrx_word' id='word_1_659' title='bbox 978 4437 1289 4509; x_wconf 83' lang='grc' dir='ltr'>ἐλάσαντος,</span> <span class='ocrx_word' id='word_1_660' title='bbox 1324 4435 1731 4509; x_wconf 83' lang='grc' dir='ltr'>διασκεδάζουσι</span> <span class='ocrx_word' id='word_1_661' title='bbox 1782 4441 2114 4515; x_wconf 86' lang='grc' dir='ltr'>Ῥωμαίους,</span> <span class='ocrx_word' id='word_1_662' title='bbox 2169 4442 2259 4497; x_wconf 81' lang='grc' dir='ltr'>καὶ</span> <span class='ocrx_word' id='word_1_663' title='bbox 2320 4442 2497 4518; x_wconf 75' lang='grc' dir='ltr'>σφίσιν</span> <span class='ocrx_word' id='word_1_664' title='bbox 2556 4440 2888 4515; x_wconf 81' lang='grc' dir='ltr'>ἐπικείμενοι</span> <span class='ocrx_word' id='word_1_665' title='bbox 2922 4442 3181 4520; x_wconf 77' lang='grc' dir='ltr'>φεύγουσι</span> <span class='ocrx_word' id='word_1_666' title='bbox 3212 4443 3375 4519; x_wconf 77' lang='grc' dir='ltr'>φόνου</span> <span class='ocrx_word' id='word_1_667' title='bbox 3405 4443 3678 4516; x_wconf 85' lang='grc' dir='ltr'>πάρεργον</span> 
     </span>
    </p>
   </div>
   <div class='ocr_carea' id='block_1_90' title="bbox 262 4522 3674 4607">
    <p class='ocr_par' dir='ltr' id='par_1_90' title="bbox 262 4522 3674 4607">
     <span class='ocr_line' id='line_1_91' title="bbox 262 4522 3674 4607; baseline 0.001 -25"><span class='ocrx_word' id='word_1_668' title='bbox 262 4529 556 4588; x_wconf 79' lang='grc' dir='ltr'>πΛείστους</span> <span class='ocrx_word' id='word_1_669' title='bbox 586 4522 787 4595; x_wconf 77' lang='grc' dir='ltr'>ἔθεντο,</span> <span class='ocrx_word' id='word_1_670' title='bbox 829 4529 919 4582; x_wconf 81' lang='grc' dir='ltr'>οἷα</span> <span class='ocrx_word' id='word_1_671' title='bbox 947 4532 1054 4583; x_wconf 81' lang='grc' dir='ltr'>τῶν</span> <span class='ocrx_word' id='word_1_672' title='bbox 1085 4529 1292 4583; x_wconf 76' lang='grc' dir='ltr'>ἱππέων</span> <span class='ocrx_word' id='word_1_673' title='bbox 1326 4530 1408 4601; x_wconf 88' lang='grc' dir='ltr'>[Ρ.</span> <span class='ocrx_word' id='word_1_674' title='bbox 1440 4531 1565 4601; x_wconf 85' lang='grc'>390]</span> <span class='ocrx_word' id='word_1_675' title='bbox 1597 4529 1887 4603; x_wconf 89' lang='grc' dir='ltr'>Ῥωμαίων</span> <span class='ocrx_word' id='word_1_676' title='bbox 1919 4532 2012 4585; x_wconf 80' lang='grc' dir='ltr'>καὶ</span> <span class='ocrx_word' id='word_1_677' title='bbox 2042 4532 2177 4607; x_wconf 87' lang='grc' dir='ltr'>πρὸς</span> <span class='ocrx_word' id='word_1_678' title='bbox 2209 4534 2309 4601; x_wconf 75' lang='grc' dir='ltr'>τὴν</span> <span class='ocrx_word' id='word_1_679' title='bbox 2340 4532 2562 4605; x_wconf 73' lang='grc' dir='ltr'>πρώτην</span> <span class='ocrx_word' id='word_1_680' title='bbox 2596 4525 2875 4604; x_wconf 80' lang='grc' dir='ltr'>ἔμπτωσιν</span> <span class='ocrx_word' id='word_1_681' title='bbox 2904 4537 3012 4587; x_wconf 84' lang='grc' dir='ltr'>τῶν</span> <span class='ocrx_word' id='word_1_682' title='bbox 3046 4533 3288 4586; x_wconf 86' lang='grc' dir='ltr'>Λατίνων</span> <span class='ocrx_word' id='word_1_683' title='bbox 3319 4532 3408 4587; x_wconf 85' lang='grc' dir='ltr'>καὶ</span> <span class='ocrx_word' id='word_1_684' title='bbox 3439 4534 3537 4600; x_wconf 75' lang='grc' dir='ltr'>τὴν</span> <span class='ocrx_word' id='word_1_685' title='bbox 3568 4536 3674 4586; x_wconf 83' lang='grc' dir='ltr'>τῶν</span> 
     </span>
    </p>
   </div>
   <div class='ocr_carea' id='block_1_91' title="bbox 265 4613 3678 4696">
    <p class='ocr_par' dir='ltr' id='par_1_91' title="bbox 265 4613 3678 4696">
     <span class='ocr_line' id='line_1_92' title="bbox 265 4613 3678 4696; baseline 0.001 -27"><span class='ocrx_word' id='word_1_686' title='bbox 265 4613 508 4689; x_wconf 81' lang='grc' dir='ltr'>δοράτων</span> <span class='ocrx_word' id='word_1_687' title='bbox 541 4614 830 4690; x_wconf 66' lang='grc' dir='ltr'>ἀγκώνισιι</span> <span class='ocrx_word' id='word_1_688' title='bbox 863 4615 1017 4678; x_wconf 79' lang='grc' dir='ltr'>ὅλοις</span> <span class='ocrx_word' id='word_1_689' title='bbox 1051 4615 1404 4691; x_wconf 81' lang='grc' dir='ltr'>ἀποδράντων</span> <span class='ocrx_word' id='word_1_690' title='bbox 1439 4617 1689 4692; x_wconf 85' lang='grc' dir='ltr'>ῥυτῆρσι,</span> <span class='ocrx_word' id='word_1_691' title='bbox 1720 4619 1811 4673; x_wconf 77' lang='grc' dir='ltr'>καὶ</span> <span class='ocrx_word' id='word_1_692' title='bbox 1841 4619 1936 4682; x_wconf 78' lang='grc' dir='ltr'>τὰς</span> <span class='ocrx_word' id='word_1_693' title='bbox 1968 4620 2194 4690; x_wconf 78' lang='grc' dir='ltr'>πεζικὰς</span> <span class='ocrx_word' id='word_1_694' title='bbox 2240 4619 2415 4692; x_wconf 82' lang='grc' dir='ltr'>τάξεις</span> <span class='ocrx_word' id='word_1_695' title='bbox 2462 4623 2799 4694; x_wconf 87' lang='grc' dir='ltr'>παρεικότων</span> <span class='ocrx_word' id='word_1_696' title='bbox 2831 4619 2906 4682; x_wconf 78' lang='grc' dir='ltr'>είς</span> <span class='ocrx_word' id='word_1_697' title='bbox 2934 4621 3172 4696; x_wconf 84' lang='grc' dir='ltr'>κεράϊσιν</span> <span class='ocrx_word' id='word_1_698' title='bbox 3201 4626 3319 4681; x_wconf 84' lang='grc' dir='ltr'>τοῖς</span> <span class='ocrx_word' id='word_1_699' title='bbox 3348 4620 3678 4695; x_wconf 87' lang='grc' dir='ltr'>ἀντιμάχοις</span> 
     </span>
    </p>
   </div>
   <div class='ocr_carea' id='block_1_92' title="bbox 262 4704 699 4778">
    <p class='ocr_par' dir='ltr' id='par_1_92' title="bbox 262 4704 699 4778">
     <span class='ocr_line' id='line_1_93' title="bbox 262 4704 699 4778; baseline 0.007 -20"><span class='ocrx_word' id='word_1_700' title='bbox 262 4704 354 4758; x_wconf 77' lang='grc' dir='ltr'>καὶ</span> <span class='ocrx_word' id='word_1_701' title='bbox 386 4706 699 4778; x_wconf 80' lang='grc' dir='ltr'>προνομήν.</span> 
     </span>
    </p>
   </div>
   <div class='ocr_carea' id='block_1_93' title="bbox 337 4790 1917 4874">
    <p class='ocr_par' dir='ltr' id='par_1_93' title="bbox 337 4790 1917 4872">
     <span class='ocr_line' id='line_1_94' title="bbox 337 4790 1917 4872; baseline 0.004 -25"><span class='ocrx_word' id='word_1_702' title='bbox 337 4794 435 4848; x_wconf 80' lang='grc' dir='ltr'>Καὶ</span> <span class='ocrx_word' id='word_1_703' title='bbox 508 4790 642 4868; x_wconf 77' lang='grc' dir='ltr'>τῇδε</span> <span class='ocrx_word' id='word_1_704' title='bbox 721 4794 815 4868; x_wconf 74' lang='grc' dir='ltr'>μὲν</span> <span class='ocrx_word' id='word_1_705' title='bbox 871 4794 937 4849; x_wconf 77' lang='grc' dir='ltr'>τὰ</span> <span class='ocrx_word' id='word_1_706' title='bbox 993 4795 1110 4848; x_wconf 84' lang='grc' dir='ltr'>κατ’</span> <span class='ocrx_word' id='word_1_707' title='bbox 1166 4795 1348 4853; x_wconf 83' lang='grc' dir='ltr'>Ἀσίαν</span> <span class='ocrx_word' id='word_1_708' title='bbox 1406 4795 1647 4872; x_wconf 81' lang='grc' dir='ltr'>ἐφέρετο’</span> <span class='ocrx_word' id='word_1_709' title='bbox 1723 4798 1791 4852; x_wconf 75' lang='grc' dir='ltr'>τά</span> <span class='ocrx_word' id='word_1_710' title='bbox 1865 4794 1917 4853; x_wconf 71' lang='grc' dir='ltr'>δὲ</span> 
     </span>
    </p>
   </div>
   <div class='ocr_carea' id='block_1_94' title="bbox 2027 4790 3680 4874">
    <p class='ocr_par' dir='ltr' id='par_1_94' title="bbox 2099 4798 3680 4872">
     <span class='ocr_line' id='line_1_95' title="bbox 2099 4798 3680 4872; baseline 0.001 -17"><span class='ocrx_word' id='word_1_711' title='bbox 2099 4804 2219 4855; x_wconf 86' lang='grc' dir='ltr'>Ηοο</span> <span class='ocrx_word' id='word_1_712' title='bbox 2253 4798 2402 4855; x_wconf 80' lang='lat' dir='ltr'><strong>Asiae</strong></span> <span class='ocrx_word' id='word_1_713' title='bbox 2429 4802 2610 4867; x_wconf 71' lang='lat' dir='ltr'><strong>statu,</strong></span> <span class='ocrx_word' id='word_1_714' title='bbox 2670 4800 2930 4856; x_wconf 86' lang='lat' dir='ltr'><strong>marchiu</strong></span> <span class='ocrx_word' id='word_1_715' title='bbox 2990 4817 3090 4872; x_wconf 88' lang='lat' dir='ltr'>per</span> <span class='ocrx_word' id='word_1_716' title='bbox 3143 4799 3422 4858; x_wconf 85' lang='lat' dir='ltr'><strong>Thessala</strong></span> <span class='ocrx_word' id='word_1_717' title='bbox 3460 4800 3680 4872; x_wconf 87' lang='lat' dir='ltr'><strong>Tempe</strong></span> 
     </span>
    </p>
   </div>
   <div class='ocr_carea' id='block_1_95' title="bbox 263 4882 1920 4963">
    <p class='ocr_par' dir='ltr' id='par_1_95' title="bbox 263 4882 1920 4963">
     <span class='ocr_line' id='line_1_96' title="bbox 263 4882 1920 4963; baseline 0.002 -26"><span class='ocrx_word' id='word_1_718' title='bbox 263 4882 507 4938; x_wconf 82' lang='grc' dir='ltr'>Θετταλά</span> <span class='ocrx_word' id='word_1_719' title='bbox 551 4883 745 4957; x_wconf 83' lang='grc' dir='ltr'>Τέμπη</span> <span class='ocrx_word' id='word_1_720' title='bbox 796 4882 1161 4957; x_wconf 84' lang='grc' dir='ltr'>ἐκπεριελθὼν</span> <span class='ocrx_word' id='word_1_721' title='bbox 1216 4884 1509 4960; x_wconf 84' lang='grc' dir='ltr'>μαρκέσιος</span> <span class='ocrx_word' id='word_1_722' title='bbox 1565 4886 1652 4963; x_wconf 78' lang='grc' dir='ltr'>ὑφ’</span> <span class='ocrx_word' id='word_1_723' title='bbox 1683 4885 1920 4961; x_wconf 78' lang='grc' dir='ltr'>ἡγεμόσι</span> 
     </span>
    </p>
   </div>
   <div class='ocr_carea' id='block_1_96' title="bbox 259 4970 1918 5049">
    <p class='ocr_par' dir='ltr' id='par_1_96' title="bbox 259 4970 1918 5049">
     <span class='ocr_line' id='line_1_97' title="bbox 259 4970 1918 5049; baseline 0.003 -24"><span class='ocrx_word' id='word_1_724' title='bbox 259 4973 556 5045; x_wconf 79' lang='grc' dir='ltr'>Ῥωμαίοις</span> <span class='ocrx_word' id='word_1_725' title='bbox 587 4974 686 5046; x_wconf 71' lang='grc' dir='ltr'>ἦγε</span> <span class='ocrx_word' id='word_1_726' title='bbox 724 4970 813 5026; x_wconf 77' lang='grc' dir='ltr'>διὰ</span> <span class='ocrx_word' id='word_1_727' title='bbox 868 4974 1084 5047; x_wconf 86' lang='grc' dir='ltr'>ταχέων</span> <span class='ocrx_word' id='word_1_728' title='bbox 1135 4973 1187 5027; x_wconf 83' lang='grc' dir='ltr'>ἐν</span> <span class='ocrx_word' id='word_1_729' title='bbox 1244 4979 1363 5037; x_wconf 89' lang='grc' dir='ltr'>τοῖς</span> <span class='ocrx_word' id='word_1_730' title='bbox 1424 4976 1500 5049; x_wconf 83' lang='grc' dir='ltr'>μή</span> <span class='ocrx_word' id='word_1_731' title='bbox 1557 4974 1789 5049; x_wconf 85' lang='grc' dir='ltr'>όριαίοις</span> <span class='ocrx_word' id='word_1_732' title='bbox 1819 4978 1918 5046; x_wconf 78' lang='grc' dir='ltr'>τήν</span> 
     </span>
    </p>
   </div>
   <div class='ocr_carea' id='block_1_97' title="bbox 263 5058 1917 5140">
    <p class='ocr_par' dir='ltr' id='par_1_97' title="bbox 263 5058 1917 5140">
     <span class='ocr_line' id='line_1_98' title="bbox 263 5058 1917 5140; baseline 0.002 -25"><span class='ocrx_word' id='word_1_733' title='bbox 263 5058 513 5134; x_wconf 69' lang='grc' dir='ltr'>δύναμιν,</span> <span class='ocrx_word' id='word_1_734' title='bbox 548 5059 686 5116; x_wconf 82' lang='grc' dir='ltr'>ὥστε</span> <span class='ocrx_word' id='word_1_735' title='bbox 714 5061 805 5116; x_wconf 86' lang='grc' dir='ltr'>καὶ</span> <span class='ocrx_word' id='word_1_736' title='bbox 863 5060 1025 5117; x_wconf 82' lang='grc' dir='ltr'>ἔλαθε</span> <span class='ocrx_word' id='word_1_737' title='bbox 1077 5064 1146 5117; x_wconf 84' lang='grc' dir='ltr'>τὰ</span> <span class='ocrx_word' id='word_1_738' title='bbox 1202 5061 1389 5119; x_wconf 82' lang='grc' dir='ltr'>πεδινὰ</span> <span class='ocrx_word' id='word_1_739' title='bbox 1428 5064 1536 5120; x_wconf 79' lang='grc' dir='ltr'>τῶν</span> <span class='ocrx_word' id='word_1_740' title='bbox 1570 5066 1917 5140; x_wconf 87' lang='grc' dir='ltr'>Λαρισσαίων</span> 
     </span>
    </p>
   </div>
   <div class='ocr_carea' id='block_1_98' title="bbox 259 5150 1917 5231">
    <p class='ocr_par' dir='ltr' id='par_1_98' title="bbox 259 5150 1917 5231">
     <span class='ocr_line' id='line_1_99' title="bbox 259 5150 1917 5231; baseline 0.002 -25"><span class='ocrx_word' id='word_1_741' title='bbox 259 5152 514 5231; x_wconf 82' lang='grc' dir='ltr'>κατέχων</span> <span class='ocrx_word' id='word_1_742' title='bbox 580 5151 709 5213; x_wconf 85' lang='grc' dir='ltr'>τοὺς</span> <span class='ocrx_word' id='word_1_743' title='bbox 772 5157 891 5215; x_wconf 89' lang='grc' dir='ltr'>ταῖς</span> <span class='ocrx_word' id='word_1_744' title='bbox 958 5150 1145 5227; x_wconf 79' lang='grc' dir='ltr'>ἄκραις</span> <span class='ocrx_word' id='word_1_745' title='bbox 1232 5154 1537 5230; x_wconf 84' lang='grc' dir='ltr'>ἐφεστῶτας</span> <span class='ocrx_word' id='word_1_746' title='bbox 1605 5154 1917 5228; x_wconf 80' lang='grc' dir='ltr'>Ῥωμαίους</span> 
     </span>
    </p>
   </div>
   <div class='ocr_carea' id='block_1_99' title="bbox 258 5234 1915 5315">
    <p class='ocr_par' dir='ltr' id='par_1_99' title="bbox 258 5234 1915 5315">
     <span class='ocr_line' id='line_1_100' title="bbox 258 5234 1915 5315; baseline 0 -19"><span class='ocrx_word' id='word_1_747' title='bbox 258 5241 350 5296; x_wconf 81' lang='grc' dir='ltr'>καὶ</span> <span class='ocrx_word' id='word_1_748' title='bbox 395 5242 491 5304; x_wconf 74' lang='grc' dir='ltr'>τὰς</span> <span class='ocrx_word' id='word_1_749' title='bbox 547 5234 855 5312; x_wconf 64' lang='grc' dir='ltr'>ὑπερϐολὰς</span> <span class='ocrx_word' id='word_1_750' title='bbox 900 5244 1204 5315; x_wconf 82' lang='grc' dir='ltr'>τηροῦντας</span> <span class='ocrx_word' id='word_1_751' title='bbox 1254 5240 1559 5313; x_wconf 84' lang='grc' dir='ltr'>ἐπιμελῶς,</span> <span class='ocrx_word' id='word_1_752' title='bbox 1590 5243 1646 5297; x_wconf 81' lang='grc' dir='ltr'>αἳ</span> <span class='ocrx_word' id='word_1_753' title='bbox 1696 5244 1787 5297; x_wconf 91' lang='grc' dir='ltr'>τὸν</span> <span class='ocrx_word' id='word_1_754' title='bbox 1820 5244 1915 5314; x_wconf 75' lang='grc' dir='ltr'>μὲν</span> 
     </span>
    </p>
   </div>
   <div class='ocr_carea' id='block_1_100' title="bbox 261 5327 1921 5407">
    <p class='ocr_par' dir='ltr' id='par_1_100' title="bbox 261 5327 1921 5407">
     <span class='ocr_line' id='line_1_101' title="bbox 261 5327 1921 5407; baseline -0.001 -19"><span class='ocrx_word' id='word_1_755' title='bbox 261 5331 498 5400; x_wconf 82' lang='grc' dir='ltr'>Πηνειὸν</span> <span class='ocrx_word' id='word_1_756' title='bbox 560 5330 806 5403; x_wconf 86' lang='grc' dir='ltr'>ποταμὸν</span> <span class='ocrx_word' id='word_1_757' title='bbox 861 5327 914 5392; x_wconf 87' lang='grc' dir='ltr'>ἐς</span> <span class='ocrx_word' id='word_1_758' title='bbox 968 5329 1031 5383; x_wconf 86' lang='grc' dir='ltr'>τὸ</span> <span class='ocrx_word' id='word_1_759' title='bbox 1092 5330 1421 5385; x_wconf 89' lang='grc' dir='ltr'>στενώτατον</span> <span class='ocrx_word' id='word_1_760' title='bbox 1461 5331 1632 5403; x_wconf 87' lang='grc' dir='ltr'>πάντη</span> <span class='ocrx_word' id='word_1_761' title='bbox 1666 5331 1921 5407; x_wconf 81' lang='grc' dir='ltr'>ξυνάγου-</span> 
     </span>
    </p>
   </div>
   <div class='ocr_carea' id='block_1_101' title="bbox 2033 4888 3676 4962">
    <p class='ocr_par' dir='ltr' id='par_1_101' title="bbox 2033 4888 3676 4962">
     <span class='ocr_line' id='line_1_102' title="bbox 2033 4888 3676 4962; baseline -0.001 -17"><span class='ocrx_word' id='word_1_762' title='bbox 2033 4890 2309 4945; x_wconf 83' lang='lat' dir='ltr'><strong>Romanis</strong></span> <span class='ocrx_word' id='word_1_763' title='bbox 2338 4888 2679 4944; x_wconf 89' lang='lat' dir='ltr'><strong>ductoribus</strong></span> <span class='ocrx_word' id='word_1_764' title='bbox 2710 4905 2985 4960; x_wconf 88' lang='lat' dir='ltr'><strong>egressus</strong></span> <span class='ocrx_word' id='word_1_765' title='bbox 3015 4891 3213 4962; x_wconf 88' lang='lat' dir='ltr'><strong>copias</strong></span> <span class='ocrx_word' id='word_1_766' title='bbox 3259 4892 3317 4945; x_wconf 92' lang='lat' dir='ltr'>in</span> <span class='ocrx_word' id='word_1_767' title='bbox 3377 4888 3523 4945; x_wconf 88' lang='lat' dir='ltr'><strong>locis</strong></span> <span class='ocrx_word' id='word_1_768' title='bbox 3562 4905 3676 4944; x_wconf 93' lang='lat' dir='ltr'>non</span> 
     </span>
    </p>
   </div>
   <div class='ocr_carea' id='block_1_102' title="bbox 2031 4976 3677 5048">
    <p class='ocr_par' dir='ltr' id='par_1_102' title="bbox 2031 4976 3677 5048">
     <span class='ocr_line' id='line_1_103' title="bbox 2031 4976 3677 5048; baseline -0.001 -15"><span class='ocrx_word' id='word_1_769' title='bbox 2031 4976 2324 5033; x_wconf 90' lang='lat' dir='ltr'><strong>montanis</strong></span> <span class='ocrx_word' id='word_1_770' title='bbox 2357 4977 2501 5033; x_wconf 90' lang='lat' dir='ltr'><strong>adeo</strong></span> <span class='ocrx_word' id='word_1_771' title='bbox 2532 4977 2800 5033; x_wconf 87' lang='lat' dir='ltr'><strong>celeriter</strong></span> <span class='ocrx_word' id='word_1_772' title='bbox 2829 4977 3015 5048; x_wconf 83' lang='lat' dir='ltr'><strong>duxit,</strong></span> <span class='ocrx_word' id='word_1_773' title='bbox 3048 4987 3108 5034; x_wconf 89' lang='lat' dir='ltr'>ut</span> <span class='ocrx_word' id='word_1_774' title='bbox 3137 4979 3192 5034; x_wconf 92' lang='lat' dir='ltr'>in</span> <span class='ocrx_word' id='word_1_775' title='bbox 3227 4978 3469 5034; x_wconf 69' lang='lat' dir='ltr'><strong>Larissae</strong></span> <span class='ocrx_word' id='word_1_776' title='bbox 3517 4995 3677 5033; x_wconf 86' lang='lat' dir='ltr'><strong>cam-</strong></span> 
     </span>
    </p>
   </div>
   <div class='ocr_carea' id='block_1_103' title="bbox 2030 5064 3680 5140">
    <p class='ocr_par' dir='ltr' id='par_1_103' title="bbox 2030 5064 3680 5140">
     <span class='ocr_line' id='line_1_104' title="bbox 2030 5064 3680 5140; baseline 0.001 -19"><span class='ocrx_word' id='word_1_777' title='bbox 2030 5065 2245 5140; x_wconf 83' lang='lat' dir='ltr'><strong>pestria</strong></span> <span class='ocrx_word' id='word_1_778' title='bbox 2272 5064 2597 5137; x_wconf 88' lang='lat' dir='ltr'><strong>perveniret</strong></span> <span class='ocrx_word' id='word_1_779' title='bbox 2647 5067 2867 5138; x_wconf 84' lang='lat' dir='ltr'><strong>ignaris</strong></span> <span class='ocrx_word' id='word_1_780' title='bbox 2923 5069 3204 5125; x_wconf 78' lang='lat' dir='ltr'><strong>Romanis</strong></span> <span class='ocrx_word' id='word_1_781' title='bbox 3236 5069 3338 5140; x_wconf 85' lang='lat' dir='ltr'>qui</span> <span class='ocrx_word' id='word_1_782' title='bbox 3387 5069 3680 5124; x_wconf 89' lang='lat' dir='ltr'><strong>montium</strong></span> 
     </span>
    </p>
   </div>
   <div class='ocr_carea' id='block_1_104' title="bbox 2030 5154 3681 5229">
    <p class='ocr_par' dir='ltr' id='par_1_104' title="bbox 2030 5154 3681 5229">
     <span class='ocr_line' id='line_1_105' title="bbox 2030 5154 3681 5229; baseline 0.001 -17"><span class='ocrx_word' id='word_1_783' title='bbox 2030 5155 2340 5212; x_wconf 86' lang='lat' dir='ltr'><strong>cacumina</strong></span> <span class='ocrx_word' id='word_1_784' title='bbox 2369 5155 2658 5211; x_wconf 88' lang='lat' dir='ltr'><strong>accuratis</strong></span> <span class='ocrx_word' id='word_1_785' title='bbox 2688 5154 2948 5211; x_wconf 81' lang='lat' dir='ltr'><strong>excubiis</strong></span> <span class='ocrx_word' id='word_1_786' title='bbox 2979 5158 3292 5226; x_wconf 89' lang='lat' dir='ltr'><strong>tenebant;</strong></span> <span class='ocrx_word' id='word_1_787' title='bbox 3325 5159 3543 5229; x_wconf 72' lang='lat' dir='ltr'><strong>quibus</strong></span> <span class='ocrx_word' id='word_1_788' title='bbox 3572 5160 3681 5213; x_wconf 89' lang='lat' dir='ltr'>Pe-</span> 
     </span>
    </p>
   </div>
   <div class='ocr_carea' id='block_1_105' title="bbox 2030 5242 3681 5316">
    <p class='ocr_par' dir='ltr' id='par_1_105' title="bbox 2030 5242 3681 5316">
     <span class='ocr_line' id='line_1_106' title="bbox 2030 5242 3681 5316; baseline 0.001 -15"><span class='ocrx_word' id='word_1_789' title='bbox 2030 5261 2175 5301; x_wconf 88' lang='lat' dir='ltr'><strong>neus</strong></span> <span class='ocrx_word' id='word_1_790' title='bbox 2233 5242 2447 5299; x_wconf 87' lang='lat' dir='ltr'><strong>ﬂuvius</strong></span> <span class='ocrx_word' id='word_1_791' title='bbox 2506 5244 2724 5316; x_wconf 88' lang='lat' dir='ltr'><strong>ubique</strong></span> <span class='ocrx_word' id='word_1_792' title='bbox 2782 5245 2841 5298; x_wconf 90' lang='lat' dir='ltr'>in</span> <span class='ocrx_word' id='word_1_793' title='bbox 2897 5247 3387 5313; x_wconf 83' lang='lat' dir='ltr'><strong>angustissimum</strong></span> <span class='ocrx_word' id='word_1_794' title='bbox 3448 5248 3681 5302; x_wconf 88' lang='lat' dir='ltr'><strong>alveum</strong></span> 
     </span>
    </p>
   </div>
   <div class='ocr_carea' id='block_1_106' title="bbox 2030 5332 3684 5408">
    <p class='ocr_par' dir='ltr' id='par_1_106' title="bbox 2030 5332 3684 5408">
     <span class='ocr_line' id='line_1_107' title="bbox 2030 5332 3684 5408; baseline 0 -17"><span class='ocrx_word' id='word_1_795' title='bbox 2030 5336 2269 5391; x_wconf 88' lang='lat' dir='ltr'><strong>coactus</strong></span> <span class='ocrx_word' id='word_1_796' title='bbox 2294 5332 2354 5388; x_wconf 93' lang='lat' dir='ltr'>in</span> <span class='ocrx_word' id='word_1_797' title='bbox 2394 5348 2638 5404; x_wconf 78' lang='lat' dir='ltr'><strong>magnos</strong></span> <span class='ocrx_word' id='word_1_798' title='bbox 2698 5332 2914 5389; x_wconf 83' lang='lat' dir='ltr'><strong>ﬂuctus</strong></span> <span class='ocrx_word' id='word_1_799' title='bbox 2972 5334 3284 5404; x_wconf 86' lang='lat' dir='ltr'><strong>attollitur,</strong></span> <span class='ocrx_word' id='word_1_800' title='bbox 3316 5336 3462 5408; x_wconf 89' lang='lat' dir='ltr'><strong>ripis</strong></span> <span class='ocrx_word' id='word_1_801' title='bbox 3520 5350 3684 5391; x_wconf 61' lang='lat' dir='ltr'><strong>resoo</strong></span> 
     </span>
    </p>
   </div>
   <div class='ocr_carea' id='block_1_107' title="bbox 1665 5477 2300 5542">
    <p class='ocr_par' dir='ltr' id='par_1_107' title="bbox 1665 5477 2300 5542">
     <span class='ocr_line' id='line_1_108' title="bbox 1665 5477 2300 5542; baseline -0.005 -3"><span class='ocrx_word' id='word_1_802' title='bbox 1665 5477 1834 5539; x_wconf 83' lang='lat' dir='ltr'><strong>Hier.</strong></span> <span class='ocrx_word' id='word_1_803' title='bbox 1870 5478 2084 5542; x_wconf 87' lang='lat' dir='ltr'><strong>Wolﬁi</strong></span> <span class='ocrx_word' id='word_1_804' title='bbox 2113 5482 2300 5539; x_wconf 66' lang='lat' dir='ltr'><strong>notae.</strong></span> 
     </span>
    </p>
   </div>
   <div class='ocr_carea' id='block_1_108' title="bbox 332 5597 1917 5680">
    <p class='ocr_par' dir='ltr' id='par_1_108' title="bbox 332 5599 1917 5679">
     <span class='ocr_line' id='line_1_109' title="bbox 332 5599 1917 5679; baseline -0.004 -17"><span class='ocrx_word' id='word_1_805' title='bbox 332 5607 446 5679; x_wconf 87' lang='lat'>(65)</span> <span class='ocrx_word' id='word_1_806' title='bbox 480 5606 799 5676; x_wconf 84' lang='grc' dir='ltr'>Προυσαῖοι.</span> <span class='ocrx_word' id='word_1_807' title='bbox 834 5605 1128 5677; x_wconf 76' lang='grc' dir='ltr'>Προυσαεῖς</span> <span class='ocrx_word' id='word_1_808' title='bbox 1160 5608 1221 5659; x_wconf 83' lang='lat' dir='ltr'>et</span> <span class='ocrx_word' id='word_1_809' title='bbox 1250 5599 1578 5676; x_wconf 87' lang='grc' dir='ltr'>Προυσηνοὶ,</span> <span class='ocrx_word' id='word_1_810' title='bbox 1604 5601 1657 5656; x_wconf 77' lang='grc' dir='ltr'>οἱ</span> <span class='ocrx_word' id='word_1_811' title='bbox 1685 5600 1738 5655; x_wconf 78' lang='grc' dir='ltr'>ἐν</span> <span class='ocrx_word' id='word_1_812' title='bbox 1770 5603 1839 5675; x_wconf 77' lang='grc' dir='ltr'>τῇ</span> <span class='ocrx_word' id='word_1_813' title='bbox 1870 5606 1917 5656; x_wconf 92' lang='grc' dir='ltr'><strong>Π</strong></span> 
     </span>
    </p>
   </div>
   <div class='ocr_carea' id='block_1_109' title="bbox 2027 5597 3688 5680">
    <p class='ocr_par' dir='ltr' id='par_1_109' title="bbox 2027 5597 3688 5674">
     <span class='ocr_line' id='line_1_110' title="bbox 2027 5597 3688 5674; baseline 0 -15"><span class='ocrx_word' id='word_1_814' title='bbox 2027 5621 2110 5674; x_wconf 85' lang='grc' dir='ltr'>σῃ.</span> <span class='ocrx_word' id='word_1_815' title='bbox 2141 5598 2292 5655; x_wconf 82' lang='lat' dir='ltr'><strong>Aliis</strong></span> <span class='ocrx_word' id='word_1_816' title='bbox 2323 5603 2504 5672; x_wconf 87' lang='lat' dir='ltr'><strong>atque</strong></span> <span class='ocrx_word' id='word_1_817' title='bbox 2543 5600 2680 5657; x_wconf 84' lang='lat' dir='ltr'><strong>aliis</strong></span> <span class='ocrx_word' id='word_1_818' title='bbox 2729 5598 2793 5656; x_wconf 88' lang='lat' dir='ltr'>in</span> <span class='ocrx_word' id='word_1_819' title='bbox 2853 5597 2999 5655; x_wconf 89' lang='lat' dir='ltr'><strong>locis</strong></span> <span class='ocrx_word' id='word_1_820' title='bbox 3060 5600 3153 5658; x_wconf 68' lang='lat' dir='ltr'><strong>ha</strong></span> <span class='ocrx_word' id='word_1_821' title='bbox 3184 5604 3562 5659; x_wconf 84' lang='lat' dir='ltr'><strong>formationes</strong></span> <span class='ocrx_word' id='word_1_822' title='bbox 3591 5604 3688 5659; x_wconf 82' lang='lat' dir='ltr'><strong>in-</strong></span> 
     </span>
    </p>
   </div>
   <div class='ocr_carea' id='block_1_110' title="bbox 260 5680 600 5737">
    <p class='ocr_par' dir='ltr' id='par_1_110' title="bbox 260 5680 600 5737">
     <span class='ocr_line' id='line_1_111' title="bbox 260 5680 600 5737; baseline -0.006 -2"><span class='ocrx_word' id='word_1_823' title='bbox 260 5680 600 5737; x_wconf 80' lang='lat' dir='ltr'><strong>veniuntur.</strong></span> 
     </span>
    </p>
   </div>
  </div>
