4120 6284
378 347 487 409 991

1691 347 1993 409 ΝῘΟΕΤΛΕ
2037 349 2463 411 ΟΗΟΝΙΑΤΛΕ

3669 356 3797 416 992

374 479 656 537 nantibus
686 494 702 548 ;
734 482 792 536 et
823 494 1023 547 unum,
1057 495 1312 552 eumque
1351 484 1672 552 angustum
1729 481 2022 537 tramitem

2138 501 2241 552 σιν,
2275 482 2349 542 ὡς
2378 481 2468 537 καὶ
2525 480 2821 558 καχλάζειν
2874 483 2925 539 ἓν
2984 483 3223 547 πολλοῖς
3271 482 3360 540 ἐπὶ
3425 482 3567 562 μέγα
3591 484 3656 540 τὸ
3688 483 3790 560 ῥό-

377 573 435 624 et
464 569 713 627 transitu
739 567 896 624 haud
925 569 1151 625 facilem
1174 569 1469 641 aperiunt,
1503 575 1566 626 ut
1614 570 1705 625 vix
1765 569 2033 642 quaterni

381 657 600 715 milites
625 676 734 728 prae
769 659 1014 730 rupibus
1037 665 1093 714 et
1116 660 1469 716 torrentibus
1492 660 1722 731 possint
1743 660 2030 715 incedere.

383 747 617 804 Larissa
637 748 940 819 digressus
975 747 1219 803 ulterius
1277 749 1573 821 pergebat,
1608 749 1839 805 nemine
1889 749 2031 804 resi-

382 845 532 895 stere
561 840 839 906 audente,
896 842 1080 896 donec
1135 857 1264 896 sero
1318 858 1383 896 ac
1409 842 1500 896 vix
1548 842 1783 897 tandem
1814 846 2032 895 Scnrus

374 929 489 984 Leo
520 929 675 985 circa
714 929 1134 1002 Thermopylas
1194 931 1349 986 800
1407 931 1655 986 insidias
1705 931 1757 985 ei
1799 930 2032 986 struxit.

371 1018 479 1073 Sed
514 1018 676 1074 nullo
709 1020 839 1074 forti
874 1019 1030 1074 edito
1061 1020 1342 1086 facinore,
1403 1021 1474 1075 ad
1533 1020 1726 1077 solum
1785 1036 2031 1091 conspe-

373 1112 533 1164 ctum
567 1108 914 1164 Latinorum
947 1108 1214 1179 equitum
1247 1109 1488 1165 territus
1541 1108 2030 1165 Acrocorinthum

375 1197 659 1268 confugit.
688 1197 909 1252 Scurus
970 1196 1064 1252 bis
1123 1197 1374 1270 Neaplio
1416 1204 1578 1254 ortus
1609 1197 1946 1270 aliquandiu
1977 1196 2029 1252 vi

376 1287 563 1357 magis
610 1303 787 1358 quam
842 1286 1143 1343 voluntate
1198 1286 1575 1360 popularium
1636 1287 2029 1359 principatum

372 1375 564 1430 tenuit
598 1393 629 1431 a
664 1381 823 1447 patre
871 1381 1236 1448 susceptum,
1300 1377 1371 1431 ad
1427 1377 1596 1447 cujus
1651 1376 2030 1431 imitationem

375 1481 493 1520 non
535 1466 660 1520 sine
693 1466 982 1537 sanguine
1010 1466 1341 1536 imperavit.
1402 1468 1505 1521 Sed
1568 1467 1911 1522 confusione
1944 1482 2030 1521 re-

375 1569 503 1609 rum
535 1558 763 1623 auctus,
797 1560 855 1608 et
885 1555 1241 1611 turbulentis
1264 1556 1629 1626 temporibus
1655 1560 1717 1610 ut
1749 1559 2033 1611 torrentes

376 1642 668 1699 imbribus
702 1648 759 1699 et
791 1645 1129 1700 turbinibus
1161 1646 1332 1700 undae
1382 1646 1752 1711 tumefactus,
1785 1660 1815 1699 e
1857 1660 2031 1716 parvo

377 1747 628 1804 magnus
661 1733 903 1790 exstitit.
937 1741 1125 1805 Argos
1165 1733 1317 1802 dolo,
1351 1733 1691 1789 Corinthum
1726 1732 2030 1788 latrocinio

375 1822 527 1892 cepit
549 1836 562 1877 :
581 1822 968 1891 etgrassando
981 1823 1233 1880 subinde
1245 1839 1589 1895 progressus
1604 1823 1759 1892 ipsas
1774 1822 2029 1878 Athenas

376 1924 511 1966 cum
545 1910 764 1967 bellicis
798 1913 1047 1968 navibus
1077 1917 1135 1968 et
1165 1913 1415 1969 exercitu
1449 1930 1550 1984 per
1582 1912 1867 1968 Isthmum
1917 1916 2027 1968 tra-

375 1998 550 2055 ducto
586 2006 673 2057 est
694 2002 957 2068 adortus,
991 2018 1061 2057 ea
1107 2016 1210 2073 spe
1231 2018 1296 2057 se
1318 2001 1470 2056 arcis
1493 2000 1659 2058 facile
1680 2002 2022 2073 potiturum,

375 2093 476 2144 aut
506 2080 799 2145 machinis
857 2090 1129 2146 adductis
1186 2089 1421 2145 imbelle
1469 2090 1804 2162 praesidium
1858 2089 2027 2144 facile

374 2180 737 2238 territurum.
768 2181 1047 2238 Caeterum
1081 2198 1150 2238 ea
1180 2182 1442 2254 agitabat
1495 2182 1691 2239 animo
1721 2186 1780 2237 et
1809 2181 2026 2237 frustra

373 2270 713 2338 conabatur,
747 2287 873 2341 quae
906 2271 977 2325 ad
1012 2273 1232 2327 exitum
1266 2270 1502 2343 perduci
1563 2287 1678 2327 non
1737 2275 2022 2343 poterant.

371 2357 521 2415 Nam
543 2359 912 2418 Athenarum
935 2378 1207 2418 summus
1225 2369 1419 2434 pastor
1435 2361 1679 2417 Michael
1697 2361 2026 2431 Choniates,

374 2448 554 2504 frater
584 2466 752 2506 meus
785 2449 975 2523 (meus
1008 2452 1249 2522 inquam
1277 2467 1291 2505 :
1317 2468 1452 2507 nam
1483 2450 1643 2507 laudi
1683 2450 1829 2505 mihi
1877 2449 2025 2505 duco

373 2537 781 2608 cognationem
812 2540 965 2611 ejus,
997 2545 1055 2596 et
1083 2541 1133 2595 ei
1163 2555 1257 2595 me
1292 2539 1578 2612 sanguine
1626 2539 2027 2612 prepinquum

372 2641 502 2682 esse
533 2629 777 2698 gaudeo,
811 2628 945 2685 licet
975 2646 1009 2684 a
1045 2629 1255 2685 virtute
1312 2634 1370 2685 et
1400 2629 1736 2702 eloquentia
1776 2631 1904 2700 ejus
1939 2645 2025 2683 re-

375 2716 783 2788 motissimus),
838 2736 971 2774 cum
1032 2719 1122 2775 sui
1186 2719 1443 2775 muneris
1499 2736 1629 2776 esse
1681 2713 2029 2788 intelligeret

376 2806 620 2862 consilio
651 2813 707 2862 et
736 2808 1013 2879 precibus
1077 2825 1200 2865 rem
1258 2808 1554 2879 publicam
1592 2810 1821 2880 juvare,
1861 2809 2027 2864 Scuri

378 2895 588 2950 castris
620 2896 786 2965 visis,
818 2897 911 2967 pie
941 2914 1077 2953 cum
1109 2914 1174 2954 eo
1206 2914 1376 2970 agere
1406 2898 1684 2965 instituit,
1716 2914 1791 2954 an
1839 2897 2029 2952 homi-

378 2999 536 3045 nem.
571 2987 893 3056 praesertim
925 3004 1038 3044 non
1070 2987 1216 3044 80]
1277 2988 1543 3058 ignotum
1593 2980 1694 3042 sed
1725 3002 1876 3059 saepe
1908 2986 2028 3042 col-

376 3070 938 3139 locutum,amovere
960 3081 1178 3146 posset.
1213 3077 1414 3148 Itaque
1462 3092 1529 3132 ex
1558 3076 1701 3131 urbe
1746 3080 2025 3147 tanquam

376 3163 680 3232 superiore
711 3163 835 3218 loco
897 3164 1249 3221 monitorum
1312 3164 1552 3237 sagittas
1593 3164 1933 3235 ejaculatur,
1965 3168 2024 3219 et

2140 579 2255 632 θιον
2329 570 2421 624 καὶ
2491 570 2588 634 τὰς
2664 566 2834 646 ὄχθας
2905 577 2974 647 τῇ
3049 578 3158 629 τῶν
3218 573 3435 629 κτύπων
3493 573 3796 648 ἀνιπέμψει

2138 663 2490 732 συνεπηχεῖν,
2550 659 2671 733 περὶ
2730 657 2787 715 δὲ
2841 660 2935 723 τὰς
2988 667 3097 717 τῶν
3158 661 3303 737 ὀρῶν
3335 656 3628 724 ὑποϐἁσεις
3664 663 3790 735 μίαν

2136 745 2374 820 ἀτραπὸν
2432 749 2839 824 παρανοίγουσι,
2911 753 3345 827 συνεπτυγμένην
3417 751 3510 807 καὶ
3583 753 3793 823 ταύτην

2136 835 2224 888 καὶ
2254 834 2507 911 χαλεπὴν
2538 842 2655 901 τοῖς
2707 836 3012 911 βαδίζουσι,
3062 839 3203 895 ὣστε
3254 862 3330 911 πη
3385 838 3516 914 μηδ’
3548 841 3640 897 ἐπὶ
3669 863 3796 898 τεσ-

2135 925 2314 998 σάρων
2387 924 2630 981 ἀσπίδων
2705 932 2815 1001 (66)
2890 929 3058 999 αὐτὴν
3158 929 3608 1003 ἀναπτύσσεσθαι,
3687 932 3794 989 ὑπὸ

2135 1019 2346 1089 πετρῶν
2417 1012 2689 1071 λισσάδων
2749 1017 2838 1072 καὶ
2897 1019 3171 1092 ποταμίου
3275 1018 3543 1095 ῥεύματος
3612 1020 3663 1084 ἐς
3726 1023 3789 1077 τὸ

2136 1106 2313 1176 πάντη
2361 1112 2641 1161 συνιοῦσαν
2691 1108 3035 1184 στενόπορον.
3090 1112 3188 1169 Ἐκ
3234 1106 3292 1165 δὲ
3335 1113 3614 1187 Λαρίσσης
3652 1113 3780 1187 ἄρας

2136 1195 2458 1273 προύχώρει
2507 1202 2624 1258 τοῖς
2671 1192 2993 1273 ἔμπροσθεν,
3029 1196 3263 1273 μηδενὸς
3297 1200 3374 1262 εἷς
3419 1206 3611 1276 χεῖρας
3640 1202 3787 1273 αύτῷ

2133 1284 2414 1355 προσιέναι
2463 1281 2676 1358 θαρῥεῑν
2730 1284 2977 1362 ἔχοντος.
3034 1288 3163 1361 Ὀψὲ
3217 1285 3274 1342 δὲ
3324 1289 3411 1343 καὶ
3469 1287 3631 1362 μόλις
3661 1289 3789 1363 περὶ

2132 1368 2227 1430 τὰς
2274 1368 2634 1443 Θερμοπύλας
2676 1370 2849 1449 λόχον
2896 1376 2924 1429 ὁ
2977 1374 3220 1450 Σγουρὸς
3252 1376 3402 1429 Λέων
3435 1376 3795 1446 ὑποκαθίσας,

2140 1456 2308 1533 μηδὲν
2369 1459 2426 1515 δέ
2461 1483 2513 1516 τι
2573 1464 2662 1516 καὶ
2716 1459 2913 1538 δράσας
2969 1471 3234 1539 γενναῖον⁹
3297 1463 3442 1520 ἀλλά
3500 1464 3591 1520 καὶ
3647 1466 3793 1541 πρὸς

2139 1545 2308 1620 μόνην
2336 1550 2435 1617 τήν
2495 1554 2603 1605 τῶν
2661 1546 2871 1607 ἱππέων
2925 1554 3165 1610 Λατίνων
3199 1549 3321 1627 ὄψιν
3363 1553 3797 1632 ἀλλοφρονήσσις

2136 1638 2566 1733 φυγάςμέκε-ῖθεν
2623 1639 2680 1733 ές
2736 1643 2826 1697 τὸν
2888 1643 3299 1733 Ἀκροκόρινθον
3364 1642 3569 1718 ᾤχετο.
3618 1646 3679 1697 Ὁ
3741 1641 3809 1733 δν

2135 1728 2378 1802 Σγουρὸς
2411 1730 2571 1794 οὗτος
2619 1729 2680 1786 ἐκ
2732 1735 2832 1786 τοῦ
2885 1732 3172 1789 Ναυπλίου
3201 1736 3559 1809 γεγενημένος
3594 1733 3774 1809 χρόνο

2140 1818 2236 1891 μὲν
2266 1839 2386 1873 τινα
2413 1823 2521 1874 τῶν
2554 1817 2614 1876 ἐκ
2654 1825 2753 1877 τοῦ
2800 1823 2984 1896 γένους
3038 1823 3127 1898 βίᾳ
3185 1822 3398 1895 μᾶλλον
3429 1820 3573 1899 ἤπερ
3602 1825 3806 1878 πειθοῖ

2133 1906 2419 1982 κατίσχυε,
2462 1910 2713 1983 πατρῷόν
2760 1931 2813 1965 τι
2865 1912 3060 1986 μέτρον
3109 1908 3438 1987 ἀναπληρῶν
3486 1911 3577 1967 καὶ
3608 1910 3799 1986 χειρί-

2136 2000 2223 2064 ζον
2271 1996 2378 2071 οὐχ
2433 1998 2680 2071 αἱμάτων
2740 2000 3031 2071 καθαρεῦον
3073 1997 3472 2074 κληρούχημα·
3509 2001 3592 2056 ἀεὶ
3624 1999 3685 2055 δὲ
3715 2005 3802 2072 τῷ

2132 2089 2240 2140 τῶν
2296 2087 2629 2161 πραγμάτων
2684 2087 2963 2162 ἀνωμάλῳ
3021 2086 3300 2154 ἐπιδιδοὺς
3353 2090 3443 2145 καὶ
3494 2095 3612 2151 τοῖς
3673 2111 3799 2145 στα-

2136 2172 2356 2230 σιώδεσι
2385 2181 2596 2253 καιροῖς
2630 2175 2999 2251 οίδαινόμενος
3052 2179 3220 2252 μέγας
3261 2176 3322 2233 ἐκ
3373 2183 3574 2253 μικροῦ
3605 2179 3800 2253 πρόει-

2136 2286 2240 2334 σιν,
2289 2266 2363 2328 ὡς
2410 2266 2463 2320 οὶ
2510 2266 2807 2345 χείμαρροι
2854 2273 2975 2331 τοῖς
3023 2262 3256 2342 ὄμϐροις
3300 2269 3389 2323 καὶ
3435 2272 3554 2329 τοῖς
3588 2268 3798 2342 βιαίοις

2132 2354 2200 2410 τὰ
2257 2354 2472 2428 κύματα
2526 2355 2815 2430 πνεύμασι.
2893 2358 2972 2415 Τὸ
3057 2358 3163 2432 γὰρ
3223 2352 3526 2414 ἱππόϐοτον
3593 2359 3802 2433 Ἀργος

2138 2444 2518 2514 ὑπονοθεύσας,
2549 2444 2638 2499 καὶ
2670 2444 2757 2501 ἐπὶ
2787 2444 2927 2518 τῷδε
2971 2448 3071 2516 τὴν
3124 2446 3383 2522 Κόρινθον
3415 2445 3789 2520 ληϊσάμενος,

2134 2532 2224 2588 καὶ
2265 2534 2488 2608 πρωϊὼν
2549 2533 2631 2589 ἀεὶ
2676 2539 2793 2596 τοῖς
2853 2536 3242 2609 λῃστεύμασιν,
3318 2537 3433 2591 εἶτα
3506 2536 3598 2591 καὶ
3672 2542 3797 2598 ταῖς

2135 2623 2393 2693 ’Δθήναις
2459 2623 2650 2685 αὐταῖς
2705 2625 3015 2698 προσήραξε
3077 2625 3212 2697 μετὰ
3264 2624 3589 2699 πολεμικῶν
3647 2630 3796 2695 νηῶν

2134 2712 2225 2767 καὶ
2282 2711 2372 2767 τὸν
2433 2712 2666 2785 Ἰσθμὸν.
2735 2710 3046 2776 διελθόντος
3114 2714 3538 2789 στρατεύματος,
3607 2712 3793 2769 ἐλπίσι

2139 2799 2486 2876 θαλπόμενος
2535 2801 2611 2865 ὡς
2661 2800 2912 2877 εὐμαρῶς
2967 2804 3226 2879 κρατήσει
3272 2809 3372 2873 τῆς
3411 2801 3785 2879 ἀκροπόλεως,

2137 2889 2174 2960 ’ἲς
2204 2895 2334 2965 γοῦν
2369 2889 2654 2954 ἑλεπόλεις
2687 2890 2981 2963 ἐπιστήσας
3031 2892 3108 2956 ὡς
3152 2891 3432 2966 ἀπόλεμον
3476 2893 3696 2966 θροήσει
3722 2892 3785 2946 τὸ

2133 2976 2287 3035 ἓνδον
2372 2980 2827 3057 ἀπομαχόμενον.
2896 2986 2995 3037 Ἦν
3065 2978 3111 3037 δ’
3177 2982 3579 3054 ἀναπεμπάζων
3637 2974 3794 3059 φρεσῖ

2133 3069 2224 3124 καὶ
2263 3067 2486 3131 εἰκαίως
2555 3068 2938 3143 διανοούμενος
2988 3072 3056 3126 τὰ
3122 3071 3199 3144 μή
3259 3070 3425 3145 πέρας
3458 3070 3604 3133 ὅλως
3637 3066 3794 3142 δεξό-

2138 3179 2285 3231 μενα.
2342 3161 2403 3216 Ὀ
2459 3160 2561 3235 γὰρ
2602 3160 2952 3236 ἀρχιποιμήν
3014 3162 3258 3231 ’Δθηνῶν
3316 3159 3548 3236 Μιχαὴλ
3599 3162 3794 3217 ὀΧω-

377 3249 653 3320 pastorali
686 3251 867 3307 funda
892 3252 1092 3309 divina
1111 3253 1285 3309 verba
1302 3233 1466 3323 jacit.
1495 3233 1823 3325 Aliquando
1846 3255 2023 3309 etiam

2137 3245 2320 3318 νιᾶτης
2378 3233 2724 3323 (κασίγνητος
2791 3233 2950 3314 οὗτος
3005 3249 3156 3323 ἐμὸς,
3219 3249 3309 3306 καὶ
3377 3233 3535 3324 έμὸςο
3596 3248 3801 3325 ἐγκαλ-

380 3338 788 3409 spiritualibus
848 3342 1026 3397 minis
1078 3348 1361 3415 tanquam
1420 3341 1703 3398 arietibus
1762 3346 2026 3398 animum

384 3427 548 3483 illius
573 3434 834 3486 sternere
865 3430 1141 3487 instituit.
1178 3430 1303 3489 Non
1333 3432 1488 3487 enim
1522 3433 1725 3488 decere
1762 3449 1893 3487 eum
1927 3432 2029 3504 qui

390 3517 755 3575 Christianus
778 3519 858 3576 sit
876 3526 935 3575 et
955 3520 1106 3577 inter
1127 3520 1417 3578 Romanos
1438 3537 1649 3578 nomen
1674 3539 1850 3577 suum
1894 3539 2029 3594 pro-

387 3606 643 3676 fiteatur,
679 3607 973 3664 Romanos
1004 3608 1156 3665 bello
1187 3615 1401 3681 petere,
1435 3609 1547 3666 nisi
1586 3612 1731 3666 forte
1780 3609 1923 3666 solis
1954 3609 2032 3666 la-

386 3694 501 3753 biis
532 3698 928 3755 Christianum
970 3703 1127 3771 agat,
1163 3703 1225 3754 ut
1272 3705 1329 3756 et
1376 3704 1531 3755 veste
1556 3704 1614 3754 et
1642 3699 1845 3771 lingua
1874 3700 2029 3756 dun-

385 3788 542 3845 taXat
574 3786 929 3854 Romanum,
962 3789 1136 3844 corde
1166 3805 1299 3845 vero
1362 3806 1396 3845 a
1445 3787 1789 3846 Christianis
1833 3790 1910 3845 sit
1939 3805 2030 3845 re-

390 3875 776 3934 motissimus.
836 3878 1020 3943 Quam
1078 3894 1215 3934 vero
1262 3894 1503 3935 causam
1570 3879 1782 3934 habeat
1843 3895 2032 3952 oppu-

386 3965 608 4035 gnandi
640 3966 901 4023 Athenas
922 3966 950 4021 7
972 3983 1107 4023 nam
1146 3967 1370 4039 Argivis
1402 3968 1476 4023 ob
1502 3966 1861 4023 vicinitatem
1896 3983 2029 4038 pos-

386 4058 478 4109 set
533 4053 774 4111 forsitan
834 4055 1052 4128 aliquid
1113 4056 1345 4112 crimini
1404 4057 1564 4125 dare,
1623 4074 1739 4128 quo
1791 4056 2025 4113 illorum

387 4144 739 4214 expugnatio
760 4152 1088 4215 excusetur,
1117 4146 1615 4217 quemadmodum
1639 4144 2028 4203 etCorinthiis

388 4245 575 4301 nuper
603 4232 1021 4306 archiepiscopi
1078 4249 1281 4291 eorum
1313 4235 1545 4292 crebras
1576 4234 1821 4291 insidias
1870 4235 2030 4305 obje-

385 4319 549 4385 cerit,
582 4320 735 4378 unde
760 4324 1088 4380 Romanum
1120 4323 1436 4381 exercitum
1488 4324 1807 4396 Nauplium
1835 4341 2032 4381 accur-

386 4424 510 4464 rere
540 4415 598 4466 et
630 4427 803 4468 naves
825 4411 1070 4470 hostiles
1106 4412 1401 4486 appellere
1448 4413 1681 4469 viderit.
1711 4413 2028 4470 Athenien-

2136 3335 2451 3411 λωπίζομαι
2509 3339 2613 3413 γὰρ
2668 3341 2737 3412 τῇ
2823 3339 3203 3414 ὁμογνιὸτητι,
3261 3340 3348 3395 καὶ
3419 3338 3601 3417 χαίρω
3667 3340 3800 3403 καθ’

2134 3428 2273 3499 αἷμα
2326 3430 2404 3498 τῷ
2449 3424 2604 3501 ἀνδρὶ
2671 3428 3099 3503 συναπτόμενος,
3153 3429 3198 3483 εἰ
3281 3429 3371 3483 καὶ
3424 3434 3527 3497 τῆς
3584 3427 3790 3502 ἀρετῆς

2133 3516 2221 3572 καὶ
2279 3521 2377 3571 τοῦ
2435 3514 2603 3590 λόγου
2654 3517 2788 3573 κατά
2847 3515 3134 3593 διάμετρον
3185 3515 3552 3593 ἐκδιίσταμαι)
3607 3518 3673 3573 τὸ
3707 3516 3793 3572 οἷ-

2134 3610 2279 3660 κεῖον
2312 3604 2486 3680 λάχος
2546 3607 2686 3680 ὁρῶν
2737 3610 2853 3681 (67)
2901 3612 3010 3663 τῶν
3044 3607 3207 3663 αὐτοῦ
3233 3605 3448 3684 βουλῶν
3476 3608 3567 3664 καὶ
3599 3609 3793 3684 εύχῶν

2135 3695 2479 3770 ἐξεχόμενον,
2539 3695 2653 3751 ἐπεὶ
2709 3691 3127 3769 παρευϐαλόντα
3183 3698 3431 3754 θεάσαιτο
3472 3698 3569 3754 τὸν
3601 3704 3794 3774 Σγουσ

2139 3786 2251 3861 ρὸν,
2285 3783 2422 3860 ἔγνω
2457 3784 2696 3859 μετιέναι
2751 3790 2947 3842 τοῦτον
3006 3786 3301 3865 θεοφιλῶς,
3333 3787 3385 3843 εἶ’
3435 3809 3555 3849 πως
3583 3786 3795 3853 ἒκεῐθεν

2134 3873 2439 3945 ἀποστῆσαι
2473 3871 2782 3949 δυνήσεται,
2845 3874 2974 3950 μηδ’
3035 3875 3225 3940 ἄλλως
3266 3878 3550 3949 ἀσυνήθως
3586 3873 3799 3953 ἔχοντα

2134 3963 2270 4038 πρὸς
2320 3962 2501 4030 αὐτὸν,
2546 3962 2600 4024 ἐς
2647 3962 2704 4020 δὲ
2752 3963 2956 4042 λόγους
3012 3964 3326 4036 ἐληλυθότα
3354 3965 3647 4028 πολλάκις.
3683 3969 3797 4024 Καὶ

2136 4050 2202 4124 δὴ
2237 4054 2311 4116 ὡς
2368 4052 2418 4127 ἒξ
2481 4050 2802 4128 ὑπερδεξίων
2859 4060 2958 4125 τῆς
3026 4050 3242 4120 πόλεως
3293 4054 3494 4128 τοξεύει
3534 4052 3798 4130 παραινέ-

2134 4164 2269 4199 σεων
2318 4141 2580 4219 βέλεμνα,
2627 4143 2718 4200 καὶ
2756 4147 2825 4217 τῇ
2864 4148 3199 4220 ποιμαντικῇ
3251 4141 3515 4223 σφενδόνῃ
3548 4141 3792 4220 ἀκροϐο-

2135 4231 2341 4304 λίζεται
2381 4230 2616 4309 διαφιεὶς
2657 4231 2932 4298 θεόπλοκα
2982 4233 3223 4311 ῥήματα,
3254 4235 3407 4290 Ἒστι
3448 4231 3492 4290 δ’
3544 4235 3654 4305 ὅπη
3694 4236 3795 4291 καὶ

2135 4324 2209 4386 ὡς
2276 4323 2325 4393 ἐξ
2394 4321 2676 4380 ὲλεπόλειν
2720 4329 2828 4379 τῶν
2896 4330 3171 4399 πατρικῶν
3238 4323 3479 4382 ἀπειλῶν
3533 4332 3796 4399 πειρᾶται

2133 4410 2432 4466 κατασείειν
2463 4409 2526 4466 τὸ
2558 4407 2766 4466 ἐκείνου
2816 4410 3091 4490 φρόνημα,
3163 4412 3239 4483 μὴ
3300 4409 3409 4467 δεῖν
3472 4410 3651 4487 λέγων
3682 4411 3797 4469 ἀπὸ

382 4517 479 4558 ses
504 4518 636 4558 vero
658 4512 710 4557 et
741 4503 1192 4577 ipsum,utlocis
1222 4504 1454 4573 distent,
1486 4504 1566 4559 ita
1589 4502 1736 4560 nihil
1778 4503 2026 4559 invicem

2137 4498 2375 4575 Χριστοῦ
2413 4499 2752 4573 καλούμενον
2808 4499 2899 4556 καὶ
2955 4500 3257 4574 Ῥωμαίοις
3305 4502 3797 4576 συνεξεταζόμενον

384 4589 600 4648 habere
630 4594 871 4666 negotii,
902 4597 960 4649 et
1006 4593 1083 4649 ab
1140 4593 1302 4649 omni
1356 4592 1730 4650 temuletione
1774 4597 2028 4648 remotos

2138 4587 2227 4645 διὰ
2262 4591 2447 4666 μάχης
2502 4591 2793 4664 Ῥωμαίοις
2853 4596 3082 4667 χωρεῖν,
3138 4592 3185 4647 εἰ
3244 4594 3321 4664 μή
3361 4596 3653 4649 πιστοῦται
3686 4593 3795 4665 μό-

382 4697 528 4739 esse.
559 4685 704 4740 Cum
737 4686 899 4741 urbis
929 4701 1102 4756 porro
1128 4684 1428 4740 sacerdote
1475 4683 1622 4739 nihil
1671 4684 2025 4741 intercedere

2137 4702 2248 4744 νοις
2308 4684 2397 4755 [Ρ.
2430 4685 2556 4756 391]
2616 4681 2829 4757 χείλεσι
2882 4683 2946 4737 τὸ
3004 4684 3421 4757 Χριστώνυμον,
3479 4684 3555 4744 ὡς
3602 4683 3793 4753 ἐσθῆτι

382 4772 498 4829 nisi
529 4774 626 4847 pia
652 4781 708 4830 et
738 4774 1073 4846 spiritualia
1128 4775 1497 4843 commercia,
1532 4773 1811 4845 quoniam
1867 4773 2025 4833 hunc

2137 4771 2225 4825 καὶ
2254 4769 2477 4845 γλώττῃ
2522 4772 2614 4826 τὸν
2661 4769 2960 4844 Ῥωμαίοις
3014 4771 3328 4846 ὁμόφωνον,
3377 4775 3445 4846 τῇ
3491 4769 3549 4827 δὲ
3591 4768 3798 4848 καρδία

379 4860 508 4931 ipse
537 4846 760 4931 patrem
791 4867 848 4919 et
875 4868 1170 4935 pastorem
1199 4862 1493 4935 appellare
1522 4878 1822 4935 nunquam
1863 4878 2028 4921 recu-

2137 4862 2327 4939 πόρῥω
2391 4861 2662 4932 πλάζοιτο
2728 4867 2835 4918 τῶν
2892 4859 3243 4936 καλουμένων
3282 4860 3388 4918 ἀπὸ
3428 4846 3690 4937 Χριστοῦή.
3726 4846 3799 4923 Τί

384 4947 550 5012 sarit,
578 4953 640 5004 et
668 4951 953 5011 suavitate
985 4952 1266 5009 orationis
1323 4952 1451 5024 ejus
1509 4952 1695 5025 magis
1738 4951 2028 5009 afficiatur

2138 4951 2196 5008 δὲ
2267 4952 2357 5008 καὶ
2432 4948 2578 5027 ἔχων
2656 4950 2966 5023 Ἀθηναίοις
3020 4949 3337 5029 έπεγκαλεῖν
3412 4957 3481 5027 τῇ
3561 4956 3791 5029 ’Δττικῇ

384 5053 564 5108 quam
596 5037 786 5094 mellis
816 5039 1142 5107 dulcedine,
1165 5057 1351 5112 eaque
1381 5058 1614 5115 semper
1662 5042 1773 5097 frui
1805 5042 2025 5114 cupiat,

382 5127 479 5183 hic
496 5143 629 5186 vero
653 5128 847 5202 ipsum
867 5130 929 5186 in
959 5131 1351 5203 spiritualium
1374 5131 1693 5189 liberorum
1721 5149 2024 5190 numerum

2136 5041 2561 5116 ἐπεστράτευσες
2612 5046 2729 5103 τοῖς
2784 5042 2878 5115 μὲν
2933 5041 3035 5116 γάρ
3063 5041 3296 5117 γείτοσιν
3327 5042 3598 5117 Ἀργείοις
3636 5044 3789 5118 εἶχεν

2137 5129 2199 5189 ἄν
2227 5152 2282 5186 τι
2310 5131 2402 5188 καὶ
2441 5130 2652 5206 ἐπάγειν
2713 5131 2787 5194 ὡς
2845 5131 3074 5206 ὁμόροις
3132 5130 3380 5205 αἰτίαμα,
3410 5136 3605 5187 ποιοῦν
3631 5133 3795 5189 ἀνεύ-

1749 5252 1917 5313 Hier.
1963 5251 2178 5313 Wolﬁi
2221 5257 2411 5314 notae.

456 5385 568 5455 (66)
596 5385 720 5457 Ἑπί
777 5381 1047 5457 τεσσάρων
1108 5381 1364 5440 ἀσπίδων.
1425 5383 1552 5442 Ἐπὶ
1614 5386 1740 5456 μιᾶς
1799 5381 2025 5446 ἀσπίδος

384 5456 825 5529 παραταξάμενοι
856 5456 1353 5529 apudlsocratem
1394 5457 1452 5512 in
1499 5457 1851 5529 Archidamo
1881 5457 2026 5529 legi-

383 5525 502 5585 tur.
535 5525 697 5592 Quod
732 5529 827 5582 vix
855 5525 1132 5600 credibile
1160 5527 1408 5591 videtur,
1442 5528 1625 5584 aciem
1665 5528 1732 5600 in
1782 5525 2026 5600 longum

382 5604 682 5657 extensam
714 5616 823 5656 nec
849 5614 966 5657 uno
996 5597 1116 5656 viro
1148 5600 1584 5672 profundiorem
1617 5598 1819 5657 multis
1846 5597 2028 5658 {nilli-

382 5672 497 5732 bus
527 5671 834 5731 restitisse.

429 5689 497 5730 us
527 5671 834 5731 restitisse.

2209 5385 2322 5457 (67)
2350 5383 2433 5459 Τὸ
2492 5382 2709 5459 οἰκεῖον
2750 5383 2927 5459 λάχος
2955 5386 3150 5459 ᾲὸρῶν.
3192 5388 3478 5459 Converti,
3537 5407 3660 5446 cum
3702 5392 3797 5447 sui

2135 5457 2387 5514 muneris
2416 5474 2527 5513 esse
2556 5457 2907 5526 intelligeret.
2940 5457 3156 5534 Quodsi
3214 5462 3309 5516 cui
3366 5457 3660 5534 displicet,
3696 5480 3789 5518 re-

2138 5535 2316 5599 ponat
2342 5545 2657 5601 cumsuam
2686 5545 2921 5600 gregem,
2955 5529 3042 5584 vel
3074 5532 3227 5588 cives
3256 5548 3418 5601 suos,
3450 5529 3488 5589 ἁ
3533 5529 3797 5593 consiliis

2136 5604 2187 5658 et
2212 5602 2467 5676 precibus
2493 5600 2613 5659 suis
2634 5601 2881 5675 pendere
2906 5602 3135 5663 videret.
