4120 6284
289 330 405 393 993

1737 327 1939 390 UﬂBS
1981 327 2265 390 CAPTA.

3583 332 3704 397 9M

284 464 444 518 θυνον
476 458 701 530 ὁπωσδή
751 463 852 531 τὴν
906 458 1123 516 ἐκείνων
1174 457 1553 536 καταδρομὴν,
1605 460 1680 523 ὡς
1739 460 1937 536 Κοριν-

2054 462 2332 518 retulerit.
2363 465 2449 521 Ac
2464 464 2619 521 802
2667 464 3011 538 hujusmcdi
3060 467 3243 524 armis
3272 485 3416 528 usus
3452 471 3699 530 Michael

287 552 430 618 θίοις
489 556 773 627 προσῆψεν
831 548 1069 629 ἔναγχος
1118 549 1374 627 ἔγκλημα
1404 553 1500 614 τὰς
1553 555 1650 607 τοῦ
1687 549 1943 626 ἀρχιποί-

289 663 454 717 μενος
515 641 787 717 Κορίνθου
867 644 980 696 κατ’
1067 642 1237 696 αὐτοῦ
1291 639 1566 703 πολλάκις
1621 635 1941 707 ἰπιϐουλὰς,

283 733 479 788 ὁπόθεν
503 732 593 786 καὶ
626 732 690 786 τὸ
747 729 1032 785 Ναύπλιον
1090 731 1345 806 στρατιὰν
1398 731 1688 803 Ῥωμαίων
1717 727 1942 804 ἐπιδρα-

287 829 493 898 μοῦσαν
516 824 723 898 ἑώρακε
753 824 841 877 καὶ
895 830 1030 892 νῆας
1085 823 1137 885 ἐς
1168 821 1297 877 αὐτὸ
1335 821 1780 883 καταπλευσάσας
1838 842 1939 876 πο-

287 909 545 985 λεμικάς.
609 912 892 980 Ἀθηναῖοι
959 908 1016 965 δὲ
1068 912 1158 965 καὶ
1228 909 1411 982 αὐτὸς,
1469 908 1649 984 ὣσπερ
1704 913 1947 973 τοπικῶς

285 1000 671 1079 ἀφεστήκασιν,
728 998 875 1054 οὕτω
948 1000 1037 1053 καὶ
1095 1003 1193 1055 τοῦ
1278 992 1426 1074 ἔχειν
1489 999 1783 1075 πράγματα
1857 998 1945 1053 καὶ

287 1092 403 1145 κατ’
458 1087 728 1160 ἀλλήλων
811 1093 1014 1164 χωρεῖν
1104 1087 1432 1166 φιλονείκως
1505 1088 1763 1143 πλεῖστον
1823 1088 1947 1143 ὅσον

287 1177 641 1257 διείργονται.
675 1179 752 1233 Τὰ
781 1175 839 1234 δὲ
870 1179 1008 1254 πρὸς
1046 1179 1137 1234 τὸν
1170 1177 1315 1253 ἱερέα
1370 1184 1471 1248 τῆς
1535 1176 1753 1238 πόλεως
1795 1175 1947 1233 οὐδὲν

286 1271 368 1325 ὅτι
405 1271 482 1342 μή
536 1270 604 1323 τὰ
661 1269 835 1323 πάντα
897 1270 1131 1345 θεοφιλῆ
1182 1269 1272 1323 καὶ
1330 1269 1689 1341 πνευματικὰ,
1749 1268 1864 1345 εἳγε
1917 1269 1947 1323 6

289 1359 384 1432 μὶν
450 1354 659 1431 πατέρα
739 1357 829 1411 καὶ
913 1359 1148 1431 ποιμένα
1202 1360 1394 1412 τοῦτον
1473 1357 1760 1430 ὀνομάζειν
1823 1354 1948 1413 οὗδὲ

286 1468 421 1503 ποτε
451 1448 791 1518 ἀπηνήνατο,
826 1447 913 1501 καὶ
942 1446 1009 1501 τὰ
1038 1453 1139 1516 τῆς
1170 1445 1335 1502 αὐτοῦ
1383 1446 1638 1522 γλώττης
1703 1447 1947 1521 ῥήματα,

291 1537 391 1591 ὅσα
447 1536 537 1592 καὶ
606 1536 781 1611 γλυκὺ
843 1534 1144 1611 μελίκηρον
1210 1535 1467 1611 βλίττειν,
1552 1534 1785 1609 ὠρεκτία
1860 1533 1948 1591 διὰ

289 1626 495 1687 παντὸς
528 1623 837 1700 δρέπεσθαι,
870 1627 898 1680 6
930 1623 988 1680 δὲ
1017 1625 1172 1680 παισὶ
1230 1630 1348 1687 τοῖς
1410 1626 1547 1681 κατὰ
1603 1629 1819 1699 πνεῦμα
1853 1627 1948 1681 τὸν

288 1717 536 1790 Σγουρὸν
613 1712 887 1793 ἐνέγραφε.
949 1716 1049 1769 Καὶ
1109 1711 1350 1769 τοιοῖσδε
1423 1714 1715 1789 χρώμενος
1752 1714 1949 1778 ὅπλοις

291 1805 490 1861 ἐκεῖθεν
550 1809 850 1880 παρῃτεῖτο
878 1804 969 1859 τὸν
1029 1800 1198 1878 ἄνδρα
1257 1809 1619 1880 μεταχωρεῖν.
1652 1805 1714 1862 Ὁ
1773 1801 1832 1859 δὲ
1884 1806 1947 1860 τὸ

290 1893 551 1951 δύνασθαι
650 1895 925 1969 βιάζεσθαι
1025 1894 1295 1973 πρόφασιν
1390 1893 1761 1968 ἀπαραίτητον
1858 1896 1945 1950 καὶ

290 1981 750 2059 ἂπαρακάλυπτον
782 1979 1264 2059 προϐαλλόμενος,
1321 1982 1411 2037 καὶ
1467 1984 1558 2038 τὸν
1603 1983 1792 2058 καιρὸν
1830 1982 1951 2038 ἐνά-

289 2096 403 2153 γων
441 2075 570 2149 ὁρᾷν
603 2074 763 2128 παντὶ
822 2074 882 2128 τὸ
936 2073 1075 2148 πρὸς
1136 2072 1330 2151 ἰσχύος
1380 2069 1508 2147 δρᾷν
1567 2069 1952 2128 ὑποϐάλλοντα

291 2162 367 2224 ὡς
399 2161 490 2216 οἷα
520 2166 621 2229 τῆς
679 2164 785 2216 τῶν
842 2159 1059 2215 πόλεων
1106 2164 1291 2214 πασῶν
1350 2157 1651 2235 κορωνίδος
1707 2160 1774 2215 τὰ
1840 2165 1949 2215 τῶν

288 2251 434 2307 ’ὸλων
480 2250 807 2325 πασχούσης
865 2250 1135 2324 χείριστα,
1165 2246 1248 2305 ’ἑτι
1304 2247 1362 2303 δὲ
1425 2248 1514 2304 καί
1568 2270 1690 2304 τινα
1741 2250 1948 2304 νεανίαν

291 2337 580 2409 ὶδιδοθῆνιιί
624 2340 675 2394 οἱ
713 2340 849 2413 πρὸς
884 2338 1113 2402 θάνατον
1174 2337 1350 2400 πολὺς
1403 2337 1633 2393 ἐνέκειτο
1682 2337 1948 2412 ἐκζητῶν,

287 2429 343 2485 ’ὀν
383 2427 558 2491 ἄλλος
595 2429 691 2502 μὶν
733 2427 823 2482 καὶ
885 2429 962 2501 μὴ
1030 2426 1375 2501 αἶτησαμένῳ
1431 2426 1567 2501 μετὰ
1595 2427 1950 2507 περιχαρείας

288 2516 603 2594 προῦδωκεν
660 2517 746 2586 ἄν,
811 2518 1027 2591 σπέρμα
1081 2514 1266 2572 ἐίδικον
1318 2516 1411 2571 καὶ
1480 2516 1684 2590 ἄνομον
1752 2518 1951 2593 κρίνων

291 2609 364 2671 ὡς
394 2605 635 2669 πολλοῖς
701 2608 986 2684 παραίτιον
1032 2604 1334 2676 ἀπωλείας,
1367 2606 1456 2660 καὶ
1496 2611 1599 2661 πᾶν
1629 2605 1660 2661 6'
1687 2628 1738 2662 τι
1771 2607 1949 2683 χείρι-

293 2720 415 2753 στον
476 2698 613 2753 κατὰ
669 2704 770 2768 τῆς
829 2699 1021 2753 ἑαυτοῦ
1075 2693 1340 2772 πατρίδος
1394 2703 1496 2766 τῆς
1537 2699 1802 2765 Ἀττικῆς
1857 2696 1947 2751 καὶ

293 2790 439 2865 χειρί
472 2789 561 2843 καὶ
599 2790 791 2863 γνώμῃ
854 2785 1303 2862 διαπραξάμενον·
1338 2787 1366 2839 6
1427 2782 1483 2840 δὲ
1541 2785 1635 2841 τὸν
1696 2784 1950 2861 λαμπρὸν

296 2874 533 2950 διώκτην
567 2883 667 2946 τῆς
719 2876 1043 2952 ἐνεγκούσης
1099 2875 1189 2930 καὶ
1247 2881 1346 2944 τῆς
1408 2876 1545 2929 κατὰ
1593 2879 1807 2948 πνεῦμα
1860 2895 1946 2929 τι-

295 2972 465 3039 θηνοῦ
495 2966 826 3038 Ἐκκλησίας
879 2961 1138 3042 ὑϐριστὴν
1185 2965 1277 3020 καὶ
1336 2959 1648 3037 ἐπίϐουλον,
1698 2965 1789 3019 καί
1848 2966 1947 3035 τήν

293 3063 457 3132 χεῖρα
496 3059 616 3113 κατ’
664 3056 828 3111 αὐτοῦ
887 3054 1158 3116 πολλάκις
1200 3052 1521 3124 ὁπλίσαντα,
1575 3059 1693 3116 τοῖς
1748 3052 1948 3132 φιλου-

295 3148 480 3222 μένοις
553 3147 919 3223 εύαγγεΛικῶς
1003 3145 1292 3222 ἐγγράφων
1358 3144 1449 3200 καὶ
1514 3143 1786 3221 περιέπων
1866 3146 1940 3206 ὡς

288 3239 597 3316 πρόσφυγα,
652 3238 745 3292 τὸν
832 3236 1074 3312 Σγουρὸν
1132 3230 1527 3310 παρεϐλέπετο.
1586 3236 1676 3298 Ὦς
1737 3231 1783 3289 δ’
1843 3235 1942 3289 οὐκ

289 3327 409 3403 εἶχε
455 3325 546 3381 καὶ
600 3325 802 3381 πείθειν
884 3330 1002 3388 ταῖς
1060 3330 1252 3402 σοφαῖς
1315 3323 1536 3386 ταύταις
1578 3324 1942 3398 ὑποθημοσύ-

2051 553 2396 623 precabatur
2450 559 2516 610 ut
2582 555 2718 611 inde
2771 557 3085 613 recederet.
3141 564 3358 617 Scurus
3417 578 3549 617 vero
3581 578 3696 620 non

2049 642 2495 699 dissimulanter
2524 645 2884 715 praetendens
2913 661 2976 701 se
3007 647 3125 704 vim
3184 666 3354 720 posse
3404 651 3610 723 facere,
3642 657 3698 709 et

2051 741 2309 805 tempora
2341 735 2555 792 intueri
2578 737 2820 807 jubens,
2851 755 2981 809 quae
3012 755 3114 810 pro
3145 742 3368 797 viribus
3409 760 3700 816 quemque

2051 838 2219 894 agere
2250 832 2574 895 monerent,
2634 842 2768 882 cum
2827 828 3091 884 omnium
3153 831 3385 886 urbium
3433 836 3702 905 princeps

2050 913 2439 968 at‘ﬂictissima
2468 920 2644 984 esset,
2695 915 2946 987 denique
3005 918 3340 986 postulabat
3371 926 3432 974 ut
3462 921 3700 992 quidam

2051 1004 2390 1058 adolescens
2408 1003 2476 1057 ad
2503 1019 2701 1059 necem
2720 1005 2829 1061 sibi
2856 1006 3178 1063 dederetur.
3211 1008 3389 1070 Quem
3416 1011 3520 1065 etsi
3553 1011 3704 1066 alius

2048 1090 2263 1161 aliquis
2282 1092 2456 1147 etiam
2491 1110 2605 1147 non
2658 1095 2872 1165 petenti
2928 1094 3310 1152 libentissime
3356 1099 3699 1167 dedidisset,

2052 1185 2118 1235 ut
2149 1197 2347 1236 semen
2381 1182 2651 1255 iniquum
2699 1192 2748 1239 et
2813 1184 3018 1241 multis
3070 1193 3369 1243 auctorem
3403 1187 3695 1258 interitus,

2053 1270 2308 1340 pessima
2332 1286 2575 1343 quaeque
2605 1277 2664 1327 et
2695 1289 2870 1327 manu
2892 1279 2949 1330 et
2969 1275 3213 1331 consilio
3231 1281 3432 1332 contra
3455 1277 3701 1349 patriam

2054 1355 2374 1411 machinari
2405 1357 2666 1425 solitum,
2699 1358 2797 1414 ille
2846 1365 3108 1430 apertum
3167 1362 3368 1432 patrias
3422 1380 3705 1434 persecu-

2052 1449 2234 1501 torem
2267 1451 2326 1501 et
2363 1447 2688 1518 spiritualis
2734 1449 2981 1505 nutricis
3039 1450 3306 1507 Ecclesiae
3362 1452 3702 1510 violatorem

2052 1543 2107 1590 et
2136 1536 2564 1602 insidiatorem,
2595 1542 2766 1610 cuius
2792 1538 3070 1596 violentos
3115 1545 3360 1597 conatus
3401 1543 3616 1614 saepius
3649 1549 3707 1600 et

2053 1624 2177 1695 ipse
2208 1630 2481 1698 expertus
2511 1632 2656 1696 erat,
2690 1630 2747 1683 in
2777 1645 2976 1684 eorum
3031 1646 3276 1687 numero
3304 1630 3514 1687 habuit
3554 1648 3704 1704 quos

2053 1715 2383 1787 evangelica
2413 1717 2703 1788 diligeret,
2736 1718 3118 1790 neglectoque
3149 1720 3326 1775 Scuro
3374 1720 3701 1792 supplicem

1980 1840 2026 1905 Β
2056 1806 2333 1863 defendit.
2369 1807 2480 1862 Sed
2505 1824 2636 1864 cum
2666 1808 2889 1865 leonem
2912 1809 3079 1867 illum
3137 1811 3496 1885 sapientibus
3542 1812 3704 1870 hisce

2063 1894 2303 1951 monitis
2336 1895 2559 1966 placare
2592 1914 2706 1953 non
2740 1904 2957 1970 posset,
2988 1901 3208 1973 aspidis
3264 1901 3321 1956 in
3369 1918 3586 1957 morem
3621 1901 3705 1957 ul-

2060 1988 2148 2039 tro
2161 2000 2334 2041 aures
2356 1986 2726 2042 obturantem
2752 1994 2804 2042 et
2826 1989 3019 2044 omnis
3042 1990 3270 2061 generis
3287 1990 3397 2046 tela
3417 1992 3473 2044 in
3509 2007 3699 2048 arcem

2061 2074 2481 2145 conjicientem,
2537 2079 2697 2131 orato
2756 2076 2871 2132 Dec
2904 2082 2968 2132 ut
2993 2078 3049 2132 in
3086 2079 3368 2134 nefarium
3402 2079 3704 2136 hominem

2060 2166 2119 2217 et
2138 2162 2617 2219 subnascentium
2653 2166 2942 2220 malorum
2978 2171 3274 2223 auctorem
3325 2166 3549 2223 cladem
3581 2184 3706 2224 om-

2059 2266 2193 2306 nem
2226 2257 2604 2320 converteret,
2666 2254 2973 2309 machinas
3029 2260 3086 2309 et
3134 2257 3262 2327 ipse
3322 2254 3381 2310 in
3416 2257 3708 2313 moenibus

2061 2340 2340 2411 disponit,
2374 2341 2706 2415 ibidemque
2736 2344 3071 2414 sagittarios
3102 2351 3158 2397 et
3181 2344 3507 2401 funditores
3528 2346 3708 2402 collo-

2061 2438 2168 2484 cat.
2202 2430 2349 2486 Nam
2379 2432 2513 2502 quid
2572 2431 2669 2487 ille
2718 2432 2787 2487 ad
2844 2433 3273 2504 propulsandae
3330 2434 3529 2491 hostes
3587 2452 3703 2492 non

2060 2519 2366 2589 effecisset,
2399 2520 2486 2575 vir
2503 2520 2663 2576 omni
2688 2521 2950 2576 doctrina
2966 2522 3120 2577 808
3159 2539 3458 2578 sacrarum
3484 2532 3535 2580 et
3569 2542 3705 2596 pro-

2060 2608 2326 2663 fanarum
2354 2607 2676 2664 litterarum
2712 2610 3034 2681 perpolitus
3065 2614 3707 2683 summaquefacundia

2058 2697 2449 2769 ornatus?qui
2463 2698 2513 2754 si
2530 2697 2955 2770 voluisset,igni
2971 2699 3167 2770 pluere
3184 2716 3356 2770 super
3369 2703 3706 2758 temerarios

2058 2790 2158 2841 aut
2180 2786 2493 2841 crabrones
2517 2787 2576 2842 in
2599 2788 2911 2842 exercitum
2943 2788 3257 2844 immittere
3284 2790 3576 2861 potuisset
3608 2795 3709 2846 aut

2057 2875 2276 2946 aliquid
2301 2874 2451 2931 alius
2478 2876 2562 2931 eis
2612 2875 3000 2947 perniciosum
3033 2878 3315 2933 divinitus
3366 2879 3699 2951 impetrare.

2056 2963 2422 3036 Nequeenim
2438 2970 2745 3020 cunctatus
2758 2972 3155 3033 essetDeus,51
3178 2969 3703 3024 manusillesustu-

2055 3053 2220 3109 lisset
2243 3061 2344 3109 aut
2366 3055 2517 3110 labia
2539 3056 2609 3111 ad
2625 3056 3049 3111 invocationem
3066 3057 3326 3113 numinis
3353 3058 3701 3129 aperuisset.

2052 3144 2158 3198 Sed
2180 3144 2333 3199 atali
2361 3144 2445 3199 vel
2470 3146 2840 3217 cogitatione,
2872 3146 3087 3201 nedum
3110 3147 3279 3215 facto,
3305 3163 3437 3202 eum
3464 3146 3702 3204 abduxit

2055 3235 2139 3291 eis
2160 3234 2259 3306 qui
2274 3233 2420 3290 tilios
2435 3234 2674 3291 tonitrui
2693 3236 3153 3307 compescuit,ne
3167 3238 3358 3308 ignem
3380 3240 3523 3293 ccclo
3539 3239 3703 3294 elice-

2053 3332 2340 3394 rent,cum
2360 3325 2575 3382 diceret
2594 3343 2608 3380 :
2627 3347 2657 3378 ι(
2674 3332 2757 3381 An
2774 3327 3009 3383 nescitis
3028 3330 3198 3399 cujus
3215 3328 3459 3400 spiritus
3490 3329 3619 3385 sitis
3634 3330 3660 3384 ?
3677 3351 3705 3380 ››

287 3437 407 3478 ναις
432 3415 637 3471 ἐκεῖνον
665 3416 759 3471 τὸν
800 3415 1173 3489 θηριώνυμον,
1211 3411 1425 3486 μᾶλλον
1478 3413 1573 3487 μὶν
1632 3414 1726 3469 οὗν
1776 3411 1868 3467 καὶ
1919 3414 2034 3468 κατ’
2086 3410 2286 3468 ἀσπίδα
2323 3414 2670 3492 κωφεύουσαν
2717 3414 2892 3471 ἑκοντὶ
2921 3415 2987 3470 τὰ
3028 3417 3142 3470 ὦτα
3171 3417 3307 3491 πρὸς
3336 3418 3533 3482 ταύτας
3563 3418 3707 3492 ἑώρα

291 3504 491 3579 βύοντα
545 3505 634 3559 καὶ
695 3500 833 3579 βέλη
869 3500 1185 3558 παντοδαπά
1238 3507 1356 3565 τοῖς
1415 3502 1507 3557 ἒπὶ
1570 3508 1671 3571 τῆς
1721 3500 2080 3578 ἀκροπόλεως
2110 3502 2351 3580 ἀφιέντα,
2392 3505 2531 3559 κατὰ
2566 3507 2662 3559 τοῦ
2692 3504 2915 3559 ἀνοσίου
2944 3505 3031 3559 καὶ
3066 3504 3243 3560 αἰτίου
3272 3510 3379 3560 τῶν
3415 3506 3703 3583 φυομένων

289 3598 467 3650 κακῶν
510 3594 647 3648 ἅπαν
688 3592 1063 3667 ἀποτρόπαιον
1092 3590 1382 3664 τραπέσθαι
1409 3592 1537 3647 Θεὸν
1567 3590 1899 3665 ἱλασάμενος
1929 3594 2065 3665 (68),
2095 3596 2203 3647 τῶν
2235 3596 2435 3671 τειχῶν
2469 3591 2672 3648 ἂνιυθεν
2700 3595 2948 3658 κάκεῖνος
2976 3594 3252 3664 άνθίστησι
3298 3597 3698 3668 μηχανήματα,

289 3685 381 3740 καὶ
406 3689 525 3745 τοῖς
553 3683 763 3762 τείχεσι
794 3681 1042 3761 ἐφίστησι
1074 3683 1137 3737 τὸ
1170 3680 1398 3757 βάλλειν
1458 3681 1518 3736 ἐκ
1569 3683 1758 3760 χειρὸς
1813 3678 2125 3754 δυνάμενον.
2184 3683 2283 3735 Καὶ
2311 3683 2363 3736 τί
2402 3681 2506 3756 γὰρ
2538 3682 2638 3737 οὐκ
2668 3680 2726 3738 ἄν
2758 3681 3117 3758 διαπεπράχει
3145 3687 3254 3738 τῶν
3284 3683 3567 3755 πολεμίων
3626 3682 3703 3746 εἷς

293 3769 633 3844 ἇποσόϐησιν
666 3775 801 3849 ἀνὴρ
830 3774 979 3842 ἥκων
1038 3769 1126 3826 διὰ
1179 3772 1359 3842 πάσης
1410 3770 1598 3851 σοφίας
1654 3771 1745 3825 καὶ
1784 3770 2044 3825 παντοίαν
2106 3771 2339 3844 μάθησιν
2368 3770 2601 3846 λογικὴν
2634 3773 2710 3835 ὡς
2757 3771 3019 3846 οὐδεμίαν
3048 3772 3230 3846 ἓτερος
3264 3771 3455 3842 ἒπιὼν,
3489 3773 3610 3826 ὅσαι
3641 3792 3700 3828 τε

297 3868 514 3939 θυραῖαι
543 3863 630 3916 καί
655 3862 775 3917 ὅσαι
807 3863 1068 3936 ἡμέτεραι
1106 3880 1119 3929 ;
1157 3859 1222 3916 Εἴ
1253 3858 1299 3914 δ’
1328 3855 1626 3930 ἠϐούλετο,
1657 3860 1802 3938 εἶχεν
1834 3858 1896 3913 ἄν
1932 3859 2023 3914 καὶ
2056 3864 2159 3933 πῦρ
2194 3858 2337 3915 ὕσειν
2376 3858 2458 3913 ἐπ’
2497 3858 2834 3925 ἀτασθάλους
2891 3860 2927 3931 ἥ
2987 3869 3196 3938 σφῆκας
3255 3862 3534 3938 ἐπαφεῖναι
3618 3866 3698 3934 τῷ

296 3949 672 4027 στρατοπέδῳ,
706 3949 816 4005 εἷ’τε
855 3971 906 4004 τι
937 3948 1121 4023 ἓτερον
1153 3948 1382 4011 ἐκείνοις
1416 3947 1669 4024 ὀλέθριον
1705 3948 2026 4017 αἰτήσασθαι
2058 3947 2236 4012 θεόθεν
2269 3949 2360 4003 καὶ
2386 3949 2675 4022 λήψεσθαι’
2710 3949 2833 4005 οὐδὲ
2864 3951 2968 4025 γὰρ
3000 3949 3061 4004 ἄν
3093 3951 3155 4005 τὸ
3189 3955 3342 4005 Θεῖον
3392 3946 3704 4025 ἐϐράδυνεν,
3742 4002 3748 4006 .

284 4042 328 4098 εί
360 4047 544 4118 χεῖρες
580 4040 871 4114 ὑψώθησαν
915 4038 1115 4094 ἐκεῖναι
1145 4036 1182 4107 ἤ
1207 4036 1372 4111 χείλη
1410 4035 1713 4111 διήρθησαν
1742 4037 1919 4091 ἐκεῖνα
1959 4038 2095 4110 πρὸς
2119 4041 2254 4093 Θεοῦ
2284 4035 2596 4107 ἒπίκλησιν.
2654 4040 2863 4116 ’Λπῆγε
2895 4036 2940 4093 δ’
2998 4037 3157 4093 αὐτὸν
3216 4043 3313 4094 τοῦ
3371 4038 3618 4094 τοιοῦτόν
3648 4060 3700 4096 τι

283 4130 429 4193 ὅλως
464 4126 748 4198 διανοῆσαί
778 4148 836 4182 τε
865 4127 955 4183 καὶ
989 4124 1379 4201 διαπράξασθαι
1410 4126 1439 4179 6
1463 4125 1591 4187 τοὺς
1624 4126 1775 4189 υἱοὺς
1807 4133 1909 4195 τῆς
1944 4127 2180 4202 βροντῆς
2211 4124 2456 4202 ἐπισχὼν
2490 4130 2587 4182 τοῦ
2620 4131 2725 4202 πῦρ
2779 4128 2979 4202 ὑψόθεν
3010 4130 3097 4201 [Ρ.
3132 4131 3259 4204 392]
3288 4133 3622 4206 κατενεγκεῖν
3657 4127 3707 4183 ἐν

279 4223 358 4291 τῷ
402 4219 598 4289 εἰπεῖν,
633 4241 663 4269 ‹‹
691 4218 810 4274 Οὐκ
839 4212 1021 4271 οἳδατε
1050 4214 1216 4270 ποίου
1248 4213 1366 4269 ἐστὶ
1396 4213 1726 4286 πνεύματος.
1763 4237 1792 4267 »

349 4309 412 4366 θ’.
471 4308 611 4381 Πρὸς
671 4305 763 4365 οὖν
817 4309 1065 4361 τοιοῦτον
1123 4304 1454 4382 ἀντίμαχον,
1487 4302 1632 4358 οὕτω
1660 4304 1757 4378 μὲν
1800 4301 1940 4380 ἴδριν

2118 4306 2172 4361 9.
2207 4307 2426 4363 Scurus
2459 4309 3005 4382 autem,despcrata
3055 4310 3319 4376 victoria,
3384 4310 3702 4367 adversarii

280 4403 387 4455 τῶν
418 4401 710 4463 τακτικῶν,
742 4395 886 4451 οὕτω
927 4392 984 4450 δὲ
1010 4396 1103 4450 τὸν
1137 4393 1300 4469 λόγον
1331 4393 1532 4464 πολὺν,
1565 4394 1711 4450 οὕτω
1763 4391 1820 4449 δὲ
1846 4395 1944 4463 τήν

282 4488 479 4560 ἀρετήν
509 4482 921 4561 ἁπαράμιλλον,
972 4484 1000 4538 6
1039 4482 1338 4544 ἀντίπαλος
1373 4482 1618 4556 Σγουρὸς
1676 4483 1944 4554 ἀπειπὼν,

284 4576 373 4631 καὶ
419 4572 582 4649 γνοὺς
640 4574 715 4636 ὡς
776 4571 895 4642 είκῆ
953 4578 1074 4634 ταῖς
1129 4575 1230 4644 τῇς
1307 4569 1665 4645 ἀκροπόλεως
1724 4569 1945 4648 ῥαχίαις

287 4661 708 4737 διακυρίττεται,
768 4660 861 4716 τὸν
923 4660 1092 4733 θυμὸν
1175 4657 1439 4734 ἐκριπίζει
1495 4658 1633 4715 κατᾶ
1684 4661 1782 4728 τῆς
1840 4659 1942 4714 πό-

286 4751 427 4816 λεως
454 4752 523 4821 ἧς
553 4749 654 4806 οὐκ
707 4748 841 4824 ἔσχε
902 4749 1272 4822 χειρώσασθαι
1316 4750 1419 4817 τήν
1448 4746 1777 4822 ἀκρόπολιν,
1851 4749 1941 4804 καὶ

286 4839 352 4911 δὴ
384 4846 502 4901 τοῖς
535 4836 846 4901 οἰκοπέδοις
879 4839 1053 4909 ἐνίησι
1087 4841 1216 4913 πῦρ,
1284 4838 1371 4893 καὶ
1441 4838 1773 4912 προνομεύει
1828 4843 1940 4893 τῶν

284 4931 439 5000 ζώων
490 4931 555 4983 τὰ
609 4927 686 4989 εἲς
749 4925 985 5001 ζεύγλην
1045 4926 1132 4979 καὶ
1205 4923 1412 4980 δίαιταν
1474 4923 1775 4996 ἐπιτήδεια.
1832 4928 1940 4983 Καὶ

285 5021 400 5092 μεθ’
431 5017 642 5093 ἡμέρας
697 5016 893 5071 ἐκεῖθεν
961 5014 1265 5076 ἀπαναστὰς
1330 5020 1448 5076 ταῖς
1505 5011 1713 5086 Θήϐαις
1771 5036 1944 5092 προσ-

281 5104 488 5163 ϐάλλοι
539 5111 660 5168 ταῖς
703 5104 1059 5167 ἑπταπύλοις.
1094 5106 1195 5161 Καὶ
1255 5106 1451 5167 ταύτας
1504 5105 1578 5167 ὡς
1644 5105 1695 5176 ἐξ
1744 5103 1941 5183 ἒφύδου

282 5196 773 5272 παραστησάμενος
841 5192 1092 5249 ἐπιτείνει
1147 5199 1284 5268 πρὸς
1334 5194 1401 5249 τὰ
1438 5195 1629 5269 πρόσω
1684 5197 1746 5249 τὸ
1805 5192 1944 5268 πρὸ-

282 5287 479 5360 θυμον.
532 5283 742 5344 Οὐκοῦν
802 5280 1166 5360 Θερμοπύλας
1227 5279 1381 5336 διιὼν
1438 5285 1528 5337 καὶ
1610 5284 1712 5353 τήν
1769 5282 1939 5356 Οἴτην

287 5368 664 5452 ὁπερκαταϐὰς
723 5374 802 5435 εἷς
856 5373 1124 5448 Λάρισσαν
1190 5365 1372 5444 ἔξεισι,
1429 5371 1522 5426 καὶ
1586 5375 1666 5444 τῷ
1728 5372 1945 5447 βασιλεῖ

2058 4396 2197 4451 aciei
2230 4398 2591 4453 instruenda
2624 4405 2738 4454 tam
2774 4399 2968 4471 periti,
3019 4404 3138 4453 tam
3195 4400 3422 4465 diserti,
3454 4403 3573 4455 tam
3614 4400 3708 4454 in-

2057 4484 2437 4556 comparabili
2469 4488 2682 4544 virtute
2713 4488 2961 4560 praediti,
2989 4493 3046 4543 et
3076 4488 3243 4543 irrita
3272 4490 3709 4559 oppugnatione

2054 4574 2286 4645 rupium
2316 4575 2468 4631 arcis
2521 4576 2836 4644 intellecta,
2898 4579 3042 4632 iram
3097 4593 3260 4632 suam
3323 4582 3526 4631 contra
3579 4592 3705 4632 eam

2055 4664 2257 4717 urbem
2290 4665 2632 4720 exstimulat
2670 4666 2839 4736 cujus
2870 4682 3057 4721 arcem
3094 4682 3422 4736 expugnare
3456 4681 3570 4719 non
3604 4682 3707 4736 po-

2056 4757 2221 4817 terat,
2247 4752 2416 4808 villas
2442 4753 2721 4823 incendit,
2748 4772 2951 4829 greges
2982 4764 3363 4825 armentaque
3419 4754 3594 4823 rapit.
3637 4759 3709 4811 Et

2054 4846 2186 4912 post
2216 4840 2339 4896 dies
2370 4841 2593 4913 aliquot
2653 4844 2841 4899 soluta
2899 4844 3203 4900 obsidione
3257 4845 3486 4899 Thebas
3517 4860 3706 4915 oppu‘

2050 4935 2191 5000 gnat
2222 4947 2237 4997 ;
2267 4930 2478 5001 quibus
2511 4931 2701 5003 primo
2734 4933 2956 5003 impetu
3013 4935 3220 5007 captis,
3271 4932 3517 4989 ulterius
3574 4950 3707 4990 con-

2052 5018 2259 5081 tendit,
2282 5034 2349 5073 ac
2379 5018 2788 5092 Thermopylis
2821 5026 3114 5094 superatis
3173 5039 3276 5096 per
3304 5022 3508 5079 OEtam
3544 5039 3702 5080 mon-

2050 5112 2166 5162 tem
2203 5108 2607 5164 descendendo
2639 5109 2880 5165 Larissae
2915 5127 3047 5167 cum
3108 5112 3308 5169 Alexio
3360 5113 3709 5184 imperatore

2053 5214 2116 5254 se
2147 5195 2467 5268 conjungit.
2502 5199 2556 5253 Is
2587 5199 2743 5254 enim
2775 5216 2810 5255 a
2835 5202 3395 5274 septentrionalibus
3425 5201 3705 5258 lateribus

2053 5283 2289 5341 avulsus
2319 5289 2376 5339 et
2400 5286 2538 5340 urbe
2561 5285 2929 5357 imperatrice
2959 5306 3243 5347 excussus
3280 5291 3338 5346 in
3366 5288 3706 5347 Thessalica

2052 5375 2207 5433 804
2237 5374 2454 5447 Tempe
2511 5383 2870 5449 pervenerat.
2928 5387 3015 5437 Ac
3072 5382 3254 5440 filiam
3312 5382 3475 5438 illius
3504 5380 3702 5436 Eudo-

1682 5488 1852 5551 Hier.
1887 5492 2100 5553 Wolﬁi
2131 5494 2321 5551 notae.

357 5623 474 5697 (68)
505 5616 868 5677 Constructio
900 5613 1244 5687 huiusmodi
1274 5618 1404 5672 est:
1436 5610 1789 5689 Ἱλασάμενος
1818 5616 1912 5673 τὸν

2054 5636 2108 5686 ιν,
2149 5613 2287 5668 ἁπαν
2343 5611 2715 5691 ἀποτρόπαιον
2765 5620 3067 5693 τραπέσθαι
3107 5620 3246 5678 κευτὰ
3298 5625 3399 5677 τοῦ
3455 5619 3702 5686 ἀνοσίου,

277 5704 392 5754 etc.
