4120 6284
413 315 534 377 995

1721 307 2026 369 NICETIE
2066 308 2493 373 CHONIAT/E

3703 315 3820 376 996

409 449 560 504 ciam
595 462 830 504 uxorem
859 443 1038 510 ducit,
1072 459 1199 515 quis
1230 441 1393 513 prius
1424 441 1720 514 Stephano
1769 439 2056 496 Triballo-

2172 440 2405 516 Ἀλεξίῳ
2444 443 2748 520 συγγίνεται
2801 445 2981 519 (οὗτος
3034 443 3139 519 γὰρ
3195 445 3302 498 τῶν
3365 445 3476 517 (69)
3519 447 3618 498 τοῦ
3651 444 3826 519 βορῥᾷ

413 554 545 594 rum
577 537 706 594 duci
738 541 942 608 nupta,
977 535 1048 589 ab
1077 549 1263 604 eoque
1293 531 1597 604 repudiata
1627 534 1684 586 et
1724 529 2065 601 Byzantium

411 643 664 691 reversa,
697 608 824 698 post
883 629 1117 693 captam
1174 623 1377 676 urbem
1439 627 1492 675 et
1550 621 1834 674 desertam
1870 617 2066 675 Alexio

421 716 594 774 Docte
624 721 1002 786 cognomento
1033 711 1334 775 Murzuflo,
1367 712 1463 781 qui
1501 710 1829 764 Romanum
1880 709 2062 776 impe-

419 806 570 861 rium
604 815 929 874 postremus
962 801 1176 856 invasit
1210 807 1507 871 nupserat.
1569 799 1676 853 Sed
1739 812 1810 852 ne
1841 796 1892 852 is
1943 796 2063 868 qui-

415 896 547 949 dem
580 891 743 948 illam
772 891 841 946 ad
874 893 1233 946 senectutem
1269 904 1453 960 usqne
1509 887 1718 942 tenuit.
1779 885 1924 940 Nam
1958 885 2069 940 Eu-

413 983 592 1038 dociee
616 987 778 1050 pater
808 979 1062 1046 Alexius,
1094 979 1246 1034 haud
1309 977 1430 1032 scio
1488 993 1602 1047 qua
1651 991 1712 1030 re
1753 974 2062 1045 impulsus,

412 1071 546 1128 dolo
577 1087 707 1126 eum
741 1069 1228 1138 comprehensum
1285 1065 1605 1122 luminibus
1659 1064 1906 1130 orbavit,
1935 1080 2063 1119 erro

415 1160 591 1216 errori
627 1157 1064 1225 infestissimus,
1087 1162 1144 1212 et
1191 1156 1433 1226 imperio
1457 1156 1717 1224 dejectue
1751 1152 1927 1208 simili
1966 1169 2063 1207 ca-

416 1249 678 1306 lamitate
707 1249 1036 1304 conﬂictato
1095 1245 1563 1301 inimicissimus.
1625 1243 1818 1314 Neque
1877 1244 2062 1296 multo

415 1349 548 1410 post
577 1337 1014 1394 excaecationem
1047 1351 1082 1390 a
1114 1334 1337 1390 Latinis
1367 1332 1824 1404 comprehensus
1871 1331 2063 1386 Ducas

415 1426 757 1500 Byzantium
791 1424 1108 1486 reducitur,
1141 1433 1198 1479 et
1226 1423 1298 1478 ob
1339 1424 1644 1478 dominum
1701 1430 1754 1476 et
1811 1421 2062 1491 impera-

411 1521 596 1572 torem
633 1531 801 1571 suum
835 1513 1322 1584 comprehensum
1355 1516 1415 1566 et
1443 1510 1652 1582 laqueo
1699 1512 1968 1565 enectum
2001 1511 2060 1564 in

409 1605 707 1676 judicium
769 1604 1081 1670 adductus,
1142 1619 1244 1672 pro
1323 1600 1414 1657 sui
1475 1599 1813 1656 defensione
1867 1599 2064 1654 attulit

417 1695 582 1751 illum
619 1694 816 1765 patriae
849 1692 1201 1765 proditorem
1261 1691 1551 1746 exstitisse
1610 1695 1668 1745 et
1712 1691 1922 1762 dignas
1953 1705 2062 1744 suo

413 1782 632 1839 scelere
663 1783 893 1878 dedisse
915 1797 1135 1878 pcenas.
1169 1778 1367 1850 Neque
1423 1796 1710 1878 senunum
1740 1779 2062 1878 idfecisse,
2096 1813 2141 1878 Β

310 1912 318 1922 .
415 1873 518 1930 sed
549 1876 608 1928 et
637 1870 900 1942 reliquos
933 1870 1093 1925 illius
1123 1875 1419 1940 cognatos.
1475 1868 1688 1924 Verum
1737 1869 1845 1934 illi,
1876 1875 2066 1938 spreta

412 1962 542 2033 ejus
571 1963 855 2030 oratione,
889 1964 944 2014 et
977 1959 1048 2013 iis
1078 1975 1208 2030 quae
1238 1959 1558 2030 adjungere
1599 1959 1872 2028 cupiebat
1904 1957 2068 2030 plane

417 2049 764 2121 repudiatis,
797 2049 1004 2119 capitis
1039 2049 1340 2104 hominem
1390 2050 1801 2114 condemnant,
1838 2063 1981 2103 novo
2013 2053 2070 2102 et

417 2140 848 2196 violentissimo
879 2137 1154 2208 supplicii
1185 2151 1414 2206 genere.
1446 2136 1590 2192 Nam
1622 2137 1679 2192 in
1714 2136 2066 2192 altissimam

419 2227 780 2292 columnam,
813 2243 939 2297 qua;
971 2225 1030 2278 in
1058 2225 1250 2280 Tauro
1281 2227 1773 2296 stal,perductum
1803 2225 2068 2298 principi-

418 2317 728 2373 tant.805
756 2317 810 2372 le
839 2331 971 2370 vero
994 2314 1336 2384 aliquandiu
1359 2314 1416 2369 in
1469 2315 1640 2386 pedes
1683 2314 2064 2381 descendens,

419 2405 631 2462 deinde
661 2406 719 2460 in
752 2409 928 2474 caput
961 2405 1272 2459 subversus
1311 2408 1367 2458 et
1411 2403 1574 2458 humi
1633 2403 1840 2458 allisus
1895 2404 2064 2458 mise-

420 2495 685 2552 rabiliter
703 2494 943 2550 interiit.
962 2496 1178 2552 Scnrus
1196 2501 1384 2550 autem
1400 2495 1574 2549 ducta
1611 2493 1886 2558 Eudocia,
1919 2509 2068 2547 mar-

420 2584 628 2642 chiune
660 2584 718 2638 in
741 2583 1020 2639 Grzeciam
1055 2583 1398 2647 transituro,
1431 2587 1496 2638 ut
1529 2580 1702 2654 paulo
1733 2587 1868 2637 ante
1926 2581 2064 2651 dixi,

417 2674 940 2747 Thermopylarum
973 2677 1273 2748 angustias
1329 2679 1387 2730 et
1442 2673 1624 2729 altum
1682 2679 1939 2728 montem
1983 2671 2068 2728 eis

420 2763 855 2830 imminentem,
888 2768 1212 2836 ceteraque
1240 2763 1365 2818 loca
1394 2780 1520 2834 qua
1553 2762 1783 2819 Graecisa
1841 2761 2066 2818 aditum

423 2853 848 2923 intercludunt,
879 2863 1146 2909 accurate
1173 2853 1564 2908 custodiebat.
1597 2851 1808 2905 Verum
1859 2849 2068 2905 nihilo-

423 2944 618 2997 minus
651 2941 747 2996 itle
778 2943 850 2997 iis
882 2942 1024 2998 locis
1055 2941 1330 2998 facillime
1361 2942 1577 3012 potitus
1599 2943 1686 2994 est
1735 2939 1806 2994 ob
1845 2943 2068 2994 nostro-

419 3048 550 3086 rum
583 3031 877 3102 ignaviam
911 3048 974 3086 ac
1035 3031 1351 3102 degeneres
1409 3030 1785 3098 abjectosque
1815 3027 2067 3094 animos,

416 3120 668 3175 subinde
698 3119 1052 3190 potentiores
1089 3118 1278 3174 colere
1307 3117 1624 3172 volentium
1653 3134 1668 3185 ;
1718 3117 1896 3187 idque
1925 3131 2057 3172 cum

414 3224 530 3264 non
558 3223 834 3278 magnum
861 3209 1176 3262 adduceret
1193 3208 1512 3263 exercitum
1539 3223 1642 3260 nec
1665 3206 1816 3260 inter
1839 3221 1899 3259 se
1922 3220 2058 3260 con-

419 3295 791 3362 sentientem,
823 3298 920 3349 sed
949 3295 1242 3366 plerisque
1263 3296 1318 3348 in
1345 3296 1537 3364 rebus,
1569 3294 1787 3366 quippe
1809 3309 1878 3348 ex
1907 3292 2060 3348 mul-

415 3385 496 3442 tis
529 3383 774 3439 urbibus
805 3383 1135 3448 collectum,
1167 3385 1576 3440 dissidentem.
1611 3384 1837 3438 Etcum
1871 3384 2060 3454 ipsam

417 3473 694 3529 Bmotiam
753 3473 1076 3541 invaderet,
1163 3480 1282 3528 tam
1343 3473 1554 3544 cupide
1611 3477 1914 3544 susceptus
1973 3475 2064 3528 est

414 3579 590 3636 quam
619 3563 926 3634 quisquam
951 3563 1052 3633 qui
1083 3579 1150 3618 ex
1186 3561 1502 3632 longinqua
1521 3563 1870 3616 etdiuturna
1901 3578 2060 3632 pcre-

413 3652 742 3725 grinatione
797 3651 1036 3706 domum
1099 3652 1422 3707 revertitur.
1485 3650 1833 3721 Progressus
1884 3650 2060 3704 etiam

407 3741 602 3797 Attica
634 3741 866 3812 potitur,
891 3745 947 3794 et
973 3740 1088 3795 arci
1113 3741 1449 3811 praesidium
1483 3739 1748 3810 imponit.
1781 3739 1920 3794 Cum
1953 3756 2059 3793 au-

413 3835 532 3885 tem
569 3831 724 3886 idem
757 3828 1255 3902 archiepiscOpus,
1289 3834 1353 3882 ut
1409 3829 1634 3900 pridem
1679 3831 1947 3895 Scurum,
1981 3829 2062 3883 ita

409 3929 462 3976 et
523 3930 659 3976 tunc
720 3919 1115 3976 marchionem
1184 3917 1526 3990 propulsare
1585 3923 1802 3990 posset,
1864 3922 2058 3973 tamen

413 4013 644 4079 tempus
703 4026 736 4065 a
793 4008 1118 4063 resistendo
1177 4007 1430 4063 alienum
1471 4023 1600 4062 esse
1631 4013 1814 4074 ratus,
1847 4007 2061 4078 quippe

416 4098 556 4152 urbe
587 4097 955 4163 imperatrice
978 4103 1302 4167 expugnata
1359 4105 1414 4151 et
1472 4101 1591 4151 tam
1641 4095 2058 4163 Orientalibus,

418 4201 592 4254 quam
620 4183 1094 4240 Occidentalibus
1127 4183 1441 4254 provinciis
1474 4184 1686 4238 Latinas
1716 4184 1896 4238 hastae
1932 4199 2058 4238 um-

413 4277 577 4328 bram
607 4272 1020 4340 subeuntibus,
1052 4279 1201 4328 cntra
1243 4272 1676 4328 dimicationem
1739 4273 2061 4327 munitione

408 4363 894 4417 cedit.Postremo
917 4361 1074 4417 806
1109 4362 1324 4417 Euboea
1381 4378 1634 4433 quoque,
1693 4362 1916 4418 omissa
1966 4363 2062 4419 de-

411 4451 692 4518 fensione,
729 4451 1026 4522 supplices
1056 4451 1126 4504 ad
1162 4451 1558 4506 marchionem
1595 4465 1803 4505 manus
1853 4453 2058 4522 tendit,

2175 529 2427 608 πλευρῶν
2471 533 2788 609 κατασυρεῖς
2840 535 3072 601 καὶτῆς
3137 531 3192 587 ἐν
3250 531 3475 586 πόλεσιν
3535 531 3824 612 ἀρχούσης

2174 621 2569 698 ἐκσφαιρισθεὶς
2633 629 2750 686 τοῖς
2805 622 3095 684 Θετταλοῖς
3167 617 3446 696 παρέϐαλε
3503 621 3824 695 Τέμπεσιν),

2175 709 2263 766 ἐπὶ
2296 709 2353 766 δὲ
2399 713 2491 766 καὶ
2555 717 2655 776 τῆς
2713 713 2916 767 ἐκείνου
2957 713 3220 788 θυγατρὸς
3274 708 3547 773 Εύδοκίας
3607 711 3827 781 εὐνέτης

2174 798 2396 874 γίνεται.
2431 800 2581 870 Αὕτη
2625 799 2683 855 δὲ
2723 803 2978 877 Στεφάνῳ
3035 801 3361 874 συναφθεῖσα
3416 797 3683 873 πρότερον
3749 797 3828 871 τῷ

2175 887 2514 963 ἀρχηγοῦντι
2571 895 2678 943 τῶν
2728 884 3061 962 Τριϐαλλῶν
3129 887 3274 961 παρὰ
3333 888 3428 960 μὲν
3481 885 3692 942 ἐκείνου
3731 887 3827 958 ἐμ-

2174 970 2380 1049 ϐριθῶς
2429 977 2835 1050 ἀποπέμπεται,
2887 978 2948 1032 τὸ
2999 974 3056 1032 δὲ
3117 978 3409 1045 Βυζάντιον
3463 975 3824 1054 κατειληφυῖα

2175 1065 2250 1128 εἷς
2297 1072 2526 1139 γυναῖκα
2583 1067 2764 1141 ἃγεται
2825 1068 3050 1142 ὓστερον
3115 1067 3248 1138 μετᾶ
3301 1069 3399 1136 τὴν
3463 1061 3670 1121 ἅλωσιν
3721 1071 3821 1132 τῆς

2173 1154 2390 1219 πόλεως
2431 1158 2520 1211 καὶ
2549 1159 2649 1228 τήν
2678 1155 2738 1212 ἐκ
2791 1159 2993 1228 ταύτης
3051 1155 3416 1224 ἀπονόστησιν
3468 1154 3698 1228 Ἀλεξίῳ
3745 1161 3824 1226 τῷ

2173 1245 2371 1316 Δούκᾳ,
2405 1247 2462 1306 ὅς
2492 1245 2876 1318 ἐπωνομάζετο
2939 1243 3372 1323 Μούρτζουφλος
3431 1245 3522 1298 καὶ
3580 1246 3648 1299 τὰ
3695 1252 3833 1312 σκῆ-

2171 1354 2312 1408 πτρα
2341 1339 2452 1389 τῶν
2486 1335 2777 1407 Ῥωμαίων
2811 1334 3030 1398 λοῖσθος
3087 1332 3481 1408 ἐνεχειρίσατο.
3531 1333 3684 1402 Πλὴν
3715 1331 3833 1387 οὐδ’

2173 1423 2334 1486 οὗτος
2365 1425 2392 1478 ὁ
2425 1423 2631 1485 Δούκας
2659 1422 2762 1486 ἕως
2792 1425 2981 1498 γήρως
3022 1425 3112 1478 καὶ
3153 1417 3444 1494 πρεσϐείου
3491 1426 3560 1496 τῇ
3595 1419 3838 1492 Εὗόοκίᾳ

2173 1514 2500 1586 συνῴκησεν·
2539 1513 2567 1568 ὁ
2623 1514 2724 1588 γὰρ
2763 1513 2968 1582 ταύτης
3017 1513 3198 1585 πατὴρ
3259 1512 3524 1580 ’Δλὲειος,
3557 1511 3664 1566 οὐκ
3719 1508 3834 1565 οἶδ’

2172 1605 2201 1658 ὅ
2266 1625 2320 1658 τι
2376 1603 2582 1672 παθὼν,
2651 1601 2744 1657 σὺν
2800 1599 2949 1673 δόλῳ
2995 1602 3088 1657 τὸν
3143 1598 3308 1676 ἄνδρα
3383 1598 3679 1676 συνείληφε
3737 1601 3836 1654 καὶ

2171 1697 2354 1753 κακῶς
2385 1689 2437 1752 ἐς
2466 1691 2564 1754 τὰς
2617 1692 2784 1764 κόρας
2861 1688 3086 1759 διέθετο,
3117 1687 3334 1759 πλάνης
3366 1687 3618 1760 πλάνητα
3652 1693 3834 1761 μισῶν

2171 1777 2377 1854 κομιδῆ
2435 1780 2526 1834 καὶ
2563 1778 2736 1856 φυγὰς
2771 1777 3052 1854 βασιλείας
3102 1784 3181 1851 τῷ
3238 1778 3568 1834 ἀποπεσόντι
3622 1778 3834 1846 ταύτης

2174 1871 2622 1943 ἁντικαθτςμενος.
2668 1870 2799 1926 Μετ’
2857 1867 2919 1924 ού
2972 1867 3146 1924 πολὺν
3195 1866 3252 1923 δέ
3307 1889 3428 1923 τινα
3465 1868 3668 1942 χρόνον
3729 1874 3836 1936 τῆς

2171 1959 2474 2033 πηρώσεως
2514 1958 2591 2020 εἰς
2625 1963 2816 2036 χεῖρας
2846 1955 3098 2028 ἐμπεσὼν
3126 1963 3234 2012 τῶν
3268 1957 3514 2012 Λατίνων
3557 1957 3586 2012 ὁ
3620 1957 3834 2019 Δούκας

2175 2047 2250 2112 εἷς
2270 2048 2333 2102 τὸ
2395 2048 2683 2116 Βυζάντιον
2729 2046 3139 2118 ἀνακομίζεται,
3171 2045 3260 2100 καὶ
3293 2046 3399 2100 ὑπὸ
3450 2042 3606 2115 δίκην
3639 2045 3835 2120 ἀχθεὶς

2173 2137 2248 2199 ὡς
2286 2135 2378 2191 τὸν
2441 2135 2632 2190 ἑαυτοῦ
2695 2137 2881 2209 κύριον
2936 2139 3026 2188 καί
3090 2132 3315 2210 βασιλέα
3353 2133 3700 2206 συνειληφὼς
3739 2134 3834 2189 καί

2171 2228 2268 2280 τοῦ
2339 2227 2432 2297 ζῇν
2493 2222 2763 2297 ἐξαγαγὼν
2825 2219 2892 2277 δι’
2959 2221 3207 2296 ἀγχόνης
3291 2221 3672 2296 ἀπελογήσατο
3733 2223 3831 2288 μὲν

2173 2313 2374 2368 ἐκεῖνον
2431 2310 2704 2387 προδότην
2755 2319 2855 2380 τῆς
2911 2307 3168 2386 πατρίδος
3225 2312 3454 2390 ὀφθῆναι
3515 2311 3606 2366 καὶ
3667 2311 3833 2383 ἀξίως

2170 2403 2238 2458 τὰ
2267 2400 2451 2458 εἶ’κότα
2481 2403 2690 2470 παθεῖν,
2728 2402 2804 2473 μή
2841 2399 2996 2474 μόνῳ
3027 2397 3086 2456 8t
3113 2401 3165 2454 οἱ
3194 2405 3360 2456 ταῦτα
3399 2398 3829 2476 διαπραχθῆναι,

2171 2491 2320 2548 ἀλλὰ
2348 2491 2438 2546 καὶ
2469 2495 2584 2553 τοῖς
2635 2487 2858 2557 ἄλλοις,
2892 2490 3012 2545 ὅσοι
3071 2491 3188 2546 κατ’
3220 2489 3495 2545 οἰκείωσιν
3553 2490 3641 2544 καὶ
3675 2489 3830 2564 γένος

2173 2581 2365 2654 ἐκείνῳ
2406 2582 2767 2651 συνήπτοντο.
2801 2580 2866 2634 O't
2899 2576 2958 2633 δὲ
2999 2580 3076 2652 μή
3128 2580 3501 2656 προσσχόντες
3553 2579 3640 2640 οῖς
3673 2577 3830 2654 εἴρη-

2171 2691 2282 2739 κεν,
2316 2670 2438 2724 οὕτε
2470 2671 2578 2742 μὴν
2608 2671 2696 2732 οἷς
2727 2665 2804 2724 ἔτι
2829 2663 3016 2722 ὤδινεν
3049 2667 3216 2723 εἰπεῖν
3253 2668 3348 2729 τὰς
3382 2667 3547 2730 ἀκοὰς
3608 2669 3817 2723 ὁποσον

2174 2765 2264 2817 οὖν
2324 2758 2682 2838 ὓποσχόντες,
2765 2757 3232 2833 καταψηφίζονται
3299 2759 3525 2812 θᾶνατον
3591 2761 3690 2814 τοῦ
3745 2757 3829 2811 ἁνι

2174 2847 2300 2926 δρὸς
2332 2849 2691 2924 καινότρυπόν
2715 2871 2773 2904 τε
2802 2847 2890 2904 καὶ
2926 2849 3257 2923 βιαιότατον.
3321 2847 3414 2910 Εἷς
3470 2847 3574 2922 γὰρ
3628 2847 3720 2902 τὸν
3771 2846 3824 2902 ἐν

2171 2945 2250 3012 τῷ
2289 2939 2491 3014 Ταύρῳ
2553 2939 2834 3012 ἱστάμενον
2885 2937 3105 3011 ὕψιτενῆ
3165 2935 3324 2992 κίονα
3378 2941 3570 2992 τοῦτον
3621 2935 3827 3012 ἀνενεγο

2173 3030 2356 3092 πιόντες
2409 3027 2704 3104 βάλλουσιν
2766 3025 2964 3091 ἐκεῖθεν
3024 3027 3193 3081 κάτω·
3264 3026 3292 3080 ό
3361 3023 3408 3081 δ’
3487 3025 3576 3082 ἐπὶ
3653 3023 3823 3088 πόδας

2179 3119 2348 3194 μέχρι
2384 3119 2534 3180 τινὸς
2590 3118 2814 3188 κατιὼν,
2857 3117 2972 3173 εἶτα
3040 3117 3360 3190 ἀνατραπεὶς
3399 3115 3686 3192 κατωκάρα
3729 3115 3818 3170 καὶ

2180 3209 2314 3282 μετὰ
2347 3206 2526 3284 βραχὺ
2555 3205 2914 3282 καταρραγεὶς
2973 3203 3212 3284 δόχμιος
3277 3203 3552 3281 διέρρηξεν
3611 3206 3825 3280 οἰκτρό-

2168 3316 2302 3351 τατα
2353 3296 2454 3363 τὴν
2512 3297 2721 3369 ψυχήν.
2781 3297 2864 3368 Τῇ
2931 3297 3056 3368 γοῦν
3141 3290 3378 3365 Εὐδοκίᾳ
3433 3295 3717 3370 συναφθεῐς
3799 3293 3827 3347 ὁ

2173 3387 2417 3461 Σγουρὸς
2503 3389 2599 3440 τοῦ
2661 3385 2954 3459 μαρκισίου
3034 3388 3102 3457 τῇ
3159 3381 3390 3441 Ἑλλάδι
3449 3384 3828 3459 προσάγοντος

2169 3474 2354 3540 αὐτὸς,
2387 3474 2460 3535 ὡς
2495 3478 2678 3547 μικρῷ
2707 3473 2936 3549 πρόσθεν
2993 3473 3254 3549 εἶρήκειν,
3311 3473 3373 3528 τὸ
3437 3473 3490 3528 ἐν
3525 3473 3828 3548 Θερμοπύ-

2171 3563 2292 3624 λαις
2346 3561 2526 3635 ὲτήρει
2583 3564 2809 3637 τέναγος
2849 3561 2938 3618 καὶ
2989 3563 3050 3618 τὸ
3101 3560 3528 3637 ἐπικρεμάμενον
3601 3563 3830 3624 ταύταις

2169 3653 2346 3706 σκιόεν
2399 3647 2526 3724 ὅρος
2581 3651 2673 3705 καὶ
2733 3646 3110 3724 ὑψικόρυμϐον
3149 3652 3238 3706 καὶ
3271 3648 3434 3707 τᾶλλ’
3489 3651 3668 3706 ὁπόσα
3725 3653 3826 3721 τὴν

2168 3736 2414 3798 Ἐλλάδα
2439 3736 2809 3813 δυσπρόσοδον
2837 3740 3070 3810 τίθησιν.
3106 3737 3281 3796 Ἀλλὰ
3335 3739 3427 3794 καὶ
3487 3739 3634 3795 οὕτω
3692 3742 3831 3796 κατὰ

2169 3835 2340 3886 πᾶσαν
2373 3829 2664 3902 εὐμάρειαν
2705 3829 2758 3884 οἱ
2813 3827 2986 3883 ἐκεῖσε
3044 3833 3124 3901 τῷ
3180 3828 3459 3902 μαρκεσίῳ
3519 3828 3826 3884 ὑπὲκυπτον

2167 3919 2384 3994 ἀγεννεῖ
2467 3917 2559 3972 καὶ
2642 3911 3114 3990 καταϐεϐλημένῳ
3181 3920 3267 3991 [Ρ.
3327 3919 3454 3991 393]
3509 3920 3827 3992 φρονήματι

2166 4007 2258 4063 καὶ
2315 4011 2662 4081 προσχωρεῖν
2721 4005 2804 4060 ἀεί
2857 4027 2974 4068 πως
3034 4004 3296 4081 ἐγνωκότι
3351 4011 3467 4066 τοῖς
3524 4005 3827 4080 κρείττοσι,

2168 4097 2256 4151 καὶ
2324 4099 2492 4150 ταῦτα
2539 4096 2616 4168 μή
2680 4095 2934 4170 στρατιὰν
2999 4093 3182 4170 ἄγοντι
3254 4095 3621 4170 μυριάριθμον
3687 4093 3828 4168 μηδὲ

2169 4181 2570 4259 συμϐαίνουσαν
2651 4188 2770 4244 ταῖς
2825 4185 3092 4259 γνώμαις,
3165 4183 3292 4240 ἀλλ’
3369 4183 3699 4262 ἀσύμφωνον
3773 4184 3824 4240 ἐν

2167 4274 2449 4334 πΛείστοις
2491 4273 2564 4334 ὡς
2591 4271 2650 4326 ἐκ
2680 4269 2898 4326 πόλεων
2939 4270 3248 4346 ἡλισμὲνην
3301 4269 3556 4329 πολλῶν.
3591 4271 3825 4334 Ἐλάσας

2169 4359 2227 4416 δὲ
2254 4361 2385 4415 κάπὶ
2417 4361 2516 4429 τὴν
2581 4359 2850 4416 Βοιωτίαν
2903 4359 3094 4428 αὐτὴν,
3136 4359 3210 4422 ὡς
3243 4356 3367 4414 ούδέ
3428 4380 3512 4422 τις
3538 4360 3826 4428 ἐπαν-ιςκων

2169 4447 2354 4505 οἴκαδε
2393 4448 2631 4527 χρόνιοςε
2670 4447 2774 4502 ὑπὸ
2804 4452 2910 4502 τῶν
2969 4445 3257 4519 Καδμείων
3313 4447 3562 4520 ἀσμένως
3594 4446 3822 4523 προσδὲ-

405 4549 462 4598 et
491 4540 772 4598 exercitui
811 4541 1020 4611 Euripo
1078 4538 1438 4594 concitatiori
1502 4545 1734 4609 pontem
1794 4542 2052 4596 subster-

2170 4559 2342 4615 χεται.
2381 4539 2594 4612 Προϊὼν
2628 4534 2685 4592 δὲ
2714 4542 2904 4612 κρατεῖ
2959 4536 3050 4592 καὶ
3106 4543 3208 4606 τῆς
3278 4538 3555 4608 ’Δττικῆς,
3589 4538 3680 4592 καὶ
3754 4541 3823 4610 τῇ

407 4632 486 4687 nit
522 4640 609 4697 ;el
631 4634 686 4687 in
713 4631 840 4703 ipso
857 4631 1000 4686 freto
1023 4627 1328 4684 castellum
1353 4628 1723 4693 aedificatum,
1757 4629 1818 4684 in
1875 4647 2058 4704 eoque

410 4721 709 4776 sedentem
741 4717 1058 4774 exercitum
1083 4716 1286 4783 cernit,
1312 4733 1345 4771 a
1375 4732 1488 4788 quo
1539 4719 1857 4773 mutabiles
1900 4718 2060 4774 insu-

413 4809 620 4866 larium
657 4809 841 4866 animi
865 4813 924 4864 et
955 4808 1168 4864 callida
1197 4807 1442 4862 consilia
1471 4823 1504 4860 a
1535 4808 1856 4864 defectione
1895 4825 2054 4866 coer-

408 4904 700 4953 cerentur.
735 4898 850 4953 Sed
881 4898 1016 4968 quid
1053 4912 1244 4952 meam
1275 4897 1594 4952 orationem
1630 4897 1862 4952 barbari
1893 4909 2055 4952 anie-

409 4991 637 5041 vertunt
669 4993 726 5040 et
759 4986 1011 5040 historiae
1041 5001 1280 5040 cursum
1313 4991 1618 5056 occupant,
1651 5001 1756 5040 nec
1811 4987 1884 5042 ab
1937 4987 2056 5044 ullo

403 5073 738 5130 adversario
771 5074 1106 5128 detinentur
1135 5073 1163 5127 ?
1193 5091 1327 5130 nam
1392 5074 1534 5141 haec,
1576 5079 1642 5128 ut
1688 5075 1902 5131 Thebis
1931 5092 2058 5147 spo-

407 5163 566 5219 liatis
595 5167 651 5218 et
679 5162 928 5218 Athenis
959 5164 1254 5234 occupatis
1285 5165 1342 5218 in
1372 5163 1644 5218 Euboeam
1695 5165 2053 5235 transierint,

407 5251 603 5309 adhuc
637 5256 858 5306 refert:
917 5251 1002 5307 illi
1055 5267 1207 5320 vero,
1261 5269 1376 5308 non
1431 5259 1492 5308 ut
1546 5253 1790 5326 pedites,
1831 5256 1932 5311 sed
1993 5261 2056 5312 ut

407 5341 576 5397 aeria:
618 5340 901 5408 volucres,
959 5341 1067 5397 alie
1123 5357 1298 5414 supra
1359 5343 1658 5399 historiam
1719 5347 1921 5412 evecti,
1981 5346 2056 5402 ad

2169 4632 2465 4708 ἀκροπόλει
2525 4633 2762 4710 φρουρὰν
2827 4632 3227 4709 ἐγκαθίστησιν.
3287 4631 3425 4706 Εἶχε
3509 4628 3568 4687 δὲ
3607 4632 3636 4686 ὁ
3687 4651 3826 4706 προ-

2169 4719 2399 4798 εδρεύων
2427 4722 2716 4793 ἱερατικῶς
2754 4726 2855 4790 τῆς
2913 4719 3153 4784 πόλεως,
3203 4717 3385 4794 ὥσπερ
3419 4721 3654 4794 Σγουρὸν
3686 4719 3821 4792 πρός

2165 4831 2344 4886 τερον,
2422 4808 2566 4864 οὕτω
2633 4807 2724 4864 καὶ
2799 4811 2923 4864 τότε
2984 4810 3279 4882 μαρκέσιον
3366 4808 3818 4882 ἀποπέμψασθαι·

2171 4901 2245 4972 μὴ
2281 4899 2418 4954 εἶναι
2450 4895 2508 4953 δὲ
2567 4895 2880 4970 δοκιμάζων
2913 4897 3100 4970 καιρὸν
3162 4897 3546 4967 ἀντιστάσεως,
3569 4898 3664 4952 οἷα
3718 4903 3816 4965 τῆς

2163 4992 2272 5044 τῶν
2301 4985 2447 5042 δλων
2486 4983 2766 5060 βασιλίδος
2836 4984 3098 5056 ἁλούσης,
3166 4991 3267 5054 τῆς
3323 4983 3372 5038 δ’
3419 4987 3674 5061 ἑσπερίου
3727 4985 3818 5040 καὶ

2167 5077 2303 5150 ἑῴας
2333 5075 2434 5130 ὑπὸ
2466 5073 2773 5146 Ῥωμαίους
2818 5071 3032 5145 λήξεως
3082 5075 3182 5141 τήν
3217 5074 3368 5128 σκιὰν
3399 5074 3668 5143 ὑπιούσης
3721 5078 3816 5128 τοῦ

2167 5169 2404 5222 Aet-two?)
2471 5161 2700 5235 δόρατος
2737 5207 2751 5232 ,
2817 5161 3089 5236 ἀναιμωτὶ
3155 5167 3252 5218 τοῦ
3309 5163 3582 5238 ἐρύματσς
3660 5165 3816 5232 ὑπεξ-

2169 5255 2394 5310 ίσταται.
2428 5253 2552 5308 Ἐπὶ
2593 5258 2724 5306 πᾶσι
2781 5249 2826 5306 δ’
2883 5249 2998 5306 οὐδ’
3055 5247 3262 5307 Εὔϐοια
3326 5259 3568 5326 γενναῖον
3629 5253 3812 5329 βλέπει

2162 5365 2214 5400 τι
2271 5343 2362 5399 καὶ
2420 5339 2730 5416 ἐλεύθερον,
2783 5339 2930 5398 ἀλλὰ
2984 5341 3074 5396 καὶ
3131 5339 3265 5413 αὕτη
3306 5347 3468 5418 χεῖρα
3523 5342 3810 5416 προτείνει,

1793 5443 1960 5504 Hier.
1999 5445 2212 5506 Wolfii
2246 5450 2438 5504 notae.

477 5543 835 5622 (δη-Οὗτος
863 5546 966 5622 γὰρ
1017 5549 1124 5598 τῶν
1170 5548 1268 5600 τοῦ
1529 5543 2053 5622 πλευρῶνίκατασυ-

401 5619 538 5692 ρείς.
571 5617 697 5676 Non
728 5617 887 5677 satis
905 5617 1183 5690 assequar
1215 5617 1348 5688 quid
1384 5617 1510 5674 sibi
1558 5617 1720 5676 velit.
1767 5621 2054 5680 Vetustas

2165 5551 2340 5608 codex
2373 5555 2429 5606 et
2461 5549 2555 5604 hic
2587 5548 2834 5604 mutilus
2865 5553 2972 5620 est,
3007 5553 3072 5605 ut
3100 5555 3156 5604 et
3183 5548 3346 5620 alibi,
3379 5550 3477 5605 ubi
3521 5551 3649 5622 ejus
3681 5551 3812 5606 sub-

2163 5624 2314 5680 sidio
2345 5637 2626 5694 perquam
2659 5637 2808 5694 opus
2837 5625 2946 5678 est.
