4120 6284
265 347 380 407 99⁵1

1709 345 1910 407 URBS
1957 343 2235 406 CAPTA.

3561 344 3689 407 998‘

264 482 352 536 καὶ
395 482 493 535 τοῦ
550 476 915 554 παλιρῥοθίου
965 481 1222 551 πορθμοῦ
1284 476 1588 557 ταχύτερον
1637 476 1917 552 μεθαρμό-

2047 476 2612 545 isthmumtendunt,
2636 478 2966 550 oppositum
3017 478 3094 535 ibi
3151 483 3479 535 Romanum
3521 494 3685 535 exer-

267 578 433 642 ζεται,
482 569 573 623 καὶ
644 568 1047 642 ὑποστρώννυσι
1104 568 1203 637 τήν
1246 564 1537 644 διαϐάθραν
1596 566 1920 644 εύροωτέρῳ

264 666 358 716 τοῦ
390 660 638 735 Εὑρίπου
669 658 1055 733 στρατεύματι,
1085 659 1176 714 καὶ
1244 658 1506 736 φρούριον
1540 659 1643 732 ὁρᾷ
1681 655 1923 733 δομηθὶν

268 749 347 804 ἐπ’
378 748 526 821 αύτῷ
558 770 621 826 γε
666 746 732 818 δὴ
775 752 853 819 τῷ
911 750 1147 822 πορθμῷ
1197 747 1288 801 καὶ
1346 749 1595 821 στρατιὰν
1639 746 1924 816 ἱζάνουσαν

267 833 475 891 ἔνδοθεν
509 836 645 910 πρὸς
676 836 739 890 τὸ
770 834 1035 910 ἄνάῤῥουν
1097 830 1594 890 ἀναστοιϐάσουσαν
1655 833 1924 906 δήπουθεν

267 924 331 979 τά
359 928 467 979 τῶν
513 918 764 980 Εὖϐοέων
820 922 1168 999 ἀγχίστροφα
1225 918 1515 978 διαϐούλια
1566 923 1657 978 καὶ
1706 924 1770 979 τὸ
1823 930 1924 992 τῆς

269 1012 499 1088 γνώμης
530 1006 885 1085 παλίμϐολον
918 1010 1347 1086 ἐπισχήσουσαν.
1409 1010 1588 1068 Ἀλλά
1644 1012 1726 1074 τίς
1788 1033 1927 1087 προ-

271 1100 450 1180 φθάνει
485 1122 590 1173 μου
620 1105 727 1154 τῶν
761 1099 946 1174 λόγων
975 1101 1038 1154 τὸ
1090 1095 1389 1176 βάρϐαρον,
1431 1100 1520 1156 καὶ
1574 1105 1671 1156 τοῦ
1726 1106 1929 1175 πτεροῦ

271 1194 367 1259 τῆς
398 1189 640 1263 ἱστορίας
671 1190 1132 1264 ταχυπετέστερον
1191 1189 1430 1265 φέρεται,
1488 1190 1579 1245 καὶ
1647 1187 1775 1245 οὐδὲ
1831 1211 1925 1245 ποι

273 1280 345 1341 ὡς
385 1278 625 1348 ἀντίξουν
691 1275 967 1353 ἒπέχεται.
1024 1280 1087 1335 Ἡ
1149 1279 1242 1352 μὲν
1294 1279 1397 1355 γάρ
1451 1275 1531 1334 ἔτι
1586 1284 1925 1353 προνομεῦον

272 1367 402 1423 αὐτὸ
452 1368 548 1430 τὰς
604 1362 788 1437 Θήϐας
850 1367 937 1420 καὶ
1002 1368 1360 1442 χειρούμενον
1434 1369 1685 1439 Ἀθήνας,
1724 1374 1826 1438 τῆς
1883 1365 1929 1423 δ’

271 1450 513 1520 Εὖϐοίας
542 1450 820 1510 ἐπιϐαῖνον
855 1453 1093 1526 διέξεισι·
1126 1457 1188 1511 τὸ
1249 1454 1327 1526 δὶ,
1356 1456 1431 1520 ὡς
1485 1458 1561 1529 μὴ
1615 1458 1928 1533 πεζαίτερον

273 1546 354 1616 ὃν,
386 1542 532 1601 ἀλλά
570 1546 775 1615 πτηνὸν
817 1545 907 1598 καὶ
963 1544 1167 1618 ἀέριον,
1223 1544 1493 1616 ὑπερπτάν
1534 1547 1636 1616 τήν
1686 1547 1927 1623 ἱστορίαν

273 1640 449 1716 χωρεῖ
486 1635 622 1709 πρὸς
654 1635 892 1708 Ἰσθμὸν,
921 1638 1223 1710 τροποῦται
1252 1636 1316 1690 τὸ
1363 1636 1472 1709 πρὸ
1503 1637 1726 1709 Ἰσθμοῦ
1758 1656 1925 1713 προσ⁸

274 1723 489 1800 εδρεῦον
519 1722 852 1797 Ῥωμαϊκὸν,
920 1719 1164 1797 πρόεισιν
1232 1725 1309 1785 εἰς
1340 1724 1504 1779 πόλιν
1543 1726 1679 1799 πρὸς
1727 1727 1929 1800 Ἰσθμῷ

273 1814 525 1887 κειμένην
565 1812 657 1868 καὶ
687 1812 858 1868 πάλαι
924 1813 1137 1889 ἂφνειὸν
1195 1816 1293 1882 τήν
1348 1813 1625 1889 Κόρινθον,
1670 1816 1928 1888 μεθίστα-

274 1924 359 1958 ται
421 1903 561 1978 πρὸς
615 1904 835 1977 Ἄργος,
888 1904 1309 1976 περιπαπταίνει
1361 1905 1486 1966 τοὺς
1542 1904 1825 1977 Λάκωνας,
1879 1905 1932 1968 ἐς

276 1990 503 2067 Ἀχαίαν
557 1987 701 2047 ἔνθεν
776 1986 1142 2067 προσϐάλλει,
1202 1992 1264 2048 ἐκ
1317 1994 1477 2049 τοῦδε
1536 1996 1634 2064 τὴν
1673 1995 1931 2067 Μεθώνην

281 2078 607 2157 μετέρχεται
637 2081 727 2136 καὶ
780 2081 927 2156 ὁρμᾷ
985 2082 1121 2157 πρὸς
1151 2079 1328 2137 Πύλον
1399 2084 1498 2151 τὴν
1554 2081 1784 2155 πατρίδα
1830 2083 1935 2141 Νέ-

282 2191 495 2245 στορος,
539 2171 698 2243 οἶμαι
734 2169 780 2224 δ’
838 2171 912 2232 ὡς
961 2168 1209 2246 Ἀλφειῷ
1255 2169 1472 2226 ἐπιστάν
1525 2170 1781 2250 ἀφύσεται
1837 2178 1933 2228 τοῦ

281 2260 498 2337 ῥείθρου
531 2261 619 2314 καὶ
648 2258 925 2327 λούσεται,
956 2259 1045 2314 καὶ
1118 2261 1340 2333 μνήμην
1397 2259 1629 2335 λήψεται
1696 2261 1934 2318 παλαιοῦ

280 2349 562 2426 χαρίεντος
606 2345 974 2424 διηγήματος,
1017 2347 1105 2403 καὶ
1176 2350 1347 2423 μαθὸν
1401 2349 1491 2405 τὸν
1551 2354 1796 2425 ποταμὸν
1856 2356 1936 2426 τῷ

277 2446 378 2510 τῆς
419 2439 751 2514 Ἀρεθούσης
787 2439 1167 2515 ὑγραινύμενον
1228 2435 1413 2515 ἔρωτι,
1476 2440 1771 2511 Σικελικῆς
1827 2464 1935 2513 πη-

280 2536 382 2604 γῆς
431 2531 522 2583 καὶ
562 2526 758 2591 παῖδας
809 2527 1033 2585 Ἰταλῶν
1091 2529 1448 2600 ποτιζούσης,
1509 2528 1658 2586 δέδια
1702 2534 1777 2605 μὴ
1844 2532 1936 2587 καὶ

285 2618 414 2672 αὐτὸ
461 2620 786 2688 τυραννῆσαν
840 2620 902 2672 τὸ
968 2615 1115 2692 ὕδωρ
1172 2618 1363 2694 γράψει
1433 2619 1554 2673 καθ’
1610 2620 1786 2695 ὑγρῶν
1845 2620 1935 2675 καὶ

287 2704 355 2761 δι’
387 2704 643 2785 ’Δλιρειοῦ
692 2712 809 2770 τοῖς
856 2705 915 2761 ἐκ
970 2710 1066 2761 τοῦ
1122 2704 1311 2782 γένους
1373 2706 1543 2762 ἐκεῖσε
1589 2705 1939 2786 διασαφήσειε

280 2796 342 2851 τὰ
391 2797 511 2860 καθ’
567 2793 854 2866 Ἑλλήνων
912 2793 1385 2872 ἀνδραγαθήματα.
1439 2796 1624 2869 ’Λλλ’,
1657 2798 1940 2870 ὧἛλλην

279 2886 489 2959 ποταμὲ
520 2883 759 2964 Ἀλφειὶ,
794 2883 967 2959 ῥεῦμα
999 2884 1119 2962 ῥέον
1175 2883 1246 2939 δι’
1301 2884 1488 2957 ἃλμης
1547 2887 1808 2960 πότιμον,
1857 2891 1940 2961 ξε-

281 2974 426 3043 νίζον
460 2971 730 3045 ἄκουσμα,
791 2971 1115 3048 έμπύρευμα
1170 2968 1390 3048 ἔρωτος,
1457 2975 1531 3047 μὴ
1594 2971 1661 3042 δὴ
1692 2976 1758 3029 τὰ
1814 2975 1942 3032 Ἐλ-

282 3061 444 3133 λήνια
498 3059 929 3138 δυσπραίήματα
1013 3067 1131 3125 τοῖς
1213 3065 1268 3116 ἓν
1333 3060 1561 3134 Σικελίᾳ
1635 3058 1940 3141 Βαρϐάροις

281 3149 721 3226 διατρανώσειας,
759 3148 889 3224 μηδ’
943 3146 1179 3207 ἔκπυστα
1236 3153 1385 3223 θείης
1442 3151 1540 3207 ὅσα
1597 3153 1647 3207 οἱ
1705 3152 1763 3208 ἐκ
1796 3158 1941 3232 σφῶν

1961 1862 2011 1928 Β

2034 567 2214 622 citum
2249 567 2581 639 proﬂigant,
2615 567 2817 624 urbem
2852 568 2908 622 in
2970 570 3193 625 Isthmo
3226 570 3398 624 sitam
3435 566 3686 641 locuple-

2033 659 2150 712 tem
2182 657 2320 712 olim
2353 656 2690 712 Corinthum
2737 658 2979 712 intrant.
3040 657 3205 713 Unde
3261 660 3442 727 Argos
3501 664 3686 713 trans.

2033 750 2212 811 eunt;
2245 746 2552 801 Laconiam
2616 748 2913 818 pervagati
2969 746 3258 818 impetum
3317 748 3373 801 in
3407 748 3685 802 Achaiam

2034 835 2277 890 faciunt.
2310 836 2450 891 Inde
2483 837 2811 891 Methonem
2844 840 3052 908 petunt
3082 856 3097 905 ;
3132 840 3201 891 ad
3236 837 3440 906 Pylum
3484 837 3688 893 Neam—-

2036 924 2117 979 ris
2140 924 2388 995 patriam
2420 924 2802 979 contendunt.
2830 924 2921 979 Ad
2944 924 3233 996 Alpheum
3262 927 3441 980 etiam
3494 942 3688 982 acces-

2037 1032 2209 1070 suros
2241 1014 2514 1081 arbitror,
2575 1031 2645 1070 ex
2704 1029 2890 1085 eoque
2946 1018 3111 1085 potos
3160 1023 3211 1069 et
3258 1014 3405 1070 lotos
3439 1021 3691 1071 veterem

2032 1104 2359 1174 jucundam
2392 1102 2650 1159 fabulam
2685 1103 3266 1173 audituros,ﬂuvium
3291 1118 3423 1159 eum
3450 1104 3691 1160 Aretho-

2038 1209 2113 1248 εει»
2138 1193 2320 1247 fontis
2339 1192 2541 1260 Siculi,
2573 1208 2748 1263 quem
2772 1190 3052 1247 Italorum
3077 1191 3182 1247 filii
3231 1192 3462 1248 bibunt.
3495 1210 3693 1250 amore

2035 1282 2451 1353 liquescentem
2476 1282 2658 1337 vereri
2681 1297 2750 1336 ne
2770 1297 2889 1336 suae
2924 1297 3087 1353 aquae
3130 1297 3442 1338 successus
3464 1282 3692 1339 Latino-

2038 1387 2169 1426 rum
2202 1375 2259 1425 et
2288 1386 2382 1427 res
2439 1386 2589 1441 quas
2648 1374 2854 1424 contra
2901 1369 3131 1425 Graecos
3162 1370 3453 1441 gesserint
3485 1371 3690 1427 inscri-

2036 1466 2167 1532 ptas
2196 1458 2270 1515 ad
2301 1459 2613 1530 populares
2639 1474 2840 1514 eorum
2858 1459 3112 1529 perferre
3154 1464 3419 1529 cogatur.
3450 1459 3690 1529 Verum,

2037 1565 2070 1604 ο
2092 1548 2285 1603 Graece
2308 1546 2481 1603 ﬂuvie
2504 1546 2747 1616 Aiphee,
2766 1545 2919 1601 latex
2940 1563 3043 1617 par
3065 1545 3425 1617 salsuginem
3447 1563 3695 1605 manans

2039 1637 2333 1706 potabilis,
2366 1653 2458 1692 res
2485 1635 2631 1691 807
2660 1636 2868 1691 auditu
2896 1636 3068 1704 mira,
3100 1636 3317 1691 amoris
3338 1636 3695 1705 incendium,

2042 1730 2522 1782 caveGrscorum
2545 1724 2910 1782 calamitates
2939 1725 3150 1781 Siculis
3197 1725 3466 1781 barbaris
3514 1726 3696 1796 eXpli-

2037 1821 2265 1886 ces,aut
2293 1830 2717 1871 commemores
2744 1822 2994 1884 quantas
3016 1830 3108 1870 res
3138 1814 3448 1886 populares
3493 1830 3696 1871 ecrum

2043 1912 2242 1961 contra
2267 1905 2496 1961 Graecos
2520 1904 2831 1976 gesserint,
2875 1920 2946 1958 ne
2995 1904 3216 1959 choreae
3267 1904 3583 1971 ducantur,
3624 1920 3698 1960 ne

2044 2011 2273 2067 pisanes
2297 2000 2706 2059 cantentur,ne
2728 1992 2927 2065 plures
2944 1992 3137 2049 hostes
3152 1992 3699 2064 appellant,Paulis-

2045 2101 2148 2157 per
2162 2089 2452 2156 exspecta.
2477 2082 2669 2138 Multae
2692 2086 2829 2138 sunt
2851 2081 2985 2137 belli
3016 2082 3168 2137 vices
3196 2101 3213 2151 ;
3256 2087 3489 2136 tesserae
3512 2084 3700 2138 instar

2044 2176 2361 2231 volvuntur
2393 2192 2485 2230 res
2509 2172 3041 2230 mortalium.Nunc
3071 2171 3188 2240 his,
3229 2170 3520 2227 nuncillis
3552 2173 3703 2228 favet

2045 2263 2284 2320 victoria
2314 2282 2329 2332 ;
2369 2279 2439 2318 ne
2462 2262 2792 2317 Alexandro
2825 2261 3066 2332 quidem
3110 2261 3307 2316 ferunt
3343 2259 3545 2315 omnia
3574 2275 3705 2316 suc—

2045 2354 2295 2409 cessisse
2324 2370 2396 2409 ex
2425 2353 2742 2419 sententia,
2808 2367 2914 2409 nec
2967 2350 3212 2407 Caesaris
3253 2350 3488 2408 fortuna
3516 2351 3704 2408 caruit

2044 2443 2495 2499 otYensionibus.
2532 2446 2642 2498 Per
2680 2443 2872 2513 ipsam
2905 2440 3257 2497 Arethusam
3316 2446 3372 2497 te
3420 2441 3700 2509 obtestor,

2048 2549 2149 2604 per
2168 2533 2484 2587 amicitiam
2518 2548 2553 2586 a
2585 2531 2873 2586 salsedine
2895 2530 3196 2597 intactam,
3230 2546 3333 2602 per
3351 2531 3703 2587 amatorium

2045 2622 2300 2678 laticem.
2332 2622 2441 2677 Sed
2472 2627 2536 2676 ut
2570 2624 2639 2676 ad
2671 2620 3012 2675 institutum
3060 2622 3317 2686 redeam,
3360 2624 3579 2675 Scurus
3611 2621 3704 2676 his

2047 2711 2314 2766 cladibus
2347 2711 2586 2775 fractus,
2613 2725 2750 2765 cum
2780 2713 2964 2781 Argos
3000 2714 3058 2765 et
3090 2709 3344 2763 ﬁnitima
3365 2710 3580 2781 oppida
3607 2725 3702 2766 oc-

2048 2809 2258 2870 cupata
2315 2816 2445 2856 esse
2499 2804 2787 2866 cerneret,
2844 2799 2903 2853 in
2935 2798 3350 2854 Acrocorintho
3384 2805 3447 2853 ut
3478 2797 3706 2855 hirsuta

2050 2892 2235 2947 bestia
2259 2894 2317 2946 in
2357 2897 2526 2948 antro
2565 2897 2668 2948 aut
2707 2900 2767 2947 ut
2797 2892 2975 2948 draco
3007 2891 3065 2946 in
3096 2890 3375 2961 spelunca
3404 2907 3467 2947 se
3497 2891 3655 2947 abdit
3689 2909 3705 2963 ;

2050 2997 2178 3051 quae
2199 2981 2412 3036 veteris
2432 2979 2696 3036 Corinthi
2757 2996 2861 3035 arx
2881 2984 2990 3047 est,
3024 2980 3083 3034 in
3137 2979 3319 3036 arduo
3342 2985 3538 3036 monte
3570 2983 3705 3049 sita,

2054 3070 2171 3124 fere
2201 3070 2695 3141 inexpugnabilis.
2729 3070 2915 3133 Quare
2943 3069 3199 3125 marchio
3248 3068 3383 3125 inde
3410 3069 3703 3143 repulsus,

2053 3175 2187 3214 cum
2210 3158 2525 3231 Nauplium
2558 3176 2793 3232 quoque
2816 3159 2971 3214 haud
2998 3158 3163 3214 facile
3183 3159 3510 3231 expugnari
3535 3176 3703 3232 posse

280 3240 787 3316 ἐπιστρατεύσαντες
846 3238 1084 3311 Ἕλλησι
1157 3242 1275 3296 καθ’
1352 3240 1642 3311 Ἑλλήνων
1733 3242 1931 3319 ἐμεγα-

2049 3253 2315 3304 cerneret
2342 3248 2415 3303 ob
2447 3247 2826 3304 castellorum
2859 3247 3271 3316 munitionem,
3324 3255 3381 3303 et
3432 3249 3704 3304 defenso-

280 3330 728 3404 λούργησαν,’ίνα
760 3332 835 3403 μή
884 3330 1045 3405 χοροὶ
1108 3336 1275 3385 στῶσι
1333 3330 1422 3385 καὶ
1477 3336 1699 3394 παιᾶνες
1734 3333 1938 3403 ᾇσθῶσι

279 3422 366 3476 καὶ
399 3419 624 3480 πλείους
663 3421 967 3493 κατάρωσιν
1030 3420 1081 3474 οἱ
1141 3417 1413 3499 διάφοροι.
1478 3421 1662 3496 Βραχύ
1709 3443 1763 3477 τι
1820 3423 1939 3477 ἐπί-

284 3528 483 3583 μεινον·
542 3506 1005 3583 ἀλλοπρόσαλλος
1063 3510 1097 3578 ἡ
1175 3512 1354 3584 μάχη,
1415 3511 1678 3566 πεττευτᾶ
1730 3512 1797 3567 τὰ
1848 3512 1940 3566 ἀν-

2048 3353 2113 3390 ru
2125 3354 2179 3390 m
2199 3337 2616 3405 constantiam,
2640 3335 3002 3392 obsidionem
3030 3336 3337 3407 utriusque
3358 3336 3470 3392 loci
3494 3338 3706 3392 ducere

2049 3425 2307 3480 instituit
2348 3428 2454 3492 ;et
2513 3442 2583 3481 ex
2641 3427 2885 3481 adverso
2945 3425 3350 3480 Acrocorinthi
3407 3428 3709 3483 castellum

2049 3514 2316 3579 aediﬁcat,
2351 3514 2470 3569 hua
2502 3514 2753 3569 maxime
2787 3514 3116 3585 Oppugnari
3182 3530 3351 3583 posse
3379 3514 3706 3585 videbatur_

284 3599 551 3672 θρώπινα,
584 3597 672 3651 καὶ
700 3596 822 3668 νίκη
886 3593 1234 3671 ἐπαμείϐεται
1290 3597 1503 3673 ἄνδρας.
1561 3597 1692 3656 Οὐδ’
1748 3597 2088 3676 Ἀλεξάνδρῳ
2128 3601 2254 3678 φασὶ
2320 3600 2385 3654 τὰ
2442 3598 2529 3655 ἐπὶ
2596 3605 2756 3655 πᾶσιν
2793 3600 3141 3675 ἀπρόσκοπα,
3188 3596 3301 3653 οὐδ’
3357 3596 3709 3661 ἀδιάπτωτος

294 3690 375 3761 [Ρ.
413 3688 539 3758 394]
572 3687 606 3753 ἡ
639 3686 784 3760 τύχη
812 3686 1062 3760 παράπαν
1094 3692 1192 3741 τοῦ
1223 3687 1509 3762 Καίσαρος.
1555 3688 1653 3742 Ναὶ
1684 3690 1821 3764 πρὸς
1851 3690 2019 3758 αὐτῆς
2048 3692 2147 3757 τῆς
2176 3688 2502 3763 Ἀρεθούσης
2532 3691 2638 3743 τῶν
2698 3688 2981 3761 ἀνεπάφων
3014 3688 3202 3759 ἅλμης
3251 3685 3564 3762 φιλοτητων
3607 3688 3699 3741 καὶ

283 3780 383 3831 τοῦ
414 3771 740 3847 ἐρωτὸεντος
768 3776 1030 3848 νάματος.
1057 3775 1214 3833 Ἀλλ’
1248 3778 1375 3833 εἶεν.
1406 3779 1468 3835 Ὀ
1510 3775 1567 3832 δὶ
1604 3777 1671 3845 δὴ
1700 3779 1938 3855 Σγουρὸς
1973 3778 2061 3832 ἐπὶ
2092 3779 2307 3841 τούτοις
2334 3778 2661 3850 ἠπορηκὼς,
2692 3776 2781 3831 καὶ
2811 3779 2874 3831 τὸ
2903 3779 3111 3851 ’Ἄργος
3143 3777 3286 3849 ὁρῶν
3316 3775 3582 3849 ἐχόμενον
3608 3778 3702 3831 καὶ

288 3866 384 3926 τὰς
425 3861 764 3931 περιοικίδας
796 3865 988 3926 πόλεις
1022 3864 1460 3939 συνελημμένας,
1495 3868 1570 3928 ὼς
1604 3866 1655 3928 ές
1696 3870 1886 3943 ἄντρον
1928 3865 2123 3928 λάσιος
2165 3868 2270 3940 θὴρ
2310 3866 2345 3934 ἢ
2381 3866 2455 3929 ὡς
2485 3862 2609 3942 ὄφις
2636 3866 2907 3936 ὲρπυστὴς
2940 3864 3016 3926 εἰς
3051 3864 3207 3938 χειάν
3232 3869 3585 3938 συσπειρᾶται
3614 3863 3705 3919 τὸν

283 3954 731 4030 Ἀκροκόρινθον·
768 3954 796 4008 6
823 3951 881 4009 δέ
907 3955 1046 4010 ἐστιν
1088 3958 1123 4025 ἡ
1154 3962 1254 4025 τῆς
1280 3954 1451 4010 πόίλαι
1484 3955 1699 4018 πόλεως
1724 3957 1989 4031 Κορίνθου
2018 3953 2347 4030 ἀκρόπολις,
2381 3954 2460 4007 ἐπ’
2493 3955 2752 4015 ἀνάντους
2783 3953 2943 4027 ὅρους
2985 3952 3209 4025 κειμένη
3254 3953 3342 4007 καὶ
3377 3950 3698 4016 δυσάλωτος

290 4048 408 4105 τοῖς
438 4037 910 4118 προσϐάλλουσιν.
941 4046 1367 4119 Ἀποκρουσθεὶς
1397 4045 1578 4100 τοίνυν
1609 4050 1706 4100 τοῦ
1748 4046 2170 4120 Ἀκροκορίνθου
2204 4041 2517 4119 μαρκέσιος,
2548 4042 2693 4099 ἀλλά
2726 4039 2866 4115 μηδὲ
2894 4043 2994 4111 τὴν
3026 4041 3103 4103 εἷς
3151 4042 3213 4095 τὸ
3265 4040 3550 4101 Ναύπλιον
3582 4043 3697 4097 πά-

284 4131 446 4207 ροδον
480 4129 670 4207 ῥᾳδίαν
700 4133 969 4206 θεώμενος
1001 4131 1089 4187 διὰ
1117 4135 1217 4203 τὴν
1256 4138 1364 4188 τῶν
1396 4135 1679 4208 ἐρυμάτων
1711 4134 2019 4211 ἐχυρότητα
2049 4133 2138 4188 καὶ
2168 4134 2267 4202 τὴν
2297 4138 2406 4187 τῶν
2436 4130 2886 4207 ἀπομαχομένων
2917 4130 3279 4205 ἰσχυρὸτητα,
3309 4126 3697 4211 χρονοτριϐεῖν

283 4222 367 4297 ἐφ’
400 4222 676 4297 ἑκατέροις
708 4223 1054 4298 προτίθησιν,
1086 4224 1137 4286 ἐς
1168 4221 1225 4279 δὲ
1255 4225 1348 4280 τὸν
1394 4225 1813 4300 Ἀκροκόρινθον
1855 4224 1943 4280 καὶ
1974 4224 2234 4303 φρούριον
2263 4222 2539 4279 ἀντίθετον
2573 4222 2875 4293 ἀνίστησιν,
2976 4220 3215 4294 μάλιστα
3256 4224 3284 4278 6
3333 4227 3520 4298 χῶρος
3578 4221 3699 4276 ἐπί-

286 4332 470 4389 μαχος
501 4312 868 4389 κατεφαίνετο.

359 4402 408 4457 ι’.
487 4402 589 4457 Ἦν
647 4400 706 4456 ἄν
767 4401 860 4456 οὖν
912 4406 1023 4456 τῶν
1077 4403 1371 4476 Ῥωμαίων
1452 4404 1677 4460 Ἀσιανά
1732 4424 1791 4458 τε
1846 4404 1936 4458 καὶ

283 4492 506 4564 ἑσπέρια
536 4490 658 4564 ’ὀρια
692 4487 832 4563 μηδὲ
860 4491 1071 4546 τελείου
1108 4484 1261 4554 ἔτους
1324 4491 1766 4567 παριππευκότος
1816 4498 1936 4554 τοῖς

285 4585 596 4642 Αατινικοῖς
647 4580 951 4654 ἀπαξάπασι
1008 4583 1186 4655 γένεσι
1269 4579 1662 4657 δουλοπρεπῶς
1741 4582 1935 4637 ὑποκύ·

283 4673 461 4742 ψαντα
494 4665 621 4738 (ἤδη
654 4671 758 4744 γὰρ
791 4670 880 4724 καὶ
921 4671 948 4724 6
991 4670 1066 4730 εἰς
1098 4669 1328 4745 βασιλέα
1386 4670 1631 4747 χρισθεῖς
1666 4669 1940 4728 Βαλδουῖ-

282 4777 374 4819 νος
414 4757 551 4811 κατά
604 4756 832 4819 Νικαίας
892 4758 982 4813 καὶ
1034 4757 1285 4833 Προύσὴς
1338 4760 1401 4815 τὸ
1461 4756 1589 4833 δόρυ
1633 4756 1945 4837 διαγκοινή-

285 4849 482 4901 σασθαι
508 4844 818 4919 προύθετο),
851 4847 897 4902 εί
931 4849 1008 4920 μὴ
1048 4869 1107 4921 γε
1147 4849 1176 4903 6
1234 4848 1436 4923 βουλάς
1479 4849 1682 4913 ἀθετῶν
1718 4850 1945 4924 Κύριος,

285 4936 377 4991 καὶ
476 4933 876 5008 διασκορπίζων
967 4931 1089 5007 ἔθνη
1192 4937 1259 4993 τὰ
1341 4936 1468 4999 τοὺς
1528 4937 1811 5012 πολέμους
1865 4939 1946 4998 θέ-

284 5024 479 5090 λοντα,
542 5018 809 5079 ὑπέλαϐεν
862 5026 1010 5096 ἡμᾶς
1069 5025 1144 5088 εἷς
1228 5024 1387 5090 τέλος
1441 5025 1826 5090 ἐκλείποντας.
1884 5028 1947 5085 Ὀ

285 5114 394 5190 γάρ
438 5111 504 5181 δὴ
539 5113 707 5189 φυγὰς
753 5112 1008 5188 βασιλεὺς
1039 5116 1116 5179 εἷς
1145 5114 1268 5188 ὄψιν
1327 5121 1407 5188 τῷ
1467 5116 1741 5191 μαρκεσίῳ
1771 5116 1944 5182 ἐλθὼν

284 5202 457 5277 ἃρτου
518 5207 790 5278 μετρητοῦ
838 5204 927 5258 καὶ
988 5205 1227 5275 κοτύλης
1301 5207 1640 5281 κεράσματος
1696 5208 1763 5262 τὰ
1846 5214 1946 5276 τῆς

290 5290 575 5368 βασιλείας
616 5290 1041 5348 ἀνταλλάττεται
1072 5289 1346 5366 σύμϐολα,
1377 5295 1464 5349 καὶ
1527 5294 1601 5355 εἰς
1631 5300 1818 5369 χῶρον
1876 5299 1946 5368 τῇ

283 5382 438 5455 τύχη
507 5381 828 5459 φερώνυμον
889 5380 1186 5455 (Ἃλμυρὸς
1252 5383 1280 5436 6
1338 5387 1524 5459 χῶρος
1571 5381 1947 5457 κικλήσκεται)

289 5470 389 5532 τας
450 5465 729 5545 διατριϐὰς
783 5469 1021 5525 τελέσων
1091 5469 1422 5545 ἐκπέμπεται
1481 5470 1573 5525 σὺν
1630 5471 1948 5551 Εύιρροσύνῃ

286 5563 362 5631 τῇ
408 5556 734 5631 ὁμευνέτιδι.
767 5561 835 5616 Οἱ
898 5563 975 5631 τῷ
1007 5560 1228 5633 βασιλεῖ
1282 5559 1463 5615 τοίνυν
1522 5559 1948 5636 συναποδράντες

290 5645 570 5719 Ῥωμαῖοι
612 5649 768 5721 (ἦσαν
802 5645 859 5702 δὲ
904 5651 1113 5703 τούτων
1172 5649 1225 5703 οὶ
1282 5648 1510 5711 πλείους
1567 5647 1833 5723 ἐπίσημοι
1884 5654 1949 5707 τὸ

291 5738 449 5809 γένος
479 5736 564 5791 καί
598 5735 695 5792 ούκ
728 5733 909 5806 ἄδοξοι
940 5737 1004 5791 τὰ
1034 5736 1168 5811 πρὸς
1225 5737 1497 5813 πόλεμον,
1528 5736 1619 5791 καὶ
1685 5738 1950 5815 πατρίδας

2118 4404 2271 4461 808
2307 4406 2391 4459 18.
2426 4407 2513 4460 Ita
2565 4405 2960 4460 Romanorum
3014 4402 3216 4457 Asiani
3266 4410 3322 4458 et
3371 4403 3706 4459 Occidenta-

2047 4494 2130 4549 les
2164 4495 2309 4549 ﬂoes
2337 4509 2564 4561 omnes,
2597 4494 2856 4549 nondum
2883 4494 3111 4562 integro
3153 4507 3305 4546 anno
3352 4493 3576 4561 elapso,
3607 4495 3709 4545 La-

2052 4586 2309 4638 tinarum
2343 4584 2606 4653 gentium
2637 4582 2820 4637 armis
2870 4580 3155 4635 serviliter
3214 4579 3531 4634 cessissent
3562 4577 3705 4647 (jam

2052 4673 2206 4727 enim
2230 4672 2572 4741 designatus
2597 4671 2914 4742 imperator
2932 4666 3254 4724 Bulduinus
3268 4669 3442 4722 etiam
3459 4666 3707 4721 Nicaeam

2054 4767 2111 4816 et
2150 4761 2394 4815 Prusam
2426 4774 2758 4828 Oppugnare
2816 4756 3192 4826 instituerat),
3228 4756 3339 4810 nisi
3399 4754 3708 4823 Dominus,

2056 4848 2155 4920 qui
2181 4848 2427 4904 consilia
2486 4848 2651 4902 irrita
2707 4850 2842 4902 facit
2898 4853 2956 4901 et
2984 4854 3184 4916 gentes
3217 4844 3350 4901 belli
3409 4844 3708 4899 studiosae

2055 4936 2325 5009 dissipat,
2358 4934 2541 4991 nostri
2572 4936 2972 4991 delensionem
2999 4936 3122 5003 jam
3157 4951 3396 5006 prorsus
3434 4933 3707 4990 deficien-

2056 5027 2198 5081 tium
2225 5026 2758 5096 suscepisset.Nam
2792 5027 3074 5097 profugus
3098 5026 3416 5096 imperator
3446 5025 3520 5083 ad
3551 5042 3708 5081 mar-

2055 5114 2323 5170 chionem
2350 5113 2642 5184 profectus
2674 5113 2841 5185 panis
2880 5123 2932 5169 et
2991 5116 3109 5170 vini
3152 5115 3429 5171 demenso
3478 5115 3708 5184 imperii

2058 5202 2311 5273 insignia
2337 5208 2683 5267 commutat,
2739 5218 2873 5257 cum
2936 5204 3319 5275 Euphrosyna
3370 5205 3616 5274 conjuge
3651 5205 3709 5258 in

2056 5293 2251 5348 locum
2280 5293 2518 5347 nomine
2551 5291 2891 5363 Halmyrum
2923 5293 3056 5359 (hoc
3102 5299 3190 5348 est
3244 5292 3712 5364 salsuginosum)

2058 5385 2297 5437 tortuose
2355 5395 2475 5434 suis
2534 5379 2981 5451 respondentem
3066 5380 3397 5438 habitatum
3468 5380 3708 5436 missus.

2058 5470 2296 5529 Romnni
2329 5476 2522 5525 autem
2583 5471 2682 5543 qui
2740 5487 2870 5527 cum
2934 5473 3286 5543 imperatore
3334 5472 3710 5542 aufugerant,

2057 5574 2305 5633 quorum
2358 5558 2622 5631 plerique
2671 5559 2914 5623 nobiles,
2973 5559 3124 5614 bello
3198 5576 3312 5614 non
3372 5559 3604 5616 obscuri
3654 5564 3714 5614 et

2058 5646 2325 5708 Thraciis
2358 5647 2602 5720 urhibus
2633 5648 2748 5703 orti
2781 5656 3109 5718 erant,cum
3133 5649 3474 5704 marchione
3508 5649 3714 5717 degere

2056 5742 2225 5812 eique
2260 5751 2361 5808 pro
2390 5735 2540 5794 virili
2590 5752 2827 5809 operam
2884 5752 3094 5794 navare
3145 5736 3476 5793 voluerunt.
3522 5735 3609 5792 Ab
3645 5748 3711 5790 eo
