4120 6284
262 334 384 398 999

1552 329 1857 390 NICliT/E
1911 329 2341 391 CHONlAT/E

3527 335 3682 396 1000
3707 385 3710 388 .

264 485 398 528 vero
421 468 651 525 dimissi
673 468 943 538 (negabat
963 466 1116 522 enim
1138 465 1253 524 sibi
1301 464 1584 522 Romanis
1627 463 1908 520 militibus

2025 463 2121 528 τὰς
2150 464 2202 520 ἐν
2230 464 2410 540 Θρᾴκῃ
2457 463 2650 530 πόλεις
2679 467 3003 542 αὐχοῦντες)
3035 463 3234 537 ἢθελὸν
3301 471 3533 522 συνεῖναι
3586 468 3680 523 καὶ

266 576 392 616 esse
408 562 600 630 opus),
625 558 820 613 eadem
846 557 1001 612 dere
1025 555 1158 612 Bald
1171 557 1307 612 uino
1325 556 1400 611 im
1413 555 1659 624 peratori
1686 551 1914 624 suppli-

267 655 497 705 carunt.
531 648 614 704 Ibi
646 663 874 720 quoque
905 647 1190 716 repulsam
1220 661 1353 699 cum
1387 643 1680 707 tulissent,
1715 643 1784 697 ad
1814 641 1915 697 Jo-

269 757 481 797 annem
510 755 570 794 se
602 739 924 803 conferunt,
955 735 1058 807 qui
1087 735 1146 790 in
1179 742 1376 790 monte
1409 734 1605 790 Haemo
1651 737 1826 789 natus
1857 735 1916 786 et

264 831 546 886 educatus
588 827 706 882 fere
760 841 994 882 omnem
1053 824 1375 880 Romanam
1434 825 1738 891 ditionem,
1796 836 1916 892 qua

265 919 638 974 Occidentem
695 918 938 987 spectat,
999 912 1164 970 hellis
1213 914 1477 969 vastabat
1544 917 1604 969 et
1659 912 1912 982 delebat,

263 1007 554 1079 Scythicis
575 1006 1015 1062 incursionibus
1035 1005 1358 1064 desolabat,
1391 1007 1448 1058 et
1472 1003 1782 1074 multiplici
1818 1020 1912 1058 ve-

264 1099 491 1155 xatione
521 1095 886 1152 conterebat.
920 1097 976 1150 le
1006 1093 1145 1166 quia
1205 1094 1356 1150 809
1393 1096 1728 1149 Latinorum
1763 1094 1914 1148 fero-

266 1189 418 1245 ciam
452 1190 785 1258 suspectam
813 1183 1060 1240 habebat
1077 1199 1399 1254 eorumque
1421 1183 1649 1236 hastam
1667 1187 1727 1235 ut
1743 1180 1913 1235 ﬂam-

269 1293 455 1332 meam
489 1274 846 1346 romphaiam
881 1271 1319 1336 ret'ormidabal,
1353 1270 1602 1325 libenter
1644 1285 1744 1325 eos
1775 1285 1908 1324 sus-

264 1366 434 1438 cepit.
467 1366 590 1431 Qua
616 1360 1342 1431 decausacumlegatosde
1373 1357 1626 1415 amicitia
1659 1359 1912 1414 ineunda

261 1457 333 1513 ad
368 1455 600 1510 Latinos
631 1453 912 1519 misisset,
975 1466 1076 1522 per
1129 1449 1346 1505 litteras
1402 1465 1538 1503 cum
1587 1447 1668 1503 eis
1698 1463 1812 1502 non
1845 1452 1912 1502 ut

263 1563 365 1604 rex
395 1562 527 1602 cum
559 1543 785 1610 amicis,
821 1541 920 1598 sed
979 1545 1043 1595 ut
1093 1556 1296 1595 servus
1341 1555 1472 1594 cum
1515 1535 1768 1592 dominis
1799 1534 1914 1592 col-

262 1635 794 1708 loquijubebatur:
847 1629 1064 1702 alioqui
1115 1645 1177 1685 se
1237 1644 1400 1684 arma
1447 1626 1532 1681 illi
1564 1625 1826 1682 illaturos
1853 1629 1912 1681 et

260 1725 508 1798 Mysiam
540 1723 706 1778 facile
735 1725 1081 1786 vastaturos,
1109 1734 1285 1790 quam
1318 1722 1522 1772 contra
1560 1715 1818 1771 officium
1853 1717 1912 1770 ct

262 1833 366 1888 per
385 1813 730 1869 seditionem
763 1813 972 1882 spretis
1006 1809 1285 1865 Romanis
1344 1812 1709 1877 occupasset,
1741 1821 1909 1860 eum-

264 1921 378 1978 que
415 1904 484 1958 ad
530 1901 834 1974 pristinam
895 1901 1182 1955 fortunam
1243 1898 1602 1953 redacturos.
1662 1896 1910 1950 Proinde

264 1994 557 2050 Romanus
579 1993 647 2046 ad
669 2007 730 2047 se
759 1989 1036 2062 profugos
1060 1988 1318 2043 Joannes
1339 1987 1396 2041 in
1435 1985 1674 2056 patriam
1705 2001 1908 2056 quem-

261 2099 371 2157 que
389 2097 552 2140 suam
572 2079 933 2149 abirejubet,
966 2090 1022 2133 et
1043 2076 1268 2132 callidis
1306 2074 1781 2148 eggressionibus
1803 2077 1908 2129 La-

260 2173 404 2230 tinis
436 2185 641 2227 nocere
675 2173 964 2242 quantum
998 2167 1449 2239 possint,donec
1497 2166 1622 2236 ipse
1662 2165 1911 2219 fortunis

259 2262 496 2318 illorum
521 2261 814 2315 consulat.
850 2257 1032 2328 Igitur
1059 2255 1133 2312 ad
1154 2271 1258 2310 sua
1283 2257 1492 2310 reversi
1527 2254 1908 2309 Macedonum

260 2356 316 2409 et
345 2351 636 2406 Thracum
669 2348 869 2413 urbes,
899 2346 1132 2402 Blachis
1185 2344 1611 2415 adjutantibus,
1645 2344 1716 2398 ad
1747 2343 1908 2398 defe-

262 2440 516 2498 ctionem
549 2435 879 2508 impellunt.
913 2434 1078 2492 Unde
1108 2433 1343 2505 plurimi
1379 2432 1746 2500 Latinorum,
1775 2431 1906 2503 qui-

261 2528 373 2584 bus
391 2544 468 2584 θαι
487 2527 661 2581 urbes
684 2525 1421 2594 obvenerant,jngulantur,
1441 2522 1534 2576 alii
1569 2522 1906 2594 Byzantium

260 2623 518 2674 extorres
535 2617 800 2671 redeunt.
835 2614 1193 2670 Occiduntur
1215 2617 1272 2668 et
1320 2614 1358 2666 ii
1391 2613 1488 2683 qui
1520 2610 1908 2682 Didymotichi

255 2713 458 2765 erant:
488 2717 541 2763 et
575 2707 674 2779 qui
705 2705 1068 2762 Orestiadem
1097 2705 1390 2772 tenebant,
1455 2703 1786 2773 ejiciuntur.
1848 2701 1909 2756 Id

255 2799 485 2854 facinus
505 2797 792 2852 Orientem
816 2795 1158 2850 Latinorum
1184 2793 1336 2849 bello
1388 2798 1590 2864 praeter
1621 2795 1913 2862 exspecta-

255 2888 473 2943 tionem
505 2885 734 2954 liherat,
775 2885 846 2939 ad
899 2882 1266 2938 Occidentem
1306 2882 1718 2947 redeuntium;
1752 2879 1910 2935 810

257 2985 429 3033 eteos
457 2975 634 3031 etiam
670 2974 767 3044 qui
794 2972 1071 3028 Greciam
1122 2976 1180 3026 et
1235 2970 1694 3041 Peloponnesqu
1738 2984 1909 3023 occu-

265 3070 491 3139 parant,
524 3079 789 3134 repressa
813 3062 1091 3134 superbia
1113 3059 1282 3132 paulo
1335 3059 1720 3115 modestiores
1749 3057 1908 3113 facit.

267 3159 331 3213 Et
361 3161 427 3212 ut
455 3174 521 3212 ea
551 3171 679 3224 quae
739 3153 873 3208 hinc
926 3151 1259 3207 acciderunt
1309 3152 1512 3206 ordine
1563 3150 1904 3212 referamus,

546 3211 640 3314 qui
673 3242 1108 3311 AdrianOpolim
1137 3245 1194 3296 et
1247 3238 1713 3312 Didymoticbum
1745 3211 1907 3293 tene?
1937 3211 1980 3278 θ·

264 3337 421 3400 bant,
457 3350 570 3388 non
599 3331 790 3404 parvis
812 3331 1155 3386 Blachorum
1177 3329 1312 3384 freti
1338 3327 1570 3382 auxiliis
1593 3327 1673 3382 ibi
1707 3342 1911 3381 mane-

263 3425 423 3479 bunt.
457 3423 710 3480 Joannes
725 3437 882 3488 vero,
912 3421 1010 3492 qui
1039 3435 1174 3476 suas
1197 3419 1397 3490 copias
1455 3422 1512 3474 et
1541 3417 1753 3473 auxilia
1781 3421 1912 3489 Scy'

266 3515 496 3570 tbarum
532 3529 678 3585 pene
707 3512 932 3581 majora
964 3525 1208 3566 numero
1266 3509 1614 3576 adducebat,
1671 3524 1908 3579 operam

263 3603 436 3658 dabat
460 3607 524 3659 ut
543 3601 767 3656 Latinos
796 3601 1017 3656 lateret.
1043 3598 1118 3655 Ut
1139 3604 1334 3654 autem
1374 3605 1598 3652 motum
1623 3598 1909 3652 Romano-

260 3707 384 3747 rum
416 3691 735 3746 Balduinus
797 3693 856 3744 et
914 3687 1120 3759 reliqui
1180 3691 1298 3742 tres
1351 3687 1528 3742 duces
1558 3687 1909 3742 audiverunt

257 3784 418 3850 (nam
451 3795 644 3836 comes
673 3778 850 3835 sancti
905 3777 1067 3834 Pauli
1127 3779 1438 3832 defunctus
1495 3776 1553 3830 in
1600 3775 1907 3847 Manganio

260 3871 613 3928 monasterio
630 3874 685 3925 et
706 3867 1004 3924 Scleraanae
1023 3868 1297 3939 Augustae
1322 3866 1681 3922 monimento
1707 3865 1905 3935 sepul-

261 3966 358 4016 tus
378 3966 542 4027 erat),
576 3959 774 4015 statim
831 3958 1144 4013 exercitum
1207 3955 1446 4010 mittunt
1492 3959 1693 4009 contra
1731 3955 1904 4010 urbes

260 4066 391 4121 qua:
422 4049 770 4104 defecerant.
804 4049 882 4101 Ac
915 4043 1080 4114 Byzia
1109 4043 1344 4116 quidem
1405 4048 1462 4098 et
1503 4041 1751 4098 Zurulus
1785 4049 1905 4098 sta-

257 4138 366 4194 tim
392 4138 502 4192 sub
537 4138 748 4208 jugum
793 4135 1108 4190 redierunt.
1169 4131 1596 4204 Arcadiopolim
1653 4148 1788 4187 vero
1823 4131 1906 4188 lo-

259 4225 591 4296 cupietibus
614 4229 671 4279 et
692 4223 993 4279 nobilibus
1010 4221 1233 4278 civibus
1252 4237 1494 4276 vacuam
1524 4219 1633 4276 soli
1659 4220 1904 4276 Romani

261 4321 434 4371 noctu
465 4313 741 4385 ingressi,
797 4312 1007 4383 quibus
1067 4311 1204 4366 urbs
1235 4327 1304 4366 ea
1357 4313 1542 4382 patria
1577 4314 1720 4376 erat,
1755 4316 1908 4366 tene-

258 4404 424 4471 bant,
453 4403 692 4459 auxiliis
720 4403 892 4456 etiam
925 4402 994 4456 ad
1027 4417 1155 4455 eam
1200 4400 1475 4454 tuendam
1533 4399 1802 4455 adductis
1850 4402 1906 4454 et

2025 553 2179 610 οὗτοι
2210 560 2290 628 τῷ
2323 559 2599 632 μαρκεσίῳ
2647 559 2738 612 καὶ
2787 557 2852 612 τὰ
2913 553 3111 612 δυνατά
3171 557 3483 632 ὑπουργεῖν
3546 557 3575 611 ὁ
3616 554 3643 611 δ

2028 646 2104 716 μὴ
2165 646 2358 724 χρείαν
2423 645 2662 724 φάμενος
2748 641 2895 722 ἔχειν
2955 646 3244 718 Ῥωμαίων
3331 650 3678 720 στρατιωτῶν

2023 730 2197 794 οὕτως
2255 733 2450 796 αὐτοὺς
2506 735 2890 810 ἀπεπέμψατο.
2949 741 3036 808 Τῷ
3123 732 3342 810 βασιλεῖ
3400 733 3446 788 δ’
3495 731 3681 790 ἔπειτα

2025 830 2342 906 Βαλδουίνῳ
2397 836 2519 909 περὶ
2579 839 2677 888 τοῦ
2741 833 3147 910 προσδεχθῆναί
3202 835 3256 889 οἱ
3333 836 3677 908 προτείνουσι

2022 918 2226 992 δέησιν.
2303 930 2378 984 Ως
2425 922 2472 978 δ’
2501 923 2659 994 ἦσαν,
2701 925 2730 980 ὃ
2763 945 2914 1004 φασι,
2973 924 3063 982 καὶ
3119 924 3286 979 πάλιν
3320 944 3480 991 κενην
3513 923 3672 995 ᾅδον-

2019 1032 2129 1082 τες,
2159 1017 2238 1085 τῷ
2264 1013 2488 1087 Ἰωάννῃ
2520 1015 2848 1089 προσῄεσαν,
2907 1014 2967 1076 ’ὀς
3022 1013 3244 1088 τραφεὶς
3286 1011 3340 1068 ἐν
3387 1018 3471 1085 τῷ
3523 1013 3676 1089 Αἵμῳ

2019 1101 2111 1155 καὶ
2140 1102 2415 1176 γεννηθεὶς
2459 1107 2658 1176 μικροῦ
2688 1110 2860 1158 πᾶσαν
2920 1103 3024 1158 ὑπὸ
3061 1102 3378 1176 Ῥωμαίους
3425 1101 3667 1180 ἑσπέριον

2021 1198 2361 1273 ἐπικράτειαν
2419 1197 2686 1275 διέφθειρε
2749 1200 2838 1255 καὶ
2922 1201 3151 1272 ἠφάνισε
3203 1199 3478 1277 πολέμοις
3534 1203 3670 1257 ἀπο-

2023 1287 2257 1361 λικμῶν,
2314 1291 2603 1351 Σκυθικαῖς
2656 1286 2872 1366 ἐφόδοις
2923 1289 3199 1366 ἐξερημῶν
3248 1292 3339 1346 καὶ
3397 1291 3675 1366 πολυτρό-

2019 1397 2145 1441 ποις
2194 1373 2458 1453 ἐκτρίϐων
2516 1380 2837 1435 κακώσεσιν.
2905 1381 2968 1436 Ὀ
3016 1377 3074 1434 δὶ
3124 1380 3351 1444 τούτους
3429 1379 3676 1453 ἆσμὲίως

2019 1465 2400 1542 προσδέχεται·
2427 1470 2493 1537 ἦν
2529 1469 2628 1544 γάρ
2669 1468 2731 1523 τὸ
2775 1469 3020 1524 Λατίνων
3075 1469 3360 1550 ἀγέρωχον
3417 1472 3679 1550 φρόνημα

2022 1557 2374 1634 ὑφορώμενος
2437 1557 2528 1611 καὶ
2595 1557 2694 1626 τὴν
2753 1557 2961 1614 τούτων
3005 1558 3220 1635 λόγχην
3270 1561 3344 1623 ὡς
3400 1560 3676 1639 φλογίνην

2019 1653 2293 1732 ῥομφαίαν
2391 1650 2864 1728 ὺποϐλεπόμενος,
2925 1655 3044 1712 ἐπεὶ
3127 1656 3214 1713 καῖ
3274 1658 3397 1735 περὶ
3483 1658 3680 1732 φιλίας

2021 1742 2237 1806 στείλας
2269 1739 2490 1811 πρέσϐει
2539 1745 2647 1819 ούχ
2706 1746 2778 1808 ὡς
2841 1743 3098 1821 βασιλεὺς
3156 1746 3362 1828 φίλοις,
3411 1747 3541 1804 ἀλλ’
3601 1748 3684 1810 ὡς

1941 1839 1987 1905 Β
2019 1832 2294 1908 ὑπηρέτης
2327 1830 2612 1895 δεσπόταις
2645 1831 3138 1912 προσδιαλέγεσθαι
3194 1836 3371 1913 σφίσιν
3437 1839 3488 1890 ἐν
3547 1841 3681 1897 τοῖς

2017 1923 2152 1998 πρὸς
2179 1921 2378 1986 αὐτοὺς
2409 1922 2722 1980 ἐπιτάττετο
2767 1926 3110 2002 γράμμασιν,
3180 1923 3216 1996 ἤ
3279 1927 3388 1999 μῆν
3437 1923 3685 1982 ἀπεκδέ-

2017 2017 2208 2090 χεσθαι
2239 2019 2372 2092 σφᾶς
2425 2018 2546 2072 κατ’
2600 2015 2766 2072 αὺτοῦ
2819 2016 2887 2071 τὰ
2946 2015 3093 2073 ’ὀπλα
3159 2018 3522 2092 βαστάζοντας
3579 2017 3682 2072 καὶ

2013 2115 2292 2184 κείροντας
2331 2121 2446 2169 κατ’
2499 2113 2772 2170 εὐπέτειαν
2820 2116 2920 2185 τὴν
2977 2115 3210 2186 Μυσίαν,
3269 2115 3335 2185 ἣν
3399 2118 3474 2189 μή
3545 2112 3676 2171 δέον

2013 2207 2318 2277 καρποῦται
2385 2207 2503 2264 τοῖς
2553 2202 2764 2277 κυρίοις
2823 2203 3122 2277 Ῥωμαίοις
3189 2205 3504 2274 ἐπαναστάς,
3573 2207 3679 2262 κά-

2013 2297 2192 2348 κεῖνον
2221 2292 2298 2352 εἷς
2345 2295 2446 2363 τήν
2501 2291 2768 2368 προτέραν
2823 2292 3000 2368 τύχην
3062 2292 3482 2357 ἐπαναλύοντας.
3539 2304 3676 2351 Δια-

2015 2382 2171 2461 φίησι
2202 2381 2377 2436 τοίνυν
2410 2381 2484 2444 εἷς
2544 2385 2638 2442 τὰς
2690 2380 2952 2455 πατρίδας
3013 2382 3278 2439 ἐπανιέναι
3331 2385 3458 2446 τοὺς
3527 2384 3676 2457 ἐπή-

2017 2470 2184 2536 λυδας
2240 2471 2386 2541 αὐτῷ
2414 2470 2724 2544 Ῥωμαίους
2766 2473 2794 2526 ὁ
2859 2472 3136 2542 Ἰωάννης,
3177 2473 3264 2528 καί
3311 2469 3436 2548 δρᾷν
3495 2475 3526 2528 δ
3579 2472 3679 2529 δύ-

2013 2583 2196 2616 νανται
2228 2561 2389 2617 κακὸν
2421 2560 2548 2623 τοὺς
2582 2561 2840 2624 Λατίνους
2903 2564 3019 2635 μετ’
3076 2559 3378 2635 εύμεθόδων
3420 2565 3506 2637 [Ρ.
3543 2567 3678 2638 395]

2009 2664 2117 2715 τῶν
2146 2658 2535 2736 ἐγχειρήσεων,
2574 2656 2678 2722 ἓως
2729 2660 2795 2716 τὰ
2849 2661 2966 2715 κατ’
2997 2660 3192 2724 αὐτοὺς
3247 2661 3334 2717 ἐπὶ
3391 2662 3453 2716 τὸ
3482 2667 3672 2738 κρεῖτο

2012 2771 2104 2804 τον
2135 2749 2336 2811 ἐκεῖνος
2369 2745 2633 2812 διάθοιτο.
2669 2750 3030 2819 Ἐπανηκότες
3088 2750 3183 2804 οὖν
3241 2747 3294 2812 ἐς
3321 2751 3389 2805 τὰ
3437 2753 3670 2830 σφέτερα

2012 2839 2106 2902 τὰς
2136 2843 2244 2894 τῶν
2297 2841 2518 2912 Θρᾳκῶν
2559 2837 2649 2894 καὶ
2689 2836 3012 2896 Μακεδόνων
3070 2837 3262 2902 πόλεις
3320 2837 3672 2918 διαφιστῶσι,

2015 2928 2422 3004 συναιρομένων
2481 2927 2629 3007 σφίσι
2685 2932 2792 2984 τῶν
2850 2928 3108 3006 Βλάχων.
3199 2929 3454 2986 Πλεῖστοι
3532 2935 3665 3006 γοῦν

2015 3017 2253 3074 ἐντεῦθεν
2281 3021 2388 3074 τῶν
2444 3017 2538 3080 τᾶς
2566 3017 2758 3083 πόλεις
2823 3015 3257 3093 διανειμαμένων
3317 3019 3561 3083 Λατίνως
3616 3019 3670 3082 ἐς

2015 3119 2148 3174 αὐτὸ
2179 3121 2500 3191 ζημιοῦνται
2531 3116 2594 3172 τὸ
2628 3121 2746 3190 ζῇν,
2800 3117 2850 3172 οἱ
2893 3115 2950 3173 δὲ
3004 3116 3238 3195 φυγάδες
3299 3117 3349 3182 ἐς
3381 3119 3668 3188 Βυζάντιον

2018 3205 2390 3278 ἐπανήκουσιν.
2427 3204 2599 3264 Ἀλλᾶ
2638 3207 2726 3260 καὶ
2789 3207 2838 3260 οἱ
2897 3207 2951 3262 ἐν
3011 3203 3399 3282 Διδυμοτοίχῳ
3461 3205 3670 3282 διαχει-

2019 3297 2278 3372 ρίζονται,
2322 3296 2412 3351 καὶ
2472 3297 2524 3350 οἱ
2582 3295 2631 3350 ἐν
2693 3293 3000 3368 Ὀρεστιάδι
3037 3298 3361 3369 μετανάσται
3403 3297 3673 3372 γίνονται.

2017 3387 2115 3441 Καὶ
2143 3391 2307 3441 τοῦτο
2336 3385 2398 3441 τὸ
2439 3380 2598 3460 ἔργον
2659 3383 2938 3459 ἐλευθεροῖ
2993 3385 3086 3458 μὶν
3138 3387 3239 3454 τὴν
3297 3383 3372 3441 ’έω
3428 3385 3675 3442 Λατίνων

2015 3477 2160 3551 παρὰ
2234 3480 2406 3530 πᾶσαν
2467 3473 2713 3546 δόκησιν,
2795 3475 3173 3546 ἐπωηκὸντων
3245 3474 3324 3540 εἷς
3405 3475 3497 3531 τὸν
3556 3475 3679 3530 καθ’

2013 3573 2273 3650 Ἑσπέραν
2321 3571 2591 3647 πόλεμον,
2652 3571 2901 3649 ἐκκρούει
2962 3571 3019 3629 δὲ
3065 3577 3163 3628 τοῦ
3221 3572 3348 3650 ἄγαν
3389 3575 3481 3629 καὶ
3534 3576 3680 3648 πρὸς

2019 3665 2200 3742 βραχὺ
2268 3663 2661 3740 μετριόφρονας
2717 3663 2900 3732 τίθησι
2957 3663 3084 3726 τοὺς
3137 3662 3508 3738 κατασχόντας
3573 3666 3679 3734 τήν

2011 3749 2253 3810 «Ελλάδα
2281 3752 2374 3807 καὶ
2432 3751 2686 3814 Πέλοπος
2736 3747 2947 3831 ἔδαφος.
3017 3751 3114 3808 Καὶ
3167 3749 3262 3806 ’ίνα
3301 3754 3420 3807 καθ’
3479 3751 3678 3824 εἱρμὸν

2012 3848 2092 3916 τῷ
2124 3841 2301 3920 λέγειν
2355 3839 2586 3916 δοίημεν
2647 3837 2818 3897 ὁπὸσα
2875 3839 3084 3898 ἐνθένδε
3137 3836 3468 3915 ξυμϐέϐηκε,
3529 3843 3678 3898 Ῥω-

2019 3945 2171 4014 μαῖοι
2228 3941 2324 4012 μὶν
2381 3940 2480 4008 τήν
2538 3937 2590 4009 ἐξ
2653 3937 2940 4014 Ἀδριανοῦ
2989 3940 3091 4008 τήν
3129 3937 3328 4008 κλῆσιν
3386 3937 3676 4013 λαχοῦσαν

2012 4029 2104 4084 καί
2179 4048 2242 4103 γε
2313 4027 2377 4083 τὸ
2432 4025 2836 4106 Διδυμότοιχον
2902 4031 3228 4102 κρατοῦντες
3287 4029 3427 4082 κατα
3480 4027 3678 4102 χώραν

2014 4115 2228 4190 ἔμενον,
2269 4118 2333 4172 ού
2385 4117 2583 4191 μικρὰν
2625 4115 2732 4171 ἀπὸ
2761 4121 2866 4171 τῶν
2906 4114 3144 4192 Βλάχων
3202 4115 3449 4190 σύναρσιν
3504 4115 3679 4195 ἔχον-

2009 4227 2121 4270 τες’
2161 4209 2190 4262 ὁ
2232 4203 2289 4262 δέ
2325 4227 2388 4282 γε
2417 4206 2674 4277 Ἰωάννης
2703 4207 2799 4269 τὰς
2860 4205 3065 4268 οἰκείας
3112 4207 3286 4277 τάξεις
3343 4209 3434 4261 καὶ
3488 4206 3552 4260 τὸ
3611 4205 3680 4260 ἐκ

2013 4300 2238 4360 Σκυθῶν
2281 4295 2566 4366 ἐπίκουρον
2602 4295 2958 4370 ἐπαγόμενος,
3021 4291 3149 4368 μηδ’
3207 4295 3428 4369 ἀριθμῷ
3475 4291 3682 4374 σχεδὸν

2015 4394 2344 4462 ὑποπῖπτον,
2377 4393 2668 4465 λεληθέναι
2697 4393 2764 4448 τὰ
2816 4391 3005 4449 πολλὰ
3032 4392 3160 4456 τοὺς
3207 4392 3468 4456 Λατίνους
3505 4392 3679 4457 ἐτίθει

254 4492 314 4551 in
350 4495 564 4550 muenia
585 4491 940 4549 distributis.
965 4493 1109 4548 Cum
1135 4489 1469 4556 diluxisset,
1503 4489 1648 4544 811
1690 4489 1900 4555 Latini,

2015 4484 2102 4540 διὰ
2133 4482 2398 4555 σπουδῆς.
2429 4491 2514 4548 Ὠς
2570 4482 2619 4540 δ’
2657 4486 2776 4562 εἶχε
2831 4486 2930 4552 τήν
2986 4489 3095 4539 τῶν
3145 4485 3432 4558 Ῥωμαίων
3487 4483 3684 4539 ἐνωτι-

257 4589 550 4642 Romanos
572 4599 678 4639 nec
699 4582 884 4638 aciem
911 4579 1218 4636 militarem
1241 4577 1454 4632 habere
1502 4594 1606 4634 nec
1631 4577 1748 4633 ulla
1780 4577 1904 4634 bel-

254 4675 364 4730 lica
385 4672 696 4745 disciplina
715 4671 822 4741 uti,
840 4675 1017 4741 atque
1043 4669 1185 4724 adeo
1206 4683 1309 4722 nec
1331 4668 1472 4722 satis
1490 4671 1746 4722 armatos
1772 4683 1903 4722 esse

254 4762 676 4835 conspicati,ad
699 4774 952 4833 pugnam
983 4774 1042 4813 se
1075 4761 1378 4830 pararunt,
1396 4755 1624 4826 longius
1655 4755 1901 4826 digressi

253 4871 287 4910 a
329 4853 640 4908 mcenibus.
699 4851 838 4906 Eam
901 4848 1228 4904 Latinorum
1272 4846 1596 4901 cautionem
1658 4845 1902 4901 Romani

255 4942 553 4996 timiditali
585 4940 934 5004 tribuentes,
995 4937 1176 5009 portis
1231 4935 1399 4990 eli'usi
1455 4938 1512 4989 et
1555 4938 1774 4990 temere
1815 4935 1902 4990 in-

255 5027 426 5094 vecti,
459 5027 632 5098 paulo
664 5035 793 5098 post
841 5026 902 5082 iu
954 5027 1148 5098 fugam
1216 5028 1547 5079 vertuntur.
1577 5024 1656 5078 Ac
1686 5039 1753 5079 eo
1811 5024 1905 5080 die

252 5115 590 5174 miserabile
640 5119 697 5171 et
748 5121 909 5170 atrox
965 5113 1362 5187 spectaculum
1422 5113 1634 5168 editur.
1672 5112 1904 5170 Nemini

253 5205 545 5281 parcitur,
574 5205 880 5259 ceduntur
909 5220 1134 5272 omnes,
1199 5200 1476 5272 insepulti
1519 5201 1902 5272 abjiciunt-ur,

253 5293 546 5368 sanguine
571 5293 1141 5366 pinguescitbumus.
1169 5292 1300 5348 Hoc
1350 5307 1658 5364 precursor
1685 5295 1904 5350 exerci-

2011 4573 2240 4646 σάμενος
2270 4572 2626 4630 ἐπανάστασιν
2659 4573 2696 4628 ὅ-
2744 4594 2804 4630 τε
2863 4571 3122 4648 βασιλεὺς
3181 4571 3518 4635 Βαλδουῖνος
3577 4574 3680 4628 καὶ

2011 4665 2046 4734 ἡ
2077 4668 2186 4718 τῶν
2220 4663 2406 4719 ἄλλων
2440 4664 2708 4740 ἀρχηγῶν
2735 4663 2952 4737 τριττὺς
2985 4663 3038 4737 (ὁ
3081 4661 3183 4740 γὰρ
3239 4660 3306 4731 δὴ
3335 4663 3520 4736 κόμης
3570 4666 3681 4717 τοῦ

2012 4753 2166 4829 ἁγίου
2225 4751 2446 4808 Παύλου
2537 4753 2852 4827 ἀπεγεγόνει
2942 4751 3174 4824 θανάτῳ,
3245 4753 3334 4806 καὶ
3409 4751 3680 4816 τέθαπται

2011 4849 2147 4904 κατᾶ
2177 4849 2279 4917 τὴν
2313 4850 2488 4922 μονὴν
2537 4853 2646 4903 τῶν
2704 4848 3004 4923 Μαγγάνων
3062 4845 3115 4902 ἐν
3154 4868 3238 4920 τῳ
3265 4853 3367 4916 τῆς
3399 4841 3678 4914 σέϐω-τῆς

2011 4944 2111 5007 τῆς
2135 4936 2488 5012 Σκληραίνης
2545 4939 2838 5011 μνήματι),
2885 4935 2948 4991 ἐκ
3007 4937 3100 5009 μὶν
3159 4941 3258 4992 τοῦ
3287 4935 3479 4991 αὐτίκα
3509 4936 3676 4992 στέλο

2014 5027 2166 5084 λεται
2224 5027 2448 5101 στρατιὰ
2495 5029 2592 5091 τὰς
2637 5024 2829 5089 πόλεις
2885 5025 3317 5099 μετελευσομένη
3379 5025 3474 5088 τὰς
3533 5025 3679 5080 ἀπο-

2015 5117 2231 5179 στάσας.
2275 5115 2444 5186 Βιζύη
2481 5116 2575 5190 μὶν
2627 5117 2718 5171 οεν
2751 5115 2841 5170 καὶ
2886 5112 3235 5190 Τζουρουλὸς
3286 5113 3676 5186 ἐπανήλθοσαν

2012 5207 2100 5262 καὶ
2136 5206 2210 5268 ὡς
2256 5206 2450 5279 πρώην
2507 5206 2828 5262 ὑπέκυπτοψ
2877 5207 2976 5276 τήν
3038 5202 3094 5260 δὶ
3133 5202 3484 5260 πολισθεῖσαν
3540 5206 3679 5280 Ἀρ-

2012 5295 2185 5371 καδίῳ
2239 5298 2353 5371 (70)
2411 5301 2736 5360 κενωθεῖσαν
2799 5295 2952 5372 εὗρον
3013 5299 3112 5351 τοῦ
3184 5293 3238 5350 ἐν
3288 5293 3516 5368 πλούτῳ
3579 5297 3676 5350 καὶ

1645 5394 1812 5457 llier.
1846 5399 2062 5462 Wolﬁi
2093 5406 2281 5462 nota.

328 5501 444 5575 (70)
473 5503 585 5570 Τῆν
644 5497 713 5575 δὲΔ
758 5497 1108 5575 πο-λισθεῖσαν
1165 5493 1599 5575 Ἀρκαδίᾳ-ΒΧ
1655 5499 1746 5575 bis
1777 5519 1900 5560 ver-

251 5571 346 5631 bis
379 5591 492 5630 non
525 5578 669 5629 satis
700 5572 1050 5643 intelligitur
1079 5577 1273 5643 utrum
1307 5571 1497 5643 Latini
1551 5585 1632 5643 an,
1658 5572 1902 5632 Romani

249 5647 686 5722 Aresdiopolim
743 5641 1058 5704 tenuerint.
1089 5641 1362 5699 Vetustas
1387 5642 1570 5700 codex
1615 5642 1702 5716 (Β)
1734 5645 1901 5717 μόνον

2015 5501 2072 5581 δὲ
2099 5537 2166 5549 -
2196 5504 2486 5581 φυλάττειν
2518 5503 2669 5562 αὐτό.
2701 5505 2846 5562 Hinc
2875 5504 3600 5581 apparetLArcadiopolim
3640 5521 3678 5558 a

2015 5575 2288 5653 Romanis
2315 5579 2497 5653 fuisse
2519 5575 3046 5653 occupatam,cum
3079 5577 3246 5634 alteri
3302 5575 3676 5632 contrarium

2012 5651 2206 5708 dicere
2234 5651 2564 5710 vidcantur.
