4120 6284
216 297 345 358 1001
1630 297 1831 361 URBS
1875 298 1908 359 C

2018 300 2148 361 ’TA.
3467 300 3622 362 1002

217 425 326 502 δόξῃ
387 425 520 486 λεώ.
578 427 790 491 Νυκτὸς
841 425 888 482 δ’
942 427 1270 502 ἐπιθεμένων
1323 429 1474 506 σφίσι
1525 430 1837 501 Ῥωμαίων,
1872 438 1908 503 Α

2022 452 2049 489 ε
2082 435 2237 492 fecit.
2272 436 2386 491 Nec
2420 435 2575 492 enim
2635 433 2883 491 ulterius
2939 433 3208 506 progredi
3265 449 3444 489 ausus
3518 437 3628 510 est,

213 518 287 579 οἷς
316 519 349 586 ἠ
375 514 539 578 πόλις
571 514 671 585 ¹ἣδε
715 517 910 590 πατρὶς
959 517 1049 573 καὶ
1103 517 1157 572 οἳ
1204 515 1605 587 συνεληλύθασι
1636 518 1850 580 τούτοις
1898 536 1901 537 ⁷

2018 538 2089 577 ιω
2120 525 2364 581 Romani
2396 529 2452 580 et
2507 524 2706 580 Blachi
2763 540 2894 578 cum
2951 522 3232 596 Scythicis
3294 523 3632 582 cohortibus

214 605 502 681 ἐπίκουροι,
558 612 777 680 πρῶτον
823 607 920 678 μὲν
970 606 1254 683 ἡσύχασαν
1308 606 1359 662 ἐν
1401 605 1595 670 ὅπλοις
1627 608 1852 681 γενόμε-

2019 612 2365 683 rcumirent,
2397 611 2585 669 ceteri
2631 628 2764 669 vero
2817 610 3249 682 AdrianOpolim
3325 627 3630 667 concurre-

214 714 286 748 νοι
335 692 423 749 καὶ
484 693 621 769 πρὸς
677 695 912 769 φρουρὰν
965 696 1031 751 τά
1084 694 1247 770 τείχη
1282 693 1570 751 διείλοντο·
1608 695 1855 772 ὑποφαυ-

2018 708 2094 759 int
2126 709 2407 775 tanquam
2441 705 2501 760 in
2532 708 2755 760 certum
2818 702 3069 775 asylum.
3106 702 3432 774 Imperator
3487 718 3621 757 vero

220 780 370 851 σάσης
425 779 483 835 δὲ
533 788 632 850 τῆς
688 781 762 836 ἓω
814 783 1124 855 Ῥωμαίους
1191 783 1660 856 κατασκεψάμενοι
1717 784 1856 856 μήτε

2018 792 2290 848 ιιιᾱυὶηυε
2322 809 2522 849 mense
2555 792 2759 848 Martio
2790 790 3107 863 egreditur,
3139 794 3198 846 et
3245 789 3392 846 Pleae
3422 805 3621 845 comes

218 869 493 943 παραταξει
548 870 688 942 μήτε
731 871 837 942 μὴν
901 869 1152 943 μεθόδοις
1207 869 1531 946 χρωμένους
1562 891 1860 946 στρατηγι-

2018 880 2261 948 oloicus,
2294 889 2348 937 et
2381 886 2509 953 post
2532 898 2629 937 eos
2660 880 2865 935 Ericus
2895 879 3224 947 Dandulus,
3245 878 3622 934 Venetiarum

218 963 347 1025 καῖς,
406 955 532 1012 ἀλλ’
601 955 713 1012 οὐδ’
773 957 825 1020 ἐς
881 955 1158 1035 ἀκρίϐειαν
1220 958 1619 1033 ὡπλισμένους,
1678 980 1862 1015 συντε-

2018 987 2110 1036 ux,
2143 986 2277 1025 cum
2309 970 2437 1025 suis
2468 967 3098 1041 quisque‘legionibus.
3151 970 3222 1020 Et
3263 965 3416 1022 vallo
3462 972 3625 1021 extra

216 1048 476 1123 ταγμένην
531 1048 633 1115 τὴν
694 1045 924 1120 δύναμιν
983 1050 1058 1111 ὡς
1114 1050 1169 1112 ἐς
1233 1047 1419 1124 μάχην
1453 1048 1657 1125 ἐξάγειν
1691 1049 1861 1125 ἐγνώ-

2018 1057 2313 1129 ilijaclum
2347 1059 2418 1114 ad
2475 1055 2912 1127 Adrianopolim
2974 1054 3363 1125 communito,
3414 1055 3622 1126 postri—

221 1157 384 1193 κεσαν.
438 1136 528 1199 Ὠς
586 1133 634 1191 δ’
683 1136 944 1208 ἀπήντων
1011 1140 1123 1212 (⁸71)
1183 1138 1366 1201 αὐτοῖς
1423 1140 1692 1212 Ῥωμαῖοι
1728 1139 1865 1210 μετά

2019 1148 2068 1202 ie
2091 1147 2288 1218 copias
2305 1148 2376 1203 ad
2410 1145 2622 1202 mmnia
2643 1146 2939 1201 adducunt
2958 1150 3018 1201 et
3041 1144 3343 1200 machinas
3373 1144 3627 1215 erigunt.

221 1227 437 1300 θάρσους
494 1229 616 1288 τοῖς
674 1225 917 1301 τείχεσιν
988 1225 1444 1302 ἐπεγχρίπτοντες
1510 1225 1705 1302 (ᾤοντο
1762 1228 1865 1302 γὰρ

2018 1236 2227 1292 'rbanis
2259 1240 2456 1292 autem
2487 1240 2723 1291 strenue
2753 1250 2816 1290 se
2841 1233 3294 1290 defendentibus
3341 1250 3443 1305 per
3470 1233 3628 1289 812

226 1311 419 1370 δειλίαν
500 1315 599 1382 τὴν
682 1318 790 1370 τῶν
852 1314 1092 1370 Λατίνων
1160 1315 1500 1394 ἀσφάλειαν),
1580 1314 1866 1395 διεκχέον-

2021 1325 2104 1381 ies
2133 1324 2462 1397 complures
2484 1340 2603 1380 non
2633 1323 2791 1378 aliud
2823 1322 3203 1395 proﬁciebant
3235 1322 3345 1378 nisi
3388 1328 3450 1377 ut
3497 1321 3630 1377 telis

223 1425 304 1459 ται
358 1407 465 1458 τῶν
520 1401 711 1458 πυλῶν
770 1404 861 1458 καὶ
920 1425 1068 1481 σφισι
1109 1404 1540 1478 συμπλέκονται,
1597 1405 1689 1461 καὶ
1729 1408 1869 1481 πρὸς

2018 1417 2038 1468 ι
2076 1416 2340 1484 peterent
2369 1420 2424 1469 et
2453 1416 2807 1484 peterentur.
2838 1414 3040 1482 Itaque
3087 1410 3300 1481 vineis,
3362 1409 3634 1465 multitu-

237 1492 419 1567 μικρὸν
487 1492 841 1571 ἀντισχόντες
905 1494 1179 1567 Ῥωμαῖοι
1242 1514 1557 1568 τρεπονται,
1621 1495 1711 1550 καὶ
1784 1494 1873 1569 γί-

2025 1501 2117 1557 ine
2148 1517 2456 1573 operarum
2514 1500 2641 1556 freti
2699 1498 3041 1570 longissime
3098 1498 3267 1566 actis,
3322 1502 3639 1568 egestaque

231 1602 363 1636 νεται
428 1587 528 1650 τῆς
588 1581 799 1657 ἡμέρας
869 1580 1079 1652 ἐκείνης
1145 1581 1379 1638 ἐλεεινὸν
1448 1582 1538 1637 καὶ
1605 1582 1875 1638 οἴκτιστον

2018 1589 2132 1645 lam
2152 1598 2301 1645 terra
2315 1594 2373 1646 et
2384 1588 2646 1645 cavernis
2659 1589 2841 1644 aridis
2859 1587 3037 1659 lignis
3052 1585 3326 1654 suﬂ'ultis,
3352 1586 3637 1641 mmnium

232 1671 416 1743 θέαμα·
456 1667 690 1742 μηδενὸς
720 1670 822 1745 γὰρ
868 1664 1122 1734 λαϐόντες
1165 1672 1216 1726 οἱ
1248 1677 1474 1727 Λατῖνοι
1513 1669 1705 1746 φειδὼ,
1738 1674 1876 1727 κατὰ

2018 1679 2368 1735 undamenta
2397 1677 2667 1734 hostibus
2699 1693 2813 1732 non
2846 1676 3457 1732 animadvertentibus
3478 1673 3639 1729 labe-

234 1758 285 1861 δὲ
335 1758 547 1816 πάντων
604 1764 684 1832 τῷ
739 1760 874 1836 ξίφει
937 1762 1302 1835 χρησάμενοι,
1362 1763 1463 1829 τὴν
1517 1768 1620 1836 γῆν
1665 1761 1878 1818 ἐπίαναν

2018 1773 2204 1826 actare
2234 1769 2608 1826 studuerunt.
2641 1767 2754 1823 Sed
2786 1771 2843 1823 et
2892 1765 3141 1821 Romani
3188 1770 3394 1821 contra
3432 1782 3500 1821 ea
3531 1781 3638 1835 pa-

233 1846 440 1922 αίμασι,
495 1850 584 1902 καὶ
644 1852 753 1904 τῶν
817 1849 1087 1905 πεσόντων
1145 1847 1326 1912 οὐδεὶς
1385 1850 1533 1913 ὁσίας
1583 1852 1876 1926 τετύχηκε.

2018 1858 2355 1928 ιεῢδυίξιιιιω
2389 1856 2521 1912 urbi
2551 1860 2750 1912 essent
2780 1854 3085 1910 salutaria.
3117 1854 3232 1910 Nec
3278 1853 3483 1909 multis
3512 1854 3639 1908 die-

237 1938 397 1997 Ταυτὶ
455 1939 548 2011 μὲν
605 1937 697 1993 οὖν
746 1941 782 2008 ἡ
832 1938 1155 2014 προεξιοῦσα
1207 1936 1430 2015 δέδρακε
1478 1941 1722 2015 στρατιά
1757 1939 1883 1996 οὐδὲ

2018 1962 2104 2002 ius
2137 1950 2268 2016 post
2320 1944 2578 2000 Joannes
2628 1947 2851 2014 partem
2906 1942 3163 2015 Scythici
3219 1942 3508 1997 exercitus
3536 1942 3646 1997 im-

235 2031 326 2106 γὰρ
382 2030 686 2104 περαιτέρω
760 2035 963 2105 χωρεῖν
1035 2029 1359 2107 τεθάρῥηκε,
1421 2033 1713 2106 Ῥωμαίων
1785 2034 1879 2106 μὲν

2018 2038 2200 2090 ietum
2233 2034 2419 2089 facere
2448 2033 2505 2088 in
2541 2032 2794 2105 pecudes
2810 2036 2866 2088 et
2883 2048 3066 2102 equos
3088 2031 3146 2086 in
3172 2029 3432 2086 herbidis
3458 2029 3645 2101 pratis

237 2117 316 2173 καὶ
351 2118 586 2193 Βλάχων
646 2119 779 2192 μετὰ
840 2120 1037 2194 μοίρας
1092 2121 1362 2189 Σκυθικῆς
1401 2119 1744 2195 περιιόντων,
1774 2125 1881 2175 τῶν

2020 2125 2158 2178 uxta
2192 2121 2530 2177 Latinorum
2560 2125 2746 2177 castra
2780 2124 3080 2191 pascentes
3104 2119 3295 2189 jubet,
3330 2122 3395 2173 ut
3435 2132 3504 2172 ea
3556 2134 3651 2173 ra-

242 2205 285 2263 δ’
313 2206 499 2263 ἄλλων
532 2213 640 2278 (72)
673 2207 724 2268 ἐς
770 2209 870 2277 τήν
919 2204 1208 2280 Ἀδριανοῦ
1258 2205 1669 2284 συνδραμόντων
1699 2210 1773 2272 ὡς
1808 2210 1883 2273 εἷς

2018 2212 2154 2267 tione
2185 2211 2443 2266 hostium
2488 2208 2734 2266 consilia
2790 2212 2847 2264 et
2904 2207 3215 2263 militarem
3277 2205 3650 2277 disciplinam

242 2300 407 2366 σῶζον
450 2297 841 2371 κρησφύγετον.
899 2297 1050 2352 Κατᾶ
1099 2294 1157 2352 δὲ
1207 2318 1270 2372 γε
1321 2304 1463 2371 μῆνα
1505 2300 1594 2353 τὸν
1642 2301 1886 2372 Μάρτιον

2018 2299 2341 2370 :xploraret.
2379 2299 2609 2355 Hivero
2669 2299 2740 2353 ad
2793 2297 3048 2369 primum
3111 2296 3459 2365 Scytharum
3512 2311 3654 2351 con-

246 2380 429 2455 ἔξεισιν
486 2386 514 2439 ὁ
560 2383 814 2460 βασιλεὺς
865 2382 1194 2447 Βαλδουῖνος
1244 2387 1330 2441 καὶ
1391 2388 1419 2441 ὁ
1483 2386 1660 2458 Πλέης
1703 2388 1884 2461 κόμης

2018 2393 2265 2461 .pectum
2299 2388 2517 2444 furioso
2577 2387 2832 2459 quodam
2887 2386 3094 2441 ardore
3137 2386 3433 2451 concitati,
3463 2383 3653 2439 hastis

252 2468 530 2545 Δολόϊκος,
596 2472 684 2528 ἐπὶ
744 2472 791 2528 δ’
847 2474 1034 2535 αὐτοῖς
1093 2475 1121 2528 ὁ
1180 2472 1308 2545 δοὺξ
1369 2475 1613 2538 Βενετίας
1667 2476 1885 2550 Ἐρίκος

2018 2476 2246 2549 irreptis
2267 2480 2323 2531 et
2352 2475 2521 2547 equis
2542 2473 2900 2545 conscensis,
2933 2474 3181 2545 Scythas
3202 2473 3509 2539 invadunt,
3542 2472 3645 2543 qui

253 2559 572 2630 Δάνδουλος,
615 2561 750 2634 μετά
794 2567 902 2616 τῶν
954 2562 1166 2617 οἰκείων
1210 2561 1434 2626 ἕκαστος
1464 2565 1686 2635 τάξεων.
1720 2564 1889 2638 Ἀμέ-

252 2652 328 2708 λει
375 2650 465 2706 καὶ
513 2648 905 2728 κατειληφότες
958 2653 1055 2721 τῆν
1111 2648 1416 2724 Ἀδριανοῦ,
1476 2654 1565 2708 καὶ
1630 2652 1888 2727 βαλόντες

250 2739 415 2795 ἐκεῖσέ
469 2760 547 2809 πη
608 2742 932 2815 στρατήγιον
995 2742 1082 2814 [Ρ.
1131 2744 1256 2815 396]
1314 2740 1367 2802 ἐς
1426 2742 1550 2797 ὅσον
1622 2744 1698 2816 μή
1760 2744 1888 2797 εἶναι

254 2828 443 2904 βέλους
500 2828 669 2897 ἐντὸς,
707 2833 777 2903 τῇ
839 2828 1091 2903 ὑστεραίᾳ
1159 2831 1255 2892 τὰς
1307 2827 1563 2904 δυνάμεις
1610 2839 1892 2908 προσῆγον

248 2924 322 2992 τῷ
378 2917 553 2993 τείχει
609 2918 700 2973 καὶ
751 2916 919 2973 ’ίστων
977 2920 1072 2981 τὰς
1136 2920 1412 2994 μηχανάς.
1471 2922 1592 2976 Τῶν
1650 2918 1696 2974 δ’
1743 2920 1893 2984 ἐντὸς

250 3006 601 3081 ἀμυνομένων
648 3008 958 3082 εὐρώστως,
1013 3004 1164 3062 ούδέν
1215 3030 1266 3063 τι
1318 3007 1486 3064 πλέον
1537 3009 1619 3085 ἐφ’
1658 3010 1892 3086 ἠμέραις

252 3096 524 3172 ἐπέραινον
582 3095 799 3152 πλείοσι
854 3100 951 3151 τοῦ
1011 3094 1309 3172 βάλλεσθαι
1377 3097 1467 3152 καὶ
1530 3097 1753 3172 βάλλειν
1806 3096 1896 3153 διὰ

1999 2573 2181 2645 tergis
2211 2573 2470 2629 obversis
2500 2572 2867 2627 continenter
2898 2570 3155 2642 fugiunt,
3188 2575 3339 2625 retro
3399 2569 3644 2640 sagittas

2000 2661 2402 2734 conjicientes,
2461 2676 2527 2716 ac
2574 2677 2648 2716 ne
2704 2661 2788 2715 sic
2840 2658 3078 2730 quidem
3127 2659 3266 2729 fuga
3292 2659 3642 2729 interrupta.

2002 2751 2090 2807 Illi
2123 2767 2255 2806 vero
2287 2749 2498 2805 acriter
2526 2752 2980 2819 persequuntur,
3015 2747 3281 2817 quamvis
3329 2745 3474 2800 nihil
3506 2762 3642 2817 pro-

2004 2840 2261 2906 ficerent,
2295 2853 2441 2910 pene
2468 2836 2803 2893 volucribus
2859 2835 2932 2890 ob
2963 2834 3146 2891 levem
3171 2838 3529 2890 armaturam
3556 2834 3645 2890 vi-

2005 2929 2087 2984 ris
2119 2928 2414 2987 instando.
2447 2926 2512 2981 Et
2568 2925 2663 2980 hic
2719 2925 2848 2995 ejus
2905 2923 3018 2980 diei
3077 2924 3187 2979 fuit
3231 2922 3441 2980 exitus.
3472 2927 3551 2977 Ex
3580 2938 3647 2978 eo

2004 3018 2261 3074 Joannes
2278 3033 2411 3072 cum
2436 3016 2590 3072 813
2609 3014 2734 3070 suis
2764 3013 2947 3085 cepiis
2977 3012 3285 3085 angustias
3343 3019 3398 3067 et
3456 3012 3654 3069 fauces

2012 3107 2192 3175 subit,
2224 3112 2282 3162 et
2303 3110 2436 3177 post
2461 3105 2609 3161 altos
2632 3102 2812 3160 coltes
2833 3102 3145 3169 delitescit,
3177 3102 3238 3157 in
3264 3101 3326 3157 id
3374 3101 3659 3173 intentus,

252 3186 345 3254 τήν
402 3190 511 3239 τῶν
568 3187 772 3259 τειχῶν
823 3185 1157 3261 ἒχυρότητα.
1214 3185 1424 3242 Οὐκοῦν
1472 3185 1537 3241 τὰ
1592 3186 1763 3263 βάθρα
1791 3191 1897 3242 τῶν

2018 3157 2192 3175 -----,
2230 3157 2434 3177 ητα-
2844 3157 2896 3159 77
3027 3157 3036 3158 7
3131 3157 3144 3169 .
3475 3157 3482 3158 7
3550 3157 3557 3158 7
3623 3157 3659 3173 7,

2018 3214 2087 3253 ne
2116 3212 2285 3252 suam
2318 3194 2687 3267 praesentiam
2722 3195 2960 3248 nossent
3014 3191 3235 3249 hostes.
3270 3194 3338 3246 Et
3395 3207 3607 3247 rursus
3635 3206 3668 3247 e

252 3277 448 3348 τειχῶν
508 3271 906 3349 ἂνεμόχλευον,
956 3272 1169 3352 ἀφανῶς
1218 3273 1572 3330 ὑποσαλεύειν
1626 3276 1694 3330 τὰ
1740 3275 1901 3350 τείχη

253 3364 608 3440 πειρώμενοι,
654 3360 710 3425 ἐς
761 3358 847 3418 ὅτι
898 3365 1161 3436 μήκιστον
1220 3363 1658 3438 ὓπονομεύοντες
1692 3365 1781 3420 καὶ
1812 3366 1904 3421 τὸν

255 3458 389 3528 χοῦν
457 3451 777 3522 λεληθότως
841 3451 1195 3527 ἀναφέροντες
1261 3453 1348 3507 καὶ
1423 3453 1793 3528 ὑπερείσματα
1848 3453 1909 3509 ἐκ

257 3540 431 3612 ξύλων
527 3540 851 3616 εύπρήστων
948 3547 1065 3604 ταῖς
1128 3541 1353 3617 ὀρυγαῖς
1428 3541 1751 3620 ἐφιστῶντες
1817 3543 1909 3599 καὶ

255 3628 589 3706 πολυχειρίᾳ
643 3628 709 3684 τὸ
764 3622 923 3707 ἔργον
973 3628 1245 3693 ἀνύοντες.
1287 3632 1459 3687 Ἦσαν
1500 3628 1561 3686 δὲ
1623 3632 1713 3686 καὶ
1765 3633 1909 3686 Ῥω-

261 3726 414 3793 μαῖοι
473 3719 612 3793 πρὸς
667 3722 835 3773 ταῦτα
893 3717 1321 3797 διατεχνώμενοι
1371 3721 1440 3776 τὰ
1494 3724 1564 3794 τῇ
1608 3719 1768 3776 πόλει
1803 3743 1907 3776 σω-

254 3812 439 3882 τήρια.
498 3806 651 3864 Ἀλλ’
711 3804 863 3861 οὔπω
920 3808 1115 3885 συχνοὶ
1162 3807 1539 3884 παρίππευσαν
1591 3807 1770 3878 ἣλιοι,
1821 3819 1912 3874 καὶ

262 3904 459 3973 μοῖραν
517 3894 726 3973 διαφεὶς
783 3897 811 3950 ὁ
868 3897 1129 3968 Ἰωάννης
1188 3901 1452 3953 Σκυθικοῦ
1510 3899 1912 3972 στρατεύματος

258 3991 374 4048 τοῖς
410 3985 575 4054 ζώοις
615 3991 716 4053 τῆς
748 3980 962 4053 διαίτης
1008 3984 1098 4039 καὶ
1146 3990 1262 4048 τοῖς
1301 3985 1581 4059 ὀχήμασιν
1611 3984 1914 4041 ἐντέλλεται

260 4070 615 4151 προσϐαλεῖν,
670 4075 703 4129 ἅ
750 4076 874 4149 περί
919 4075 982 4130 τὸ
1027 4072 1388 4149 στρατόπεδον
1438 4080 1545 4130 τῶν
1580 4076 1821 4131 Λατίνων
1847 4077 1916 4131 τὰ

261 4163 465 4243 χλωρᾶ
492 4170 593 4232 τῆς
641 4161 781 4233 ὕλης
834 4160 1146 4237 ἐδρὲποντο,
1198 4159 1286 4216 διὰ
1341 4166 1438 4218 τοῦ
1490 4160 1913 4238 μεθοδεύματος’

261 4258 468 4323 γνῶναι
503 4252 846 4327 βουλόμενος
879 4252 1045 4306 ὁποῖα
1094 4252 1160 4307 τὰ
1207 4255 1314 4306 τῶν
1347 4250 1629 4325 πολεμίων
1664 4253 1767 4307 εἶσὶ
1799 4251 1917 4308 δια-

262 4339 467 4399 ϐούλια
494 4342 585 4397 καὶ
618 4340 769 4403 ὅπως
828 4340 924 4404 τὰς
976 4341 1055 4404 εἷς
1105 4340 1353 4415 πόλεμον
1387 4340 1624 4405 ἐκτάσεις
1653 4342 1918 4407 τιθέασιν.

2010 3284 2280 3358 Scythica
2310 3282 2598 3354 phalange
2644 3280 2741 3337 cui
2796 3280 2976 3338 Cozas
3005 3284 3269 3351 praeerat,
3331 3279 3667 3352 complures

2012 3375 2070 3429 iu
2102 3378 2293 3429 castra
2349 3372 2686 3428 Latinorum
2747 3370 2948 3436 mittit,
3007 3369 3278 3425 hortatus
3327 3373 3391 3425 ut
3449 3369 3670 3438 priores

2014 3461 2390 3517 imitarentur
2445 3460 2767 3530 eademque
2822 3458 2916 3513 via
2973 3461 3418 3514 reverterentur.
3452 3457 3666 3525 Latini,

2012 3550 2242 3623 Scythis
2271 3550 2463 3605 denuo
2491 3548 2657 3613 visis,
2689 3564 2896 3603 rursus
2921 3546 3262 3603 festinanter
3299 3545 3506 3600 armati
3541 3560 3668 3601 ma-

2006 3640 2125 3711 jori
2146 3655 2323 3710 quam
2348 3639 2572 3693 dudum
2596 3636 2970 3692 contentione
2990 3636 3187 3691 hastas
3217 3635 3277 3689 in
3306 3650 3405 3689 eos
3434 3633 3670 3690 vibrant

2015 3732 2073 3784 ot
2096 3742 2332 3783 cursum
2356 3724 2690 3780 intendunt.
2721 3725 2829 3778 Sed
2879 3740 3013 3779 cum
3037 3722 3264 3794 Scythae
3301 3722 3468 3777 facile
3512 3726 3647 3777 ante

2014 3817 2326 3878 verterent,
2363 3817 2426 3868 ut
2482 3816 2538 3867 et
2589 3810 2790 3866 leviter
2841 3810 3049 3866 armati
3107 3815 3163 3865 et
3214 3808 3672 3880 expeditioribus

2019 3905 2189 3976 equis
2212 3902 2558 3967 insidentes,
2591 3915 2657 3956 ac
2680 3899 2871 3955 nullas
2893 3900 3011 3954 fere
3034 3898 3279 3970 sagittas
3319 3901 3471 3952 retro
3501 3897 3671 3953 emit-

2022 3996 2253 4059 tentes;
2288 3988 2477 4045 Latini
2504 4003 2608 4059 per
2636 3987 3097 4059 imprudentiam
3149 3986 3483 4059 longissime
3540 4003 3673 4058 pro-

2016 4082 2166 4137 vecti
2199 4080 2257 4134 in
2288 4094 2357 4134 ea
2385 4078 2532 4140 loca,
2580 4075 2638 4131 In
2670 4075 2889 4146 quibus
2918 4075 3116 4146 laquei
3143 4078 3200 4131 et
3240 4074 3466 4131 insidiae
3486 4079 3673 4146 erant,

2021 4172 2168 4228 etin
2201 4170 2465 4224 recentes
2519 4166 2819 4236 Scythicas
2877 4164 3145 4220 cohortes
3200 4164 3559 4235 inciderunt,
3617 4168 3676 4220 et

2022 4260 2135 4331 ipsi
2159 4263 2215 4314 et
2235 4256 2366 4326 equi
2378 4256 2505 4326 jam
2559 4252 2927 4309 contentione
2949 4252 3178 4308 itineris
3220 4253 3395 4324 plane
3423 4253 3675 4325 fatigati,

2024 4353 2082 4404 et
2116 4349 2176 4402 in
2208 4345 2397 4401 medio
2433 4342 2782 4414 Scytharum
2814 4341 3191 4396 circumventi
3223 4347 3383 4397 sunt.
3417 4344 3676 4406 Quorum

260 4436 330 4494 Οἱ
380 4432 439 4489 δὲ
496 4434 588 4488 καὶ
646 4434 783 4506 πρὸς
838 4435 938 4503 τήν
991 4433 1216 4506 πρώτην
1269 4436 1375 4488 τῶν
1427 4433 1648 4487 Σκυθῶν
1680 4434 1799 4490 θέαν
1835 4433 1908 4489 ἐν·

2028 4433 2427 4500 multiludine,
2463 4448 2597 4487 cum
2656 4432 2728 4486 ad
2790 4446 3000 4486 manus
3055 4432 3293 4484 ventum
3350 4435 3519 4494 esset,
3571 4443 3680 4499 op-

261 4520 606 4584 θουσιώδους
662 4520 999 4592 πλησθέντες
1045 4522 1369 4595 ὁρμήματος
1398 4521 1534 4596 πρὸς
1577 4527 1698 4584 τοῖς
1725 4521 1918 4586 ’ίπποις

2036 4523 2222 4597 pressi
2242 4522 2409 4594 equis
2433 4518 2844 4590 deturbantur,
2878 4517 3079 4574 multis
3102 4516 3367 4589 singulos
3398 4515 3682 4571 invaden-

258 4611 351 4666 καὶ
382 4615 501 4671 τοῖς
534 4606 725 4685 δόρασι
758 4610 1021 4685 γίνονται.
1073 4609 1171 4663 Καὶ
1225 4609 1277 4663 οἱ
1335 4609 1428 4681 μὲν
1467 4610 1564 4678 τῆς
1595 4606 1682 4663 ἐπὶ
1715 4611 1908 4665 Σκύθα‹

2036 4616 2196 4672 tibus
2226 4629 2241 4681 ;
2272 4616 2329 4668 et
2358 4611 2515 4666 durae
2545 4610 2787 4666 cervicis
2818 4608 3086 4665 homines
3111 4606 3289 4663 falces
3338 4610 3396 4663 et
3440 4604 3683 4675 laqueos

1614 4710 1808 4780 Hier.
1844 4713 2098 4781 Wolﬁi
2129 4713 2346 4779 notae.

339 4828 454 4897 (71)
481 4825 576 4885 Ὠς
621 4821 666 4878 δ’
704 4823 979 4897 ἀπήντων.
1025 4822 1378 4897 Hiceadem
1419 4825 1672 4897 recurrit
1715 4826 1929 4897 obscu-

2034 4841 2290 4898 pugnare
2312 4821 2714 4898 ipsiituil._Sed
2754 4821 2890 4891 quia
2933 4825 3240 4898 nostrorum
3279 4819 3689 4898 calamitatibus

272 4891 445 4966 ritas?
484 4898 768 4952 Vetustus
806 4891 1036 4951 habet:
1089 4895 1156 4950 Ol.
1202 4895 1468 4966 Ῥωμαῖοι
1502 4891 1559 4949 δὲ
1604 4928 1673 4936 —
1713 4895 1908 4951 τούτοι.

2030 4891 2397 4954 ἂεέοιτίὸοηιὶίε
2418 4907 2544 4947 sum
2566 4893 2828 4966 defessus,
2851 4898 2901 4946 et
2921 4908 3067 4966 nunc
3088 4891 3361 4966 Orientali
3388 4893 3686 4960 profectio-

274 4965 711 5039 συμπλέκονται.
756 4968 917 5022 Hanc
962 4963 1326 5023 sententiam
1369 4967 1430 5022 in
1472 4968 1752 5024 vertendo
1799 4986 1929 5025 sum
2030 4987 2098 5025 ne
2131 4974 2274 5024 totus
2301 4978 2559 5039 aucupor,
2581 4965 2748 5039 ﬁnita
2768 4965 2854 5039 hic
2883 4965 3135 5039 oratigne
3164 4963 3541 5039 calamitatuni
3570 4979 3688 5016 ver-

274 5046 540 5095 secutus.

337 5112 458 5190 $72)
508 5105 722 5190 Τῶν-,ιδ’
774 5106 985 5190 ᾅλῌλων.
1017 5108 1124 5190 ,Ἠ“
1165 5104 1223 5190 δὲ
1281 5106 1451 5190 logei,
1468 5106 1544 5190 ‘éc
1575 5108 1674 5176 τήν
1706 5108 1928 5190 Ἀδρια-

275 5177 369 5256 vei:
398 5177 545 5256 παρὰ
574 5177 750 5256 πόδας
775 5181 953 5249 ἶοῦσα,
1013 5177 1183 5256 ἐκεῖσὲ
1225 5200 1301 5256 πη
1356 5178 1552 5256 βάλλει
1582 5177 1926 5256 στρατήγιον,

274 5253 366 5325 καὶ
391 5250 657 5325 ταυτησὶ,
689 5256 964 5325 πειριῖιταιΔ
996 5250 1133 5325 κατά
1186 5250 1388 5324 κράτος
1421 5251 1585 5325 ἐλεῖν.
1619 5250 1782 5308 Ἀλλί
1804 5250 1925 5308 ἐπεὶ

273 5322 549 5414 ἀπείρρὲα
570 5321 699 5414 ἐτᾶς
754 5321 897 5413 τῶν-
919 5321 1141 5414 eine;in
1201 5321 1483 5414 συμφοράς
1537 5325 1925 5414 συγγραφόμε-

273 5341 549 5400 απειρηκα
605 5345 699 5385 τας
754 5344 862 5377 των
919 5341 1134 5376 οικειων
1201 5342 1383 5399 συμφο
1424 5343 1483 5385 ας
1537 5341 1818 5414 συγγραφο

271 5415 388 5468 νος,
422 5394 534 5467 ἢδη
570 5392 629 5449 δὲ
685 5393 775 5448 καὶ
831 5399 930 5468 τῇς
989 5392 1063 5454 είς
1116 5389 1191 5446 ἕω
1226 5341 1586 5468 ’μεταὲάσεως
1616 5414 1753 5454 απας
1780 5345 1867 5467 γίῗ

272 5463 383 5539 μαι
435 5463 668 5523 ἐνταῦθα
717 5468 817 5539 τοῦ
874 5463 1081 5539 λέγειν,
1132 5463 1357 5537 σχάσας,
1415 5469 1516 5519 τοῦ
1580 5470 1688 5539 τῶν
1747 5463 1925 5520 κακῶν

1419 5413 1586 5454 ασεως
1616 5413 1753 5454 απας
1780 5413 1895 5467 γινο
1905 5425 1926 5436 ·

2035 5042 2264 5110 tiginem
2300 5038 2597 5110 deponam.
2662 5035 2780 5088 Hoc
2836 5034 2967 5110 loco
3022 5034 3397 5110 Byzantinus
3433 5034 3620 5110 codex
3650 5050 3684 5110 a_

2033 5102 2253 5168 Jdanne
2299 5102 2716 5175 De'rnschwam
2760 5104 3000 5158 nomine
3054 5102 3118 5158 D.
3161 5104 3402 5159 Antonii
3441 5104 3686 5175 Fuggeri

2035 5181 2197 5257 Cp‘oli
2221 5183 2453 5257 emptus
2473 5172 2781 5257 abrumpit
2800 5176 3133 5257 historiam,
3149 5175 3445 5257 etlibrarii
3469 5172 3689 5229 nomen

2038 5243 2349 5324 subjicitur
2393 5244 2485 5298 his
2540 5243 2800 5324 verbis_:_
2840 5243 3165 5324 Ἐρτελειώθη
3263 5248 3507 5324 παροῦσα
3554 5262 3693 5324 χροῒ

2035 5313 2166 5395 νικῆ
2231 5313 2427 5395 βίβλῗξ
2487 5313 2688 5395 κΡΡίΟ⁰
2747 5316 3138 5395 Νικῄτακτοῦ,
3191 5313 3528 5395 Χωνέιᾴξτοέ,
3559 5313 3695 5395 γέέαίί

2038 5380 2174 5466 ἐμοῧ
2225 5380 2325 5466 ἕτοῇ
2373 5380 2685 5452 ἐλαχίστου
2721 5384 2799 5466 ,ἐν
2868 5380 3699 5466 ἵεροδιακόνοις,“Ἀλεξάνδρου

2033 5453 2134 5536 τοῦ
2169 5458 2431 5536 μεγάλουΙ
2474 5453 2941 5536 χαρξῑοφύλακοςζ
2957 5460 3063 5536 τῆς
3107 5456 3239 5536 τοῦ-
3267 5453 3705 5536 Χριστῷ-μεγά-

548 5520 921 5614 πεπαύσομαι.
954 5520 1248 5614 ’Βείίᾳιιῖξξ-
1274 5520 1543 5614 efcei'citus
1572 5538 1908 5614 Adrianopo-

2037 5520 2651 5614 ληίξέκληισίῆῗξξὶθ
2684 5520 2823 5583 ’ἓτει
2879 5529 2956 5596 τῷ
3012 5520 3117 5601 τιεῖ
3175 5529 3254 5595 τῷ
3310 5520 3437 5598 {nivi
3486 5520 3712 5594 Μειρέῑῳ

266 5605 546 5670 lim-recta
586 5605 916 5666 contendens
947 5612 1127 5663 castra
1168 5605 1250 5661 ibi
1297 5609 1458 5677 locat,
1491 5624 1718 5679 eamque
1744 5611 1802 5666 vi
1821 5605 1926 5666 ca:-

604 5728 863 5786 Parnon.
911 5725 1019 5785 Ga.
1067 5722 1381 5784 CXXXIX.

2037 5589 2328 5681 ἱσταμένου
2359 5589 2550 5665 ἧμέρᾳ
2584 5589 2636 5647 δ’
2649 5635 2667 5652 ο

3324 5713 3403 5769 32
