4120 6284
441 355 594 416 1003

1781 349 2104 410 NICET/E
2145 347 2563 409 CHONIATA'I

3692 340 3848 404 1004

443 491 506 545 in
529 487 680 544 colla
698 485 1008 558 recipiunt,
1041 483 1171 556 equi
1195 482 1562 540 occiduntur.
1591 481 1893 554 Tanquam
1927 482 2084 537 enim

2201 479 2332 535 κατὰ
2361 479 2564 554 κράτος
2605 475 2846 556 εἴχοντο,
2904 474 2958 530 οἱ
3013 470 3071 530 δὶ
3123 472 3192 530 τὰ
3247 476 3398 530 νῶτα
3452 467 3848 547 μεταϐαλόντες

445 583 572 635 atra
599 581 657 634 et
686 580 968 650 perpetua
999 575 1207 642 nubes,
1267 574 1347 629 ita
1399 571 1620 644 Scythae
1678 571 1996 638 irruebant,
2029 575 2095 627 ut

445 682 640 738 neque
669 663 957 736 explicare
986 677 1115 718 sese
1141 676 1330 732 neque
1376 659 1654 732 diffugere
1704 664 1962 731 possent.
1996 660 2092 715 Ge-

444 755 715 812 ciderunt
736 755 890 810 814
921 751 1101 824 igitur
1129 766 1330 806 omnes
1389 749 1694 806 lectissimi
1756 749 2090 804 Latinorum

447 844 674 916 equites
695 841 953 898 ethastis
975 839 1274 896 vibrandis
1297 839 1576 894 celebres.
1611 837 1778 894 Cadit
1837 841 1894 894 et
1949 838 2092 893 Pleas

447 946 642 988 comes
671 929 966 986 Doloicus.
1000 927 1317 984 Balduinus
1373 943 1507 982 vero
1567 925 1795 998 capitur
1825 931 1882 981 et
1929 926 2094 982 vivus

445 1020 508 1076 in
539 1020 787 1092 Mysiam
817 1017 1171 1086 abducitur;
1197 1021 1369 1088 atque
1407 1015 1543 1070 inde
1595 1015 1926 1070 Ternobum
1962 1030 2092 1086 per-

447 1109 660 1164 ductus
681 1115 734 1164 el
753 1106 813 1162 in
835 1122 1126 1162 carcerem
1153 1106 1476 1175 conjectus,
1508 1101 1758 1159 vinculis
1805 1118 1988 1174 usque
2019 1101 2091 1158 ad

447 1196 658 1254 collum
688 1199 982 1252 oneratur.
1012 1192 1342 1266 Principale
1371 1207 1506 1249 vero
1551 1196 1608 1247 et
1637 1190 2093 1247 callidissimum

447 1285 673 1342 malum
705 1290 764 1342 et
792 1284 1054 1342 omnium
1099 1283 1494 1338 Romanorum
1549 1279 1806 1336 cladium
1867 1280 2096 1352 primus

447 1379 666 1442 auctor,
680 1374 937 1430 Venetiae
960 1373 1076 1429 dux
1094 1372 1422 1437 Dandulus,
1451 1371 1552 1441 qui
1613 1378 1937 1426 extremum
1994 1385 2095 1441 ag-

451 1481 586 1522 men
608 1463 936 1534 claudebat,
969 1461 1134 1518 clade
1163 1460 1448 1516 exercitus
1469 1476 1538 1516 cx
1567 1459 1928 1532 iugientibus
1988 1475 2093 1514 co-

451 1553 616 1626 gnita
637 1551 836 1609 statim
859 1550 1152 1608 conversis
1176 1548 1355 1605 frenis
1374 1549 1436 1604 in
1459 1552 1650 1604 castra
1697 1551 1968 1620 properat
1993 1564 2006 1616 ;
2039 1551 2098 1604 et

451 1651 516 1698 ut
540 1659 652 1698 nox
673 1641 1004 1714 supervenit
1049 1641 1205 1708 (nam
1230 1636 1495 1710 praelium
1541 1637 1649 1692 sub
1678 1653 1973 1709 vesperam
2007 1640 2098 1694 est

451 1731 883 1802 commissum),
907 1728 1132 1785 lumina
1151 1728 1210 1783 in
1233 1726 1484 1782 tentoria
1511 1725 1713 1781 inferri
1735 1729 1792 1782 et
1813 1725 2096 1796 plurimas

2203 567 2451 624 συντόνου
2519 563 2764 641 δρασμου
2837 563 3106 634 ἥπτοντο,
3163 561 3219 626 ἐς
3273 561 3526 619 τοὺπίσω
3582 561 3650 616 τὰ
3712 561 3845 636 βέλη

2199 659 2511 730 πέμποντες
2542 653 2632 710 καὶ
2692 650 2824 728 μηδ’
2875 653 3020 708 οὓτω
3067 655 3165 709 τοῦ
3205 649 3422 730 φεύγειν
3452 649 3846 726 προτροπάδην

2201 743 2609 818 ἐπιλαθόμενον
2663 743 2716 798 οἱ
2774 739 2832 797 δὲ
2896 740 3170 797 ἐπέκειντο
3224 741 3318 796 καὶ
3385 741 3560 802 οὓτως
3620 738 3848 796 διώκον-

2201 858 2312 908 τες,
2351 835 2448 892 κᾶν
2499 833 2651 890 ούδὶν
2707 834 2872 904 ἤνυον
2927 829 3240 904 πτηνώδεσι
3311 831 3402 886 καὶ
3476 831 3706 909 κούφοις
3766 828 3848 886 διὰ

2201 927 2301 996 τήν
2335 923 2554 980 ὅπλισιν
2608 921 2860 1000 ἀνδράσιν
2920 921 3266 1000 ἐφεπόμενοι.
3323 920 3429 978 Καὶ
3471 925 3722 976 τοιοῦτον
3759 921 3848 992 μὲν

2201 1015 2367 1090 πέρας
2418 1015 2485 1068 τὰ
2540 1019 2640 1084 τῆς
2695 1013 2813 1077 τόθ’
2859 1011 3070 1086 ἡμέρας
3116 1009 3432 1084 εἰλήφεσαν·
3471 1007 3532 1064 ἐκ
3561 1007 3620 1064 δὲ
3655 1008 3843 1064 τούτου

2203 1105 2459 1175 Ἰωάννης
2520 1103 2613 1176 μὲν
2671 1102 2734 1158 τὸ
2792 1101 2990 1157 οἰκεῖον
3051 1101 3361 1176 στράτευμα
3408 1097 3556 1174 ἔχων
3609 1098 3838 1156 αὐλῶσιν

2200 1191 2434 1269 ἐνελόχα
2461 1193 2551 1248 καὶ
2582 1191 2860 1270 φάραγγας
2912 1187 3176 1247 ὑπεδύετο
3225 1189 3318 1244 καὶ
3359 1189 3553 1250 τόποις
3602 1187 3844 1262 ἐπῃρμέ-

2201 1304 2316 1346 νοις
2350 1283 2424 1344 εἷς
2458 1279 2681 1360 γήλοφα
2709 1278 3026 1357 παρεδύετο,
3065 1276 3196 1352 μηδ’
3257 1279 3302 1334 εἰ
3349 1279 3602 1354 πάρεστιν
3657 1276 3844 1334 εΐδέναι

2202 1369 2447 1428 σπεύδων
2481 1371 2608 1434 τοὺς
2657 1369 3097 1430 ἀντιπίπτοντας·
3131 1367 3191 1424 ἐκ
3224 1365 3280 1424 δὶ
3307 1375 3407 1439 τῆς
3453 1365 3716 1433 Σκυθίδος
3747 1368 3848 1443 φά-

2203 1463 2412 1540 λαγγος
2439 1463 2505 1530 ἧς
2535 1461 2563 1516 ὁ
2594 1465 2807 1530 Κοτζᾶς
2838 1461 3188 1536 ἡγεμόνευεν,
3230 1455 3295 1514 αὖ
3342 1457 3510 1512 πάλιν
3541 1454 3846 1512 ἐπελαύνειν

2200 1557 2280 1624 τῷ
2319 1546 2669 1626 στρατοπεδῳ
2718 1553 2828 1604 τῶν
2876 1545 3125 1604 Λατίνων
3183 1545 3418 1620 διαφῆκε
3469 1547 3732 1623 συχνοὺς,
3760 1546 3851 1600 καὶ

2200 1638 2371 1695 ταύτὰ
2398 1642 2514 1701 τοῖς
2545 1639 2807 1714 πρότερον
2855 1635 2984 1709 δρᾷν
3033 1634 3390 1710 ἐγκελεύεται,
3435 1634 3691 1707 κάκείνης
3729 1633 3854 1710 ἔχε-

2203 1727 2324 1783 σθάι
2378 1734 2478 1798 τῆς
2527 1725 2748 1802 πορείας
2806 1725 3306 1804 ἐπαναστρέφοντας
3351 1727 3418 1795 ἧς
3464 1725 3850 1799 καὶπρότερον

449 1837 624 1893 pyras
647 1819 878 1875 incendi
902 1816 1414 1890 jubet,utRomani
1439 1819 1712 1887 putarent
1732 1831 1848 1870 non
1862 1830 2093 1870 omnem

626 1909 658 1923 ..
898 1907 931 1920 η
1011 1921 1021 1923 -
1936 1903 2088 1923 ,πε-η

2206 1814 2446 1892 εἷ’χοντο.
2479 1818 2546 1874 Οἱ
2578 1813 2636 1870 δὲ
2665 1816 2738 1877 ὡς
2777 1813 2904 1878 τοὺς
2955 1815 3167 1878 Σκύθας
3199 1815 3354 1878 αὗθις
3381 1814 3684 1886 θεάσαιντο,
3715 1815 3852 1888 πρὸς

2355 1903 2409 1923 δι
2571 1904 2586 1923 \
2683 1905 2697 1923 3
2749 1905 2760 1923 1
2939 1903 2981 1923 I\
3152 1915 3170 1923 Α
3257 1901 3278 1923 λ
3369 1904 3380 1923 Ι
3662 1903 3677 1923 \
3725 1903 3739 1923 ο
3793 1903 3809 1922 κ

451 1909 768 1964 exercitum
789 1907 1031 1980 periisse
1049 1913 1147 1960 aut
1168 1921 1227 1961 se
1253 1919 1512 1976 pugnam
1563 1905 1902 1960 detrectare.
1934 1903 2093 1960 Circa

2208 1903 2450 1976 σπουδὴν
2499 1904 2588 1962 καὶ
2641 1905 2832 1960 αὐτίκα
2881 1903 3030 1978 μάλα
3076 1901 3544 1978 καθοπλισάμενοι
3588 1903 3678 1959 καὶ
3721 1903 3854 1980 ὑπὲρ

449 1998 702 2071 primam
723 1997 910 2054 noctis
923 1993 1172 2068 vigiliam
1189 1995 1543 2050 maritimam
1561 1991 1926 2048 Rhaadestum
1959 2009 2094 2049 cum

450 2087 649 2144 Errico
671 2086 940 2142 Balduini
967 2087 1166 2152 fratre,
1201 2084 1370 2138 modo
1413 2081 1774 2154 Adramyttio
1800 2098 1931 2136 cum
1963 2083 2097 2137 Tro-

441 2177 605 2248 janis
632 2175 925 2233 Armeniis
948 2189 1199 2239 reverso,
1234 2173 1332 2244 qui
1351 2172 1460 2228 sub
1481 2188 1547 2228 eo
1568 2171 1922 2243 militabant,
1955 2187 2092 2228 con-

450 2282 692 2340 gressus
723 2263 1062 2337 Byzantium
1088 2261 1280 2328 rediit,
1301 2261 1611 2317 intestinis
1649 2261 1781 2332 fuga
1805 2264 1890 2316 tot
1919 2277 2089 2334 para-

448 2371 766 2427 sangarum
781 2353 969 2424 ruptis
982 2349 1309 2406 etscrotoin
1355 2351 1712 2405 immensum
1750 2351 2087 2408 tumefacto.

2203 1997 2302 2064 τῆν
2333 1993 2563 2074 ἔναγχος
2609 1993 2896 2069 εὐρώστως
2945 1990 3242 2062 ἐπέκειντο,
3275 1993 3343 2048 τὰ
3371 1990 3570 2069 δόρατα
3597 1993 3852 2065 σείοντες,

2201 2084 2331 2140 κάπὶ
2363 2084 2426 2139 τὸ
2460 2081 2672 2157 μᾶλλον
2703 2083 2796 2138 τὸν
2835 2080 3040 2159 δρόμον
3075 2081 3367 2140 ἐπέτεινον.
3409 2081 3499 2144 Ὣς
3531 2079 3588 2136 δὲ
3615 2083 3677 2137 τὸ
3711 2088 3851 2136 Σκυ-

2202 2172 2350 2236 θικὸν
2379 2177 2618 2248 προῆγεν
2665 2171 2926 2241 εὐπετῶς,
2964 2171 3032 2225 τὰ
3077 2167 3265 2226 πολλά
3308 2167 3447 2244 μηδὲ
3477 2170 3694 2240 τοξεῦον
3726 2168 3853 2223 ὄπι-

2201 2263 2339 2332 σθεν,
2373 2260 2447 2322 ὡς
2484 2260 2577 2333 μὶν
2617 2260 2838 2338 κούφως
2871 2257 3220 2332 ἐσταλμένον,
3262 2259 3336 2322 ὡς
3369 2256 3426 2314 δὲ
3452 2259 3540 2314 καὶ
3571 2256 3855 2334 δρομικω-

2197 2350 2377 2424 τέροις
2398 2346 2592 2411 ἵπποις
2623 2347 2949 2424 ὄχούμενον,
2998 2345 3188 2404 ἔλαθον
3235 2347 3311 2410 εἰς
3355 2347 3611 2404 πλεῖστον
3647 2347 3770 2403 ὅσον
3802 2349 3856 2404 οἱ

446 2447 671 2500 Λατῖνοι
701 2439 1126 2512 ἐξιππασάμενοι
1155 2438 1246 2492 καὶ
1275 2440 1383 2492 τῶν
1422 2437 1648 2516 χωρίών
1708 2435 1974 2510 ἁψάμενοι
2025 2437 2248 2512 ἀμαθῶς
2302 2437 2357 2494 ἐν
2417 2439 2504 2500 οἶς
2551 2439 2606 2493 αἱ
2653 2439 2824 2513 πάγαι
2868 2436 2960 2492 καὶ
3011 2438 3064 2492 οἱ
3115 2435 3282 2514 λόχοι
3312 2438 3402 2493 καί
3431 2437 3498 2493 τὰ
3525 2433 3715 2512 ἓνεδρα
3744 2436 3854 2494 διεο

451 2531 732 2588 σκιύαστο.
792 2525 1016 2601 Ἀμέλει
1074 2527 1165 2580 καὶ
1224 2527 1515 2586 Σκυθικοῖς
1571 2525 1780 2598 ἀκμῆσι
1835 2527 2306 2600 περιπεπτωκότες
2363 2530 2612 2602 στρατοῖς
2670 2526 2828 2582 αὐτοὶ
2857 2530 2960 2592 τῆς
2992 2523 3122 2580 ὁδοῦ
3151 2529 3220 2600 τῇ
3253 2526 3504 2598 συντονίᾳ
3533 2525 3656 2582 ἐκτο
3687 2529 3853 2582 ωοέν-

444 2639 534 2683 τες
582 2617 673 2673 καὶ
723 2615 992 2692 λαμπρῶς
1040 2613 1150 2685 ἤδη
1202 2613 1350 2689 σφίσι
1397 2618 1508 2668 τῶν
1554 2614 1742 2668 ἳππων
1785 2613 2251 2687 ἀποκναισάντων,
2313 2615 2367 2670 ἐν
2429 2614 2578 2688 μέσῳ
2631 2610 3148 2688 ἀπολαμϐάνονται·
3201 2616 3256 2670 οἱ
3303 2615 3401 2692 γὰρ
3449 2614 3652 2679 Σκύθαι
3694 2617 3768 2678 ὡς
3799 2615 3852 2680 ἐς

443 2707 720 2764 κύκλωσιν
753 2703 950 2768 αὐτοὺς
979 2703 1291 2778 περιῄεσαν.
1326 2705 1393 2762 Ol
1425 2700 1504 2774 δὲ,
1537 2703 1612 2763 ὡς
1642 2701 1694 2757 ἐν
1724 2703 1910 2782 χερσὶν
1961 2705 2028 2773 ἦν
2083 2705 2112 2759 ὁ
2161 2704 2330 2778 ἀγὼν,
2373 2708 2454 2776 τῷ
2499 2703 2702 2775 πλήθει
2750 2707 2858 2759 τῶν
2890 2709 3116 2768 Σκυθῶν
3152 2703 3473 2780 βιαζόμενοι
3503 2705 3853 2778 ἄνετρέποντο

446 2801 555 2854 τῶν
613 2795 822 2866 ἳππων,
873 2791 1102 2850 πολλῶν
1159 2790 1252 2847 ἕνα
1291 2791 1640 2869 περιιόντων,
1698 2790 1788 2848 καὶ
1849 2789 2092 2866 δράπανα
2148 2793 2240 2849 καὶ
2297 2793 2541 2872 βρόχους
2597 2790 2856 2868 ἐδέχοντο
2913 2793 3050 2848 κατά
3103 2797 3210 2847 τῶν
3243 2793 3490 2868 αύχένων
3524 2794 3576 2848 οἱ
3608 2791 3850 2870 σκληρο-

443 2883 750 2962 τράχηλοι,
799 2884 890 2938 καὶ
931 2884 995 2938 τὸ
1047 2887 1245 2958 χρῆμα
1289 2885 1397 2936 τῶν
1438 2879 1624 2936 τίππων
1669 2881 1992 2956 κατῃκίζετο
2048 2882 2122 2945 ὡς
2171 2883 2276 2959 γὰρ
2313 2881 2480 2956 μέλαν
2517 2882 2672 2961 νέφος
2701 2883 2790 2938 καὶ
2823 2882 3046 2958 συνεχὲς
3077 2887 3184 2937 τῶν
3216 2887 3438 2947 Σκυθῶν
3471 2881 3848 2940 ἐπεισπεπτω-

445 2975 622 3030 κότων
683 2971 807 3029 οὔτε
857 2971 1046 3028 Ἱππων
1101 2970 1410 3047 ἐξελιγμοῖς
1470 2972 1778 3046 χρήσασθαι
1836 2972 1990 3046 εἶχον
2046 2969 2172 3027 οὔτε
2227 2968 2494 3052 διαφυγὰς
2545 2969 2692 3047 δρᾷν.
2743 2973 2974 3029 Ἔπεσον
3027 2969 3120 3025 οὖν
3170 2971 3369 3026 ὁπόσον
3418 2975 3515 3026 τοῦ
3557 2977 3850 3029 Λατινικοῦ

443 3065 536 3138 [Ρ.
597 3064 724 3136 397]
781 3061 1006 3140 στίφους
1066 3058 1348 3116 ἐπίλεκτὸν
1407 3061 1499 3114 καὶ
1554 3065 1670 3123 ταῖς
1725 3065 1832 3118 τῶν
1889 3058 2132 3137 δοράτων
2192 3061 2534 3136 ἄγκοινήσεσι
2595 3063 2966 3136 περιώνυμον.
3018 3061 3209 3118 Πίπτει
3261 3059 3437 3118 δὲκαὶ
3469 3065 3626 3133 ὁτῆς
3667 3063 3852 3135 Πλέης

443 3152 627 3226 κόμης
683 3149 966 3214 Δολόῖκος.
1005 3151 1070 3206 Ὀ
1129 3147 1186 3204 δὲ
1242 3147 1572 3211 Βαλδουῖνος
1633 3154 1914 3225 χειροῦται
1974 3151 2063 3206 καὶ
2127 3150 2363 3227 ζωγρίας
2426 3150 2502 3214 εἰς
2559 3152 2774 3209 Μυσίαν
2815 3150 3102 3228 ἀπάγεται,
3159 3152 3402 3216 κάκεῖθεν
3463 3152 3540 3216 εἷς
3581 3148 3850 3227 Τέρνοϐον

441 3239 724 3312 κομισθεὶς
768 3238 956 3313 εἱρκτῇ
1008 3233 1369 3312 παραδίδοται
1407 3236 1495 3292 καὶ
1539 3235 1709 3310 δεσμᾶ
1744 3236 1849 3300 ’ὲως
1906 3237 2196 3314 τραχήλου
2253 3237 2561 3316 ὑφίσταται,
2601 3239 2678 3296 Τὸ
2718 3237 2766 3294 δ’
2804 3239 3165 3314 ἀρχαιότατον
3214 3238 3304 3294 καί
3355 3240 3852 3316 πολυτροπωτατον

439 3328 630 3398 κακὸν,
675 3327 768 3382 καὶ
825 3331 932 3380 τῶν
975 3325 1313 3380 ἀπευκταίων
1351 3326 1564 3381 πάντων
1641 3325 1941 3399 Ῥωμαίοις
2014 3329 2370 3404 πρωτουργὸν
2449 3325 2645 3398 α’ίτιον,
2723 3329 2752 3384 ὁ
2826 3335 2924 3399 τῆς
3003 3331 3252 3390 Βενετίας
3328 3326 3449 3404 δοὺξ
3527 3329 3858 3402 Δάνδουλος,

441 3416 670 3478 ὕστατος
703 3413 948 3471 ἐλαύνων
988 3415 1093 3469 κάκ
1131 3417 1239 3470 τῶν
1287 3411 1545 3492 φυγάδων
1585 3416 1685 3484 τήν
1743 3419 1840 3470 τοῦ
1897 3416 2300 3492 στρατεύματος
2339 3419 2504 3486 ἧτταν
2547 3416 2969 3491 ἐνωτισάμενος,
3030 3417 3091 3472 ἐκ
3143 3421 3240 3474 τοῦ
3304 3419 3498 3474 αὐτίκα
3562 3422 3863 3496 μεταστρέ-

443 3509 549 3580 ψας
603 3504 670 3560 τὰ
733 3502 936 3579 χαλινὰ
975 3500 1027 3564 ἐς
1063 3501 1126 3557 τὸ
1165 3499 1534 3578 στρατόπεδον
1575 3505 1816 3582 φέρεται,
1854 3505 1945 3567 Ὠς
2013 3501 2072 3560 δὲ
2125 3505 2215 3560 καὶ
2281 3506 2371 3576 νὺξ
2441 3504 2649 3576 ἐπῆλθε
2717 3507 2860 3580 (περὶ
2899 3507 3003 3582 γὰρ
3043 3504 3230 3578 δείλην
3268 3507 3296 3561 ὁ
3335 3505 3582 3583 πόλεμος
3619 3513 3863 3585 γεγονε),

442 3599 601 3673 φῶτα
665 3593 1059 3669 εῒσενὲγκασθαι
1126 3595 1248 3654 ταῖς
1315 3598 1535 3663 σκηναῖς
1599 3591 1920 3664 ἐπισκήπτει
1959 3595 2048 3648 καὶ
2120 3592 2416 3656 πλείστους
2483 3593 2657 3669 αἶ’ρσιν
2707 3594 2946 3670 πυρσοὺς
3015 3595 3090 3658 εἰς
3153 3593 3384 3676 ἔμφασιν
3423 3601 3519 3652 τοῦ
3563 3601 3639 3671 μὴ
3681 3605 3862 3656 πᾶσαν

441 3678 756 3758 ἐκτριϐῆναι
795 3684 896 3753 τήν
957 3680 1210 3756 στρατιὰν
1255 3679 1396 3754 μηδὲ
1451 3683 1584 3759 σφᾶς
1652 3680 2039 3738 ἀποδειλιᾶσαι
2105 3683 2197 3739 τὸν
2265 3684 2535 3758 πόλεμον.
2578 3683 2708 3758 Περὶ
2775 3682 2833 3739 δὲ
2897 3685 3122 3761 πρώτην
3188 3683 3438 3764 φυλακὴν
3492 3689 3593 3756 τῆς
3666 3690 3870 3755 νυκτὸς

439 3773 668 3835 ἀναστὰς
709 3770 909 3827 ἐκεῖθεν
951 3771 1027 3834 εἷς
1063 3771 1162 3838 τήν
1202 3769 1475 3845 παράλιον
1529 3769 1682 3827 ἵκετο
1750 3769 2075 3840 Ῥαιδεστὸν,
2141 3771 2231 3828 καὶ
2289 3772 2561 3846 συμμίξας
2847 3779 2926 3846 τῷ
2979 3779 3079 3830 τοῦ
3139 3773 3479 3832 Βαλδουίνου
3536 3781 3866 3853 κασιγνήτῳ

443 3859 564 3935 ἄρτι
595 3859 647 3934 ἐξ
679 3860 1081 3936 ’Λτραμυττίου
1113 3859 1443 3931 ἐπανήκοντι
1477 3861 1612 3934 μετὰ
1661 3865 1768 3916 τῶν
1807 3862 1870 3916 ’ἐκ
1919 3861 2124 3936 Τροίας
2168 3861 2490 3935 Ἀρμενίων,
2527 3861 2682 3938 οἳπερ
2717 3863 2868 3934 αύτῷ
2915 3865 3350 3938 συνεστράτευον,
3382 3863 3436 3928 ἐς
3465 3866 3530 3920 τὸ
3559 3867 3866 3937 Βυζάντιον

442 3949 775 4022 ἐπανέζευξε,
809 3947 1201 4026 διερῥηγμένος
1229 3949 1320 4004 τόν
1357 3951 1608 4022 στήμονα
1636 3955 1744 4004 τῶν
1777 3948 2003 4024 ἐντέρων
2035 3953 2153 4012 τοῖς
2184 3947 2424 4015 πολλοῖς
2452 3951 2828 4026 παρασάγγαις
2862 3948 2956 4016 οὕς
2985 3951 3038 4007 ἐν
3065 3955 3144 4024 τῷ
3174 3952 3390 4032 φεύγειν
3424 3950 3733 4028 διίππευσε,
3763 3958 3865 4014 καὶ

447 4036 738 4110 διῳδηκὼς
765 4037 854 4094 ἐπὶ
885 4039 1018 4112 μέγα
1045 4039 1138 4094 τὸν
1169 4037 1650 4116 κυλινδροφύλακα
1682 4036 1942 4103 θύλακον.

545 4129 695 4186 815
733 4131 820 4184 11.
855 4130 1095 4186 Βοωουὶ
1119 4147 1272 4201 vero,
1296 4131 1397 4202 qui
1445 4131 1637 4186 adhuc
1672 4131 1733 4186 in
1763 4132 1909 4186 urbe
1927 4133 2093 4186 erant

2304 4129 2388 4186 ια“.
2419 4129 2686 4203 Ῥωμαῖοι
2756 4125 2804 4185 δ’
2859 4128 2948 4186 ἐπὶ
3006 4129 3246 4199 τούτοις,
3279 4132 3398 4188 ὅσοι
3453 4139 3523 4208 τῇ
3583 4137 3886 4192 Κωνσταν-

473 4232 590 4288 prae
621 4221 778 4274 metu
809 4218 1012 4274 dentes
1049 4220 1413 4291 quatiebant,
1447 4220 1766 4276 etiamnum
1815 4219 1973 4276 velut
2019 4219 2093 4274 in«

2218 4217 2368 4274 τίνου
2398 4219 2754 4294 προσέμενον,
2803 4221 2884 4292 τῷ
2937 4217 3042 4275 δέει
3090 4219 3215 4283 τοὺς
3255 4217 3478 4285 ὀδόντας
3509 4218 3883 4299 ἐϐάμϐαινον,

471 4309 703 4362 tuentes
720 4305 1061 4363 Latinorum
1083 4312 1286 4364 contra
1301 4324 1364 4364 se
1394 4308 1628 4366 strictos
1659 4309 1886 4382 gladios
1935 4311 1993 4364 et
2023 4306 2093 4363 di-

2217 4304 2295 4362 ἔτι
2321 4305 2682 4382 προκείμενον
2743 4305 2964 4382 ἔχοντες
3030 4306 3342 4386 ὀφθαλμοῖς
3395 4312 3490 4367 τὸν
3551 4315 3691 4368 κατά
3719 4321 3885 4391 σφῶν

465 4395 791 4468 reptionem
824 4395 1112 4453 bonorum
1147 4413 1162 4465 ς
1197 4397 1414 4469 quibus
1443 4398 1618 4454 rebus
1672 4401 1806 4470 post
1845 4395 2093 4454 Balduin‘

2215 4393 2520 4470 ἐκεισισμὸν
2583 4400 2690 4452 τῶν
2751 4394 2999 4452 Λατίνων
3059 4397 3148 4452 καὶ
3221 4401 3322 4468 τὴν
3378 4397 3690 4478 διαρπαγὴν
3752 4409 3878 4461 τῶν

461 4485 787 4543 discessum
813 4485 1152 4558 nullajusla
1171 4487 1399 4544 ratione
1423 4486 1624 4542 afﬂicti
1672 4490 1858 4556 erant,
1887 4486 2093 4544 mensi:

2215 4485 2546 4560 προσόντων,
2594 4483 2627 4540 ἃ
2681 4485 2799 4540 κατ’
2847 4483 3039 4541 οὐδένα
3095 4484 3302 4542 δίκαιον
3356 4487 3522 4566 λόγον
3559 4491 3875 4564 ὑπέστησαν

457 4573 646 4632 Martii
679 4575 773 4631 die
801 4576 892 4645 25,
924 4574 1245 4632 indictione
1301 4577 1334 4629 8
1393 4575 1531 4632 anni
1578 4576 1743 4632 6713.
1774 4576 1885 4632 Sed
1917 4584 1972 4632 et
1997 4593 2093 4632 nos

2215 4574 2349 4647 μετά
2375 4576 2476 4645 τὴν
2508 4572 2568 4630 ἐκ
2622 4581 2722 4644 τῆς
2778 4573 2992 4636 πόλεως
3048 4574 3278 4652 ἄπαρσιν
3323 4577 3688 4654 Βαλδουίνου,
3717 4579 3876 4656 πέμ-

451 4665 642 4721 adhuc
673 4664 948 4739 Selybriaa
978 4664 1254 4736 inquilini
1279 4669 1568 4721 extremas
1591 4663 1787 4722 clades
1809 4669 2093 4736 exspecta-

2207 4684 2346 4734 πτην
2379 4662 2606 4742 ἄγοντος
2652 4663 2742 4719 καὶ
2785 4663 3035 4733 εἰκοστήν
3083 4669 3180 4720 τοῦ
3224 4667 3466 4741 Μαρτίου
3520 4670 3720 4742 μηνὸς,
3761 4679 3874 4742 τῆς

449 4752 684 4825 bamus,
719 4754 1098 4810 Daonitarum
1132 4753 1452 4810 vicinorum
1511 4753 1813 4809 interitum
1867 4757 2093 4810 tantum

2203 4755 2330 4809 τότε
2381 4753 2688 4828 τρεχούσης
2745 4751 2947 4827 ὀγδόης
3007 4751 3365 4828 ἰνδικτιῶνος,
3420 4763 3520 4813 τοῦ
3581 4759 3874 4838 ἑξακισχι-

451 4861 568 4900 non
607 4846 666 4902 in
697 4853 1018 4918 conspectu
1050 4847 1355 4918 habentes,
1387 4850 1444 4903 et
1466 4845 1743 4918 evestigio
1788 4861 2093 4917 percusso-

2205 4840 2435 4898 λιοστοῦ
2491 4845 2913 4898 ἐπτακοσιοστοῦ
2976 4844 3164 4918 τρίτου
3230 4845 3320 4900 καὶ
3389 4844 3620 4904 δεκάτου
3685 4846 3874 4916 ἔτους.

447 4949 539 4988 res
598 4935 818 4991 strictis
875 4937 1118 4993 ensibus
1171 4935 1492 5009 Selybriam
1561 4935 1982 5006 ingredientes,
2042 4941 2093 4990 et

2201 4931 2380 4986 Ἀλλὰ
2410 4933 2498 4987 καὶ
2557 4934 2720 5004 ἡμεῖς
2765 4929 2844 4986 ἔτι
2901 4937 3292 5007 παροικοῦντες
3345 4940 3414 5010 τῇ
3469 4935 3764 5015 Σηλυϐρίᾳ
3797 4945 3873 4997 τὰ

443 5020 752 5078 fasciculos
777 5030 1008 5082 nostros
1027 5033 1082 5080 et
1108 5042 1331 5096 pannos
1357 5025 1720 5096 diripientes.
1751 5024 2093 5095 Imperatrix

2201 5025 2305 5076 τῶν
2367 5025 2544 5076 κακῶν
2609 5019 2814 5095 ἔσχατα
2888 5021 3170 5096 εἰκάζομεν
3225 5026 3523 5100 πείσεσθαι,
3582 5031 3684 5100 τὴν
3748 5035 3868 5086 τῶν

440 5109 582 5164 urbs
607 5109 674 5164 12
700 5111 792 5167 die
820 5113 1056 5184 Aprilis,
1083 5113 1453 5171 indictione7
1477 5114 1616 5170 anni
1639 5113 1782 5167 6712.
1803 5130 1838 5169 a
1865 5111 2093 5168 Latinis

2201 5116 2464 5166 Δαονιτῶν
2519 5109 2790 5186 ἀναίρεσιν
2858 5109 2916 5166 ἐκ
2991 5111 3250 5188 γειτόνων
3309 5113 3471 5171 οὖσαν
3531 5117 3699 5192 μόνον
3759 5121 3872 5176 οὐκ

437 5202 607 5287 capta
636 5201 858 5254 cst:15
914 5202 1006 5257 die
1058 5202 1328 5272 ejusdem
1387 5201 1694 5268 mensis,8
1747 5200 2090 5268 indictione,

2201 5199 2420 5274 ἐπόψιον
2481 5197 2727 5274 ἔχοντες,
2794 5201 2885 5287 καὶ
2963 5202 3111 5276 παρὰ
3179 5201 3351 5267 πόδας
3410 5208 3541 5269 τοὺς
3621 5212 3866 5287 σφαγέας

437 5286 624 5342 Latini
657 5304 691 5343 a
721 5289 948 5360 Scythis
977 5290 1112 5345 victi
1144 5295 1303 5348 sunt.
1337 5291 1448 5347 Sed
1483 5291 1622 5363 quid
1657 5296 1926 5347 secutum
1959 5291 2089 5346 est?

2201 5288 2459 5364 θεώμενοι
2507 5290 2607 5358 τὴν
2666 5284 2985 5365 Σηλυϐρίαν
3043 5289 3307 5356 εἰσιόντας
3355 5295 3607 5374 ξιφήρεις
3637 5284 3732 5352 καὶ
3761 5304 3870 5362 τὰς

437 5374 611 5441 Aliud
637 5375 932 5449 ﬂagellum
965 5378 1394 5436 atrocissimum
1425 5387 1480 5436 et
1505 5380 2084 5437 calamitosissimum

2201 5381 2352 5451 ἡμῶν
2381 5375 2680 5454 ἀγκαλίδας
2719 5378 2810 5432 καὶ
2861 5377 2929 5434 τὰ
2975 5377 3137 5457 ῥάκια
3179 5382 3640 5457 προνομεύοντας.
3685 5387 3865 5451 Δεκᾶς

435 5463 696 5520 emicuit.
729 5465 874 5522 Nam
905 5470 1162 5524 Joannes
1190 5470 1406 5541 Mysus,
1472 5469 1629 5525 idem
1682 5469 2081 5526 Romanorum

2201 5469 2292 5544 μὶν
2324 5469 2446 5571 DEI.
2473 5466 2558 5524 ἐπὶ
2614 5463 2774 5571 δυέδι
2829 5471 2926 5523 τοῦ
2980 5467 3273 5545 Ἀπριλίου
3317 5473 3496 5546 μηνὸς
3525 5473 3863 5548 ἐνειστήκει,

429 5552 622 5610 hostis
653 5557 709 5610 et
735 5554 964 5622 vindex,
1025 5554 1240 5627 oppida
1298 5557 1561 5629 Byzantio
1617 5557 1812 5614 vicina
1855 5557 2082 5614 Latinis

2201 5565 2288 5628 τῆς
2322 5552 2564 5630 ἑϐδόμης
2613 5552 2980 5626 ῗνδικτιῶνος,
3031 5562 3128 5613 τοῦ
3175 5560 3656 5636 ἐξακισχιλιοστοῦ
3684 5566 3858 5622 ἐπτα-

427 5643 745 5702 tributaria
769 5644 1001 5718 Scythis
1032 5643 1360 5714 diripienda
1381 5646 1667 5704 concedit.
1726 5647 1814 5702 Ibi
1866 5662 2078 5703 novum

2201 5650 2475 5703 ιοσιοστοῦ
2506 5642 2816 5701 δωδεκάτου
2842 5639 3015 5719 ἔτους,
3048 5648 3140 5704 καὶ
3183 5650 3219 5720 ἦ
3265 5649 3483 5726 βασιλὶς
3512 5652 3684 5719 πόλις
3711 5656 3857 5732 πρὸς
