4120 6284
340 289 495 349 1005

1778 294 1984 356 URBS
2026 293 2305 356 CAPTA.

3586 302 3744 364 1006

339 418 581 476 Λατίνων
630 419 980 498 κεχείρωται·
1041 426 1111 498 τῇ
1170 420 1224 479 δὲ
1282 420 1733 497 πεντεκαιδεκάτῃ
1763 428 1860 479 τοῦ
1891 424 1966 478 αὖε

2099 431 2156 482 et
2187 429 2533 484 inusitatum
2566 429 2809 502 malum,
2842 431 2995 503 quod
3028 446 3201 487 omne
3246 431 3524 489 divinitus
3582 435 3743 490 inﬂi-

337 517 435 566 τοῦ
496 513 685 586 μηνὸς,
738 521 839 583 τῆς
916 512 1120 590 ὀγδόης
1180 513 1539 586 ῒνδικτιῶνος,
1601 515 1702 570 ὑπὸ
1766 516 1985 569 Σκυθῶν

340 604 558 658 Λατῖνοι
627 601 1127 680 κατηγωνίσθησαν.
1195 603 1373 662 Ἀλλᾶ
1435 605 1558 659 τίνα
1622 604 1690 658 τὰ
1754 601 1983 681 ἐφεξῆςς

337 691 488 766 ἐτὲρα
545 694 735 765 μάστιξ
796 687 1112 748 στιλϐοῦται
1169 694 1492 768 Ῥωμαίοις,
1530 692 1856 770 βαρύστονός
1904 714 1990 756 τις

334 780 423 834 καὶ
454 781 907 860 πολυσύμφορος.
966 783 1027 840 Ὁ
1083 783 1185 858 γὰρ
1238 784 1417 843 Μυσὸς
1478 783 1754 853 Ἰωάννης,
1788 781 1985 856 ἐχθρὸς

331 872 445 943 ἅμα
501 871 589 925 καὶ
650 869 942 942 ἐκδικητής
1002 870 1302 945 Ῥωμαίοις
1334 870 1694 947 δεικνύμενος,
1731 868 1984 927 ἐκδίδωσι

327 964 444 1021 τοῖς
477 960 710 1024 Σκύθαις
740 961 815 1021 εἰς
863 962 1149 1038 προνομὴν
1206 961 1326 1017 ὅσαι
1379 960 1733 1034 κωμοπόλεις
1772 960 1849 1033 τῷ
1880 964 1984 1016 Bu-

332 1048 530 1120 ζαντίῳ
579 1047 887 1123 ἐγγίζουσαι
947 1070 1144 1127 φονους
1198 1055 1314 1111 τοῖς
1371 1050 1627 1112 Λατίνοις
1688 1048 1981 1129 εἰσέφερον.

332 1137 429 1193 Καὶ
461 1136 527 1205 ἧν
563 1134 694 1191 ἰδεῖν
748 1136 1097 1214 ἀλλότροπόν
1153 1160 1206 1194 τι
1261 1140 1425 1194 κακὸν
1479 1140 1567 1194 καὶ
1601 1138 1862 1209 ἀσύνηθες
1891 1136 1981 1193 καὶ

326 1229 499 1280 πᾶσαν
558 1226 855 1301 ὗπερπαῖον
906 1226 1220 1299 θεοκίνητον
1274 1227 1529 1306 μάστιγα.
1584 1230 1692 1298 Γήν
1741 1227 1845 1303 γὰρ
1875 1225 1980 1281 αύ-

324 1315 423 1383 τήν
450 1322 551 1390 γῆν
612 1315 701 1370 καὶ
758 1317 821 1371 τὸ
881 1316 1012 1372 αὐτὸ
1072 1314 1223 1381 ἔθνος
1279 1315 1474 1392 ἐδῄουν
1529 1315 1657 1393 γένη
1692 1313 1866 1387 διττὰ,
1898 1319 1976 1391 πῇ

329 1405 424 1477 μὲν
473 1405 716 1478 ἑκάτερα,
769 1409 847 1479 πῇ
896 1403 953 1461 δὲ
1007 1407 1227 1482 θάτερον
1276 1408 1421 1482 παρὰ
1473 1407 1696 1482 θάτερον
1733 1406 1976 1461 ἐπεισπί-

324 1513 549 1550 πτοντα.
595 1492 795 1549 Σκύθαι
843 1515 902 1549 τε
952 1496 1056 1571 γάρ
1093 1496 1161 1549 τὰ
1200 1494 1253 1550 ἐν
1308 1497 1466 1550 ποσὶν
1498 1493 1736 1557 ἐπιόντες
1769 1492 1975 1569 ἔκειρον

323 1583 412 1636 καὶ
450 1603 602 1637 τινας⁹
659 1587 768 1638 τῶν
818 1582 1014 1639 κάλλει
1068 1581 1378 1659 διαπρεπῶν
1427 1583 1805 1659 αἰχμαλώτων
1842 1583 1976 1656 μετὰ

327 1680 659 1748 μαστίγωσιν
708 1677 828 1736 τοῖς
879 1673 1081 1729 ἑαυτῶν
1134 1673 1394 1739 ἐπέθυσαν
1450 1670 1703 1747 δαίμοσιν
1739 1675 1972 1747 ἀναρτή-
2014 1668 2025 1675 ’

322 1781 532 1831 σαντες,
600 1758 690 1816 καί
775 1767 999 1817 Λατῖνοι
1060 1766 1129 1837 τῇ
1194 1765 1330 1819 κατά
1396 1768 1544 1842 σφῶν
1619 1762 1971 1819 ἐπαναστάσει

316 1849 610 1923 Ῥωμαίων
650 1850 739 1904 καὶ
786 1855 866 1923 τῷ
909 1852 1048 1926 πρὸς
1099 1854 1319 1907 Σκυθῶν
1369 1855 1675 1923 ἡττηθῆναι
1715 1849 1968 1929 διαπριό-

321 1959 476 2011 μενοι
542 1941 625 2014 [Ρ.
675 1941 801 2014 398]
865 1937 1018 1995 οὐδὲν
1086 1935 1312 1997 ἔλαττον
1378 1940 1686 2015 Ῥωμαίους
1745 1939 1964 2014 ἐδῄουν.

315 2025 507 2092 Οὐδεὶς
537 2026 719 2083 τοίνυν
752 2028 921 2091 τόπος
955 2030 1145 2100 σώζων
1176 2031 1243 2100 ἦν
1275 2031 1366 2085 καὶ
1397 2028 1781 2104 λυτρούμενος,
1809 2030 1966 2101 ἠπεί·

322 2137 416 2193 ρου
470 2118 564 2191 μὶν
606 2122 787 2172 κακῶν
818 2117 1051 2194 ἀπείρων
1092 2118 1415 2191 πληθούσης
1443 2121 1533 2174 καὶ
1562 2124 1669 2175 τῶν
1702 2118 1964 2195 ὀλεθρίων

316 2204 484 2278 οὔσης
541 2204 959 2283 ὀλεθριωτέρας,
1040 2210 1381 2284 μονοκτόρων
1449 2206 1507 2265 δὲ
1575 2214 1792 2283 σκαφῶν
1850 2199 1966 2264 καθ’

315 2294 422 2354 ’ἀλα
470 2295 878 2372 περιπλεόντων
937 2302 1227 2353 Λατινικοῦ
1287 2302 1681 2373 συντάγματος,
1735 2296 1967 2373 λῃστείᾳ

313 2405 372 2439 τε
420 2384 511 2440 καὶ
558 2384 839 2460 πειρατείᾳ
876 2391 1056 2449 κακῶς
1093 2387 1347 2444 τιθέντων
1405 2389 1467 2443 τὸ
1524 2389 1738 2453 ὁθενοῦν
1770 2388 1962 2461 ἀναγό-

314 2497 492 2548 μενον.
522 2477 584 2535 Ὀ
619 2475 675 2531 δὶ
722 2478 977 2549 Ἰωάννης
1025 2484 1145 2543 ταῖς
1199 2480 1454 2555 Θρᾳκίαις
1509 2480 1586 2553 μὴ
1627 2474 1962 2554 ἐμϐραδύνας

311 2564 536 2622 πόλεσιν
567 2565 618 2629 ἐς
650 2565 1052 2639 Θεσσαλονίκην
1079 2567 1244 2640 ἳεται,
1286 2569 1423 2645 πρὸς
1452 2569 1514 2624 τὸ
1546 2567 1739 2624 δοκοῦν
1774 2569 1963 2642 ἐκείνῳ

310 2656 379 2710 τά
442 2655 616 2710 ἐκεῖσε
677 2656 1152 2731 καταστησόμενος
1208 2657 1528 2734 πράγματα,
1572 2657 1662 2712 καὶ
1709 2657 1803 2719 τὰς
1861 2657 1966 2712 πό-

313 2741 429 2805 λεις
465 2742 791 2815 ἀποστήσων
842 2749 950 2799 τῶν
1000 2746 1239 2801 Λατίνων
1288 2746 1378 2802 καὶ
1439 2746 1796 2821 μεθαρμόσων
1826 2746 1961 2820 πρὸς

313 2834 521 2890 ἑαυτόν.
604 2832 813 2891 Οὔκουν
883 2833 1181 2912 ἀφιγμένος
1252 2837 1327 2898 εἷς
1395 2834 1599 2913 Σέῤῥας
1664 2835 1797 2910 μετὰ
1851 2840 1960 2891 τῶν

305 2922 479 2977 ἐκεῖσε
534 2923 774 2978 Λατίνων
836 2924 1167 3001 συρῥήγνυσι
1225 2922 1497 3000 πόλεμον,
1553 2925 1643 2980 καὶ
1702 2926 1816 2999 μεθ’
1877 2926 1963 2980 αἱ·

309 3012 493 3084 μάτων
527 3010 734 3084 ῥεύσεις
765 3011 979 3076 πολλὰς
1033 3014 1121 3069 καὶ
1180 3015 1388 3069 τούτων
1437 3035 1561 3085 νικη
1616 3016 1717 3084 της
1749 3012 1965 3069 ἀναδεί-

303 3121 511 3158 κνυται.
546 3102 614 3158 Οἱ
657 3102 758 3176 γὰρ
813 3107 1034 3158 Λατῖνοι
1089 3107 1169 3175 τῷ
1224 3105 1466 3175 σφετέρῳ
1498 3123 1554 3158 τε
1582 3097 1796 3178 ἀκριϐεῖ
1824 3103 1961 3178 πρὸς

2096 524 2253 574 ctum
2287 520 2642 591 supplicium
2701 528 2958 594 superat,
3016 524 3140 577 erat
3196 537 3449 577 cernere.
3498 522 3739 579 Terram

2094 610 2655 676 eamdem,eamdem
2687 616 2919 681 gentem
2951 609 3072 665 bini
3105 610 3304 682 populi
3362 609 3738 680 infestabant,

2092 699 2236 757 alias
2269 701 2520 772 utrique,
2556 700 2701 757 alias
2723 699 2961 757 alternis
2990 700 3305 756 irruentes.
3338 700 3483 757 Nam
3519 704 3573 756 et
3605 702 3738 773 Scy-

2093 788 2202 844 thas
2227 790 2393 845 obvia
2424 805 2666 861 qumque
2687 789 3009 860 vastabant,
3042 790 3195 845 810
3219 794 3277 845 et
3299 788 3519 862 aliquot
3552 791 3741 846 forma

2090 878 2435 934 excellentes
2454 877 2865 950 captivospost
2894 878 3078 950 flagra
3100 894 3421 950 suspensos
3444 878 3569 934 suis
3618 880 3736 934 daa-

2092 968 2367 1023 monibus
2398 966 2823 1038 immolabant;
2853 971 2910 1022 et
2940 966 3128 1023 Latini
3153 967 3546 1023 Romanorum
3579 967 3735 1023 dele-

2090 1056 2277 1112 ctione
2292 1056 2705 1127 etScytharum
2726 1056 2797 1110 de
2819 1072 2880 1111 se
2901 1055 3143 1110 victoria
3163 1055 3514 1111 inﬂammati
3555 1054 3736 1111 nihilo

2088 1145 2278 1201 secius
2309 1145 2366 1201 in
2402 1148 2631 1200 nostros
2667 1146 2815 1199 ferro
2872 1148 2929 1200 et
2986 1143 3106 1213 igni
3138 1144 3575 1215 grassabantur.
3620 1143 3735 1199 Nec

2088 1232 2244 1291 ullus
2269 1232 2434 1289 locus
2464 1240 2587 1289 erat
2642 1234 2743 1305 qui
2799 1233 3085 1289 auxilium
3145 1237 3200 1288 et
3242 1232 3495 1288 salutem
3530 1233 3736 1288 aﬂ‘erre

2086 1326 2441 1395 posset,cum
2473 1327 2628 1378 terra
2658 1322 2965 1378 continens
2994 1321 3165 1377 malis
3213 1321 3463 1376 inﬁnitis
3521 1322 3731 1376 redun-

2085 1414 2269 1482 daret,
2303 1414 2427 1484 ipsa
2450 1411 2702 1484 pernicie
2731 1410 3150 1484 perniciosior;
3174 1414 3231 1465 et
3279 1410 3617 1465 Latinorum
3650 1410 3736 1482 pi-

2082 1504 2273 1559 raticae
2314 1519 2489 1559 naves
2519 1517 2677 1557 mare
2714 1504 3122 1572 pervagantes,
3154 1499 3439 1571 quidquid
3487 1516 3517 1555 e
3558 1503 3730 1571 portu

2083 1594 2469 1662 undecunque
2506 1588 2775 1658 solveret,
2816 1590 2966 1645 male
2997 1593 3333 1645 tractarent.
3376 1590 3446 1643 At
3472 1591 3729 1645 Joannes

2079 1682 2341 1739 Thraciis
2383 1681 2627 1737 urbibus
2683 1695 2800 1735 non
2868 1678 3218 1734 immoratus
3256 1675 3728 1733 Thessalonicam

2080 1775 2373 1843 preparat,
2417 1774 2478 1826 ut
2507 1786 2615 1826 suo
2655 1768 2939 1824 arbitratu
2983 1766 3344 1839 provinciam
3380 1765 3541 1821 illam
3601 1782 3733 1822 con-

2078 1861 2341 1917 stitueret
2360 1866 2414 1916 et
2444 1859 2618 1915 urbes
2649 1875 2683 1914 a
2702 1856 2924 1914 Latinis
2953 1855 3188 1912 avulsas
3235 1854 3348 1910 sibi
3377 1853 3724 1912 vindicaret.

2078 1954 2259 2025 Igitur
2287 1952 2490 2007 Serras
2522 1950 2812 2022 profectus
2842 1963 2974 2003 cum
3020 1947 3236 2002 Latinis
3277 1945 3378 2017 qui
3432 1943 3514 2001 ibi
3559 1947 3724 2001 erant

2077 2055 2335 2110 pugnam
2376 2035 2716 2101 committit,
2780 2038 2836 2091 et
2893 2050 2992 2090 eos
3049 2049 3299 2104 quoque,
3332 2033 3434 2088 sed
3479 2037 3724 2088 cruenta

2074 2126 2337 2194 victoria,
2378 2128 2813 2197 superatznam
2840 2122 3030 2179 Latini
3077 2119 3463 2192 etdisciplina
3481 2119 3724 2175 militari

2076 2217 2205 2271 freti
2236 2220 2293 2272 et
2330 2215 2537 2271 Joanni
2571 2213 2799 2270 fortiter
2829 2211 3060 2268 obviam
3093 2210 3312 2283 egressi
3335 2208 3553 2265 multos
3592 2210 3722 2280 ejus

2077 2303 2294 2360 milites
2328 2303 2682 2359 ceciderunt.
2709 2302 2816 2357 Sed
2851 2317 2966 2355 non
3002 2297 3186 2355 multo
3220 2306 3349 2371 post
3404 2314 3540 2355 cum
3589 2296 3726 2353 victi

2078 2400 2131 2447 et
2172 2393 2241 2447 ad
2275 2393 2481 2447 urbem
2540 2392 2741 2446 Serras
2808 2387 3071 2444 conversi
3138 2394 3355 2456 essent,
3408 2391 3729 2458 antequam

2078 2485 2279 2553 portas
2318 2481 2672 2549 clauderent,
2707 2477 2906 2534 Blachi
2946 2481 3005 2533 et
3026 2476 3295 2546 Romani,
3330 2475 3432 2547 qui
3463 2475 3737 2548 fugienti-

2077 2570 2191 2624 bus
2230 2569 2551 2637 instabant,
2595 2584 2711 2622 una
2737 2566 3097 2637 irruperunt'
3142 2563 3291 2619 Urbs
3341 2564 3422 2619 ita
3479 2567 3648 2635 capta
3678 2566 3737 2618 et

2073 2658 2314 2713 incensa
2325 2663 2413 2714 est
2426 2663 2482 2713 et
2496 2656 2703 2713 moenia
2718 2654 2913 2711 diruta
2931 2672 2944 2722 ;
2962 2654 3060 2725 qui
3104 2653 3512 2725 comprehensi
3546 2653 3730 2720 fuere,

2073 2747 2308 2803 abducti
2338 2751 2396 2803 et
2425 2747 2575 2802 817
2627 2744 2827 2801 vincti.
2870 2744 2951 2799 Ex
3003 2742 3183 2798 Latini
3247 2742 3535 2797 exercitus
3592 2741 3726 2797 reli-

2071 2833 2222 2904 quiis
2261 2833 2381 2901 alii,
2414 2838 2481 2889 ut
2510 2832 2758 2905 quisque
2787 2830 2995 2901 potuit,
3020 2828 3198 2884 saluti
3256 2845 3375 2885 suae
3406 2827 3720 2885 consulue—

2071 2929 2230 2992 runt,
2263 2925 2360 2980 alii
2391 2941 2585 2981 arcem
2638 2927 3018 2996 occuparunt.
3052 2922 3237 2987 Quam
3278 2921 3559 2993 postridie
3606 2920 3718 2976 cir-

2071 3015 2335 3071 cumiens
2363 3015 2621 3071 Joannes
2652 3012 2897 3082 Latinis,
2928 3012 2977 3069 si
3009 3029 3136 3069 eam
3170 3012 3466 3081 dederenl,
3497 3009 3718 3066 incolu-

2072 3104 2333 3162 mitatem
2357 3104 2644 3177 promisit.
2670 3102 2775 3170 Qui
2800 3119 2933 3159 cum
2960 3101 3315 3158 marcblonis
3335 3101 3460 3157 lreli
3483 3099 3719 3157 auxiliis

299 3191 398 3252 τὰς
472 3167 682 3264 μάχας.
718 3167 809 3245 καὶ
875 3194 956 3263 τῷ
1020 3167 1537 3266 τῆςναύτεμϐολῆς
1600 3167 1805 3265 ἐτοίμῳ
1865 3167 1957 3247 τὸν

2076 3211 2198 3250 eam
2225 3167 3177 3265 postulationemvaspernarentur,
3208 3188 3395 3246 scalas
3438 3192 3624 3261 parat,
3663 3192 3722 3244 et

306 3275 566 3347 Ἰωάννην
598 3273 881 3350 δεξάμενοι
911 3276 1157 3340 πολλοὺς
1206 3282 1314 3334 τῶν
1372 3279 1462 3333 ὑπ’
1492 3277 1653 3333 αὐτὸν
1685 3278 1959 3353 κατέτρω·

305 3387 422 3420 σανο
462 3366 578 3440 μετ’
622 3367 687 3421 οὐ
728 3365 873 3423 πολὺ
915 3365 973 3422 δὲ
1024 3367 1258 3438 ἡττηθὲν
1290 3368 1353 3422 τὸ
1384 3369 1671 3425 Λατινικὸν
1702 3369 1795 3423 καὶ
1822 3368 1960 3442 πρὸς

306 3456 407 3526 τὴν
438 3452 605 3511 πόλιν
636 3457 732 3517 τὰς
763 3455 971 3532 Σέῥρας
1015 3456 1358 3531 τραπόμενον
1399 3457 1499 3513 οὐκ
1542 3451 1676 3536 ἔφθη
1710 3457 1963 3534 συγκλεῖ-

299 3563 387 3600 σαι
448 3542 543 3605 τὰς
605 3542 834 3619 Σὲῥρας,
891 3545 984 3599 καὶ
1016 3543 1145 3599 ε’ἰσω
1199 3551 1308 3600 τῶν
1334 3550 1640 3626 τειχισμῶν
1692 3545 1966 3602 συνεισπί-

308 3653 532 3689 πτουσιν
567 3631 618 3686 οἱ
659 3637 767 3688 τῶν
830 3633 1136 3709 φευγόντων
1192 3634 1368 3690 ὀπίσω
1425 3634 1713 3714 φερόμενοι
1746 3634 1963 3711 Βλάχοι

303 3743 361 3777 τε
418 3722 509 3778 καὶ
567 3723 857 3795 Ῥωμαῖοι.
919 3723 1017 3777 Καὶ
1077 3723 1250 3787 οὕτως
1310 3724 1475 3788 πόλις
1510 3725 1715 3803 εἲχετο.
1756 3726 1958 3795 Εἷταὴ

315 3812 406 3884 μὶν
436 3811 502 3879 ἦν
537 3811 592 3866 ἐν
628 3810 758 3887 πυρὶ
814 3812 904 3867 καὶ
957 3817 1025 3887 τῇ
1083 3819 1191 3867 τῶν
1220 3818 1421 3888 τειχῶν
1452 3813 1777 3887 καθαιρέσει,
1810 3815 1871 3869 τὸ
1903 3810 1961 3868 δὲ

308 3898 619 3977 συλληιρΟέν
661 3899 713 3957 ἐν
769 3900 1090 3977 ἀπαγωγαῖς
1146 3901 1237 3955 καὶ
1286 3899 1530 3974 δεσμοῖς.
1563 3904 1676 3958 Τοῦ
1707 3898 1764 3956 δὲ
1794 3909 1960 3957 Λατι-

303 3993 455 4044 νικοῦ
510 3991 916 4066 στρατεύματος
976 3991 1178 4045 ὁπόσον
1240 3990 1317 4063 μὴ
1374 3990 1511 4045 κατὰ
1560 3990 1652 4046 τὸν
1712 3989 1957 4064 πόλεμον

304 4078 617 4154 ἀπεγένετο,
676 4078 706 4133 ὅ
766 4081 860 4151 μὲν
917 4079 991 4142 ὡς
1050 4077 1298 4141 ἑκάστοις
1347 4079 1664 4155 προυχώρει
1695 4079 1954 4137 σέσωστο,

299 4165 327 4221 6'
359 4165 417 4222 δὶ
440 4173 540 4237 τῆς
591 4167 761 4243 ἄκρας
806 4163 1116 4241 λαϐόμενον
1150 4161 1301 4222 ἔνδον
1333 4166 1577 4241 ἐπέμενε.
1610 4171 1691 4234 Τῇ
1724 4166 1770 4223 δ’
1803 4168 1958 4224 ὑστε-

300 4257 429 4328 ραίᾳ
458 4256 765 4331 περιελθὼν
793 4258 894 4326 τὴν
952 4256 1118 4331 ἄκραν
1178 4255 1205 4311 ὁ
1262 4256 1515 4327 Ἰωάννης
1544 4261 1661 4320 τοῖς
1693 4255 1747 4320 ἐς
1786 4255 1953 4327 αὐτὴν

300 4347 639 4421 ξυμφυγοῦσι
703 4348 959 4409 Λατίνοις
1015 4344 1345 4422 παραδοῦναί
1407 4348 1457 4402 οἱ
1512 4347 1576 4401 τὸ
1629 4347 1836 4424 χωρίον
1864 4348 1955 4403 καὶ

2071 3283 2131 3339 in
2165 3282 2385 3339 tumulo
2408 3281 2661 3352 quodam
2684 3296 2714 3336 e
2736 3281 2972 3352 regione
2993 3279 3145 3336 arcis
3176 3278 3450 3335 machina
3464 3277 3720 3334 maxime

2068 3371 2349 3428 collocata
2376 3369 2591 3426 mmnia
2631 3369 2782 3426 ferit.
2808 3368 2995 3424 Latini
3035 3384 3169 3424 vero
3200 3367 3568 3440 depromptis
3598 3383 3720 3423 om-

2070 3462 2243 3517 nibus
2266 3459 2335 3515 iis
2368 3476 2498 3531 qua:
2518 3460 2591 3514 ad
2614 3458 3016 3514 defensionem
3043 3456 3176 3513 usui
3198 3459 3397 3512 essent
3429 3471 3720 3528 repugna-

2070 3552 2232 3618 bant,
2264 3551 2446 3606 donec
2474 3549 2759 3605 Joannem
2815 3563 2983 3603 muro
3042 3545 3198 3601 velut
3252 3544 3374 3616 igni
3432 3551 3487 3599 et
3554 3545 3718 3600 omni

2067 3640 2324 3695 exercitu
2364 3643 2548 3694 totam
2580 3654 2771 3693 arcem
2797 3635 3572 3692 circumdedisseetomnem
3599 3633 3711 3687 sibi

2066 3729 2282 3783 exitum
2315 3726 2716 3783 interclusisse
2747 3725 3040 3789 viderunt,
3073 3732 3133 3778 ut
3185 3738 3290 3778 nec
3337 3722 3511 3791 pedes
3558 3721 3714 3776 ullus

2063 3816 2214 3872 clam
2244 3817 2317 3871 ad
2349 3815 2744 3871 marchionem
2774 3814 3073 3885 pervenire
3111 3815 3328 3883 posset.
3369 3810 3520 3865 Tum
3577 3826 3711 3866 vero

2062 3920 2129 3960 ea
2156 3903 2489 3959 conditione
2518 3902 2871 3957 deditionem
2904 3900 3091 3957 facere
3136 3900 3466 3965 voluerunt,
3498 3897 3548 3954 si
3598 3898 3710 3954 sibi

2061 4011 2196 4050 cum
2230 3994 2411 4049 armis
2442 3996 2499 4048 et
2528 3992 2695 4063 equis
2725 3995 2853 4046 tuto
2892 3991 3191 4046 discedere
3261 3989 3479 4046 liceret.
3521 3991 3708 4057 Quam

2060 4083 2158 4140 illo
2182 4098 2421 4155 prorsus
2437 4080 3302 4153 repudiante,postulantduces
3325 4078 3437 4135 sibi
3464 4080 3708 4134 domum

2061 4172 2377 4228 reversuris
2407 4170 2648 4227 attribui
2683 4185 2864 4240 usque
2930 4169 3001 4225 ad
3056 4169 3370 4225 Pannonis:
3418 4168 3586 4224 fines.
3619 4169 3713 4224 Slo

2058 4261 2271 4317 findere
2299 4259 2412 4316 icto
2444 4259 2541 4314 ille
2572 4276 2763 4315 arcem
2811 4258 3137 4330 occupavit,
3199 4257 3260 4312 hi
3316 4258 3463 4314 citra
3490 4258 3709 4313 discri-

2062 4366 2197 4406 men
2229 4350 2524 4406 abierunt.

306 4436 572 4504 σώζεσθαι
654 4433 1126 4509 διακηρυκεύεται.
1202 4437 1270 4495 Οἱ
1344 4432 1402 4490 δὲ
1476 4432 1633 4490 οὐδὲν
1711 4435 1966 4513 ἐφρόνουν
2038 4434 2348 4510 ἐνδόσιμον.
2422 4437 2521 4505 τὴν
2578 4434 2684 4491 ἀπὸ
2744 4438 2842 4492 τοῦ
2919 4433 3212 4510 μαρκεσίου
3284 4430 3713 4507 καραδοκοῦντες

315 4523 588 4597 σύναρσιν.
632 4525 736 4579 Καὶ
777 4524 828 4579 ἐν
868 4524 1051 4597 τούτῳ
1089 4522 1364 4597 κλίμακας
1404 4524 1432 4579 ὁ
1475 4521 1728 4595 Ἰωάννης
1769 4524 2080 4600 ηὐτρέπισε,
2120 4524 2210 4580 καὶ
2248 4525 2385 4580 κατὰ
2439 4524 2606 4602 λόφον
2665 4523 3030 4597 ἀντικείμενον
3093 4527 3163 4597 τῇ
3230 4520 3370 4596 ἄκρᾳ
3450 4521 3713 4596 μεγίστην

299 4611 598 4684 ἐπιστήσας
657 4611 915 4668 ἐλέπολιν
970 4614 1037 4668 τὰ
1089 4613 1251 4691 τείχη
1311 4609 1553 4670 ἔτυπτεν.
1615 4613 1683 4670 Οἱ
1742 4612 1788 4668 δ’
1847 4614 1935 4669 ἐπὶ
1990 4618 2092 4681 τῆς
2149 4612 2315 4687 ἄκρας
2365 4615 2540 4669 ὀπόσα
2574 4618 2680 4669 τῶν
2708 4619 2915 4693 τειχῶν
2946 4614 3255 4688 ἀμυντήρια
3282 4609 3711 4686 προπετάσαντες

307 4702 397 4756 καὶ
456 4702 898 4775 προεκτείναντες
956 4702 1215 4776 ἐπέμενον
1278 4700 1675 4776 ἀνθιστάμενοι.
1733 4703 1884 4757 Ἐπεὶ
1961 4700 2019 4758 δὲ
2076 4702 2353 4767 θεάσαιντο
2409 4705 2500 4759 τὸν
2557 4704 2812 4773 Ἰωάννην
2864 4703 2937 4765 ὡς
2994 4701 3060 4773 ἐν,
3096 4699 3227 4776 πυρὶ
3288 4704 3563 4774 τειχισμῷ
3612 4698 3712 4767 τὴν

306 4787 473 4865 ἄκραν
526 4788 854 4868 διειληφότα
909 4792 1069 4847 παντὶ
1126 4796 1205 4863 τῷ
1256 4791 1615 4866 στρατεύματι
1666 4792 1756 4847 καὶ
1813 4797 1986 4847 πᾶσαν
2048 4790 2441 4848 ἀποκλείσαντά
2496 4813 2644 4871 σφισι
2702 4789 2939 4867 πάροδον
3000 4792 3074 4854 ὡς
3111 4786 3251 4864 μηδὶ
3293 4788 3422 4844 ποσὶ
3455 4784 3710 4842 δύνασθαί

298 4901 417 4935 τινα
448 4879 652 4955 κλέψαι
680 4883 779 4950 τὴν
815 4881 892 4942 εἰς
920 4882 1011 4937 τὸν
1059 4880 1346 4957 μαρκὲσιον
1393 4879 1591 4956 ἄφιξιν,
1651 4881 1894 4938 ἐνδοῦναί
1953 4885 2005 4939 οἱ
2056 4883 2154 4952 τὴν
2214 4879 2380 4956 ἄκραν
2433 4879 2656 4953 ἤθελον,
2690 4881 2745 4937 εἴ
2768 4902 2917 4960 σφισι
2949 4878 3233 4936 σπένδοιτο
3262 4877 3353 4934 καὶ
3382 4877 3704 4954 συγχωροίη

298 4971 400 5038 τήν
437 4969 619 5040 ἔξοδον
674 4970 917 5040 ἀπαθῶς,
973 4971 1048 5032 ὡς
1111 4969 1301 5025 ὅπλων
1361 4971 1450 5026 καὶ
1508 4979 1616 5026 τῶν
1665 4970 1852 5029 ’ίππων
1912 4970 2122 5048 ἔχουσι.
2183 4973 2295 5028 Τοῦ
2354 4967 2409 5025 δὲ
2470 4967 2598 5044 μηδ’
2648 4969 2834 5045 ἄκροις
2883 4970 2984 5025 ὠσὶ
3013 4970 3107 5032 τάς
3139 4969 3228 5024 ἐπὶ
3265 4974 3385 5031 ταῖς
3417 4969 3709 5038 συνθήκαις

295 5060 517 5122 ταύταις
570 5058 1008 5134 παραδεξαμένου
1068 5058 1325 5131 σπονδάς,
1385 5060 1657 5116 αἰτοῦνται
1714 5064 1817 5132 την
1876 5062 1951 5124 εἷς
2008 5061 2075 5117 τά
2129 5060 2357 5136 σφέτερα
2403 5059 2513 5129 ἤθη
2569 5060 2686 5133 μεθ’
2714 5058 2998 5135 ἡγεμόνων
3041 5056 3169 5113 ὀδοῦ
3205 5060 3370 5134 μέχρι
3398 5062 3506 5113 τῶν
3542 5063 3712 5113 Παιο-

298 5153 461 5203 νικῶν
490 5151 657 5226 ὁρίων
692 5150 1026 5223 ἀπόπεμψιν.
1062 5147 1168 5204 Καὶ
1218 5149 1294 5213 ὡς
1346 5144 1663 5224 προῦϐησαν
1718 5150 1806 5206 ἐπὶ
1856 5152 2073 5212 τούτοις
2130 5149 2308 5224 ἣρκια,
2367 5147 2395 5201 ὁ
2456 5147 2551 5221 μὲν
2610 5148 2728 5225 εἶχε
2780 5148 2884 5217 τὴν
2915 5148 3105 5224 ἄκραν,
3136 5149 3187 5202 οἱ
3219 5145 3265 5202 δ’
3296 5145 3574 5203 ἀκίνδυνον
3606 5150 3708 5218 τὴν

292 5232 584 5307 ἐξέλεὺσιν.

363 5325 525 5381 Ἀλλ’
584 5329 673 5381 οἷα
740 5327 829 5382 καὶ
893 5325 961 5382 τά
1022 5326 1156 5380 κατὰ
1211 5328 1301 5381 τὸν
1364 5326 1611 5400 ἡγεμόνα
1664 5329 1810 5405 σφῶν
1850 5329 1943 5383 τὸν

299 5413 631 5488 μαρκὲσιονε
692 5417 873 5492 χρεὼν
928 5413 1030 5491 γὰρ
1089 5412 1230 5487 μηδέ
1282 5434 1449 5470 ταυτα
1504 5414 1795 5487 παρελθεῖν
1824 5415 1944 5471 ἀνι-

294 5504 548 5577 στόρητα.
592 5507 713 5563 Ἔτι
753 5510 869 5566 τοῖς
925 5522 1024 5558 κατ
1111 5504 1210 5572 τήν
1267 5505 1431 5568 νῆσον
1462 5500 1712 5568 Πέλοπος
1742 5501 1935 5562 διαπο-

286 5594 542 5667 νούμενος
615 5595 902 5670 πράγμασι
977 5593 1063 5647 καὶ
1145 5589 1235 5647 διά
1311 5593 1499 5666 μάχης
1576 5598 1780 5669 χωρῶν
1853 5600 1933 5670 τῷ

2128 5328 2281 5383 818
2315 5328 2425 5384 Sed
2461 5326 2592 5396 quis
2624 5331 2814 5385 status
2875 5329 3043 5385 ducis
3100 5346 3304 5385 eorum
3353 5328 3713 5389 marchionis

2054 5416 2209 5473 fuit?
2231 5433 2366 5472 nam
2393 5430 2498 5471 nec
2517 5414 2626 5473 hoc
2647 5418 3113 5489 praetereundum
3174 5425 3286 5483 est,
3315 5418 3455 5473 dum
3516 5416 3707 5471 adhuc

2050 5506 2448 5580 Peloponneso
2476 5505 2888 5562 constituenda
2910 5509 3230 5578 occupatur
3249 5512 3304 5560 el
3335 5521 3469 5561 cum
3520 5504 3703 5560 Scuro

2045 5594 2307 5661 dimicat,
2340 5590 2556 5649 litteris
2579 5593 2779 5652 uxoris
2827 5608 2922 5648 res
2953 5608 3129 5650 novas
3170 5591 3365 5647 moliri
3396 5589 3701 5647 Thessalo.
