4120 6284
367 356 519 420 10οἿ

1689 341 1998 405 NICETIE
2038 343 2456 408 CHONIATE

3619 339 3768 402 1008

369 495 638 552 niccnses
661 489 726 544 ﬁt
745 485 994 547 certior;
1018 484 1206 556 ipsam
1224 481 1370 537 urbe
1388 479 1692 552 expulsam
1715 479 1776 534 in
1819 495 2008 536 arcem

2129 483 2382 556 Σγουρῷ,
2431 475 2731 557 γράμματά
2778 475 2832 532 ei
2878 477 2978 547 τῆς
3028 472 3285 550 γυναικὸς
3317 471 3617 553 χειρίζεται
3645 473 3773 560 τοὺς

371 580 704 652 confugisse
733 581 791 633 et
817 573 1147 645 complures
1169 571 1294 626 dies
1332 570 1449 640 jam
1496 569 1771 637 obsideri,
1813 572 2016 626 urbem

371 687 507 728 vero
538 687 572 726 a
602 667 814 724 Blacho
853 661 1106 734 quodam
1139 659 1368 715 Prosaci
1401 663 1456 714 et
1505 658 1889 715 finitimorum
1930 657 2016 714 lo-

373 775 573 818 corum
611 757 884 812 Joannes
950 750 1187 806 ditionis
1245 749 1532 821 praefecto,
1567 749 1801 804 nomine
1852 749 2016 821 Ezyi-

371 840 1034 916 smeno,teneri.0uibus
1049 839 1266 894 auditis
1294 837 1555 893 marchio
1579 839 2016 909 quamprimum

371 953 540 1010 opem
573 935 621 992 ei
658 935 804 990 ferre
838 931 1042 988 statuit
1099 934 1155 985 et
1210 929 1464 985 reditum
1526 929 1856 984 maturavit.
1905 927 2016 984 Sed

373 1033 690 1098 antequam
721 1019 1155 1078 Thessalonicae
1195 1019 1716 1090 appropinquaret,
1768 1016 2020 1073 occurrit

375 1116 501 1175 suis
530 1111 790 1170 hostium
822 1110 1048 1166 cladem
1105 1112 1162 1164 et
1219 1107 1682 1180 proﬂigationem
1737 1106 2017 1162 nuntian-

371 1205 534 1260 tibus
565 1207 622 1258 et
659 1198 1148 1272 tranquillitatem
1210 1197 1341 1251 urbi
1399 1196 1750 1251 restitutam.
1807 1195 2019 1250 Earum

375 1307 570 1349 rerum
593 1291 750 1346 fama
765 1288 1108 1352 delectatus,
1147 1289 1202 1340 et
1224 1285 1350 1339 suis
1385 1287 1696 1350 ostentata,
1723 1282 2021 1340 conversis

372 1380 620 1438 habenis
649 1375 858 1450 Scapia
889 1379 1037 1430 recte
1071 1372 1280 1441 tendit,
1335 1372 1580 1428 Joannis
1636 1371 1888 1444 injurias
1930 1371 2020 1426 ul-

373 1475 567 1524 turus.
597 1467 708 1524 Sed
741 1466 978 1520 vixdum
1011 1479 1078 1519 ea
1107 1479 1235 1534 quas
1297 1461 1658 1532 parturiebat
1686 1475 2019 1532 aggressus,

379 1559 652 1614 nuntium
682 1554 858 1610 alium
889 1551 1099 1624 accipit
1119 1551 1189 1607 de
1210 1551 1451 1606 Comitis
1508 1550 1654 1606 Pleas
1703 1549 1938 1605 interitu
1967 1552 2023 1605 et

378 1643 746 1716 imperatoris
799 1640 1060 1698 Balduini
1120 1639 1470 1710 captivitate.
1535 1640 1732 1710 Itaque
1779 1639 2020 1710 repetito

379 1735 569 1805 priore
598 1733 802 1788 itinere
823 1729 1300 1786 Thessalonicam
1329 1727 1670 1799 ingreditur,
1700 1733 1759 1783 et
1777 1727 2022 1783 veritate

2128 567 2540 631 Θεσσαλονικεῖς
2615 567 2928 643 νεωτερίσαι
3005 561 3392 642 διασαφοῦντα,
3446 563 3536 618 καὶ
3613 559 3776 632 αὖτὴν

2132 659 2227 731 μὲν
2261 658 2578 728 έξωσθεῖσαν
2633 659 2734 728 τῆς
2793 655 3009 718 πόλεως
3061 653 3136 716 sic
3171 656 3272 725 τὴν
3311 649 3612 728 ἀκρόπολιν
3653 653 3780 707 ἀνα-

2131 744 2355 822 δραμεῖν
2400 747 2491 803 καὶ
2525 747 2730 823 συχνὰς
2776 743 2987 820 ἡμέρας
3034 742 3146 814 ⁴ἤδη
3199 739 3638 814 πολιορκεῖσθαι,
3679 743 3778 811 τὴν

2129 833 2187 890 δὲ
2231 834 2395 892 πόλιν
2450 836 2686 892 εἰσιόντα
2733 834 2982 909 κατέχειν
3031 833 3248 909 Βλάχον
3285 831 3427 902 τινὰ,
3461 831 3774 903 Έτζυϊσμέο

2128 945 2220 980 νον
2281 927 2381 995 τὴν
2431 924 2654 996 κλῆσιν,
2699 927 3035 1002 φρουροῦντα
3079 923 3169 976 τὸν
3220 923 3498 996 Πρόσακον
3538 920 3628 974 καὶ
3678 919 3776 974 ὅσα

2129 1018 2238 1070 τῶν
2295 1012 2461 1070 ἐκεῖθι
2514 1019 2595 1088 τῷ
2649 1013 2864 1088 Ἰωάννῃ
2931 1013 3194 1083 κατήκοα.
3253 1012 3343 1074 Ὧς
3406 1011 3496 1064 οῦν
3547 1009 3774 1065 πύθοιτο

2126 1107 2295 1160 ταῦτά
2357 1103 2671 1178 μαρκέσιος,
2727 1101 2864 1178 ἔγνω
2919 1103 3018 1172 τήν
3076 1099 3344 1177 ταχίστην
3392 1099 3638 1176 ἀρήγειν,
3682 1099 3773 1154 καὶ

2127 1194 2226 1263 τὴν
2259 1192 2480 1268 πορείαν
2536 1193 2768 1248 ἐπανιὼν
2829 1191 3082 1248 ἐπέτεινε.
3149 1191 3334 1260 Μήπω
3381 1186 3438 1244 δὲ
3465 1193 3534 1263 τῇ
3567 1194 3772 1244 Θεσσα-

2131 1282 2320 1358 λονίκῃ
2371 1285 2454 1356 [Ρ.
2489 1285 2616 1356 399]
2672 1281 2894 1360 ἐγγίσας
2951 1275 3259 1354 συμϐάλλει
3289 1282 3404 1339 τοῖς
3445 1275 3776 1353 ἀγγέλλουσι

2133 1371 2226 1440 τὴν
2284 1375 2390 1426 τῶν
2449 1371 2734 1445 πολεμίων
2795 1369 2961 1438 ἧτταν
3021 1369 3109 1423 καὶ
3164 1361 3502 1438 ἀποσόϐησιν
3557 1366 3646 1421 καὶ
3673 1369 3773 1436 τήν

2129 1459 2341 1522 ἐσαῦθις
2371 1461 2602 1536 ἠρεμίαν
2650 1467 2751 1530 τῆς
2789 1459 3028 1522 πόλεως.
3073 1455 3295 1531 Ἀμέλει
3325 1457 3415 1512 καὶ
3442 1461 3558 1519 τοῖς
3589 1456 3777 1512 τοιού-

2129 1571 2248 1612 τοις
2315 1551 2646 1625 ἀκούσμασιν
2715 1550 2961 1622 ένησθεὶς
3026 1549 3118 1604 καὶ
3187 1543 3572 1626 φιλενδεικτῶν
3637 1547 3774 1622 πρὸς

2127 1640 2257 1702 τοὺς
2323 1639 2579 1708 οἷκείους,
2651 1639 3020 1715 μεταστρέψας
3076 1635 3143 1692 τὰ
3197 1635 3324 1706 ἡνία
3375 1640 3483 1691 τῶν
3526 1637 3776 1691 Σκοπίων

2129 1729 2215 1794 ἰθὺ
2248 1728 2487 1806 φέρεται,
2543 1731 2634 1786 τὸν
2697 1730 2946 1800 Ἰωάννην
3004 1726 3306 1801 ἀμύνασθαι
3363 1724 3534 1782 θέλων
3561 1729 3668 1781 τῶν
3701 1724 3780 1787 εἷς

375 1821 538 1879 illius
567 1821 753 1880 nuntii
775 1819 1113 1890 perlitteras
1136 1817 1474 1872 conﬁrmata
1517 1815 1886 1888 spicilegium
1939 1816 2008 1870 in-

2129 1821 2288 1877 αὖτὸν
2343 1823 2665 1898 γεγονότων.
2723 1819 2887 1879 Ἀλλ’
2945 1817 3098 1876 οὔπω
3159 1812 3292 1896 ἔφθη
3355 1812 3634 1916 ἐπιϐαλεῖν
3689 1819 3776 1878 οἷς

377 1911 572 1968 stituit
599 1927 630 1966 ο
668 1913 862 1982 segete
883 1908 1043 1964 urbis
1072 1907 1326 1964 nondum
1353 1905 1523 1977 plane
1559 1909 1798 1974 resecta,
1830 1906 1890 1961 in
1922 1905 2022 1960 illa

377 1999 514 2056 belli
545 2015 739 2056 messe
769 1999 924 2070 quod
981 2003 1114 2053 ante
1171 2011 1344 2051 suum
1404 1995 1655 2051 reditum
1705 1995 2022 2052 conﬂatum

378 2095 503 2146 erat
535 2108 550 2158 ;
583 2093 642 2144 et
671 2087 814 2144 alios
841 2087 997 2144 cives
1028 2085 1276 2158 pecunia
1306 2083 1584 2140 multatos
1637 2084 1856 2156 pistillo
1915 2103 2023 2141 nu-

381 2179 577 2234 diores
600 2178 738 2233 urbe
759 2176 966 2248 exegit;
997 2173 1143 2231 alios
1165 2174 1396 2240 occidit,
1429 2173 1476 2228 8
1493 2175 1582 2229 I9
1605 2173 1750 2230 alios
1774 2191 2021 2248 suspen-

378 2267 484 2334 dit,
510 2271 630 2322 tam
663 2281 732 2322 ex
761 2265 926 2321 laicis
956 2279 1131 2337 quam
1164 2279 1228 2320 ex
1263 2264 1464 2319 ordine
1511 2263 1628 2318 Deo
1667 2269 2018 2321 consecrato.

381 2359 449 2413 Et
479 2357 874 2413 miserrimum
929 2357 1336 2427 imperatorem
1395 2354 1660 2410 Alexium
1718 2371 1848 2412 cum
1907 2358 2020 2412 Eu-

375 2445 670 2518 phrosyna
699 2445 950 2518 conjuge
979 2460 1082 2516 per
1113 2461 1272 2503 mare
1301 2444 1369 2500 ad
1403 2444 1756 2500 Alamanniae
1807 2445 2019 2516 princi-

377 2549 510 2607 pem
545 2535 720 2590 misit.
758 2535 916 2591 Heu!
954 2533 1065 2590 heu
1093 2533 1104 2588 l
1133 2549 1253 2589 rem
1279 2549 1487 2589 novam
1533 2537 1590 2588 et
1625 2533 2018 2590 miserabilem

373 2629 429 2678 et
457 2622 616 2694 apud
672 2626 962 2679 Romanos
1007 2622 1374 2678 inauditam!
1433 2621 1544 2677 heu
1622 2622 2016 2694 spectaculum

375 2727 676 2782 nunquam
710 2713 892 2768 visum
927 2709 1246 2768 hactenus!
1303 2711 1514 2766 Audita
1565 2727 1734 2780 porro
1777 2710 2022 2769 Joannis

377 2800 447 2856 ad
480 2799 678 2856 Serras
719 2799 1127 2872 impressione,
1186 2797 1404 2854 auxilia
1459 2799 1580 2854 suis
1637 2799 2020 2872 popularibus

373 2887 558 2961 quiin
591 2905 661 2945 ea
688 2889 832 2945 urbe
888 2891 1013 2945 erat
1071 2888 1268 2944 mittit.
1325 2887 1431 2952 Qui
1489 2887 1751 2960 quamvis
1806 2892 2017 2944 eventu

371 2977 454 3034 rei
479 2977 540 3034 in
567 2977 775 3034 itinere
823 2977 1073 3048 cognito,
1133 2975 1318 3032 nihilo
1375 2977 1560 3050 magis
1623 2975 1772 3033 bello
1829 2977 2014 3033 absti-

368 3071 648 3132 nuerunt,
679 3069 744 3120 ut
765 3066 893 3136 jam
923 3065 984 3121 in
1016 3066 1144 3138 ipso
1204 3065 1456 3136 periculo
1514 3067 1840 3133 constituti,
1879 3065 2016 3123 licet

369 3154 484 3208 sibi
515 3170 650 3209 cum
683 3154 849 3209 hoste
877 3153 1049 3226 longe
1081 3155 1376 3225 superiore
1411 3153 1710 3226 negotium
1770 3155 1890 3211 fore
1919 3155 2014 3210 in-

368 3239 730 3312 telligebant.
764 3239 964 3296 Praelio
1003 3243 1311 3297 commisso
1357 3242 1672 3297 vincuntur
1727 3247 1782 3297 et
1813 3243 2012 3314 profli-

369 3334 586 3400 gantur
613 3345 649 3384 a
679 3329 932 3384 maxima
961 3329 1309 3402 Scytharum
1343 3329 1724 3385 multitudine
1757 3331 2014 3403 undique

367 3416 746 3487 irruentium,
777 3431 890 3472 non
923 3432 1094 3472 secus
1125 3432 1302 3488 quam
1335 3432 1512 3488 apum
1564 3416 1852 3488 examina,
1885 3435 2012 3490 quae

365 3521 436 3562 ex
467 3505 796 3562 alvearibus
826 3507 1226 3575 effunduntur,
1259 3511 1362 3562 aut
1389 3505 1732 3563 crabrorum
1768 3508 1953 3564 instar
1982 3524 2013 3564 e

363 3595 806 3666 eavernisjuxta
826 3595 946 3650 vias
966 3596 1422 3666 erumpentium.
1455 3595 1696 3650 Duobus
1743 3594 1836 3651 his
1873 3614 2012 3667 prae-

360 3684 453 3740 liis
469 3683 684 3753 victus,
713 3683 974 3740 marchio
994 3701 1054 3740 se
1079 3683 1504 3740 Thessalonica:
1528 3683 1799 3752 includit,
1831 3684 2007 3742 Joan-

358 3792 464 3833 nes
493 3793 626 3833 vero
656 3793 758 3847 per
787 3792 1076 3833 summam
1105 3775 1393 3832 licentiam
1425 3781 1714 3832 Berrcsam
1771 3784 1826 3832 et
1863 3777 2007 3834 alias

363 3865 790 3922 marchionicas
821 3866 995 3922 urbes
1025 3871 1290 3938 occupat.

2128 1905 2292 1966 ὥδινε
2346 1911 2648 1987 πράγμασι,
2710 1910 2799 1967 καὶ
2832 1907 3062 1986 ἅγγελος
3119 1904 3304 1985 ἕτερος
3358 1903 3636 1984 ἔφίσταται
3679 1909 3778 1974 τήν

2125 2003 2222 2056 τοῦ
2278 1999 2524 2073 κόμητος
2583 1999 2766 2070 Πλέης
2823 1995 3192 2055 ἀναδιδάσκων
3245 1994 3524 2052 ἀπώλειαν
3553 1996 3773 2073 miri-pa

2125 2093 2222 2144 τοῦ
2257 2087 2530 2164 βασιλέως
2585 2085 2920 2146 Βαλδουίνου
2978 2087 3325 2165 κατάσχεσιν.
3354 2085 3454 2142 ’Ἡν
3485 2083 3574 2139 οὖν
3607 2082 3778 2140 ὥδευε

2125 2179 2386 2253 πρότερον
2420 2178 2584 2234 πάλιν
2635 2179 2928 2252 ἁψάμενος,
2975 2178 3076 2246 τὴν
3131 2174 3526 2244 ΘεσσαΛονίκην
3563 2173 3772 2228 ε’ἶσεισι’

2123 2265 2212 2320 καὶ
2243 2268 2400 2342 γνοὺς
2447 2264 2626 2337 ἀληθῆ
2692 2267 2791 2322 ὅσα
2849 2263 2938 2320 διὰ
2989 2263 3331 2342 γραμμάτων
3363 2263 3605 2318 πέπυστο
3636 2264 3773 2337 πρό-

2123 2375 2303 2430 τερον,
2359 2354 2764 2429 έπικαλαμᾶται
2821 2355 2884 2410 τὸ
2942 2355 3018 2428 μή
3078 2349 3320 2429 ἀκριϐῶς
3358 2351 3566 2427 ἀμηθὶν
3592 2351 3650 2407 ἐκ
3679 2355 3776 2406 τοῦ

2123 2443 2293 2516 ληίου
2322 2452 2422 2515 τῆς
2452 2444 2670 2510 πόλεως
2716 2443 2768 2500 ἐν
2821 2448 2901 2515 τῷ
2942 2443 3142 2516 ἀμήτῳ
3171 2446 3268 2498 τοῦ
3296 2439 3546 2516 πολέμου
3577 2440 3635 2502 ὅς
3664 2441 3773 2515 πρὸ

2120 2539 2240 2604 τῆς
2288 2532 2490 2589 ἐκείνου
2547 2533 2770 2603 συνέστη
2849 2531 3101 2611 ἀφίξεως.
3175 2529 3284 2593 Οῧς
3345 2531 3441 2604 μὶν
3501 2530 3604 2606 γὰρ
3661 2535 3771 2584 τῶν

2121 2621 2367 2678 πολιτῶν
2398 2623 2682 2695 ζημιώσας
2738 2621 2814 2684 εἷς
2871 2622 3136 2696 χρήματα
3165 2619 3533 2695 γυμνότέρους
3573 2619 3774 2693 ὑπέρου

2123 2707 2352 2790 διαφῆκε
2414 2718 2517 2781 τῆς
2582 2709 2820 2780 πόλεως,
2888 2711 2982 2771 οὕς
3051 2708 3106 2765 δὲ
3183 2709 3509 2775 ἀπέκτεινεν,
3568 2707 3660 2770 οὕς
3716 2705 3773 2762 δὲ

2123 2799 2490 2874 ἀπεκρέμασεν
2539 2797 2598 2854 έκ
2650 2803 2748 2854 τοῦ
2805 2794 3061 2860 λαώδους
3117 2795 3366 2866 πλήθούς
3413 2796 3655 2852 καῖ’τοῦ
3693 2797 3771 2851 ls-

2120 2889 2371 2962 ρωμένου
2447 2891 2564 2960 Θεῷ
2634 2887 2938 2963 τάγματος,
3013 2887 3103 2941 καὶ
3175 2885 3266 2941 τὸν
3345 2883 3629 2960 δυσπραγῆ
3719 2885 3770 2940 έν

2122 2974 2434 3049 βασιλεῦσιν
2494 2975 2736 3049 Ἀλέξιον
2792 2975 2883 3030 καὶ
2943 2977 3043 3045 τὴν
3101 2973 3298 3028 τούτου
3358 2973 3602 3028 σύνευνον
3671 2973 3773 3029 Eii-

2119 3063 2386 3144 φροσύνην
2448 3063 2792 3128 διαποντίους
2843 3069 2921 3137 τῷ
2949 3067 3060 3119 τῶν
3119 3061 3445 3137 Ἀλαμανῶν
3481 3061 3773 3136 ἐξέπεμψεν

2124 3152 2371 3230 ἄρχοντι.
2428 3151 2538 3210 Φεῦ
2593 3157 2690 3232 φεῦ
2739 3157 2837 3208 τοῦ
2892 3156 3082 3208 καινοῦ
3130 3149 3286 3207 τοῦδε
3318 3153 3408 3206 καὶ
3439 3151 3762 3223 ἀνηκούστου

2123 3244 2273 3318 παρὰ
2325 3244 2620 3316 Ῥωμαίοις
2675 3241 3044 3314 ἀκούσματος,
3095 3242 3265 3298 εἲπεῖν
3316 3239 3373 3296 δὲ
3417 3242 3505 3296 καὶ
3541 3242 3766 3298 ἀθεάτου

2121 3330 2174 3394 ές
2207 3329 2364 3406 δεῦρο
2417 3332 2724 3406 θεάματοςί
2791 3336 2910 3393 ταῖς
2963 3329 3020 3386 δὲ
3077 3329 3304 3408 Σέῤῥαις
3361 3325 3622 3404 ἐμϐαλεῖν
3670 3330 3768 3385 τὸῦ

2123 3420 2378 3492 Ἰωάννης
2412 3421 2830 3494 ένωτισάμενος,
2893 3421 3064 3494 μήπω
3124 3417 3182 3474 δὲ
3237 3421 3322 3475 καὶ
3382 3420 3444 3475 τὸ
3484 3419 3650 3494 πέρας
3677 3440 3770 3474 τον

2121 3509 2411 3572 συστάντος
2515 3509 2685 3565 ἐκεῖσε
2783 3511 3048 3586 πρότερον
3119 3509 3370 3582 πολέμου
3442 3510 3769 3581 πυθόμενος,

2121 3595 2338 3654 στέλλει
2388 3600 2516 3661 τοὺς
2575 3599 2968 3673 συναρήξοντας
3041 3603 3159 3662 τοῖς
3237 3597 3290 3653 έν
3363 3603 3485 3660 ταῖς
3540 3598 3767 3675 Σέῤῥαις

2119 3685 2447 3766 ὁμοφύλοις.
2509 3688 2573 3742 0i.
2630 3686 2688 3742 δὲ
2735 3685 2788 3742 ἐν
2849 3693 2929 3760 τῷ
3003 3689 3216 3743 ὰπιέναι
3267 3687 3334 3742 τὰ
3391 3687 3768 3762 ξυνενεχθέντα

2121 3777 2383 3847 μαθόντες
2431 3777 2523 3832 τὸν
2581 3778 2674 3850 μὲν
2730 3776 2976 3850 πόλεμον
3027 3775 3282 3852 οὐδαμῶς
3321 3773 3661 3847 διελύσαντο,
3694 3779 3768 3842 ὡς

2115 3863 2224 3937 ἤδη
2259 3863 2312 3920 έν
2363 3870 2446 3938 τῷ
2477 3863 2636 3938 δεινῷ
2664 3868 3016 3935 καθεστῶτες,
3046 3866 3238 3941 καίπερ
3267 3863 3493 3936 εἰδότες,
3533 3868 3769 3940 γενησόο

370 3974 532 4025 μενον
569 3954 706 4028 πρὸς
737 3951 882 4008 πολὺ
912 3951 1168 4028 περιόντα
1198 3951 1490 4027 πολέμιον’
1553 3951 1912 4030 συῤῥήξαντες
1972 3951 2030 4010 δὲ
2077 3961 2195 4018 τοῖς
2244 3953 2506 4017 ’ἐναντίοις
2563 3956 2697 4010 κατᾶ
2753 3955 2948 4031 κρύτος
3002 3958 3270 4024 ἡττῶνται
3317 3954 3406 4009 καἓ
3456 3955 3763 4029 τρέπονται,

365 4043 582 4096 Σκυθῶν
636 4041 820 4102 αὐτοῖς
878 4036 1341 4116 προσϐαλλόντων
1400 4040 1544 4096 οὕτω
1601 4047 1818 4117 συχνῶν
1893 4044 1999 4098 κάκ
2067 4047 2174 4099 τῶν
2242 4040 2388 4118 ἄλλῃ
2459 4043 2549 4098 καὶ
2623 4039 2769 4117 ἄλλῃ
2828 4043 3194 4100 ἐκπιπτόντων
3251 4044 3324 4106 ὡς
3381 4041 3496 4098 ἔσσι
3552 4045 3641 4098 καὶ
3697 4044 3765 4098 τὰ

361 4131 548 4202 σμήνη
601 4129 886 4194 θεάσασθαι
935 4134 1044 4184 τῶν
1105 4125 1358 4205 σίμϐλων
1416 4129 1682 4204 προϊόντα
1767 4133 1857 4187 καὶ
1914 4131 2044 4198 τοὺς
2095 4135 2304 4210 σφῆκας
2358 4130 2741 4206 έξιπταμένους
2789 4137 2897 4188 τῶν
2955 4129 3180 4188 ἐνοδίων
3229 4137 3521 4212 χηραμῶν.
3555 4132 3763 4189 Οὐκοῦν

349 4215 596 4274 τοιαῖσδε
626 4219 834 4293 μάχαις
866 4215 1070 4281 διτταῖς
1096 4219 1158 4274 τὸ
1189 4219 1352 4288 ἦττον
1381 4219 1820 4296 ἀπενεγκάμενος
1849 4221 1878 4276 ὁ
1914 4221 2208 4298 μαρκέσιος
2239 4221 2405 4284 αὐτὸς
2440 4222 2534 4294 μὲν
2567 4219 2696 4276 εἲσω
2725 4227 2824 4290 τῆς
2854 4220 3252 4292 Θεσσαλονίκης
3285 4219 3610 4296 ἐγκλείεται,
3643 4222 3673 4276 ὁ
3705 4219 3760 4276 δέ

348 4326 414 4382 γε
445 4307 699 4377 Ἰωάννης
729 4306 866 4362 κατὰ
895 4311 1068 4362 πᾶσαν
1116 4304 1297 4364 ἄδειαν
1349 4307 1402 4370 ές
1446 4307 1708 4385 Βέρῥοιαν
1759 4305 1964 4382 ἄπεισι,
2011 4309 2104 4366 καὶ
2149 4309 2245 4370 τὰς
2291 4306 2491 4370 λοιπὰς
2533 4309 2726 4372 πόλεις
2773 4310 2895 4366 ὅσαι
2945 4311 3226 4386 μαρκεσίῳ
3253 4309 3554 4366 ὑπέκυπτον
3587 4310 3759 4382 ἑαυτῷ

348 4395 792 4471 προσῳκείωσεν.

410 4488 492 4544 Ea
521 4503 752 4560 quoque
808 4486 972 4543 clade
1032 4488 1254 4558 audita,
1317 4488 1510 4544 Latini
1569 4490 1670 4560 qui
1729 4490 1986 4562 Byzantii
2021 4492 2065 4556 ι)

344 4583 532 4648 erant,
565 4577 879 4634 consilium
940 4576 1096 4634 820
1160 4577 1368 4634 ineunt
1415 4579 1544 4650 quid
1589 4580 1665 4634 sit
1691 4579 1994 4652 agendum,

341 4667 588 4725 concilio
613 4667 685 4724 ab
716 4667 914 4722 Errico
945 4666 1215 4722 Balduini
1247 4667 1423 4722 fratre
1452 4671 1510 4722 et
1550 4667 1776 4723 Marino
1806 4667 1990 4724 Vene-

339 4758 553 4816 tiarum
617 4760 764 4816 duce
821 4761 1046 4816 indicto
1107 4777 1121 4818 :
1178 4777 1316 4816 nam
1377 4760 1677 4817 Dandulus
1744 4760 1986 4817 obierat.

333 4846 620 4904 Omnibus
650 4848 874 4904 bellum
905 4865 1210 4921 capessere
1242 4849 1462 4922 placuit
1507 4855 1566 4905 et
1621 4848 1819 4921 copias
1851 4865 1989 4905 con-

331 4943 419 4991 tra
449 4937 621 4992 urbes
651 4937 913 4993 Thraciae
951 4939 1164 4996 ducere
1225 4955 1352 5011 quae
1412 4956 1445 4995 ιι
1485 4939 1710 4995 Latinis
1758 4939 1984 4994 defece-

329 5025 632 5092 rant,dum
669 5024 867 5095 populi
893 5027 1070 5082 animi
1127 5027 1320 5084 adhuc
1369 5028 1674 5098 ferverent,
1710 5035 1763 5084 el
1809 5026 1982 5083 Joan-

331 5125 437 5165 nes
469 5109 599 5166 aliis
630 5110 800 5167 bellis
831 5119 1150 5184 occupatus
1203 5115 1393 5190 iisque
1459 5117 1600 5173 solis
1658 5116 1920 5172 intentus
1951 5133 1984 5172 a

332 5201 613 5255 Romanis
636 5201 886 5255 abesset.
938 5202 1136 5274 Itaque
1194 5210 1418 5276 partem
1481 5207 1792 5274 exercitus,
1853 5221 1980 5276 qua;

331 5285 610 5342 utilitatis
641 5304 760 5342 suae
784 5303 963 5344 causa
983 5290 1136 5346 ultro
1160 5293 1324 5363 sequi
1359 5293 1530 5349 vellet
1555 5296 1808 5364 (Rottnm
1866 5294 1980 5366 ipsi

326 5377 580 5446 vocant),
612 5375 978 5447 ablegarunt,
1013 5383 1296 5449 potestate
1327 5381 1466 5438 data
1495 5383 1668 5438 urbes
1701 5399 1826 5455 quas
1883 5383 1977 5439 de-

321 5463 602 5520 fecissent
632 5480 740 5520 suo
769 5465 1050 5520 arbitratu
1085 5470 1390 5524 tractandi.
1423 5471 1503 5525 Ea
1557 5470 1767 5526 cohors
1813 5476 1974 5528 ante-

317 5568 524 5626 gressa
555 5571 588 5610 a
622 5551 786 5610 nullo
815 5553 1054 5620 scelere,
1088 5571 1122 5610 a
1152 5555 1312 5612 nullo
1359 5558 1588 5630 piaculo
1647 5560 1970 5617 abhorruit.

321 5642 522 5698 Veneti
556 5657 791 5718 quoque
847 5641 1200 5700 Orientalem
1257 5661 1418 5701 oram
1481 5645 1673 5718 longis
1727 5648 1974 5707 navibus

2167 4491 2256 4553 Ὠς
2286 4485 2333 4543 δ’
2363 4490 2517 4564 εἶχον
2571 4491 2624 4546 οἳ
2673 4490 2726 4546 έν
2785 4495 2852 4564 τῇ
2912 4487 3072 4545 πόλει
3106 4493 3326 4546 Λατῖνοι
3357 4487 3447 4544 καί
3475 4488 3636 4545 τάσδε
3663 4489 3759 4552 τὰς

2109 4573 2442 4653 δυσπραγίας
2487 4576 2896 4652 ένωτισάμενοι,
2955 4577 3080 4652 περῖ
3147 4578 3244 4633 τοῦ
3295 4577 3555 4650 ποιητέου
3609 4578 3755 4656 σφίσι

2102 4667 2291 4740 σκέψιν
2337 4665 2598 4739 τιθέασιν,
2658 4668 2800 4740 ὁμοῦ
2857 4668 3158 4742 γενομένων
3211 4671 3308 4723 τοῦ
3361 4687 3422 4722 τε
3477 4666 3668 4743 Ἐῤῥῆ,
3699 4667 3760 4730 ὃς

2098 4754 2164 4824 ἧν
2197 4758 2294 4810 τοῦ
2327 4753 2602 4829 βασιλέως
2649 4753 2984 4811 Βαλδουίνου
3031 4755 3376 4831 κασίγνητος,
3435 4757 3526 4812 καὶ
3581 4757 3758 4832 Μαρί-

2099 4863 2195 4898 νου
2235 4847 2334 4898 τοῦ
2393 4841 2586 4906 δουκὸς
2641 4844 2909 4909 Βενετίας·
2972 4845 3000 4900 ὁ
3056 4845 3162 4921 γὰρ
3224 4843 3532 4908 Δάνδουλος
3559 4845 3620 4901 τὸ
3656 4849 3754 4918 ζῇν

2097 4931 2476 5009 κατέστρεψεν.
2538 4932 2729 5004 Ἔδοξε
2777 4937 2956 4991 τοίνυν
3029 4937 3194 4990 ἅπασι
3251 4941 3456 5011 χωρεῖν
3507 4935 3596 4991 ἐπὶ
3649 4936 3755 4990 πό-

2097 5020 2269 5094 λεμον
2329 5023 2420 5086 καὶ
2471 5025 2571 5094 τήν
2642 5021 2868 5098 δύναμιν
2936 5023 3082 5098 ἄγειν
3156 5026 3292 5080 κατὰ
3338 5029 3444 5080 τῶν
3503 5025 3750 5099 Θρᾳγίων

2093 5111 2330 5180 πόλεων,
2372 5113 2568 5167 ὁπόσαι
2617 5113 2861 5168 Λατίνων
2909 5113 3234 5185 ἀπέστησαν,
3285 5110 3389 5176 ἕως
3433 5109 3512 5170 ἔτι
3552 5115 3752 5190 θερμὸς

2090 5206 2196 5256 τῶν
2252 5199 2482 5256 πολλῶν
2541 5201 2568 5256 ὁ
2628 5201 2798 5272 ζῆλος
2847 5203 2936 5258 καὶ
2985 5203 3274 5276 Ῥωμαίων
3325 5203 3580 5275 Ἰωάννης
3609 5205 3751 5258 ἀπο-

2095 5287 2382 5362 διίσταται,
2441 5288 2713 5364 πολέμοις
2771 5290 3246 5367 ἐναπειλημμένος
3311 5290 3508 5354 ἄλλοις
3563 5294 3749 5348 κάκείο

2089 5399 2203 5442 νοις
2257 5381 2357 5450 τήν
2411 5381 2618 5435 ἅπασαν
2680 5379 2895 5460 σχολὴν
2946 5380 3328 5456 χαριζόμενος.
3391 5378 3616 5454 Ἀμέλει
3660 5395 3751 5450 καὶ

2097 5473 2295 5542 μοῖραν
2357 5472 2456 5525 τοῦ
2533 5468 2668 5524 κατά
2741 5473 2876 5548 σφᾶς
2951 5469 3354 5544 στρατεύματος
3429 5469 3752 5544 προεκπέμ-

2094 5561 2310 5632 ψαντες,
2375 5555 2441 5627 ἤν
2499 5559 2695 5632 ῥοῦταν
2753 5559 3062 5632 ὠνόμαζον,
3116 5564 3220 5614 πᾶν
3277 5559 3340 5615 τὸ
3388 5559 3526 5634 πρὸς
3557 5558 3756 5636 ἰσχύος

2121 5649 2511 5725 νεπεγκλήτως
2565 5644 2694 5723 δρᾷν
2749 5645 3108 5706 έκδεδώκασιν
3163 5647 3216 5704 έν
3267 5653 3349 5723 τῷ
3405 5650 3502 5714 τὰς
3559 5647 3756 5710 πόλεις
