4120 6284
439 423 596 485 1009
1898 428 2087 492 ΠΒΒΕ

2198 431 2417 493 ΑΡΤΑ.
3710 441 3867 504 1010

450 556 656 612 ὶπιέναι
696 554 792 617 τὰς
831 556 1164 625 ἀποστάσας,
1216 557 1337 613 ὅθεν
1370 558 1461 614 καὶ
1513 560 1929 636 προηγούρενον
1976 558 2087 616 τόδε

2216 564 2593 633 infestabant,
2627 568 2682 620 et
2706 566 2974 640 Gallipoli
3005 586 3072 625 ac
3101 568 3262 624 Panii
3296 569 3553 641 pessima
3572 578 3627 628 et
3654 590 3685 629 a
3706 573 3865 630 Chri-

449 646 514 701 τὸ
574 645 851 719 σύνταγμα
908 643 1065 701 οὐδὲν
1134 647 1242 702 τῶν
1301 647 1606 717 ἀνηκέστων
1673 649 1763 704 καὶ
1830 650 2087 724 ἀθεμίτωη

2213 653 2539 709 stianorum
2572 653 2863 713 institutis
2892 657 3269 714 abhorrentia
3299 675 3542 731 quisque
3573 667 3862 733 perpetra-

457 734 855 811 ἐκπεριίστατο.
928 733 1107 791 Ἀλλὰ
1154 737 1243 791 καὶ
1304 738 1578 793 Βενέτικοι
1656 745 1791 808 νῆας
1894 740 2087 814 μακρόυ

2214 746 2375 812 runt,
2407 747 2472 797 ut
2502 742 2866 802 calamitates
2918 750 3134 813 essent,
3193 746 3570 819 multiplices,
3613 755 3856 817 atroces,

450 823 872 886 καθελκύσαντες
901 825 999 889 τὰς
1028 826 1133 897 ἑῷα
1162 824 1383 900 πάραλα
1442 830 1531 900 [Ρ.
1583 830 1706 901 400]
1769 830 1907 904 μέρη
1966 827 2087 902 ἒλῄ·

2214 826 2631 889 intolerabiles.

444 935 635 970 στευον
693 913 1123 989 πειρατεύοντες,
1190 920 1269 987 τῷ
1322 916 1503 989 Πανίῳ
1559 938 1618 971 τε
1675 918 1766 973 καὶ
1826 922 1906 990 τῷ
1965 915 2314 973 Καλλιπύλιι
2371 921 2743 999 προσσχόντες
2802 923 2901 977 ὅσα
2941 923 3190 997 χείριστα
3240 925 3331 979 καὶ
3380 930 3487 980 τῶν
3510 927 3854 1001 Χριστιανῶν

458 1001 595 1058 ἐθῶν
626 1000 898 1077 ἀλλότρια
931 1001 1302 1079 διεπράξαντο.
1336 1006 1507 1061 ’Πσαν
1536 1006 1625 1060 οὗν
1660 1004 1996 1083 πολύμορφα
2024 1007 2090 1060 τὰ
2130 1003 2300 1078 δείνᾶ,
2334 1008 2785 1086 Βαρυαλγέστατα
2814 1010 2902 1065 καὶ
2932 1011 3249 1070 άνύποιστα.

521 1092 609 1165 ιβ’.
646 1091 836 1161 Ἐξιὼν
900 1088 956 1146 δὲ
996 1092 1084 1146 καὶ
1134 1092 1294 1154 αὐτὸς
1352 1092 1574 1168 Ἐῥρῆς,
1631 1096 1731 1164 τήν
1780 1091 2099 1169 Ἀρκαδιού-

446 1180 613 1236 πολιν
646 1182 721 1245 ὡς
751 1176 971 1253 ἂνὲμοις
1015 1181 1180 1255 μόνον
1221 1182 1512 1256 οἰκήσιμον
1563 1180 1937 1258 παραλλάξας,
1994 1186 2093 1254 τὴν

445 1267 502 1325 δὲ
562 1266 777 1325 εἷ’σοδον
832 1274 929 1325 τοῦ
975 1272 1173 1346 ’Ἅπρώ
1229 1272 1582 1346 βιασάμτνος,
1642 1271 1928 1346 ἀνημέρως
1980 1277 2096 1334 τοῖς

441 1357 550 1415 ἐκεῖ
609 1360 999 1434 προσφέρεται,
1052 1360 1116 1414 τὸ
1173 1358 1414 1416 ἐνοικοῦν
1468 1358 1650 1422 ἐνδοὺς
1701 1361 1776 1425 εἰς
1862 1362 2092 1437 σφαγὴν,

434 1448 510 1509 ὡς
538 1447 585 1502 si
626 1448 888 1521 ποίμνιον
921 1451 987 1517 ἦν
1029 1449 1119 1503 καὶ
1154 1448 1452 1522 βουκόλῖον
1492 1448 1618 1505 ἀλλ’
1663 1449 1725 1506 οὐ
1783 1448 2092 1525 Χριστώνυ-

449 1562 550 1616 μον
581 1542 644 1595 τὸ
674 1542 1041 1615 κτεινόμενον,
1072 1542 1163 1598 καὶ
1222 1542 1312 1617 βία
1374 1540 1586 1615 μᾶλλον
1644 1544 1678 1614 ἢ
1739 1545 1921 1599 πειθοῖ
1974 1548 2090 1605 τοῖς

453 1630 1020 1707 Βλάχοιςᾲῦποκύψαν
1079 1629 1221 1705 μηδέ
1266 1639 1670 1707 προσχωρῆσαν
1728 1631 2093 1703 ἐκουσιότητι.

2278 1098 2365 1152 12.
2400 1099 2631 1156 Erricus
2653 1117 2883 1172 quoque
2914 1102 3302 1175 Arcadiopoli,
3354 1108 3420 1160 ut
3474 1104 3616 1161 solis
3665 1107 3853 1163 ventis

2205 1184 2532 1255 habitabili,
2566 1189 2874 1259 praeterita,
2931 1206 3033 1261 per
3088 1190 3205 1246 vim
3263 1195 3481 1264 Aprum
3527 1192 3848 1265 ingressus,

2204 1274 2356 1329 cives
2412 1274 2795 1332 inclementer
2855 1283 3127 1334 tractatos
3206 1281 3387 1336 occidi
3465 1281 3628 1350 sinit,
3683 1283 3851 1354 quasi

2201 1380 2340 1437 grex
2373 1370 2476 1420 aut
2506 1371 2861 1438 armentum,
2891 1384 3008 1424 non
3066 1374 3257 1426 autem
3320 1371 3660 1438 Christiani,
3693 1379 3750 1428 et
3794 1374 3849 1429 vi

2202 1455 2399 1526 potius
2430 1455 2654 1511 subacti
2716 1473 2885 1526 quam
2938 1475 3046 1514 sua
3097 1464 3309 1531 sponte
3358 1460 3578 1517 addicti
3618 1461 3846 1517 Blachis

2199 1544 2652 1600 trucidarentur.
2689 1546 2853 1602 Multi
2879 1548 3053 1604 etiam
3080 1547 3255 1603 vincti
3288 1548 3512 1621 laqueis
3561 1566 3663 1620 por
3691 1549 3838 1606 821

2207 1633 2382 1688 urbes
2410 1640 2462 1689 et
2493 1651 2676 1707 pagos
2706 1636 3316 1705 circumducebantur,
3369 1641 3435 1693 ut
3480 1638 3847 1694 emendicata

452 1701 663 1776 Πολλοὶ
700 1701 775 1774 δὲ
831 1701 942 1775 καὶ-
978 1701 1321 1795 σχονινύδετοι
1361 1701 1513 1776 κατὰ·
1535 1701 1725 1795 κώμας
1766 1723 1857 1776 καὶ
1902 1701 2087 1784 πόλεις

2204 1722 2452 1793 pecunia
2479 1738 2540 1778 se
2571 1740 2605 1778 a
2634 1723 2951 1781 victoribus
2984 1725 3357 1782 redimerent.
3391 1729 3453 1783 In
3495 1744 3562 1783 ea
3590 1727 3842 1783 circum-

446 1804 836 1881 περιαγόμενοι
893 1806 1118 1882 εωγρίαι
1193 1807 1262 1862 τὰ
1332 1806 1503 1881 λύτρα
1558 1805 1928 1883 ἕρανιζόμενοι
1973 1812 2089 1870 τοῖς

446 1895 803 1972 συνειληφόσι
869 1897 1235 1960 κατετίθεσαν.
1297 1897 1365 1953 Οἱ
1412 1894 1457 1951 δ’
1513 1895 1565 1951 έν
1621 1902 1740 1960 ταῖς
1773 1898 2090 1973 ἀπαγωγαῖς

444 1985 667 2047 ταύταις
697 1982 1018 2056 ἤνοσηλείᾳ
1076 1988 1329 2059 σώματος
1387 1983 1890 2062 προσπαλαίσαντες
1948 1985 1982 2055 ἢ
2012 1991 2093 2059 τῷ

446 2081 548 2145 τῆς
590 2072 905 2149 ὁδοιπορίας
949 2077 1114 2147 μήκει
1155 2074 1541 2139 ἐκτονωθέντες
1588 2078 1686 2144 τῆς
1742 2073 2092 2151 τραχηλοκά-

444 2185 548 2232 κης
624 2165 897 2237 ἀνιέμενοι
988 2165 1252 2237 οὐμενοῦν
1329 2165 1404 2228 ὡς
1461 2164 1757 2239 ὁμόπιστοι
1823 2165 2089 2242 φθινύθειν

444 2255 634 2310 είῶντο
692 2254 781 2309 καὶ
872 2255 1402 2329 παρακατατίθεσθαι
1473 2254 1629 2328 μόρῳ
1712 2259 1923 2331 φυσικῷ
1989 2255 2089 2322 τὴν

442 2344 652 2417 ψυχὴν,
713 2341 842 2397 ἀλλ’
909 2339 1435 2417 ἀπεδειροτομοῦντο
1509 2343 1737 2419 ξίφεσιν,
1796 2340 1904 2396 εἷ’τε
1981 2343 2088 2415 μὴν

450 2432 590 2487 κατὰ
615 2430 951 2510 σπλάγχνων
983 2432 1200 2505 βαθεῖαν
1255 2428 1507 2504 ἐδέχοντο
1558 2431 1659 2498 τὴν
1722 2428 1966 2503 πληγήν.
2031 2431 2090 2487 Ὀ

454 2518 502 2576 δ’
570 2519 767 2596 Ἐῥρῆς
852 2521 951 2589 τὴν
1017 2516 1357 2594 Ὀρεστιάδα·
1408 2515 1733 2575 καταλαϐὼν
1794 2538 2089 2593 στρατοπε·

452 2607 663 2666 δεύεται
718 2610 841 2685 περὶ
900 2610 1089 2681 αὐτὴν,
1140 2611 1356 2685 χάρακά
1419 2630 1478 2664 τε
1534 2607 1716 2682 βαλὼν
1750 2608 1838 2662 καὶ
1873 2609 2087 2683 βαθεῖαν

446 2701 650 2777 τάφρον
692 2697 997 2778 ὀρωρυχὼς
1028 2700 1252 2771 (ταύτην
1293 2699 1393 2774 γάρ
1450 2700 1549 2767 τὴν
1588 2697 1748 2753 πόλιν
1805 2697 2090 2774 ἀγώνισμα

444 2791 536 2845 καὶ
568 2788 735 2853 ἆθλον
766 2789 857 2844 καὶ
924 2788 1287 2863 συμπέρασμα
1342 2792 1449 2842 τῶν
1498 2786 1679 2842 πόθων
1748 2788 1798 2841 οἱ
1867 2791 2088 2841 Λατῖνοι

445 2877 643 2952 ᾤοντο)
686 2880 761 2951 μὴ
825 2878 884 2932 ἅν
944 2876 1141 2951 ἑτέρως
1184 2876 1381 2931 ἐκεῖθεν
1442 2874 1805 2944 ἀπονοστῆσαι
1861 2880 1977 2937 τοῖς
2035 2873 2085 2929 ἐν

447 2971 517 3041 τῇ
547 2966 705 3023 πόλει
740 2963 1090 3041 διήγγελλεν,
1123 2964 1174 3021 εἷ’
1204 2966 1333 3039 μήτ⁹
1362 2963 1516 3020 αὐτοὶ
1568 2958 1825 3035 ξυμϐαῖεν
1876 2962 2085 3037 ὁμολο-

441 3057 581 3133 γίαις
619 3058 647 3128 ἢ
679 3061 811 3145 γοῦν
859 3056 1011 3127 νόμῳ
1079 3054 1332 3128 πολεμίῳ
1398 3058 1533 3130 σφᾶς
1581 3053 1741 3115 αὐτὸς
1807 3055 2087 3145 παραστή-
2125 3078 2168 3145 C

444 3166 617 3204 σαιτο.
649 3146 716 3203 Οἱ
783 3144 839 3199 δὲ
894 3146 983 3200 καὶ
1023 3145 1160 3219 πρὸς
1232 3148 1401 3217 μόνην
1453 3146 1554 3214 τήν
1610 3149 1718 3198 τῶν
1765 3138 2084 3217 συμϐάσεων

445 3234 714 3309 ἐνήχησιν
760 3233 1181 3296 άποκναίσαντες
1226 3235 1301 3307 μή
1333 3234 1630 3305 Ῥωμαίοις
1689 3231 1744 3286 ἐγ
1785 3230 1944 3288 τοῦδε
1999 3234 2087 3288 καὶ

441 3323 696 3385 Λατίνοις
728 3318 913 3398 ἔλεγον
945 3324 1083 3378 εἶναι
1149 3324 1308 3398 ’ὀρκια
1363 3323 1551 3392 πιστὰ,
1601 3318 1786 3391 ἐπειδὴ
1846 3323 2090 3393 καθάπαξ

444 3418 667 3471 Λατῖνοι
695 3415 763 3468 τὰ
793 3414 890 3487 μὲν
920 3412 973 3475 ές
1013 3412 1192 3468 πίστιν
1229 3407 1501 3479 ἀϐέϐαιοι,
1543 3417 1660 3473 τοῖς
1715 3408 1773 3466 δὲ
1827 3431 2094 3487 προσχω-

450 3508 605 3576 ροῦσι
664 3501 978 3577 θηριώδεις,
1043 3507 1163 3564 τοῖς
1257 3499 1314 3556 δὲ
1402 3500 1637 3574 πολέμῳ
1712 3501 2093 3574 χειρουμένοις

448 3591 839 3662 άνηλεέστατοι
906 3593 1052 3666 παρά
1108 3590 1407 3665 Ῥωμαίοις
1463 3591 1830 3664 ἐγνώσθησαν.
1908 3593 2092 3646 Ταῦτα

448 3681 755 3755 πυθόμενος
805 3680 1004 3756 Ἑβρἤς
1058 3681 1194 3756 πρὸς
1222 3678 1400 3757 ἔργοις
1456 3680 1678 3756 γίνεται.
1740 3683 1958 3741 Δισσαῖς
1999 3680 2092 3753 μὶν

454 3771 546 3826 οὗν
612 3772 842 3845 τάφροις
890 3770 1145 3844 ἀρυκταῖς
1213 3767 1653 3844 περιεζωσμένην
1746 3769 1844 3837 τὴν
1929 3765 2092 3823 πόλιν

447 3859 682 3934 εὐρείαις
709 3881 767 3915 τε
823 3860 913 3914 καὶ
979 3858 1216 3933 βαθείαις
1276 3856 1491 3931 εὕρατο,
1550 3857 1678 3919 τοὺς
1738 3854 1796 3911 δὲ
1853 3855 2094 3931 πύργους

442 3956 543 4019 τῆς
599 3946 816 4011 πόλεως
871 3949 1097 4004 ἐπὶτῶν
1145 3948 1325 4023 ἄκρων
1355 3945 1673 4020 δεξαμένους
1736 3944 1796 4001 ἐκ
1852 3942 2090 4001 δονάκων

444 4039 710 4112 πήγματα
738 4037 791 4100 ἐς
823 4035 968 4092 πολὺ
995 4040 1092 4093 τοῦ
1156 4037 1316 4112 ἀέρος
1377 4030 1757 4101 ἀναϐαίνοντα,
1804 4032 1894 4088 καὶ
1952 4053 2088 4108 προ-

442 4124 781 4200 καλύμματα
809 4123 1039 4201 έχοντας
1096 4124 1155 4181 ἐκ
1185 4123 1453 4199 διφθερῶν
1512 4145 1571 4179 τε
1616 4124 1704 4178 καὶ
1729 4121 1982 4198 δέῤῥεων,
2014 4123 2089 4185 ὡς

446 4217 587 4289 μήτε
627 4216 1021 4293 πυριφλεκτοις
1084 4213 1380 4291 βάλλοιντο
1426 4212 1606 4290 βέλεσι
1662 4215 1753 4267 καί
1811 4214 1918 4267 εἷεν
1976 4210 2091 4286 ’ἁμα

444 4304 524 4367 εἰς
551 4300 837 4380 προϐολὴν
866 4309 983 4368 τοῖς
1022 4303 1129 4359 άπὸ
1179 4304 1387 4359 τούτων
1450 4303 1717 4377 μάχεσθαι
1773 4298 2086 4374 μέλλουσιν.

2198 1811 2470 1867 ductione
2502 1811 2551 1867 si
2584 1813 2683 1883 qui
2715 1818 2816 1868 aut
2844 1814 3061 1870 morbis
3118 1816 3377 1887 oppressi
3437 1820 3538 1871 aut
3585 1816 3687 1872 via;
3717 1815 3842 1871 lon-

2197 1900 2461 1972 gitudine
2492 1900 2713 1971 fatigati
2744 1902 3112 1971 deficiebant,
3168 1905 3355 1960 laxato
3418 1904 3549 1960 colli
3612 1902 3841 1960 vinculo

2200 2005 2315 2045 non
2347 1994 2413 2044 ut
2440 1989 2755 2046 Christiani
2786 1993 3077 2064 exspirare
3102 1992 3446 2049 sinebantur
3492 1996 3550 2049 et
3591 1992 3841 2050 naturali

2199 2082 2384 2135 morte
2403 2078 2586 2147 obire,
2618 2079 2714 2135 sed
2755 2079 2969 2151 gladiis
3016 2081 3517 2138 obtruncabantur
3564 2090 3664 2138 aut
3706 2099 3842 2137 con-

2198 2167 2583 2223 fodiebantur.
2622 2169 2853 2224 Erricus
2908 2186 3063 2238 vero,
3097 2171 3301 2226 castris
3359 2173 3429 2226 ad
3487 2172 3842 2227 Orestiadem

2198 2255 2425 2329 positis,
2459 2258 2818 2329 profundum
2846 2258 3069 2315 vallum
3124 2259 3469 2315 communit.
3530 2262 3673 2315 Nam
3718 2274 3846 2315 eam

2198 2345 2402 2401 urbem
2431 2345 2668 2401 unicum
2701 2350 3018 2415 certamen,
3051 2348 3353 2419 praemium
3378 2354 3435 2405 et
3476 2349 3651 2405 finem
3684 2348 3848 2404 labo-

2199 2451 2327 2489 rum
2353 2434 2990 2497 arbitrantes,ohsessis
3013 2437 3439 2493 denuntiabant
3464 2454 3525 2494 se
3563 2437 3699 2494 inde
3730 2456 3846 2496 non

2198 2537 2534 2578 recessuros
2559 2522 2847 2578 nisieavel
2865 2531 3069 2595 sponte
3087 2525 3283 2581 dedita
3310 2524 3398 2581 vel
3416 2526 3471 2581 vi
3493 2531 3842 2597 expugnata.

2200 2611 2265 2665 Hi
2298 2627 2432 2666 vero
2452 2611 2520 2665 ad
2547 2609 2731 2666 solam
2756 2611 3067 2668 deditionis
3109 2614 3464 2669 mentionem
3515 2616 3844 2671 exacerbati

2198 2700 2627 2771 responderunt.
2658 2698 2884 2754 nullum
2916 2700 2973 2753 in
2996 2705 3296 2772 posterum
3331 2702 3520 2757 foedus
3556 2702 3708 2758 inter
3734 2703 3843 2758 Ro-

2200 2804 2403 2843 manos
2435 2793 2491 2844 et
2514 2788 2739 2844 Latinos
2762 2805 2933 2859 posse
2962 2786 3503 2860 intercede‘re,quod
3529 2795 3586 2846 et
3617 2792 3731 2847 ﬁde
3754 2791 3843 2847 lu-

2196 2877 2354 2931 brica
2379 2882 2438 2931 et
2465 2875 2524 2932 in
2556 2876 2855 2932 dedititios
2886 2876 3148 2933 belluina
3178 2877 3562 2946 immanitate,
3592 2879 3652 2934 in
3696 2878 3842 2936 bello

2195 2966 2473 3022 subactos
2504 2965 2715 3035 majori
2744 2964 2917 3020 etiam
2977 2965 3323 3022 crudelitate
3379 2970 3695 3022 uterentur.
3744 2968 3844 3025 His

2198 3054 2436 3122 auditis,
2468 3054 2700 3111 Erricus
2722 3054 2995 3127 operibus
3041 3055 3301 3112 intentus
3359 3056 3554 3111 urbem
3610 3057 3843 3114 duabus

2197 3144 2332 3200 latis
2355 3149 2410 3199 et
2432 3144 2740 3216 profundis
2758 3144 2931 3200 fossis
2952 3144 3373 3200 circumdatam
3408 3144 3647 3216 invenit,
3680 3146 3843 3202 urbis

2199 3250 2330 3288 vero
2364 3232 2625 3288 turribuc
2658 3238 2933 3306 pegmata
2963 3232 3255 3289 altissima
3284 3233 3527 3304 adjecta,
3562 3251 3690 3307 quas
3730 3233 3846 3305 pel-

2197 3322 2353 3377 libus
2386 3330 2439 3377 et
2469 3322 2720 3378 taurinis
2778 3323 3109 3394 tergoribus
3169 3327 3373 3379 contra
3430 3324 3625 3395 ignem
3678 3328 3737 3379 et
3772 3324 3843 3380 ad

2200 3416 2663 3485 propugnatores
2716 3411 3111 3468 defendendos
3169 3413 3616 3486 obtegebantur.
3658 3416 3849 3485 Supra

2197 3515 2297 3557 eas
2358 3499 2581 3572 ligneas
2637 3504 2829 3557 turres
2888 3500 3026 3557 mali
3093 3501 3518 3573 deﬁgebantur,
3576 3502 3731 3559 822
3786 3502 3847 3556 in

2196 3590 2412 3661 quibus
2434 3606 2502 3646 ea
2522 3599 2684 3645 erant
2706 3607 2829 3659 quas
2854 3590 3149 3645 flammam
3174 3589 3489 3645 maximam
3537 3589 3845 3646 incendere

2194 3685 2253 3735 et
2283 3679 2399 3736 late
2421 3696 2692 3749 spargere
2713 3680 2924 3736 solent.
2959 3680 3189 3735 Alicubi
3241 3680 3301 3734 in
3350 3679 3434 3734 eis
3456 3679 3631 3735 etiam
3666 3679 3848 3735 fabre-

2198 3771 2351 3826 facta
2407 3770 2754 3825 bellatorum
2815 3769 3019 3825 sedilia
3072 3769 3433 3837 visebantur,
3511 3768 3843 3838 cujusmodi

2197 3875 2396 3916 eorum
2431 3858 2692 3930 suntqui
2717 3875 2786 3913 ex
2807 3857 3084 3914 tabulatis
3118 3858 3366 3913 fundum
3425 3858 3604 3913 maris
3646 3857 3842 3928 explo-

2196 3953 2329 4005 rant
2358 3953 2416 4004 et
2452 3947 2641 4019 pisces
2679 3951 2937 4017 captant.
2975 3947 3036 4001 In
3092 3945 3389 4018 aliquibus
3444 3962 3583 4001 saxa
3623 3946 3843 4002 catenis

2195 4055 2485 4109 suspensa
2510 4036 2783 4109 gravibus
2808 4041 2865 4092 et
2887 4035 3344 4091 demittebantur
3366 4041 3424 4091 et
3445 4052 3650 4091 rursus
3672 4036 3842 4091 attol-

2196 4128 2485 4193 lebantur,
2519 4132 2577 4180 et
2609 4130 2780 4197 prout
2810 4141 2901 4180 res
2933 4124 3288 4196 postulabat,
3319 4124 3842 4181 transferebantur.

2195 4221 2473 4273 Praeterea
2495 4212 2937 4286 quatuordecim
2993 4213 3365 4270 tormentain
3415 4213 3670 4269 turribus
3702 4229 3843 4269 con—

2195 4306 2611 4379 spiciebantur.
2643 4304 2832 4368 Quare
2859 4303 3054 4358 Errico
3086 4307 3142 4359 et
3199 4304 3476 4359 exercitui
3532 4305 3724 4362 visum
3754 4308 3845 4360 est

440 4392 623 4451 Ἀλλᾶ
648 4394 739 4449 καὶ
766 4399 875 4450 τῶν
944 4391 1174 4463 ξυλίνων
1234 4388 1437 4456 ἄνωθεν
1476 4389 1697 4465 πύργων
1756 4390 1899 4444 ἱστοὶ
1956 4409 2086 4443 κατ-

526 4482 538 4499 1
801 4480 827 4499 ΙΙ
1096 4482 1124 4499 τ
1282 4479 1297 4499 \
1362 4479 1388 4499 ν
1511 4478 1525 4499 ἳ
1602 4497 1609 4499 Α
1626 4498 1633 4499 κ
1682 4489 1702 4499 Α
1720 4478 1733 4499 Ι
1902 4475 1946 4499 ῘΡ
1964 4477 1981 4499 λ
2001 4479 2011 4499 Ι
2038 4498 2043 4499 ,

2198 4396 2447 4469 priorem
2478 4395 2697 4450 fossam
2728 4393 2783 4448 vi
2840 4408 3145 4463 occupare,
3193 4393 3566 4464 secundaque
3617 4393 3845 4465 expleta

444 4482 739 4558 επάγησαν,
799 4480 1021 4557 ἔχοντες
1068 4482 1154 4536 οἶα
1209 4479 1300 4536 καὶ
1358 4479 1456 4534 ὅσα
1508 4478 1836 4553 ἐπιχυθέντα
1898 4475 2084 4551 ἐξάψαι

437 4591 499 4627 τε
554 4571 731 4651 φλόγα
782 4572 870 4628 καὶ
933 4569 1010 4633 είς
1089 4568 1231 4645 μέγα
1306 4568 1745 4643 προκαλέσασθαι
1827 4567 2081 4643 πέφυκεν.

436 4663 696 4738 Ἐνιαχοῦ
782 4659 841 4717 δὲ
920 4660 1012 4715 καὶ
1114 4657 1196 4715 ἐπ’
1263 4658 1440 4713 αὐτῶν
1525 4656 1920 4733 προυφαίνοντο
1996 4675 2082 4710 τε·

436 4752 661 4808 κτονικᾶ
737 4749 1090 4823 πολεμιστῶν
1172 4744 1384 4821 ἀνδρῶν
1469 4744 1839 4817 ἀναπαύματα,
1921 4743 2085 4799 ὁποῖα

439 4840 728 4896 εἶσανίασιν
789 4840 842 4894 οἱ
900 4836 989 4893 ἐπὶ
1036 4840 1146 4893 τῶν
1202 4833 1390 4910 ἰκρίων
1456 4834 1548 4889 τὸν
1636 4833 1797 4908 βυθὸν
1852 4828 2081 4906 διορῶν-

439 4948 527 4990 τες
585 4929 675 4984 καὶ
730 4927 797 4984 τὰ
857 4925 978 4997 ἔθνη
1074 4929 1182 4981 τῶν
1276 4920 1517 4979 νεπόδων
1615 4919 2082 4986 ἑπισκόπεύοντες.

442 5017 567 5075 Ἐπὶ
605 5021 764 5073 τινῶν
804 5012 862 5070 δὲ
926 5014 1016 5069 καὶ
1067 5012 1253 5075 λίθους
1296 5009 1368 5067 δι’
1424 5009 1669 5066 ἁλύσεων
1712 5000 2081 5081 ἠρτημένους,

441 5106 897 5184 ἐπιχαλωμένους
955 5100 1046 5158 διὰ
1106 5106 1374 5177 μηχανῶν
1437 5100 1528 5156 καὶ
1602 5099 1666 5154 αὖ
1722 5098 1888 5153 πάλιν
1957 5099 2081 5153 ἀνα-

438 5196 775 5278 φερομένους
841 5194 931 5249 καὶ
988 5194 1126 5269 πρὸς
1173 5193 1271 5254 τὰς
1340 5191 1534 5270 χρείας
1589 5193 1699 5245 τῶν
1747 5189 2082 5278 καιρῶνᾼμε-

437 5274 795 5363 ⁴ταγομένουις.
876 5281 1000 5339 Ἐπὶ
1059 5278 1115 5336 δὲ
1162 5280 1252 5336 καὶ
1298 5280 1530 5355 τέσσαρα
1583 5278 1718 5353 πρὸς
1774 5282 1890 5339 τοῖς
1957 5274 2083 5333 δέκα

440 5397 606 5452 πετρο
672 5376 777 5438 ὁνα
844 5368 1050 5449 ὄργανα
1127 5369 1216 5424 έπὶ
1300 5373 1406 5423 τῶν
1490 5367 1713 5441 πύργων
1798 5365 2080 5438 ἱστάμενα.

441 5464 657 5537 Ἕδοξεν
693 5464 787 5520 οὗν
1027 5480 1085 5514 τε
1137 5460 1225 5513 καὶ
1285 5463 1363 5530 τῷ
1422 5455 1782 5530 στρατεύματι
1836 5457 1935 5522 τῆς
1987 5456 2081 5528 μὲν

442 5549 542 5624 ἔξω
599 5555 803 5631 τάφρου
869 5548 1103 5621 πολέμῳ
1158 5553 1443 5620 κρατῆσαι,
1505 5543 1813 5619 χωσθείσης
1872 5539 1931 5631 δε
1984 5552 2084 5614 τῆς

445 5630 690 5718 δευτέρας
729 5639 1024 5715 προσάγειν
1054 5635 1197 5691 οὕτω
1225 5634 1319 5696 τὰς
1379 5633 1633 5708 μηχανάς
1671 5636 1787 5693 τοῖς
1851 5630 2080 5705 τείχεσι.

446 5730 710 5807 Πονήρως
730 5727 829 5784 οὖν
882 5728 919 5800 ἢ
958 5725 1147 5808 ἑφεξῆς
1176 5723 1380 5804 τάφρος
1413 5722 1546 5797 μετὰ
1576 5722 1672 5790 τήν
1702 5726 1802 5788 τῆς
1841 5720 1923 5792 [Ρ.
1958 5722 2086 5794 401]

2195 4484 2498 4542 machinas
2529 4482 2713 4538 muris
2744 4482 3070 4538 admovere.
3103 4483 3183 4538 Ac
3227 4480 3409 4537 altera
3448 4483 3622 4546 fossa,
3656 4482 3842 4551 priore

2194 4577 2362 4644 capta
2392 4570 2705 4627 difﬁculter
2737 4569 3177 4641 explebatur,et
3206 4571 3399 4639 capita
3439 4572 3497 4624 et
3520 4568 3712 4623 trunci
3743 4583 3842 4623 ca-

2194 4665 2472 4720 daverum
2505 4679 2708 4719 eorum
2739 4660 2838 4733 qui
2872 4660 3149 4732 utrinque
3179 4658 3690 4725 cadebant,hialus
3712 4659 3840 4728 ejus

2195 4751 2401 4808 multis
2432 4751 2490 4806 in
2522 4750 2667 4806 locis
2698 4748 3033 4822 explebant.
3094 4750 3219 4815 Qua
3274 4748 3509 4803 tandem
3566 4763 3679 4802 non
3714 4746 3843 4803 sine

2194 4841 2479 4910 sanguine
2530 4840 2900 4910 complanata
2954 4838 3144 4895 scalas
3197 4837 3440 4893 turritas
3498 4838 3567 4892 ad
3629 4838 3842 4893 moenia

2195 4932 2531 4998 adducunt;
2554 4942 2802 4999 quarum
2825 4926 3005 4982 altera
3032 4925 3089 4980 in
3117 4926 3272 4981 iossa
3293 4925 3530 4980 detenta
3559 4924 3631 4981 ob
3662 4940 3839 4998 agge-

2195 5033 2315 5074 rem
2350 5032 2551 5072 recens
2582 5023 2941 5086 congestum,
2974 5030 3227 5070 vacuum
3286 5012 3501 5070 alicubi
3559 5017 3618 5069 et
3645 5030 3841 5070 rarum

2193 5101 2923 5170 adhuc,subsedit;altera
2943 5107 3103 5158 recta
3149 5103 3218 5158 ad
3272 5117 3510 5158 murum
3536 5102 3841 5174 producta,

2194 5194 2539 5266 priusquam
2598 5190 2907 5247 diabathra
2991 5193 3399 5263 conjiceretur,
3465 5191 3622 5248 saxis
3687 5192 3840 5248 828

2192 5285 2622 5338 tormentorum
2652 5277 2903 5335 contrita
2927 5283 3012 5335 est
3040 5283 3096 5336 et
3127 5279 3281 5335 facta
3335 5279 3585 5347 inutilis,
3634 5279 3694 5335 in
3726 5296 3843 5351 qua

2193 5367 2293 5439 qui
2328 5366 2685 5437 pugnabant,
2719 5365 2959 5435 plurimi
3017 5365 3169 5422 male
3226 5371 3364 5422 sunt
3411 5365 3648 5436 accepti.
3689 5366 3840 5421 Tum

2193 5458 2358 5513 Petro
2384 5454 2635 5523 Plancio,
2665 5455 2789 5509 viro
2809 5455 3221 5511 robustissima
3265 5460 3320 5512 et
3343 5455 3416 5511 ob
3441 5454 3838 5510 fortitudinem

2194 5542 2761 5611 celeberrimo,calva
2783 5547 2873 5599 est
2890 5561 3026 5599 saxo
3050 5547 3363 5601 contracta.
3389 5545 3593 5614 Itaque
3648 5558 3714 5598 eo
3745 5543 3838 5600 die

2194 5634 2441 5691 conatus
2473 5633 2805 5688 Latinorum
2836 5632 2990 5689 irriti
3021 5634 3275 5691 fuerunt.
3310 5630 3596 5688 Postridie
3645 5633 3837 5685 turres

2196 5723 2386 5778 denuo
2404 5720 2695 5777 moenibus
2709 5718 2823 5776 alia
2835 5726 2997 5791 parte
3010 5723 3174 5779 urbis
3188 5722 3586 5785 admoventur,
3619 5732 3836 5784 easque
