4120 6284
337 446 490 509 1011
1665 417 1973 485 ΝΙΟΕΤιλΕ
2013 429 2017 466 ε

2125 413 2440 476 ΟΝΙΑΤιΕ
3587 412 3742 474 1012

335 581 447 638 viri
476 572 914 633 bellicosissimi
955 567 1372 626 conscendunt.
1403 564 1631 618 Interea
1652 569 1982 628 propugna—
2015 607 2017 614 λ

2125 545 2325 620 ιρώτης
2377 541 2584 598 ἅλωσιν
2640 539 2966 616 έχωννύετο,
3023 541 3114 597 καὶ
3181 539 3376 616 κύρσαι
3443 540 3741 622 ἀναυχενες

337 675 494 727 tores
513 681 650 724 cum
675 665 789 718 fere
813 673 1016 717 omnes
1041 655 1347 712 machinas
1375 650 1638 709 turribus
1688 643 1989 700 imminere

2125 633 2183 689 ,αὶ
2249 631 2456 708 ἄκορσα
2523 631 2751 705 σώματα
2794 633 2902 685 τῶν
2958 629 3272 686 πιπτόντων
3358 631 3744 710 ἀμφοτέρωθεν

338 717 714 824 νίίίθιιοιξξθι
761 755 998 824 pontem
1050 744 1366 803 sublicium
1417 759 1450 798 a
1481 739 1654 796 certis
1675 733 1903 808 traduci
1935 734 1992 786 ct

2125 721 2431 791 νεπλήρουν
2489 721 2541 775 ἐν
2596 717 2837 780 πολλοῖς
2864 721 2964 788 τήν
3002 727 3104 790 τῆς
3131 721 3338 798 τάφρου
3380 720 3622 779 κένωσιν.
3658 723 3744 784 Ὦς

343 847 560 906 moenia
580 845 704 916 jam
736 839 1093 912 contingere,
1153 832 1362 890 armati
1420 829 1603 903 portis
1653 827 1989 894 erumpunt,

2131 816 2143 839 ’
2177 811 2276 884 ὀψὲ
2304 829 2437 865 ποτε
2477 809 2569 864 καὶ
2631 810 2747 882 μεθ’
2809 807 3040 881 αἳματος
3083 807 3352 885 κέχωστο,
3413 811 3749 886 προσάγουσι

2139 903 2153 916 \
2480 896 2504 916 ᾗ
2535 903 2558 914 ν
2700 901 2722 913 ν
2861 897 2872 916 Ι
3088 897 3109 916 κ
3134 897 3146 916 1
3391 899 3456 916 νη
3498 909 3516 916 Α
3597 901 3611 916 Ω
3695 899 3712 916 \

343 896 1366 1010 quid-quildexcitanddlauéendoque
1385 896 1654 976 incendio
1688 917 1890 984 aptum
1905 913 1993 965 est

2125 903 2190 962 ἀς
2243 896 2586 974 πυργοειδεῖς
2633 901 2753 960 τοῖς
2790 897 2998 975 τείχεσι
3051 897 3347 971 κλίμακας.
3391 899 3558 962 Ἔνθα
3586 901 3622 968 ἠ
3654 899 3751 972 μὲν

2134 992 2161 1004 η.
2237 988 2257 1010 γε
2317 1008 2351 1010 η
2427 987 2688 1010 ,γρ-,ηυξ
2726 985 2810 1010 ,υτ
2858 985 3113 1010 μέμηλε
3173 995 3268 1010 4.,
3346 987 3491 1010 ,--,,
3709 993 3737 1004 ..

347 985 544 1084 ἔθουῶ
576 1023 893 1096 portantes.
928 1017 1132 1087 Pugna
1173 1013 1351 1084 igitur
1408 1004 1775 1064 atrocissima
1831 1015 1992 1058 com-

2194 988 2383 1064 τάφρῳ
2424 987 2694 1096 ένίσχξται
2725 985 2814 1042 καὶ
2855 985 3116 1062 ὑποχαλᾷ
3168 995 3270 1056 τῆς
3337 987 3637 1063 ὀρθότητος
3667 993 3750 1062 τῷ

350 1071 685 1179 missa,t:1m
709 1103 1187 1180 quoqueint‘ectis
1219 1102 1414 1166 rebus,
1447 1093 1738 1152 machinis
1763 1091 1822 1146 in
1854 1104 1988 1144 con-

2125 1099 2179 1134 τι
2231 1081 2381 1150 μανῷ
2445 1077 2536 1130 καὶ
2579 1074 2810 1147 διακενῷ
2871 1075 2962 1130 καὶ
3025 1075 3271 1151 νεοχύτῳ
3335 1079 3435 1142 τῆς
3494 1079 3745 1154 χώσεως·

2172 1164 2214 1180 λι
2265 1164 2284 1180 κ
2414 1165 2428 1180 1
2512 1169 2534 1180 υ
2742 1169 2769 1180 αι
2845 1165 2915 1180 ι-ὶ
3072 1159 3136 1180 ριν
3291 1163 3317 1180 η
3453 1163 3477 1180 δ
3544 1161 3631 1180 Ωιι

351 1159 685 1179 ...μη-νη.
714 1159 815 1180 η--
1400 1159 1413 1166 _

351 1209 556 1278 specta
613 1159 1170 1261 eorumjcrematis,
1233 1189 1528 1246 recedunt.
1586 1183 1696 1240 Sed
1756 1183 1812 1236 et
1857 1176 1994 1234 foris

2125 1187 2135 1235 )
2170 1164 2224 1220 δὲ
2265 1164 2436 1235 λοιπὴ
2468 1169 2576 1220 τῶν
2609 1169 2813 1241 τειχῶν
2845 1165 2930 1229 ίθὺ
2959 1159 3209 1239 προϐἆσα
3255 1163 3408 1221 οὔπω
3449 1161 3746 1242 διαϐάθραν

2131 1251 2162 1278 ρ
2192 1255 2299 1278 λη-
2365 1255 2453 1278 _,_.s
2491 1259 2605 1278 ,_-,-4
2645 1251 2701 1278 L-
2760 1257 2866 1278 _:V,A.
2923 1251 3090 1278 v3___~___
3143 1253 3497 1278 λημκηιημ,
3549 1253 3574 1278 τε
3617 1277 3624 1278 ,
3662 1257 3746 1278 Α-.

350 1251 701 1350 Βῖαοὴοτυω
733 1290 790 1343 et
831 1251 1178 1356 Scytharum
1235 1280 1520 1334 exercitus
1571 1271 1723 1329 circa
1753 1266 1994 1342 vallum

2125 1251 2324 1323 600th,
2365 1255 2606 1317 καὶτοῖς
2644 1251 2706 1309 ἐκ
2759 1257 2868 1309 τῶν
2923 1251 3091 1309 ’ἱστῶν
3141 1253 3498 1330 ᾐωρημένοις
3545 1253 3748 1310 ἄνωθεν

353 1381 702 1454 obequitans
733 1377 1128 1434 commeatum
1186 1370 1244 1426 in
1296 1371 1489 1424 castra
1537 1359 1831 1436 apportari
1879 1372 1996 1413 non

2125 1350 2214 1401 τῶν
2246 1345 2467 1420 πύργων
2504 1344 2692 1419 βάρεσι
2724 1347 2833 1400 τῶν
2865 1341 3032 1398 λίθων
3062 1349 3340 1408 πιεσθεῖσα
3387 1344 3478 1399 καὶ
3518 1349 3641 1408 τοῖς
3692 1343 3754 1399 ἐκ

2197 1452 2227 1454 ,_
2311 1439 2379 1454 ~_
2451 1433 2470 1454 9,
2520 1431 2533 1454 ι
2596 1452 2670 1454 ηκμ
2742 1451 2789 1454 _,,
2831 1425 3069 1454 -__B_-,'A,,
3133 1433 3261 1454 m-s,
3331 1429 3477 1454 ,er,
3540 1430 3554 1454 2
3607 1433 3669 1454 ,v,
3728 1453 3737 1454 ,

355 1425 602 1527 sinebat.
636 1468 839 1536 Itaque
863 1459 1094 1519 consilii
1125 1457 1351 1528 inopes,
1399 1459 1457 1510 et
1503 1452 1834 1508 animorum
1878 1444 1996 1502 ala-

2125 1439 2382 1508 ιηχανῶν
2441 1431 2676 1512 ἀφέμασι
2734 1425 3073 1508 συντριϐεῖσα
3126 1433 3263 1507 πρὸς
3323 1429 3478 1488 οὐδὲν
3534 1430 3747 1510 ἐγένετο

357 1558 564 1615 critate
595 1557 800 1618 fracta,
826 1567 1005 1608 novas
1023 1547 1220 1620 cepiae
1242 1541 1515 1618 Byzantio
1551 1537 1998 1602 accereiverunt,

2125 1525 2412 1602 (ρήσιμος.
2449 1519 2704 1578 Μάλιστα
2735 1522 2831 1595 μὶν
2864 1520 3068 1576 οὖνκαὶ
3098 1521 3435 1578 ποΛλοὶτῶν
3463 1521 3553 1578 ἀπ’
3579 1521 3751 1593 αὐτῆς

358 1664 486 1720 quas
541 1644 778 1716 quldem
835 1638 1180 1697 necessitate
1235 1633 1423 1706 magis
1475 1645 1647 1702 quam
1703 1627 2003 1683 voluntate

360 1713 518 1795 ἐπι
547 1713 786 1791 exibant
819 1749 833 1788 :
865 1746 939 1787 ne
969 1728 1050 1784 ita
1071 1723 1347 1790 facerent,
1378 1741 1412 1778 a
1447 1719 1695 1776 Martino
1723 1713 2003 1773 cardinali

359 1832 417 1886 ct
443 1826 670 1882 Thema
720 1819 1024 1893 Cpolitano
1082 1812 1417 1888 patriarcha
1481 1824 1669 1881 nuper
1747 1803 2004 1861 Venetiis

361 1916 615 1991 profecto
638 1911 784 1968 diris
805 1905 1205 1979 obstringendi
1229 1908 1286 1960 et
1302 1900 1486 1958 sacris
1506 1894 1917 1954 interdicendi.
1952 1893 2004 1948 Is

361 1982 622 2063 'l‘homa‘t
647 1999 837 2074 patrio
855 1996 1062 2054 vestitu
1087 1992 1330 2049 indutus
1354 1993 1495 2055 erat,
1529 1987 1627 2059 qui
1681 1999 1892 2057 corpus
1923 1982 2007 2037 ita

367 2073 802 2162 constringebat
865 2090 931 2142 ut
984 2082 1204 2140 acubus
1258 2078 1345 2134 illi
1403 2080 1640 2162 assutue
1696 2073 2006 2137 videretur,

370 2159 938 2238 manibusduntaxat
958 2176 1014 2228 et
1035 2175 1264 2244 pectore
1283 2171 1512 2240 aperto;
1532 2161 1703 2220 malis
1750 2161 1834 2217 ita
1863 2159 2011 2216 rasis

371 2274 458 2339 ut,
486 2263 982 2341 quemadmodum
1013 2261 1073 2316 in
1103 2257 1329 2330 impubi
1378 2269 1574 2328 puero,
1634 2250 1859 2341 nullum
1911 2247 2013 2320 pili

371 2337 690 2431 vestigium
713 2360 1064 2412 cerneretur.
1098 2349 1203 2405 Sed
1253 2351 1570 2417 antequam
1621 2340 1834 2398 auxilia
1861 2337 2017 2396 veni-

374 2429 655 2514 rent,lues
685 2442 900 2500 invasit
929 2438 1245 2496 exercitum
1305 2449 1439 2491 cum
1496 2448 1566 2488 ex
1595 2431 1797 2486 fratcre
1850 2429 2016 2483 cada-

373 2552 577 2594 verum
606 2535 668 2592 in
701 2531 970 2590 tentoriis
993 2526 1338 2601 jacenlium,
1371 2528 1495 2579 tum
1543 2520 1697 2593 quod
1758 2517 2016 2590 pierique

375 2642 442 2683 ao
472 2623 668 2698 potius
697 2635 902 2678 omnes
933 2618 1096 2674 cibos
1153 2612 1420 2670 insolitos
1462 2611 1790 2683 gustarant.
1832 2607 2019 2672 Quare

374 2693 548 2772 noctu
579 2712 716 2768 inde
733 2709 1137 2774 recesserunt;
1170 2711 1225 2760 et
1282 2703 1340 2758 in
1400 2696 1701 2771 Pamphilo
1745 2693 2018 2750 diversati

372 2820 442 2861 ex
471 2799 770 2858 diuturnis
799 2802 858 2854 et
887 2794 1164 2852 inanibus
1213 2789 1514 2848 laboribus
1570 2802 1633 2842 se
1673 2783 2018 2842 refecerunt.

369 2893 485 2950 Nec
515 2891 554 2946 ii
585 2887 774 2948 solum
807 2886 900 2942 his
931 2883 1106 2941 malis
1128 2877 1443 2938 conﬂictati
1476 2875 1745 2943 sunt,sed
1769 2873 1808 2928 ii
1840 2871 2017 2928 etiam

370 2979 470 3053 qui
501 2995 600 3036 eos
630 2994 701 3034 ex
731 2977 874 3032 urbe
931 2972 1205 3030 accedere
1262 2967 1392 3025 ausi
1453 2965 1724 3030 fuerunt;
1763 2968 1820 3018 et
1867 2961 1926 3016 hi
1960 2961 2018 3015 in

373 3048 582 3126 itinere
613 3069 731 3123 fere
761 3079 966 3122 omnes
998 3081 1030 3118 a
1087 3059 1319 3130 Scythis
1349 3061 1406 3114 et
1455 3054 1684 3110 Blachis
1732 3048 2020 3107 interfecti

369 3162 530 3216 sunt.
559 3155 724 3212 Unde
783 3153 926 3208 alias
985 3149 1290 3206 machinas
1337 3145 1486 3202 825
1519 3140 1802 3200 structuri
1833 3138 2020 3194 malos

372 3246 684 3304 biremium
709 3259 778 3298 ex
797 3241 1111 3296 maritimis
1133 3236 1466 3294 civitatibus
1487 3231 1866 3303 collegerunt,
1893 3235 1950 3282 et
1971 3228 2022 3282 si

2111 1609 2441 1686 μαχομένων
2475 1615 2656 1674 κακῶς
2687 1607 2914 1681 ἔπαθον,
2949 1611 3003 1666 έν
3035 1611 3116 1674 οἷς
3144 1611 3213 1681 ἦν
3251 1612 3340 1666 καὶ
3377 1613 3586 1689 Πέτρος
3610 1612 3639 1668 ὁ
3692 1611 3754 1667 έκ

2111 1700 2396 1771 ΙΙλάντζης
2425 1701 2452 1754 ὁ
2483 1701 2774 1774 κράτιστος
2836 1698 2952 1774 ἅμα
2990 1701 3206 1756 πάντων
3251 1701 3342 1756 καὶ
3399 1699 3476 1763 είς
3534 1698 3753 1779 ἄνδρίαν

2111 1790 2575 1864 ὀνομαστότατος,
2602 1788 2742 1862 λίθῳ
2769 1790 2834 1844 τὸ
2872 1788 3090 1862 κρανίον
3147 1789 3450 1866 κατεαγείς.
3485 1791 3581 1847 Καὶ
3633 1793 3757 1847 τότε

2115 1880 2209 1952 μὲν
2233 1876 2378 1935 οὕτω
2415 1879 2482 1934 τὰ
2526 1877 2784 1934 Λατινικά
2835 1876 3272 1934 διαπεπτώκασιν
3312 1875 3626 1936 διαϐούλια·
3685 1885 3756 1954 τῇ

2035 1933 2080 1994 Β
2115 1933 2164 2024 δ’
2217 1967 2468 2043 ὑστεραίᾳ
2517 1973 2635 2030 τοῖς
2687 1969 2925 2043 τείχεσιν
2982 1969 3034 2040 οἱ
3090 1967 3292 2044 πύργοι
3321 1933 3759 2044 ⁷ἰτιιίὶίινψ-σττροαί

2118 2059 2340 2132 άγονται
2369 2059 2484 2112 καθ’
2531 2055 2712 2132 ἔτερον
2745 2059 2909 2132 μέρος
2955 2064 3056 2127 τῆς
3089 2057 3331 2132 πόλεως,
3370 2060 3460 2114 καὶ
3505 2059 3762 2115 είσάνεισί

2121 2169 2255 2226 σφας
2292 2149 2355 2203 τὸ
2385 2152 2481 2203 τοῦ
2529 2147 2930 2222 στρατεύματος
2975 2150 3392 2224 μαχιμώτατον.
3437 2151 3523 2206 Ἐν
3581 2150 3763 2223 τούτῳ

2123 2235 2180 2293 δὲ
2213 2239 2266 2293 οἱ
2284 2239 2383 2307 τῆς
2431 2235 2647 2298 πόλεως
2702 2235 3121 2312 ἀπομαχόμενοι
3187 2236 3380 2313 ὀλίγου
3437 2243 3611 2294 πᾶσαν
3663 2239 3764 2307 τὴν

2129 2329 2388 2408 μηχανὴν
2419 2333 2540 2390 ταῖς
2575 2326 2792 2404 βάρεσιν
2862 2325 3072 2390 ἰδόντες
3131 2327 3412 2402 έγγίσασαν
3463 2328 3554 2384 καὶ
3601 2328 3768 2408 γέφυ-

2128 2441 2220 2498 ραν
2251 2417 2490 2489 ποιητὴν
2522 2416 2657 2492 πρὸς
2711 2420 2823 2471 τῶν
2879 2415 2964 2472 ἐπ’
3020 2415 3192 2486 αὐτῆς
3245 2418 3588 2491 τεταγμένων
3654 2416 3770 2474 δια-

2123 2505 2364 2587 γομένην
2393 2506 2486 2561 καὶ
2527 2509 2637 2561 τῶν
2689 2510 2892 2580 τειχῶν
2952 2505 3344 2580 ἐπιψαύουσαν,
3405 2507 3780 2563 ἀναπετάσαν-

2125 2619 2212 2660 τες
2240 2596 2336 2659 τάς
2366 2594 2543 2657 πύλας
2573 2593 2884 2659 ἓπεκθέουσι
2937 2596 3054 2668 μεθ’
3095 2593 3282 2650 ὅπλων
3349 2595 3440 2651 καὶ
3503 2599 3612 2652 τῶν
3673 2595 3775 2651 ὅσα

2125 2687 2383 2766 τρέφουσι
2421 2689 2527 2755 πῦρ
2566 2683 2656 2739 καὶ
2686 2684 2787 2754 τὴν
2820 2683 3003 2762 φλόγα
3033 2682 3121 2740 ἐπὶ
3175 2683 3314 2761 μέγα
3384 2683 3622 2761 α’ἰρουσι,
3680 2687 3772 2742 καὶ

2131 2775 2286 2850 μάχη
2320 2772 2702 2850 κρατερωτάτη
2760 2777 2868 2826 τῶν
2943 2773 3138 2847 πρώην
3197 2774 3524 2829 συνίσταται.
3561 2774 3774 2849 ’Ἄπρα-

2125 2887 2246 2922 κτοι
2292 2863 2471 2922 τοίνυν
2526 2861 2616 2916 καὶ
2683 2861 2808 2918 τότε
2888 2864 3372 2938 μεταχωρήσαντες
3461 2863 3552 2919 καὶ
3634 2863 3770 2919 αὐτά

2130 2956 2286 3031 εἶχον
2315 2955 2382 3010 τά
2449 2954 2828 3027 μηχανήματα
2879 2949 2962 3006 ἐπ’
3029 2951 3214 3026 ὄψεσιν
3259 2953 3441 3009 αὐτῶν
3482 2951 3774 3030 ἒμπιπρώ-

2131 3065 2282 3119 μενα.
2312 3041 2487 3102 Ἀλλὰ
2543 3041 2634 3096 καὶ
2689 3044 2800 3098 τῶν
2854 3035 3045 3114 ἔξωθεν
3102 3042 3769 3121 στρατεύματαΒλάχων

2125 3156 2185 3190 τε
2234 3133 2325 3189 καὶ
2385 3133 2604 3188 Σκυθῶν
2660 3131 2941 3206 περιιόντα
2994 3131 3085 3187 τὸν
3118 3132 3335 3208 χάρακα
3401 3132 3506 3188 οὐκ
3551 3131 3669 3188 εἷ’ων
3707 3129 3762 3194 ές

2133 3227 2228 3297 τὴν
2254 3217 2615 3300 παρεμϐολὴν
2649 3219 2960 3296 εῒσάγεσθαι
3013 3223 3081 3276 τὰ
3141 3225 3407 3297 βιώσιμα.
3438 3222 3772 3302 ,Ἀμηχανίᾳ

375 3302 518 3408 quid
549 3334 770 3400 deerat,
801 3346 871 3386 ex
901 3327 1273 3398 Propontidis
1301 3323 1604 3382 montibus
1637 3302 1876 3376 arbores
1919 3333 2010 3374 se-

2125 3315 2300 3408 τοίνυν
2352 3311 2642 3408 ληφθέντες
2697 3308 2788 3364 καὶ
2847 3307 3176 3374 διατεθέντες
3231 3312 3590 3388 ἀθυμότερον,
3632 3311 3774 3366 στείο

375 3425 649 3490 suerunt,
683 3420 864 3476 misso
897 3397 1035 3474 illuc
1067 3415 1168 3488 qui
1231 3431 1376 3485 opus
1429 3415 1750 3468 maturaret
1795 3411 2017 3465 Conone

2129 3403 2316 3466 λαντες
2375 3401 2434 3490 ἐς
2506 3400 2825 3490 Βυζάντιον,
2880 3397 3134 3474 σύναρσιν
3210 3397 3375 3475 ᾔτουν
3442 3401 3528 3475 ὑφ’
3589 3401 3772 3477 ἑτέρας

375 3518 607 3574 Petunaa
633 3511 864 3568 comite.
909 3507 1312 3565 Machinarum
1359 3505 1524 3577 juela
1578 3501 1746 3575 capia
1799 3507 2020 3572 parata,

375 3620 522 3676 quas
543 3599 824 3658 multisin
848 3597 996 3654 locis
1026 3597 1176 3652 ferro
1224 3597 1426 3650 contra
1475 3591 1746 3648 incendia
1795 3591 2024 3646 munie-

375 3689 668 3760 rant,belli
691 3689 982 3745 fortunam
1005 3685 1199 3741 denuo
1221 3684 1561 3750 tentarunt;
1615 3684 1672 3736 et
1721 3679 2024 3737 Orestiade

375 3780 802 3852 omissa,quam
826 3775 948 3832 suis
967 3773 1235 3832 cladibus
1267 3770 1550 3828 admoniti
1599 3767 2020 3842 inexpugnabi-

372 3869 486 3927 lem
511 3885 636 3926 esse
667 3867 998 3931 credebant,
1029 3859 1500 3936 Didymotichum
1539 3875 1874 3931 Oppugnare
1905 3863 2021 3913 sta-

372 3963 630 4030 tuerunt,
663 3956 735 4013 ad
767 3970 1017 4026 eamque
1049 3969 1170 4008 rem
1205 3951 1416 4007 castris
1446 3950 1525 4006 ibi
1569 3948 1773 4022 positis
1803 3951 1860 4003 et
1891 3964 2020 4021 pro-

373 4047 562 4104 ductis
595 4045 878 4101 arietibus
931 4060 993 4098 se
1062 4043 1368 4114 pararunt.
1399 4040 1509 4094 Sed
1559 4041 1874 4108 antequam
1936 4042 2020 4096 sol

373 4152 550 4207 super
571 4151 638 4190 eo
661 4133 1002 4188 Latinorum
1028 4135 1242 4186 conatu
1296 4128 1603 4192 occideret,
1633 4143 1732 4182 aer
1773 4126 2024 4180 nubibus

373 4221 673 4296 impletur,
705 4225 764 4276 et
793 4219 1304 4275 vehementissimo
1345 4217 1522 4272 imbri
1580 4215 1790 4270 ﬂuvius
1839 4215 2022 4268 Eurus

377 4311 660 4368 dilatatus
682 4317 736 4365 et
767 4325 834 4364 ex
852 4325 1028 4381 parvo
1061 4322 1309 4380 magnus
1341 4307 1524 4361 factus
1567 4319 1808 4376 campos
1855 4303 2024 4374 aquis

377 4399 663 4473 implevit,
693 4406 747 4454 et
777 4414 846 4454 ex
876 4396 1086 4454 castris
1143 4395 1482 4451 Latinorum
1542 4393 1737 4449 subito
1777 4397 1834 4448 et
1863 4409 2025 4447 arma

375 4495 436 4549 et
465 4488 771 4547 machinas
826 4492 884 4544 et
941 4502 1122 4559 equos
1176 4483 1418 4540 bellicos
1482 4489 1537 4538 et
1595 4482 1750 4538 viros
1806 4481 2021 4550 avexit;

380 4576 588 4650 quodsi
619 4575 708 4634 sol
731 4574 1042 4632 occidisset
1065 4589 1130 4629 ac
1153 4571 1212 4628 id
1235 4569 1454 4628 malum
1476 4573 1652 4626 noctu
1685 4568 2022 4640 ingruisset,

2125 3492 2350 3554 νεαλοῦς
2415 3486 2718 3561 δυνάμεως.
2784 3487 2886 3544 Καὶ
2937 3487 3072 3556 ἦσαν
3159 3487 3274 3544 οἷ’δε
3367 3490 3457 3545 ὑπ’
3531 3489 3774 3565 ἀνάγκης

2130 3580 2343 3656 μᾶλλόν
2392 3599 2446 3634 τι
2497 3577 2639 3650 ἢπερ
2698 3575 2835 3630 κατὰ
2890 3577 3118 3652 γνώμην
3167 3577 3408 3651 ἐξῄεσαν,
3482 3577 3775 3654 ἁφορισμῷ

2127 3671 2218 3726 καὶ
2248 3669 2544 3741 ἀναθέματι
2577 3665 2652 3738 μὴ
2687 3664 2834 3718 οὕτω
2867 3661 3099 3740 δρῶντες
3158 3662 3608 3740 ὑποϐαλλόμενοι
3638 3667 3776 3741 πρός

2127 3781 2184 3818 τε
2221 3762 2318 3816 τοῦ
2347 3753 2728 3831 καρδηναρίομ
2755 3753 3032 3828 Μαρτίνου
3079 3755 3169 3811 καὶ
3227 3760 3399 3831 Θωμᾶ
3450 3761 3551 3812 τοῦ
3601 3775 3776 3830 προσ-

2132 3854 2279 3930 εχῶς
2309 3847 2368 3904 ἐκ
2417 3842 2664 3905 Βενετίας
2719 3841 3026 3930 ἀφιγμένου
3082 3845 3433 3922 πατρίάρχου
3489 3847 3779 3902 Κωνσταν-

2126 3927 2520 3997 τινουπόλεως.
2579 3937 2676 3986 Ἤν
2739 3927 2797 3986 δὲ
2839 3932 3017 4004 ,οὗτος
3084 3932 3282 4005 ἐσθῆτά
3337 3957 3396 3990 τε
3423 3937 3524 4006 τήν
3547 3935 3780 4010 πάτριον

2128 4027 2526 4104 περικείμενος,
2603 4019 3008 4098 συνυφασμένην
3108 4028 3304 4100 μικροῦ
3393 4029 3474 4096 τῷ
3559 4024 3777 4096 σώματι

2129 4117 2218 4174 καὶ
2289 4112 2688 4194 ῥαφιδουμένην
2748 4116 2976 4182 ἑκάστης
3016 4115 3084 4169 τὰ
3149 4113 3224 4176 εἷς
3273 4112 3519 4187 καρποὺς
3567 4113 3656 4168 καὶ
3714 4112 3776 4166 τὸ

2131 4209 2330 4276 στῆθος
2378 4207 2622 4288 ἀφιεῖσαν
2675 4208 2886 4280 ἃνετον,
2952 4206 3042 4262 καὶ
3088 4205 3153 4260 τὸ
3209 4201 3414 4281 γένειον
3480 4203 3776 4276 ξυρόμενος

2131 4293 2418 4370 δρώπακος
2477 4293 2880 4374 ἀκριϐέστερον,
2939 4295 3013 4350 ὡς
3070 4295 3206 4348 εἶναι
3261 4291 3325 4346 τὸ
3381 4293 3490 4345 τῶν
3539 4293 3780 4364 παρειῶν
3827 4299 3834 4304 “

2129 4381 2348 4463 ἐδάφων
2413 4383 2544 4459 μηδ’
2613 4387 3048 4468 ὑποφαιούμενον
3109 4380 3258 4442 ὅλως
3339 4385 3458 4441 ταῖς
3535 4377 3777 4454 πρώταις

2129 4472 2422 4538 ἀνατολαῖς
2442 4481 2550 4532 τῶν
2579 4481 2808 4552 τριχῶν,
2869 4473 2994 4531 ἀλλ’
3025 4473 3102 4536 ὡς
3169 4470 3396 4542 ληῖστὸν
3446 4470 3780 4525 παντάπασιν

2131 4563 2362 4641 ἅχλοον.
2393 4567 2576 4636 Μήπω
2620 4563 2678 4620 δὲ
2716 4573 2816 4636 τῆς
2883 4561 3204 4637 ξυμμαχίας
3258 4559 3501 4630 ἡκούσης
3551 4557 3776 4632 καχεξία

379 4668 569 4738 major
626 4682 759 4738 pars
821 4662 1104 4720 exercitus
1162 4660 1452 4734 periisset.
1517 4660 1628 4714 liae
1687 4658 1906 4714 inusita
1963 4674 2017 4712 re

2130 4655 2362 4732 κατέσχε
2400 4657 2498 4724 τήν
2532 4659 2789 4731 στρατιὰν
2823 4654 2928 4710 ὑπὸ
2993 4673 3051 4706 τε
3107 4654 3214 4705 τῶν
3281 4643 3776 4720 καταϐεϐλημένων

378 4755 662 4814 admoniti
683 4754 872 4810 Latini
903 4751 1262 4808 cordatiores
1315 4753 1372 4806 et
1425 4764 1538 4804 non
1580 4747 1751 4819 plane
1781 4747 2018 4819 sangui-

377 4845 530 4902 narii
559 4844 695 4900 inde
725 4841 1143 4899 discedendum
1192 4853 1322 4896 esse
1365 4841 1740 4905 censuerunt,
1782 4841 1839 4892 et
1893 4836 2022 4906 ejus

376 4933 530 4990 οπο
561 4931 860 4988 sententias
878 4929 1008 4985 aliis
1056 4933 1319 4984 auctores
1351 4927 1608 4983 fuerunt.
1633 4926 1741 4982 Sed
1802 4938 1855 4980 et
1886 4923 2018 4981 reli-

375 5037 530 5092 quus
587 5020 779 5076 omnis
835 5019 1118 5074 exercitus
1172 5017 1452 5073 miraculo
1509 5032 1576 5073 eo
1617 5018 2022 5071 consternatus

371 5109 634 5168 celeriter
663 5108 800 5163 inde
832 5108 1091 5178 recessit,
1152 5107 1284 5164 aliis
1340 5123 1458 5163 una
1513 5123 1647 5163 cum
1689 5107 1882 5162 Errico
1918 5107 2016 5176 By-

369 5199 632 5256 zantium
663 5197 928 5265 reversis,
965 5195 1094 5251 aliis
1151 5195 1416 5252 civitates
1476 5195 1932 5250 mediterraneas
1965 5204 2019 5248 et

368 5287 719 5355 maritimas,
753 5301 880 5356 qua:
913 5285 1130 5340 Latinis
1162 5285 1464 5357 parebant,
1497 5285 1788 5340 custodire
1807 5283 2014 5354 jussis.

2127 4751 2246 4808 ταῖς
2307 4751 2547 4818 σκηναῖς,
2575 4749 2778 4820 νεκρῶν
2824 4743 2914 4798 καὶ
2967 4745 3064 4797 τοῦ
3091 4743 3201 4794 τῶν
3229 4738 3413 4810 ἀήθων
3447 4735 3524 4798 είς
3576 4737 3777 4810 βρῶσιν

2130 4836 2365 4910 ἅψασθαι
2422 4836 2548 4898 τοὺς
2619 4833 2845 4898 πλείους
2900 4831 2937 4901 ἢ
2992 4829 3120 4892 τοὺς
3197 4826 3456 4889 ἅπαντας.
3513 4829 3772 4902 ’Ἀραντες

2125 4927 2310 4980 τοίνυν
2359 4922 2556 4989 ἐκεῖθεν
2601 4924 2792 4986 νυκτὸς
2862 4919 3248 4993 ἀπενόστησαν,
3324 4918 3416 4974 καὶ
3470 4922 3587 4979 τοῖς
3645 4917 3770 4992 περὶ

2125 5015 2188 5069 τὸ
2223 5013 2512 5092 Πάμφιλον
2543 5014 2772 5090 χωρίοις
2822 5011 3238 5084 έναυλισάμενοι
3297 5015 3404 5064 τῶν
3465 5007 3772 5079 ἀντηνύτων

2125 5102 2216 5158 καὶ
2261 5107 2480 5178 μακρῶν
2530 5103 2786 5177 καμάτων
2848 5101 3071 5163 ἑαυτοὺς
3138 5099 3499 5174 ἀνεκώχευον.
3535 5097 3657 5173 Οὐχ
3689 5097 3776 5150 οὗ·

2125 5212 2213 5248 τοι
2237 5189 2295 5246 δὲ
2329 5193 2496 5265 μόνον
2534 5197 2654 5256 τοῖς
2709 5197 2900 5252 κακοῖς
2949 5186 3140 5246 τοῖσδε
3185 5187 3612 5264 περιεπάρησαν,
3637 5185 3784 5242 ἀλλά

2123 5283 2214 5336 καὶ
2277 5279 2476 5342 οἵτινες
2538 5281 2808 5355 συμμῖξαι
2892 5279 2985 5334 καὶ
3060 5275 3334 5333 συνελθεῖν
3407 5274 3789 5352 ἂπεθᾶῥρησαν

372 5374 600 5450 ἐξιόντες
655 5376 753 5439 τῆς
809 5373 1049 5446 πόλεως,
1109 5373 1416 5451 Βλαχικοῖς
1471 5373 1560 5428 καὶ
1629 5377 1916 5438 Σκυθικοῖς
1964 5373 2102 5427 κατὰ
2157 5372 2258 5440 τήν
2291 5368 2415 5426 όδὸν
2485 5371 2844 5446 ἐγκύρσαντες
2871 5371 3116 5444 τάγμασι
3159 5370 3358 5442 μικροῦ
3392 5363 3500 5422 δεῖν
3560 5365 3792 5425 ἅπαντες

375 5466 762 5543 διεφθάρησαν.
810 5465 962 5528 Ὀθεν
1033 5463 1084 5525 ἐς
1143 5465 1444 5536 συμπήξεις
1514 5461 1699 5518 ἄλλων
1764 5467 2032 5541 μηχανῶν
2091 5459 2374 5524 ἂπιδόντες
2431 5461 2612 5522 ἱστοὺς
2671 5457 2992 5536 δυαρμένων
3050 5463 3198 5528 νηῶν
3261 5456 3321 5513 ἐκ
3363 5461 3470 5512 τῶν
3502 5452 3790 5528 παραλίων

381 5553 668 5632 συνέλεγον
725 5551 965 5624 πόλεων,
1024 5553 1114 5608 καὶ
1161 5552 1300 5607 ὅσων
1356 5553 1728 5622 ὑπεσπάνιζον,
1782 5551 1842 5606 ἐκ
1871 5553 1958 5625 [Ρ.
1993 5553 2118 5622 402]
2165 5555 2275 5606 τῶν
2306 5557 2407 5619 τῆς
2469 5547 2848 5626 Προποντίδος
2909 5549 3069 5632 ὁρῶν,
3117 5546 3272 5602 van-ci
3316 5546 3604 5618 ἀπέτεμον,
3633 5543 3788 5624 ἐργεο

380 5631 607 5716 πείκτην
666 5643 1012 5722 πεπομφότες
1070 5641 1240 5696 ἐκεῖσε
1293 5640 1384 5695 τὸν
1443 5646 1545 5708 τῆς
1599 5639 1875 5709 ΙΙετούνης
1943 5639 2164 5712 κόμητα
2213 5639 2446 5698 Κόνωνα.
2513 5639 2666 5694 Ἐπεὶ
2735 5635 2784 5693 δ’
2833 5636 2985 5713 εἶχον
3041 5631 3167 5700 ἅλις
3193 5639 3300 5690 τῶν
3355 5631 3686 5704 έλεπόλεων,
3741 5631 3797 5688 ἐν

383 5733 624 5801 πολλοῖς
677 5731 845 5796 αὐτὰς
877 5731 968 5788 καὶ
1026 5727 1276 5806 σιδήροις
1335 5724 1688 5792 διαλαϐόντες
1765 5729 1840 5790 ὡς
1900 5729 2006 5785 εἷεν
2059 5731 2156 5782 τοῦ
2203 5729 2373 5804 πυρὸς
2429 5729 2845 5803 σθεναρώτεραι,
2896 5726 3036 5804 πρὸς
3057 5730 3176 5789 τοῖς
3217 5721 3487 5798 πολέμοις
3509 5722 3599 5783 καὶ
3621 5723 3793 5781 πάλιν
