4120 6284
427 413 585 477 1013
1874 411 2054 474 ΠΗΒξ

2223 414 2405 475 ΡΤΑ..
3695 419 3771 477 10
3784 422 3850 479 14

430 550 691 624 γίνονταιι
746 543 853 602 Καὶ
913 541 981 613 δὴ
1012 545 1113 629 τῂν
1170 541 1490 618 Ὀρεστιάδα
1547 545 1864 619 παρεικότες
1912 545 1987 606 ὡς
2036 544 2087 617 ἐξ
2119 544 2193 599 ὧν
2253 542 2450 601 ἔπαθον
2508 545 2615 622 οὐχ
2673 544 2954 622 ἁλώσιμόν
3019 570 3167 627 σφισι
3245 550 3488 625 δόξασαν,
3546 548 3715 629 ἔγνων
3764 558 3845 628 τῷ

428 635 825 710 Διδυμοτοίχῳ
890 628 1247 709 προσϐαλεῖν.
1309 633 1516 690 Οὐκοῦν
1573 632 1664 687 καὶ
1730 639 1856 709 παρ’
1902 634 2053 704 αύτῷ
2112 632 2703 709 στρατοπεδευσάμενοι
2759 635 3078 712 πολιορκεῖν
3136 638 3213 702 έῖ⁷ς
3260 642 3433 697 νέωτα
3475 642 3539 698 τὸ
3579 628 3837 717 φρούριον

425 725 814 803 διηρῥένωντο,
855 723 945 777 καὶ
975 723 1043 777 τα
1068 727 1440 797 τειχομαχεῖα
1470 721 1790 796 προσάγειν,
1817 722 1889 785 ὡς
1922 722 1982 777 ἃν
2017 721 2293 794 ἐξέλωσιν,
2354 724 2742 799 ἡτοιμάζοντο.
2804 725 2966 784 Ἀλλ’
3020 725 3179 783 οὔπω
3229 727 3318 784 ἐπὶ
3369 736 3448 804 τῷ
3500 733 3837 806 παροξυσμῷ

420 815 600 888 τούτῳ
631 819 739 871 τῶν
790 812 1036 868 Λατίνων
1092 809 1181 867 ἔδυ
1232 813 1260 866 ὁ
1317 811 1502 882 ἣλιος,
1561 811 1652 865 καὶ
1718 809 2030 887 πληροῦται
2087 818 2258 887 νεφῶν
2316 815 2344 869 ὁ
2403 816 2529 889 ἀὴρ,
2578 814 2667 869 καὶ
2718 813 2977 891 ῥαγδαίας
3032 818 3243 892 βρογῆς
3276 820 3452 875 θεόθεν
3484 820 3834 897 ἀφοριθείσης

420 902 475 960 ἓν
504 908 623 965 τοῖς
662 904 853 958 ἀνόπιν
919 906 1017 958 τοῦ
1076 898 1490 975 Λιδυμοτοίχου
1539 900 1753 975 μέρεσιν
1806 903 1834 957 ὁ
1883 906 1962 974 τῷ
2013 902 2259 978 φρουρίῳ
2305 902 2623 980 παραρρέων
2682 900 2883 980 Ἕϐρος
2950 904 3275 982 διευρυνθεὶς
3333 910 3469 982 ὺετῷ
3507 913 3594 966 καὶ
3661 912 3828 988 μέγας

420 993 482 1050 ἐκ
511 996 711 1069 μικροῦ
761 995 858 1046 τοῦ
920 991 1043 1047 τότε
1110 991 1295 1069 φανεὶς
1363 992 1458 1052 τὰς
1527 988 1787 1053 πεδιάδας
1844 988 2093 1061 ἐξυδατοῖ
2145 994 2233 1047 καὶ
2292 998 2372 1067 τῷ
2432 992 2781 1071 στρατοπέδῳ
2824 1001 2932 1051 τῶν
2987 997 3230 1053 Λατίνων
3262 998 3578 1068 ἐξαπιναίως
3608 997 3830 1056 ἐπικλυ-

419 1085 563 1149 σθεὶς
621 1081 767 1137 ὅπλα
816 1082 1117 1156 παρασύρει
1184 1081 1274 1136 καὶ
1339 1081 1618 1156 μηχανὰς,
1672 1079 1873 1143 ἵππους
1923 1081 2123 1157 ἀπάγει
2180 1081 2545 1156 πολεμιστὰς,
2605 1083 2802 1158 ἄνδρας
2871 1082 3305 1161 διανηχομένους
3370 1088 3462 1144 τὸν
3533 1089 3829 1164 Ἀχέροντα

416 1172 701 1229 δείκνυσιν’
738 1171 784 1226 εἰ
837 1169 883 1226 δ’
911 1170 1011 1226 οὐκ
1060 1171 1126 1239 ἦν
1187 1168 1325 1225 ἐσέτι
1383 1164 1733 1248 φαυσιϐολῶν
1792 1168 1976 1240 ἥλιος,
2026 1169 2175 1226 ἀλλὰ
2230 1172 2292 1226 τὸ
2353 1168 2521 1228 δεινὸν
2574 1174 2767 1236 νυκτὸς
2825 1173 3128 1251 ἐπεγένετο,
3173 1177 3235 1233 τὸ
3255 1178 3445 1233 πλεῖον
3479 1179 3537 1232 ἅν
3570 1176 3825 1234 ἀπώλετο

413 1262 511 1318 τοῦ
571 1260 999 1337 στρατεύματος.
1060 1262 1152 1332 Τῷ
1212 1257 1257 1313 δ’
1328 1257 1543 1331 ἐξαισίῳ
1590 1263 1687 1314 τοῦ
1757 1260 2082 1333 πράγματος
2139 1258 2577 1337 καταπλαγέντες
2627 1262 2819 1318 ὁπόσοι
2868 1267 2975 1318 τῶν
3029 1264 3269 1320 Λατίνων
3318 1264 3371 1326 ἐς
3424 1269 3545 1321 νοῦν
3593 1262 3825 1333 ἔθαπτον

419 1348 553 1425 μηδ’
611 1350 857 1424 αἱμάτων
908 1346 1097 1424 ἄνδρες
1154 1346 1207 1411 ές
1275 1349 1337 1403 τὸ
1385 1346 1647 1409 παντελὲς
1706 1345 2000 1424 ἐτύγχανον
2051 1349 2220 1421 ὄντες,
2257 1351 2662 1422 μεταναστεόειν
2713 1351 2912 1408 ἐκεῖθεν
2950 1351 3165 1409 εἵλοντο
3193 1355 3427 1417 καὶτοῖς
3455 1352 3651 1419 ἄλλοις
3680 1352 3823 1411 οὕτω

412 1444 594 1495 ποιεῖν
645 1438 920 1502 ὑπέθεντο.
984 1435 1157 1494 Ἀλλᾶ
1210 1438 1301 1492 καὶ
1358 1437 1421 1492 τὸ
1477 1434 1672 1492 λοιπὸν
1718 1443 1818 1507 τῆς
1877 1442 2129 1512 στρατιᾶς
2197 1439 2272 1501 εἰς
2320 1443 2500 1514 θαῦμα
2525 1442 2587 1496 τὸ
2621 1443 2841 1517 γεγονὸς
2898 1441 3114 1515 θέμενοι
3140 1444 3358 1519 ταχέως
3380 1443 3568 1520 ἐξῆραν
3599 1442 3818 1509 ἐκεῖθεν.

412 1528 517 1586 Καὶ
550 1529 603 1583 οἱ
638 1528 730 1601 μὲν
784 1528 877 1581 σὺν
936 1526 1085 1599 αύτῷ
1149 1531 1226 1598 τῷ
1500 1526 1600 1602 τῂν
1666 1526 2079 1583 Κωνσταντίνου
2137 1523 2459 1600 κατέλαϐον,
2504 1531 2560 1584 οἱ
2621 1528 2677 1586 δὲ
2730 1531 2827 1593 τάς
2880 1532 3072 1596 πόλεις
3141 1537 3393 1611 φρουρεῖν
3441 1533 3817 1609 ἐπετράπησαν

412 1619 609 1673 ὁπόσαι
649 1616 903 1693 χερσαῖαί
931 1637 989 1672 τε
1009 1615 1099 1671 καὶ
1138 1615 1669 1691 ἀγχίακοιΚατίνοις
1700 1614 2001 1686 ὗπήκουον·

488 1707 581 1784 ιγ’.
642 1704 800 1775 Ηλὴν
858 1703 973 1760 οὐδ’
1033 1702 1205 1766 οὕτως
1271 1705 1554 1779 ἠρέμησαν
1596 1706 1662 1758 τὰ
1723 1704 1888 1774 δεινὰ,
1930 1701 2115 1781 οὕτεέ

2247 1707 2551 1765 13.Verum
2575 1724 2646 1766 ne
2664 1710 2748 1767 sic
2766 1710 3007 1783 quidem
3051 1710 3209 1768 male.
3227 1711 3573 1784 quieverunt
3592 1716 3694 1768 aut
3723 1728 3815 1769 res

420 1799 529 1871 μὴν
571 1794 779 1870 βελτίω
810 1796 958 1870 παρὰ
1014 1797 1175 1850 τοῦτο
1208 1795 1506 1867 Ῥωμαίοις
1560 1794 1720 1872 ἐφένη
1766 1794 1834 1850 τὰ
1880 1795 2047 1872 πράγ-

2183 1798 2544 1854 secundiores
2599 1800 2879 1856 Romanis
2949 1799 3202 1869 fuerunt,
3257 1802 3411 1874 quod
3472 1801 3810 1858 Latinorum

416 1906 579 1960 ματα.
632 1886 704 1942 ’Ἢ
764 1905 824 1939 τε
875 1883 978 1958 γὰρ
1037 1880 1281 1938 Λατίνων
1342 1882 1611 1957 ὑπεροψία
1640 1883 1891 1958 καὶπρὸς
1921 1884 2043 1940 Ῥω·

2185 1886 2551 1958 iespicientia
2580 1893 2637 1944 et
2666 1891 2737 1945 de
2774 1889 3053 1946 Romanis
3110 1890 3364 1963 suspicio
3422 1893 3479 1946 et
3534 1891 3812 1964 implaca-

414 1974 612 2048 μαίους
648 1972 852 2046 ὑποψία
892 1972 981 2027 καὶ
1019 1973 1084 2027 τὸ
1140 1976 1235 2027 τοῦ
1302 1974 1650 2051 φρονήματος
1707 1973 2041 2045 ἄκαθαίρετοι

2180 1974 2313 2031 biles
2330 1976 2512 2032 animi
2544 1979 2852 2051 antiquum
2875 1979 3235 2036 obtinebant.
3267 1980 3412 2036 Nam
3458 1996 3583 2050 qua:
3608 1980 3807 2036 deser-

414 2071 514 2134 τῆς
568 2065 762 2138 πρώην
820 2060 1124 2137 προθέσεως
1174 2061 1380 2136 ε’ἰχετο,
1428 2060 1582 2117 καὶᾶ
1614 2060 1752 2135 ⁵δρᾷν
1783 2059 1881 2117 ούκ
1901 2060 2041 2139 εἶχοπ

2184 2064 2412 2132 μοιιὶουε,
2447 2072 2650 2121 contra
2680 2083 2827 2137 quos
2850 2085 3001 2139 saepe
3040 2068 3241 2125 hastas
3264 2073 3563 2135 acuerant,
3595 2070 3811 2125 inferre

414 2152 544 2217 τοὺς
572 2150 907 2213 ἀποστάντας
944 2150 1036 2206 καὶ
1094 2152 1209 2205 καθ’
1255 2148 1327 2205 ὧν
1382 2148 1657 2212 πολλάκις
1709 2149 1805 2212 τὰς
1847 2148 2041 2229 λόγχαι

2179 2167 2281 2209 non
2305 2158 2593 2225 poterant,
2615 2172 2675 2211 ea
2694 2154 2753 2211 in
2779 2156 3070 2228 proximos
3092 2173 3351 2229 quosque
3374 2158 3806 2230 perpetrabant,

414 2242 714 2313 ἠκόνησαν,
746 2245 912 2297 ταῦτα
968 2245 1086 2302 τοῖς
1154 2240 1257 2295 ὑπὸ
1305 2244 1467 2316 χεῖρα
1506 2235 1583 2295 ἔτι
1641 2238 1915 2317 ἐπέφερον,
1963 2239 2041 2296 καῖ

2185 2247 2219 2298 ιι
2249 2252 2451 2299 contra
2480 2260 2579 2301 eos
2608 2246 2876 2303 dentibus
2924 2246 3287 2303 frendebant.
3320 2246 3434 2303 Sed
3490 2250 3547 2303 et
3603 2246 3812 2303 Orien-

406 2338 523 2388 κατ’
552 2332 729 2387 αὐτῶν
759 2330 907 2400 τοὺς,
940 2327 1163 2391 ὀδόντας
1217 2323 1471 2404 ἔϐρυχον.
1516 2330 1620 2388 Καὶ
1662 2330 1696 2399 ἡ
1746 2333 1855 2385 τῶν
1918 2328 2033 2405 πρὸ

2184 2330 2370 2387 alium
2438 2337 2842 2388 Romanorum
2898 2333 3259 2405 negligentia
3314 2350 3450 2407 erga
3500 2333 3811 2407 populares

403 2419 478 2477 ἕω
504 2422 792 2495 Ῥωμαίων
825 2419 949 2494 περὶ
987 2420 1050 2475 τὸ
1106 2425 1285 2481 κακῶς
1343 2420 1555 2494 πάσχον
1616 2419 1873 2493 ὁμογενὲς
1929 2417 2030 2473 ἀνε-

2186 2420 2406 2477 .fﬂictos
2438 2432 2491 2476 et
2523 2438 2796 2478 summus
2829 2424 3140 2494 despectus
3168 2431 3343 2495 atque
3400 2422 3611 2479 oblivio
3647 2423 3813 2480 dolo-

402 2512 706 2587 πίστροφος
766 2510 966 2585 γνώμη
1018 2507 1108 2564 καὶ
1182 2511 1218 2577 ἡ
1275 2506 1549 2577 παντελὴς
1607 2507 1904 2583 παρόρασις
1960 2528 2027 2562 κα

2181 2527 2281 2567 'em
2336 2527 2483 2582 pene
2540 2512 2968 2569 intolerabilem
3030 2514 3293 2583 pariebat
3342 2530 3355 2569 :
3426 2530 3564 2569 nam
3623 2528 3808 2586 neque

401 2599 664 2672 ἐπίλησις
724 2599 974 2678 ἀφόρητα
1029 2592 1285 2653 ἔϐαλλεν·
1358 2593 1481 2651 οὕτε
1536 2597 1638 2671 γὰρ
1686 2599 2028 2671 χρήμασινὶ

2180 2601 2424 2656 iecuniis
2452 2617 2637 2672 neque
2669 2601 2921 2657 militum
2957 2603 3142 2674 copiis
3188 2602 3661 2658 Occidentalibus
3719 2619 3807 2657 ur-

406 2689 772 2765 στρατεύμασι
817 2692 926 2744 τῶν
986 2684 1217 2743 δυτικῶν
1286 2680 1754 2759 ἀντελαμϐάνοντο
1804 2685 2033 2743 πόλεων.

2179 2690 2331 2747 tibus
2352 2690 2879 2747 subveniebant.Ac
2903 2691 3125 2747 Latinis
3145 2708 3214 2746 ex
3235 2690 3375 2747 Asia
3418 2686 3700 2763 digressis
3754 2699 3806 2747 et

403 2777 567 2836 Ἀλλ’
608 2779 659 2834 οἱ
703 2780 798 2851 μὶν
827 2782 1048 2832 Λατῖνοι
1081 2783 1183 2847 τῆς
1224 2775 1403 2839 Ἀσίας
1467 2775 1920 2854 ἀναχωρήσαντες
1948 2777 2030 2846 τηε

2180 2779 2480 2848 .‘braciam,
2512 2796 2639 2851 quas
2679 2779 2805 2835 sola
2834 2796 2938 2852 pro
2966 2780 3232 2836 libertate
3289 2780 3681 2835 Romanorum
3724 2780 3807 2835 di-

406 2869 621 2940 Θρᾲκην
681 2866 933 2936 ἔκοπτον,
998 2865 1169 2940 μόνην
1230 2864 1657 2942 ἀναῤῥιπτοῦσαν
1722 2866 1813 2921 τὸν
1909 2865 2033 2939 ύπὲρ

2175 2869 2427 2938 nicabat,
2458 2868 2846 2935 vastantibus,
2879 2870 3064 2926 nostri
3128 2870 3306 2925 duces
3337 2885 3403 2925 eo
3460 2868 3802 2925 discrimine

404 2955 709 3031 ἐλευθερίας
732 2954 1021 3029 Ῥωμαίων
1051 2951 1321 3010 κίνδύνον·
1383 2953 1434 3008 οἱ
1480 2951 1537 3008 δὶ
1594 2952 1853 3029 ἡμέτεροι
1883 2975 2031 3029 στρα-

2172 2960 2362 3027 irater
2382 2958 2873 3029 exspectationem
2906 2956 3134 3012 libenti
3164 2972 3459 3027 nusquam
3500 2956 3677 3011 ofﬁcii
3707 2958 3799 3012 sui

405 3045 564 3121 τηγοὶ
610 3050 706 3102 τοῦ
764 3066 823 3100 εκ
874 3049 1022 3120 σφῶν
1074 3041 1318 3098 κινδύνον
1376 3042 1524 3117 παρά
1580 3041 1733 3112 δόξαν
1772 3042 2032 3105 ἀνεθέντες

2170 3046 2563 3114 neminerant,
2597 3060 2783 3116 neque
2809 3044 3063 3101 salutare
3092 3046 3413 3118 quidquam
3471 3045 3542 3101 ad
3587 3045 3678 3101 sui
3708 3046 3797 3101 vel

404 3132 559 3191 οὐδέν
608 3136 744 3205 ἦσαν
775 3132 1040 3207 οὐδαμοῦ,
1092 3129 1216 3187 οὔτε
1269 3133 1377 3205 μὴν
1440 3133 1711 3205 σωτήριόν
1739 3154 1792 3188 τι
1822 3133 1910 3188 καὶ
1944 3154 2031 3207 φυ-

2171 3133 2529 3207 ρορυιιιιοίιισι
2561 3134 2959 3190 defensionem
2980 3133 3483 3190 conabantur.Sed
3506 3132 3798 3205 corruptis

402 3222 700 3297 λακτήριον
757 3223 971 3283 ἑαυτοῖς
1022 3221 1112 3274 καὶ
1178 3224 1294 3282 τοῖς
1362 3217 1619 3297 φυλέταις
1680 3218 2020 3293 μετήλθοσαν

2181 3223 2407 3295 ngeniis
2457 3222 2701 3293 prediti,
2759 3227 2816 3279 et
2873 3227 2938 3278 ut
2993 3222 3262 3279 homines
3320 3222 3470 3279 827
3519 3222 3733 3278 deserti
3766 3239 3800 3276 a

396 3310 528 3369 ἀλλ’
558 3312 634 3373 εἰς
674 3316 797 3367 νοῦν
833 3308 1097 3382 ἀδόκιμον
1128 3306 1516 3385 παραδοθέντες
1566 3308 1657 3363 καὶ
1716 3309 1910 3371 αὐτοὺς
1938 3309 2023 3364 ἀπέ

2170 3317 2270 3370 Deo
2302 3321 2471 3384 atque
2501 3313 2666 3384 impii
2697 3317 2936 3384 stupore
2991 3313 3243 3384 quodam
3294 3312 3505 3382 affecti,
3540 3316 3712 3384 atque
3739 3312 3797 3367 in

396 3406 538 3458 Θεοῦ
574 3402 937 3475 μακρύναντες
971 3396 1110 3453 ὣστε
1157 3398 1226 3453 τὰ
1287 3398 1362 3472 μή
1420 3398 1724 3466 καθήκοντα
1774 3394 1899 3472 δρᾷν
1956 3417 2018 3451 κα

2169 3401 2437 3459 :‘actiones
2461 3401 2830 3470 divisi,urbes
2852 3401 3217 3457 concitarunt
3242 3418 3256 3471 ;
3289 3400 3388 3457 alii
3437 3400 3584 3457 alios
3614 3417 3796 3473 oppu-

399 3488 672 3565 μηδαμῶς
697 3486 830 3545 ἴέναι
862 3489 997 3564 πρὸς
1026 3487 1299 3556 αἲσθησιν,
1330 3487 1472 3541 κατὰ
1528 3483 1594 3556 δή
1608 3507 1746 3559 μους
1796 3487 1886 3541 καὶ
1940 3507 2026 3562 φα-

2170 3495 2410 3564 ;narunt
2438 3489 2649 3547 violato
2674 3492 2804 3562 jure
2835 3489 3202 3563 cognationis
3237 3505 3252 3557 ί
3295 3490 3559 3545 tributim
3599 3505 3797 3562 segre-

394 3580 548 3654 τρίας
580 3577 885 3650 διέστησαν,
908 3576 1099 3640 πόλεις
1124 3576 1407 3650 ἐξέμηναν,
1429 3579 1549 3631 κατ’
1573 3573 1841 3647 ἀλλήλων
1873 3574 2020 3631 ὡπλί

2170 3580 2269 3651 ζειιὶ
2300 3583 2487 3648 sunt;
2545 3578 2718 3635 Israel
2769 3580 2952 3634 Iudas
3010 3579 3195 3634 factus
3246 3582 3355 3646 est,
3388 3581 3451 3632 ut
3482 3584 3644 3633 vetus
3698 3577 3797 3634 ille

395 3681 599 3740 σθησαν
676 3668 803 3732 τοὺς
870 3667 1104 3739 θεσμοὺς
1174 3672 1276 3736 τῆς
1323 3664 1634 3741 συγγενείας
1692 3662 2018 3739 συγχέαντες

2166 3668 2436 3740 propheta
2465 3668 2749 3739 queritur,
2779 3667 2908 3723 aliis
2938 3667 3074 3723 huic
3106 3671 3169 3722 ut
3198 3666 3321 3737 regi
3360 3665 3628 3730 addictis,
3662 3665 3793 3722 aliis

395 3762 485 3835 [P.
519 3761 648 3832 403]
675 3758 766 3814 καὶ
793 3756 1045 3833 γεγόνασι
1078 3755 1225 3832 φυλή
1263 3754 1411 3832 φυλή
1444 3754 1535 3810 καὶ
1567 3753 1788 3829 Ἰσραὴλ
1809 3751 2017 3815 Ἰούδας

2163 3757 2219 3811 Id
2252 3755 2433 3811 alium
2465 3754 2917 3811 confluentibus.
2951 3755 3085 3818 Qua
3117 3770 3210 3809 res
3266 3751 3489 3820 multis,
3532 3753 3790 3823 pruden-

394 3850 459 3906 τὸ
516 3846 689 3904 πάλαι
745 3847 893 3922 παρὰ
944 3850 1025 3917 τῷ
1083 3846 1343 3923 προφήτῃ
1404 3842 1794 3918 θρηνούμενον,
1839 3841 1895 3897 οἷ’
1942 3844 2021 3916 μὲι

2165 3844 2394 3900 .ioribus
2416 3841 3392 3915 presertim,exsecrationisimilis,
3415 3846 3474 3897 et
3492 3842 3792 3897 destruen-

390 3938 533 4012 τῷδε
589 3937 966 3997 συννεύσαντες
1032 3934 1122 3989 καὶ
1180 3935 1256 3998 ὡς
1297 3934 1515 4008 βασιλεῖ
1542 3937 1687 4012 σφῶν
1710 3931 2017 4009 ιπροσφερόι

2162 3933 2234 3987 ite
2275 3930 2696 3988 necessitudini
2752 3938 2810 3987 et
2868 3931 3210 3987 inducenda
3269 3929 3603 3987 alienationi
3660 3946 3789 3986 esse

397 4050 573 4103 μενοι,
608 4028 660 4083 οἱ
696 4026 744 4082 δ’
768 4024 955 4097 ἐκείνῳ
983 4021 1406 4099 προσρέψαντες,
1464 4023 1538 4083 ὡς
1590 4022 1679 4077 καὶ
1720 4026 1836 4083 τοῖς
1894 4019 2024 4076 πολ-

2159 4020 2461 4076 videbatur.
2498 4020 2622 4075 Etsi
2644 4024 2837 4076 autem
2865 4019 3103 4075 tandem
3125 4020 3195 4075 ad
3220 4018 3538 4075 amicitiam
3578 4018 3786 4074 ineun-

394 4117 515 4181 λοῖς
542 4119 630 4173 καὶ
698 4120 816 4179 τοῖς
876 4113 1165 4192 φρονίμοις
1222 4112 1492 4188 κρίνεσθαι
1547 4110 1622 4173 είς
1681 4111 1913 4184 κατάραν
1945 4112 2021 4165 κα

2162 4110 2280 4165 lam
2311 4114 2754 4177 concurrerunt,
2812 4116 3004 4163 tamen
3063 4122 3133 4164 ne
3189 4112 3313 4164 tum
3348 4109 3586 4179 quidem
3618 4107 3789 4179 plane

392 4206 724 4282 πλησμονὴν
755 4204 846 4261 καὶ
913 4210 1015 4272 τῆς
1070 4200 1390 4278 ὁμογενείας
1431 4198 1895 4274 ἀπαλλοτρίωσιν.
1946 4200 2019 4254 Ὠς

2161 4202 2582 4268 :onsenserunt,
2652 4200 2752 4260 aut
2803 4196 2901 4253 alii
2958 4196 3105 4254 alios
3162 4198 3235 4253 ad
3280 4195 3416 4253 belli
3449 4196 3788 4254 societatem

391 4294 449 4354 δέ
477 4317 612 4354 ποτε
642 4291 977 4367 συνέδραμον
999 4289 1053 4354 ἐς
1084 4288 1294 4368 φιλίαν,
1324 4285 1440 4343 οὐδ’
1482 4287 1627 4343 οὕτω
1686 4288 1780 4361 μὶν
1825 4287 1900 4348 ὡς
1956 4287 2018 4343 εἰς

2158 4286 2425 4346 :ohortati
2458 4287 2577 4344 ullo
2610 4288 2783 4343 modo
2813 4286 3284 4344 Occidentalibus
3322 4287 3567 4344 urbibus
3617 4302 3785 4359 opem

393 4386 517 4461 μίαν
547 4381 1004 4459 συνηρμόσθησαν
1056 4378 1308 4456 γνώμην.
1368 4373 1481 4430 οὐδ’
1540 4375 1595 4438 ές
1661 4376 2020 4450 συνασπισμὸν

2158 4378 2291 4435 Terre
2321 4380 2652 4434 statuerunt
2684 4393 2698 4434 :
2732 4375 2833 4433 sed
2884 4377 3153 4434 creandis
3205 4376 3655 4449 imperatoribus
3695 4376 3785 4433 in-

388 4440 696 4548 ἀλλήλους.Ι
726 4440 1257 4549 παρακροτήσαντες
1337 4466 1600 4541 ἐπαρῆξαι
1687 4466 1834 4530 ’ὀλως
1908 4440 2015 4528 ταῖς

2157 4466 2289 4523 :enti
2322 4465 2507 4522 instar
2533 4465 2815 4539 gregatim
2868 4465 3189 4521 volantium
3249 4464 3444 4521 avium
3498 4481 3631 4520 cum
3668 4480 3784 4520 uno

390 4564 662 4641 ἑσπερίαις
710 4560 1003 4639 προέθεντο
1072 4559 1320 4626 πόλεσιν,
1373 4554 1502 4612 ἀλλ’
1560 4557 1637 4619 εἷς
1694 4556 2017 4632 χειροτονίαι

2154 4556 2396 4630 quodam
2429 4556 2821 4613 subvolabant
2857 4559 2915 4612 et
2966 4554 3393 4623 discedebant;
3449 4553 3549 4610 alii
3603 4554 3781 4612 etiam

396 4651 690 4732 βλέψαντες
724 4650 995 4731 βασῖλέων
1039 4649 1089 4703 οἳ
1125 4647 1220 4721 μὶν
1274 4646 1409 4702 κατὰ
1458 4646 1526 4701 τὰ
1576 4646 1869 4719 ποτώμενα
1921 4651 2023 4703 τῶν

2155 4646 2399 4719 spinosis
2430 4646 2591 4703 rubis
2622 4645 2934 4717 imperium
2965 4643 3322 4701 deferebant.
3352 4643 3519 4700 Unde
3567 4642 3782 4732 multo-

394 4731 548 4817 ζώων
584 4738 935 4819 συμσορηδὸν
975 4735 1393 4794 συνανίπτανται
1439 4733 1582 4808 τῷδε
1623 4736 1713 4791 καὶ
1772 4736 2021 4792 συναπαί·

2154 4751 2271 4792 rum
2330 4735 2665 4792 dominatus
2732 4735 3025 4791 Orientem
3105 4732 3474 4804 depascebat,
3536 4731 3781 4803 tricipiti

395 4855 601 4909 ρουσιν,
633 4835 687 4889 οἱ
719 4830 777 4887 δὲ
814 4830 905 4886 καὶ
936 4828 1171 4907 ῥάμνους
1201 4822 1527 4888 ἀκανθώδεις
1560 4823 1613 4888 ἐς
1661 4823 1840 4900 ἀρχὴν
1896 4846 2022 4900 προ.

2153 4825 2393 4896 quadam
2427 4824 2624 4880 bellua
2651 4841 2685 4880 a
2716 4822 3062 4880 vecordibus
3092 4820 3365 4892 implexa.
3390 4821 3538 4878 Nam
3559 4821 3780 4878 Mauro-

394 4922 750 4998 χειρίζονται.
810 4920 914 4978 Καὶ
972 4917 1042 4987 ἦν
1083 4913 1401 4989 πολυαρχία
1455 4911 1640 4968 πάλινο
1685 4913 1748 4968 τὸ
1811 4917 2021 4991 γεγονὸς

2152 4929 2334 4969 eomes
2360 4912 2594 4970 Manuel
2618 4911 2978 4968 Caichosrois
2997 4910 3230 4967 auxiliis
3278 4912 3480 4979 fretus,
3511 4911 3607 4967 cui
3663 4928 3779 4967 non

392 5011 757 5085 ἐπινεμομένη
812 5009 914 5078 τήν
965 5001 1062 5075 ἕω,
1120 5004 1211 5060 καὶ
1268 5004 1458 5078 θηρίον
1526 5003 1851 5077 τρικάρηνον
1925 5002 2019 5059 ύπε

2151 5002 2328 5057 multo
2360 5008 2493 5058 ante
2525 5003 2864 5073 recuperato
2896 5001 3087 5057 Iconio
3126 5000 3307 5056 filiam
3369 5000 3778 5072 desponderat,

386 5103 494 5156 τῶν
530 5096 835 5173 ἀϐελτέρων
871 5089 1225 5169 διαπλεχθέν.
1258 5092 1318 5148 Ὀ
1352 5091 1444 5165 μὲν
1470 5093 1586 5168 ’γὰρ
1640 5092 2013 5166 Μαυροζώμη‹

2154 5090 2288 5147 nihil
2321 5107 2433 5148 non
2465 5092 2781 5149 conabatur
2838 5094 2905 5146 ut
2957 5090 3329 5163 imperatorio
3365 5091 3601 5147 nomine
3629 5091 3781 5162 poti-

382 5187 647 5258 Μανουήλ
687 5206 780 5260 τον
810 5184 1162 5259 Καϊχοσρόην
1206 5176 1429 5248 ὑποδὺς,
1463 5180 1523 5236 οὗ
1564 5181 1703 5234 πάνυ
1746 5180 1854 5255 πρὸ
1896 5180 2009 5235 πολ

2152 5183 2321 5247 retur,
2352 5183 2410 5233 et
2439 5195 2673 5236 omnem
2706 5179 3081 5235 Maeandrium
3139 5183 3395 5236 tractum
3452 5196 3585 5236 cum
3628 5179 3779 5237 828

383 5275 484 5333 λοῦ
557 5280 627 5350 τῇ
689 5272 878 5347 σετέρᾳ
932 5272 1156 5349 θυγατρὶ
1237 5269 1568 5347 συναφθέντα
1625 5268 1715 5324 καὶ
1754 5275 1853 5339 τῆς
1889 5270 2010 5324 Ἰκο-

2153 5266 2349 5324 I‘urcis
2373 5268 2657 5323 vastabat.
2692 5266 3035 5324 Theodorus
3077 5269 3356 5337 Lascarls,
3417 5267 3780 5325 nobilissimo

379 5368 630 5445 νιαρχίας
660 5364 816 5427 αὖθις
863 5357 1191 5435 λαϐόμενον,
1247 5361 1313 5428 ἧς
1373 5357 1490 5433 εἶχε
1540 5357 1809 5434 πρότερον
1876 5356 2003 5414 ἐκπε

2154 5372 2346 5429 genere
2368 5362 2534 5414 ortus
2564 5361 2623 5413 et
2651 5356 3019 5426 imperatoris
3056 5358 3339 5415 affinitate
3378 5358 3650 5431 inclytus,
3681 5358 3781 5413 illo

389 5458 519 5527 σὼν,
548 5456 721 5512 πάντα
750 5455 814 5521 ἦν
851 5450 1277 5525 μηχανώμενος,
1319 5445 1369 5501 εἶ’
1396 5467 1513 5510 πως
1578 5446 1724 5518 αύτῷ
1782 5466 2016 5519 συναιρο-

2151 5445 2441 5520 proﬂigato
2498 5450 2555 5503 et
2611 5445 2788 5502 rubro
2845 5445 3039 5504 calceo
3097 5447 3303 5504 induto
3376 5449 3448 5504 ab
3506 5447 3778 5503 omnibus

392 5540 555 5617 μένου
596 5547 695 5600 τοῦ
729 5540 1009 5618 βασιλείου
1053 5539 1196 5613 τύχῃ
1247 5536 1533 5609 ὀνόματος,
1593 5538 1679 5591 καὶ
1725 5538 1823 5604 τήν
1889 5535 2019 5608 ὅσην

2146 5534 2531 5594 Drientalibus
2589 5534 2834 5591 urbibus
2894 5534 3212 5609 imperator
3276 5536 3773 5594 consalutabatur.

388 5633 595 5702 ποτίζει
628 5629 934 5703 Μαίανδρος
983 5628 1149 5684 ἐπιὼν
1204 5624 1341 5698 μετὰ
1385 5625 1641 5699 Τούρκων
1701 5621 1915 5703 ἔφθειρὲ
1967 5647 2015 5682 τε

2147 5623 2310 5682 David
2335 5639 2508 5694 porro
2530 5624 2862 5681 Comnenus
2882 5627 3139 5683 exercitu
3179 5642 3248 5683 ex
3294 5624 3689 5697 Paphlagonia
3718 5629 3774 5681 et

390 5723 477 5781 καὶ
539 5718 760 5798 ἔκειρεν.
813 5722 876 5781 ’0
935 5716 990 5775 δὶ
1044 5714 1320 5788 Αάσκαρις
1372 5710 1675 5787 Θεόδωρος,
1742 5714 1816 5775 ὡς
1883 5710 2017 5786 γένει

2147 5711 2373 5770 Pontica
2404 5712 2678 5772 Heraclea
2704 5717 2924 5782 coacto,
2956 5719 3014 5771 et
3041 5714 3268 5772 Iberum
3301 5715 3399 5784 qui
3459 5714 3529 5768 ad
3570 5713 3774 5768 Phasi-
