4120 6284
353 398 508 461 1015

1672 393 1984 456 NICETE
2024 392 2457 454 CHONIA'I‘xE

3602 393 3761 454 1016

353 534 487 590 dem
517 530 784 588 habitant
840 528 1066 600 legione
1123 527 1433 594 conducta,
1494 541 1674 598 pagos
1726 532 1782 582 et
1827 526 2002 581 urbes

2127 523 2544 599 εὐπρεπέστατος
2610 524 2701 579 καὶ
2747 522 2906 595 κήδει
2942 522 3202 598 βασιλείῳ
3267 521 3573 598 περίδοξος,
3623 522 3768 578 ἀπο-

356 622 694 693 subigebat;
729 623 785 676 et
818 624 882 674 ut
911 620 1149 672 fratrem
1179 632 1351 672 suum
1398 614 1664 671 Alexium
1725 630 2007 687 magnum

355 712 644 777 redderet,
678 721 1094 777 praecursorem
1119 706 1246 775 ejus
1304 708 1361 760 et
1401 720 1727 774 praeconem
1780 706 2005 776 agebat.

357 801 641 857 Caeterum
674 798 725 853 is
756 794 1004 852 subinde
1034 793 1439 860 cunctabatur,
1474 794 1628 848 circa
1684 794 2008 864 Trapezun-

356 893 474 947 tem
509 900 731 941 moram
759 884 995 940 trahens
1018 886 1110 949 ;et
1134 880 1305 954 plane
1326 881 1531 950 Hylam
1569 880 1762 951 illum,
1790 882 1861 936 de
1894 897 2008 953 quo

351 976 727 1051 proverbium
787 976 898 1037 est,
948 987 1134 1043 agens
1193 976 1475 1041 perpetuo
1531 971 1847 1026 vocabatur
1905 986 2009 1026 nec

350 1081 612 1137 unquam
646 1062 1045 1134 comparebat.
1102 1060 1248 1114 Cum
1309 1064 1503 1114 autem
1567 1058 1738 1113 David
1782 1057 2005 1115 adoles-

352 1159 578 1212 centem
612 1151 953 1223 quemdam,
1013 1153 1401 1220 cognomento
1462 1148 1860 1219 Synadenum,
1911 1164 2009 1218 pro

352 1246 501 1301 duce
535 1242 606 1297 ad
630 1239 1032 1295 Nicomediam
1052 1237 1334 1305 misisset,
1369 1236 1637 1292 Lascaris
1658 1252 1790 1291 cum
1848 1252 2007 1292 exer-

354 1331 468 1388 citu
503 1333 705 1387 contra
729 1328 897 1383 illum
930 1326 1342 1399 proficiscitur,
1378 1341 1440 1381 se
1468 1325 1604 1379 trita
1632 1329 1688 1379 et
1719 1323 1897 1396 plana
1922 1324 2010 1380 via

355 1419 629 1495 progredi
683 1417 1023 1474 simulans:
1086 1417 1183 1471 sed
1243 1432 1346 1486 per
1402 1414 1582 1470 aliam
1644 1430 1907 1486 asperam
1956 1420 2010 1470 et

354 1510 702 1583 impeditam
725 1524 795 1563 ex
819 1506 1137 1579 improviso
1161 1505 1531 1577 Synadenum
1557 1504 1799 1560 adortus
1832 1504 2007 1576 capit.

357 1600 577 1658 milites
634 1600 761 1671 ejus
820 1596 1089 1668 dissipat,
1144 1594 1538 1666 Davidemque
1591 1595 1875 1666 reprimit,
1939 1611 2010 1651 ne

354 1690 509 1746 ultra
532 1687 831 1744 Ponticam
857 1684 1194 1741 Heracleam
1227 1683 1652 1756 progrediatur.
1687 1683 1802 1739 Nec
1824 1683 2008 1739 multo

356 1783 489 1851 post
509 1782 916 1832 Maurozomen
947 1789 1178 1845 quoque
1210 1788 1346 1828 cum
1377 1772 1582 1828 Turcis
1613 1771 1669 1828 vi
1715 1771 2006 1844 proﬂigat,

2112 613 2486 687 κρουσάμενος
2522 612 2727 669 ἐκεῖνον
2762 615 2825 669 τὸ
2892 612 3118 687 ἐρυθρὸν
3178 610 3399 668 πέδιλοι
3468 609 3763 669 ὑποδύεται

2112 702 2202 756 καί
2236 700 2490 776 βασιλεὺς
2530 701 2821 774 Ῥωμαίων
2872 702 2957 781 ὑφ’
3003 700 3148 757 ὅλων
3200 704 3309 756 τῶν
3367 702 3518 773 ἑῴων
3559 703 3763 777 ἀναγο-

2118 789 2677 865 ρεύεταιπόλεων.²0
2731 789 2775 845 δ’
2834 790 2892 846 ἐκ
2949 795 3253 863 Κομνηνῶν
3312 786 3480 845 Δαϐὶδ
3530 811 3762 866 στρατο-

2116 879 2359 956 λογήσας
2417 878 2778 957 Παφλαγόνος
2840 880 2930 934 καὶ
2989 878 3043 934 o'i
3074 880 3174 949 τὴν
3205 882 3469 949 Ποντικὴν
3508 878 3756 935 οῗκοῦσιν

2113 969 2459 1043 Ἡράκλειαν,
2492 969 2581 1024 καὶ
2642 974 2834 1042 μοῖραν
2899 969 3310 1041 μισθωσάμενος
3370 964 3599 1043 Ἰϐήρων
3648 973 3758 1024 τῶν

2115 1060 2374 1113 πινόντων
2418 1063 2513 1113 τοῦ
2556 1056 2816 1126 Φάσιδος,
2839 1059 3029 1131 κώμας
3061 1058 3152 1112 καὶ
3181 1058 3373 1119 πόλεις
3424 1060 3759 1127 ὑπεποιεῖτο,

2114 1150 2204 1201 καὶ
2235 1150 2324 1202 τὸν
2360 1148 2560 1203 οἰκεῖον
2616 1149 2927 1224 μεγαλύνων
2982 1147 3306 1222 κασὶγνητον
3364 1148 3410 1220 ᾧ
3468 1149 3503 1216 ἡ
3560 1147 3763 1217 κλῆσις

2116 1234 2382 1308 Ἀλέξιος,
2414 1235 2733 1313 πρόδρομος
2776 1238 2981 1292 ἐκείνου
3040 1238 3130 1291 καὶ
3186 1240 3465 1312 προκῆρυξ
3521 1237 3757 1312 ἐγένετο.

2113 1327 2173 1383 Ὀ
2208 1324 2263 1381 δὲ
2293 1326 2523 1400 ἔμελλεν
2556 1328 2637 1381 ἀεὶ
2678 1328 2949 1403 χρονίζων
2980 1327 3032 1381 ἐν
3065 1332 3187 1391 τοῖς
3213 1329 3314 1395 τῆς
3347 1329 3768 1402 Τραπεζοῦντος

2121 1417 2326 1491 μέρεσι,
2389 1416 2479 1470 καὶ
2537 1416 2907 1491 παροιμιακὸς
2958 1413 3226 1471 ἐδείκνυτο
3270 1414 3461 1483 Ὕλας,
3551 1416 3772 1492 φωνούο

2120 1525 2279 1579 μενος
2337 1505 2427 1560 καὶ
2489 1506 2562 1578 μὴ
2625 1505 3023 1577 ὀπτανόμενος,
3083 1505 3231 1562 Ἐπεὶ
3291 1503 3349 1560 δὲ
3378 1504 3469 1559 καὶ
3496 1508 3565 1578 τῇ
3597 1512 3769 1559 Νικο-

2119 1592 2327 1667 μήδους
2369 1596 2397 1649 ὁ
2452 1590 2618 1649 Δαϐἱδ
2665 1593 2829 1654 οὗτος
2886 1592 3260 1666 προσεπέλασε
3289 1590 3380 1648 διά
3428 1614 3579 1655 τινος
3612 1594 3766 1665 αὑτῷ

2114 1688 2547 1758 στρατηγοῦντος
2595 1685 2877 1759 μείρακος,
2930 1681 3240 1754 Συναδηνοῦ
3290 1684 3390 1753 τήν
3451 1682 3768 1753 ἐπίκλησιν,

2117 1773 2423 1847 στράτευμα
2454 1774 2773 1848 συναγείρας
2808 1772 2835 1827 ὀ
2883 1773 3157 1843 Λάσκαρις
3199 1773 3317 1825 κατ’
3360 1769 3525 1825 αὑτοῦ
3566 1764 3762 1839 ἔπεισι,

353 1884 498 1940 quos
529 1866 742 1939 partim
775 1863 944 1919 caedit
976 1862 1186 1934 partim
1219 1860 1397 1934 capit,
1428 1878 1526 1917 eos
1549 1861 1871 1933 praesertim
1904 1860 2004 1932 qui

2127 1860 2207 1914 5ιᾶ
2268 1860 2364 1932 μὶν
2417 1866 2516 1929 τῆς
2571 1862 2941 1933 τετριμμένης
2988 1859 3078 1914 καὶ
3146 1858 3296 1923 λείας
3343 1854 3572 1937 ἔμφασιν
3637 1855 3765 1920 δοὺς

352 1971 560 2029 genere
587 1953 845 2009 illustres
877 1952 1127 2024 primam
1160 1950 1341 2006 aciem
1374 1950 1768 2005 obtinuerant.

2127 1948 2453 2023 πορεύεσθαι,
2507 1946 2870 2023 ἐκπεριελθὼν
2940 1946 2997 2004 δὲ
3070 1953 3331 2023 τραχεῖαν
3400 1946 3579 2015 ἂλλην
3669 1948 3763 2002 καὶ

356 2037 639 2111 δύσϐατον,
697 2040 787 2095 καὶ
830 2038 1156 2110 προσπεσὼν
1217 2036 1506 2115 ἀφώρατος
1564 2040 1642 2108 τῷ
1707 2033 2031 2109 Συναδηνῷ.
2081 2039 2239 2094 Ὅθεν
2300 2037 2392 2092 καὶ
2435 2040 2811 2114 στρατηγήσας
2869 2036 3014 2093 οὕτω
3068 2039 3161 2092 τὸν
3226 2037 3430 2092 νεανίαν
3482 2036 3642 2092 αὐτόν
3714 2056 3773 2091 τε

356 2130 647 2205 συνείληφε
700 2127 791 2182 καὶ
842 2127 905 2181 τὸ
967 2124 1177 2180 ἐκείνου
1236 2125 1543 2201 στράτευμα
1612 2122 1938 2193 διεσκέδασε,
2009 2146 2099 2180 και
2159 2126 2249 2181 τὸν
2312 2122 2478 2181 Δαϐὶδ
2540 2128 2615 2199 μὴ
2675 2127 2979 2201 περαιτέρω
3036 2126 3285 2200 προϊέναι
3337 2128 3439 2196 τὴς
3497 2132 3766 2195 Ποντικῆς

355 2216 685 2294 Ἡρακλείας
736 2216 1052 2290 παρέπεισε.
1123 2215 1256 2270 Μετ’
1324 2215 1387 2268 ού
1454 2211 1601 2268 πολὺ
1634 2211 1691 2268 δέ
1732 2213 1929 2286 καὶτῷ
1980 2215 2335 2289 Μαυροζώμῃ
2366 2214 2704 2289 συμπλακεὶς
2744 2212 2952 2292 φυλάδα
2999 2213 3238 2271 δείκνυσι
3265 2219 3477 2271 τοῦτον.
3510 2214 3615 2272 Καὶ
3645 2216 3773 2274 τοὺς

354 2307 631 2382 Τούρκους
665 2306 803 2360 κατὰ
833 2304 1032 2379 κράτος
1062 2304 1400 2378 τρεψάμενος
1430 2300 1523 2365 οὕς
1561 2304 1657 2375 μὲν
1706 2300 2025 2381 διέφθειρεν,
2059 2304 2150 2366 οὕς
2182 2300 2239 2358 δὲ
2285 2303 2581 2379 ἐζώγρησε,
2643 2304 2732 2359 καὶ
2789 2304 2995 2359 τούτων
3041 2302 3283 2378 μάλιστα
3347 2302 3403 2359 οἵ
3461 2311 3562 2374 τῆς
3603 2323 3771 2379 στρα-

356 2402 477 2459 τιᾶς
507 2395 909 2469 προετάττοντο
940 2392 1029 2448 καὶ
1058 2394 1122 2448 τὸ
1150 2392 1304 2467 γένος
1335 2393 1471 2461 ἦσαν
1500 2390 1785 2465 ἐπίσημοι.

429 2487 584 2544 829
642 2486 760 2541 Hoc
820 2500 1014 2540 rerum
1068 2483 1458 2539 Orientalium
1521 2487 1677 2539 statu
1757 2484 2013 2540 Joannes

360 2576 566 2646 Mysus
595 2572 1045 2645 Philippopolim
1104 2572 1280 2644 capit,
1341 2572 1563 2642 diripit,
1593 2572 1818 2639 evertit,
1863 2573 2016 2628 cives

356 2666 676 2739 plerosque
702 2662 1059 2719 obtruncat:
1120 2663 1290 2733 cujus
1341 2662 1502 2717 urbis
1553 2661 1676 2732 jam
1735 2662 1875 2718 olim
1918 2678 2020 2733 per

362 2753 612 2810 insidias
642 2751 1039 2824 expugnanda
1072 2750 1437 2806 occasionem
1481 2754 1765 2822 captarat,
1797 2750 2019 2805 habita-

363 2843 597 2901 toribus
626 2840 1088 2908 infensissimus,
1132 2839 1280 2910 quod
1337 2838 1692 2895 deditionem
1732 2838 1845 2895 sibi
1903 2855 2019 2894 non

370 2932 650 2989 fecissent
672 2934 727 2986 et
760 2933 825 2985 ut
881 2929 1003 3001 regi
1059 2943 1261 3000 parere
1319 2930 1764 2996 detrectassent,
1799 2927 1899 2983 sed
1961 2934 2021 2982 ut

370 3022 563 3078 virum
596 3018 1044 3091 sanguinarium
1101 3017 1342 3073 aversati
1404 3020 1617 3072 essent.
1679 3017 1826 3072 Tum
1885 3032 2022 3073 vero

371 3110 517 3167 illud
550 3109 678 3179 ejus
711 3106 1078 3163 iracundiam
1117 3112 1487 3176 exasperarat
1543 3108 1600 3159 et
1655 3104 2020 3160 barbaricam

371 3197 653 3253 feritatem
687 3197 948 3256 auxerat,
979 3191 1133 3261 quod
1182 3191 1449 3245 Alexium
1505 3189 1798 3261 Aspietem
1864 3206 2020 3245 rece-

374 3281 785 3357 pissenteique
804 3284 867 3334 ut
889 3278 1021 3333 duci
1048 3278 1400 3350 paruissent,
1432 3293 1493 3332 se
1513 3294 1642 3333 vero
1680 3292 1813 3333 cum
1860 3294 2021 3333 exer-

374 3372 495 3428 citu
548 3369 917 3425 invadentem
976 3383 1128 3438 saepe
1194 3366 1566 3438 repulissent.
1616 3367 1895 3422 Caeterum
1955 3382 2022 3423 ea

374 3459 517 3517 urbs
541 3455 818 3514 inviolata
851 3456 1185 3519 mansisset,
1220 3455 1269 3510 si
1299 3455 1425 3511 suis
1481 3455 1762 3528 auspiciis
1819 3456 2023 3525 guber-

375 3552 517 3606 nata
547 3551 721 3617 esset,
750 3550 874 3601 tum
910 3547 1063 3617 quod
1122 3544 1355 3600 Latinos
1414 3545 1661 3617 benigne
1718 3547 2018 3613 tractabat,

374 3642 501 3695 tum
534 3636 687 3709 quod
717 3636 993 3691 Joannem
1027 3638 1255 3706 Mysum
1290 3650 1403 3689 non
1436 3650 1674 3704 prorsus
1713 3636 2017 3691 aversaba-

370 3735 489 3786 tur.
530 3726 696 3781 Nunc
758 3724 878 3779 ﬁlia
931 3730 1169 3778 matrem
1229 3738 1499 3794 sequens,
1558 3728 1863 3795 postquam
1922 3722 2023 3779 illa

372 3816 577 3889 regina
630 3818 688 3871 et
744 3814 1017 3885 princeps
1067 3811 1331 3866 omnium
1388 3811 1676 3868 labefacta
1733 3818 1790 3869 et
1857 3813 2023 3869 facile

377 3908 545 3975 capta
576 3906 684 3971 est,
717 3901 837 3956 haec
862 3916 1094 3972 quoque
1141 3900 1406 3967 graviora
1453 3900 1710 3972 pertulit,
1744 3901 2016 3972 direptio—

375 3994 550 4049 nibus
577 3996 633 4046 et
662 3990 920 4046 caedibus
986 4005 1285 4061 oppressa,
1346 3992 1402 4043 et
1463 3991 1702 4060 insuper
1758 3990 2022 4046 funditus

374 4098 596 4139 eversa.
628 4079 805 4147 Cujus
836 4079 1017 4132 ruina:
1053 4094 1236 4133 unum
1298 4077 1437 4132 illud
1510 4083 1770 4150 spectatu
1810 4082 2020 4149 jucun-

376 4170 517 4225 dum
551 4167 789 4230 habent,
823 4165 977 4236 quod
1009 4167 1299 4235 Aspietem
1335 4166 1470 4223 fune
1502 4167 1675 4223 .taios
1714 4170 2022 4238 trajectum

373 4262 434 4315 et
461 4257 520 4311 in
554 4254 788 4311 sublimi
820 4254 979 4309 trabe
1013 4255 1258 4325 pedibus
1298 4272 1651 4327 strepensum
1710 4261 2021 4314 ostentant.

373 4345 477 4402 Cui
511 4343 610 4416 qui
643 4343 806 4415 regni
859 4342 1170 4398 atl'ectandi
1227 4344 1523 4414 adjutores
1584 4345 1831 4414 fuerant,
1891 4360 2020 4403 cum

369 4440 655 4492 Joannem
695 4449 809 4489 non
858 4432 1127 4500 laterent,
1161 4449 1232 4488 ne
1277 4433 1685 4490 inconstantiae
1728 4435 1884 4490 880
1914 4452 2027 4506 pos-

371 4542 479 4583 nas
501 4526 709 4579 darent
732 4521 927 4590 veriti,
959 4520 1148 4594 palam
1176 4521 1491 4591 deficiunt;
1531 4522 1793 4579 etaliiad
1838 4524 2024 4581 Theo-

2197 2483 2304 2539 Καὶ
2341 2478 2475 2556 τῇδε
2506 2483 2599 2555 μὶν
2648 2481 2713 2536 τὰ
2767 2482 2903 2557 πρὸς
2966 2479 3045 2537 ἕω
3102 2480 3339 2560 ἐφέρετο·
3395 2484 3423 2537 ὁ
3482 2480 3539 2538 δὲ
3591 2482 3777 2544 Μυσὸς

2126 2570 2381 2641 Ἰωάννης
2469 2574 2539 2644 τῇ
2639 2570 3093 2627 Φιλιππουπόλει
3172 2570 3591 2646 ἐπιστρατεύσας
3637 2572 3781 2645 αἱρεῖ

2124 2659 2323 2728 ταύτην
2370 2659 2461 2714 καὶ
2510 2664 2758 2733 καθαιρεῖ
2795 2660 3193 2735 προνομεύσας,
3229 2661 3320 2715 καὶ
3378 2658 3627 2721 πολλοὺς
3674 2664 3781 2714 τῶν

2126 2745 2280 2802 ἔνδον
2322 2745 2638 2817 ὑποδικάζει
2667 2753 2783 2809 τοῖς
2833 2748 3030 2824 ξίφεσι,
3063 2749 3152 2803 καὶ
3207 2750 3382 2804 πάλαι
3447 2750 3542 2822 μὶν
3589 2748 3776 2803 ἐνσκο-

2128 2836 2451 2911 λιευόμενος
2490 2842 2556 2909 τᾷ
2593 2836 2754 2893 πόλει
2786 2837 2877 2892 καὶ
2902 2842 2972 2911 τῇ
3001 2839 3206 2909 ταύτης
3264 2836 3565 2915 ἐφεδρεύων
3624 2835 3775 2891 ἀλώ-

2129 2946 2229 2996 σει,
2260 2926 2349 2981 καὶ
2387 2928 2746 3001 βαρυμηνιῶν
2773 2931 2892 2988 τοῖς
2941 2926 3259 3001 οἰκήτορσιν
3303 2928 3378 2989 ὠς
3440 2924 3573 2999 μηδ’
3627 2924 3772 2985 ὅλως

2130 3016 2278 3088 αύτῷ
2310 3016 2682 3072 ὑποκύπτουσι
2717 3014 2846 3088 μηδ’
2887 3018 2962 3081 ὡς
3021 3016 3237 3092 βασιλεῖ
3291 3018 3379 3091 [Ρ.
3412 3018 3539 3090 404]
3606 3035 3769 3089 προσ-

2128 3103 2374 3183 έχουσιν,
2406 3103 2534 3160 ἀλλ’
2574 3105 2649 3167 ὡς
2709 3106 2957 3178 αἱμάτων
2990 3103 3159 3179 ἄνδρα
3202 3101 3634 3181 ἐκτρεπομένοις,
3678 3103 3766 3158 καί

2059 3248 2070 3275 ,
2131 3195 2253 3248 τότε
2294 3190 2351 3247 δὲ
2373 3196 2507 3269 πρὸς
2538 3192 2764 3249 πλείονα
2804 3196 2975 3267 θυμὸν
3015 3192 3291 3258 ἐκκαυθείς
3349 3194 3453 3249 ὑπὸ
3498 3189 3769 3269 βαρϐάρου

2134 3286 2485 3364 φρονήματος
2540 3284 2621 3346 οἷς
2673 3285 2766 3340 τὸν
2826 3282 3117 3355 ’Δσπιέτην
3168 3286 3412 3357 Ἀλέξιον
3466 3283 3776 3363 εἰσφκίσαν-

2129 3394 2214 3443 το,
2254 3374 2488 3447 κάκείνῳ
2523 3375 2619 3447 μὶν
2671 3375 2746 3437 ὡς
2802 3374 3040 3450 ἀρχηγῷ
3098 3374 3380 3429 ὑπέκειντο
3412 3378 3579 3450 σφῶν,
3611 3373 3773 3428 αὐτὸν

2131 3460 2177 3517 δ’
2209 3461 2437 3518 ἐπιόντα
2472 3465 2588 3537 μεθ’
2639 3462 2825 3520 ὅπλων
2886 3462 3154 3543 πολλαχῆ
3214 3464 3638 3520 άπεκσούσαντο.
3680 3466 3778 3519 Ἢν

2131 3548 2333 3621 δ’ἅνή
2402 3551 2572 3617 πόλις
2618 3550 2718 3622 ἥδε
2781 3557 2958 3608 κακῶν
3017 3553 3231 3629 άθιγής,
3290 3554 3335 3607 εί
3409 3554 3529 3608 καθ’
3578 3553 3774 3623 ἑαυτὴν

2131 3638 2433 3718 διεξήγετο,
2473 3646 2633 3697 τοῦτο
2671 3643 2767 3716 μὶν
2796 3644 2895 3711 ἦπ’
2927 3663 3002 3703 ως
3027 3640 3446 3721 προσφερομένη
3505 3641 3778 3709 Λατίνοις,

2129 3733 2293 3783 τοῦτο
2328 3725 2384 3784 δὲ
2411 3729 2502 3784 τὸν
2540 3731 2726 3786 Μυσόν
2756 3732 3014 3801 Ἰωάννην
3068 3730 3172 3785 οὐκ
3227 3728 3594 3804 ἐκτρεπομένη
3636 3750 3778 3784 παν-

2128 3817 2349 3873 τάπασι.
2383 3822 2494 3874 Νῦν
2531 3816 2575 3874 δ’
2608 3819 2849 3892 ἑπομένη
2890 3822 2960 3892 τῇ
2996 3821 3164 3894 μητρὶ
3194 3824 3345 3889 παῖς,
3378 3819 3430 3889 ἐξ
3481 3818 3553 3873 ὧν
3610 3819 3778 3892 ἀκρο-

2132 3908 2344 3982 σφαλής
2397 3907 2571 3978 ἐκείνη
2624 3908 2803 3984 γέγονε
2868 3907 2958 3962 καὶ
3028 3906 3304 3968 εὐάλωτος
3375 3906 3591 3983 βασιλὶς
3643 3906 3777 3962 οὖσα

2130 3996 2219 4050 καὶ
2250 4000 2434 4050 πασῶν
2471 3997 2830 4072 ὑπερκειμένη
2889 3995 3125 4068 πόλεων,
3190 3995 3253 4051 ἐκ
3306 3996 3517 4052 τούτων
3577 3993 3644 4065 δὴ
3684 3996 3777 4051 καὶ

2133 4086 2268 4155 αὕτη
2310 4084 2523 4160 χείροσι
2555 4090 2745 4147 κακοῖς
2794 4084 3214 4158 προσωμίλησε,
3265 4087 3383 4149 καθ’
3411 4085 3536 4140 ὅσον
3576 4105 3777 4161 προνο-

2136 4175 2267 4247 μαῖς
2307 4172 2591 4229 ἐκδοθεῖσα
2620 4176 2711 4229 καὶ
2746 4175 3022 4249 μαχαίρας
3064 4174 3294 4244 στόματι
3325 4172 3404 4230 ἔτι
3461 4173 3553 4230 καὶ
3608 4195 3779 4250 προσ-

2132 4262 2437 4337 καθῂρηται
2472 4262 2562 4317 καὶ
2617 4263 2692 4325 είς
2723 4264 3013 4340 περιφανὲς
3067 4262 3306 4338 ἐρείπιον
3361 4261 3778 4341 κατηδάφισται,

2132 4352 2251 4415 καθ’
2278 4350 2333 4405 ἓν
2364 4346 2524 4424 μόνον
2558 4350 2685 4421 τοὺς
2720 4351 3041 4426 ὀφθαλμοὺς
3065 4350 3286 4431 διαχέον
3319 4358 3424 4407 τῶν
3467 4352 3781 4426 θεωμένων,

2134 4442 2195 4497 τὸ
2219 4440 2278 4495 ἐκ
2313 4439 2496 4496 ποδῶν
2530 4442 2865 4517 ἀνηρτῆσθαι
2905 4443 2997 4497 τόν
3033 4442 3320 4512 Ἀσπιέτην
3369 4441 3452 4497 ἐπ’
3509 4443 3780 4505 ἰθυτενοῦς

2135 4530 2438 4601 σκόλοπος,
2498 4529 2953 4605 διάτετορημένον
2997 4530 3126 4593 τοὺς
3181 4529 3533 4609 ἐπισφυρίους
3604 4533 3780 4586 τένον-

376 4616 585 4672 dorum
611 4612 904 4668 Luscarim
938 4609 1326 4667 Orientalibus
1354 4612 1598 4668 urbibus
1624 4614 2016 4672 dominantem

2132 4641 2226 4682 τας
2291 4621 2380 4674 καὶ
2453 4619 2638 4682 κάλως
2688 4620 2775 4673 ἐπὶ
2830 4618 3039 4675 τούτων
3098 4607 3406 4693 δεξάμενον·
3477 4622 3559 4678 Ti
3604 4618 3650 4675 δ’
3694 4620 3782 4676 ἐπὶ

374 4720 436 4761 se
468 4703 799 4771 conterunt,
835 4699 930 4755 alii
965 4698 1326 4754 Orestiadem
1363 4705 1720 4757 concurrunt
1751 4728 1766 4771 ί
1800 4702 1896 4759 alii
1929 4704 2024 4759 Di-

372 4792 780 4866 dymoticbum
812 4788 1062 4861 ingressi
1094 4804 1224 4843 cum
1260 4788 1478 4845 Eatinis
1531 4806 1727 4859 pacem
1781 4792 2022 4859 faciunt,

376 4888 435 4938 et
479 4897 581 4952 per
638 4879 860 4949 legatos
915 4877 1285 4933 Theodorum
1344 4879 1595 4934 Branam
1655 4882 1859 4935 ducem
1913 4881 2022 4937 sibi

376 4968 529 5025 mitti
581 4971 802 5037 petunt.
862 4969 976 5019 Nec
1038 4967 1282 5022 multum
1340 4969 1613 5040 temporis
1668 4967 2020 5040 intercessit,

374 5071 508 5112 cum
530 5054 785 5110 Joannes
803 5053 995 5121 Mysiae
1029 5055 1203 5109 rebus
1244 5056 1605 5124 constitutis,
1649 5061 1706 5113 et
1761 5059 2021 5115 deserto-

374 5144 537 5199 ribus
575 5141 851 5210 gravibus
884 5140 1187 5212 suppliciis
1236 5148 1291 5198 et
1345 5161 1491 5199 novo
1552 5146 1756 5202 mortis
1813 5164 2023 5219 genere

376 5230 620 5295 affectis,
654 5228 804 5283 irato
835 5233 891 5283 et
946 5230 1155 5285 caedem
1216 5232 1474 5302 spirante
1526 5234 1690 5291 vultu
1741 5236 2020 5295 Romanis

379 5320 597 5377 bellum
626 5320 841 5375 inferre
862 5319 1082 5391 statuit,
1118 5336 1364 5391 quorum
1392 5324 1504 5379 sibi
1549 5324 1734 5396 dolos,
1769 5327 2019 5395 fraudes,

381 5409 711 5483 perfidiam,
764 5422 1058 5464 summam
1113 5408 1403 5465 levitatem
1474 5413 1694 5470 diutius
1752 5416 2021 5473 ferendas

381 5513 508 5556 esse
537 5499 805 5570 negabat.
839 5495 1021 5567 Igitur
1060 5496 1143 5551 ira
1200 5499 1453 5567 percitus
1508 5501 1847 5561 innumeras
1888 5512 2021 5579 Scy-

379 5588 569 5645 thicas
599 5594 826 5642 turmas
857 5586 1111 5658 ablegat,
1145 5602 1392 5656 quarum
1423 5588 1543 5644 alia:
1581 5592 2017 5667 Adrianopolim

380 5675 756 5743 obsederunt,
787 5673 911 5730 aliis
944 5674 1189 5730 Rusium
1221 5690 1502 5745 aggressa
1562 5680 1823 5737 Latinum
1884 5701 2021 5755 prae-

2132 4709 2349 4772 τούτοις
2398 4708 2497 4763 ούκ
2562 4705 2755 4773 ἔλαθον
2822 4710 2916 4764 τὸν
2977 4709 3231 4779 Ἰωάννην
3290 4710 3342 4764 οἱ
3397 4713 3478 4781 τῷ
3527 4708 3781 4782 Ἀσπιέτῃ

2135 4799 2433 4875 σύμφρονες
2473 4799 2563 4853 καὶ
2616 4800 2752 4873 πρὸς
2808 4800 2943 4872 ὒψος
3016 4798 3293 4861 Βασιλείας
3342 4798 3545 4855 ἐκεῖνον
3588 4800 3780 4876 κουφί-

2135 4908 2343 4957 σαντες,
2377 4886 2492 4943 ὅθεν
2549 4889 2897 4964 ὑφορώμενοι
2941 4889 3017 4961 μὴ
3078 4886 3231 4950 δίκας
3296 4886 3438 4944 δοῖεν
3479 4890 3554 4952 ὡς
3609 4889 3782 4944 ἀλλο-

2132 4974 2462 5050 πρόσαλλοι,
2514 4976 2832 5052 ἀφίστανται
2882 4975 3179 5052 λαμπρῶς.
3225 4976 3453 5051 Ἀμέλει
3493 4978 3583 5033 καὶ
3615 4978 3780 5033 ἐκποο

2133 5062 2240 5141 δφν
2308 5065 2669 5141 χωρισθέντες
2728 5065 2779 5120 οἱ
2848 5068 2943 5139 μὶν
3025 5066 3282 5142 προσίασι
3361 5066 3627 5143 Θεοδώρῳ
3705 5069 3782 5139 τῷ

2134 5157 2396 5231 Λάσκαρι,
2427 5159 2535 5209 τῶν
2568 5156 2719 5227 ἑῴων
2757 5159 3049 5230 κρατοῦντι
3081 5156 3323 5223 πόλεων,
3347 5158 3397 5210 οἳ
3448 5154 3504 5211 δὲ
3561 5155 3783 5231 συνδρα-

2136 5245 2328 5318 μόντες
2361 5243 2415 5305 ἐς
2447 5242 2785 5318 Ὀρεστιάδα,
2828 5243 2994 5299 ἄλλοι
3043 5242 3089 5299 δ’
3133 5245 3387 5308 εἰσιόντες
3417 5246 3478 5301 τὸ
3542 5242 3782 5319 Διδυμό-

2128 5330 2323 5407 τοιχδν
2354 5330 2604 5393 Λατίνοις
2662 5328 3000 5387 σπένδονται·
3094 5333 3192 5388 Καὶ
3249 5334 3553 5407 πέμψαντες
3625 5335 3783 5410 ἀγγέ-

2132 5418 2264 5483 λους
2288 5418 2438 5497 σφίσι
2480 5420 2782 5494 στρατηγὸν
2840 5418 3171 5489 ἐξαιτοῦνται
3233 5422 3321 5476 τὸν
3391 5426 3596 5495 Βρανᾶν
3651 5425 3779 5478 Θεό-

2130 5507 2327 5585 δωρον.
2362 5509 2549 5585 Βραχὺ
2585 5510 2647 5564 τὸ
2680 5510 2729 5564 ἐν
2758 5509 2928 5583 μέσῳ,
2961 5512 3049 5565 καὶ
3078 5512 3177 5579 τήν
3237 5510 3445 5569 Μυσίαν
3506 5511 3691 5567 εἰσιὼν
3745 5514 3774 5568 ὁ

2129 5599 2380 5670 Ἰωάννης
2412 5599 2504 5654 καὶ
2532 5599 2688 5654 τάκεῖ
2716 5599 2853 5673 πρὸς
2882 5600 2945 5654 τὸ
2974 5598 3029 5654 εῦ
3079 5596 3417 5672 διαθέμενος,
3455 5602 3545 5655 καὶ
3595 5600 3773 5656 κολά-

2130 5706 2242 5741 σεσι
2277 5687 2516 5763 βαρείαις
2563 5686 2654 5741 καὶ
2703 5687 2948 5750 θανάτοις
3007 5692 3214 5749 καινοῖς
3249 5687 3375 5750 τοὺς
3433 5688 3771 5750 ἀποστάντας
