4120 6284
420 492 570 552 1017

1860 491 2059 553 URBS
2103 492 2378 553 CAPTA.

3678 502 3829 560 1018

418 623 744 697 ὕπενεγκὼν,
785 617 921 696 ἔγνω
980 622 1094 695 μετ’
1157 620 1500 699 ὀργιλώδους
1530 623 1621 676 καὶ
1653 623 1841 701 φονίου
1892 621 2063 697 βλέμ-

2179 625 2406 696 sidium,
2433 626 2582 698 quod
2620 626 2674 680 in
2711 625 2850 681 urbe
2907 629 3029 682 erat
3081 628 3649 699 praestantissimum,
3704 649 3836 704 pro-

427 733 598 786 ματος
628 712 718 766 καὶ
779 715 1009 787 γνώμης
1065 711 1420 783 ἀσυμπαθοῦς
1478 711 1880 786 ἐπιστρατεύειν
1937 713 2076 768 Ῥω-

423 803 635 876 μαίοις,
715 801 897 855 οὐκέτι
984 801 1203 878 φάσκων
1286 801 1380 862 τὰς
1440 805 1588 879 σφῶν
1671 798 2076 880 δολοφροσύνας

419 889 738 968 ὑφίστασθαι
770 889 861 944 καὶ
919 890 983 944 τὸ
1042 891 1264 944 ἄπιστον
1319 891 1454 959 ἦθος
1513 889 1706 945 καὶτὸ
1763 897 1862 958 τῆς
1908 889 2076 960 αὐτῆς

424 979 568 1054 ὥρας
599 979 874 1040 πολλάκις
933 979 1274 1052 παλιμπετὲς
1333 979 1610 1057 φρόνημα.
1643 978 1865 1052 ιΤοίνυν
1917 979 2076 1054 ἀναῤ-

423 1068 609 1146 ῥαγεῖς
642 1068 717 1130 είς
777 1069 946 1142 ὀργὴν
1009 1068 1427 1140 στρατευμάτων
1463 1073 1740 1132 Σκυθικῶν
1803 1068 2074 1142 μελισσῶ-

418 1179 509 1218 νας
537 1162 656 1216 τοῖς
690 1157 927 1230 ἐαρινοῖς
966 1154 1343 1228 ἀνθαμίλλους
1405 1154 1585 1212 ἄνθεσι
1643 1153 1908 1233 διαφίησι.
1945 1155 2075 1211 Τινᾶ

419 1246 514 1318 μέν
556 1245 646 1299 οὖν
677 1243 852 1298 αὐτῶν
886 1245 960 1305 ὡς
1012 1242 1139 1299 οὐδὲ
1200 1246 1510 1319 μυρμήκων
1579 1245 1950 1319 στρατεύματα
1978 1246 2073 1306 τὰς

412 1317 562 1410 ίερᾶς
593 1331 742 1394 ἅλως
797 1333 1236 1410 ἀμφιποτώμενα
1264 1317 1363 1403 τήν
1405 1317 1692 1407 Ἀδριανοῦ
1733 1331 2070 1410 διειλήφασι,

406 1425 530 1480 τινὰ
571 1421 626 1477 δὲ
656 1419 1108 1497 προσπελάσαντα
1164 1427 1243 1494 τῷ
1299 1422 1534 1496 Ῥουσίῳ
1566 1423 1704 1498 πρὸς
1756 1423 2071 1497 ἀντιμάχη-

409 1535 489 1569 σιν
524 1513 858 1568 ἐπισπῶνται
888 1513 952 1566 τὸ
977 1516 1044 1586 τῇ
1077 1512 1238 1568 πόλει
1303 1512 1472 1587 ταύτῃ
1529 1510 1810 1590 ἔφεδρεῦον
1873 1511 1932 1567 ἐκ
1964 1521 2070 1567 Λα·

408 1605 572 1658 τίνων
621 1601 931 1660 ὁπλιτικόν.
968 1603 1260 1678 Κράτιστον
1305 1600 1361 1657 δὲ
1389 1603 1458 1672 ἧν
1487 1606 1649 1657 τοῦτο
1706 1598 2069 1680 διαφερόντως

408 1696 518 1748 τῶν
561 1690 768 1761 ἄλλων,
824 1691 915 1745 καὶ
979 1688 1191 1764 ὑψηλὸν
1231 1691 1324 1764 μὲν
1375 1691 1443 1746 τὰ
1476 1691 1726 1763 σώματα,
1762 1691 2066 1763 θαυμαστὸν

413 1779 470 1837 δὶ
499 1787 618 1844 ταῖς
651 1780 903 1854 μελέταις
933 1787 1052 1843 ταῖς
1085 1781 1220 1836 κατὰ
1249 1780 1520 1855 πόλεμον,
1581 1781 1672 1836 καὶ
1737 1781 1883 1854 παρά
1926 1801 2068 1842 τινος

413 1878 558 1945 Τερῆ
616 1870 1108 1946 στρατηγούμενον,
1163 1868 1358 1945 ἀνδρὸς
1413 1875 1518 1925 τῶν
1579 1871 1716 1924 πάνυ
1781 1870 2065 1942 ἐπισήμων

2184 715 2330 769 ceris
2387 716 2753 786 corporibus.
2814 715 2947 770 belli
3007 733 3113 771 usu
3175 716 3426 771 mirabili
3504 721 3831 790 praeditum,

2181 804 2325 859 Tero
2357 806 2611 876 quodam
2646 805 2792 859 duce
2821 807 2943 860 viro
2977 804 3190 860 illustri
3225 809 3280 860 et
3312 808 3511 874 nobili,
3557 811 3626 864 ad
3689 811 3835 865 resi-

2182 894 2452 948 stendum
2481 892 2908 962 provocant.llli
2933 909 3068 964 ergo
3091 894 3309 949 milites
3329 897 3509 950 armis
3552 901 3833 969 correptis

2181 981 2477 1036 celerrime
2512 999 2578 1036 eo
2605 982 3053 1046 contendebant,
3087 982 3182 1037 ubi
3246 999 3313 1038 ex
3363 984 3833 1055 speculatoribus

2179 1069 2419 1141 Scythas
2451 1069 2594 1124 83]
2663 1074 2852 1124 castra
2917 1071 3130 1126 habere
3183 1077 3521 1143 cognorant.
3575 1075 3640 1128 Hi
3701 1093 3831 1131 vero

2183 1158 2516 1212 Latinorum
2550 1159 2922 1230 aggressione
2941 1164 3222 1232 occupata
3254 1160 3400 1216 clam
3453 1161 3643 1217 locum
3684 1165 3826 1219 sub-

2178 1254 2318 1303 eunt
2352 1249 2530 1304 Rusio
2563 1249 2861 1319 vicinum;
2912 1255 2968 1305 et
3027 1251 3239 1306 Latinis
3293 1253 3668 1309 redeuntibus
3727 1255 3830 1310 im-

2179 1337 2410 1409 proviso
2448 1342 2758 1408 conspectu
2811 1339 2902 1393 sui
2943 1344 3222 1394 terrorem
3284 1341 3598 1409 incutiunt,
3635 1347 3699 1398 ut
3755 1346 3828 1399 ob

2177 1431 2398 1482 tantam
2432 1426 2864 1483 multitudinem
2899 1428 3044 1482 nihil
3078 1429 3214 1484 boni
3254 1431 3669 1486 ominarentur.
3703 1434 3824 1488 Acri

2177 1513 2373 1587 praelio
2405 1515 2530 1586 pari
2563 1515 2836 1586 utrinque
2870 1516 3208 1572 fortitudine
3243 1519 3823 1588 commisso,tandem

2175 1605 2363 1659 Latini
2397 1604 2598 1660 multis
2627 1605 2794 1660 cassis
2828 1607 2944 1660 fere
2977 1623 3183 1677 pmnes
3205 1609 3629 1665 occubuerunt.
3690 1611 3828 1665 Post

2176 1692 2334 1748 hunc
2363 1693 2999 1766 successum,Scythici
3059 1696 3346 1751 exercitus
3408 1695 3821 1753 bellicosorum

2175 1781 2428 1837 virorum
2464 1781 2694 1836 circiter
2721 1784 2916 1838 decem
2936 1782 3120 1839 millia
3147 1785 3331 1856 primo
3357 1784 3580 1857 impetu
3598 1789 3819 1855 Aprum

2174 1870 2318 1926 citra
2341 1871 2634 1942 negotium
2669 1873 2911 1943 capiunt
2941 1877 2997 1928 et
3026 1879 3327 1941 eveatunt;
3390 1873 3823 1931 multitudinem

411 1961 502 2014 καὶ
535 1960 782 2036 εὐγενῶν.
813 1961 890 2016 Τὸ
925 1962 1017 2033 μὲν
1051 1960 1144 2014 οὖν
1203 1959 1566 2032 ὁπλισάμενον
1626 1955 1713 2033 ᾔει
1743 1961 1840 2024 τὴν
1902 1959 2062 2036 ταχί-

2172 1959 2230 2014 in
2264 1960 2407 2013 urbe
2439 1966 2722 2030 repertam
2760 1961 2972 2032 partim
2999 1962 3290 2028 occidunt,
3351 1963 3560 2033 partim
3625 1969 3684 2019 ut
3717 1965 3822 2020 sub

413 2070 568 2119 στην,
602 2045 723 2104 ἔνθα
774 2049 821 2118 έξ
883 2050 1139 2123 ὁπτήρων
1189 2048 1410 2104 ἐπύθετο
1469 2047 1594 2110 τοὺς
1644 2047 1854 2112 Σκύθας
1900 2068 2066 2102 κατα-

416 2143 668 2208 σκηνοῦΨ
701 2139 750 2192 οἱ
796 2135 852 2192 δὲ
905 2140 1003 2208 την
1061 2138 1111 2201 ές
1171 2137 1364 2200 αὐτοὺς
1389 2143 1496 2193 τῶν
1555 2138 1791 2192 Λατίνων
1835 2138 2064 2215 φθάσανο

416 2249 503 2291 τες
529 2223 722 2303 ἔφοδον
752 2227 830 2287 εἷς
885 2228 976 2282 τὸν
1035 2232 1113 2300 τῷ
1172 2229 1402 2300 Ῥουσίῳ
1450 2225 1843 2302 παρακείμενον
1900 2227 2068 2281 τόπον

2176 2066 2390 2104 corona
2419 2057 2680 2118 veneant,
2717 2049 2985 2106 manibus
3018 2057 3147 2122 post
3195 2057 3357 2123 terga
3415 2054 3688 2108 revinctis
3732 2054 3832 2109 ab-

2177 2139 2403 2193 ducunt
2439 2155 2452 2205 ;
2485 2137 2698 2194 multos
2730 2139 2903 2194 etiam
2937 2146 3220 2209 cremant,
3242 2141 3539 2198 vincentes
3588 2141 3673 2196 illi
3706 2143 3828 2213 qui-

2177 2227 2333 2294 dem,
2361 2227 2460 2282 sed
2492 2228 2733 2283 victoria
2762 2244 2878 2284 non
2911 2229 3249 2285 humaniter
3279 2235 3526 2286 utentes.

429 2315 760 2386 λεληθότως
789 2312 1257 2391 παρεσϐάλλουσι,
1301 2317 1388 2370 καὶ
1448 2314 1514 2384 δὴ
1569 2317 1845 2370 ἐπανιοῦσι
1877 2321 1991 2378 τοῖς
2027 2314 2277 2376 Λατίνοις
2321 2315 2568 2392 ὀφθέντες
2598 2320 2676 2387 τῷ
2714 2336 2772 2370 τε
2808 2323 2908 2385 τῆς
2943 2318 3068 2378 θέας
3110 2315 3364 2390 ἀδοκήτῳ
3396 2315 3707 2392 διαθροοῦσι
3743 2325 3832 2376 καὶ

425 2407 784 2484 φαντάζεσθαι
814 2407 880 2460 τὰ
918 2408 992 2478 μή
1037 2407 1256 2481 χρηστά
1286 2410 1366 2477 τῷ
1397 2403 1599 2475 πλήθει
1633 2403 1874 2459 διδόασιν
1907 2402 2098 2477 ἀμέλει
2130 2404 2216 2458 καὶ
2250 2402 2578 2476 συμπλοκῆς
2610 2411 2871 2480 καρτερᾶς
2900 2406 3214 2482 γενομένης,
3245 2409 3334 2462 καί
3374 2413 3494 2469 ταῖς
3557 2406 3828 2485 ἀνδραγα-

417 2493 571 2558 θίαις
604 2494 960 2567 έξισουμένων
989 2493 1283 2570 ἑκατέρων,
1323 2498 1590 2548 τελευτῶν
1623 2491 1810 2548 πολλὰ
1842 2491 2128 2568 δράσαντες
2189 2494 2239 2546 οἱ
2298 2499 2520 2547 Λατῖνοι
2578 2491 2772 2568 σχεδὸν
2821 2495 3083 2558 ἀπέθανον
3114 2496 3369 2556 ἅπαντες.
3409 2499 3522 2566 Τῆς
3557 2495 3613 2550 δὲ
3645 2500 3834 2570 μάχης

414 2583 620 2654 ταύτης
653 2583 795 2638 οὕτω
830 2581 1222 2660 γεγενημένης,
1250 2581 1430 2659 ἕτεραι
1464 2584 1684 2636 Σκυθῶν
1717 2580 2026 2643 ἆποσπάδες
2061 2581 2420 2658 μυριάριθμοί
2451 2603 2508 2637 τε
2539 2584 2624 2636 καὶ
2691 2583 2936 2657 μάχιμοι
2994 2585 3116 2658 περὶ
3179 2587 3259 2658 [Ρ.
3303 2587 3431 2658 405]
3479 2587 3573 2639 τὸν
3605 2588 3832 2661 Ἀπρων

429 2673 685 2730 ἐλάσασαι
717 2679 908 2731 τοῦτον
953 2676 1191 2736 εὐπετῶς
1236 2677 1549 2749 χειροῦνται
1579 2673 1668 2727 καὶ
1700 2670 1832 2728 ὅλον
1865 2675 2108 2748 αἱροῦσιν
2147 2668 2421 2740 αὐτοϐοεὶ,
2451 2672 2539 2727 καὶ
2580 2673 2674 2727 τὸν
2709 2674 2804 2746 μὲν
2833 2671 3110 2741 καθεῖλον,
3143 2678 3240 2728 τοῦ
3275 2671 3321 2728 δ’
3351 2673 3565 2734 ἐνόντος
3584 2674 3834 2744 πλήθους

409 2764 439 2818 δ
483 2765 575 2836 μὲν
619 2763 936 2820 ἀπέκτειναν
977 2765 1028 2818 οἱ
1064 2764 1287 2833 Σκύθαι,
1331 2762 1359 2818 ὅ
1400 2760 1441 2817 δ’
1480 2762 1787 2839 ἀπήνεγκαν
1826 2761 1902 2825 εἷς
1958 2760 2429 2840 λαφυροπώλησιν
2472 2759 2788 2822 συνδοῦντες
2825 2764 2914 2816 καὶ
2974 2763 3070 2824 τὰς
3136 2768 3330 2836 χεῖρας
3368 2764 3818 2841 ἀποστρέφοντες.

398 2853 652 2916 Πολλοὺς
692 2851 748 2908 δὲ
785 2854 874 2908 καὶ
907 2853 1035 2929 πυρὶ
1076 2850 1400 2926 παρέδοσαν,
1440 2855 1714 2919 νικῶντες,
1749 2850 1810 2905 οὐ
1854 2852 1962 2924 μὴν
1991 2850 2079 2905 καὶ
2110 2855 2228 2912 ταῖς
2267 2849 2437 2913 νίκαις
2458 2850 2814 2924 ἀνθρωπίνως
2847 2851 3152 2924 χρώμενοι.

482 2941 567 3001 ιδ’.
601 2945 692 2999 Ἐκ
724 2941 780 2997 δὲ
800 2947 900 3008 τῆς
939 2948 1145 3016 θερμῆς
1173 2941 1398 3010 ταυτησὶ
1443 2941 1630 3016 μάχης
1663 2939 1751 2996 ἐπὶ
1782 2942 1882 3008 τὴν
1913 2960 2053 3014 παρ·
2093 2945 2144 3010 C

403 3031 560 3088 άλιον
589 3033 927 3106 τραπόμενοι
975 3027 1307 3100 Ῥαιδεστὸν,
1364 3030 1458 3085 τὸν
1520 3031 1616 3102 μὲν
1672 3032 1877 3104 Βρανᾶν
1933 3026 2066 3083 Θεό-

405 3119 604 3195 δωρον,
637 3120 696 3186 ὅς
724 3120 1024 3197 ἡγεμόνευε
1054 3125 1164 3176 τῶν
1204 3117 1256 3181 ἐς
1309 3116 1625 3193 Ὀρεστιάδα
1685 3116 2064 3191 στελλομένων

404 3213 673 3282 Λατίνων,
717 3211 806 3264 καὶ
838 3209 944 3282 πρὸ
999 3212 1095 3263 τοῦ
1149 3206 1431 3277 ἐπιστῆναι
1495 3228 1630 3285 σφας
1662 3204 1822 3261 ἐκεῖθι
1856 3203 2064 3283 φυγάδα

404 3299 733 3378 δεδείχασιν,
766 3297 948 3371 ὥσπερ
996 3298 1088 3351 καὶ
1142 3297 1204 3351 τὸ
1264 3297 1626 3369 συνεπόμενον
1667 3294 1851 3367 ἐκείνῳ
1897 3295 2060 3366 στρά-

399 3409 594 3462 τευμα,
653 3390 752 3456 τὴν
822 3384 879 3441 δὲ
936 3386 1099 3442 πόλιν
1157 3385 1476 3462 ὁλοσχερῶς
1533 3386 1625 3440 καὶ
1664 3385 1801 3440 κατὰ
1858 3385 2057 3459 κράτος

397 3479 613 3540 ἑλόντες
644 3473 1134 3550 ἠνδραποδίσαντο.
1169 3475 1306 3532 Εἶτα
1336 3476 1427 3530 καὶ
1468 3475 1544 3536 εἰς
1574 3472 1772 3553 ἔδαφος
1809 3473 2059 3550 βάλλου-

398 3591 501 3639 σιν,
549 3568 813 3622 άθάνατον
870 3569 969 3636 τὴν
1025 3567 1161 3640 πρὸς
1227 3568 1376 3638 ἡμᾶς
1415 3560 1618 3640 ἔχθραν
1680 3567 1781 3620 ὑπὸ
1826 3565 2059 3640 Βλάχων

397 3653 546 3732 ἔχειν
571 3652 975 3731 δεδιδαγμένοι,
1044 3655 1134 3709 καὶ
1204 3654 1340 3729 πρὸς
1395 3652 1593 3716 παῖδας
1681 3653 1788 3708 ἀπὸ
1846 3651 2056 3708 παίδων

397 3745 778 3821 παραπέμπειν
814 3743 1166 3816 ἅείμνηστον.
1209 3744 1285 3800 Τὸ
1346 3740 1403 3798 δὲ
1459 3745 1741 3820 πρόθυμον
1788 3743 1863 3816 μὴ
1895 3764 2054 3798 κατα⁶

398 3835 679 3910 ψύξαντες,
730 3832 1101 3903 ἀπηντηκότες
1161 3833 1362 3896 ἐκεῖθεν
1424 3832 1502 3894 εἷς
1560 3834 1838 3906 Πέρινθον,
1884 3831 1943 3886 ἐκ
2001 3823 2060 3885 δὲ

397 3923 598 3989 ταύτης
632 3921 708 3982 εἷς
740 3922 801 3977 τὸ
831 3922 1052 3976 Δαόνιον
1107 3917 1322 3982 οὐδενὸς
1380 3922 1456 3982 εἰς
1490 3927 1681 3996 χεῖρας
1739 3920 1917 3982 ἰόντος
1970 3918 2057 3973 διὰ

400 4013 462 4068 τὸ
493 4018 593 4080 τῆς
625 4010 842 4084 τόλμης
874 4004 1213 4084 παράϐολον,
1251 4010 1366 4064 καθ’
1398 4010 1616 4078 ἡλικίαν
1668 4010 1829 4070 αὐτάς
1862 4011 2056 4087 ᾐχμα-

400 4100 676 4156 λώτευσάν
706 4104 819 4173 (73)
851 4099 1035 4153 καὶτὰ
1064 4099 1222 4173 τείχη
1270 4101 1622 4174 κατήρειψαν.
1667 4098 1743 4156 Οὐ
1807 4099 1946 4166 μόνα
2001 4095 2057 4152 δὲ

398 4191 464 4246 τὰ
495 4192 629 4268 πρὸς
662 4189 934 4245 θάλασσαν
969 4188 1145 4249 οὕτως
1177 4187 1436 4262 ἔπραττον
1496 4194 1614 4250 ταῖς
1671 4194 1778 4243 τῶν
1833 4189 2053 4242 Σκυθῶν

401 4280 700 4358 εὐχειρίαις
753 4279 844 4332 καὶ
877 4278 1222 4354 γενναιότησι
1259 4277 1349 4330 καὶ
1400 4281 1507 4331 τῶν
1567 4275 1840 4348 ἑπομένων
1874 4277 2051 4356 σφίσιν
2087 4310 2132 4373 D

397 4367 457 4423 ἐκ
485 4367 580 4423 τοῦ
613 4367 899 4442 Βλαχικοῦ
932 4367 1297 4438 συστήματος,
1326 4367 1378 4420 οἳ
1410 4366 1498 4420 καὶ
1553 4364 1766 4438 μᾶλλον
1793 4371 1908 4426 τοῖς
1961 4387 2054 4420 πε-

402 4452 648 4532 ριϐόλοις
702 4460 810 4511 τῶν
871 4454 1085 4510 πόλεων
1143 4448 1529 4524 ἐπεϐούλευον,
1612 4454 1883 4517 σκαπάνας
1961 4455 2052 4510 καὶ

399 4547 541 4603 πτύα
572 4547 972 4622 χειριζόμενοι,
1008 4544 1152 4599 ἀλλὰ
1203 4546 1292 4599 καὶ
1351 4546 1418 4599 τά
1475 4551 1575 4615 τῆς
1607 4543 1796 4616 ’ἅλμης
1825 4545 2052 4624 ἀφιστά-

402 4658 533 4712 μενα
563 4638 740 4691 πάντα
767 4639 888 4696 τοῖς
923 4634 1108 4696 αὐτοῖς
1140 4633 1227 4688 καὶ
1281 4633 1493 4708 χείροσι
1543 4639 1732 4695 κακοῖς
1777 4634 2054 4708 προσεπά-

402 4727 578 4793 λαιον,
615 4721 891 4798 μηδεμιᾶς
920 4721 1144 4784 ἐλπίδος
1205 4721 1282 4784 εἷς
1343 4723 1615 4798 σωτηρίαν
1671 4723 2053 4796 ὑποκειμένης,

400 4813 516 4868 ἐπεὶ
547 4814 633 4868 καὶ
687 4813 876 4882 ἀήθως
934 4811 994 4866 έκ
1051 4809 1302 4873 δουλείας
1369 4809 1676 4886 ἐλευθερίας
1709 4811 2056 4885 ηὐμοιρηκό-

400 4920 506 4969 τες,
566 4905 672 4955 τῶν
730 4899 1004 4974 μεγίστων
1061 4897 1140 4953 ἄεὶ
1221 4897 1494 4975 ἐφιέμενοι
1554 4896 1743 4954 οὐδένα
1817 4901 1909 4972 μὲν
1959 4905 2055 4954 τοῦ

407 4984 802 5064 δυσπραγήσειν
853 4990 1006 5052 αὖθις
1047 4986 1214 5065 λόγον
1255 4990 1480 5056 τιθέασι,
1519 4994 1639 5051 ταῖς
1707 4987 1764 5044 δὲ
1814 5010 2056 5063 παρατυ-

402 5078 628 5151 χούσαις
654 5077 847 5152 τύχαις
877 5079 966 5132 καὶ
999 5077 1178 5138 νίκαις
1223 5078 1296 5139 ὡς
1356 5076 1443 5131 ἐπὶ
1481 5077 1736 5133 πλεῖστον
1771 5074 2054 5154 ἐπεξερχόο

399 5187 551 5239 μενοι
602 5170 711 5221 τῶν
775 5166 868 5240 μὲν
925 5166 1119 5241 πρώην
1179 5162 1364 5219 τέλεον
1407 5163 1782 5235 έπιλήθονται,
1827 5172 1942 5226 τοῖς
2007 5163 2055 5220 δ’

395 5255 648 5312 ἐνεστῶσι
725 5255 989 5331 γήθονταί
1045 5275 1104 5310 τε
1163 5254 1251 5309 καὶ
1311 5249 1667 5328 ἐνυϐρίζουσι.
1737 5257 1834 5310 Διὰ
1888 5260 2056 5310 ταῦτα

389 5346 569 5400 τοίνυν
631 5343 665 5412 ἢ
723 5365 780 5398 τε
839 5343 1092 5422 λαχοῦσα
1144 5341 1414 5412 πολιστὴν
1467 5343 1558 5398 τὸν
1621 5341 1907 5419 Ἀρκάδιον
1965 5344 2053 5399 καὶ

395 5439 614 5507 Μεσήνη
657 5436 744 5491 ἐπὶ
777 5431 911 5508 τῇδε
941 5435 1028 5488 καὶ
1061 5433 1196 5507 πρὸς
1228 5432 1363 5508 αὐτῇ
1422 5431 1767 5506 Τζουρουλὸς
1832 5433 1898 5488 τά
1949 5439 2055 5490 τῶν

2248 2941 2334 2995 14.
2358 2942 2440 2996 Ab
2465 2942 2592 3010 ejus
2613 2957 2819 3012 pugnas
2843 2945 2985 2995 aestu
3011 2941 3265 2996 calentes
3304 2941 3518 3008 adhuc,
3553 2943 3624 2998 ad
3658 2945 3824 2999 mari.

2174 3031 2377 3085 timam
2412 3030 2770 3085 Rhesdestum
2804 3031 3089 3100 conversi,
3124 3035 3374 3086 Branam
3435 3032 3822 3104 Theodorum,

2175 3119 2269 3191 qui
2307 3119 2646 3174 Latinorum
2704 3120 3062 3174 Orestiadem
3125 3119 3467 3175 abeuntium
3529 3121 3821 3189 duxerat,

2173 3208 2519 3279 priusquam
2551 3224 2616 3263 eo
2648 3208 2934 3278 venirent,
2970 3225 3101 3264 cum
3142 3214 3424 3282 sequente
3472 3211 3726 3266 exercitu
3760 3212 3818 3266 in

2173 3297 2370 3369 fugam
2420 3297 2785 3368 conjiciunt;
2846 3297 3046 3353 urbem
3105 3313 3236 3354 vero
3293 3299 3349 3352 vi
3407 3304 3818 3371 expugnatam,

2170 3385 2391 3441 civibus
2424 3387 2480 3440 in
2516 3386 2852 3441 servitutem
2914 3387 3187 3455 redactis,
3242 3387 3364 3444 solo
3422 3394 3672 3460 mquant,
3717 3389 3823 3442 im-

2169 3477 2448 3530 mortales
2480 3475 2785 3530 nobiscum
2817 3476 3155 3532 inimicitias
3185 3493 3444 3533 exercere
3499 3495 3533 3532 a
3597 3477 3824 3533 Blacbis

2168 3565 2353 3620 edocti
2385 3570 2439 3619 et
2472 3580 2790 3636 propagare
2822 3566 2892 3619 ad
2925 3581 3156 3620 omnem
3219 3568 3640 3636 posteritatem.
3704 3571 3820 3622 Nec

2167 3653 2416 3709 remissa
2446 3653 2744 3708 alacritate
2767 3653 3106 3708 Perinthum
3139 3658 3469 3720 transeunt,
3507 3655 3638 3708 inde
3683 3655 3822 3710 Dao-

2166 3741 2731 3808 nium,nemineillis
2756 3742 2828 3796 ob
2862 3741 3188 3797 mirabilem
3243 3743 3545 3797 audaciam
3588 3743 3813 3798 obviam

2165 3835 2456 3898 eunte;et
2485 3831 2640 3886 omni
2696 3847 2832 3886 sexu
2893 3836 2948 3886 et.
2997 3837 3164 3887 astate
3220 3837 3386 3902 capta
3437 3833 3653 3888 mmnia
3709 3832 3813 3886 de-

2165 3925 2419 3976 struunt.
2450 3920 2603 3976 882
2636 3921 2750 3974 Nec
2789 3937 2890 3975 ora
2921 3922 3216 3976 maritima
3257 3923 3534 3976 duntaxat
3594 3922 3663 3977 ab
3713 3938 3812 3976 ex-

2165 4009 2551 4081 peditissimis
2583 4017 2637 4064 et
2672 4009 3013 4064 fortissimis
3043 4009 3272 4082 Scythis
3303 4015 3359 4065 et
3411 4009 3680 4065 Blachica
3723 4027 3810 4065 co-

2165 4102 2352 4167 horte,
2405 4117 2533 4172 qua:
2594 4099 2727 4154 illos
2787 4099 3178 4156 comitabatur
3235 4100 3518 4154 mcsnibus
3580 4099 3810 4155 urbium

2163 4207 2295 4246 cum
2315 4189 2578 4247 vectibus
2599 4194 2658 4244 et
2681 4189 2982 4260 ligonibus
3014 4188 3246 4258 infesta,
3280 4189 3358 4244 sic
3398 4193 3644 4245 tractata
3683 4194 3810 4245 est:

2163 4280 2264 4335 sed
2294 4279 2716 4334 mediterranea
2751 4293 2983 4350 quoque
3008 4277 3179 4332 malis
3199 4277 3407 4333 iisdem
3438 4283 3493 4334 et
3540 4278 3810 4350 graviori-

2167 4371 2274 4425 bus
2307 4372 2442 4423 sunt
2472 4381 2771 4438 Oppressa,
2833 4365 2996 4422 nulla
3054 4383 3155 4438 spe
3213 4367 3419 4423 salutis
3477 4367 3805 4440 aﬂ‘ulgente.

2161 4458 2306 4513 Nam
2340 4459 2437 4528 qui
2467 4474 2534 4512 ex
2563 4457 2842 4512 servitute
2864 4458 3152 4512 insuetum
3187 4458 3508 4512 libertatem
3558 4458 3807 4528 propitia

2164 4546 2395 4602 fortuna
2449 4546 2744 4601 consecuti
2804 4549 2960 4616 sunt,
3022 4545 3274 4600 maxima
3341 4551 3618 4616 perpetuo
3678 4546 3810 4601 atl‘e-

2165 4641 2406 4704 clantes,
2466 4650 2651 4705 neque
2705 4651 2764 4690 se
2823 4635 2879 4689 in
2967 4639 3260 4705 posterum
3329 4633 3648 4688 calamitati
3707 4634 3806 4689 ulli

2167 4724 2284 4779 foro
2316 4724 2597 4778 obnoxios
2654 4723 2983 4794 opinantes,
3044 4721 3410 4778 successibus
3468 4726 3523 4777 et
3553 4722 3808 4778 victoriis

2165 4815 2341 4868 sﬂ'use
2378 4811 2701 4884 indulgent,
2766 4813 2996 4884 pristini
3051 4817 3238 4867 status
3296 4811 3481 4879 obliti,
3537 4813 3808 4882 praesenti

2162 4919 2295 4959 vero
2318 4903 2430 4957 laeti
2463 4901 2879 4957 etinsolentes.
2916 4902 3161 4958 Proinde
3217 4901 3629 4974 Arcadiopolis,
3690 4903 3807 4959 Me-

2164 4995 2374 5048 senaet
2395 4989 2664 5059 Zurulus,
2698 5007 2831 5046 cum
2859 4991 3036 5061 agris,
3058 4990 3213 5046 villis
3262 4999 3313 5047 et
3341 4992 3501 5046 omni
3555 5007 3620 5046 eo
3651 4995 3802 5063 quod

2162 5083 2233 5137 iis
2260 5080 2504 5135 urbibus
2523 5080 2658 5136 olim
2686 5081 2896 5153 paruit,
2920 5086 3206 5136 extremas
3257 5081 3452 5137 clades
3505 5088 3643 5137 sunt
3681 5100 3804 5154 per~

2166 5186 2383 5243 pessus;
2417 5174 2476 5225 et
2499 5186 2625 5240 quae
2657 5173 2725 5225 ad
2761 5170 2962 5226 urbem
2995 5171 3596 5244 omniumprincipsm
3623 5188 3804 5244 usque

2165 5259 2476 5330 pertinent,
2509 5259 2706 5313 omnia
2747 5263 2887 5314 sunt
2944 5277 2977 5314 a
3033 5260 3256 5333 Scythis
3315 5277 3611 5333 oppressa.
3670 5262 3808 5317 Post

2163 5345 2360 5404 omnia
2393 5349 2672 5419 oppidum
2702 5347 2918 5422 Athyra
2937 5351 3006 5406 ad
3034 5351 3490 5408 internecionem
3532 5355 3620 5406 est
3651 5352 3808 5407 dele-

2163 5440 2310 5490 tum.
2351 5434 2495 5491 Nam
2535 5437 2689 5492 cives
2747 5438 3028 5510 principio
3095 5457 3225 5496 cum
3281 5439 3510 5510 Scythis
3568 5443 3808 5512 pecunia

1776 5562 1944 5624 Hier.
1979 5561 2191 5622 Wolfii
2221 5564 2411 5620 notae.

467 5694 970 5770 (75lKa0'Jﬁtmlav
1001 5691 1484 5766 -ᾖχμαλώτευσαν,
1515 5695 1667 5752 omni
1694 5709 1829 5752 sexu
1857 5704 1908 5751 et
1935 5698 2061 5750 aetat

2172 5698 2299 5764 ipta.
2337 5689 2461 5748 Hoc
2495 5695 2542 5750 si
2575 5694 2663 5750 cui
2688 5693 2984 5767 displicet,
3017 5703 3232 5770 quaerat
3273 5697 3569 5754 meliorem
3633 5697 3804 5750 inter-

401 5767 804 5837 pretationem.
