4120 6284
289 446 440 506 1019
1621 435 1932 496 ΝΙΟΕΤΑΞ

2040 437 2417 499 ΗΟΝΙΑΤΙΕ
3555 443 3711 502 1020

289 585 723 650 transcgerant,
759 581 811 632 et
843 575 1083 632 aderant
1113 573 1214 644 qui
1275 584 1480 627 aureos
1527 584 1802 626 nummos
1850 586 1932 642 po-

2055 566 2244 626 δεινῶν
2273 572 2598 628 πεπόνθασιν
2629 567 2854 649 ἔσχατα,
2913 574 3004 630 καὶ
3061 571 3218 652 ἀγροὶ
3249 571 3338 628 καὶ
3373 577 3553 648 κῶμαι
3611 579 3701 634 καὶ

289 667 836 726 stularent.Deinde
869 663 1152 736 quosdam
1193 678 1261 717 ex
1291 659 1627 716 Latinorum
1687 658 1948 736 cohorte,

291 761 390 832 qui
427 757 720 814 Rhtsdesti
776 735 910 810 cum
978 753 1172 808 Brana
1228 751 1477 817 fuerant,
1521 749 1674 804 883
1723 735 1948 819 vesperi

288 849 496 906 urbem
535 847 835 918 ingressos
857 844 1138 915 Athyrani
1174 841 1421 896 libenter
1451 845 1508 896 et
1551 841 1789 895 minime
1823 845 1950 911 gra‘

289 939 467 994 vatim
501 939 926 1006 susceperunt:
955 932 1241 1004 putabant
1297 930 1454 985 enim
1499 945 1598 984 eos
1643 928 1762 984 illic
1793 945 1946 984 man-

291 1043 455 1082 suros
479 1029 534 1080 et
567 1041 702 1079 cum
734 1022 960 1095 Scythis
995 1024 1381 1092 pugnaturos.
1416 1018 1526 1074 Sed
1560 1016 1642 1072 illi
1696 1017 1804 1072 sub
1832 1017 1946 1087 pri-

293 1133 449 1172 mam
483 1115 668 1170 noctis
692 1112 950 1183 vigiliam
985 1111 1120 1164 inde
1153 1109 1481 1172 discedunt,
1515 1123 1690 1178 opera
1717 1107 1850 1160 data
1885 1110 1943 1159 ut

285 1205 536 1276 Scythas
563 1201 713 1257 clam
749 1199 1152 1271 praeterirent;
1187 1197 1294 1252 etsi
1339 1213 1443 1268 spe
1491 1212 1598 1250 sua
1657 1194 1940 1259 frustrati,

279 1295 446 1364 juxta
467 1292 665 1362 ipsum
688 1288 978 1359 Rhegium
1007 1288 1064 1341 in
1087 1285 1429 1354 Scytharum
1457 1283 1726 1340 cohortes
1779 1289 1938 1338 ante-

284 1399 514 1456 gressas
545 1379 772 1452 delapsi
806 1395 1010 1434 omnes
1039 1377 1243 1447 exiguo
1282 1378 1574 1432 momento
1620 1373 1934 1445 perierunt.

285 1472 502 1545 Scythas
533 1487 668 1526 vero
698 1472 830 1540 post
853 1467 1186 1522 Latinorum
1209 1465 1534 1520 discessum
1578 1481 1611 1518 a
1652 1461 1938 1534 populari-

287 1563 400 1617 bus
424 1561 550 1616 suis
573 1558 832 1631 pecunia:
861 1555 1223 1613 exactoribus
1282 1554 1432 1609 clam
1487 1551 1640 1608 circa
1685 1551 1934 1608 mediam

287 1654 514 1706 noctem
549 1647 792 1704 funibus
823 1662 924 1716 per
981 1661 1181 1700 muros
1242 1641 1498 1710 attracti,
1531 1645 1587 1698 et
1618 1641 1802 1713 portis
1835 1657 1937 1712 po-

289 1739 544 1806 titi,cum
572 1734 831 1792 horribili
856 1733 1107 1790 clamore
1129 1731 1344 1788 strictis
1370 1730 1612 1787 ensibus
1633 1729 1691 1784 in
1723 1729 1936 1800 pleros-

294 1845 408 1900 que
441 1825 632 1882 adhuc
657 1824 1030 1887 dormientes,
1063 1837 1196 1877 cum
1222 1822 1359 1892 fuga
1389 1819 1629 1875 minime
1669 1818 1936 1888 expedita

2054 657 2236 716 τᾶλλα
2265 659 2438 714 ὁπόσα
2467 667 2584 724 ταῖς
2615 661 2808 719 πόλεσι
2862 665 3082 727 ταύταις
3145 665 3447 720 ὑπέκυπτον
3506 666 3706 740 πρότε-

2057 769 2170 823 ρον,
2197 748 2284 804 καὶ
2319 751 2418 804 6σά
2459 750 2512 812 ἐς
2543 752 2710 822 αὐτὴν
2747 754 2846 824 τὴν
2905 753 3123 808 πόλεων
3163 761 3352 810 πασῶν
3409 753 3710 830 προεδρεύ-

2054 859 2214 894 ουσαν
2265 841 2664 915 παρατείνουσι,
2723 849 2839 904 ταῖς
2888 846 3181 906 Σκυθικαῖς
3247 847 3408 924 χερσὶ
3474 847 3713 902 καθυπέ-

2051 932 2245 1003 κυψαν.
2306 929 2430 986 Ἐπὶ
2487 935 2616 986 πᾶσι
2661 933 2748 986 καὶ
2810 932 2860 986 ὁὶ
2908 934 2970 987 τὸ
3027 933 3278 1006 πόλισμα
3333 935 3423 989 τὸν
3486 936 3708 1012 Ἀθύραν

2053 1017 2324 1080 οἰκοῦντες
2356 1017 2601 1090 ὀλέθροις
2633 1020 2951 1090 ἀνηκέστοις
3007 1021 3439 1098 περιεπάρησαν.
3473 1026 3547 1078 Τὰ
3610 1025 3705 1098 μέν

2048 1107 2148 1178 γὰρ
2207 1111 2394 1180 πρῶτα
2452 1107 2538 1164 ἐπὶ
2597 1111 2848 1184 χρήμασι
2903 1115 3019 1172 τοῖς
3079 1111 3315 1175 Σκύθαις
3387 1108 3708 1183 συνέϐησαν,

2049 1194 2137 1248 καὶ
2196 1197 2330 1264 ἦσαν
2391 1195 2443 1250 ο⁹ί
2497 1195 2557 1252 ἐκ
2623 1201 2844 1253 Σκυθῶν
2905 1199 3199 1278 ἀφιγμένοι
3247 1199 3314 1255 τὰ
3381 1200 3440 1256 ἐκ
3498 1187 3705 1276 χρυσοῦ

2049 1281 2394 1358 είσὲπραττον
2445 1287 2724 1358 κόμματα’
2787 1288 2922 1363 πρὸς
2991 1286 3035 1342 δ’
3093 1287 3314 1361 ἐσπέραν
3348 1289 3504 1344 ἐνίων
3569 1289 3706 1345 ἐκεῖο

2048 1381 2132 1434 θεν
2167 1373 2586 1442 ἀπαντησάντων
2618 1377 2793 1430 ἐκεῖσε
2848 1381 2944 1432 τοῦ
3003 1383 3294 1432 Λατινικοῦ
3337 1377 3708 1456 συντάγματος

2045 1458 2075 1513 ὅ
2107 1468 2270 1530 συνῆν
2305 1460 2356 1516 ἐν
2398 1459 2692 1536 Ῥαιδεστῷ
2722 1469 2801 1536 τῷ
2849 1470 3046 1540 Βρανᾷ,
3107 1467 3520 1545 κεχαρισμένως
3583 1469 3703 1528 σφί-

2045 1568 2148 1636 σιν,
2181 1547 2312 1605 ἀλλ’
2370 1550 2430 1606 οὗ
2467 1551 2786 1627 προσάντως
2823 1555 2874 1609 οἳ
2932 1554 2984 1610 ἐν
3047 1557 3250 1632 Ἀθύρᾳ
3287 1557 3704 1636 προσφέρονται·

2043 1635 2217 1710 ᾤοντο
2247 1638 2348 1715 γὰρ
2379 1639 2453 1702 ὡς
2487 1647 3002 1717 συμπαραμενοῦσιν
3069 1644 3236 1710 ἐκεῖθι
3287 1647 3377 1701 καὶ
3437 1635 3528 1701 τὸν
3569 1647 3710 1701 κατὰ

2043 1733 2268 1792 Σκυθῶν
2323 1729 2509 1804 ἀγῶνα
2566 1729 3018 1790 ἐπαποδύσονται.
3091 1732 3250 1790 Ἀλλ’
3309 1737 3362 1790 οἱ
3415 1737 3508 1808 μὲν
3579 1737 3709 1810 περί

2040 1815 2266 1891 πρώτην
2337 1817 2586 1895 φυλακὴν
2631 1827 2732 1890 τῆς
2787 1823 2979 1883 νυκτὸς
3063 1821 3263 1887 ἐκεῖθεν
3326 1823 3696 1896 μεθίστανται,

288 1916 720 1986 esset,irruunt.
749 1911 828 1968 Ea
851 1912 1029 1982 igitur
1059 1915 1226 1966 nocte
1259 1909 1485 1964 facinus
1534 1907 1745 1972 editur,
1781 1907 1932 1978 quod

2043 1901 2229 1969 λαθεῖν
2270 1905 2398 1968 τοὺς
2441 1908 2650 1971 Σκύθας
2692 1909 2782 1963 καὶ
2839 1916 3128 1984 παρελθεῖν
3186 1909 3428 1982 σπουδὴν
3487 1913 3704 1984 τιθέμε-

291 2005 580 2077 lacrymas
611 2000 860 2074 postulat
891 2001 1073 2055 instar
1120 1997 1462 2071 perennium
1493 1997 1754 2052 amnium
1801 2013 1932 2066 pro-

293 2099 622 2154 manantes.
655 2093 772 2149 Nec
803 2093 956 2148 enim
993 2090 1098 2146 viri
1129 2095 1185 2146 et
1215 2089 1445 2146 femina;
1493 2090 1768 2144 duntaxat
1801 2105 1932 2159 par-

290 2187 396 2242 tim
429 2184 628 2252 occisi,
663 2182 874 2254 partim
909 2181 967 2236 in
997 2179 1328 2236 servitutem
1363 2179 1600 2234 abducti
1639 2181 1797 2243 sunt,
1833 2177 1934 2232 sed

292 2291 404 2330 nec
427 2275 706 2331 lactentes
729 2269 1003 2326 infantuli
1025 2269 1152 2339 ejus
1175 2268 1314 2324 mali
1351 2275 1610 2338 expertes
1649 2267 1886 2322 fuerunt
1918 2283 1931 2322 :

287 2365 393 2420 sed
426 2364 485 2418 hi
519 2377 746 2433 quoque
779 2369 840 2415 ut
873 2358 1168 2414 immaturi
1227 2363 1286 2414 et
1349 2355 1546 2412 tenelli
1594 2354 1820 2411 ﬂosculi
1863 2355 1934 2410 ab

289 2450 859 2510 immisericordibus
887 2449 1005 2503 illis
1037 2447 1198 2517 viris,
1259 2445 1664 2517 ignorantibus
1714 2448 1934 2499 natura:

289 2542 566 2614 injuriam
595 2539 720 2594 ﬁeri
751 2541 810 2594 et
839 2535 1223 2593 humanitatis
1248 2537 1350 2605 jus
1380 2533 1450 2590 ab
1491 2550 1556 2590 eo
1596 2532 1803 2590 violari
1833 2532 1932 2604 qui

285 2629 602 2688 iracundias
648 2629 804 2684 ultra
858 2626 1162 2682 victoriam
1221 2624 1540 2696 indulgeat,
1599 2622 1932 2678 obtruncati

289 2725 444 2777 sunt.
479 2721 548 2774 Et
586 2719 739 2791 quod
773 2717 962 2790 magis
1020 2714 1436 2788 deplorandum
1498 2713 1653 2768 884
1683 2719 1790 2782 est,
1824 2713 1932 2768 im-

287 2808 602 2883 placabiles
633 2807 902 2862 homines
931 2805 1226 2876 occupatis
1249 2803 1544 2858 littoribus
1573 2818 1669 2858 eos
1699 2804 1801 2874 qui
1832 2801 1932 2857 illo

287 2901 658 2957 aceurrerant
714 2895 929 2968 partim
987 2893 1196 2966 gladiis
1287 2893 1662 2964 traiecerunt,
1721 2892 1930 2964 partim

282 2991 668 3054 retraxerunt,
701 2986 913 3056 partim
935 2984 994 3040 in
1019 2999 1224 3054 aquam
1249 2982 1639 3054 praseipitatos
1659 2981 1930 3036 submer-

283 3076 684 3136 serunt.Pauci
713 3075 942 3146 navigia
958 3072 1149 3144 adepti
1172 3075 1500 3128 evaserunt.
1535 3071 1710 3126 Erant
1755 3070 1926 3126 etiam

279 3169 380 3240 qui
396 3167 612 3224 scalam
649 3181 762 3220 non
791 3161 984 3234 adepti
1015 3163 1168 3216 intra
1201 3159 1442 3232 puppim
1484 3165 1540 3216 et
1590 3159 1836 3224 remiges
1869 3159 1927 3214 in

283 3273 442 3314 mare
462 3256 815 3311 deciderent.
838 3253 1023 3308 Tanta
1068 3251 1205 3306 mali
1252 3251 1526 3305 atrocitas
1559 3249 1668 3304 fuit
1696 3254 1753 3304 et
1783 3265 1929 3321 pene

639 3305 822 3398 ἐξω
848 3305 1108 3396 barbari
1138 3305 1302 3395 "totis
1323 3339 1650 3410 legionibus
1681 3343 1737 3394 et
1767 3305 1928 3394 ἐπει·-
1962 3305 2006 3370 C

283 3435 496 3493 citibus
527 3435 833 3504 pergentes
861 3434 1038 3484 vastae
1057 3427 1318 3500 procellae
1361 3427 1550 3482 instar
1578 3428 1775 3482 omnia
1805 3427 1922 3482 dis-

282 3523 576 3594 sipabant,
613 3525 714 3575 aut
743 3519 990 3575 incendii
1060 3518 1120 3573 in
1179 3517 1324 3572 silva
1378 3515 1702 3589 grassantis
1759 3515 1929 3572 obvia

283 3627 529 3686 quaeque
552 3609 957 3666 absumebant.
990 3607 1187 3679 Neque
1218 3622 1410 3662 rerum
1463 3605 1724 3660 omnium
1759 3605 1930 3678 quid-

281 3718 461 3775 quam
493 3703 620 3755 erat
649 3697 1177 3770 impervestigatum
1207 3699 1264 3751 et
1293 3695 1515 3766 rapinis
1542 3698 1756 3750 tutum.
1789 3695 1928 3750 Duas

281 3799 510 3846 tantum
543 3804 612 3844 ex
643 3786 912 3860 plurimis
944 3789 1000 3840 et
1035 3784 1307 3840 maximis
1339 3783 1600 3851 urbibus,
1651 3783 1821 3856 Bizya
1875 3788 1932 3839 et

281 3879 563 3952 Selybria,
598 3881 654 3933 et
678 3875 913 3946 rapinas
945 3878 1004 3930 et
1032 3874 1366 3930 vastitatem
1425 3875 1776 3946 effugerunt,
1815 3889 1930 3929 non

287 3970 458 4026 modo
490 3968 674 4022 tirmis
707 3967 905 4021 cinctae
939 3963 1250 4032 manibus,
1283 3963 1382 4018 sed
1437 3963 1614 4018 etiam
1671 3962 1930 4018 locorum

287 4063 404 4115 situ
439 4055 866 4112 munitissima
921 4052 1156 4124 Alioqui
1202 4067 1308 4118 nec
1365 4051 1752 4107 universalem
1786 4052 1934 4107 into-

283 4149 465 4202 ritum
498 4146 839 4212 evitassent,
866 4149 920 4196 et
953 4158 1022 4196 ue
1045 4159 1077 4196 a
1107 4139 1328 4196 Latinis
1350 4140 1588 4212 quidem
1637 4139 1935 4195 intentata;

281 4233 768 4308 permansissent.
829 4234 907 4288 Ac
965 4230 1094 4286 Itali
1151 4230 1246 4286 his
1275 4215 1934 4286 adversitatibustracti

281 4323 440 4395 Cpoli
473 4322 632 4378 velut
683 4322 742 4377 in
803 4321 1050 4375 mandra
1106 4319 1634 4388 condensabantur,
1663 4324 1720 4375 et
1761 4321 1936 4376 rebus

283 4416 350 4470 ad
383 4411 748 4469 tolerandam
781 4408 1146 4466 obsidionem
1194 4409 1540 4464 necessariis
1586 4409 1937 4480 comparatis

279 4502 584 4560 terrestria
625 4499 838 4556 moenia
887 4499 1040 4553 inter
1097 4513 1158 4553 se
1217 4496 1436 4570 partiti,
1493 4497 1769 4554 Romanis
1819 4515 1938 4569 quo

279 4593 492 4650 vellent
519 4589 776 4646 abeundi
807 4591 1157 4660 potestatem
1192 4586 1500 4642 dederunt.
1545 4586 1750 4642 Hostes
1805 4602 1938 4641 vero

2042 2015 2149 2064 νοι,
2203 1993 2301 2050 κᾶν
2363 1995 2610 2068 ἐξέπεσον
2668 2003 2775 2053 τῶν
2831 2001 2966 2054 κατὰ
3025 2001 3223 2056 σκοπὸν
3281 2003 3417 2076 (³14),
3479 2005 3701 2065 Σκυθῶν

2041 2083 2243 2156 ἑτέραις
2327 2087 2546 2162 μοίραις
2650 2087 3047 2162 προελασάσαις
3149 2089 3498 2166 ἐγκύρσαντες
3568 2080 3706 2146 κατ’

2039 2175 2170 2228 αὐτὸ
2195 2173 2257 2228 τὸ
2287 2175 2534 2251 Ῥήγιον,
2565 2177 2654 2230 καὶ
2697 2177 2889 2242 πάντες
2950 2179 3025 2240 ὡς
3081 2176 3169 2234 διὰ
3229 2179 3464 2256 βραχέος
3523 2179 3576 2243 ἐς
3633 2181 3696 2235 τὸ

2041 2265 2138 2335 ζῇν
2207 2265 2294 2336 [Ρ.
2355 2267 2483 2338 ⁴4-06]
2539 2263 2991 2330 κινδυνεύσαντες.
3055 2269 3118 2322 Οἱ
3201 2266 3256 2324 δὲ
3309 2269 3513 2334 Σκύθαι
3569 2271 3704 2342 μετὰ

2039 2353 2141 2421 τήν
2173 2353 2419 2408 Λατίνων
2453 2353 2819 2422 ἀπονόστησιν
2853 2355 2956 2411 ὗπὸ
2987 2361 3095 2411 τῶν
3145 2357 3212 2412 τὰ
3242 2360 3509 2432 χρήματα
3567 2357 3702 2414 συλ-

2040 2437 2310 2516 λεγόντων
2344 2444 2622 2519 ὁμογενων
2655 2442 2830 2517 λάθρα
2862 2447 2984 2521 περὶ
3039 2448 3204 2518 μέσας
3235 2447 3432 2508 νύκτας
3463 2445 3552 2502 διὰ
3607 2453 3706 2502 τοῦ

2044 2529 2266 2604 τείχους
2299 2529 2670 2604 ἀνιμηθέντες,
2703 2533 2793 2588 καί
2849 2538 2957 2588 τῶν
3027 2532 3218 2589 πυλῶν
3265 2533 3546 2612 ἐγκρατεῖς
3613 2557 3706 2611 γε-

2040 2619 2285 2692 νόμενοι,
2314 2621 2384 2674 τὰ
2439 2621 2565 2698 ξίφη
2617 2621 2950 2694 σπασάμενοι
2993 2621 3084 2676 σὺν
3115 2623 3372 2699 ἀλαλαγῇ
3434 2623 3705 2698 φρικαλέᾳ

2038 2713 2159 2769 τοῖς
2201 2707 2482 2770 πλείστοις
2540 2703 2618 2764 ἔτι
2667 2708 3162 2786 καταδαρθάνουσιν
3218 2711 3690 2784 ἐπεισπίπτουσιν,

2039 2795 2126 2851 ὅτε
2162 2797 2237 2868 μή
2280 2794 2559 2872 διαδρᾶναι
2595 2797 2780 2873 ῥᾴδιον
2840 2802 2927 2870 ἦν.
2980 2801 3187 2857 Γίνεται
3225 2801 3315 2857 οὗν
3346 2809 3446 2872 τῆς
3503 2805 3700 2866 νυκτὸς

2039 2881 2247 2956 ἐκείνης
2279 2884 2438 2964 ἔργον
2472 2893 2681 2964 χρῇζον
2737 2886 2982 2965 δακρύων
3035 2890 3171 2946 κατὰ
3221 2893 3508 2964 ποταμοὺς
3551 2891 3699 2968 ῥεόν-

2037 2996 2144 3030 των
2195 2975 2405 3032 ἀένναα·
2446 2975 2508 3032 οὒ
2567 2980 2673 3054 γὰρ
2715 2978 2879 3052 μόνον
2939 2977 3157 3057 ἄῤῥενές
3207 3002 3265 3036 τε
3320 2982 3410 3036 καὶ
3471 2980 3686 3052 θήλειαι

2038 3068 2203 3121 τοῦτο
2248 3067 2341 3139 μὲν
2375 3065 2724 3143 ἀνῃρέθησαν,
2755 3072 2915 3124 τοῦτο
2958 3066 3014 3124 δέ
3045 3067 3378 3146 ἀπήχθησαν
3413 3067 3698 3145 δορυάλω-

2037 3173 2144 3224 τοι,
2180 3152 2306 3210 ἀλλ’
2340 3153 2466 3210 οὐδὶ
2494 3157 2558 3211 τὰ
2591 3153 2961 3230 δπομαστίδια
2991 3163 3097 3212 τῶν
3139 3156 3350 3214 παίδων
3381 3164 3477 3214 τοῦ
3530 3164 3692 3214 κακοῦ

2038 3243 2206 3322 ἐφάνη
2277 3245 2542 3323 ἀνώτερα,
2601 3245 2728 3302 ἀλλ’
2783 3247 3107 3320 ἀπεθερίσθη
3179 3249 3270 3304 καὶ
3339 3253 3509 3305 ταῦτα
3561 3247 3693 3304 κατᾶ

2038 3332 2219 3408 χλόην
2278 3335 2369 3388 καὶ
2401 3333 2556 3397 ἄνθος
2605 3335 2941 3412 εὗμάραντον
2997 3337 3101 3392 ὑπὸ
3141 3341 3252 3392 τῶν
3312 3337 3451 3411 ἐλέῳ
3482 3337 3696 3393 ἀναλώ-

2028 3427 2138 3478 των
2169 3422 2386 3479 ἐκείνων
2425 3423 2659 3498 ἀνδρῶν,
2717 3428 2806 3480 καὶ
2867 3424 3144 3501 μηδαμῶς
3200 3425 3421 3483 εἰδότων
3471 3429 3546 3491 ὡς
3577 3426 3700 3484 ἀδι-

2030 3515 2116 3566 κεῖ
2143 3512 2242 3582 τὴν
2291 3513 2448 3590 φύσιν
2505 3513 2594 3568 καὶ
2651 3515 2847 3588 θεσμὸν
2906 3514 3086 3570 ἀθετεῖ
3137 3515 3230 3570 τὸν
3270 3515 3612 3592 ἀνθρώπινον
3667 3517 3697 3571 ὁ

2033 3602 2337 3678 περαιτέρω
2367 3611 2472 3674 τῆς
2504 3604 2658 3676 νίκης
2713 3606 2804 3661 καὶ
2861 3611 2956 3662 τοῦ
3015 3613 3230 3682 κρατεῖν
3284 3613 3391 3662 τῶν
3439 3605 3694 3664 ἐναντίων

2035 3693 2193 3766 θυμῷ
2224 3694 2538 3768 χρώμενος.
2571 3695 2648 3752 Τὸ
2691 3693 2748 3751 δὶ
2807 3693 2872 3766 δὴ
2947 3697 3194 3770 μείζονος
3253 3685 3475 3761 πένθους
3530 3695 3694 3768 ἄξιον,

2035 3781 2541 3860 προκατειληφότες
2592 3785 2644 3840 οἱ
2703 3782 2959 3841 ἄσπονδοι
3013 3785 3108 3850 τὰς
3191 3784 3354 3861 ᾑόνας
3426 3785 3553 3850 τοὺς
3611 3786 3695 3841 ἐπ’

2036 3871 2197 3934 αὑτὰς
2255 3869 2652 3948 συνδραμόντας
2712 3875 2807 3938 οὕς
2837 3875 2932 3948 μὶν
2989 3872 3287 3945 διήλαυνον
3315 3875 3536 3953 ξίφεσιν,
3597 3875 3689 3940 οὕς

2038 3959 2096 4016 δὲ
2151 3961 2366 4038 ἀπῆγον
2425 3962 2623 4036 ὀπίσω,
2691 3961 2782 4028 οὕς
2846 3962 2904 4019 δὲ
2960 3964 3098 4021 κατᾶ
3159 3966 3323 4040 βυθὸν
3383 3965 3690 4040 ἠνάγκαζον

2037 4050 2288 4130 φέρεσθαι
2319 4052 2408 4107 καὶ
2447 4058 2563 4116 τοῖς
2595 4049 2778 4110 ὕδασιν
2839 4051 3268 4119 ἐναπόλλυσθαι.
3327 4057 3566 4131 Βραχεῖς
3636 4053 3692 4111 δὲ

2037 4140 2126 4195 καὶ
2159 4146 2375 4221 σκαφῶν
2407 4137 2709 4217 λαϐόμενοι
2750 4139 3106 4216 διεσώθησαν.
3166 4149 3330 4200 Ἦσαν
3389 4141 3435 4198 δ’
3493 4143 3546 4200 o'i
3602 4143 3691 4200 καὶ

2039 4227 2424 4306 διαμαρτόντες
2463 4240 2563 4304 τῆς
2632 4229 2940 4308 ἀναϐάθρας
3007 4234 3084 4297 εἰς
3143 4235 3239 4298 τὰς
3293 4235 3689 4310 παρεξειρεσίας

2040 4319 2273 4376 ὤλισθον
2332 4321 2420 4376 καὶ
2473 4322 2851 4398 παρερῥύησαν
2912 4321 2988 4386 είς
3035 4325 3133 4393 τήν
3199 4321 3492 4388 θάλασσαν.
3533 4323 3690 4381 Οὕτω

2043 4409 2178 4485 μέγα
2207 4411 2273 4480 ἦν
2307 4410 2369 4466 τὸ
2410 4407 2581 4466 δεινὸν
2607 4412 2696 4466 καὶ
2726 4409 3037 4482 πολυειδὲς,
3093 4413 3181 4468 καὶ
3245 4417 3443 4485 μικροῦ
3507 4414 3688 4468 πανώ-

2042 4497 2162 4554 λεια
2191 4504 2299 4554 τῶν
2357 4501 2487 4556 ἐκεῖ.
2548 4502 2641 4558 Ἐκ
2699 4497 2757 4556 δέ
2810 4501 3012 4556 τούτου
3042 4502 3178 4556 κατὰ
3221 4502 3540 4578 συναγωγὰς
3599 4503 3689 4558 καὶ

2043 4585 2378 4664 στρατόπεδα
2433 4593 2548 4651 τοῖς
2605 4583 2908 4664 ἔμπροσθεν
2967 4585 3262 4665 προϐαῖνον
3293 4592 3355 4646 τὸ
3416 4588 3687 4668 βάρϐαρον

277 4685 337 4739 in
359 4682 506 4738 locis
529 4696 732 4752 parum
754 4679 825 4734 ab
854 4677 996 4734 urbe
1021 4676 1242 4732 dissitis
1288 4679 1741 4744 commorantes,
1777 4693 1930 4748 saepe

2040 4677 2164 4732 ὡσεὶ
2197 4677 2288 4732 καὶ
2321 4675 2528 4756 σφοδρά
2564 4699 2646 4740 τις
2679 4675 2892 4753 λαῖλαψ
2923 4675 3160 4757 διεφόρει
3211 4681 3274 4735 τὸ
3306 4683 3432 4749 πᾶν,
3465 4679 3502 4750 ἤ
3558 4683 3684 4756 γοῦν

273 4776 334 4830 in
369 4790 570 4846 pugna
599 4772 778 4828 etiam
810 4769 1072 4842 proxime
1097 4767 1310 4824 mcenia
1325 4772 1729 4824 accesserunt:
1785 4783 1927 4823 non-

278 4879 582 4934 nunquam
629 4878 728 4932 per
784 4859 902 4915 divi
959 4858 1206 4915 Romani
1264 4867 1510 4930 portam,
1573 4859 1930 4914 ostentandae

281 4949 644 5007 fortitudinis
671 4950 820 5006 835
856 4955 910 5003 et
949 4947 1282 5003 comitantis
1305 4951 1429 5002 tum
1457 4945 1748 5002 felicitatis
1773 4961 1927 5015 ergo,

282 5039 454 5107 pauci
488 5053 726 5092 numero
753 5035 1026 5108 ingressi,
1056 5040 1114 5091 et
1171 5035 1382 5092 occisis
1413 5035 1484 5090 iis
1525 5035 1624 5107 qui
1675 5037 1732 5090 in
1769 5041 1930 5106 porta

281 5130 472 5194 erant,
507 5126 704 5182 statim
739 5125 974 5194 reversi,
1009 5142 1142 5181 cum
1174 5126 1334 5182 omni
1389 5125 1644 5181 exercitu
1684 5126 1924 5181 domum

285 5215 602 5282 redierunt,
637 5213 891 5286 captivos
920 5218 1195 5286 tanquam
1247 5219 1534 5282 armenta,
1565 5216 1814 5285 pecudes
1871 5219 1927 5269 et

269 5307 546 5378 jumenta
565 5321 669 5375 pro
706 5302 1082 5359 multitudine
1139 5303 1440 5360 stellarum
1497 5320 1615 5376 prie
1655 5321 1716 5360 se
1747 5321 1920 5377 agen-

279 5399 385 5450 tes.

2038 4765 2165 4821 ὡσεὶ
2224 4770 2330 4840 πῦρ
2379 4765 2409 4820 δ
2466 4763 2743 4842 διαφλέγιι
2803 4763 3007 4843 δρυμὸν
3069 4767 3138 4822 τὰ
3187 4765 3239 4822 ἐν
3295 4770 3452 4824 ποσὶν
3503 4770 3688 4825 ἐπενέ-

2044 4875 2188 4928 μετο.
2253 4857 2353 4911 Ἤν
2384 4851 2442 4910 δὲ
2494 4859 2600 4910 τῶν
2661 4853 2876 4910 πᾶντων
2950 4852 3105 4912 οὐδὲν
3166 4855 3572 4932 ἀνεξερεύνητόν
3627 4881 3686 4915 τε

2037 4946 2126 4998 καὶ
2173 4943 2597 5020 ἀπρονόμευτον,
2656 4943 2784 5000 ἀλλ’
2841 4945 2900 5000 ἐκ
2937 4943 3208 5002 πλείστων
3273 4945 3362 5001 καὶ
3421 4949 3682 5025 μεγίστων

2037 5033 2251 5090 πόλεων
2280 5032 2600 5091 ἀσκύλευτοί
2657 5057 2716 5090 τε
2771 5036 2860 5090 καὶ
2919 5035 3258 5112 ἀκαθαίρετοι
3299 5038 3469 5110 Βιζύη
3500 5061 3557 5094 τε
3594 5041 3684 5096 καὶ

2033 5121 2327 5200 Σηλυϐρία
2386 5123 2531 5199 παρᾶ
2587 5127 2805 5180 Σκυθῶν
2874 5124 3296 5202 ὑπελείφθησαν·
3362 5122 3524 5199 μὸναι
3579 5130 3680 5205 γὰρ

2036 5215 2189 5268 αὗται
2221 5211 2332 5292 οὐχ
2371 5213 2518 5274 ὅπως
2549 5214 2801 5292 ίσχυροῖς
2835 5211 3222 5287 διειλημμέναι
3252 5213 3510 5294 τείχεσιν,
3543 5216 3683 5273 ἀλλὰ

2033 5303 2124 5358 καὶ
2163 5307 2233 5377 τῇ
2262 5307 2368 5358 τῶν
2423 5304 2606 5358 τόπων
2657 5301 2794 5357 θέσει
2857 5301 3095 5375 μάλιστα
3153 5305 3546 5378 κρατυνόμεναι
3589 5306 3676 5362 τὸν

2033 5391 2276 5460 παντελῆ
2308 5389 2589 5468 διέδρασαν
2630 5388 2875 5466 ὄλεθρον,
2913 5388 3042 5465 μηδ’
3071 5388 3258 5454 ἄλλως
3291 5391 3396 5447 ἀπὸ
3437 5397 3673 5452 Λατίνων

1647 5495 1814 5557 Hier.
1857 5496 2069 5558 Wolﬁi
2115 5501 2304 5556 notae.

353 5604 465 5678 (74)
499 5599 603 5678 Κᾶν
659 5598 908 5678 ἐξέπεσον
963 5603 1070 5678 τῶν
1125 5595 1539 5678 κατὰ-σκοπόνί-
1572 5605 1922 5678 Interpreta—

286 5671 380 5734 tus
411 5671 536 5734 sum
571 5673 972 5746 ἀποφαντικῶς.
1006 5672 1189 5746 ΔΩιιοό
1247 5671 1294 5746 s_i
1349 5673 1462 5746 cui
1485 5671 1754 5742 displicet
1788 5676 1923 5728 ὑπο-

285 5753 508 5812 Οετικῶς
539 5741 788 5820 exponat
817 5743 972 5816 licet,
1006 5744 1114 5800 hoc
1147 5741 1317 5798 modo
1356 5757 1369 5798 :
1426 5744 1508 5798 Ac
1559 5741 1803 5802 successu
1839 5763 1923 5802 ca-

2033 5605 2230 5659 ruisset
2263 5603 2318 5657 id
2348 5603 2716 5673 consilium,3i
2739 5605 2799 5658 in
2832 5603 3071 5673 cohortes
3105 5602 3278 5668 alias,
3311 5609 3417 5658 etc.
3455 5607 3680 5664 incidis-

2029 5683 2184 5802 seigt.t
2205 5674 2380 5731 Paulo
2413 5680 2563 5746 post,
2596 5670 2668 5737 ὡς
2699 5670 2788 5728 διὰ
2819 5671 3079 5748 βραχέος,
3115 5673 3176 5727 τὸ
3214 5673 3290 5736 ὡς
3346 5678 3679 5737 redundare

2032 5763 2064 5802 ν
2133 5762 2161 5801 θ
2191 5762 2274 5801 ur.
