4120 6284
385 440 535 502 1621

1829 439 2028 502 URBS
2073 440 2354 502 CAPTA.

3647 439 3800 501 1022

387 570 543 628 οὖσαι
585 571 1014 642 ἀνεπισκόπητοι
1057 576 1192 646 (75).
1239 573 1443 628 Ἰταλοὶ
1488 573 1584 648 μὲν
1617 573 1708 627 οὗν
1742 573 1829 628 ἐπὶ
1893 573 2111 635 τούτοις
2152 571 2227 634 εἷς
2269 574 2475 649 ἀγεννὲς
2515 567 2944 643 καταϐληθέντες
3012 571 3268 652 φρόνημα
3309 571 3383 635 ὠς
3437 573 3512 633 εἷς
3556 570 3792 648 μάνδραν

391 664 496 732 τὴν
539 661 951 719 Κωνσταντίνου
991 659 1324 734 ἐνειλοῦντο,
1365 661 1456 717 καὶ
1498 666 1604 716 τῶν
1634 661 1731 716 ὅσα
1767 668 1884 726 τοῖς
1914 661 2406 735 πολιορκουμένοις
2444 667 2698 736 χρήσιμα
2728 659 3079 736 ἐπεμέλοντο,
3117 663 3186 716 τὰ
3222 663 3356 736 πρὸς
3399 662 3792 737 χέρσονντείχη

400 749 842 826 διανειμάμενοι,
881 752 970 806 καὶ
1015 751 1319 826 Ῥωμαίοις
1362 750 1609 807 ἐνέδοσαν
1651 749 1769 806 ἔνθα
1807 752 1959 829 σφίσι
2004 750 2276 826 βουλητὸν
2318 750 2731 808 ἀπανίστασθαι.
2775 752 2851 808 Τὸ
2894 749 2950 806 δὲ
2988 749 3256 824 πολέμιον
3300 753 3560 826 χρονίσαν
3601 751 3650 805 ἐν
3681 757 3797 814 τοῖς

393 843 584 916 μικρὸν
625 839 825 904 ἄποθεν
865 848 964 910 τῆς
1007 841 1226 903 πόλεως
1268 841 1529 920 χωρίοις,
1571 839 1842 904 πολλάκις
1885 839 1943 897 δὲ
1981 841 2071 896 καὶ
2126 846 2244 902 τοῖς
2272 841 2478 915 τείχεσι
2520 841 2879 918 προσεγγίσαν
2923 841 2974 894 ἐν
3015 842 3092 911 τῷ
3137 841 3326 914 μάχης
3366 843 3642 904 ἅπτεσθαι,
3685 835 3792 894 ἔστι

400 928 446 986 δ’
491 933 578 986 ὅτε
615 931 704 986 καὶ
747 927 838 985 διὰ
876 938 975 1000 τῆς
1021 930 1324 1004 λεγομένης
1361 936 1458 986 τοῦ
1498 931 1655 1006 ἁγίου
1697 933 1982 1004 Ῥωμανοῦ
2031 929 2214 1001 πύλης
2254 933 2371 985 κατ’
2412 930 2719 1005 ὀλιγίστους
2762 933 2993 986 ἐπεισιὸν
3032 931 3166 1004 πρὸς
3207 928 3449 1005 ἀνδρείας
3513 928 3794 999 ἐπίδειξιν,

396 1019 564 1074 εἰπεῖν
609 1017 665 1074 δὲ
703 1018 794 1074 καὶ
835 1019 1036 1093 τύχης,
1069 1022 1190 1090 ἣτις
1232 1019 1286 1074 ἐν
1325 1027 1444 1082 ταῖς
1485 1022 1609 1076 τότε
1648 1021 1868 1093 πράξεσι
1906 1020 2092 1083 αὐτοῖς
2131 1019 2494 1096 συνεφείπετο,
2538 1022 2626 1075 καὶ
2670 1021 2807 1094 μετά
2862 1021 3022 1094 φόνον
3094 1023 3200 1072 τῶν
3277 1016 3329 1073 ἒν
3401 1023 3517 1080 ταῖς
3593 1016 3794 1078 πύλαις

393 1108 589 1163 αὐτίκα
632 1109 781 1180 μάλα
822 1107 1180 1179 ἐπαναλῦσαν,
1225 1108 1298 1171 εἷς
1329 1111 1395 1163 τὰ
1436 1108 1583 1165 οἶκοι
1615 1109 1781 1165 πάλιν
1820 1109 2116 1182 πανστρατί
2158 1108 2487 1181 ἐπανέζευξε,
2520 1111 2653 1165 κατὰ
2695 1111 2788 1183 μὶν
2822 1108 3014 1186 ἀγέλας
3053 1113 3263 1179 κτηνῶν
3301 1109 3364 1164 τὸ
3404 1106 3789 1182 αἶ’χμάλιυτον,

381 1199 522 1253 κατὰ
564 1194 621 1252 δὲ
648 1202 755 1252 τῶν
781 1195 991 1273 ἄστρων
1023 1201 1122 1268 τήν
1156 1198 1570 1271 πολυπλήθειαν
1612 1199 1679 1254 τὰ
1707 1199 1813 1254 ὑπὸ
1855 1199 2014 1274 ζυγὸν
2056 1198 2143 1253 καὶ
2185 1195 2388 1253 δίαιταν
2424 1205 2534 1269 ζῶα
2572 1199 2862 1272 ἐληλακός.

453 1287 680 1343 Ἔπειτα
743 1289 876 1360 μετὰ
935 1285 1209 1344 πλείστων
1265 1289 1355 1344 καὶ
1412 1289 1710 1364 κρατίστων
1753 1286 2030 1360 δυνάμεων
2064 1291 2118 1355 Α

383 1377 536 1447 ἐξιὼν
635 1377 886 1449 Ἰωάννης
924 1380 1124 1442 παντὸς
1184 1377 1350 1456 ἔργου
1408 1384 1657 1456 κρεῖττον
1699 1379 1791 1434 καὶ
1824 1398 2041 1456 προυρτ

381 1451 654 1542 γιαίτερλον
722 1468 908 1539 τίθησι
963 1469 1063 1536 τὴν
1143 1450 1455 1542 Ἀδριανοῖκ
1522 1450 1893 1548 χειρώσασθαι
1949 1450 2040 1522 καιὶ

1451 1559 1646 1634 κρίνων
1731 1555 1894 1613 τάσδε
1941 1559 2036 1620 τὰς

384 1642 576 1710 πόλεις
607 1645 772 1710 ἆθλον
801 1650 898 1702 τοῦ
947 1645 1200 1720 πολέμου
1259 1648 1482 1716 παντὸς,
1526 1647 1616 1702 καὶ
1675 1648 1750 1709 ὡς
1809 1645 1894 1717 εἷή
1924 1642 2038 1720 ἅμα

381 1555 745 1632 καταστρέψαι
793 1559 856 1612 τὸ
940 1555 1362 1634 Διδυμότοιχον,

385 1737 468 1808 [Ρ.
527 1739 658 1807 407]
724 1735 898 1798 οὕτως
955 1736 1104 1808 αὑτῷ
1188 1743 1288 1806 τῆς
1368 1736 1581 1814 Θράκης
1638 1737 2032 1806 ἀπαναστήσειν

383 1823 688 1896 Ῥωμαίους
719 1823 808 1878 καὶ
877 1824 1090 1900 θηρίοις
1149 1825 1412 1880 ἀνεικέναι
1474 1826 1664 1900 μόνοις
1721 1825 1886 1896 αὐτὴν
1956 1826 2032 1888 εἰς

382 1911 677 1982 ἐνοίκησιν.
715 1915 843 1987 Περὶ
871 1913 1052 1968 τοίνυν
1109 1915 1170 1969 τὸ
1219 1911 1618 1990 Διδυμότοιχον
1670 1935 2031 1991 καταστρατο-

380 1998 804 2074 πεδευσάμενος,
835 2002 926 2057 καὶ
970 2003 1032 2057 τὸ
1064 2003 1273 2082 χωρίον
1304 2006 1444 2078 ὁρῶν
1505 2002 1812 2080 ὑπερδέξιον
1860 2003 2030 2080 χαλε-

380 2089 482 2145 πόν
512 2111 570 2146 τε
600 2091 689 2146 καὶ
758 2089 960 2166 ἄπορον
1014 2094 1311 2167 αἱρεθῆναι,
1367 2093 1681 2172 μεταφέρειν
1727 2094 1817 2149 τὸν
1859 2115 2029 2150 ποτα-

389 2180 488 2251 μὸν
557 2175 755 2256 Ἒϐρον
815 2177 1130 2252 ἐπεϐάλετο,
1189 2181 1600 2259 περικλώμενον
1654 2189 1732 2257 τῷ
1788 2184 2031 2264 φρουρίῳ

378 2269 469 2323 καὶ
503 2265 592 2324 διὰ
631 2267 874 2325 καθόδων
933 2276 1052 2333 τοῖς
1107 2270 1344 2334 πολλοῖς
1397 2272 1688 2347 ἀγνώστων
1721 2273 1846 2334 τοὺς
1877 2270 2027 2328 ἔνδον

383 2357 695 2427 ποτίζοντα.
740 2361 842 2416 Καὶ
906 2361 1161 2438 μηχανὰς
1218 2365 1545 2435 περιστήσας
1577 2363 1638 2417 τὸ
1693 2368 1880 2438 τεῖχος
1909 2358 2030 2417 ἔτυ-

382 2467 538 2519 πτεν,
572 2446 622 2502 ἐν
680 2449 873 2523 οἷσπερ
921 2449 1099 2520 εἷ’καζε
1153 2453 1228 2524 μὴ
1288 2452 1512 2525 πάμπαν
1551 2452 1828 2514 εἶναιτοῖς
1859 2471 2029 2526 προσ-

383 2532 685 2592 ϐάλλουσιν
719 2538 1124 2612 ἀκατάσειστον,
1183 2540 1306 2595 οὔτε
1367 2543 1474 2615 μὴν
1520 2539 1908 2615 προεκλύοιντο
1964 2543 2030 2597 τὰ

384 2623 700 2725 διαφιέμενα
747 2631 854 2725 τῶν
918 2627 1087 2693 λίθων
1133 2629 1274 2704 βάρη
1333 2634 1413 2702 τῷ
1471 2627 1818 2702 διαστήματι.
1868 2631 1933 2688 Οἱ
1984 2629 2029 2686 δ’
2063 2662 2108 2725 Β

379 2711 528 2770 ἔνδον
580 2717 671 2771 τὸν
715 2716 967 2789 Ἰωάννην
1026 2718 1501 2794 ἐκμειλισσόμενοι
1542 2720 1859 2796 παραλογάς
1886 2742 2032 2782 τινας

379 2805 470 2861 καὶ
531 2807 718 2883 φάσεις
796 2807 1080 2882 εὐπρεπεῖς
1163 2810 1250 2864 καὶ
1337 2808 1704 2883 παρακλήσεις
1761 2809 2031 2883 αἱμύλους

377 2902 658 2970 προσῆγον
712 2896 802 2951 καὶ
881 2897 1183 2973 πόρῥωθεν,
1269 2897 1358 2952 καὶ
1445 2899 1518 2960 ὡς
1603 2895 1830 2974 βασιλέα
1883 2903 2030 2977 σφῶν

376 2983 724 3062 ἀνευφήμουν
784 2984 1134 3062 ἐφιστάμενοι
1190 2992 1310 3049 ταῖς
1365 2986 1638 3058 ἐπάλξεσι,
1681 2989 1772 3042 καὶ
1839 2987 2030 3066 φόροις

379 3074 703 3129 ὑποκεῖσθαι
759 3073 1209 3151 καθωμολόγουν,
1277 3077 1366 3132 καὶ
1415 3076 1587 3132 πάντα
1644 3075 1770 3153 δρᾷν
1827 3077 2030 3134 συνετί-

380 3174 532 3226 θεντο
565 3165 864 3239 προθύμως
897 3165 1069 3220 ὁπόσα
1100 3163 1160 3221 ἄν
1221 3166 1426 3229 ἐκεῖνος
1482 3163 1585 3242 ἔχῃ
1633 3164 2027 3232 διατάττεσθαι,

374 3249 522 3320 πλὴν
554 3255 652 3306 τοῦ
685 3249 928 3322 δέξασθαι
971 3253 1130 3308 αὑτὸν
1189 3258 1267 3326 τῷ
1318 3252 1639 3328 πολίσματι.
1682 3256 1742 3312 Ὀ
1800 3252 1856 3309 δὲ
1895 3258 2028 3329 πρὸς

377 3339 550 3414 ὀργὴν
592 3338 948 3417 ἐκφερόμενος
989 3341 1079 3395 καὶ
1128 3341 1479 3416 χαλεπαίνων
1525 3340 1779 3416 οὐδαμῶς
1832 3344 2031 3409 αὐτοὺς

377 3427 465 3482 ἐπὶ
495 3427 711 3491 τούτοις
770 3429 1050 3505 προσίετο,
1105 3430 1232 3487 ἀλλ’
1277 3432 1599 3501 ὑπεκστῆναί
1633 3433 1685 3487 οἳ
1721 3438 1818 3488 τοῦ
1858 3454 2029 3511 φρου-

379 3516 498 3590 ρίου
528 3516 705 3580 πολὺς
747 3518 1088 3595 ἐγκείμενος,
1130 3521 1205 3582 ὡς
1263 3521 1353 3575 καὶ
1414 3521 1574 3594 μόνον
1636 3520 1778 3577 οὕτω
1811 3521 2028 3578 σπεισό-

383 3627 565 3678 μενος,
640 3611 757 3662 κατ’
843 3606 994 3664 οὑδὶν
1057 3608 1244 3684 ὑφίετο
1308 3613 1404 3665 τοῦ
1461 3609 1690 3684 ἀγῶνος,
1779 3610 2027 3682 ἐπάλξεις

373 3694 658 3771 ἀποσύρων
697 3700 768 3770 τῇ
805 3697 894 3772 βίᾳ
924 3697 1014 3752 καὶ
1071 3703 1150 3770 τῷ
1182 3697 1348 3774 ῥοίζῳ
1414 3699 1504 3753 καὶ
1559 3704 1638 3772 τῷ
1673 3699 1885 3777 μεγέθει
1914 3706 2021 3756 τῶν

370 3785 672 3864 ἀφιεμένων
710 3785 1028 3863 χερμάδων,
1067 3788 1156 3844 καὶ
1216 3788 1418 3866 γωνίας
1464 3791 1681 3866 πύργων
1711 3796 2020 3863 κατασπῶν,

367 3873 456 3928 καὶ
523 3875 897 3953 καταρῥηγνὺς
954 3879 1019 3932 τὰ
1095 3877 1302 3933 τούτων
1358 3878 1602 3954 θωράκια
1658 3881 1790 3953 (76).
1855 3881 1920 3937 Οἱ
1975 3878 2021 3935 δ’

363 3963 508 4026 ἐντὸς
543 3962 880 4040 δρυφάκτους
913 3967 1002 4020 καὶ
1036 3965 1212 4043 ’γέρρα
1241 3969 1565 4040 πηξάμενοι,
1597 3965 1818 4042 νεόδορα
1872 3970 2008 4042 νάκη

359 4059 476 4115 τοῖς
530 4055 740 4132 τείχεσι
795 4057 1243 4130 προπετάσαντες,
1293 4057 1366 4117 ὡς
1415 4056 1862 4128 περιολισθαίνειν
1922 4061 2011 4115 a6-

357 4149 476 4207 τοῖς
503 4144 911 4219 κολπουμένοις
973 4146 1072 4200 ὃσα
1127 4148 1183 4200 αἱ
1239 4147 1484 4221 μηχαναὶ
1544 4144 2017 4225 διηφίεσαν.”Εως

365 4230 460 4301 μὲν
500 4232 591 4284 οὗν
624 4231 838 4306 ἀνοχὴν
868 4235 944 4302 τῷ
1006 4236 1279 4306 μαχισμῷ
1335 4237 1592 4306 παρεῖχεν
1649 4235 1676 4288 ὁ
1738 4235 2018 4308 Ἰωάννης,

361 4319 451 4372 καὶ
504 4316 653 4374 οὗτοι
713 4322 996 4394 σχήμασιν
1037 4321 1324 4394 ἱλασίμοις
1381 4321 1471 4376 καὶ
1529 4323 1765 4396 ῥήμασιν
1828 4323 2020 4382 ἐναισί-

365 4428 488 4478 μοις
545 4407 880 4464 ἐπλάττοντο
939 4409 1031 4464 τὸν
1097 4405 1456 4465 ὑποϐαίνοντα
1530 4412 1619 4467 καὶ
1704 4413 2014 4491 ἐτέχναζον·

359 4497 517 4566 ἡνίκα
540 4495 584 4552 δ’
616 4497 818 4560 ἐκεῖνος
877 4493 1231 4568 ἀποϐιϐάζων
1281 4504 1389 4554 τῶν
1447 4499 1631 4557 ἳππων
1683 4504 1746 4558 τὸ
1776 4510 2014 4579 γενναῖον

356 4593 457 4655 τῆς
549 4591 804 4661 στρατιᾶς
869 4587 1008 4641 κατά
1075 4588 1140 4642 τὰ
1213 4589 1609 4665 παρερρωγότα
1693 4593 1829 4666 μέρη
1915 4599 2013 4650 τοῦ

358 4674 583 4750 τείχους
644 4682 806 4732 τοῦτο
867 4673 1107 4732 διέταττε
1162 4679 1539 4756 πεφραγμένον
1621 4688 1738 4742 τοῖς
1814 4680 2010 4746 ὅπλοις

358 4765 639 4832 πάντοθεν,
674 4765 710 4837 ἤ
770 4767 861 4822 καὶ
894 4769 1029 4842 πρὸς
1061 4763 1453 4842 ἐπιϐατηρίους
1502 4765 1697 4827 ἔϐλεπε
1733 4774 2008 4848 μηχανὰς,

357 4855 537 4910 καὶτὸ
588 4854 785 4911 λοιπὸν
857 4855 1310 4931 ἀντιπαρεξέτεινε
1367 4861 1673 4935 στράτευμα
1729 4869 2006 4935 πανταχῆ,

356 4944 480 4997 τότε
503 4945 592 4999 καὶ
647 4945 799 5000 αὐτοὶ
857 4945 922 5000 τὰ
978 4951 1086 5000 τῶν
1160 4947 1578 5004 ὑποπιπτόντων
1636 4949 2006 5024 ἀποδυόμενοι

359 5037 675 5102 προσωπεῖα
715 5035 806 5088 καί
859 5035 947 5090 τὸν
1011 5035 1263 5110 λαμπρὸν
1321 5036 1590 5110 πολέμιον
1646 5061 2004 5119 παραφαινον-

2219 1291 2360 1346 Inde
2388 1291 2646 1346 Joannes
2685 1308 2816 1346 cum
2847 1291 3119 1346 maximis
3149 1294 3204 1345 et
3236 1288 3572 1345 fortissimis
3605 1290 3787 1360 copiis

2147 1379 2852 1451 egressus,Adrianopolis
2881 1386 2937 1435 et
2971 1377 3351 1450 Didymotiehi
3408 1381 3785 1448 expugnatio-

2147 1484 2277 1524 nem
2310 1469 2532 1525 eaeteris
2565 1469 2738 1524 rebus
2795 1469 3072 1525 omnibus
3129 1469 3599 1524 antevertendam
3659 1485 3787 1524 esse

2143 1557 2330 1629 duxit,
2363 1558 2537 1614 simul
2570 1561 2720 1630 quod
2753 1575 2831 1614 ese
2864 1559 3036 1614 urbes
3069 1558 3246 1612 totius
3294 1555 3426 1612 belli
3476 1556 3780 1626 przsmium

2141 1652 2359 1715 essent,
2400 1648 2578 1704 simul
2634 1651 2785 1722 quod
2846 1665 2915 1705 ea
2972 1649 3215 1715 ratione,
3256 1647 3534 1703 Romanis
3572 1647 3782 1718 pulsis,

2141 1736 2450 1794 Thraciam
2484 1738 2624 1794 solis
2657 1739 2792 1795 feris
2823 1738 3183 1796 incolendam
3225 1737 3552 1793 traditurus
3606 1741 3778 1793 esset.

2135 1827 2358 1883 Castris
2389 1827 2583 1898 itaque
2614 1830 2684 1884 ad
2719 1828 3184 1900 Didymolichum
3218 1826 3442 1898 positis,
3501 1842 3634 1880 cum
3677 1841 3777 1895 0p-

2137 1917 2339 1986 pidum
2371 1916 2592 1972 videret
2623 1917 2682 1973 in
2712 1917 2837 1974 loco
2869 1918 3025 1972 edito
3077 1917 3261 1976 situm.
3313 1915 3624 1970 difficulter
3674 1932 3775 1970 ex-

2136 2007 2385 2077 pugnari
2418 2023 2607 2077 posse,
2638 2007 2878 2063 ﬂuvium
2913 2011 3151 2072 Eurum,
3186 2005 3284 2076 qui
3340 2006 3396 2060 id
3433 2004 3689 2060 ambibat
3719 2009 3777 2058 et

2137 2109 2239 2164 per
2270 2098 2495 2150 meatus
2527 2096 2727 2165 paucis
2758 2097 3020 2167 cognitos
3051 2095 3274 2151 civibus
3315 2111 3526 2164 aquam
3555 2109 3769 2165 suppe-

2136 2183 2379 2250 ditabat,
2413 2183 2524 2240 alio
2557 2185 3133 2250 divertereinstituit,
3166 2191 3222 2239 et
3253 2183 3541 2239 machinis
3572 2183 3629 2237 in
3662 2183 3771 2238 cir-

2135 2273 2293 2328 cuitu
2327 2272 2622 2330 collocatis
2645 2291 2876 2330 murum
2908 2274 3055 2342 ferit,
3090 2291 3206 2345 qua
3239 2278 3400 2344 parte
3440 2271 3779 2327 labefactari

2137 2377 2307 2434 posse
2337 2378 2443 2418 nec
2496 2365 2758 2433 gravium
2817 2380 3089 2419 saxorum
3142 2363 3426 2432 impetum
3486 2359 3778 2416 intervalli

2136 2453 2542 2524 magnitudine
2573 2451 2856 2509 lassatum
2889 2454 2956 2508 iri
2994 2453 3246 2523 putabat.
3305 2451 3590 2524 Oppidani
3650 2467 3779 2505 vero

2137 2545 2201 2596 ut
2253 2545 2538 2597 Joannem
2620 2543 2936 2614 placarent,
3005 2541 3429 2610 excusationes,
3519 2540 3781 2610 speciosa

2137 2630 2306 2687 verba
2336 2635 2392 2686 et
2419 2630 2666 2686 blandas
2708 2648 2903 2702 preces
2954 2631 3129 2686 etiam
3189 2630 3662 2702 praetendebant;
3723 2632 3781 2682 et

2139 2724 2357 2776 stantes
2388 2720 2446 2775 in
2505 2720 2960 2792 propugnaculis
3018 2736 3149 2775 eum
3183 2736 3285 2791 pro
3316 2735 3423 2774 suo
3464 2734 3594 2788 rege
3627 2716 3773 2772 cole-

2137 2808 2456 2876 brabant,el
2477 2809 2698 2864 tributa
2721 2824 3006 2880 pensuros
3029 2812 3351 2880 caateraque
3399 2806 3595 2862 omnia
3652 2822 3773 2876 quae

2135 2897 2480 2968 imperasset
2509 2898 2776 2953 alacriter
2806 2897 3060 2953 facturos
3119 2895 3557 2969 promittebant,
3605 2897 3774 2949 modo

2135 3003 2207 3042 ne
2237 3003 2368 3043 eum
2401 2987 2541 3043 urbe
2572 2987 2725 3043 836
2758 2986 3011 3058 recipere
3052 2990 3418 3058 cogerentur.
3463 2984 3564 3038 Ille
3620 3000 3775 3051 vero,

2132 3075 2219 3132 ira
2245 3078 2501 3148 percitus
2524 3094 2622 3133 eas
2644 3077 3007 3133 conditiones
3041 3093 3283 3148 prorsus
3330 3073 3772 3145 aspernabatur,

2132 3182 2238 3223 nec
2269 3165 2384 3222 alia
2411 3166 2633 3222 ratione
2663 3183 2725 3222 se
2755 3182 2957 3238 pacem
2990 3165 3278 3221 facturum
3300 3163 3690 3229 asseverabat,
3714 3163 3771 3217 ni

2132 3255 2363 3312 castello
2395 3255 2506 3310 sibi
2538 3258 2824 3312 cederent.
2859 3255 2972 3311 Nec
3005 3257 3074 3310 de
3133 3254 3566 3327 Oppugnatione
3598 3253 3771 3324 quid-

2131 3363 2305 3418 quam
2331 3347 2697 3416 remittendo,
2729 3346 2803 3415 vi,
2837 3347 3053 3418 impetu
3086 3352 3142 3401 et
3173 3345 3580 3418 magnitudine
3607 3362 3771 3401 saxo-

2130 3452 2261 3490 rum
2294 3435 3015 3508 propugnacula,turrium
3043 3433 3288 3505 angulos
3312 3435 3644 3503 revellebat,
3679 3451 3771 3490 eo-

2128 3541 2379 3596 rumque
2409 3525 2676 3581 tibicines
2699 3526 3113 3598 perfringebat.
3149 3523 3435 3596 Oppidani
3466 3541 3596 3579 vero
3614 3525 3778 3578 tabu-

2129 3611 2265 3669 latis
2296 3619 2353 3669 et
2400 3614 2656 3670 cratibus
2715 3615 2872 3670 intus
2925 3613 3181 3680 structis,
3241 3628 3438 3667 recens
3495 3611 3772 3666 detractis

2128 3702 2439 3759 velleribus
2463 3705 2675 3760 mmnia
2702 3705 2992 3775 tegebant,
3028 3708 3090 3757 ut
3110 3701 3514 3757 machinarum
3535 3716 3675 3754 saxa
3702 3700 3771 3754 iis

2127 3791 2791 3848 involutalabascerent.
2825 3794 2906 3848 Ac
2937 3792 3073 3847 dum
3118 3795 3371 3847 Joannes
3394 3805 3650 3861 pugnam
3684 3805 3767 3843 re-

2127 3882 2406 3953 mittebat,
2429 3882 2679 3953 supplici
2711 3886 2880 3952 gustu
2913 3887 2970 3936 et
3009 3881 3237 3936 blandis
3267 3880 3460 3936 verbis
3518 3879 3768 3934 submis-

2126 3972 2348 4027 sionem
2382 3972 2588 4027 callide
2619 3973 2998 4027 simulabant.
3030 3973 3173 4027 Cum
3205 3985 3338 4026 vero
3387 3968 3484 4023 ille
3518 3965 3728 4023 fortissi
3751 3997 3766 4008 ς

2128 4079 2286 4118 mum
2320 4078 2606 4134 quemque
2637 4078 2779 4132 equo
2835 4061 3184 4118 descendere
3235 4061 3471 4131 jussum
3504 4064 3560 4114 et
3617 4059 3765 4113 ferro

2127 4151 2386 4223 undique
2417 4152 2824 4221 tectum'juxta
2853 4151 3168 4223 perfractas
3199 4149 3351 4205 muri
3407 4152 3601 4221 partes
3654 4149 3794 4202 col-'

2126 4241 2472 4308 locabat,aut
2503 4241 2686 4296 scalas
2716 4241 2958 4312 parabat
2988 4244 3044 4294 et
3093 4239 3382 4312 reliquum
3443 4239 3761 4293 exercitum

2125 4331 2340 4402 passim
2372 4329 2736 4398 extendebat,
2766 4333 2890 4384 tum
2922 4333 2978 4384 et
3009 4329 3116 4400 ipsi
3149 4330 3378 4399 abjecta
3431 4328 3760 4400 supplicum

2121 4434 2388 4488 persona,
2421 4422 2615 4488 aperto
2638 4417 2844 4487 Marte,
2878 4425 2940 4472 ut
2969 4433 3061 4472 res
3101 4417 3340 4486 ferebat,
3403 4433 3465 4471 se
3494 4417 3761 4471 defende-

2119 4506 2538 4578 bant,salutem
2569 4523 2737 4563 suam
2770 4507 2832 4562 in
2851 4505 3142 4562 mcenibus
3165 4521 3290 4560 esse
3315 4506 3560 4574 positam
3601 4505 3758 4559 haud

2116 4596 2323 4666 ignari,
2355 4611 2460 4651 nec
2491 4595 2813 4668 quidquam
2847 4595 3191 4651 necessitate
3245 4593 3558 4648 violentius
3606 4593 3762 4664 judi-

2115 4689 2418 4741 eantes.Ac
2451 4685 2849 4755 desperatione
2880 4687 2937 4738 et
2961 4683 3264 4739 iracundia
3294 4683 3567 4754 ducibus,
3597 4681 3754 4736 haud

2115 4774 2417 4844 pauciores
2447 4774 2642 4831 clades
2674 4773 3000 4834 inferebant
3024 4773 3611 4845 quam_aceipiebant,
3643 4773 3752 4826 for-

2113 4864 2247 4919 titer
2267 4869 2323 4920 et
2353 4866 2627 4920 audacter
2653 4865 3008 4921 dimicando.
3043 4866 3332 4921 Barbarus
3355 4864 3553 4938 igitur,
3588 4867 3758 4939 longo

2111 4957 2372 5023 tempore
2404 4953 2462 5007 in
2496 4954 2600 5009 hac
2627 4953 2927 5008 obsidione
2957 4955 3225 5022 contrito,
3278 4955 3336 5010 in
3396 4957 3634 5029 Mysiam
3667 4976 3755 5014 rc-

2108 5041 2350 5097 vertitur
2379 5041 2544 5097 irrito
2575 5049 2809 5111 conatu,
2835 5048 2901 5098 ut
2931 5043 3084 5115 ignis
3115 5043 3261 5100 837
3300 5045 3603 5103 deﬁciente
3635 5065 3758 5102 ma-

1735 5169 1902 5230 Hier.
1935 5168 2150 5230 Wolfii
2182 5171 2371 5228 notae.

425 5299 538 5371 (75)
590 5293 732 5365 Μηδ⁷
789 5293 977 5371 ἄλλως
1046 5295 1150 5349 ἀπὸ
1213 5297 1453 5353 Λατίνων
1510 5297 1663 5356 οὖσαι
1719 5299 2008 5355 ἀνεπισκό-

356 5367 544 5439 πητοι.
578 5369 841 5425 Converti
884 5367 1256 5430 ὑποθετικῶςε
1309 5371 1379 5425 Ni
1435 5381 1550 5426 tam
1595 5376 1824 5428 munitae
1862 5372 2004 5440 fuis-

352 5446 488 5508 sent,
521 5458 617 5497 nec
651 5442 980 5512 Lati'ngruum
1001 5443 1378 5512 rapacitatem
1408 5443 1684 5500 vitaturus
1722 5444 1912 5512 luisse.
1946 5445 2006 5499 Si

356 5513 447 5565 cui
475 5506 692 5587 veros?)
728 5506 862 5587 μηδί
891 5506 1084 5570 ἄλλως
1105 5529 1206 5582 pro
1235 5507 1438 5587 ἄλλοσε
1497 5512 1628 5587 μηδ’
1685 5506 2008 5584 intelligere

360 5583 539 5646 magis
570 5583 778 5650 placet,
816 5582 902 5637 sie
932 5587 1113 5636 vertat
1144 5582 1648 5652 :praesertim'cum
1699 5601 1793 5640 nec
1833 5582 2006 5640 a'La-

365 5652 496 5726 lini;
524 5655 957 5726 negligerentu‘r.
977 5653 1186 5726 Dubito
1215 5670 1284 5708 an
1316 5671 1418 5725 pro
1448 5652 1576 5724 μηδ’
1604 5655 1792 5715 ἄλλως
1814 5655 2010 5724 potius

361 5723 436 5780 sit
464 5719 763 5796 legendum
817 5719 945 5796 μηδ’
1005 5720 1174 5786 ὅλως·
1239 5719 1374 5781 nam
1421 5719 1635 5787 herclis
1667 5719 1866 5793 codei,
1899 5728 2010 5782 etsi

2123 5300 2278 5380 _s_(_)lus
2306 5299 2550 5380 integer,
2586 5303 3182 5380 tamnenanegligenter
3227 5309 3483 5380 scriptus
3531 5316 3638 5380 est,
3671 5312 3760 5373 Ὠς

2120 5365 3013 5458 Ἑμμανχουήλοιξδὀμϐαιξενίιδοςν
3047 5379 3154 5458 τοῦ
3237 5378 3315 5458 ἐκΔ
3347 5365 3758 5454 ιΙὶιΙοειιεμϐάσίας

2121 5438 2380 5528 perimit:
2414 5438 2836 5528 napédoelzv'trﬁq
2885 5445 3076 5498 ἑαυτοῦ
3123 5449 3401 5522 πατρίδος.

2191 5512 2300 5592 (76)
2341 5512 2594 5592 Θωρ-άκια
2646 5515 2903 5592 tibicines
2960 5520 3125 5592 verti,
3185 5512 3295 5577 non
3355 5512 3500 5592 Quod
3563 5545 3756 5586 verum

2121 5590 2340 5671 pyram)
2377 5587 2476 5671 3ij
2511 5586 2666 5671 quod
2698 5585 2890 5639 solidas
2923 5588 3225 5671 columna,
3257 5599 3319 5648 ut
3358 5585 3582 5667 Virgilii
3625 5585 3758 5671 joco

2122 5662 2271 5720 utar,
2305 5659 2566 5712 nondum
2599 5656 2967 5712 advenerunt.
