4120 6284
343 382 498 445 1023

1645 381 1954 442 NICETE
2009 378 2454 444 CHONIA'I‘E.

3603 383 3762 446 1024

343 517 512 584 teria,
545 515 818 572 restincto
849 514 1070 570 ardore.
1105 513 1228 572 I-Iuo
1259 515 1566 572 accedebat
1587 516 1738 588 quod
1771 515 1984 586 passim
2015 569 2021 582 ,

2133 533 2304 586 οντες,
2339 514 2390 568 ἐν
2425 517 2510 578 οἷς
2543 517 2692 590 εἶχον
2721 519 3024 588 ἡμυνοντο,
3055 513 3109 570 έν
3169 518 3290 576 τοῖς
3331 515 3541 589 τείχεσι
3571 514 3760 587 κειμέ-

341 605 498 660 fama
533 601 867 674 vagabatur,
903 602 1168 657 Latinum
1201 604 1520 659 exercitum
1583 602 1644 658 in
1697 617 1757 658 re
1787 601 1993 657 bellica

347 694 894 752 exercitatissimum
928 693 1174 750 obsessis
1225 695 1440 750 auxilio
1479 699 1786 750 venturum
1843 710 1988 750 esse.

351 785 516 840 Tunc
571 783 826 838 Joannes
881 781 1216 838 Camaterus
1293 783 1641 855 patriarcha,
1711 783 1806 854 qui
1865 787 1994 854 post

351 873 621 931 exsilium
671 871 1054 942 Didymotichi
1115 872 1472 944 inquilinum
1534 873 1764 946 agebat,
1815 873 1990 927 vitam

345 977 481 1020 cum
513 960 620 1014 levi
657 967 840 1014 morte
870 963 1265 1016 commutavit.

2101 623 2200 671 νην
2233 603 2463 676 ὁρῶντες
2492 605 2594 672 τῆν
2643 604 2916 677 σωτηρίαν
2985 604 3076 658 καὶ
3140 601 3308 677 μηδὲν
3359 609 3458 672 τῆς
3519 603 3763 678 ἀνάγκης

2105 691 2412 766 βιαιότερον
2497 691 2681 767 ἕτερον
2768 693 3060 768 κρίνοντες,

2104 784 2261 852 θυμῷ
2293 783 2762 858 στρατηγούμενοι
2795 783 2893 836 οὐκ
2921 780 3136 837 ἐλάσσω
3189 779 3357 856 ἔδρων
3387 780 3460 835 ὧν
3491 775 3765 858 ἔπασχον,

2101 875 2305 944 χειρῶν
2337 871 2425 924 καὶ
2465 871 2683 944 τόλμης
2721 869 2851 948 ἔργα
2896 868 3350 942 ἐπιδεικνύμενοι.
3411 871 3629 930 Ἰκανῶς
3663 867 3758 923 οὖν

2103 947 2190 1013 ἒπὶ
2221 963 2288 1030 τῇ
2319 957 2616 1033 πολιορκίᾳ
2669 947 2835 1033 ταύτῃ
2891 954 3334 1034 λρονοτριϐήσας
3395 959 3422 1012 6
3477 953 3752 1034 βάρϐαρος

3159 693 3466 766 ἀπογνώσει
3535 712 3594 746 τε
3668 692 3759 745 καί

367 1049 639 1103 ἐπάνεισιν
673 1045 725 1107 ἐς
751 1046 982 1116 Μυσίαν,
1015 1043 1386 1122 περισϐεσθεὶς
1422 1051 1514 1121 μὶν
1555 1048 1642 1102 καὶ
1683 1049 1779 1116 τήν
1807 1049 1983 1123 ὁρμὴν
2015 1046 2218 1118 ἀπορίᾳ
2251 1047 2322 1108 ὡς
2365 1048 2450 1100 καὶ
2481 1049 2618 1116 ὒλης
2651 1047 3009 1118 ἐκλειπούσης
3041 1045 3196 1122 φλὸξ,
3231 1046 3375 1102 ἆλλᾶ
3435 1045 3500 1116 δὴ
3543 1045 3632 1100 καί
3663 1067 3762 1100 πε-

351 1135 694 1214 ριψοφηθεῖς
736 1135 842 1188 ὑπὸ
886 1137 1100 1212 φήμης,
1153 1137 1319 1210 ἑτέρῳ
1359 1135 1412 1206 ἐξ
1447 1135 1628 1210 ἑτέρου
1659 1133 2008 1210 παραδούσης
2049 1135 2138 1188 καὶ
2205 1134 2472 1210 πολλαχῆ
2516 1135 2913 1212 διατρεχούσης
2963 1137 3248 1191 Λατινικὸν
3290 1141 3478 1211 στῖφος
3509 1130 3764 1210 ἔντροφον

353 1223 604 1296 πολέμῳ
634 1225 772 1298 πρὸς
797 1222 1109 1297 ἐπικουρίαν
1145 1224 1310 1279 ἐκεῖθι
1336 1223 1558 1298 μέλλων
1588 1225 1884 1304 ἄφίξεσθαι.
1915 1226 2046 1279 Τότε
2074 1221 2129 1278 δὲ
2165 1222 2398 1296 μαλακῷ
2429 1227 2636 1299 θανάτῳ
2665 1227 2756 1280 τὸν
2791 1227 2911 1300 βίον
2933 1227 3215 1301 προήκατο
3247 1225 3336 1279 καὶ
3367 1226 3393 1279 6
3425 1223 3770 1298 πατριάρχης

359 1315 620 1384 Ἰωάννης
653 1315 679 1368 6
721 1313 1077 1388 Καματηρὸς,
1120 1314 1506 1376 καταλελοκὼς
1545 1315 1758 1384 πλάνης
1798 1315 1888 1369 καὶ
1931 1311 2156 1372 ἄποικος
2191 1315 2242 1376 ές
2273 1317 2335 1370 τὸ
2378 1314 2800 1392 Διδυμότοιχον.

432 1407 517 1461 15.
553 1405 742 1460 Latini
777 1419 908 1462 vero
940 1421 1000 1460 se
1033 1405 1577 1478 aDidymotichinis
1626 1413 1682 1462 et
1729 1405 2010 1461 Adriano-

355 1493 635 1569 politanis
664 1495 882 1550 accersi
945 1495 1096 1549 haud
1130 1497 1411 1566 gravatim
1451 1495 1822 1566 accipientes,
1854 1493 2006 1565 quod

2193 1408 2274 1460 ιε’.
2306 1406 2374 1461 Οἱ
2403 1403 2448 1460 δ’
2481 1404 2528 1476 ἐξ
2563 1406 2785 1463 Ἰταλῶν
2821 1405 2919 1460 οὐκ
2949 1403 3156 1476 αηδῶς,
3211 1403 3337 1460 ἀλλ’
3395 1404 3524 1458 ὠσὶν
3560 1403 3769 1478 ὀρθίοις

2121 1491 2396 1566 δεξάμενοι
2457 1496 2554 1562 τήν
2613 1495 2664 1556 ές
2719 1491 3037 1568 Ὀρεστιάδα
3093 1493 3184 1548 καὶ
3241 1493 3305 1547 τὸ
3370 1489 3769 1566 Διδυμότοιχον

349 1585 489 1639 inde
521 1600 613 1638 res
645 1599 783 1638 suas
816 1581 1085 1638 meliores
1119 1585 1240 1640 fore
1282 1583 1740 1650 arbitrabantur,
1775 1599 1906 1638 cum
1939 1582 2012 1637 il—

2133 1581 2456 1656 τρόσκλησιν
2483 1587 2592 1638 τῶν
2627 1584 2939 1655 Ῥωμαίων,
3003 1583 3076 1644 ὡς
3136 1579 3294 1650 δῆθεν
3345 1581 3409 1636 τὰ
3459 1582 3596 1636 κατὰ
3637 1587 3773 1658 σφᾶς

351 1674 546 1729 larum
577 1671 826 1728 deiectio
860 1671 1113 1743 primum
1147 1689 1282 1744 spes
1313 1677 1370 1728 et
1399 1678 1646 1730 conatus
1686 1689 1888 1729 eorum
1921 1671 2012 1726 in-

357 1763 650 1834 fregisset,
711 1759 874 1832 Cpoli
928 1761 1172 1833 digressi

355 1859 550 1910 castra
583 1855 828 1922 ponunt,
867 1851 1144 1922 postridie
1177 1851 1500 1923 Selybriam
1542 1853 1785 1918 intrant,
1813 1857 1870 1906 et
1911 1851 2014 1906 ali-

364 1947 504 2013 quot
530 1939 742 1995 diabus
801 1938 880 1994 ibi
933 1940 1148 1994 exactis
1205 1944 1262 1996 et
1307 1945 1638 1996 commeatu
1693 1943 2016 2013 praeparato

363 2028 804 2102 Adrianopolim
837 2034 1144 2102 occupant.

442 2320 578 2384 Quae
597 2319 1099 2392 autemScythaaet
1139 2319 1334 2375 Blachi
1375 2319 1434 2374 in
1457 2317 2021 2376 illisincursionibus

375 2413 800 2482 perpetrarent,
818 2425 883 2464 ea
905 2409 1239 2480 hujusmodi
1261 2407 1882 2480 erantqualianecvisa
1913 2423 2020 2460 un-

374 2515 546 2570 quam
573 2515 674 2552 nec
701 2499 898 2554 audita
916 2503 1070 2566 sunt,
1103 2515 1210 2554 nec
1259 2498 1531 2570 cuiquam
1551 2501 1608 2552 in
1652 2501 1902 2553 mentem
1934 2509 2024 2549 ve-

365 2591 603 2645 nerunt.
643 2588 824 2644 Urbes
848 2595 979 2644 anle
1027 2589 1290 2642 maxima:
1312 2593 1365 2643 et
1389 2587 1643 2644 celebres
1666 2597 1720 2643 et
1759 2589 2024 2657 frequen-

366 2677 628 2744 tissimze,
663 2675 876 2748 Oppida
898 2683 1162 2748 spectatu
1189 2677 1388 2748 digna,
1423 2678 1542 2747 agri
1566 2682 1624 2733 et
1661 2683 1823 2749 prata
1845 2691 2020 2730 amoe-

372 2765 802 2832 nissima,borti
829 2764 1231 2836 pulcherrimi,
1249 2765 1602 2834 perennibus
1618 2762 2020 2832 rivisfecunni,

374 2856 500 2911 alta:
535 2855 762 2918 domus,
797 2854 1190 2910 habitationes
1221 2855 1373 2910 838
1409 2855 1752 2925 conspicuae,
1796 2869 2022 2908 summo

369 2945 620 3003 artificio
649 2949 996 3000 constructis
1029 2950 1086 3000 et
1141 2945 1316 2999 variis
1379 2945 1672 3000 coloribus
1715 2947 2019 3010 exornatas,

364 3035 789 3092 venustissima
817 3033 1068 3102 lavacra,
1101 3037 1226 3090 uvis
1286 3042 1504 3090 onustae
1561 3035 1718 3098 vites,
1754 3049 1888 3089 arva
1937 3043 2024 3088 se‘

369 3125 597 3194 getibus
631 3124 892 3194 gravida,
925 3129 980 3178 et
1011 3123 1122 3178 alia
1152 3127 1423 3178 sexcenta
1457 3139 1583 3194 quae
1614 3127 1851 3192 tempus
1884 3137 2020 3191 pro-

369 3214 804 3282 ducit,quasque
825 3211 1002 3265 vitam
1036 3217 1296 3266 nostram
1335 3217 1547 3266 ornant
1574 3221 1631 3265 et
1681 3215 1892 3265 terram
1923 3212 2019 3278 juv-

369 3299 858 3368 cundam,graliis
877 3297 1214 3352 afﬂuentem
1238 3303 1294 3354 et
1316 3298 1628 3370 optabilem
1660 3297 1921 3364 reddunt,
1955 3312 2022 3351 ea

371 3387 570 3442 omnia
601 3385 938 3440 hominibus
961 3403 1162 3452 vacua,
1197 3385 1422 3441 echinis
1445 3391 1501 3440 et
1523 3387 1906 3456 ferisltantum
1937 3383 2022 3440 la-

369 3476 558 3532 tibula
589 3475 943 3546 praebebant.
977 3475 1107 3539 Quas
1159 3475 1256 3546 qui
1311 3475 1551 3542 videret,
1588 3491 1721 3530 cum
1768 3473 2022 3530 maximo

369 3565 588 3635 ejulatu
621 3569 678 3621 et
709 3564 1068 3636 ﬂetu,capite
1098 3564 1330 3638 pulvere
1362 3565 1930 3636 consperso,diceret
1960 3579 2021 3619 se

367 3654 820 3711 destructionem
854 3654 1108 3710 universi
1141 3670 1395 3722 cernere,
1461 3659 1561 3710 aut
1611 3669 1816 3709 novam
1857 3651 2020 3708 illam

369 3759 562 3800 rerum
591 3749 880 3808 naturam,
913 3741 1218 3814 quajussit
1238 3748 1392 3798 Deus
1441 3743 1708 3815 gramina
1735 3749 1791 3796 et
1813 3741 2022 3797 herbas

375 3832 704 3905 proliﬁcum
729 3848 926 3887 semen
961 3849 1063 3904 pro
1097 3833 1382 3904 cujusque
1413 3847 1623 3904 genere
1653 3837 1710 3886 et
1747 3831 2022 3886 similitu-

371 3923 506 3980 dine
541 3937 610 3976 ex
633 3925 795 3975 terrae
827 3921 1150 3976 visceribus
1173 3921 1356 3992 gigni,
1391 3937 1524 3975 cum
1581 3922 1839 3975 nondum
1872 3924 2026 3976 esset

374 4010 548 4065 homo
580 4011 680 4080 qui
711 4010 794 4063 eis
815 4013 1088 4064 uteretur.
1153 4009 1316 4065 Unde
1365 4009 1502 4064 mihi
1538 4008 1738 4081 lingua
1761 4013 2026 4078 suppetet

373 4099 680 4168 adjustam
715 4103 772 4153 et
793 4098 1083 4170 copiosam
1119 4104 1418 4154 tantorum
1443 4099 1729 4154 malorum
1784 4113 2022 4153 enume-

369 4187 656 4241 rationem
673 4186 699 4240 ’ἲ
732 4191 830 4240 aut
863 4187 1200 4256 magnitudo
1233 4186 1411 4254 vocls,
1461 4204 1587 4258 quae
1641 4186 1856 4256 scripta
1905 4186 2026 4241 hac

373 4277 441 4331 ad
480 4275 651 4344 longe
687 4279 937 4329 remotos
968 4276 1323 4330 transmiltal
1351 4275 1378 4330 ‘?
1409 4275 1452 4330 Ο
1485 4291 1578 4330 me
1611 4275 1893 4330 miserum
1926 4277 2026 4330 de-

374 4363 710 4436 criptorem,
728 4363 940 4434 quibus
967 4361 1231 4420 cladibus
1256 4363 1649 4420 describendis
1674 4379 1978 4436 supersum
1999 4364 2028 4417 ‘I

1259 1727 1543 1834 principio
1587 1727 1677 1818 ad
1730 1727 2014 1834 Athyram
2044 1727 2090 1790 Β

2122 1668 2547 1744 διομαλίσουσαν
2599 1675 2914 1750 πράγματα,
2947 1673 3029 1726 ὃτι
3087 1671 3177 1726 καὶ
3231 1673 3368 1744 πρὸς
3419 1675 3525 1725 τῶν
3557 1669 3773 1726 πόλεων

2123 1759 2295 1816 τῶνδε
2351 1763 2582 1837 πρώτως
2641 1761 2748 1816 ἀπὸ
2817 1767 3002 1816 πασῶν
3067 1757 3308 1816 ἐλπίδων
3366 1759 3774 1838 καταρραγῆναι

2125 1850 2320 1925 ᾤοντο,
2355 1851 2573 1927 ἄραντες
2627 1851 2686 1907 ἒκ
2713 1859 2811 1921 τῆς
2843 1851 3246 1909 Κωνσταντίνου
3302 1853 3402 1920 τήν
3462 1852 3554 1923 μὲν
3623 1853 3780 1926 πρώ-

2123 1963 2223 2012 την
2256 1943 2390 2016 πρὸς
2423 1947 2500 2012 τῷ
2561 1941 2760 2016 Ἀθύρᾳ
2799 1939 3310 2015 στρατοπεδεύουσι,
3340 1943 3409 2012 τῇ
3443 1938 3488 1993 δ’
3521 1939 3778 2012 ὑστεραίᾳ

2127 2030 2258 2088 εἷ’σω
2293 2027 2609 2106 Σηλυϐρίας
2663 2029 3031 2104 παρήλθοσαν.
3065 2031 3220 2102 [408]
3247 2030 3486 2085 Ἐκεῖθεν
3517 2025 3572 2082 δὲ
3624 2028 3776 2101 ἡμέ-

2129 2141 2225 2198 ρας
2257 2123 2406 2184 τινὰς
2441 2119 2786 2196 διαγαγόντες
2820 2123 2909 2174 καί
2943 2118 3378 2192 ἐπισιτισάμενοι
3407 2119 3506 2188 την
3563 2115 3787 2192 Ἀδρια-

2128 2215 2218 2266 νοῦ
2258 2209 2640 2284 κατειλήφασι.

2201 2303 2439 2358 Τοιαῦτα
2472 2297 2518 2353 δ’
2549 2300 2613 2368 ἦν
2647 2300 2712 2352 τὰ
2744 2299 2846 2352 ὑπὸ
2882 2301 3106 2362 Σκυθῶν
3170 2297 3260 2352 καὶ
3309 2295 3547 2371 Βλάχων
3579 2293 3631 2349 ἒν
3669 2300 3790 2357 ταῖς

2127 2389 2251 2443 τότε
2291 2385 2688 2462 διαπραχθέντα
2721 2384 3066 2460 ἐπιδρομαῖς,
3109 2387 3273 2440 ὁποῖα
3331 2385 3424 2446 οῦς
3487 2383 3586 2438 οὒκ
3615 2383 3786 2450 ἢκου-

2131 2499 2216 2532 σεν
2278 2473 2400 2532 οῦτε
2457 2475 2743 2554 ὀφθαλμὸς
2797 2475 3002 2548 ἑώρακε
3057 2475 3307 2542 πώποτε,
3347 2471 3470 2528 οὕτε
3535 2474 3641 2546 μὴν
3693 2471 3786 2526 ἐπὶ

2127 2563 2350 2642 καρδίαν
2381 2566 2524 2628 τινὸς
2581 2559 2899 2634 ἀναϐέϐηκε.
2963 2563 3159 2626 Πόλεις
3221 2557 3474 2640 μέγισται
3523 2563 3650 2634 πρὶν
3693 2561 3784 2614 καὶ

2129 2655 2472 2732 περίπυστοι,
2543 2654 2993 2730 μυριάνθρωποι,
3052 2652 3405 2726 κωμοπόλεις
3459 2652 3785 2721 ἀξιοθέατοι,

2129 2746 2286 2822 ἀγροὶ
2343 2744 2432 2800 καὶ
2493 2743 2759 2818 λειμῶνες
2815 2741 3264 2820 καλλιφύτευτοι,
3321 2738 3640 2816 παράδεισοι
3699 2738 3788 2793 εύ-

2131 2835 2336 2902 θαλεῖς,
2406 2833 2712 2908 ἆειρῥύτοις
2771 2834 2999 2906 νάμασιν
3059 2829 3457 2905 ἀγλαόκαρποι,
3513 2828 3786 2905 ὑψόροφοι

2132 2923 2404 3000 δόμοικαὶ
2441 2925 2684 2996 οἰκήσεις
2711 2918 3091 3000 περίϐλεπτοι,
3155 2921 3208 2985 ἐς
3265 2917 3580 2996 ὑπερϐολὴν
3619 2939 3781 2998 πεφι-

2133 3013 2534 3094 λοτεχνημέναι
2563 3014 2655 3068 καὶ
2713 3015 2972 3087 χρώμασι
3015 3007 3328 3066 πολυειδέσι
3383 3007 3778 3094 διηνθισμέναι,

2134 3091 2472 3161 παντοδαπαί
2510 3123 2567 3158 τε
2612 3101 2829 3176 χάριτες
2892 3098 3193 3171 βαλανείων
3252 3098 3342 3154 καὶ
3399 3091 3776 3172 καρποϐριθεῖς

2127 3190 2386 3266 ἡμερίδες
2413 3190 2502 3246 καὶ
2535 3189 2670 3261 ληϊα
2707 3195 2785 3261 τῷ
2829 3189 2960 3262 σίτῳ
2991 3190 3302 3262 ἀκμάζοντα
3331 3187 3422 3242 καὶ
3474 3182 3770 3257 ἄλλ’ἓτερα

2131 3285 2318 3358 μυρία,
2343 3283 2516 3336 ὁπόσα
2546 3280 2769 3358 φύουσιν
2784 3281 2920 3352 ὧραι
2947 3277 3143 3334 καῖτὸν
3167 3279 3434 3352 ἡμέτερον
3465 3279 3586 3352 βίον
3603 3273 3776 3349 ἀγάλ-

2127 3371 2284 3428 λουσι
2317 3373 2408 3427 καὶ
2436 3370 2672 3436 τιθέασιν
2719 3367 3000 3446 ἒπιτερπὶς
3037 3368 3126 3423 καὶ
3165 3368 3362 3428 πάσαις
3399 3369 3588 3442 χάρισι
3619 3384 3773 3438 περι-

2129 3463 2314 3539 στεφὶς
2346 3461 2435 3516 καὶ
2468 3458 2816 3534 πολυάρατον
2843 3457 2905 3513 τὸ
2943 3457 3235 3532 περίγειον,
3267 3461 3433 3511 ταῦτα
3479 3453 3546 3523 δὴ
3605 3455 3780 3508 πάντα

2127 3547 2306 3627 ἔρημα
2339 3551 2632 3626 ἀνθρώπων
2661 3549 2911 3621 ὁρώμενα
2949 3545 3155 3622 ἒχίνοις
3212 3547 3400 3619 μόνοις
3441 3544 3529 3598 καὶ
3561 3544 3776 3616 θηρίοις

2129 3641 2392 3713 οίκήσιμα
2429 3639 2518 3708 ἦν.
2553 3637 2717 3694 Εἶπεν
2757 3639 2815 3692 ἄν
2844 3656 2927 3696 τις
2966 3635 3184 3696 ἐπιστὰς
3215 3633 3440 3695 ἐκείνοις
3487 3631 3578 3687 καὶ
3611 3630 3780 3685 πλεῖ-

2129 3751 2226 3786 στα
2253 3726 2558 3802 κοψᾶμενος
2591 3725 2680 3781 καὶ
2721 3723 2889 3802 δάκρυ
2925 3725 3192 3804 χεάμενος
3218 3724 3308 3779 καὶ
3353 3724 3502 3777 κόνιν
3531 3721 3782 3794 πασάμε-

2127 3841 2219 3884 νος
2249 3817 2626 3892 καταστροφήν
2659 3817 2787 3890 ὁρᾷν
2853 3815 2949 3869 τοῦ
2979 3814 3199 3884 παντὸς,
3231 3813 3268 3882 ἢ
3311 3817 3438 3886 γοῦν
3465 3815 3574 3865 τῶν
3607 3809 3779 3864 θντων

2131 3912 2312 3988 ἑτέραν
2377 3911 2716 3986 παραγωγήν
2759 3910 2894 3984 (7'7),
2953 3908 3069 3962 καθ’
3107 3905 3174 3975 ἢν
3217 3907 3313 3978 μὶν
3373 3904 3402 3959 6
3461 3905 3590 3964 Θεὸς
3647 3903 3780 3956 ἀπε-

2131 4001 2346 4081 φαίνετο
2411 3999 2612 4074 χόρτον
2676 3997 2765 4052 καὶ
2831 3997 3063 4072 βοτάνην
3119 3994 3208 4050 καὶ
3286 3998 3504 4068 σπεῖρον
3537 3993 3780 4081 ,σπέρμα

2129 4079 2267 4146 κατᾶ
2295 4089 2445 4164 γένος
2507 4107 2564 4142 τε
2618 4086 2709 4141 καὶ
2763 4087 2882 4140 καθ’
2938 4085 3247 4156 ὁμοιότητα
3279 4083 3338 4138 ἐκ
3393 4087 3500 4137 τῶν
3533 4079 3781 4157 λαγόνων

2129 4182 2227 4249 τῆς
2255 4185 2357 4254 γῆς
2399 4173 2768 4242 ἀναδίδοσθαι,
2801 4176 2829 4229 6
2873 4172 2916 4228 δ’
2959 4175 3240 4250 ἅνθρωπος
3273 4173 3426 4227 οῧπω
3463 4171 3529 4240 ἦν
3589 4171 3617 4224 6
3657 4166 3782 4223 τού·

2131 4289 2248 4325 τοις
2279 4267 2652 4343 χρησόμενος.
2713 4263 2878 4319 Πόθεν
2939 4261 3000 4318 ἄν
3055 4261 3369 4334 έπλούτησα
3421 4259 3671 4336 γλῶτταν
3703 4256 3782 4318 εἷς

2130 4355 2404 4414 τοσούτων
2433 4359 2611 4410 κακῶν
2660 4350 2856 4428 διαρκῆ
2891 4351 2980 4407 καί
3022 4351 3317 4428 φιλότιμον
3385 4351 3782 4424 ἃπαρίθμησιν,

377 4459 597 4527 quanta
633 4470 760 4508 mea
791 4459 846 4509 et
877 4471 1138 4512 meorum
1167 4455 1538 4526 popularium
1579 4455 1728 4509 mala
1777 4469 2021 4509 comme-

2134 4447 2168 4516 ἢ
2202 4451 2386 4524 φωνῆς
2421 4443 2641 4518 μέγεθος
2711 4439 3129 4514 διαπεμπούσης
3182 4445 3298 4502 τοῖς
3354 4437 3632 4514 πόρῥωθεν
3675 4437 3788 4527 (78)

379 4562 538 4601 moro
570 4543 596 4598 Ῥ
627 4544 758 4616 quis
783 4544 920 4600 talia
947 4549 1164 4615 tr0prea
1195 4545 1265 4599 ab
1297 4543 1566 4600 hostibus
1595 4548 1784 4600 erecta
1815 4543 2020 4598 saltem

375 4633 592 4690 intueri
623 4631 962 4688 sustineat?
993 4633 1130 4688 Nam
1163 4633 1300 4688 olim
1363 4633 1459 4703 qui
1518 4631 1713 4704 praelio
1742 4633 2020 4697 vicerant,

376 4723 643 4778 humanae
670 4723 1020 4777 conditionis
1051 4737 1334 4778 memores
1367 4737 1470 4776 nec
1515 4721 1860 4776 immortalia
1892 4720 2026 4776 odia

373 4812 777 4868 conservanda
817 4827 947 4866 esse
977 4813 1108 4880 rati,
1143 4815 1360 4882 tropaea
1393 4827 1459 4866 ex
1523 4809 1716 4880 parvis
1763 4809 1937 4881 lignis
1969 4813 2026 4862 et

376 4901 528 4954 saxis
565 4901 1022 4968 constituebant,
1059 4907 1120 4956 ut
1151 4900 1357 4970 exiguo
1391 4899 1668 4970 temporis
1726 4896 2026 4953 intervallo

379 4987 770 5056 abolerentur,
820 4989 972 5043 839
1034 4989 1247 5060 quippe
1305 5004 1421 5042 non
1481 4987 1750 5042 amicitiae
1815 5001 2027 5041 monu-

382 5081 598 5140 menta,
631 5077 730 5131 sed
759 5077 1196 5132 inimicitiarum
1237 5079 1296 5132 et
1352 5077 1596 5132 medium
1640 5077 2026 5131 irritamenta.

385 5167 551 5218 Nunc
597 5179 727 5220 vero
779 5165 1108 5220 eversiones
1167 5165 1404 5222 urbium
1437 5169 1492 5221 et
1541 5181 1736 5221 rerum
1767 5165 2028 5220 omnium

2131 4537 2198 4590 τὰ
2229 4534 2548 4612 γραφόμενα
2583 4551 2597 4601 ;
2631 4531 2706 4594 ὡς
2749 4529 3027 4604 δυστυχὴς
3088 4527 3196 4604 ἐγὼ
3255 4527 3610 4604 συγγραφεὺς,
3646 4526 3793 4587 οἳοις

2129 4629 2320 4686 κακοῖς
2346 4621 2741 4694 ὶταμιευόμην,
2776 4620 2916 4681 οἳοις
2951 4618 3107 4692 ἐμοῖς
3157 4639 3216 4674 τε
3243 4619 3334 4672 καὶ
3391 4621 3499 4671 τῶν
3543 4613 3794 4694 φυλετῶν

2133 4690 2555 4787 δυσπραγήμασι
2586 4690 2676 4764 τὸν
2707 4707 2872 4784 λόγον
2930 4690 3252 4786 χαρίζομαι.
3281 4705 3372 4767 Τίς
3425 4705 3531 4778 γὰρ
3588 4701 3647 4757 ἄν
3701 4690 3791 4757 κιι.ἰ

2135 4802 2301 4878 σχοίη
2362 4801 2508 4862 ὅλως
2577 4799 2880 4872 ὑπενεγκεῖν
2933 4801 3157 4852 τοιαῦτα
3225 4795 3498 4866 θεώμενος
3553 4791 3788 4878 τρόπαια

2135 4877 2270 4967 πρὸς
2299 4895 2405 4946 τῶν
2439 4887 2724 4960 πολεμίων
2757 4886 3144 4960 ἆνεγειρόμενα
3177 4901 3190 4950 ;
3237 4885 3287 4937 οἱ
3335 4883 3432 4955 μὶν
3485 4881 3587 4956 γὰρ
3617 4877 3788 4967 πάλαι

2137 4964 2238 5050 τῆς
2297 4979 2486 5057 μάχης
2541 4979 2888 5049 κρατοῦντες,
2947 4973 3266 5048 ἀνθρώπινα
3325 4974 3664 5046 φρονοῦντες
3695 4964 3792 5022 οὐδ

2139 5071 2375 5126 ἀθάνατα
2409 5068 2542 5140 μίση
2575 5069 2762 5138 τηρεῖν
2797 5061 3204 5135 δοκιμάζοντες,
3231 5057 3321 5116 διὰ
3351 5059 3630 5131 ξύλωνκαῖ
3665 5057 3791 5132 βρα-

2140 5161 2286 5235 χέων
2317 5155 2485 5218 λίθων
2515 5153 2746 5208 ἆνίστων
2773 5147 3028 5224 τρόπαια,
3053 5151 3202 5211 ὅπως
3237 5147 3428 5224 ὀλίγον
3461 5143 3792 5224 χρόνονδιαο

1711 5265 1890 5334 Hier.
1961 5265 2170 5330 Wolﬁi
2223 5269 2416 5326 notae.

455 5379 568 5456 (77)
603 5377 670 5432 Ἥ
707 5379 836 5449 γοῦν
891 5381 998 5456 τῶν
1051 5372 1218 5432 ὄντων
1271 5379 1453 5456 ἑτέραν
1519 5380 1868 5456 παραγωγήν.
1931 5381 2038 5434 Aut

386 5454 555 5505 etiam
585 5451 1150 5523 rerumcreationem.
1211 5451 1466 5523 Respicit
1524 5451 1609 5507 ad'
1645 5451 1815 5523 agros
1852 5455 1908 5506 et
1941 5467 2038 5504 ur-

389 5526 489 5578 bes
548 5519 893 5576 custodibus
945 5535 1176 5594 vacuas.
1237 5519 1536 5578 Verteram
1595 5519 1880 5594 principio
1928 5524 2042 5594 faut

393 5611 580 5650 rerum
610 5597 870 5664 naturam
903 5592 976 5664 ab
1007 5607 1066 5646 eo
1095 5591 1384 5660 diversam,
1416 5610 1522 5664 qua
1551 5591 1731 5661 iussit,
1785 5591 1892 5649 etc.
1927 5593 2040 5648 Pu-

395 5667 592 5722 tabam
620 5663 776 5718 enim
807 5663 964 5734 loqui
1029 5665 1097 5718 de
1126 5664 1395 5719 vastitate
1426 5663 1705 5721 ’Thraciaa
1753 5665 2042 5720 incendiis

399 5739 758 5794 deformatae.
791 5735 900 5792 Sed
932 5736 1080 5791 hanc
1110 5736 1460 5792 sententiam
1485 5737 1747 5808 repudio,
1779 5737 1930 5808 quod
1963 5751 2046 5791 se-

2147 5375 2346 5447 quitur
2375 5373 2402 5426 ὁ
2435 5368 2482 5424 δ’
2513 5367 2800 5447 όίνθρωπος
2829 5367 2932 5421 οὐκ
2969 5365 3060 5434 ἦν,
3094 5366 3266 5447 q_upsi
3323 5365 3508 5447 dicat-
3535 5361 3798 5447 Thracias

2147 5433 2328 5502 f‘uisse
2361 5461 2488 5502 eam
2527 5433 2728 5498 faciem
2761 5456 2888 5511 quae
2929 5433 3194 5496 recentis
3231 5439 3434 5494 mundi
3485 5435 3654 5491 fuerit
3679 5433 3794 5488 cul-

2147 5518 2378 5574 toribus
2409 5515 2600 5570 vacui.
2691 5581 2702 5586 _
2934 5585 2955 5586 η
3370 5579 3414 5586 __
3625 5575 3636 5586 .

2217 5589 2326 5660 (78)
2381 5581 2809 5660 Δισπεμπούσης
2866 5585 2984 5660 τοῖς
3036 5577 3312 5660 πόῤῥωθεν
3369 5577 3793 5660 Trans-mittere

2147 5647 2504 5732 ad‘po'steros
2527 5647 2812 5732 essetyoic
2847 5647 3156 5732 μετέπειταζ
3189 5654 3274 5708 Ad
3309 5665 3486 5732 quam
3505 5647 3790 5732 significa-

2145 5719 2365 5792 tionem
2385 5731 2448 5785 τὸ
2489 5723 2768 5804 πόῤῥωθεν
2791 5719 2904 5784 non
2929 5724 3073 5784 satis
3107 5719 3414 5782 commode
3438 5719 3792 5778 deﬂectitur.
