4120 6284
319 391 475 457 1025

1770 392 1961 455 UltBl
2013 392 2292 456 CAPTA.

3591 391 3749 457 1026

326 528 673 605 μεμενηκότα
700 527 1067 602 παρέρχηται,
1101 526 1177 590 ὣς
1211 523 1354 602 μηδὲ
1385 524 1574 601 φιλίας
1607 527 1978 602 ὑπομνήματα

2105 532 2390 588 vastitates
2414 530 2633 588 indicia
2661 530 2915 587 victoriis
2945 548 2979 587 a
3017 530 3286 588 Barbarie
3334 537 3471 590 sunt
3500 537 3748 605 reperta,

336 614 489 689 ὅντα,
520 614 647 672 ἀλλ’
674 612 867 691 ἔχθρα,
898 616 989 671 καὶ
1020 616 1344 692 προχόσεως
1366 615 1611 689 αἱμάτων
1642 615 1995 693 ἐμπυρεύμα-

332 728 422 766 τα.
454 707 585 762 Novi
620 703 676 761 δὲ
703 704 921 761 πόλεων
952 708 1287 782 κατασκαφαὶ
1325 695 1418 761 καὶ
1447 710 1549 761 τοῦ
1599 707 1802 768 παντὸς
1852 707 1992 783 ἀφα.

328 797 496 857 νίσεις
530 792 793 871 δείγματα
817 802 917 865 τῆς
959 794 1116 866 νίκης
1152 796 1288 870 πρὸς
1336 799 1445 850 τῶν
1500 790 1794 871 Βαρϐάρων
1846 795 1991 866 ἐξεύ-

333 905 545 961 ρηνται,
579 886 660 946 οἷς
712 886 890 949 θεόθεν
949 885 1026 949 είς
1081 887 1418 963 μαστίγωσιν
1468 881 1827 957 ἐκδεδόμεθα.
1878 884 1996 942 Οὐκ

332 972 666 1049 ἀνεχόμενοι
699 970 758 1029 δὲ
790 974 835 1029 εἰ
871 976 947 1047 μή
1000 974 1090 1029 καὶ
1139 975 1236 1030 τὸν
1287 973 1583 1054 κολοφῶνα
1632 980 1740 1030 τῶν
1786 972 1998 1044 ἆτοπη-

338 1064 522 1137 μάτων
581 1065 1049 1138 προσεπιθήσουσι
1098 1064 1190 1118 καὶ
1242 1062 1632 1138 προσεπάγωσι
1699 1062 1765 1118 τὰ
1812 1061 1995 1118 παλα-

338 1154 667 1230 μναιότατα,
697 1153 786 1207 καὶ
836 1172 897 1228 γε
938 1156 1047 1207 τῶν
1096 1152 1385 1226 Ῥωμαίων
1439 1153 1591 1214 τινας
1643 1151 1993 1227 συγκατέχωῆ

335 1268 428 1302 σαν
461 1250 665 1316 ζῶντας
698 1247 821 1303 τοῖς
851 1239 887 1310 ἤ
922 1244 1132 1319 φυσικῷ
1164 1241 1326 1314 μόρῳ
1356 1241 1393 1310 ἢ
1424 1241 1515 1295 καὶ
1548 1240 1701 1314 νόμῳ
1740 1239 1997 1314 πολεμίῳ

332 1336 420 1407 [Ρ.
484 1334 610 1405 409]
669 1330 1070 1403 καταστρέψασι
1121 1328 1184 1383 τὸ
1239 1332 1332 1401 ζῇν
1385 1326 1699 1406 ὁμοφύλοις
1744 1327 1995 1409 ἐκείνοις,

335 1417 896 1495 συνεντυμϐεύσαντές
973 1439 1150 1497 σφισιν
1246 1419 1481 1494 ἱππάρια
1576 1416 1816 1492 δρομικά
1909 1420 1993 1481 οἷς

339 1514 672 1584 ἐπεκάθηντο
703 1510 792 1566 καὶ
821 1510 949 1582 τόξα
979 1508 1251 1584 κερουλκά
1296 1508 1388 1564 καὶ
1438 1509 1669 1588 ἀμφήκη
1721 1511 1992 1591 φάσγανα,

340 1603 418 1676 μὴ
462 1600 619 1663 ὄντος
678 1596 1051 1673 λυτρουμένου
1102 1593 1245 1670 μηδὲ
1298 1597 1586 1665 σώζοντος.
1638 1597 1792 1652 Οὕτω
1848 1598 1996 1670 παρᾶ

338 1686 639 1766 βαρϐάροις
672 1688 733 1742 ού
766 1685 936 1765 φειδώ
981 1705 1065 1746 τις
1112 1685 1203 1739 καὶ
1260 1683 1497 1754 συστολή
1550 1689 1658 1740 τῶν
1708 1684 1989 1759 ἄνομόίων

334 1785 405 1855 τῇ
441 1778 595 1859 φύσει
627 1776 893 1853 πράξεων.
948 1777 1120 1833 Ἦσαν
1172 1772 1217 1829 δ’
1268 1776 1470 1849 ἡμέραι
1511 1774 1843 1850 πασχάλιοι,
1891 1781 1991 1844 τῆς

336 1867 530 1939 ἐνάτης
572 1864 967 1935 διιππευούσης
1027 1863 1426 1937 ἐπινεμήσεως,
1469 1868 1567 1919 τοῦ
1617 1862 1987 1939 ἐξακισχιλιο-
2023 1908 2070 1973 Β

442 1960 469 1972 α.
612 1955 622 1972 ρ
838 1954 902 1973 ,\
956 1950 1075 1973 aut,
1234 1945 1261 1973 2!
1380 1972 1383 1973 ,
1474 1953 1490 1973 ι
1544 1951 1567 1973 L
1722 1951 1741 1973 \
1812 1951 1852 1973 ,r
1936 1952 1979 1973 ,ι

341 1960 472 2012 στοῢ
502 1955 762 2030 τετάρτου
813 1954 904 2007 καὶ
952 1950 1177 2007 δεκάτου
1234 1945 1410 2016 ἔτους,
1464 1951 1626 2021 ἡνίκα
1681 1951 1746 2006 τὰ
1803 1951 1993 2025 οἰκτρὰ

336 2051 505 2103 ταῦτα
534 2045 625 2100 καὶ
663 2050 833 2099 πᾶσαν
865 2043 1036 2112 ἀκοὴν
1089 2042 1180 2097 καὶ
1230 2042 1349 2097 θέαν
1398 2039 1575 2111 δεινὴν
1631 2040 1995 2116 ὑπερπαίοντα

338 2132 763 2210 συνηνέχθησαν.
846 2131 1092 2187 Παιάνων
1169 2131 1351 2186 τοίνυν
1425 2131 1518 2185 καὶ
1596 2132 1989 2205 στεναγμάτων

338 2226 550 2297 ξύμπας
586 2220 949 2295 ἐπεπλήρωνο
984 2224 1169 2295 χῶρος
1224 2219 1281 2274 ὅν
1332 2218 1541 2290 ἐπῆλθε
1590 2220 1651 2275 τὸ
1702 2219 1990 2290 Σκυθικὸν,

332 2313 426 2369 καὶ
457 2315 653 2385 θρῆνος
703 2311 793 2365 καὶ
844 2309 963 2365 οὐαὶ
1013 2309 1105 2364 καὶ
1162 2306 1443 2381 κλαυθμὸς
1487 2309 1583 2364 τὸν
1631 2309 1775 2384 ἦχον
1829 2309 1991 2384 ὑπερ-

341 2403 536 2480 εφώνει
564 2401 655 2456 τὸν
701 2401 1051 2475 ἑορτάσιμον.
1102 2399 1201 2453 Καὶ
1252 2397 1341 2453 ὅτε
1395 2397 1579 2476 τάφων
1629 2395 1853 2460 κένωσις
1901 2397 1992 2453 καὶ

339 2487 473 2561 ’ᾲδου
504 2488 812 2561 καθαίρεσις
842 2488 933 2543 καὶ
962 2486 1032 2542 τὰ
1078 2484 1138 2541 ἐκ
1186 2484 1421 2542 νεκάδων
1477 2487 1829 2561 ἀνεγερτήρια
1874 2492 1991 2547 τοῖς

336 2573 650 2635 εὐσεϐοὗσιν
691 2574 881 2652 ᾔδετο,
932 2578 1059 2632 τότε
1117 2574 1195 2631 εἷς
1253 2577 1574 2649 κευθμῶνας
1628 2582 1729 2651 γῆς
1782 2574 1871 2629 καὶ
1926 2576 1994 2630 τά

338 2673 436 2724 τοῦ
512 2666 643 2738 ᾇδου
721 2666 921 2745 ζοφερὰ
993 2666 1083 2720 καὶ
1159 2658 1364 2743 φοϐερὰ
1453 2664 1784 2737 σκηνώματα
1857 2664 1994 2719 κατὰ

338 2754 597 2820 συνόδους
670 2757 727 2811 αἱ
801 2753 991 2816 πόλεις
1063 2753 1332 2810 καθίεντο.
1407 2754 1516 2814 Τὰς
1568 2750 1614 2807 δ’
1673 2753 1989 2829 ἀπαγωγὰς,

341 2847 439 2908 τὰς
490 2843 547 2901 δὲ
593 2846 897 2922 προνομὰς,
941 2847 1043 2912 τήν
1099 2839 1144 2898 δ’
1185 2839 1657 2918 ἐναπερριμμένην
1717 2846 1836 2898 ταῖς
1879 2862 1992 2916 τρι-

336 2933 489 2996 όδοις
564 2936 741 3007 ἄωρον
818 2930 1039 3002 ἡλικίαν
1114 2932 1206 2986 καὶ
1264 2931 1395 2993 τοὺς
1454 2927 1831 3008 διαξιφισμοὺς
1881 2934 1989 2984 τῶν

338 3023 692 3100 προηκόντων
736 3022 922 3097 χρόνῳ
972 3019 1242 3094 σωμάτων
1302 3020 1385 3081 τίς
1443 3019 1586 3074 οὕτω
1642 3016 1990 3093 πολύδακρυς

334 3114 429 3168 καὶ
459 3110 805 3188 πολύθρηνος
839 3110 889 3164 ἐν
922 3108 1230 3184 ἀνθρώποις
1262 3109 1335 3170 ὡς
1390 3107 1545 3178 ἀξίω,
1588 3108 1677 3163 καὶ
1725 3109 1988 3176 πενθῆσαι

332 3204 422 3259 καὶ
504 3198 859 3272 δεξιώσασθαι
936 3195 1209 3273 δάκρυσι;
1286 3197 1392 3271 πρὸ
1443 3194 1500 3252 δὲ
1538 3203 1640 3266 τῆς
1677 3193 1988 3271 ἐπιδρομῆς

2102 619 2319 691 quibus
2349 620 2627 677 divinitus
2658 619 2985 690 ﬂagellandi
3023 621 3285 677 concessi
3342 637 3547 677 sumus
3580 641 3595 691 ;
3647 620 3752 693 qui

2103 724 2217 763 non
2246 708 2544 764 ferendum
2575 723 2703 763 esse
2735 708 2864 779 rati,
2922 708 3037 763 nisi
3096 708 3475 780 colophonem
3533 710 3747 765 imma-

2104 797 2271 852 nitati
2301 814 2423 854 sua;
2450 797 2814 869 imponerent
2869 800 2926 852 et
2982 798 3349 854 atrocissima
3395 798 3611 855 scelera
3642 799 3751 853 ad-

2095 887 2434 957 jungerent,
2480 886 2702 957 aliquot
2760 885 3054 942 Romanos
3110 887 3268 942 vivos
3324 888 3537 959 (neque
3594 887 3748 943 enim

2105 974 2418 1045 quisquam
2450 982 2567 1030 erat
2602 974 2702 1046 qui
2733 991 2831 1030 eos
2862 974 2948 1030 vel
2989 976 3301 1031 redimeret
3356 976 3444 1032 vel
3507 992 3749 1033 conser-

2104 1063 2283 1136 varet)
2314 1079 2446 1120 cum
2508 1064 2889 1136 popularibus
2938 1065 3061 1121 suis
3117 1065 3201 1121 vel
3262 1065 3513 1121 naturali
3568 1074 3752 1121 morte

2103 1152 2393 1209 defunctis
2417 1153 2503 1209 vel
2538 1153 2688 1209 bello
2719 1153 2884 1210 caesis
2916 1157 3065 1209 terra
3117 1154 3461 1226 obruerunt,
3502 1153 3750 1227 sepultis

2106 1258 2225 1297 una
2275 1242 2438 1313 equis
2498 1241 2790 1298 velocibus
2847 1244 3061 1315 quibus
3113 1243 3467 1314 insederant,
3522 1243 3751 1301 corneis

2106 1332 2359 1388 arcubus
2390 1336 2447 1387 et
2477 1331 2832 1403 ancipitibus
2850 1332 3075 1403 gladiis.
3110 1332 3192 1388 Ita
3238 1334 3472 1390 Barbari
3513 1351 3544 1389 a
3576 1333 3752 1389 rebus

2106 1426 2323 1476 naturae
2372 1420 2681 1477 contrariis
2732 1421 2890 1475 nulla
2970 1422 3310 1487 reverentia,
3370 1423 3531 1478 nullo
3592 1427 3751 1477 metu

2106 1511 2638 1565 deterrentur.Cum
2667 1508 2789 1564 haec
2822 1510 3174 1566 miserabilia
3222 1512 3575 1582 spectacula,
3624 1527 3752 1583 quae

2104 1614 2331 1654 omnem
2356 1598 2659 1654 verborum
2682 1599 3047 1656 atrocitatem
3081 1605 3381 1671 superant,
3414 1601 3751 1666 ederentur,

2104 1687 2411 1743 Paschales
2443 1687 2563 1744 dies
2592 1692 2778 1757 erant,
2839 1688 3158 1744 indictione
3212 1689 3248 1742 9
3304 1688 3442 1746 anni
3472 1690 3655 1759 6714;
3693 1694 3754 1746 et

2103 1781 2161 1832 et
2218 1774 2409 1831 omnis
2476 1774 2640 1830 locus
2728 1792 2900 1846 quem
2966 1776 3190 1849 Scythae
3251 1785 3638 1849 pervagantur
3695 1781 3754 1834 et

2104 1865 2338 1937 hymnis
2369 1868 2426 1919 et
2455 1863 2730 1936 suspiriis
2759 1869 2883 1921 erat
2912 1866 3143 1936 plenus.
3179 1866 3647 1923 Lamentationes
3694 1872 3753 1923 et

2101 1953 2357 2025 ejulatus
2391 1953 2724 2009 festivarum
2757 1954 3096 2010 cantionum
3129 1971 3339 2011 sonum
3379 1957 3747 2025 superabant.

2101 2044 2243 2099 Cum
2277 2040 2671 2114 sepulcrorum
2700 2044 3018 2107 evacuatio,
3080 2044 3292 2099 inferni
3344 2046 3657 2102 destructio
3698 2052 3753 2102 et

2100 2149 2133 2188 a
2164 2132 2409 2188 mortuis
2466 2132 2814 2189 resurrectio
2871 2150 2903 2187 a
2960 2132 3071 2205 piis
3116 2132 3457 2191 hominibus
3496 2135 3751 2191 celebra-

2102 2222 2333 2291 bantur,
2370 2225 2494 2276 tum
2529 2220 2586 2275 in
2615 2235 2882 2277 recessus
2912 2217 3137 2275 telluris
3170 2223 3226 2275 et
3284 2220 3498 2276 inferni
3558 2221 3754 2293 caligi-

2102 2325 2246 2365 nosa
2291 2317 2345 2365 et
2400 2308 2703 2365 horribilia
2752 2307 3125 2365 tabernacula
3180 2309 3354 2365 urbes
3411 2310 3751 2380 cateryatim

2100 2398 2574 2455 detrudebantur.
2659 2399 3046 2455 Abductiones
3130 2415 3287 2469 vero,
3368 2399 3746 2471 direptiones,

2101 2487 2255 2543 840
2296 2489 2622 2543 immaturae
2679 2488 2867 2543 aetatis
2934 2488 2993 2542 in
3048 2488 3236 2543 triviis
3292 2488 3651 2559 abjectiones
3700 2491 3758 2544 et

2101 2576 2377 2633 seuilium
2436 2592 2739 2648 corporum
2805 2576 3211 2643 dissectiones,
3288 2577 3423 2649 quis
3489 2580 3752 2634 omnium

2101 2666 2433 2721 mortalium
2468 2665 2550 2720 ita
2578 2664 2853 2737 lacrymis
2876 2671 2934 2721 et
2964 2665 3124 2721 luctu
3184 2666 3467 2732 abundat,
3500 2669 3564 2720 ut
3603 2667 3750 2721 satis

2101 2752 2299 2825 lugere
2329 2757 2385 2809 et
2415 2752 2711 2825 deplorare
2743 2752 2960 2823 queat?
3014 2754 3164 2809 Ante
3224 2753 3372 2810 hanc
3421 2753 3748 2825 Scythicam

2100 2842 2494 2898 incursionem
2528 2842 2677 2897 circa
2732 2842 2992 2898 Thraciae
3050 2859 3286 2914 campos
3343 2842 3643 2899 cornicum
3693 2848 3753 2899 et

2100 2947 2403 2989 corvorum
2458 2930 2735 3004 legiones,
2795 2930 2919 2987 aliae
2969 2947 3003 2986 a
3059 2931 3476 3003 septentrione,
3508 2931 3637 2987 aliae
3677 2933 3751 2989 ab

2097 3026 2319 3090 austro,
2356 3021 2471 3076 fato
2517 3022 2792 3092 quodam,
2826 3036 2940 3075 non
2994 3020 3229 3076 fortuito
3264 3036 3426 3090 casu,
3459 3019 3517 3075 in
3572 3036 3753 3077 unum

2097 3109 2289 3168 locum
2313 3112 2668 3181 congregatae
2689 3124 2944 3181 pugnam
2968 3108 3409 3165 commiserunt.
3442 3108 3548 3164 Sed
3592 3108 3748 3166 corvi

2101 3197 2503 3269 magnitudine
2542 3212 2851 3270 corporum
2912 3196 3229 3269 phalanges
3282 3197 3751 3254 meridionalium

331 3289 500 3364 τῆσδε
527 3299 627 3362 τῆς
657 3296 932 3359 Σκυθικῆς
961 3272 1084 3363 περὶ
1115 3289 1181 3343 τὰ
1231 3285 1469 3363 Θρᾳκικᾶ
1517 3284 1676 3343 πεδία
1727 3293 1982 3362 κορωνῶν

2105 3286 2399 3343 cornicum
2429 3285 2487 3341 in
2518 3285 2715 3357 fugam
2746 3292 3056 3342 verterunt.

324 3383 414 3438 καὶ
446 3381 693 3455 κοράκων
726 3375 1083 3453 στρατόπεδα,
1137 3378 1173 3432 ’ἀ
1220 3376 1318 3451 μὶν
1367 3377 1471 3431 ἀπὸ
1521 3379 1699 3450 μερῶν
1745 3382 1851 3432 τῶν
1907 3375 2157 3453 βορείων,
2208 3370 2242 3427 ἃ
2283 3370 2331 3428 δ’
2366 3375 2429 3428 ’ἐκ
2473 3377 2582 3428 τῶν
2624 3372 2841 3446 νοτίων,
2892 3374 3008 3428 κατ’
3054 3372 3284 3447 ἐξαισίαν
3331 3395 3453 3430 τινα
3514 3376 3605 3432 καὶ
3659 3378 3737 3450 μὴ

325 3474 635 3545 αὐτόματον
668 3467 973 3544 συνδρομὴν
1002 3469 1077 3531 εἰς
1122 3465 1215 3523 ἕνα
1262 3465 1670 3538 συνεληλυθότα
1719 3471 1906 3543 χῶρον
1952 3464 2229 3538 ἀλλήλοις
2279 3460 2621 3542 συνέρῥαξαν,
2662 3464 2751 3520 καὶ
2800 3464 3364 3540 κατευμίεγεθήσαντες
3412 3467 3465 3521 οἱ
3511 3468 3739 3542 κόρακες

328 3564 424 3626 τὰς
455 3566 561 3618 τῶν
591 3561 650 3615 έκ
677 3560 840 3614 νότου
870 3557 1111 3613 κολοιῶν
1143 3558 1434 3633 ἐτρέψαντο
1467 3555 1776 3632 φάλαγγας.

399 3650 476 3710 Οὐ
515 3650 681 3722 μόνον
736 3645 795 3703 δὲ
843 3648 910 3702 τὰ
960 3651 1188 3722 Θρᾳκῷα
1238 3648 1265 3702 ὁ
1317 3643 1528 3719 δαίμων
1585 3645 1994 3721 ἆντιπεριέστη-

2171 3646 2369 3717 Neque
2399 3661 2531 3701 vero
2562 3644 2857 3701 Thraciam
2917 3645 3196 3701 duntaxat
3244 3646 3479 3702 fortuna
3524 3645 3584 3701 in
3641 3645 3748 3701 hu-

330 3764 415 3798 σεν
485 3739 561 3802 εἰς
629 3739 887 3808 τοιαύτην
956 3737 1286 3808 ἀθλιότητα,
1358 3735 1449 3791 καὶ
1514 3739 1830 3812 πειρασμῶν
1903 3734 1995 3808 μὶν

2105 3734 2357 3806 jusmodi
2416 3733 2631 3803 clades,
2681 3732 3062 3790 afﬂictionum
3124 3751 3304 3803 mare,
3360 3739 3749 3791 extremorum

331 3829 605 3907 ἀνερράγη
665 3826 937 3897 θάλασσα,
998 3829 1179 3881 κακῶν
1239 3822 1286 3879 δ’
1344 3819 1655 3894 ἀνηκέστων
1698 3820 1998 3879 κλυδώνιον

346 3918 493 3990 ἔξεσε
522 3919 613 3974 καὶ
653 3920 953 3994 συμφορῶν
1006 3914 1460 3992 ἀνερριπίσθησαν
1512 3912 1801 3979 λαίλαπες,
1851 3910 2000 3967 ἀλλὰ

344 4012 413 4067 τὰ
443 4010 563 4075 καθ’
594 4007 821 4082 ἐσπὲραν
875 4006 938 4060 ού
991 4006 1129 4079 πρὸς
1183 4001 1407 4059 ἔλαττον
1454 4001 1720 4077 ἔπασχον.
1770 4003 2001 4072 Ἀθήνας

348 4100 444 4173 μὲν
500 4099 604 4175 γὰρ
663 4097 752 4151 καὶ
816 4090 999 4166 Θήϐας
1046 4094 1138 4149 καὶ
1186 4088 1426 4151 Εὔϐοιαν
1464 4093 1552 4147 καὶ
1607 4091 1673 4147 τά
1730 4091 1852 4166 περὶ
1894 4094 2002 4147 Με-

347 4188 526 4258 θώνην
582 4185 674 4241 καὶ
722 4185 934 4258 Πάτραν
996 4188 1190 4257 σπεῖρα
1242 4185 1556 4255 Καμπάνων
1613 4182 1703 4239 καὶ
1762 4180 2001 4238 Λατίνων

346 4275 673 4337 εὐσύνοπτος
716 4273 847 4329 ὡσεὶ
904 4272 994 4328 καὶ
1056 4273 1278 4342 κτήσεις
1331 4269 1666 4345 διενείμαντο
1724 4270 2003 4345 πατρῴας.

348 4366 410 4420 Οἱ
443 4363 500 4421 δὲ
532 4369 678 4445 σφῶν
733 4361 1085 4432 δεσπόζοντες
1132 4358 1499 4445 πρότερονέν
1552 4358 2004 4436 προπηλακισμῷ

344 4452 435 4507 καὶ
478 4444 671 4526 ἀτιμίᾳ
710 4450 1004 4525 ἠνείχοντο
1073 4446 1223 4525 σφίσι
1295 4444 1509 4519 μᾶλλον
1570 4445 2002 4503 καθυποκύπτειν

344 4540 381 4608 ἢ
423 4540 632 4616 νυγμόν
670 4559 795 4594 τινα
854 4532 1040 4592 λαϐεῖν
1100 4533 1152 4598 ἐς
1219 4535 1406 4610 ψυχὴν
1464 4536 1553 4589 καὶ
1615 4534 1746 4610 ὑπὲρ
1805 4535 2007 4589 ἑαυτῶν

342 4628 576 4684 καὶτῶν
605 4628 806 4683 τέκνων
831 4624 1226 4700 ἀγωνίσασθαι,
1283 4624 1411 4697 μήτ’
1463 4622 1683 4688 αὐτόθεν
1734 4624 1812 4686 είς
1851 4621 2007 4678 ἐλεύ-

2105 3823 2391 3878 malorum
2409 3820 2650 3877 ﬂuctum
2676 3820 3143 3892 etgcalamitatum
3168 3822 3459 3878 turbinem
3477 3822 3748 3893 conjecit,

2106 3913 2204 3968 sed
2241 3928 2346 3969 nec
2376 3911 2833 3968 Occidentalium
2865 3913 3121 3969 conditio
3174 3913 3285 3968 fuit
3343 3913 3569 3969 melior.
3602 3914 3747 3970 Nam

2110 4002 3300 4075 Athenas,Thebas,Eubcnam,Metbonem,
3327 4008 3529 4059 Patras
3548 4002 3754 4059 cohors

2108 4095 2530 4162 Campanorum
2587 4095 2646 4147 et
2703 4090 3047 4146 Latinorum
3081 4108 3197 4147 non
3234 4108 3444 4164 magna
3471 4096 3755 4165 tanquam

2111 4180 2523 4254 patrimonium
2555 4179 2770 4235 divisit.
2831 4179 2941 4245 Qui
2999 4197 3135 4236 vero
3178 4181 3250 4237 iis
3281 4181 3424 4238 locis
3452 4181 3616 4255 prius
3645 4182 3758 4237 im-

2113 4269 2414 4342 perabant,
2481 4267 2598 4324 illis
2653 4268 2854 4324 cedere
2912 4284 3041 4324 cum
3103 4271 3298 4327 derisu
3342 4275 3400 4327 et
3440 4271 3762 4341 ignominia

2113 4373 2284 4431 quam
2319 4356 2708 4414 exstimulatis
2736 4357 2948 4414 animis
2982 4375 3084 4431 pro
3107 4360 3436 4432 semetipsis
3468 4366 3524 4419 et
3561 4361 3761 4417 liberis

2115 4461 2368 4519 pugnare
2401 4446 2760 4516 maluerunt,
2818 4463 3005 4519 neque
3063 4448 3258 4504 statim
3325 4448 3506 4505 libero
3549 4449 3760 4522 spiritu

2114 4539 2414 4607 concepto,
2433 4552 2535 4591 nec
2557 4535 2643 4591 vel
2668 4552 2796 4592 sero
2817 4535 3053 4591 tandem
3076 4536 3150 4592 ad
3193 4537 3483 4593 saniorem
3509 4543 3760 4593 mentem

2116 4623 2531 4681 reversi.Erant
2568 4625 2740 4680 etiam
2774 4625 2872 4696 qui
2903 4624 3218 4681 ambitione
3248 4628 3454 4682 contra
3512 4625 3760 4696 patriam

343 4719 498 4792 θερον
526 4714 939 4792 παροξυνθέντες
990 4713 1268 4791 φρόνημα,
1337 4713 1468 4785 μήτ’
1525 4712 1623 4787 όψὶ
1681 4732 1813 4768 ποτε
1868 4716 1993 4766 νοῦν

2105 4730 2343 4786 prorsus
2374 4712 2523 4769 841
2590 4714 2963 4781 inﬂammati,
3010 4714 3321 4770 servilibus
3374 4713 3628 4786 ingeniis
3658 4714 3764 4771 ho-

347 4801 496 4885 ἔχειν
530 4806 842 4881 ἀρξάμενοι.
876 4803 997 4858 Εῗσῖ
1040 4800 1086 4857 δ’
1137 4800 1190 4856 ο⁰ί
1240 4800 1331 4856 καὶ
1380 4800 1458 4864 εἲς
1509 4801 1787 4878 ὁλοσχερῆ
1838 4799 2002 4881 φιλο-

341 4894 526 4967 τιμίαν
602 4893 740 4949 κατὰ
810 4898 912 4961 τῆς
988 4891 1198 4945 ἑαυτῶν
1308 4887 1567 4965 πατρίδος
1681 4890 2000 4952 ὑπεκκαντες

345 4979 784 5058 ἀνδραποδώδεις
852 4979 1158 5053 ἅνθρωποι,
1224 4982 1402 5057 τρυφῇ
1468 4979 1557 5033 καὶ
1623 4984 1743 5041 ταῖς
1801 4975 1998 5041 ἄλλαις

344 5071 623 5136 ἀπονοίαις
675 5069 1080 5145 διεφθαρμένοι,
1123 5069 1506 5146 ὀχυρωμάτων
1566 5070 1656 5124 καὶ
1721 5067 1998 5148 φρουρίων

348 5162 642 5235 ἀποτόμων
675 5157 996 5233 λαϐόμενοι,
1046 5160 1100 5214 οἱ
1148 5157 1205 5213 δὲ
1249 5158 1337 5213 καὶ
1388 5157 1604 5214 πόλεων
1651 5158 2002 5232 εὖτείχίστων

347 5248 656 5319 ἐπιϐάντες,
716 5247 1121 5321 κακοδαίμονας
1195 5245 1512 5321 τυραννίδας
1584 5243 2003 5320 περιεϐαλοντο,

343 5342 434 5397 καὶ
467 5338 587 5397 δέον
640 5338 963 5419 φιλεχθρεῗν
1014 5337 1290 5404 Λατίνοις,
1352 5335 1402 5390 οἰ
1459 5334 1508 5389 δ’
1566 5332 2003 5411 ἀντωφθάλμουν

344 5427 621 5499 ἀλλήλοις
651 5428 743 5482 καὶ
769 5425 1024 5481 Λατίνοις
1054 5425 1117 5480 τὸ
1147 5426 1330 5479 καινὸν
1380 5420 1705 5479 ἐσπένδοντο
1754 5425 1884 5493 (79).
1934 5425 2001 5478 Ὀ

2113 4803 2323 4870 mines,
2356 4802 2585 4859 deliciis
2615 4811 2667 4857 et
2726 4801 2865 4858 luxu
2926 4803 3206 4873 corrupti,
3240 4802 3660 4858 munitionibus
3707 4807 3765 4858 et

2112 4890 2423 4960 praeruptis
2449 4888 3073 4945 castellisautmunitis
3092 4890 3334 4945 urbibus
3356 4891 3646 4961 occupatis
3670 4891 3762 4944 in-

2112 4976 2310 5033 felices
2330 4976 2669 5047 tyrannides
2686 4976 3126 5046 constituerent;
3149 4981 3205 5033 et
3242 4994 3374 5035 cum
3418 4980 3762 5038 Latinorum

2111 5067 2427 5123 inimicitiae
2459 5068 2793 5140 expetenda:
2826 5074 3041 5136 essent,
3076 5070 3172 5126 alii
3230 5071 3358 5126 aliis
3390 5072 3762 5138 insidiantes,

2114 5173 2246 5213 cum
2279 5155 2396 5210 illis
2426 5157 2787 5211 colluderent
2816 5162 2873 5212 et
2929 5175 3078 5214 nova
3134 5165 3303 5230 pacta
3348 5161 3583 5217 inirent.
3616 5161 3763 5216 Nam

2118 5252 2227 5302 Leo
2259 5246 2478 5301 Scurus
2501 5245 2838 5301 Corinthum
2863 5252 2920 5303 et
2947 5249 3288 5321 Nauplium,
3324 5256 3389 5307 ut
3410 5268 3589 5324 supra
3620 5252 3766 5318 dixi,

2117 5332 2513 5407 gubernabat;
2544 5333 2922 5391 Cbameretus
2959 5338 3085 5405 Leo,
3120 5340 3220 5410 qui
3253 5340 3647 5396 Lacedaemoni
3672 5342 3771 5395 do-

2115 5420 2467 5490 minabatur,
2528 5423 2822 5478 Laconum
2878 5431 3157 5498 tyrannus
3206 5432 3329 5484 erat
3383 5427 3652 5484 Etoliam
3712 5444 3776 5496 et

1686 5522 1880 5589 Hier.
1934 5522 2190 5593 Wolfii
2224 5521 2441 5588 notae.

418 5649 531 5721 (79)
590 5644 692 5699 Καὶ
751 5642 1003 5721 Λατίνοις
1059 5642 1123 5696 τὸ
1179 5639 1364 5721 καινόν
1424 5633 1727 5721 ἐσπένδετο.
1788 5636 1995 5721 Νρυίιαι

2111 5638 2355 5721 bantur.
2410 5636 2697 5721 Fortassis
2738 5638 3053 5721 legendum
3104 5644 3187 5721 τὸ.
3234 5645 3551 5721 καινότατον
3588 5641 3772 5697 ἐσπέν-

341 5706 467 5792 ille,
502 5706 613 5775 hoc
643 5720 755 5788 est,
787 5717 919 5774 novi
976 5714 1210 5786 tyranni
1263 5728 1400 5770 cum
1458 5708 1681 5767 Latinis
1736 5706 1996 5779 pacisce-

2109 5706 2289 5775 δοντο,
2321 5709 2471 5777 quod
2500 5710 2746 5766 maxime
2776 5706 3022 5783 mireris,
3053 5720 3118 5773 ut
3136 5715 3200 5771 τὸ
3234 5714 3482 5789 μέγιστον
3528 5729 3773 5784 usurpa.
