  <div class='ocr_page' id='page_1' title='image "/cluster/home/n/w/nwhite01/storage/ocr_20150623/139/mdp.39015078384214/523.png"; bbox 0 0 4120 6284; ppageno 0'>
   <div class='ocr_carea' id='block_1_1' title="bbox 287 312 3699 382">
    <p class='ocr_par' dir='ltr' id='par_1_1' title="bbox 287 312 3699 382">
     <span class='ocr_line' id='line_1_1' title="bbox 287 312 3699 382; baseline -0.001 -1"><span class='ocrx_word' id='word_1_1' title='bbox 287 322 440 382; x_wconf 70' lang='grc'><strong>1027</strong></span> <span class='ocrx_word' id='word_1_2' title='bbox 1601 314 1921 377; x_wconf 61' lang='grc' dir='ltr'><strong>ΝΙΟΕΤᾹ</strong></span> <span class='ocrx_word' id='word_1_3' title='bbox 1961 312 2379 375; x_wconf 64' lang='grc' dir='ltr'><strong>ΟΗΟΝῙΑῬΕ</strong></span> <span class='ocrx_word' id='word_1_4' title='bbox 3537 315 3699 376; x_wconf 74' lang='grc'><strong>1028</strong></span> 
     </span>
    </p>
   </div>
   <div class='ocr_carea' id='block_1_2' title="bbox 289 448 1921 529">
    <p class='ocr_par' dir='ltr' id='par_1_2' title="bbox 289 450 1921 529">
     <span class='ocr_line' id='line_1_2' title="bbox 289 450 1921 529; baseline -0.006 -13"><span class='ocrx_word' id='word_1_5' title='bbox 289 458 541 516; x_wconf 80' lang='lat' dir='ltr'><strong>conﬁnia</strong></span> <span class='ocrx_word' id='word_1_6' title='bbox 568 452 865 529; x_wconf 79' lang='lat' dir='ltr'><strong>Nicopolis</strong></span> <span class='ocrx_word' id='word_1_7' title='bbox 885 456 943 510; x_wconf 82' lang='lat' dir='ltr'><strong>et</strong></span> <span class='ocrx_word' id='word_1_8' title='bbox 972 466 1099 526; x_wconf 64' lang='lat' dir='ltr'><strong>qua</strong></span> <span class='ocrx_word' id='word_1_9' title='bbox 1139 452 1210 508; x_wconf 89' lang='lat' dir='ltr'><strong>ad</strong></span> <span class='ocrx_word' id='word_1_10' title='bbox 1237 450 1629 523; x_wconf 80' lang='lat' dir='ltr'><strong>Epidamnum</strong></span> <span class='ocrx_word' id='word_1_11' title='bbox 1665 459 1921 525; x_wconf 76' lang='lat' dir='ltr'><strong>vergunt,</strong></span> 
     </span>
    </p>
   </div>
   <div class='ocr_carea' id='block_1_3' title="bbox 2034 448 3697 529">
    <p class='ocr_par' dir='ltr' id='par_1_3' title="bbox 2046 448 3697 528">
     <span class='ocr_line' id='line_1_3' title="bbox 2046 448 3697 528; baseline 0 -21"><span class='ocrx_word' id='word_1_12' title='bbox 2046 452 2141 524; x_wconf 76' lang='grc' dir='ltr'>μὶν</span> <span class='ocrx_word' id='word_1_13' title='bbox 2197 450 2300 525; x_wconf 76' lang='grc' dir='ltr'>γὰρ</span> <span class='ocrx_word' id='word_1_14' title='bbox 2356 451 2597 526; x_wconf 82' lang='grc' dir='ltr'>Σγουρὸς</span> <span class='ocrx_word' id='word_1_15' title='bbox 2650 449 2803 507; x_wconf 74' lang='grc' dir='ltr'>Λέων</span> <span class='ocrx_word' id='word_1_16' title='bbox 2843 449 3110 528; x_wconf 76' lang='grc' dir='ltr'>Κόρινθον</span> <span class='ocrx_word' id='word_1_17' title='bbox 3172 448 3351 508; x_wconf 82' lang='grc' dir='ltr'>διεῖπε</span> <span class='ocrx_word' id='word_1_18' title='bbox 3405 453 3497 508; x_wconf 84' lang='grc' dir='ltr'>καὶ</span> <span class='ocrx_word' id='word_1_19' title='bbox 3554 452 3697 508; x_wconf 77' lang='grc' dir='ltr'>Ναύ-</span> 
     </span>
    </p>
   </div>
   <div class='ocr_carea' id='block_1_4' title="bbox 287 540 1939 605">
    <p class='ocr_par' dir='ltr' id='par_1_4' title="bbox 287 540 1939 605">
     <span class='ocr_line' id='line_1_4' title="bbox 287 540 1939 605; baseline -0.002 -2"><span class='ocrx_word' id='word_1_20' title='bbox 287 545 535 605; x_wconf 79' lang='lat' dir='ltr'><strong>Michael</strong></span> <span class='ocrx_word' id='word_1_21' title='bbox 566 544 803 602; x_wconf 83' lang='lat' dir='ltr'><strong>Jeannis</strong></span> <span class='ocrx_word' id='word_1_22' title='bbox 833 541 1315 600; x_wconf 88' lang='lat' dir='ltr'><strong>sebastocratcris</strong></span> <span class='ocrx_word' id='word_1_23' title='bbox 1371 541 1588 597; x_wconf 79' lang='lat' dir='ltr'><strong>nothus</strong></span> <span class='ocrx_word' id='word_1_24' title='bbox 1637 540 1793 598; x_wconf 80' lang='lat' dir='ltr'><strong>filius</strong></span> <span class='ocrx_word' id='word_1_25' title='bbox 1824 543 1939 599; x_wconf 89' lang='lat' dir='ltr'><strong>sibi</strong></span> 
     </span>
    </p>
   </div>
   <div class='ocr_carea' id='block_1_5' title="bbox 288 629 1942 693">
    <p class='ocr_par' dir='ltr' id='par_1_5' title="bbox 288 629 1942 693">
     <span class='ocr_line' id='line_1_5' title="bbox 288 629 1942 693; baseline -0.002 -3"><span class='ocrx_word' id='word_1_26' title='bbox 288 635 620 693; x_wconf 76' lang='lat' dir='ltr'><strong>vindicavit.</strong></span> <span class='ocrx_word' id='word_1_27' title='bbox 650 632 979 691; x_wconf 72' lang='lat' dir='ltr'><strong>Bonifacius</strong></span> <span class='ocrx_word' id='word_1_28' title='bbox 1010 646 1145 688; x_wconf 88' lang='lat' dir='ltr'><strong>vero</strong></span> <span class='ocrx_word' id='word_1_29' title='bbox 1191 629 1453 687; x_wconf 88' lang='lat' dir='ltr'><strong>marchio</strong></span> <span class='ocrx_word' id='word_1_30' title='bbox 1509 629 1942 687; x_wconf 62' lang='lat' dir='ltr'><strong>Thessalonica</strong></span> 
     </span>
    </p>
   </div>
   <div class='ocr_carea' id='block_1_6' title="bbox 289 719 1943 799">
    <p class='ocr_par' dir='ltr' id='par_1_6' title="bbox 289 719 1943 799">
     <span class='ocr_line' id='line_1_6' title="bbox 289 719 1943 799; baseline -0.005 -16"><span class='ocrx_word' id='word_1_31' title='bbox 289 726 506 799; x_wconf 76' lang='lat' dir='ltr'><strong>degens</strong></span> <span class='ocrx_word' id='word_1_32' title='bbox 535 739 762 781; x_wconf 87' lang='lat' dir='ltr'><strong>omnem</strong></span> <span class='ocrx_word' id='word_1_33' title='bbox 795 721 1141 777; x_wconf 83' lang='lat' dir='ltr'><strong>maritimam</strong></span> <span class='ocrx_word' id='word_1_34' title='bbox 1192 736 1379 786; x_wconf 88' lang='lat' dir='ltr'><strong>oram,</strong></span> <span class='ocrx_word' id='word_1_35' title='bbox 1438 736 1564 790; x_wconf 69' lang='lat' dir='ltr'><strong>quae</strong></span> <span class='ocrx_word' id='word_1_36' title='bbox 1624 720 1776 775; x_wconf 83' lang='lat' dir='ltr'><strong>infra</strong></span> <span class='ocrx_word' id='word_1_37' title='bbox 1814 719 1943 782; x_wconf 58' lang='lat' dir='ltr'><strong>Hal,</strong></span> 
     </span>
    </p>
   </div>
   <div class='ocr_carea' id='block_1_7' title="bbox 289 810 1940 892">
    <p class='ocr_par' dir='ltr' id='par_1_7' title="bbox 289 810 1940 892">
     <span class='ocr_line' id='line_1_7' title="bbox 289 810 1940 892; baseline -0.006 -17"><span class='ocrx_word' id='word_1_38' title='bbox 289 835 522 892; x_wconf 86' lang='lat' dir='ltr'><strong>myrum</strong></span> <span class='ocrx_word' id='word_1_39' title='bbox 551 820 661 882; x_wconf 89' lang='lat' dir='ltr'><strong>est,</strong></span> <span class='ocrx_word' id='word_1_40' title='bbox 696 819 751 871; x_wconf 90' lang='lat' dir='ltr'><strong>et</strong></span> <span class='ocrx_word' id='word_1_41' title='bbox 775 813 1112 870; x_wconf 66' lang='lat' dir='ltr'><strong>Larissmam</strong></span> <span class='ocrx_word' id='word_1_42' title='bbox 1147 810 1446 882; x_wconf 83' lang='lat' dir='ltr'><strong>planitiem</strong></span> <span class='ocrx_word' id='word_1_43' title='bbox 1479 811 1734 875; x_wconf 89' lang='lat' dir='ltr'><strong>tenebat,</strong></span> <span class='ocrx_word' id='word_1_44' title='bbox 1764 816 1822 867; x_wconf 91' lang='lat' dir='ltr'><strong>et</strong></span> <span class='ocrx_word' id='word_1_45' title='bbox 1846 827 1940 866; x_wconf 88' lang='lat' dir='ltr'><strong>ve-</strong></span> 
     </span>
    </p>
   </div>
   <div class='ocr_carea' id='block_1_8' title="bbox 290 900 1943 981">
    <p class='ocr_par' dir='ltr' id='par_1_8' title="bbox 290 900 1943 981">
     <span class='ocr_line' id='line_1_8' title="bbox 290 900 1943 981; baseline -0.005 -18"><span class='ocrx_word' id='word_1_46' title='bbox 290 907 523 981; x_wconf 88' lang='lat' dir='ltr'><strong>ctigalia</strong></span> <span class='ocrx_word' id='word_1_47' title='bbox 564 905 799 962; x_wconf 68' lang='lat' dir='ltr'><strong>Grmcirs</strong></span> <span class='ocrx_word' id='word_1_48' title='bbox 823 908 879 959; x_wconf 87' lang='lat' dir='ltr'><strong>et</strong></span> <span class='ocrx_word' id='word_1_49' title='bbox 913 900 1294 973; x_wconf 80' lang='lat' dir='ltr'><strong>Peloponnesi</strong></span> <span class='ocrx_word' id='word_1_50' title='bbox 1319 900 1692 972; x_wconf 89' lang='lat' dir='ltr'><strong>percipiebat.</strong></span> <span class='ocrx_word' id='word_1_51' title='bbox 1731 900 1943 955; x_wconf 57' lang='lat' dir='ltr'><strong>Praeter</strong></span> 
     </span>
    </p>
   </div>
   <div class='ocr_carea' id='block_1_9' title="bbox 285 988 1940 1064">
    <p class='ocr_par' dir='ltr' id='par_1_9' title="bbox 285 988 1940 1064">
     <span class='ocr_line' id='line_1_9' title="bbox 285 988 1940 1064; baseline -0.005 -11"><span class='ocrx_word' id='word_1_52' title='bbox 285 997 392 1052; x_wconf 90' lang='lat' dir='ltr'><strong>hos</strong></span> <span class='ocrx_word' id='word_1_53' title='bbox 425 993 576 1050; x_wconf 85' lang='lat' dir='ltr'><strong>alius</strong></span> <span class='ocrx_word' id='word_1_54' title='bbox 605 990 886 1064; x_wconf 89' lang='lat' dir='ltr'><strong>teparcha</strong></span> <span class='ocrx_word' id='word_1_55' title='bbox 913 988 1229 1045; x_wconf 67' lang='lat' dir='ltr'><strong>Thessalia:</strong></span> <span class='ocrx_word' id='word_1_56' title='bbox 1260 992 1559 1055; x_wconf 86' lang='lat' dir='ltr'><strong>montana,</strong></span> <span class='ocrx_word' id='word_1_57' title='bbox 1591 1003 1716 1059; x_wconf 82' lang='lat' dir='ltr'><strong>quae</strong></span> <span class='ocrx_word' id='word_1_58' title='bbox 1784 1003 1940 1044; x_wconf 89' lang='lat' dir='ltr'><strong>nunc</strong></span> 
     </span>
    </p>
   </div>
   <div class='ocr_carea' id='block_1_10' title="bbox 282 1076 1942 1159">
    <p class='ocr_par' dir='ltr' id='par_1_10' title="bbox 282 1076 1942 1159">
     <span class='ocr_line' id='line_1_10' title="bbox 282 1076 1942 1159; baseline -0.007 -16"><span class='ocrx_word' id='word_1_59' title='bbox 282 1101 495 1159; x_wconf 84' lang='lat' dir='ltr'><strong>magna</strong></span> <span class='ocrx_word' id='word_1_60' title='bbox 530 1082 768 1140; x_wconf 89' lang='lat' dir='ltr'><strong>Blachia</strong></span> <span class='ocrx_word' id='word_1_61' title='bbox 824 1079 1061 1146; x_wconf 84' lang='lat' dir='ltr'><strong>dicitur,</strong></span> <span class='ocrx_word' id='word_1_62' title='bbox 1120 1078 1373 1134; x_wconf 90' lang='lat' dir='ltr'><strong>tenebat.</strong></span> <span class='ocrx_word' id='word_1_63' title='bbox 1426 1077 1734 1133; x_wconf 81' lang='lat' dir='ltr'><strong>Occidente</strong></span> <span class='ocrx_word' id='word_1_64' title='bbox 1764 1076 1823 1132; x_wconf 88' lang='lat' dir='ltr'><strong>in</strong></span> <span class='ocrx_word' id='word_1_65' title='bbox 1856 1082 1942 1148; x_wconf 65' lang='lat' dir='ltr'><strong>tot</strong></span> 
     </span>
    </p>
   </div>
   <div class='ocr_carea' id='block_1_11' title="bbox 279 1165 1940 1250">
    <p class='ocr_par' dir='ltr' id='par_1_11' title="bbox 279 1165 1940 1250">
     <span class='ocr_line' id='line_1_11' title="bbox 279 1165 1940 1250; baseline -0.007 -17"><span class='ocrx_word' id='word_1_66' title='bbox 279 1174 624 1250; x_wconf 84' lang='lat' dir='ltr'><strong>tyrannidcs</strong></span> <span class='ocrx_word' id='word_1_67' title='bbox 653 1172 950 1239; x_wconf 82' lang='lat' dir='ltr'><strong>distracto,</strong></span> <span class='ocrx_word' id='word_1_68' title='bbox 1014 1167 1158 1241; x_wconf 88' lang='lat' dir='ltr'><strong>quid</strong></span> <span class='ocrx_word' id='word_1_69' title='bbox 1213 1166 1350 1223; x_wconf 92' lang='lat' dir='ltr'><strong>boni</strong></span> <span class='ocrx_word' id='word_1_70' title='bbox 1399 1183 1512 1222; x_wconf 93' lang='lat' dir='ltr'><strong>non</strong></span> <span class='ocrx_word' id='word_1_71' title='bbox 1545 1167 1760 1234; x_wconf 88' lang='lat' dir='ltr'><strong>aberat,</strong></span> <span class='ocrx_word' id='word_1_72' title='bbox 1796 1165 1940 1237; x_wconf 88' lang='lat' dir='ltr'><strong>quid</strong></span> 
     </span>
    </p>
   </div>
   <div class='ocr_carea' id='block_1_12' title="bbox 282 1255 1935 1328">
    <p class='ocr_par' dir='ltr' id='par_1_12' title="bbox 282 1255 1935 1328">
     <span class='ocr_line' id='line_1_12' title="bbox 282 1255 1935 1328; baseline -0.007 -4"><span class='ocrx_word' id='word_1_73' title='bbox 282 1265 420 1324; x_wconf 88' lang='lat' dir='ltr'><strong>mali</strong></span> <span class='ocrx_word' id='word_1_74' title='bbox 449 1282 564 1323; x_wconf 89' lang='lat' dir='ltr'><strong>non</strong></span> <span class='ocrx_word' id='word_1_75' title='bbox 595 1261 838 1320; x_wconf 86' lang='lat' dir='ltr'><strong>aderat?</strong></span> <span class='ocrx_word' id='word_1_76' title='bbox 882 1260 1272 1317; x_wconf 86' lang='lat' dir='ltr'><strong>Pecuniarum</strong></span> <span class='ocrx_word' id='word_1_77' title='bbox 1323 1256 1670 1328; x_wconf 85' lang='lat' dir='ltr'><strong>ereptioncs,</strong></span> <span class='ocrx_word' id='word_1_78' title='bbox 1704 1255 1935 1328; x_wconf 87' lang='lat' dir='ltr'><strong>relega-</strong></span> 
     </span>
    </p>
   </div>
   <div class='ocr_carea' id='block_1_13' title="bbox 281 1345 1936 1423">
    <p class='ocr_par' dir='ltr' id='par_1_13' title="bbox 281 1345 1936 1423">
     <span class='ocr_line' id='line_1_13' title="bbox 281 1345 1936 1423; baseline -0.007 -10"><span class='ocrx_word' id='word_1_79' title='bbox 281 1357 496 1423; x_wconf 88' lang='lat' dir='ltr'><strong>ticnes,</strong></span> <span class='ocrx_word' id='word_1_80' title='bbox 528 1354 734 1421; x_wconf 65' lang='lat' dir='ltr'><strong>caedes,</strong></span> <span class='ocrx_word' id='word_1_81' title='bbox 760 1351 951 1419; x_wconf 83' lang='lat' dir='ltr'><strong>exilia,</strong></span> <span class='ocrx_word' id='word_1_82' title='bbox 978 1349 1133 1404; x_wconf 86' lang='lat' dir='ltr'><strong>mala</strong></span> <span class='ocrx_word' id='word_1_83' title='bbox 1189 1348 1437 1418; x_wconf 85' lang='lat' dir='ltr'><strong>denique</strong></span> <span class='ocrx_word' id='word_1_84' title='bbox 1490 1345 1741 1414; x_wconf 88' lang='lat' dir='ltr'><strong>infinita,</strong></span> <span class='ocrx_word' id='word_1_85' title='bbox 1792 1363 1936 1417; x_wconf 89' lang='lat' dir='ltr'><strong>quo—</strong></span> 
     </span>
    </p>
   </div>
   <div class='ocr_carea' id='block_1_14' title="bbox 275 1436 1934 1512">
    <p class='ocr_par' dir='ltr' id='par_1_14' title="bbox 275 1436 1934 1512">
     <span class='ocr_line' id='line_1_14' title="bbox 275 1436 1934 1512; baseline -0.006 -10"><span class='ocrx_word' id='word_1_86' title='bbox 275 1461 409 1501; x_wconf 88' lang='lat' dir='ltr'><strong>rum</strong></span> <span class='ocrx_word' id='word_1_87' title='bbox 434 1443 692 1501; x_wconf 84' lang='lat' dir='ltr'><strong>maxima</strong></span> <span class='ocrx_word' id='word_1_88' title='bbox 722 1457 791 1498; x_wconf 80' lang='lat' dir='ltr'><strong>ex</strong></span> <span class='ocrx_word' id='word_1_89' title='bbox 849 1444 1011 1512; x_wconf 87' lang='lat' dir='ltr'><strong>parte</strong></span> <span class='ocrx_word' id='word_1_90' title='bbox 1068 1437 1314 1493; x_wconf 82' lang='lat' dir='ltr'><strong>Romani</strong></span> <span class='ocrx_word' id='word_1_91' title='bbox 1373 1436 1606 1509; x_wconf 90' lang='lat' dir='ltr'><strong>tyranni</strong></span> <span class='ocrx_word' id='word_1_92' title='bbox 1668 1440 1934 1492; x_wconf 83' lang='lat' dir='ltr'><strong>auctores</strong></span> 
     </span>
    </p>
   </div>
   <div class='ocr_carea' id='block_1_15' title="bbox 278 1525 1935 1603">
    <p class='ocr_par' dir='ltr' id='par_1_15' title="bbox 278 1525 1935 1603">
     <span class='ocr_line' id='line_1_15' title="bbox 278 1525 1935 1603; baseline -0.006 -10"><span class='ocrx_word' id='word_1_93' title='bbox 278 1543 460 1603; x_wconf 88' lang='lat' dir='ltr'><strong>erant,</strong></span> <span class='ocrx_word' id='word_1_94' title='bbox 493 1542 548 1591; x_wconf 89' lang='lat' dir='ltr'><strong>et</strong></span> <span class='ocrx_word' id='word_1_95' title='bbox 577 1534 801 1591; x_wconf 88' lang='lat' dir='ltr'><strong>Scurus</strong></span> <span class='ocrx_word' id='word_1_96' title='bbox 833 1536 942 1587; x_wconf 88' lang='lat' dir='ltr'><strong>Leo</strong></span> <span class='ocrx_word' id='word_1_97' title='bbox 973 1529 1237 1586; x_wconf 90' lang='lat' dir='ltr'><strong>omnium</strong></span> <span class='ocrx_word' id='word_1_98' title='bbox 1292 1527 1562 1594; x_wconf 79' lang='lat' dir='ltr'><strong>maxime,</strong></span> <span class='ocrx_word' id='word_1_99' title='bbox 1617 1525 1740 1599; x_wconf 90' lang='lat' dir='ltr'><strong>qui,</strong></span> <span class='ocrx_word' id='word_1_100' title='bbox 1785 1531 1935 1583; x_wconf 87' lang='lat' dir='ltr'><strong>recte</strong></span> 
     </span>
    </p>
   </div>
   <div class='ocr_carea' id='block_1_16' title="bbox 279 1614 1932 1696">
    <p class='ocr_par' dir='ltr' id='par_1_16' title="bbox 279 1614 1932 1696">
     <span class='ocr_line' id='line_1_16' title="bbox 279 1614 1932 1696; baseline -0.006 -15"><span class='ocrx_word' id='word_1_101' title='bbox 279 1640 447 1693; x_wconf 85' lang='lat' dir='ltr'><strong>sane,</strong></span> <span class='ocrx_word' id='word_1_102' title='bbox 478 1623 680 1696; x_wconf 64' lang='lat' dir='ltr'><strong>patria:</strong></span> <span class='ocrx_word' id='word_1_103' title='bbox 712 1636 945 1693; x_wconf 89' lang='lat' dir='ltr'><strong>quoque</strong></span> <span class='ocrx_word' id='word_1_104' title='bbox 969 1634 1086 1674; x_wconf 76' lang='lat' dir='ltr'><strong>suae</strong></span> <span class='ocrx_word' id='word_1_105' title='bbox 1119 1633 1234 1673; x_wconf 90' lang='lat' dir='ltr'><strong>non</strong></span> <span class='ocrx_word' id='word_1_106' title='bbox 1265 1619 1543 1687; x_wconf 84' lang='lat' dir='ltr'><strong>pepercit.</strong></span> <span class='ocrx_word' id='word_1_107' title='bbox 1577 1614 1738 1670; x_wconf 88' lang='lat' dir='ltr'><strong>idem</strong></span> <span class='ocrx_word' id='word_1_108' title='bbox 1796 1631 1932 1671; x_wconf 88' lang='lat' dir='ltr'><strong>cum</strong></span> 
     </span>
    </p>
   </div>
   <div class='ocr_carea' id='block_1_17' title="bbox 278 1705 1934 1779">
    <p class='ocr_par' dir='ltr' id='par_1_17' title="bbox 278 1705 1934 1779">
     <span class='ocr_line' id='line_1_17' title="bbox 278 1705 1934 1779; baseline -0.005 -8"><span class='ocrx_word' id='word_1_109' title='bbox 278 1714 517 1773; x_wconf 87' lang='lat' dir='ltr'><strong>Nicolao</strong></span> <span class='ocrx_word' id='word_1_110' title='bbox 572 1710 1005 1770; x_wconf 83' lang='lat' dir='ltr'><strong>Corinthiorum</strong></span> <span class='ocrx_word' id='word_1_111' title='bbox 1072 1707 1508 1779; x_wconf 82' lang='lat' dir='ltr'><strong>archiepiscopo</strong></span> <span class='ocrx_word' id='word_1_112' title='bbox 1565 1705 1934 1763; x_wconf 84' lang='lat' dir='ltr'><strong>reconciliata</strong></span> 
     </span>
    </p>
   </div>
   <div class='ocr_carea' id='block_1_18' title="bbox 2053 535 3703 620">
    <p class='ocr_par' dir='ltr' id='par_1_18' title="bbox 2053 535 3703 620">
     <span class='ocr_line' id='line_1_18' title="bbox 2053 535 3703 620; baseline 0.001 -25"><span class='ocrx_word' id='word_1_113' title='bbox 2053 541 2239 611; x_wconf 90' lang='grc' dir='ltr'>πλιον,</span> <span class='ocrx_word' id='word_1_114' title='bbox 2273 542 2346 604; x_wconf 85' lang='grc' dir='ltr'>ὡς</span> <span class='ocrx_word' id='word_1_115' title='bbox 2374 542 2464 596; x_wconf 80' lang='grc' dir='ltr'><strong>καὶ</strong></span> <span class='ocrx_word' id='word_1_116' title='bbox 2495 535 2794 616; x_wconf 66' lang='grc' dir='ltr'>ἔμπροσθεν</span> <span class='ocrx_word' id='word_1_117' title='bbox 2828 540 3018 620; x_wconf 51' lang='lat' dir='ltr'><strong>ipsum</strong></span> <span class='ocrx_word' id='word_1_118' title='bbox 3063 561 3179 618; x_wconf 85' lang='grc' dir='ltr'>μοι·</span> <span class='ocrx_word' id='word_1_119' title='bbox 3215 542 3243 598; x_wconf 83' lang='grc' dir='ltr'><strong>ὁ</strong></span> <span class='ocrx_word' id='word_1_120' title='bbox 3275 539 3332 598; x_wconf 73' lang='grc' dir='ltr'>δὲ</span> <span class='ocrx_word' id='word_1_121' title='bbox 3376 548 3703 618; x_wconf 86' lang='grc' dir='ltr'>Χαμαρετος</span> 
     </span>
    </p>
   </div>
   <div class='ocr_carea' id='block_1_19' title="bbox 2055 630 3706 709">
    <p class='ocr_par' dir='ltr' id='par_1_19' title="bbox 2055 630 3706 709">
     <span class='ocr_line' id='line_1_19' title="bbox 2055 630 3706 709; baseline 0.001 -22"><span class='ocrx_word' id='word_1_122' title='bbox 2055 630 2203 687; x_wconf 87' lang='grc' dir='ltr'>Λέων</span> <span class='ocrx_word' id='word_1_123' title='bbox 2267 638 2367 702; x_wconf 83' lang='grc' dir='ltr'><strong>τῆς</strong></span> <span class='ocrx_word' id='word_1_124' title='bbox 2429 630 2629 705; x_wconf 87' lang='grc' dir='ltr'>κοίλης</span> <span class='ocrx_word' id='word_1_125' title='bbox 2685 637 2899 707; x_wconf 80' lang='grc' dir='ltr'>κρατῶν</span> <span class='ocrx_word' id='word_1_126' title='bbox 2959 631 3366 707; x_wconf 86' lang='grc' dir='ltr'>Λακεδαίμονος</span> <span class='ocrx_word' id='word_1_127' title='bbox 3441 634 3706 709; x_wconf 86' lang='grc' dir='ltr'>τύραννος</span> 
     </span>
    </p>
   </div>
   <div class='ocr_carea' id='block_1_20' title="bbox 2053 719 3705 796">
    <p class='ocr_par' dir='ltr' id='par_1_20' title="bbox 2053 719 3705 796">
     <span class='ocr_line' id='line_1_20' title="bbox 2053 719 3705 796; baseline 0.001 -21"><span class='ocrx_word' id='word_1_128' title='bbox 2053 720 2119 788; x_wconf 84' lang='grc' dir='ltr'><strong>ἧν</strong></span> <span class='ocrx_word' id='word_1_129' title='bbox 2146 726 2255 776; x_wconf 81' lang='grc' dir='ltr'><strong>τῶν</strong></span> <span class='ocrx_word' id='word_1_130' title='bbox 2286 722 2575 777; x_wconf 84' lang='grc' dir='ltr'><strong>Λακώνων.</strong></span> <span class='ocrx_word' id='word_1_131' title='bbox 2606 721 2886 780; x_wconf 73' lang='grc' dir='ltr'>Δῒτωλίαν</span> <span class='ocrx_word' id='word_1_132' title='bbox 2929 719 2987 778; x_wconf 64' lang='grc' dir='ltr'>δὲ</span> <span class='ocrx_word' id='word_1_133' title='bbox 3033 724 3123 777; x_wconf 82' lang='grc' dir='ltr'><strong>καὶ</strong></span> <span class='ocrx_word' id='word_1_134' title='bbox 3171 722 3237 777; x_wconf 79' lang='grc' dir='ltr'><strong>τὰ</strong></span> <span class='ocrx_word' id='word_1_135' title='bbox 3279 727 3349 796; x_wconf 83' lang='grc' dir='ltr'><strong>τῇ</strong></span> <span class='ocrx_word' id='word_1_136' title='bbox 3402 721 3705 784; x_wconf 82' lang='grc' dir='ltr'>Νικόπόλει</span> 
     </span>
    </p>
   </div>
   <div class='ocr_carea' id='block_1_21' title="bbox 2051 811 3701 889">
    <p class='ocr_par' dir='ltr' id='par_1_21' title="bbox 2051 811 3701 889">
     <span class='ocr_line' id='line_1_21' title="bbox 2051 811 3701 889; baseline -0.001 -20"><span class='ocrx_word' id='word_1_137' title='bbox 2051 815 2509 889; x_wconf 78' lang='grc' dir='ltr'>προσοριζόμενα,</span> <span class='ocrx_word' id='word_1_138' title='bbox 2559 812 2651 868; x_wconf 85' lang='grc' dir='ltr'><strong>καὶ</strong></span> <span class='ocrx_word' id='word_1_139' title='bbox 2708 813 2807 869; x_wconf 73' lang='grc' dir='ltr'><strong>ὅσα</strong></span> <span class='ocrx_word' id='word_1_140' title='bbox 2861 814 3107 887; x_wconf 77' lang='grc' dir='ltr'><strong>πρόεισιν</strong></span> <span class='ocrx_word' id='word_1_141' title='bbox 3170 812 3224 878; x_wconf 81' lang='grc' dir='ltr'>ὲς</span> <span class='ocrx_word' id='word_1_142' title='bbox 3283 811 3635 885; x_wconf 87' lang='grc' dir='ltr'>Ἐπίδαμνον,</span> <span class='ocrx_word' id='word_1_143' title='bbox 3670 814 3701 868; x_wconf 95' lang='lat'><strong>6</strong></span> 
     </span>
    </p>
   </div>
   <div class='ocr_carea' id='block_1_22' title="bbox 2054 901 3696 978">
    <p class='ocr_par' dir='ltr' id='par_1_22' title="bbox 2054 901 3696 978">
     <span class='ocr_line' id='line_1_22' title="bbox 2054 901 3696 978; baseline -0.001 -18"><span class='ocrx_word' id='word_1_144' title='bbox 2054 903 2291 978; x_wconf 79' lang='grc' dir='ltr'><strong>Μιχαὴλ</strong></span> <span class='ocrx_word' id='word_1_145' title='bbox 2352 901 2628 973; x_wconf 85' lang='grc' dir='ltr'>ἶδιώσατο,</span> <span class='ocrx_word' id='word_1_146' title='bbox 2677 903 2736 958; x_wconf 88' lang='grc' dir='ltr'><strong>’ὸν</strong></span> <span class='ocrx_word' id='word_1_147' title='bbox 2795 902 2855 957; x_wconf 84' lang='grc' dir='ltr'>ἐκ</span> <span class='ocrx_word' id='word_1_148' title='bbox 2905 904 3228 978; x_wconf 72' lang='grc' dir='ltr'><strong>σπερμάτων</strong></span> <span class='ocrx_word' id='word_1_149' title='bbox 3294 905 3522 959; x_wconf 79' lang='grc' dir='ltr'><strong>σκοτίων</strong></span> <span class='ocrx_word' id='word_1_150' title='bbox 3551 904 3579 958; x_wconf 97' lang='lat'><strong>6</strong></span> <span class='ocrx_word' id='word_1_151' title='bbox 3611 925 3696 959; x_wconf 79' lang='grc' dir='ltr'>σε-</span> 
     </span>
    </p>
   </div>
   <div class='ocr_carea' id='block_1_23' title="bbox 2052 988 3695 1070">
    <p class='ocr_par' dir='ltr' id='par_1_23' title="bbox 2052 988 3695 1070">
     <span class='ocr_line' id='line_1_23' title="bbox 2052 988 3695 1070; baseline 0.002 -25"><span class='ocrx_word' id='word_1_152' title='bbox 2052 988 2437 1068; x_wconf 81' lang='grc' dir='ltr'>ϐαστοκράτωρ</span> <span class='ocrx_word' id='word_1_153' title='bbox 2497 992 2776 1070; x_wconf 75' lang='grc' dir='ltr'>ἐφύτευσεν</span> <span class='ocrx_word' id='word_1_154' title='bbox 2838 993 3112 1064; x_wconf 74' lang='grc' dir='ltr'>Ἰωάννης.</span> <span class='ocrx_word' id='word_1_155' title='bbox 3171 994 3227 1046; x_wconf 80' lang='lat'><strong>&#39;0</strong></span> <span class='ocrx_word' id='word_1_156' title='bbox 3286 992 3343 1049; x_wconf 72' lang='grc' dir='ltr'>δὲ</span> <span class='ocrx_word' id='word_1_157' title='bbox 3402 995 3695 1069; x_wconf 83' lang='grc' dir='ltr'>μαρκέσιος</span> 
     </span>
    </p>
   </div>
   <div class='ocr_carea' id='block_1_24' title="bbox 2053 1079 3695 1158">
    <p class='ocr_par' dir='ltr' id='par_1_24' title="bbox 2053 1079 3695 1158">
     <span class='ocr_line' id='line_1_24' title="bbox 2053 1079 3695 1158; baseline -0.001 -20"><span class='ocrx_word' id='word_1_158' title='bbox 2053 1080 2368 1158; x_wconf 72' lang='grc' dir='ltr'>Βονιφείτιος</span> <span class='ocrx_word' id='word_1_159' title='bbox 2420 1085 2489 1156; x_wconf 79' lang='grc' dir='ltr'><strong>τῇ</strong></span> <span class='ocrx_word' id='word_1_160' title='bbox 2548 1079 2913 1157; x_wconf 74' lang='grc' dir='ltr'><strong>Θεσσαλονίκῃ</strong></span> <span class='ocrx_word' id='word_1_161' title='bbox 2973 1079 3349 1157; x_wconf 82' lang='grc' dir='ltr'>προσεδρεύων</span> <span class='ocrx_word' id='word_1_162' title='bbox 3406 1082 3695 1154; x_wconf 78' lang='grc' dir='ltr'>ὑποκειμέ-</span> 
     </span>
    </p>
   </div>
   <div class='ocr_carea' id='block_1_25' title="bbox 2048 1168 3694 1247">
    <p class='ocr_par' dir='ltr' id='par_1_25' title="bbox 2048 1168 3694 1247">
     <span class='ocr_line' id='line_1_25' title="bbox 2048 1168 3694 1247; baseline 0.001 -23"><span class='ocrx_word' id='word_1_163' title='bbox 2048 1191 2147 1241; x_wconf 91' lang='grc' dir='ltr'><strong>νην</strong></span> <span class='ocrx_word' id='word_1_164' title='bbox 2178 1172 2326 1247; x_wconf 70' lang='grc' dir='ltr'>εἶχεν</span> <span class='ocrx_word' id='word_1_165' title='bbox 2356 1172 2531 1244; x_wconf 68' lang='grc' dir='ltr'>ἑαυτῷ</span> <span class='ocrx_word' id='word_1_166' title='bbox 2559 1171 2658 1241; x_wconf 84' lang='grc' dir='ltr'>τὴν</span> <span class='ocrx_word' id='word_1_167' title='bbox 2716 1168 2768 1233; x_wconf 77' lang='grc' dir='ltr'>ἒς</span> <span class='ocrx_word' id='word_1_168' title='bbox 2815 1170 3089 1246; x_wconf 85' lang='grc' dir='ltr'>Ἀλμυρὸν</span> <span class='ocrx_word' id='word_1_169' title='bbox 3139 1173 3289 1247; x_wconf 71' lang='grc'><strong>[410]</strong></span> <span class='ocrx_word' id='word_1_170' title='bbox 3334 1171 3694 1245; x_wconf 79' lang='grc' dir='ltr'><strong>ὑποκειμένης</strong></span> 
     </span>
    </p>
   </div>
   <div class='ocr_carea' id='block_1_26' title="bbox 2048 1256 3689 1336">
    <p class='ocr_par' dir='ltr' id='par_1_26' title="bbox 2048 1256 3689 1336">
     <span class='ocr_line' id='line_1_26' title="bbox 2048 1256 3689 1336; baseline 0.001 -23"><span class='ocrx_word' id='word_1_171' title='bbox 2048 1259 2320 1336; x_wconf 86' lang='grc' dir='ltr'>ἀγχίαλον</span> <span class='ocrx_word' id='word_1_172' title='bbox 2388 1266 2584 1325; x_wconf 81' lang='grc' dir='ltr'>πᾶσαν,</span> <span class='ocrx_word' id='word_1_173' title='bbox 2651 1260 2742 1314; x_wconf 83' lang='grc' dir='ltr'><strong>καὶ</strong></span> <span class='ocrx_word' id='word_1_174' title='bbox 2806 1256 3009 1315; x_wconf 90' lang='grc' dir='ltr'>πεδίων</span> <span class='ocrx_word' id='word_1_175' title='bbox 3059 1261 3269 1335; x_wconf 74' lang='grc' dir='ltr'>ἤρχετο</span> <span class='ocrx_word' id='word_1_176' title='bbox 3323 1259 3689 1335; x_wconf 81' lang='grc' dir='ltr'>Λαρισσαίων,</span> 
     </span>
    </p>
   </div>
   <div class='ocr_carea' id='block_1_27' title="bbox 2047 1347 3688 1427">
    <p class='ocr_par' dir='ltr' id='par_1_27' title="bbox 2047 1347 3688 1427">
     <span class='ocr_line' id='line_1_27' title="bbox 2047 1347 3688 1427; baseline -0.001 -23"><span class='ocrx_word' id='word_1_177' title='bbox 2047 1350 2137 1404; x_wconf 85' lang='grc' dir='ltr'><strong>καὶ</strong></span> <span class='ocrx_word' id='word_1_178' title='bbox 2167 1348 2540 1427; x_wconf 82' lang='grc' dir='ltr'>μετελαγχανε</span> <span class='ocrx_word' id='word_1_179' title='bbox 2566 1354 2674 1404; x_wconf 81' lang='grc' dir='ltr'><strong>τῶν</strong></span> <span class='ocrx_word' id='word_1_180' title='bbox 2710 1348 2891 1427; x_wconf 84' lang='grc' dir='ltr'>φόρων</span> <span class='ocrx_word' id='word_1_181' title='bbox 2926 1349 3121 1404; x_wconf 83' lang='grc' dir='ltr'>ὁπόσαι</span> <span class='ocrx_word' id='word_1_182' title='bbox 3178 1347 3229 1422; x_wconf 77' lang='grc' dir='ltr'><strong>ἐξ</strong></span> <span class='ocrx_word' id='word_1_183' title='bbox 3277 1347 3546 1411; x_wconf 79' lang='grc' dir='ltr'>Ἑλλάδος</span> <span class='ocrx_word' id='word_1_184' title='bbox 3597 1349 3688 1404; x_wconf 83' lang='grc' dir='ltr'><strong>καὶ</strong></span> 
     </span>
    </p>
   </div>
   <div class='ocr_carea' id='block_1_28' title="bbox 2045 1436 3684 1512">
    <p class='ocr_par' dir='ltr' id='par_1_28' title="bbox 2045 1436 3684 1512">
     <span class='ocr_line' id='line_1_28' title="bbox 2045 1436 3684 1512; baseline -0.001 -18"><span class='ocrx_word' id='word_1_185' title='bbox 2045 1445 2145 1507; x_wconf 79' lang='grc' dir='ltr'><strong>τῆς</strong></span> <span class='ocrx_word' id='word_1_186' title='bbox 2176 1441 2341 1509; x_wconf 93' lang='grc' dir='ltr'>νήσου</span> <span class='ocrx_word' id='word_1_187' title='bbox 2371 1443 2470 1494; x_wconf 84' lang='grc' dir='ltr'><strong>τοῦ</strong></span> <span class='ocrx_word' id='word_1_188' title='bbox 2504 1437 2753 1501; x_wconf 84' lang='grc' dir='ltr'>Πέλοπος</span> <span class='ocrx_word' id='word_1_189' title='bbox 2793 1437 3231 1512; x_wconf 79' lang='grc' dir='ltr'>εἶσεπράεσοντο.</span> <span class='ocrx_word' id='word_1_190' title='bbox 3283 1439 3404 1494; x_wconf 86' lang='grc' dir='ltr'>Ἐπὶ</span> <span class='ocrx_word' id='word_1_191' title='bbox 3454 1436 3511 1493; x_wconf 74' lang='grc' dir='ltr'>δὲ</span> <span class='ocrx_word' id='word_1_192' title='bbox 3555 1439 3684 1495; x_wconf 84' lang='grc' dir='ltr'>τού-</span> 
     </span>
    </p>
   </div>
   <div class='ocr_carea' id='block_1_29' title="bbox 2043 1525 3684 1603">
    <p class='ocr_par' dir='ltr' id='par_1_29' title="bbox 2043 1525 3684 1603">
     <span class='ocr_line' id='line_1_29' title="bbox 2043 1525 3684 1603; baseline 0 -21"><span class='ocrx_word' id='word_1_193' title='bbox 2043 1548 2158 1590; x_wconf 89' lang='grc' dir='ltr'>τοις</span> <span class='ocrx_word' id='word_1_194' title='bbox 2190 1527 2279 1582; x_wconf 86' lang='grc' dir='ltr'><strong>καί</strong></span> <span class='ocrx_word' id='word_1_195' title='bbox 2333 1526 2508 1591; x_wconf 78' lang='grc' dir='ltr'>ἄλλος</span> <span class='ocrx_word' id='word_1_196' title='bbox 2551 1547 2634 1590; x_wconf 89' lang='grc' dir='ltr'><strong>τις</strong></span> <span class='ocrx_word' id='word_1_197' title='bbox 2680 1528 2747 1582; x_wconf 80' lang='grc' dir='ltr'><strong>τὰ</strong></span> <span class='ocrx_word' id='word_1_198' title='bbox 2794 1525 3087 1590; x_wconf 77' lang='grc' dir='ltr'>Θετταλίας</span> <span class='ocrx_word' id='word_1_199' title='bbox 3134 1530 3384 1602; x_wconf 82' lang='grc' dir='ltr'>κατέχων</span> <span class='ocrx_word' id='word_1_200' title='bbox 3418 1526 3684 1603; x_wconf 77' lang='grc' dir='ltr'>μετέωρα,</span> 
     </span>
    </p>
   </div>
   <div class='ocr_carea' id='block_1_30' title="bbox 2044 1615 3683 1695">
    <p class='ocr_par' dir='ltr' id='par_1_30' title="bbox 2044 1615 3683 1695">
     <span class='ocr_line' id='line_1_30' title="bbox 2044 1615 3683 1695; baseline -0.001 -23"><span class='ocrx_word' id='word_1_201' title='bbox 2044 1619 2078 1672; x_wconf 86' lang='grc' dir='ltr'>ἇί</span> <span class='ocrx_word' id='word_1_202' title='bbox 2104 1622 2197 1673; x_wconf 81' lang='grc' dir='ltr'><strong>νῦν</strong></span> <span class='ocrx_word' id='word_1_203' title='bbox 2234 1615 2449 1695; x_wconf 79' lang='grc' dir='ltr'>μεγάλη</span> <span class='ocrx_word' id='word_1_204' title='bbox 2482 1615 2702 1692; x_wconf 87' lang='grc' dir='ltr'>Βλαχία</span> <span class='ocrx_word' id='word_1_205' title='bbox 2732 1615 3111 1688; x_wconf 79' lang='grc' dir='ltr'>κικλήσκεται,</span> <span class='ocrx_word' id='word_1_206' title='bbox 3157 1617 3450 1692; x_wconf 81' lang='grc' dir='ltr'>τοπάρχης</span> <span class='ocrx_word' id='word_1_207' title='bbox 3475 1618 3545 1685; x_wconf 70' lang='grc' dir='ltr'>ἦν</span> <span class='ocrx_word' id='word_1_208' title='bbox 3573 1622 3683 1671; x_wconf 76' lang='grc' dir='ltr'><strong>τῶν</strong></span> 
     </span>
    </p>
   </div>
   <div class='ocr_carea' id='block_1_31' title="bbox 2042 1703 3683 1782">
    <p class='ocr_par' dir='ltr' id='par_1_31' title="bbox 2042 1703 3683 1782">
     <span class='ocr_line' id='line_1_31' title="bbox 2042 1703 3683 1782; baseline -0.001 -20"><span class='ocrx_word' id='word_1_209' title='bbox 2042 1706 2171 1765; x_wconf 77' lang='grc' dir='ltr'>ἐκεῖ.</span> <span class='ocrx_word' id='word_1_210' title='bbox 2226 1707 2317 1769; x_wconf 84' lang='grc' dir='ltr'><strong>Εἷς</strong></span> <span class='ocrx_word' id='word_1_211' title='bbox 2372 1706 2635 1768; x_wconf 83' lang='grc' dir='ltr'>τοσαύτας</span> <span class='ocrx_word' id='word_1_212' title='bbox 2688 1704 2744 1762; x_wconf 70' lang='grc' dir='ltr'>δὲ</span> <span class='ocrx_word' id='word_1_213' title='bbox 2800 1704 3115 1782; x_wconf 80' lang='grc' dir='ltr'>τυραννίδας</span> <span class='ocrx_word' id='word_1_214' title='bbox 3174 1703 3538 1781; x_wconf 76' lang='grc' dir='ltr'>διαιρεθείσης</span> <span class='ocrx_word' id='word_1_215' title='bbox 3583 1708 3683 1775; x_wconf 75' lang='grc' dir='ltr'>τῆς</span> 
     </span>
    </p>
   </div>
   <div class='ocr_carea' id='block_1_32' title="bbox 279 1791 1921 1897">
    <p class='ocr_par' dir='ltr' id='par_1_32' title="bbox 279 1792 1921 1875">
     <span class='ocr_line' id='line_1_32' title="bbox 279 1792 1921 1875; baseline -0.004 -18"><span class='ocrx_word' id='word_1_216' title='bbox 279 1803 467 1875; x_wconf 84' lang='lat' dir='ltr'><strong>gratia</strong></span> <span class='ocrx_word' id='word_1_217' title='bbox 495 1801 684 1859; x_wconf 87' lang='lat' dir='ltr'><strong>virum</strong></span> <span class='ocrx_word' id='word_1_218' title='bbox 716 1816 851 1856; x_wconf 92' lang='lat' dir='ltr'><strong>eum</strong></span> <span class='ocrx_word' id='word_1_219' title='bbox 909 1798 1063 1855; x_wconf 73' lang='lat'><strong>842</strong></span> <span class='ocrx_word' id='word_1_220' title='bbox 1120 1814 1240 1853; x_wconf 67' lang='lat' dir='ltr'><strong>suae</strong></span> <span class='ocrx_word' id='word_1_221' title='bbox 1294 1811 1514 1851; x_wconf 63' lang='lat' dir='ltr'><strong>mensis</strong></span> <span class='ocrx_word' id='word_1_222' title='bbox 1554 1795 1842 1863; x_wconf 85' lang='lat' dir='ltr'><strong>adhibuit,</strong></span> <span class='ocrx_word' id='word_1_223' title='bbox 1875 1792 1921 1851; x_wconf 81' lang='lat' dir='ltr'><strong>cl</strong></span> 
     </span>
    </p>
   </div>
   <div class='ocr_carea' id='block_1_33' title="bbox 2034 1791 3680 1897">
    <p class='ocr_par' dir='ltr' id='par_1_33' title="bbox 2040 1792 3680 1897">
     <span class='ocr_line' id='line_1_33' title="bbox 2040 1792 3680 1897; baseline -0.001 -47"><span class='ocrx_word' id='word_1_224' title='bbox 2040 1794 2264 1871; x_wconf 74' lang='grc' dir='ltr'>ἑσπέρας</span> <span class='ocrx_word' id='word_1_225' title='bbox 2312 1794 2365 1897; x_wconf 70' lang='grc' dir='ltr'><strong>τί</strong></span> <span class='ocrx_word' id='word_1_226' title='bbox 2425 1796 2520 1868; x_wconf 77' lang='grc' dir='ltr'>μὶν</span> <span class='ocrx_word' id='word_1_227' title='bbox 2553 1799 2664 1851; x_wconf 80' lang='grc' dir='ltr'><strong>τῶν</strong></span> <span class='ocrx_word' id='word_1_228' title='bbox 2723 1794 2905 1851; x_wconf 78' lang='grc' dir='ltr'>καλῶν</span> <span class='ocrx_word' id='word_1_229' title='bbox 2967 1795 3066 1851; x_wconf 75' lang='grc' dir='ltr'>οὐκ</span> <span class='ocrx_word' id='word_1_230' title='bbox 3123 1796 3289 1865; x_wconf 83' lang='grc' dir='ltr'>ἀπῆν,</span> <span class='ocrx_word' id='word_1_231' title='bbox 3349 1795 3402 1849; x_wconf 90' lang='grc' dir='ltr'><strong>τί</strong></span> <span class='ocrx_word' id='word_1_232' title='bbox 3458 1792 3516 1850; x_wconf 75' lang='grc' dir='ltr'>δὲ</span> <span class='ocrx_word' id='word_1_233' title='bbox 3571 1800 3680 1850; x_wconf 81' lang='grc' dir='ltr'><strong>τῶν</strong></span> 
     </span>
    </p>
   </div>
   <div class='ocr_carea' id='block_1_34' title="bbox 278 1883 1921 1964">
    <p class='ocr_par' dir='ltr' id='par_1_34' title="bbox 278 1884 1921 1964">
     <span class='ocr_line' id='line_1_34' title="bbox 278 1884 1921 1964; baseline -0.004 -17"><span class='ocrx_word' id='word_1_234' title='bbox 278 1906 519 1964; x_wconf 91' lang='lat' dir='ltr'><strong>corpore</strong></span> <span class='ocrx_word' id='word_1_235' title='bbox 548 1889 635 1947; x_wconf 89' lang='lat' dir='ltr'><strong>illi</strong></span> <span class='ocrx_word' id='word_1_236' title='bbox 663 1890 1016 1962; x_wconf 87' lang='lat' dir='ltr'><strong>conjunctus</strong></span> <span class='ocrx_word' id='word_1_237' title='bbox 1049 1886 1243 1941; x_wconf 89' lang='lat' dir='ltr'><strong>animo</strong></span> <span class='ocrx_word' id='word_1_238' title='bbox 1273 1901 1436 1956; x_wconf 66' lang='lat' dir='ltr'><strong>aeque</strong></span> <span class='ocrx_word' id='word_1_239' title='bbox 1465 1901 1531 1939; x_wconf 87' lang='lat' dir='ltr'><strong>ac</strong></span> <span class='ocrx_word' id='word_1_240' title='bbox 1562 1884 1722 1956; x_wconf 88' lang='lat' dir='ltr'><strong>prius</strong></span> <span class='ocrx_word' id='word_1_241' title='bbox 1754 1884 1827 1939; x_wconf 89' lang='lat' dir='ltr'><strong>ab</strong></span> <span class='ocrx_word' id='word_1_242' title='bbox 1856 1902 1921 1941; x_wconf 89' lang='lat' dir='ltr'><strong>eo</strong></span> 
     </span>
    </p>
   </div>
   <div class='ocr_carea' id='block_1_35' title="bbox 2034 1883 3680 1964">
    <p class='ocr_par' dir='ltr' id='par_1_35' title="bbox 2034 1883 3680 1960">
     <span class='ocr_line' id='line_1_35' title="bbox 2034 1883 3680 1960; baseline 0 -22"><span class='ocrx_word' id='word_1_243' title='bbox 2034 1888 2212 1940; x_wconf 82' lang='grc' dir='ltr'>κακῶν</span> <span class='ocrx_word' id='word_1_244' title='bbox 2274 1883 2336 1940; x_wconf 80' lang='grc' dir='ltr'>οὐ</span> <span class='ocrx_word' id='word_1_245' title='bbox 2382 1890 2609 1959; x_wconf 85' lang='grc' dir='ltr'>παρῆν;</span> <span class='ocrx_word' id='word_1_246' title='bbox 2661 1885 2968 1960; x_wconf 83' lang='grc' dir='ltr'>χρημάτων</span> <span class='ocrx_word' id='word_1_247' title='bbox 3023 1884 3350 1959; x_wconf 82' lang='grc' dir='ltr'>ἀφαιρέσεις,</span> <span class='ocrx_word' id='word_1_248' title='bbox 3396 1889 3503 1939; x_wconf 83' lang='grc' dir='ltr'><strong>τῶν</strong></span> <span class='ocrx_word' id='word_1_249' title='bbox 3560 1884 3680 1959; x_wconf 84' lang='grc' dir='ltr'>θρε-</span> 
     </span>
    </p>
   </div>
   <div class='ocr_carea' id='block_1_36' title="bbox 276 1971 1924 2048">
    <p class='ocr_par' dir='ltr' id='par_1_36' title="bbox 276 1971 1924 2048">
     <span class='ocr_line' id='line_1_36' title="bbox 276 1971 1924 2048; baseline -0.006 -9"><span class='ocrx_word' id='word_1_250' title='bbox 276 1980 645 2041; x_wconf 87' lang='lat' dir='ltr'><strong>abhorrebat.</strong></span> <span class='ocrx_word' id='word_1_251' title='bbox 679 1980 840 2036; x_wconf 85' lang='lat' dir='ltr'><strong>Unde</strong></span> <span class='ocrx_word' id='word_1_252' title='bbox 878 1977 1046 2033; x_wconf 88' lang='lat' dir='ltr'><strong>illum</strong></span> <span class='ocrx_word' id='word_1_253' title='bbox 1080 1975 1241 2048; x_wconf 88' lang='lat' dir='ltr'><strong>prius</strong></span> <span class='ocrx_word' id='word_1_254' title='bbox 1273 1973 1503 2031; x_wconf 73' lang='lat' dir='ltr'><strong>effossis</strong></span> <span class='ocrx_word' id='word_1_255' title='bbox 1558 1971 1763 2037; x_wconf 87' lang='lat' dir='ltr'><strong>oculis,</strong></span> <span class='ocrx_word' id='word_1_256' title='bbox 1796 1990 1924 2044; x_wconf 88' lang='lat' dir='ltr'><strong>pos-</strong></span> 
     </span>
    </p>
   </div>
   <div class='ocr_carea' id='block_1_37' title="bbox 272 2065 1053 2142">
    <p class='ocr_par' dir='ltr' id='par_1_37' title="bbox 272 2065 1053 2142">
     <span class='ocr_line' id='line_1_37' title="bbox 272 2065 1053 2142; baseline -0.013 -13"><span class='ocrx_word' id='word_1_257' title='bbox 272 2077 365 2129; x_wconf 85' lang='lat' dir='ltr'><strong>tea</strong></span> <span class='ocrx_word' id='word_1_258' title='bbox 397 2072 466 2128; x_wconf 89' lang='lat' dir='ltr'><strong>de</strong></span> <span class='ocrx_word' id='word_1_259' title='bbox 498 2086 641 2141; x_wconf 90' lang='lat' dir='ltr'><strong>rupe</strong></span> <span class='ocrx_word' id='word_1_260' title='bbox 654 2065 1053 2142; x_wconf 82' lang='lat' dir='ltr'><strong>praecipitavit.</strong></span> 
     </span>
    </p>
   </div>
   <div class='ocr_carea' id='block_1_38' title="bbox 2033 1973 3679 2052">
    <p class='ocr_par' dir='ltr' id='par_1_38' title="bbox 2033 1973 3679 2052">
     <span class='ocr_line' id='line_1_38' title="bbox 2033 1973 3679 2052; baseline 0.001 -25"><span class='ocrx_word' id='word_1_261' title='bbox 2033 1974 2286 2048; x_wconf 78' lang='grc' dir='ltr'>ψαμένων</span> <span class='ocrx_word' id='word_1_262' title='bbox 2339 1975 2451 2048; x_wconf 89' lang='lat'><strong>(80)</strong></span> <span class='ocrx_word' id='word_1_263' title='bbox 2521 1973 2845 2041; x_wconf 72' lang='grc' dir='ltr'>έκτοπίσεις,</span> <span class='ocrx_word' id='word_1_264' title='bbox 2915 1975 3111 2052; x_wconf 84' lang='grc' dir='ltr'>σφαγαὶ</span> <span class='ocrx_word' id='word_1_265' title='bbox 3178 1975 3267 2029; x_wconf 86' lang='grc' dir='ltr'><strong>καὶ</strong></span> <span class='ocrx_word' id='word_1_266' title='bbox 3359 1974 3523 2050; x_wconf 83' lang='grc' dir='ltr'>φυγαὶ</span> <span class='ocrx_word' id='word_1_267' title='bbox 3588 1973 3679 2029; x_wconf 85' lang='grc' dir='ltr'><strong>καὶ</strong></span> 
     </span>
    </p>
   </div>
   <div class='ocr_carea' id='block_1_39' title="bbox 2034 2061 3679 2138">
    <p class='ocr_par' dir='ltr' id='par_1_39' title="bbox 2034 2061 3679 2138">
     <span class='ocr_line' id='line_1_39' title="bbox 2034 2061 3679 2138; baseline 0.001 -22"><span class='ocrx_word' id='word_1_268' title='bbox 2034 2062 2202 2138; x_wconf 89' lang='grc' dir='ltr'>μυρία</span> <span class='ocrx_word' id='word_1_269' title='bbox 2230 2064 2367 2137; x_wconf 75' lang='grc' dir='ltr'>πρὸς</span> <span class='ocrx_word' id='word_1_270' title='bbox 2393 2063 2612 2127; x_wconf 78' lang='grc' dir='ltr'>τούτοις</span> <span class='ocrx_word' id='word_1_271' title='bbox 2651 2061 2796 2119; x_wconf 76' lang='grc' dir='ltr'>ἄλλα</span> <span class='ocrx_word' id='word_1_272' title='bbox 2846 2061 3013 2134; x_wconf 75' lang='grc' dir='ltr'>δεινὰ,</span> <span class='ocrx_word' id='word_1_273' title='bbox 3065 2064 3139 2119; x_wconf 84' lang='grc' dir='ltr'><strong>ὧν</strong></span> <span class='ocrx_word' id='word_1_274' title='bbox 3189 2063 3257 2119; x_wconf 82' lang='grc' dir='ltr'><strong>τὰ</strong></span> <span class='ocrx_word' id='word_1_275' title='bbox 3296 2061 3475 2119; x_wconf 85' lang='grc' dir='ltr'>πλείω</span> <span class='ocrx_word' id='word_1_276' title='bbox 3518 2064 3572 2118; x_wconf 72' lang='grc' dir='ltr'>οἱ</span> <span class='ocrx_word' id='word_1_277' title='bbox 3618 2063 3679 2118; x_wconf 81' lang='grc' dir='ltr'>ἐκ</span> 
     </span>
    </p>
   </div>
   <div class='ocr_carea' id='block_1_40' title="bbox 276 2146 3679 2233">
    <p class='ocr_par' dir='ltr' id='par_1_40' title="bbox 276 2146 3679 2233">
     <span class='ocr_line' id='line_1_40' title="bbox 276 2146 3679 2233; baseline -0.002 -18"><span class='ocrx_word' id='word_1_278' title='bbox 276 2160 572 2233; x_wconf 86' lang='grc' dir='ltr'>Ῥωμαίων</span> <span class='ocrx_word' id='word_1_279' title='bbox 620 2154 943 2229; x_wconf 81' lang='grc' dir='ltr'>ἐπετόλμων</span> <span class='ocrx_word' id='word_1_280' title='bbox 988 2151 1258 2229; x_wconf 89' lang='grc' dir='ltr'>τύραννοι,</span> <span class='ocrx_word' id='word_1_281' title='bbox 1309 2150 1547 2225; x_wconf 83' lang='grc' dir='ltr'>μάλιστα</span> <span class='ocrx_word' id='word_1_282' title='bbox 1600 2146 1645 2204; x_wconf 91' lang='grc' dir='ltr'>δ’</span> <span class='ocrx_word' id='word_1_283' title='bbox 1695 2150 1943 2205; x_wconf 84' lang='grc' dir='ltr'>ἁπάντων</span> <span class='ocrx_word' id='word_1_284' title='bbox 1989 2152 2018 2205; x_wconf 88' lang='lat'><strong>6</strong></span> <span class='ocrx_word' id='word_1_285' title='bbox 2059 2152 2304 2229; x_wconf 83' lang='grc' dir='ltr'>Σγουρὸς</span> <span class='ocrx_word' id='word_1_286' title='bbox 2350 2153 2521 2223; x_wconf 82' lang='grc' dir='ltr'>Λέων,</span> <span class='ocrx_word' id='word_1_287' title='bbox 2572 2151 2632 2216; x_wconf 76' lang='grc' dir='ltr'><strong>ὅς</strong></span> <span class='ocrx_word' id='word_1_288' title='bbox 2690 2150 2815 2210; x_wconf 71' lang='grc' dir='ltr'>οὐδὲ</span> <span class='ocrx_word' id='word_1_289' title='bbox 2860 2160 2964 2223; x_wconf 89' lang='grc' dir='ltr'><strong>τῆς</strong></span> <span class='ocrx_word' id='word_1_290' title='bbox 3023 2153 3350 2229; x_wconf 72' lang='grc' dir='ltr'>γειναμένης</span> <span class='ocrx_word' id='word_1_291' title='bbox 3399 2153 3457 2208; x_wconf 80' lang='grc' dir='ltr'><strong>εὗ</strong></span> <span class='ocrx_word' id='word_1_292' title='bbox 3505 2158 3679 2209; x_wconf 81' lang='grc' dir='ltr'>ποιῶν</span> 
     </span>
    </p>
   </div>
   <div class='ocr_carea' id='block_1_41' title="bbox 279 2233 3679 2326">
    <p class='ocr_par' dir='ltr' id='par_1_41' title="bbox 279 2233 3679 2326">
     <span class='ocr_line' id='line_1_41' title="bbox 279 2233 3679 2326; baseline -0.002 -23"><span class='ocrx_word' id='word_1_293' title='bbox 279 2247 551 2326; x_wconf 78' lang='grc' dir='ltr'>ἐφείσατο,</span> <span class='ocrx_word' id='word_1_294' title='bbox 611 2233 756 2301; x_wconf 83' lang='grc' dir='ltr'><strong>ἀλλᾶ</strong></span> <span class='ocrx_word' id='word_1_295' title='bbox 810 2243 900 2298; x_wconf 82' lang='grc' dir='ltr'><strong>καὶ</strong></span> <span class='ocrx_word' id='word_1_296' title='bbox 958 2246 1037 2315; x_wconf 79' lang='grc' dir='ltr'>τῷ</span> <span class='ocrx_word' id='word_1_297' title='bbox 1092 2243 1192 2310; x_wconf 78' lang='grc' dir='ltr'><strong>τῆς</strong></span> <span class='ocrx_word' id='word_1_298' title='bbox 1251 2237 1651 2315; x_wconf 74' lang='grc' dir='ltr'>μητροπόλεως</span> <span class='ocrx_word' id='word_1_299' title='bbox 1701 2239 1966 2326; x_wconf 81' lang='grc' dir='ltr'>Κορίνθου</span> <span class='ocrx_word' id='word_1_300' title='bbox 2020 2241 2379 2321; x_wconf 84' lang='grc' dir='ltr'>ἆρχιποίμενι</span> <span class='ocrx_word' id='word_1_301' title='bbox 2441 2240 2701 2315; x_wconf 83' lang='grc' dir='ltr'>Νικολάῳ</span> <span class='ocrx_word' id='word_1_302' title='bbox 2758 2242 3117 2316; x_wconf 78' lang='grc' dir='ltr'>σπεισάμενος</span> <span class='ocrx_word' id='word_1_303' title='bbox 3173 2241 3262 2297; x_wconf 85' lang='grc' dir='ltr'><strong>καὶ</strong></span> <span class='ocrx_word' id='word_1_304' title='bbox 3335 2242 3433 2306; x_wconf 81' lang='grc' dir='ltr'><strong>τὰς</strong></span> <span class='ocrx_word' id='word_1_305' title='bbox 3488 2242 3679 2318; x_wconf 85' lang='grc' dir='ltr'>πρώην</span> 
     </span>
    </p>
   </div>
   <div class='ocr_carea' id='block_1_42' title="bbox 280 2325 3681 2413">
    <p class='ocr_par' dir='ltr' id='par_1_42' title="bbox 280 2325 3681 2413">
     <span class='ocr_line' id='line_1_42' title="bbox 280 2325 3681 2413; baseline -0.001 -21"><span class='ocrx_word' id='word_1_306' title='bbox 280 2325 564 2413; x_wconf 83' lang='grc' dir='ltr'>διχονοίας</span> <span class='ocrx_word' id='word_1_307' title='bbox 609 2331 1027 2406; x_wconf 80' lang='grc' dir='ltr'>διαλυσάμενος,</span> <span class='ocrx_word' id='word_1_308' title='bbox 1081 2329 1170 2384; x_wconf 75' lang='grc' dir='ltr'><strong>καὶ</strong></span> <span class='ocrx_word' id='word_1_309' title='bbox 1229 2329 1477 2384; x_wconf 87' lang='grc' dir='ltr'>σύσσιτον</span> <span class='ocrx_word' id='word_1_310' title='bbox 1538 2327 1680 2383; x_wconf 76' lang='grc' dir='ltr'>οὕτω</span> <span class='ocrx_word' id='word_1_311' title='bbox 1729 2330 1823 2384; x_wconf 88' lang='grc' dir='ltr'><strong>τὸν</strong></span> <span class='ocrx_word' id='word_1_312' title='bbox 1875 2325 2038 2406; x_wconf 77' lang='grc' dir='ltr'>ἄνδρα</span> <span class='ocrx_word' id='word_1_313' title='bbox 2094 2328 2477 2409; x_wconf 78' lang='grc' dir='ltr'>παρειληφὼς,</span> <span class='ocrx_word' id='word_1_314' title='bbox 2533 2333 2595 2387; x_wconf 88' lang='grc' dir='ltr'>τὸ</span> <span class='ocrx_word' id='word_1_315' title='bbox 2656 2333 2749 2405; x_wconf 75' lang='grc' dir='ltr'>μὶν</span> <span class='ocrx_word' id='word_1_316' title='bbox 2807 2336 2969 2406; x_wconf 82' lang='grc' dir='ltr'>σῶμα</span> <span class='ocrx_word' id='word_1_317' title='bbox 3021 2330 3295 2394; x_wconf 83' lang='grc' dir='ltr'>συνέστιος</span> <span class='ocrx_word' id='word_1_318' title='bbox 3350 2333 3444 2405; x_wconf 80' lang='grc' dir='ltr'>ἦν,</span> <span class='ocrx_word' id='word_1_319' title='bbox 3502 2333 3565 2388; x_wconf 81' lang='grc' dir='ltr'><strong>τὸ</strong></span> <span class='ocrx_word' id='word_1_320' title='bbox 3623 2329 3681 2390; x_wconf 70' lang='grc' dir='ltr'>δὲ</span> 
     </span>
    </p>
   </div>
   <div class='ocr_carea' id='block_1_43' title="bbox 277 2417 3469 2505">
    <p class='ocr_par' dir='ltr' id='par_1_43' title="bbox 277 2417 3469 2505">
     <span class='ocr_line' id='line_1_43' title="bbox 277 2417 3469 2505; baseline 0 -25"><span class='ocrx_word' id='word_1_321' title='bbox 277 2426 537 2505; x_wconf 77' lang='grc' dir='ltr'>φρόνημα</span> <span class='ocrx_word' id='word_1_322' title='bbox 568 2421 837 2496; x_wconf 76' lang='grc' dir='ltr'>δυσμενὴς</span> <span class='ocrx_word' id='word_1_323' title='bbox 871 2423 1062 2482; x_wconf 83' lang='grc' dir='ltr'>ὁποῖος</span> <span class='ocrx_word' id='word_1_324' title='bbox 1090 2419 1179 2474; x_wconf 81' lang='grc' dir='ltr'><strong>καὶ</strong></span> <span class='ocrx_word' id='word_1_325' title='bbox 1209 2418 1492 2493; x_wconf 85' lang='grc' dir='ltr'>πρότερον,</span> <span class='ocrx_word' id='word_1_326' title='bbox 1524 2417 1643 2474; x_wconf 77' lang='grc' dir='ltr'>ὅθεν</span> <span class='ocrx_word' id='word_1_327' title='bbox 1671 2418 1767 2481; x_wconf 69' lang='grc' dir='ltr'><strong>τὰς</strong></span> <span class='ocrx_word' id='word_1_328' title='bbox 1795 2419 1958 2493; x_wconf 83' lang='grc' dir='ltr'>κόρας</span> <span class='ocrx_word' id='word_1_329' title='bbox 1986 2418 2218 2492; x_wconf 76' lang='grc' dir='ltr'>αἱμάξας</span> <span class='ocrx_word' id='word_1_330' title='bbox 2248 2420 2479 2493; x_wconf 76' lang='grc' dir='ltr'>αἱμάξας</span> <span class='ocrx_word' id='word_1_331' title='bbox 2511 2421 2629 2477; x_wconf 81' lang='grc' dir='ltr'>εἶτα</span> <span class='ocrx_word' id='word_1_332' title='bbox 2658 2421 2749 2476; x_wconf 82' lang='grc' dir='ltr'><strong>καὶ</strong></span> <span class='ocrx_word' id='word_1_333' title='bbox 2779 2422 2913 2477; x_wconf 81' lang='grc' dir='ltr'>κατὰ</span> <span class='ocrx_word' id='word_1_334' title='bbox 2942 2419 3225 2478; x_wconf 74' lang='grc' dir='ltr'>σκοπέλων</span> <span class='ocrx_word' id='word_1_335' title='bbox 3256 2422 3469 2499; x_wconf 83' lang='grc' dir='ltr'>ἀφίησι.</span> 
     </span>
    </p>
   </div>
   <div class='ocr_carea' id='block_1_44' title="bbox 346 2510 1918 2585">
    <p class='ocr_par' dir='ltr' id='par_1_44' title="bbox 346 2510 1918 2585">
     <span class='ocr_line' id='line_1_44' title="bbox 346 2510 1918 2585; baseline -0.005 -13"><span class='ocrx_word' id='word_1_336' title='bbox 346 2517 435 2573; x_wconf 81' lang='grc'><strong>46.</strong></span> <span class='ocrx_word' id='word_1_337' title='bbox 463 2517 527 2572; x_wconf 92' lang='lat' dir='ltr'><strong>In</strong></span> <span class='ocrx_word' id='word_1_338' title='bbox 558 2514 791 2572; x_wconf 86' lang='lat' dir='ltr'><strong>Oriente</strong></span> <span class='ocrx_word' id='word_1_339' title='bbox 845 2529 1015 2585; x_wconf 88' lang='lat' dir='ltr'><strong>porro</strong></span> <span class='ocrx_word' id='word_1_340' title='bbox 1080 2511 1318 2579; x_wconf 82' lang='lat' dir='ltr'><strong>Prusaei,</strong></span> <span class='ocrx_word' id='word_1_341' title='bbox 1365 2510 1711 2579; x_wconf 83' lang='lat' dir='ltr'><strong>Nicaeenses,</strong></span> <span class='ocrx_word' id='word_1_342' title='bbox 1756 2510 1918 2580; x_wconf 80' lang='lat' dir='ltr'><strong>Lydi‘</strong></span> 
     </span>
    </p>
   </div>
   <div class='ocr_carea' id='block_1_45' title="bbox 279 2597 1922 2677">
    <p class='ocr_par' dir='ltr' id='par_1_45' title="bbox 279 2597 1922 2677">
     <span class='ocr_line' id='line_1_45' title="bbox 279 2597 1922 2677; baseline -0.004 -15"><span class='ocrx_word' id='word_1_343' title='bbox 279 2604 647 2677; x_wconf 89' lang='lat' dir='ltr'><strong>Philomclpi,</strong></span> <span class='ocrx_word' id='word_1_344' title='bbox 677 2607 947 2677; x_wconf 82' lang='lat' dir='ltr'><strong>Smyrna,</strong></span> <span class='ocrx_word' id='word_1_345' title='bbox 977 2601 1263 2674; x_wconf 86' lang='lat' dir='ltr'><strong>Ephesus,</strong></span> <span class='ocrx_word' id='word_1_346' title='bbox 1297 2602 1353 2655; x_wconf 89' lang='lat' dir='ltr'><strong>et</strong></span> <span class='ocrx_word' id='word_1_347' title='bbox 1377 2599 1677 2671; x_wconf 83' lang='lat' dir='ltr'><strong>interjecta</strong></span> <span class='ocrx_word' id='word_1_348' title='bbox 1708 2597 1922 2672; x_wconf 83' lang='lat' dir='ltr'><strong>Oppida</strong></span> 
     </span>
    </p>
   </div>
   <div class='ocr_carea' id='block_1_46' title="bbox 275 2689 1921 2765">
    <p class='ocr_par' dir='ltr' id='par_1_46' title="bbox 275 2689 1921 2765">
     <span class='ocr_line' id='line_1_46' title="bbox 275 2689 1921 2765; baseline -0.004 -12"><span class='ocrx_word' id='word_1_349' title='bbox 275 2697 576 2754; x_wconf 88' lang='lat' dir='ltr'><strong>Theodoro</strong></span> <span class='ocrx_word' id='word_1_350' title='bbox 609 2694 840 2753; x_wconf 87' lang='lat' dir='ltr'><strong>Lascari</strong></span> <span class='ocrx_word' id='word_1_351' title='bbox 857 2691 1261 2765; x_wconf 78' lang='lat' dir='ltr'><strong>parebant,qui</strong></span> <span class='ocrx_word' id='word_1_352' title='bbox 1284 2690 1454 2748; x_wconf 84' lang='lat' dir='ltr'><strong>etiam</strong></span> <span class='ocrx_word' id='word_1_353' title='bbox 1470 2689 1656 2761; x_wconf 82' lang='lat' dir='ltr'><strong>longis</strong></span> <span class='ocrx_word' id='word_1_354' title='bbox 1672 2690 1921 2746; x_wconf 86' lang='lat' dir='ltr'><strong>navibus</strong></span> 
     </span>
    </p>
   </div>
   <div class='ocr_carea' id='block_1_47' title="bbox 274 2779 1916 2858">
    <p class='ocr_par' dir='ltr' id='par_1_47' title="bbox 274 2779 1916 2858">
     <span class='ocr_line' id='line_1_47' title="bbox 274 2779 1916 2858; baseline -0.005 -16"><span class='ocrx_word' id='word_1_355' title='bbox 274 2786 571 2843; x_wconf 82' lang='lat' dir='ltr'><strong>fabricatis</strong></span> <span class='ocrx_word' id='word_1_356' title='bbox 602 2784 911 2858; x_wconf 89' lang='lat' dir='ltr'><strong>plerasque</strong></span> <span class='ocrx_word' id='word_1_357' title='bbox 941 2780 1163 2839; x_wconf 85' lang='lat' dir='ltr'><strong>insulas</strong></span> <span class='ocrx_word' id='word_1_358' title='bbox 1225 2779 1475 2850; x_wconf 82' lang='lat' dir='ltr'><strong>subegit,</strong></span> <span class='ocrx_word' id='word_1_359' title='bbox 1506 2784 1563 2835; x_wconf 89' lang='lat' dir='ltr'><strong>et</strong></span> <span class='ocrx_word' id='word_1_360' title='bbox 1611 2795 1750 2850; x_wconf 83' lang='lat' dir='ltr'><strong>pace</strong></span> <span class='ocrx_word' id='word_1_361' title='bbox 1782 2793 1916 2834; x_wconf 88' lang='lat' dir='ltr'><strong>cum</strong></span> 
     </span>
    </p>
   </div>
   <div class='ocr_carea' id='block_1_48' title="bbox 2108 2509 3677 2589">
    <p class='ocr_par' dir='ltr' id='par_1_48' title="bbox 2108 2509 3677 2589">
     <span class='ocr_line' id='line_1_48' title="bbox 2108 2509 3677 2589; baseline 0.001 -24"><span class='ocrx_word' id='word_1_362' title='bbox 2108 2512 2188 2581; x_wconf 81' lang='grc' dir='ltr'><strong>ιζ’.</strong></span> <span class='ocrx_word' id='word_1_363' title='bbox 2224 2512 2367 2567; x_wconf 85' lang='grc' dir='ltr'>Κατὰ</span> <span class='ocrx_word' id='word_1_364' title='bbox 2397 2509 2455 2567; x_wconf 74' lang='grc' dir='ltr'>δὲ</span> <span class='ocrx_word' id='word_1_365' title='bbox 2508 2513 2611 2582; x_wconf 71' lang='grc' dir='ltr'>τὴν</span> <span class='ocrx_word' id='word_1_366' title='bbox 2666 2509 2741 2569; x_wconf 68' lang='grc' dir='ltr'>ἕω</span> <span class='ocrx_word' id='word_1_367' title='bbox 2791 2518 3086 2588; x_wconf 81' lang='grc' dir='ltr'>Προυσαῖοι</span> <span class='ocrx_word' id='word_1_368' title='bbox 3145 2514 3239 2589; x_wconf 70' lang='grc' dir='ltr'>μὶν</span> <span class='ocrx_word' id='word_1_369' title='bbox 3305 2514 3396 2569; x_wconf 79' lang='grc' dir='ltr'><strong>καὶ</strong></span> <span class='ocrx_word' id='word_1_370' title='bbox 3454 2518 3677 2578; x_wconf 85' lang='grc' dir='ltr'>Νικατῖς</span> 
     </span>
    </p>
   </div>
   <div class='ocr_carea' id='block_1_49' title="bbox 2031 2597 3676 2681">
    <p class='ocr_par' dir='ltr' id='par_1_49' title="bbox 2031 2597 3676 2681">
     <span class='ocr_line' id='line_1_49' title="bbox 2031 2597 3676 2681; baseline 0.004 -26"><span class='ocrx_word' id='word_1_371' title='bbox 2031 2597 2198 2656; x_wconf 88' lang='grc' dir='ltr'>Λυδοί</span> <span class='ocrx_word' id='word_1_372' title='bbox 2220 2623 2277 2657; x_wconf 85' lang='grc' dir='ltr'><strong>τε</strong></span> <span class='ocrx_word' id='word_1_373' title='bbox 2306 2600 2395 2657; x_wconf 85' lang='grc' dir='ltr'>καὶ</span> <span class='ocrx_word' id='word_1_374' title='bbox 2428 2603 2479 2656; x_wconf 80' lang='grc' dir='ltr'>οἱ</span> <span class='ocrx_word' id='word_1_375' title='bbox 2510 2598 2870 2677; x_wconf 81' lang='grc' dir='ltr'>Φιλέμολποι</span> <span class='ocrx_word' id='word_1_376' title='bbox 2904 2604 2990 2659; x_wconf 86' lang='grc' dir='ltr'><strong>καὶ</strong></span> <span class='ocrx_word' id='word_1_377' title='bbox 3028 2604 3254 2680; x_wconf 82' lang='grc' dir='ltr'>Σμύρνη</span> <span class='ocrx_word' id='word_1_378' title='bbox 3314 2604 3403 2663; x_wconf 77' lang='grc' dir='ltr'><strong>καὶ</strong></span> <span class='ocrx_word' id='word_1_379' title='bbox 3447 2606 3676 2681; x_wconf 74' lang='grc' dir='ltr'>Ἔφεσος</span> 
     </span>
    </p>
   </div>
   <div class='ocr_carea' id='block_1_50' title="bbox 2029 2689 3680 2769">
    <p class='ocr_par' dir='ltr' id='par_1_50' title="bbox 2029 2689 3680 2769">
     <span class='ocr_line' id='line_1_50' title="bbox 2029 2689 3680 2769; baseline 0.003 -25"><span class='ocrx_word' id='word_1_380' title='bbox 2029 2689 2119 2744; x_wconf 84' lang='grc' dir='ltr'><strong>καὶ</strong></span> <span class='ocrx_word' id='word_1_381' title='bbox 2163 2692 2230 2745; x_wconf 73' lang='grc' dir='ltr'>τὰ</span> <span class='ocrx_word' id='word_1_382' title='bbox 2287 2692 2479 2766; x_wconf 80' lang='grc' dir='ltr'>μεταξὺ</span> <span class='ocrx_word' id='word_1_383' title='bbox 2537 2690 2747 2748; x_wconf 89' lang='grc' dir='ltr'>τούτων</span> <span class='ocrx_word' id='word_1_384' title='bbox 2802 2691 3026 2767; x_wconf 89' lang='grc' dir='ltr'>κείμενα</span> <span class='ocrx_word' id='word_1_385' title='bbox 3075 2691 3345 2769; x_wconf 85' lang='grc' dir='ltr'>Θεοδώρῳ</span> <span class='ocrx_word' id='word_1_386' title='bbox 3391 2690 3680 2769; x_wconf 86' lang='grc' dir='ltr'>προσανεῖ-</span> 
     </span>
    </p>
   </div>
   <div class='ocr_carea' id='block_1_51' title="bbox 2030 2779 3678 2860">
    <p class='ocr_par' dir='ltr' id='par_1_51' title="bbox 2030 2779 3678 2860">
     <span class='ocr_line' id='line_1_51' title="bbox 2030 2779 3678 2860; baseline 0.003 -26"><span class='ocrx_word' id='word_1_387' title='bbox 2030 2799 2131 2857; x_wconf 92' lang='grc' dir='ltr'><strong>χον</strong></span> <span class='ocrx_word' id='word_1_388' title='bbox 2158 2784 2237 2851; x_wconf 82' lang='grc' dir='ltr'>τῷ</span> <span class='ocrx_word' id='word_1_389' title='bbox 2268 2781 2526 2857; x_wconf 76' lang='grc' dir='ltr'>Λᾶσκαρι.</span> <span class='ocrx_word' id='word_1_390' title='bbox 2561 2782 2624 2839; x_wconf 82' lang='grc' dir='ltr'><strong>Ὀ</strong></span> <span class='ocrx_word' id='word_1_391' title='bbox 2655 2779 2712 2837; x_wconf 72' lang='grc' dir='ltr'>δὲ</span> <span class='ocrx_word' id='word_1_392' title='bbox 2758 2782 2850 2837; x_wconf 77' lang='grc' dir='ltr'><strong>καὶ</strong></span> <span class='ocrx_word' id='word_1_393' title='bbox 2897 2784 3031 2851; x_wconf 74' lang='grc' dir='ltr'>νῆας</span> <span class='ocrx_word' id='word_1_394' title='bbox 3089 2783 3298 2859; x_wconf 79' lang='grc' dir='ltr'>μακρὰς</span> <span class='ocrx_word' id='word_1_395' title='bbox 3341 2785 3678 2860; x_wconf 80' lang='grc' dir='ltr'>τεκτηνάμε-</span> 
     </span>
    </p>
   </div>
   <div class='ocr_carea' id='block_1_52' title="bbox 271 2867 1921 2949">
    <p class='ocr_par' dir='ltr' id='par_1_52' title="bbox 271 2867 1917 2941">
     <span class='ocr_line' id='line_1_52' title="bbox 271 2867 1917 2941; baseline -0.006 -9"><span class='ocrx_word' id='word_1_396' title='bbox 271 2876 449 2933; x_wconf 89' lang='lat' dir='ltr'><strong>Iconii</strong></span> <span class='ocrx_word' id='word_1_397' title='bbox 481 2874 714 2932; x_wconf 85' lang='lat' dir='ltr'><strong>sultano</strong></span> <span class='ocrx_word' id='word_1_398' title='bbox 738 2872 1083 2930; x_wconf 88' lang='lat' dir='ltr'><strong>Caichosroe</strong></span> <span class='ocrx_word' id='word_1_399' title='bbox 1106 2871 1258 2926; x_wconf 77' lang='lat' dir='ltr'><strong>facta</strong></span> <span class='ocrx_word' id='word_1_400' title='bbox 1280 2873 1500 2941; x_wconf 86' lang='lat' dir='ltr'><strong>partem</strong></span> <span class='ocrx_word' id='word_1_401' title='bbox 1523 2867 1752 2939; x_wconf 84' lang='lat' dir='ltr'><strong>imperii</strong></span> <span class='ocrx_word' id='word_1_402' title='bbox 1790 2867 1917 2923; x_wconf 78' lang='lat' dir='ltr'><strong>Ma-</strong></span> 
     </span>
    </p>
   </div>
   <div class='ocr_carea' id='block_1_53' title="bbox 2034 2867 3673 2949">
    <p class='ocr_par' dir='ltr' id='par_1_53' title="bbox 2034 2869 3673 2949">
     <span class='ocr_line' id='line_1_53' title="bbox 2034 2869 3673 2949; baseline 0.004 -26"><span class='ocrx_word' id='word_1_403' title='bbox 2034 2889 2119 2931; x_wconf 85' lang='grc' dir='ltr'><strong>νος</strong></span> <span class='ocrx_word' id='word_1_404' title='bbox 2147 2870 2241 2931; x_wconf 82' lang='grc' dir='ltr'><strong>τὰς</strong></span> <span class='ocrx_word' id='word_1_405' title='bbox 2273 2869 2495 2934; x_wconf 83' lang='grc' dir='ltr'>πλείους</span> <span class='ocrx_word' id='word_1_406' title='bbox 2534 2876 2641 2927; x_wconf 82' lang='grc' dir='ltr'>τῶν</span> <span class='ocrx_word' id='word_1_407' title='bbox 2686 2873 2868 2941; x_wconf 84' lang='grc' dir='ltr'>νήσων</span> <span class='ocrx_word' id='word_1_408' title='bbox 2925 2873 3259 2949; x_wconf 79' lang='grc' dir='ltr'>ὑπηγάγετο.</span> <span class='ocrx_word' id='word_1_409' title='bbox 3305 2872 3673 2947; x_wconf 84' lang='grc' dir='ltr'>Σπεισάμενος</span> 
     </span>
    </p>
   </div>
   <div class='ocr_carea' id='block_1_54' title="bbox 271 2940 1921 3036">
    <p class='ocr_par' dir='ltr' id='par_1_54' title="bbox 271 2940 1917 3029">
     <span class='ocr_line' id='line_1_54' title="bbox 271 2940 1917 3029; baseline -0.005 -8"><span class='ocrx_word' id='word_1_410' title='bbox 271 2966 431 3022; x_wconf 89' lang='lat' dir='ltr'><strong>nueli</strong></span> <span class='ocrx_word' id='word_1_411' title='bbox 459 2965 841 3021; x_wconf 85' lang='lat' dir='ltr'><strong>Maurozomss</strong></span> <span class='ocrx_word' id='word_1_412' title='bbox 879 2959 1038 3017; x_wconf 91' lang='lat' dir='ltr'><strong>illius</strong></span> <span class='ocrx_word' id='word_1_413' title='bbox 1069 2975 1267 3016; x_wconf 90' lang='lat' dir='ltr'><strong>socero</strong></span> <span class='ocrx_word' id='word_1_414' title='bbox 1290 2940 1625 3014; x_wconf 86' lang='lat' dir='ltr'><strong>concessit.</strong></span> <span class='ocrx_word' id='word_1_415' title='bbox 1655 2957 1736 3013; x_wconf 84' lang='lat' dir='ltr'><strong>Ea</strong></span> <span class='ocrx_word' id='word_1_416' title='bbox 1783 2972 1917 3029; x_wconf 89' lang='lat' dir='ltr'><strong>pars</strong></span> 
     </span>
    </p>
   </div>
   <div class='ocr_carea' id='block_1_55' title="bbox 2034 2940 3673 3036">
    <p class='ocr_par' dir='ltr' id='par_1_55' title="bbox 2034 2940 3673 3036">
     <span class='ocr_line' id='line_1_55' title="bbox 2034 2940 3673 3036; baseline 0.002 -24"><span class='ocrx_word' id='word_1_417' title='bbox 2034 2954 2203 3013; x_wconf 76' lang='grc' dir='ltr'>δὲκαὶ</span> <span class='ocrx_word' id='word_1_418' title='bbox 2257 2963 2337 3032; x_wconf 81' lang='grc' dir='ltr'><strong>τῷ</strong></span> <span class='ocrx_word' id='word_1_419' title='bbox 2377 2961 2695 3036; x_wconf 75' lang='grc' dir='ltr'>Καῖχοσρόῃ</span> <span class='ocrx_word' id='word_1_420' title='bbox 2744 2940 2845 3033; x_wconf 11' lang='grc' dir='ltr'>ίτῷ</span> <span class='ocrx_word' id='word_1_421' title='bbox 2908 2940 3301 3017; x_wconf 46' lang='grc' dir='ltr'>τοῦἾἹκονίου</span> <span class='ocrx_word' id='word_1_422' title='bbox 3368 2940 3673 3035; x_wconf 79' lang='grc' dir='ltr'>σουλκάνῳ,</span> 
     </span>
    </p>
   </div>
   <div class='ocr_carea' id='block_1_56' title="bbox 270 3045 1913 3123">
    <p class='ocr_par' dir='ltr' id='par_1_56' title="bbox 270 3045 1913 3123">
     <span class='ocr_line' id='line_1_56' title="bbox 270 3045 1913 3123; baseline -0.007 -12"><span class='ocrx_word' id='word_1_423' title='bbox 270 3049 1080 3123; x_wconf 70' lang='lat' dir='ltr'><strong>eratChonaa,meiscriploris</strong></span> <span class='ocrx_word' id='word_1_424' title='bbox 1099 3048 1310 3105; x_wconf 73' lang='lat' dir='ltr'><strong>Nicetes</strong></span> <span class='ocrx_word' id='word_1_425' title='bbox 1333 3046 1537 3120; x_wconf 86' lang='lat' dir='ltr'><strong>patria,</strong></span> <span class='ocrx_word' id='word_1_426' title='bbox 1571 3055 1624 3103; x_wconf 88' lang='lat' dir='ltr'><strong>et</strong></span> <span class='ocrx_word' id='word_1_427' title='bbox 1667 3045 1802 3102; x_wconf 90' lang='lat' dir='ltr'><strong>huic</strong></span> <span class='ocrx_word' id='word_1_428' title='bbox 1842 3045 1913 3099; x_wconf 84' lang='lat' dir='ltr'><strong>fi-</strong></span> 
     </span>
    </p>
   </div>
   <div class='ocr_carea' id='block_1_57' title="bbox 272 3133 1915 3213">
    <p class='ocr_par' dir='ltr' id='par_1_57' title="bbox 272 3133 1915 3213">
     <span class='ocr_line' id='line_1_57' title="bbox 272 3133 1915 3213; baseline -0.005 -16"><span class='ocrx_word' id='word_1_429' title='bbox 272 3142 478 3199; x_wconf 86' lang='lat' dir='ltr'><strong>nitima</strong></span> <span class='ocrx_word' id='word_1_430' title='bbox 508 3140 767 3213; x_wconf 68' lang='lat' dir='ltr'><strong>Phrygiae</strong></span> <span class='ocrx_word' id='word_1_431' title='bbox 798 3139 1103 3206; x_wconf 88' lang='lat' dir='ltr'><strong>Laodicea,</strong></span> <span class='ocrx_word' id='word_1_432' title='bbox 1142 3141 1200 3193; x_wconf 89' lang='lat' dir='ltr'><strong>et</strong></span> <span class='ocrx_word' id='word_1_433' title='bbox 1228 3135 1341 3193; x_wconf 88' lang='lat' dir='ltr'><strong>alia</strong></span> <span class='ocrx_word' id='word_1_434' title='bbox 1371 3136 1497 3192; x_wconf 91' lang='lat' dir='ltr'><strong>loca</strong></span> <span class='ocrx_word' id='word_1_435' title='bbox 1551 3152 1676 3207; x_wconf 78' lang='lat' dir='ltr'><strong>quae</strong></span> <span class='ocrx_word' id='word_1_436' title='bbox 1706 3133 1915 3190; x_wconf 83' lang='lat' dir='ltr'><strong>ﬂuvius</strong></span> 
     </span>
    </p>
   </div>
   <div class='ocr_carea' id='block_1_58' title="bbox 268 3222 1914 3299">
    <p class='ocr_par' dir='ltr' id='par_1_58' title="bbox 268 3222 1914 3299">
     <span class='ocr_line' id='line_1_58' title="bbox 268 3222 1914 3299; baseline -0.007 -11"><span class='ocrx_word' id='word_1_437' title='bbox 268 3232 557 3288; x_wconf 77' lang='lat' dir='ltr'><strong>Maeander</strong></span> <span class='ocrx_word' id='word_1_438' title='bbox 586 3230 851 3286; x_wconf 85' lang='lat' dir='ltr'><strong>anfractu</strong></span> <span class='ocrx_word' id='word_1_439' title='bbox 879 3245 984 3284; x_wconf 91' lang='lat' dir='ltr'><strong>suo</strong></span> <span class='ocrx_word' id='word_1_440' title='bbox 1007 3226 1430 3299; x_wconf 87' lang='lat' dir='ltr'><strong>complectitur,</strong></span> <span class='ocrx_word' id='word_1_441' title='bbox 1453 3225 1635 3280; x_wconf 89' lang='lat' dir='ltr'><strong>donec</strong></span> <span class='ocrx_word' id='word_1_442' title='bbox 1663 3222 1724 3278; x_wconf 89' lang='lat' dir='ltr'><strong>in</strong></span> <span class='ocrx_word' id='word_1_443' title='bbox 1755 3237 1914 3279; x_wconf 84' lang='lat' dir='ltr'><strong>mare</strong></span> 
     </span>
    </p>
   </div>
   <div class='ocr_carea' id='block_1_59' title="bbox 268 3311 1913 3379">
    <p class='ocr_par' dir='ltr' id='par_1_59' title="bbox 268 3311 1913 3379">
     <span class='ocr_line' id='line_1_59' title="bbox 268 3311 1913 3379; baseline -0.007 -1"><span class='ocrx_word' id='word_1_444' title='bbox 268 3318 755 3378; x_wconf 70' lang='lat' dir='ltr'><strong>exeneraLDavid</strong></span> <span class='ocrx_word' id='word_1_445' title='bbox 772 3332 903 3374; x_wconf 70' lang='lat' dir='ltr'><strong>vero</strong></span> <span class='ocrx_word' id='word_1_446' title='bbox 917 3315 1451 3379; x_wconf 79' lang='lat' dir='ltr'><strong>etAlexiusiratrcs,</strong></span> <span class='ocrx_word' id='word_1_447' title='bbox 1484 3311 1746 3369; x_wconf 75' lang='lat' dir='ltr'><strong>Manuale</strong></span> <span class='ocrx_word' id='word_1_448' title='bbox 1796 3313 1913 3367; x_wconf 87' lang='lat' dir='ltr'><strong>An-</strong></span> 
     </span>
    </p>
   </div>
   <div class='ocr_carea' id='block_1_60' title="bbox 267 3401 1911 3477">
    <p class='ocr_par' dir='ltr' id='par_1_60' title="bbox 267 3401 1911 3477">
     <span class='ocr_line' id='line_1_60' title="bbox 267 3401 1911 3477; baseline -0.005 -11"><span class='ocrx_word' id='word_1_449' title='bbox 267 3407 493 3466; x_wconf 85' lang='lat' dir='ltr'><strong>dronici</strong></span> <span class='ocrx_word' id='word_1_450' title='bbox 507 3407 898 3463; x_wconf 83' lang='lat' dir='ltr'><strong>Romanorum</strong></span> <span class='ocrx_word' id='word_1_451' title='bbox 917 3405 1145 3477; x_wconf 80' lang='lat' dir='ltr'><strong>tyranni</strong></span> <span class='ocrx_word' id='word_1_452' title='bbox 1171 3402 1288 3459; x_wconf 83' lang='lat' dir='ltr'><strong>filio</strong></span> <span class='ocrx_word' id='word_1_453' title='bbox 1302 3401 1501 3471; x_wconf 88' lang='lat' dir='ltr'><strong>nati,al</strong></span> <span class='ocrx_word' id='word_1_454' title='bbox 1512 3411 1595 3459; x_wconf 86' lang='lat' dir='ltr'><strong>ter</strong></span> <span class='ocrx_word' id='word_1_455' title='bbox 1615 3401 1784 3458; x_wconf 89' lang='lat' dir='ltr'><strong>Ponti</strong></span> <span class='ocrx_word' id='word_1_456' title='bbox 1803 3402 1911 3457; x_wconf 90' lang='lat' dir='ltr'><strong>lle-</strong></span> 
     </span>
    </p>
   </div>
   <div class='ocr_carea' id='block_1_61' title="bbox 268 3491 1913 3569">
    <p class='ocr_par' dir='ltr' id='par_1_61' title="bbox 268 3491 1913 3569">
     <span class='ocr_line' id='line_1_61' title="bbox 268 3491 1913 3569; baseline -0.005 -13"><span class='ocrx_word' id='word_1_457' title='bbox 268 3498 522 3556; x_wconf 85' lang='lat' dir='ltr'><strong>raclcam</strong></span> <span class='ocrx_word' id='word_1_458' title='bbox 543 3500 600 3554; x_wconf 87' lang='lat' dir='ltr'><strong>et</strong></span> <span class='ocrx_word' id='word_1_459' title='bbox 616 3494 1077 3569; x_wconf 87' lang='lat' dir='ltr'><strong>Paphlagoniam</strong></span> <span class='ocrx_word' id='word_1_460' title='bbox 1098 3492 1477 3566; x_wconf 86' lang='lat' dir='ltr'><strong>gubernabat,</strong></span> <span class='ocrx_word' id='word_1_461' title='bbox 1505 3493 1654 3549; x_wconf 89' lang='lat' dir='ltr'><strong>alter</strong></span> <span class='ocrx_word' id='word_1_462' title='bbox 1684 3491 1913 3548; x_wconf 80' lang='lat' dir='ltr'><strong>Alexius</strong></span> 
     </span>
    </p>
   </div>
   <div class='ocr_carea' id='block_1_62' title="bbox 266 3582 1913 3657">
    <p class='ocr_par' dir='ltr' id='par_1_62' title="bbox 266 3582 1913 3657">
     <span class='ocr_line' id='line_1_62' title="bbox 266 3582 1913 3657; baseline -0.007 -11"><span class='ocrx_word' id='word_1_463' title='bbox 266 3589 537 3647; x_wconf 74' lang='lat' dir='ltr'><strong>OEnmum</strong></span> <span class='ocrx_word' id='word_1_464' title='bbox 568 3590 624 3643; x_wconf 89' lang='lat' dir='ltr'><strong>et</strong></span> <span class='ocrx_word' id='word_1_465' title='bbox 654 3586 906 3657; x_wconf 89' lang='lat' dir='ltr'><strong>Sinopen</strong></span> <span class='ocrx_word' id='word_1_466' title='bbox 941 3584 1115 3640; x_wconf 90' lang='lat' dir='ltr'><strong>urbes</strong></span> <span class='ocrx_word' id='word_1_467' title='bbox 1146 3587 1201 3640; x_wconf 90' lang='lat' dir='ltr'><strong>et</strong></span> <span class='ocrx_word' id='word_1_468' title='bbox 1249 3582 1437 3653; x_wconf 79' lang='lat' dir='ltr'><strong>ipsam</strong></span> <span class='ocrx_word' id='word_1_469' title='bbox 1493 3586 1913 3652; x_wconf 87' lang='lat' dir='ltr'><strong>Trapezuntem</strong></span> 
     </span>
    </p>
   </div>
   <div class='ocr_carea' id='block_1_63' title="bbox 262 3670 1913 3744">
    <p class='ocr_par' dir='ltr' id='par_1_63' title="bbox 262 3670 1913 3744">
     <span class='ocr_line' id='line_1_63' title="bbox 262 3670 1913 3744; baseline -0.005 -11"><span class='ocrx_word' id='word_1_470' title='bbox 262 3680 516 3733; x_wconf 84' lang='lat' dir='ltr'><strong>tenebat.</strong></span> <span class='ocrx_word' id='word_1_471' title='bbox 551 3676 783 3732; x_wconf 62' lang='lat' dir='ltr'><strong>Attalis:</strong></span> <span class='ocrx_word' id='word_1_472' title='bbox 840 3672 993 3730; x_wconf 90' lang='lat' dir='ltr'><strong>alius</strong></span> <span class='ocrx_word' id='word_1_473' title='bbox 1050 3672 1289 3744; x_wconf 89' lang='lat' dir='ltr'><strong>quidam</strong></span> <span class='ocrx_word' id='word_1_474' title='bbox 1330 3670 1762 3739; x_wconf 85' lang='lat' dir='ltr'><strong>dominabatur,</strong></span> <span class='ocrx_word' id='word_1_475' title='bbox 1815 3685 1913 3724; x_wconf 92' lang='lat' dir='ltr'><strong>no-</strong></span> 
     </span>
    </p>
   </div>
   <div class='ocr_carea' id='block_1_64' title="bbox 263 3758 1909 3831">
    <p class='ocr_par' dir='ltr' id='par_1_64' title="bbox 263 3758 1909 3831">
     <span class='ocr_line' id='line_1_64' title="bbox 263 3758 1909 3831; baseline -0.007 -8"><span class='ocrx_word' id='word_1_476' title='bbox 263 3767 422 3823; x_wconf 84' lang='lat' dir='ltr'><strong>mine</strong></span> <span class='ocrx_word' id='word_1_477' title='bbox 451 3764 939 3831; x_wconf 85' lang='lat' dir='ltr'><strong>Aldebrandinus,</strong></span> <span class='ocrx_word' id='word_1_478' title='bbox 971 3761 1205 3818; x_wconf 89' lang='lat' dir='ltr'><strong>natione</strong></span> <span class='ocrx_word' id='word_1_479' title='bbox 1248 3758 1449 3830; x_wconf 88' lang='lat' dir='ltr'><strong>Italus,</strong></span> <span class='ocrx_word' id='word_1_480' title='bbox 1481 3760 1577 3814; x_wconf 89' lang='lat' dir='ltr'><strong>sed</strong></span> <span class='ocrx_word' id='word_1_481' title='bbox 1610 3762 1909 3815; x_wconf 83' lang='lat' dir='ltr'><strong>Romano-</strong></span> 
     </span>
    </p>
   </div>
   <div class='ocr_carea' id='block_1_65' title="bbox 262 3846 1910 3923">
    <p class='ocr_par' dir='ltr' id='par_1_65' title="bbox 262 3846 1910 3923">
     <span class='ocr_line' id='line_1_65' title="bbox 262 3846 1910 3923; baseline -0.005 -12"><span class='ocrx_word' id='word_1_482' title='bbox 262 3872 389 3911; x_wconf 88' lang='lat' dir='ltr'><strong>rum</strong></span> <span class='ocrx_word' id='word_1_483' title='bbox 412 3853 703 3911; x_wconf 87' lang='lat' dir='ltr'><strong>institutis</strong></span> <span class='ocrx_word' id='word_1_484' title='bbox 730 3854 907 3923; x_wconf 89' lang='lat' dir='ltr'><strong>probe</strong></span> <span class='ocrx_word' id='word_1_485' title='bbox 936 3851 1237 3906; x_wconf 87' lang='lat' dir='ltr'><strong>educatus.</strong></span> <span class='ocrx_word' id='word_1_486' title='bbox 1271 3851 1410 3905; x_wconf 87' lang='lat' dir='ltr'><strong>Item</strong></span> <span class='ocrx_word' id='word_1_487' title='bbox 1453 3848 1689 3905; x_wconf 81' lang='lat' dir='ltr'><strong>Rhodus</strong></span> <span class='ocrx_word' id='word_1_488' title='bbox 1732 3846 1910 3903; x_wconf 89' lang='lat' dir='ltr'><strong>alium</strong></span> 
     </span>
    </p>
   </div>
   <div class='ocr_carea' id='block_1_66' title="bbox 262 3935 1911 4015">
    <p class='ocr_par' dir='ltr' id='par_1_66' title="bbox 262 3935 1911 4015">
     <span class='ocr_line' id='line_1_66' title="bbox 262 3935 1911 4015; baseline -0.005 -17"><span class='ocrx_word' id='word_1_489' title='bbox 262 3943 590 4015; x_wconf 86' lang='lat' dir='ltr'><strong>principem</strong></span> <span class='ocrx_word' id='word_1_490' title='bbox 632 3940 904 3997; x_wconf 88' lang='lat' dir='ltr'><strong>habebat.</strong></span> <span class='ocrx_word' id='word_1_491' title='bbox 949 3938 1252 3994; x_wconf 81' lang='lat' dir='ltr'><strong>Enimvero</strong></span> <span class='ocrx_word' id='word_1_492' title='bbox 1310 3953 1432 3993; x_wconf 85' lang='lat' dir='ltr'><strong>cun:</strong></span> <span class='ocrx_word' id='word_1_493' title='bbox 1489 3937 1561 3991; x_wconf 91' lang='lat' dir='ltr'><strong>de</strong></span> <span class='ocrx_word' id='word_1_494' title='bbox 1611 3935 1911 3991; x_wconf 87' lang='lat' dir='ltr'><strong>communi</strong></span> 
     </span>
    </p>
   </div>
   <div class='ocr_carea' id='block_1_67' title="bbox 265 4025 1913 4096">
    <p class='ocr_par' dir='ltr' id='par_1_67' title="bbox 265 4025 1913 4096">
     <span class='ocr_line' id='line_1_67' title="bbox 265 4025 1913 4096; baseline -0.005 -8"><span class='ocrx_word' id='word_1_495' title='bbox 265 4034 555 4088; x_wconf 83' lang='lat' dir='ltr'><strong>sententia</strong></span> <span class='ocrx_word' id='word_1_496' title='bbox 583 4034 642 4087; x_wconf 89' lang='lat' dir='ltr'><strong>et</strong></span> <span class='ocrx_word' id='word_1_497' title='bbox 669 4028 1111 4085; x_wconf 86' lang='lat' dir='ltr'><strong>deliberandum</strong></span> <span class='ocrx_word' id='word_1_498' title='bbox 1167 4030 1224 4083; x_wconf 90' lang='lat' dir='ltr'><strong>et</strong></span> <span class='ocrx_word' id='word_1_499' title='bbox 1272 4027 1562 4096; x_wconf 81' lang='lat' dir='ltr'><strong>agendum</strong></span> <span class='ocrx_word' id='word_1_500' title='bbox 1620 4034 1792 4093; x_wconf 88' lang='lat' dir='ltr'><strong>esset,</strong></span> <span class='ocrx_word' id='word_1_501' title='bbox 1841 4025 1913 4080; x_wconf 89' lang='lat' dir='ltr'><strong>de</strong></span> 
     </span>
    </p>
   </div>
   <div class='ocr_carea' id='block_1_68' title="bbox 268 4116 1913 4194">
    <p class='ocr_par' dir='ltr' id='par_1_68' title="bbox 268 4116 1913 4194">
     <span class='ocr_line' id='line_1_68' title="bbox 268 4116 1913 4194; baseline -0.005 -16"><span class='ocrx_word' id='word_1_502' title='bbox 268 4123 466 4194; x_wconf 80' lang='lat' dir='ltr'><strong>patriae</strong></span> <span class='ocrx_word' id='word_1_503' title='bbox 497 4122 760 4194; x_wconf 89' lang='lat' dir='ltr'><strong>partibus</strong></span> <span class='ocrx_word' id='word_1_504' title='bbox 784 4121 1044 4177; x_wconf 88' lang='lat' dir='ltr'><strong>nondum</strong></span> <span class='ocrx_word' id='word_1_505' title='bbox 1069 4117 1301 4174; x_wconf 77' lang='lat' dir='ltr'><strong>afﬂictis</strong></span> <span class='ocrx_word' id='word_1_506' title='bbox 1322 4116 1731 4174; x_wconf 84' lang='lat' dir='ltr'><strong>conservandis</strong></span> <span class='ocrx_word' id='word_1_507' title='bbox 1761 4120 1817 4172; x_wconf 91' lang='lat' dir='ltr'><strong>ct</strong></span> <span class='ocrx_word' id='word_1_508' title='bbox 1841 4117 1913 4170; x_wconf 90' lang='lat' dir='ltr'><strong>de</strong></span> 
     </span>
    </p>
   </div>
   <div class='ocr_carea' id='block_1_69' title="bbox 270 4205 1910 4283">
    <p class='ocr_par' dir='ltr' id='par_1_69' title="bbox 270 4205 1910 4283">
     <span class='ocr_line' id='line_1_69' title="bbox 270 4205 1910 4283; baseline -0.005 -15"><span class='ocrx_word' id='word_1_509' title='bbox 270 4211 615 4283; x_wconf 84' lang='lat' dir='ltr'><strong>expugnatis</strong></span> <span class='ocrx_word' id='word_1_510' title='bbox 645 4209 886 4267; x_wconf 88' lang='lat' dir='ltr'><strong>urbibus</strong></span> <span class='ocrx_word' id='word_1_511' title='bbox 926 4209 984 4265; x_wconf 89' lang='lat' dir='ltr'><strong>in</strong></span> <span class='ocrx_word' id='word_1_512' title='bbox 1014 4209 1303 4280; x_wconf 88' lang='lat' dir='ltr'><strong>integrum</strong></span> <span class='ocrx_word' id='word_1_513' title='bbox 1328 4206 1724 4276; x_wconf 86' lang='lat' dir='ltr'><strong>restituendis,</strong></span> <span class='ocrx_word' id='word_1_514' title='bbox 1757 4205 1910 4262; x_wconf 74' lang='lat'><strong>848</strong></span> 
     </span>
    </p>
   </div>
   <div class='ocr_carea' id='block_1_70' title="bbox 2022 3042 3669 3124">
    <p class='ocr_par' dir='ltr' id='par_1_70' title="bbox 2022 3042 3669 3124">
     <span class='ocr_line' id='line_1_70' title="bbox 2022 3042 3669 3124; baseline 0.004 -25"><span class='ocrx_word' id='word_1_515' title='bbox 2022 3042 2187 3120; x_wconf 82' lang='grc' dir='ltr'>μέρος</span> <span class='ocrx_word' id='word_1_516' title='bbox 2219 3046 2475 3121; x_wconf 75' lang='grc' dir='ltr'>ἀπένειμε</span> <span class='ocrx_word' id='word_1_517' title='bbox 2518 3048 2616 3117; x_wconf 69' lang='grc' dir='ltr'><strong>τῆς</strong></span> <span class='ocrx_word' id='word_1_518' title='bbox 2669 3048 2848 3124; x_wconf 80' lang='grc' dir='ltr'>ἀρχῆς</span> <span class='ocrx_word' id='word_1_519' title='bbox 2892 3053 2972 3121; x_wconf 83' lang='grc' dir='ltr'><strong>τῷ</strong></span> <span class='ocrx_word' id='word_1_520' title='bbox 3019 3047 3256 3124; x_wconf 78' lang='grc' dir='ltr'>κηδεστῇ</span> <span class='ocrx_word' id='word_1_521' title='bbox 3304 3050 3507 3106; x_wconf 79' lang='grc' dir='ltr'>ἐκείνου</span> <span class='ocrx_word' id='word_1_522' title='bbox 3555 3055 3669 3108; x_wconf 83' lang='grc' dir='ltr'>Μα-</span> 
     </span>
    </p>
   </div>
   <div class='ocr_carea' id='block_1_71' title="bbox 2020 3133 3663 3217">
    <p class='ocr_par' dir='ltr' id='par_1_71' title="bbox 2020 3133 3663 3217">
     <span class='ocr_line' id='line_1_71' title="bbox 2020 3133 3663 3217; baseline 0.004 -28"><span class='ocrx_word' id='word_1_523' title='bbox 2020 3133 2196 3204; x_wconf 77' lang='grc' dir='ltr'>νουὴλ</span> <span class='ocrx_word' id='word_1_524' title='bbox 2250 3139 2329 3208; x_wconf 80' lang='grc' dir='ltr'>τῷ</span> <span class='ocrx_word' id='word_1_525' title='bbox 2388 3137 2769 3213; x_wconf 75' lang='grc' dir='ltr'>Μαυροζώμῃ.</span> <span class='ocrx_word' id='word_1_526' title='bbox 2829 3139 2891 3193; x_wconf 87' lang='grc' dir='ltr'>τὸ</span> <span class='ocrx_word' id='word_1_527' title='bbox 2972 3138 3039 3208; x_wconf 75' lang='grc' dir='ltr'>ἦν</span> <span class='ocrx_word' id='word_1_528' title='bbox 3096 3137 3231 3213; x_wconf 77' lang='grc' dir='ltr'>ἐμοῦ</span> <span class='ocrx_word' id='word_1_529' title='bbox 3278 3145 3375 3196; x_wconf 80' lang='grc' dir='ltr'><strong>τοῦ</strong></span> <span class='ocrx_word' id='word_1_530' title='bbox 3437 3161 3663 3217; x_wconf 81' lang='grc' dir='ltr'>συγγρα-</span> 
     </span>
    </p>
   </div>
   <div class='ocr_carea' id='block_1_72' title="bbox 2020 3221 3663 3307">
    <p class='ocr_par' dir='ltr' id='par_1_72' title="bbox 2020 3221 3663 3307">
     <span class='ocr_line' id='line_1_72' title="bbox 2020 3221 3663 3307; baseline 0.003 -30"><span class='ocrx_word' id='word_1_531' title='bbox 2020 3221 2161 3297; x_wconf 79' lang='grc' dir='ltr'>φέως</span> <span class='ocrx_word' id='word_1_532' title='bbox 2212 3224 2427 3295; x_wconf 86' lang='grc' dir='ltr'>Νικήτα</span> <span class='ocrx_word' id='word_1_533' title='bbox 2494 3224 2689 3301; x_wconf 83' lang='grc' dir='ltr'>πατρὶς</span> <span class='ocrx_word' id='word_1_534' title='bbox 2745 3227 2801 3284; x_wconf 72' lang='grc' dir='ltr'>αἱ</span> <span class='ocrx_word' id='word_1_535' title='bbox 2840 3229 3028 3283; x_wconf 83' lang='grc' dir='ltr'>Χῶναι</span> <span class='ocrx_word' id='word_1_536' title='bbox 3068 3227 3157 3282; x_wconf 87' lang='grc' dir='ltr'><strong>καὶ</strong></span> <span class='ocrx_word' id='word_1_537' title='bbox 3219 3230 3254 3298; x_wconf 80' lang='grc' dir='ltr'>ἡ</span> <span class='ocrx_word' id='word_1_538' title='bbox 3315 3230 3663 3307; x_wconf 78' lang='grc' dir='ltr'>ἀγχιτέρμων</span> 
     </span>
    </p>
   </div>
   <div class='ocr_carea' id='block_1_73' title="bbox 2018 3312 3668 3394">
    <p class='ocr_par' dir='ltr' id='par_1_73' title="bbox 2018 3312 3668 3394">
     <span class='ocr_line' id='line_1_73' title="bbox 2018 3312 3668 3394; baseline 0.004 -27"><span class='ocrx_word' id='word_1_539' title='bbox 2018 3312 2185 3386; x_wconf 82' lang='grc' dir='ltr'>ταύτῃ</span> <span class='ocrx_word' id='word_1_540' title='bbox 2226 3314 2479 3391; x_wconf 79' lang='grc' dir='ltr'>Φρυγικὴ</span> <span class='ocrx_word' id='word_1_541' title='bbox 2538 3312 2852 3384; x_wconf 82' lang='grc' dir='ltr'>Λαοδίκεια,</span> <span class='ocrx_word' id='word_1_542' title='bbox 2907 3316 2998 3371; x_wconf 80' lang='grc' dir='ltr'><strong>καὶ</strong></span> <span class='ocrx_word' id='word_1_543' title='bbox 3060 3315 3139 3380; x_wconf 80' lang='grc' dir='ltr'><strong>είς</strong></span> <span class='ocrx_word' id='word_1_544' title='bbox 3192 3317 3292 3372; x_wconf 79' lang='grc' dir='ltr'><strong>ὅσα</strong></span> <span class='ocrx_word' id='word_1_545' title='bbox 3346 3317 3668 3394; x_wconf 82' lang='grc' dir='ltr'>περικλᾶται</span> 
     </span>
    </p>
   </div>
   <div class='ocr_carea' id='block_1_74' title="bbox 2020 3399 3668 3481">
    <p class='ocr_par' dir='ltr' id='par_1_74' title="bbox 2020 3399 3668 3481">
     <span class='ocr_line' id='line_1_74' title="bbox 2020 3399 3668 3481; baseline 0.004 -25"><span class='ocrx_word' id='word_1_546' title='bbox 2020 3399 2325 3476; x_wconf 87' lang='grc' dir='ltr'>Μαίανδρος</span> <span class='ocrx_word' id='word_1_547' title='bbox 2386 3403 2759 3481; x_wconf 84' lang='grc' dir='ltr'>ἆπερυγγάνων</span> <span class='ocrx_word' id='word_1_548' title='bbox 2820 3405 2873 3466; x_wconf 81' lang='grc' dir='ltr'>ἐς</span> <span class='ocrx_word' id='word_1_549' title='bbox 2929 3404 3035 3462; x_wconf 79' lang='grc' dir='ltr'>ἂλα</span> <span class='ocrx_word' id='word_1_550' title='bbox 3089 3405 3156 3462; x_wconf 69' lang='grc' dir='ltr'><strong>τὰ</strong></span> <span class='ocrx_word' id='word_1_551' title='bbox 3206 3405 3438 3480; x_wconf 75' lang='grc' dir='ltr'>νάματα.</span> <span class='ocrx_word' id='word_1_552' title='bbox 3500 3403 3668 3463; x_wconf 77' lang='grc' dir='ltr'>Δαϐὶδ</span> 
     </span>
    </p>
   </div>
   <div class='ocr_carea' id='block_1_75' title="bbox 2022 3489 3670 3574">
    <p class='ocr_par' dir='ltr' id='par_1_75' title="bbox 2022 3489 3670 3574">
     <span class='ocr_line' id='line_1_75' title="bbox 2022 3489 3670 3574; baseline 0.005 -27"><span class='ocrx_word' id='word_1_553' title='bbox 2022 3489 2078 3547; x_wconf 70' lang='grc' dir='ltr'>δὲ</span> <span class='ocrx_word' id='word_1_554' title='bbox 2107 3492 2197 3548; x_wconf 77' lang='grc' dir='ltr'><strong>καὶ</strong></span> <span class='ocrx_word' id='word_1_555' title='bbox 2238 3491 2483 3564; x_wconf 79' lang='grc' dir='ltr'>’Δλέξιος</span> <span class='ocrx_word' id='word_1_556' title='bbox 2551 3495 2603 3550; x_wconf 75' lang='grc' dir='ltr'>οἱ</span> <span class='ocrx_word' id='word_1_557' title='bbox 2660 3494 2711 3566; x_wconf 78' lang='grc' dir='ltr'>ἐξ</span> <span class='ocrx_word' id='word_1_558' title='bbox 2771 3496 2913 3560; x_wconf 71' lang='grc' dir='ltr'>υἱέος</span> <span class='ocrx_word' id='word_1_559' title='bbox 2972 3496 3165 3574; x_wconf 85' lang='grc' dir='ltr'>φύντες</span> <span class='ocrx_word' id='word_1_560' title='bbox 3221 3502 3318 3552; x_wconf 82' lang='grc' dir='ltr'><strong>τοῦ</strong></span> <span class='ocrx_word' id='word_1_561' title='bbox 3378 3499 3670 3573; x_wconf 89' lang='grc' dir='ltr'>Ῥωμαίων</span> 
     </span>
    </p>
   </div>
   <div class='ocr_carea' id='block_1_76' title="bbox 2018 3580 3669 3661">
    <p class='ocr_par' dir='ltr' id='par_1_76' title="bbox 2018 3580 3669 3661">
     <span class='ocr_line' id='line_1_76' title="bbox 2018 3580 3669 3661; baseline 0.004 -24"><span class='ocrx_word' id='word_1_562' title='bbox 2018 3583 2449 3657; x_wconf 86' lang='grc' dir='ltr'>τυραννήσαντος</span> <span class='ocrx_word' id='word_1_563' title='bbox 2528 3580 2876 3659; x_wconf 84' lang='grc' dir='ltr'>Ἀνδρονίκου</span> <span class='ocrx_word' id='word_1_564' title='bbox 2954 3585 3237 3660; x_wconf 81' lang='grc' dir='ltr'>(Μανουήλ</span> <span class='ocrx_word' id='word_1_565' title='bbox 3331 3586 3517 3661; x_wconf 72' lang='grc' dir='ltr'>ἐκείνῳ</span> <span class='ocrx_word' id='word_1_566' title='bbox 3605 3589 3669 3643; x_wconf 81' lang='grc' dir='ltr'>τὸ</span> 
     </span>
    </p>
   </div>
   <div class='ocr_carea' id='block_1_77' title="bbox 2022 3663 3670 3749">
    <p class='ocr_par' dir='ltr' id='par_1_77' title="bbox 2022 3663 3670 3749">
     <span class='ocr_line' id='line_1_77' title="bbox 2022 3663 3670 3749; baseline 0.005 -28"><span class='ocrx_word' id='word_1_567' title='bbox 2022 3663 2242 3743; x_wconf 70' lang='grc' dir='ltr'>ὄνομα),</span> <span class='ocrx_word' id='word_1_568' title='bbox 2273 3670 2301 3724; x_wconf 88' lang='lat'><strong>6</strong></span> <span class='ocrx_word' id='word_1_569' title='bbox 2336 3670 2431 3743; x_wconf 76' lang='grc' dir='ltr'>μὲν</span> <span class='ocrx_word' id='word_1_570' title='bbox 2469 3672 2567 3740; x_wconf 75' lang='grc' dir='ltr'>τὴν</span> <span class='ocrx_word' id='word_1_571' title='bbox 2606 3672 2741 3727; x_wconf 82' lang='grc' dir='ltr'>κατὰ</span> <span class='ocrx_word' id='word_1_572' title='bbox 2788 3672 2994 3729; x_wconf 89' lang='grc' dir='ltr'>Πόντον</span> <span class='ocrx_word' id='word_1_573' title='bbox 3043 3671 3367 3749; x_wconf 67' lang='grc' dir='ltr'>Ἡράκλειαν</span> <span class='ocrx_word' id='word_1_574' title='bbox 3412 3675 3501 3729; x_wconf 81' lang='grc' dir='ltr'><strong>καὶ</strong></span> <span class='ocrx_word' id='word_1_575' title='bbox 3553 3679 3670 3731; x_wconf 78' lang='grc' dir='ltr'><strong>[Ια-</strong></span> 
     </span>
    </p>
   </div>
   <div class='ocr_carea' id='block_1_78' title="bbox 2020 3753 3669 3835">
    <p class='ocr_par' dir='ltr' id='par_1_78' title="bbox 2020 3753 3669 3835">
     <span class='ocr_line' id='line_1_78' title="bbox 2020 3753 3669 3835; baseline 0.004 -24"><span class='ocrx_word' id='word_1_576' title='bbox 2020 3755 2294 3835; x_wconf 85' lang='grc' dir='ltr'>φλαγόνας</span> <span class='ocrx_word' id='word_1_577' title='bbox 2348 3753 2572 3828; x_wconf 85' lang='grc' dir='ltr'>διεῖπεν,</span> <span class='ocrx_word' id='word_1_578' title='bbox 2607 3755 2713 3813; x_wconf 85' lang='grc' dir='ltr'><strong>ὁδ’</strong></span> <span class='ocrx_word' id='word_1_579' title='bbox 2767 3756 3010 3833; x_wconf 81' lang='grc' dir='ltr'>Ἀλέξιος</span> <span class='ocrx_word' id='word_1_580' title='bbox 3064 3759 3284 3817; x_wconf 84' lang='grc' dir='ltr'>Οίναίου</span> <span class='ocrx_word' id='word_1_581' title='bbox 3329 3783 3387 3818; x_wconf 83' lang='grc' dir='ltr'><strong>τε</strong></span> <span class='ocrx_word' id='word_1_582' title='bbox 3429 3761 3521 3817; x_wconf 79' lang='grc' dir='ltr'><strong>καὶ</strong></span> <span class='ocrx_word' id='word_1_583' title='bbox 3570 3770 3669 3818; x_wconf 92' lang='grc' dir='ltr'><strong>Σι-</strong></span> 
     </span>
    </p>
   </div>
   <div class='ocr_carea' id='block_1_79' title="bbox 2020 3846 3667 3926">
    <p class='ocr_par' dir='ltr' id='par_1_79' title="bbox 2020 3846 3667 3926">
     <span class='ocr_line' id='line_1_79' title="bbox 2020 3846 3667 3926; baseline 0.005 -26"><span class='ocrx_word' id='word_1_584' title='bbox 2020 3846 2244 3901; x_wconf 75' lang='grc' dir='ltr'>νωπέων</span> <span class='ocrx_word' id='word_1_585' title='bbox 2302 3854 2401 3916; x_wconf 80' lang='grc' dir='ltr'><strong>τῆς</strong></span> <span class='ocrx_word' id='word_1_586' title='bbox 2458 3847 2676 3909; x_wconf 88' lang='grc' dir='ltr'>πόλεως</span> <span class='ocrx_word' id='word_1_587' title='bbox 2731 3849 2820 3904; x_wconf 85' lang='grc' dir='ltr'><strong>καὶ</strong></span> <span class='ocrx_word' id='word_1_588' title='bbox 2878 3854 3277 3926; x_wconf 75' lang='grc' dir='ltr'>Τραπεζοῦντος</span> <span class='ocrx_word' id='word_1_589' title='bbox 3333 3853 3503 3923; x_wconf 84' lang='grc' dir='ltr'>αὐτῆς</span> <span class='ocrx_word' id='word_1_590' title='bbox 3562 3854 3667 3923; x_wconf 77' lang='grc' dir='ltr'><strong>τήν</strong></span> 
     </span>
    </p>
   </div>
   <div class='ocr_carea' id='block_1_80' title="bbox 2022 3933 3668 4013">
    <p class='ocr_par' dir='ltr' id='par_1_80' title="bbox 2022 3933 3668 4013">
     <span class='ocr_line' id='line_1_80' title="bbox 2022 3933 3668 4013; baseline 0.005 -26"><span class='ocrx_word' id='word_1_591' title='bbox 2022 3933 2329 3989; x_wconf 85' lang='grc' dir='ltr'>δυναστείαν</span> <span class='ocrx_word' id='word_1_592' title='bbox 2360 3937 2774 4011; x_wconf 85' lang='grc' dir='ltr'>περιεζώννυτο.</span> <span class='ocrx_word' id='word_1_593' title='bbox 2807 3940 2922 4007; x_wconf 76' lang='grc' dir='ltr'><strong>Τὴν</strong></span> <span class='ocrx_word' id='word_1_594' title='bbox 2970 3936 3018 3994; x_wconf 81' lang='grc' dir='ltr'>δ’</span> <span class='ocrx_word' id='word_1_595' title='bbox 3060 3937 3329 3997; x_wconf 73' lang='grc' dir='ltr'>Ἀττάλου</span> <span class='ocrx_word' id='word_1_596' title='bbox 3370 3937 3555 4013; x_wconf 80' lang='grc' dir='ltr'>διῴκει</span> <span class='ocrx_word' id='word_1_597' title='bbox 3583 3962 3668 4004; x_wconf 89' lang='grc' dir='ltr'><strong>τις</strong></span> 
     </span>
    </p>
   </div>
   <div class='ocr_carea' id='block_1_81' title="bbox 2018 4021 3663 4104">
    <p class='ocr_par' dir='ltr' id='par_1_81' title="bbox 2018 4021 3663 4104">
     <span class='ocr_line' id='line_1_81' title="bbox 2018 4021 3663 4104; baseline 0.005 -27"><span class='ocrx_word' id='word_1_598' title='bbox 2018 4022 2353 4099; x_wconf 77' lang='grc' dir='ltr'>ἓτερος,τήν</span> <span class='ocrx_word' id='word_1_599' title='bbox 2402 4025 2600 4096; x_wconf 79' lang='grc' dir='ltr'>κλῆσιν</span> <span class='ocrx_word' id='word_1_600' title='bbox 2656 4021 3128 4104; x_wconf 79' lang='grc' dir='ltr'>Ἀλδεϐραντῖνος,</span> <span class='ocrx_word' id='word_1_601' title='bbox 3185 4030 3236 4104; x_wconf 75' lang='grc' dir='ltr'><strong>ἐξ</strong></span> <span class='ocrx_word' id='word_1_602' title='bbox 3291 4028 3516 4087; x_wconf 83' lang='grc' dir='ltr'>Ἰταλῶν</span> <span class='ocrx_word' id='word_1_603' title='bbox 3567 4032 3663 4103; x_wconf 77' lang='grc' dir='ltr'>μὶν</span> 
     </span>
    </p>
   </div>
   <div class='ocr_carea' id='block_1_82' title="bbox 2018 4111 3662 4195">
    <p class='ocr_par' dir='ltr' id='par_1_82' title="bbox 2018 4111 3662 4195">
     <span class='ocr_line' id='line_1_82' title="bbox 2018 4111 3662 4195; baseline 0.004 -28"><span class='ocrx_word' id='word_1_604' title='bbox 2018 4115 2118 4181; x_wconf 77' lang='grc' dir='ltr'><strong>τήν</strong></span> <span class='ocrx_word' id='word_1_605' title='bbox 2149 4112 2355 4187; x_wconf 75' lang='grc' dir='ltr'>γένεσιν</span> <span class='ocrx_word' id='word_1_606' title='bbox 2403 4111 2603 4189; x_wconf 63' lang='grc' dir='ltr'>ἕλκων,</span> <span class='ocrx_word' id='word_1_607' title='bbox 2662 4111 2901 4191; x_wconf 77' lang='grc' dir='ltr'>ἀκριϐῶς</span> <span class='ocrx_word' id='word_1_608' title='bbox 2960 4114 3006 4172; x_wconf 85' lang='grc' dir='ltr'>δ’</span> <span class='ocrx_word' id='word_1_609' title='bbox 3064 4117 3487 4195; x_wconf 76' lang='grc' dir='ltr'>ἐντεθραμμένος</span> <span class='ocrx_word' id='word_1_610' title='bbox 3542 4125 3662 4183; x_wconf 80' lang='grc' dir='ltr'>τοῖς</span> 
     </span>
    </p>
   </div>
   <div class='ocr_carea' id='block_1_83' title="bbox 2017 4202 3661 4283">
    <p class='ocr_par' dir='ltr' id='par_1_83' title="bbox 2017 4202 3661 4283">
     <span class='ocr_line' id='line_1_83' title="bbox 2017 4202 3661 4283; baseline 0.003 -23"><span class='ocrx_word' id='word_1_611' title='bbox 2017 4205 2352 4277; x_wconf 81' lang='grc' dir='ltr'>Ῥωμαϊκοῖς</span> <span class='ocrx_word' id='word_1_612' title='bbox 2380 4202 2540 4270; x_wconf 72' lang='grc' dir='ltr'>ἔθεσι.</span> <span class='ocrx_word' id='word_1_613' title='bbox 2577 4208 2681 4261; x_wconf 83' lang='grc' dir='ltr'><strong>Κάν</strong></span> <span class='ocrx_word' id='word_1_614' title='bbox 2709 4212 2779 4281; x_wconf 77' lang='grc' dir='ltr'><strong>τῇ</strong></span> <span class='ocrx_word' id='word_1_615' title='bbox 2823 4204 3000 4282; x_wconf 86' lang='grc' dir='ltr'>Ῥόδῳ</span> <span class='ocrx_word' id='word_1_616' title='bbox 3039 4212 3108 4283; x_wconf 82' lang='grc' dir='ltr'><strong>τῇ</strong></span> <span class='ocrx_word' id='word_1_617' title='bbox 3155 4211 3307 4281; x_wconf 85' lang='grc' dir='ltr'>νήσῳ</span> <span class='ocrx_word' id='word_1_618' title='bbox 3361 4207 3534 4272; x_wconf 79' lang='grc' dir='ltr'>ἄλλος</span> <span class='ocrx_word' id='word_1_619' title='bbox 3579 4231 3661 4273; x_wconf 90' lang='grc' dir='ltr'><strong>τις</strong></span> 
     </span>
    </p>
   </div>
   <div class='ocr_carea' id='block_1_84' title="bbox 267 4290 1921 4373">
    <p class='ocr_par' dir='ltr' id='par_1_84' title="bbox 267 4293 1908 4370">
     <span class='ocr_line' id='line_1_84' title="bbox 267 4293 1908 4370; baseline -0.005 -12"><span class='ocrx_word' id='word_1_620' title='bbox 267 4301 353 4358; x_wconf 89' lang='lat' dir='ltr'><strong>illi</strong></span> <span class='ocrx_word' id='word_1_621' title='bbox 384 4300 701 4357; x_wconf 85' lang='lat' dir='ltr'><strong>ambitione</strong></span> <span class='ocrx_word' id='word_1_622' title='bbox 730 4297 1053 4370; x_wconf 67' lang='lat' dir='ltr'><strong>prazcipites</strong></span> <span class='ocrx_word' id='word_1_623' title='bbox 1082 4305 1139 4353; x_wconf 89' lang='lat' dir='ltr'><strong>et</strong></span> <span class='ocrx_word' id='word_1_624' title='bbox 1192 4294 1475 4369; x_wconf 86' lang='lat' dir='ltr'><strong>tyrannici</strong></span> <span class='ocrx_word' id='word_1_625' title='bbox 1532 4293 1790 4351; x_wconf 89' lang='lat' dir='ltr'><strong>nominis</strong></span> <span class='ocrx_word' id='word_1_626' title='bbox 1820 4295 1908 4350; x_wconf 81' lang='lat' dir='ltr'><strong>af-</strong></span> 
     </span>
    </p>
   </div>
   <div class='ocr_carea' id='block_1_85' title="bbox 2034 4290 3657 4373">
    <p class='ocr_par' dir='ltr' id='par_1_85' title="bbox 2034 4290 3657 4373">
     <span class='ocr_line' id='line_1_85' title="bbox 2034 4290 3657 4373; baseline 0.006 -29"><span class='ocrx_word' id='word_1_627' title='bbox 2034 4293 2393 4366; x_wconf 67' lang='lat' dir='ltr'><strong>L‘ttptotiatEUE.</strong></span> <span class='ocrx_word' id='word_1_628' title='bbox 2454 4293 2557 4350; x_wconf 77' lang='grc' dir='ltr'>Καὶ</span> <span class='ocrx_word' id='word_1_629' title='bbox 2626 4290 2746 4350; x_wconf 83' lang='grc' dir='ltr'>δέον</span> <span class='ocrx_word' id='word_1_630' title='bbox 2805 4295 3194 4370; x_wconf 84' lang='grc' dir='ltr'>ὡμονοηκότας</span> <span class='ocrx_word' id='word_1_631' title='bbox 3249 4292 3657 4373; x_wconf 76' lang='grc' dir='ltr'>προϐουλεύσα-</span> 
     </span>
    </p>
   </div>
   <div class='ocr_carea' id='block_1_86' title="bbox 264 4382 1912 4457">
    <p class='ocr_par' dir='ltr' id='par_1_86' title="bbox 264 4382 1912 4457">
     <span class='ocr_line' id='line_1_86' title="bbox 264 4382 1912 4457; baseline -0.004 -11"><span class='ocrx_word' id='word_1_632' title='bbox 264 4391 573 4448; x_wconf 83' lang='lat' dir='ltr'><strong>fectatione</strong></span> <span class='ocrx_word' id='word_1_633' title='bbox 605 4388 741 4445; x_wconf 69' lang='lat' dir='ltr'><strong>caeci</strong></span> <span class='ocrx_word' id='word_1_634' title='bbox 774 4390 925 4444; x_wconf 91' lang='lat' dir='ltr'><strong>inter</strong></span> <span class='ocrx_word' id='word_1_635' title='bbox 970 4402 1096 4443; x_wconf 87' lang='lat' dir='ltr'><strong>sese</strong></span> <span class='ocrx_word' id='word_1_636' title='bbox 1134 4384 1642 4457; x_wconf 81' lang='lat' dir='ltr'><strong>digladiabantur:</strong></span> <span class='ocrx_word' id='word_1_637' title='bbox 1702 4382 1912 4456; x_wconf 86' lang='lat' dir='ltr'><strong>quibus</strong></span> 
     </span>
    </p>
   </div>
   <div class='ocr_carea' id='block_1_87' title="bbox 264 4472 1913 4538">
    <p class='ocr_par' dir='ltr' id='par_1_87' title="bbox 264 4472 1913 4538">
     <span class='ocr_line' id='line_1_87' title="bbox 264 4472 1913 4538; baseline -0.006 0"><span class='ocrx_word' id='word_1_638' title='bbox 264 4479 729 4538; x_wconf 85' lang='lat' dir='ltr'><strong>dissensionibus</strong></span> <span class='ocrx_word' id='word_1_639' title='bbox 754 4484 810 4535; x_wconf 90' lang='lat' dir='ltr'><strong>et</strong></span> <span class='ocrx_word' id='word_1_640' title='bbox 839 4477 979 4534; x_wconf 81' lang='lat' dir='ltr'><strong>rixis</strong></span> <span class='ocrx_word' id='word_1_641' title='bbox 1010 4476 1276 4533; x_wconf 87' lang='lat' dir='ltr'><strong>hostibus</strong></span> <span class='ocrx_word' id='word_1_642' title='bbox 1325 4490 1615 4530; x_wconf 89' lang='lat' dir='ltr'><strong>summam</strong></span> <span class='ocrx_word' id='word_1_643' title='bbox 1657 4472 1913 4529; x_wconf 60' lang='lat' dir='ltr'><strong>occasion</strong></span> 
     </span>
    </p>
   </div>
   <div class='ocr_carea' id='block_1_88' title="bbox 261 4563 1909 4645">
    <p class='ocr_par' dir='ltr' id='par_1_88' title="bbox 261 4563 1909 4645">
     <span class='ocr_line' id='line_1_88' title="bbox 261 4563 1909 4645; baseline -0.007 -17"><span class='ocrx_word' id='word_1_644' title='bbox 261 4589 395 4628; x_wconf 85' lang='lat' dir='ltr'><strong>nem</strong></span> <span class='ocrx_word' id='word_1_645' title='bbox 416 4572 605 4645; x_wconf 91' lang='lat' dir='ltr'><strong>primo</strong></span> <span class='ocrx_word' id='word_1_646' title='bbox 637 4570 860 4640; x_wconf 88' lang='lat' dir='ltr'><strong>impetu</strong></span> <span class='ocrx_word' id='word_1_647' title='bbox 892 4567 1187 4623; x_wconf 80' lang='lat' dir='ltr'><strong>Romanos</strong></span> <span class='ocrx_word' id='word_1_648' title='bbox 1216 4563 1506 4621; x_wconf 89' lang='lat' dir='ltr'><strong>evertendi</strong></span> <span class='ocrx_word' id='word_1_649' title='bbox 1566 4563 1909 4635; x_wconf 83' lang='lat' dir='ltr'><strong>suppedita-</strong></span> 
     </span>
    </p>
   </div>
   <div class='ocr_carea' id='block_1_89' title="bbox 2017 4379 3657 4461">
    <p class='ocr_par' dir='ltr' id='par_1_89' title="bbox 2017 4379 3657 4461">
     <span class='ocr_line' id='line_1_89' title="bbox 2017 4379 3657 4461; baseline 0.005 -28"><span class='ocrx_word' id='word_1_650' title='bbox 2017 4379 2136 4444; x_wconf 81' lang='grc' dir='ltr'>σθαί</span> <span class='ocrx_word' id='word_1_651' title='bbox 2179 4401 2233 4436; x_wconf 85' lang='grc' dir='ltr'><strong>τι</strong></span> <span class='ocrx_word' id='word_1_652' title='bbox 2280 4381 2373 4437; x_wconf 77' lang='grc' dir='ltr'><strong>καὶ</strong></span> <span class='ocrx_word' id='word_1_653' title='bbox 2422 4381 2856 4459; x_wconf 79' lang='grc' dir='ltr'>καταπράξασοαι</span> <span class='ocrx_word' id='word_1_654' title='bbox 2896 4383 3337 4461; x_wconf 82' lang='grc' dir='ltr'>προφυλακτικὸν</span> <span class='ocrx_word' id='word_1_655' title='bbox 3395 4386 3490 4460; x_wconf 77' lang='grc' dir='ltr'>μὶν</span> <span class='ocrx_word' id='word_1_656' title='bbox 3550 4391 3657 4441; x_wconf 82' lang='grc' dir='ltr'><strong>τῶν</strong></span> 
     </span>
    </p>
   </div>
   <div class='ocr_carea' id='block_1_90' title="bbox 2019 4472 3656 4551">
    <p class='ocr_par' dir='ltr' id='par_1_90' title="bbox 2019 4472 3656 4551">
     <span class='ocr_line' id='line_1_90' title="bbox 2019 4472 3656 4551; baseline 0.006 -29"><span class='ocrx_word' id='word_1_657' title='bbox 2019 4472 2189 4542; x_wconf 89' lang='grc' dir='ltr'>μήπω</span> <span class='ocrx_word' id='word_1_658' title='bbox 2245 4474 2426 4534; x_wconf 81' lang='grc' dir='ltr'>κακῶς</span> <span class='ocrx_word' id='word_1_659' title='bbox 2493 4472 2838 4538; x_wconf 85' lang='grc' dir='ltr'>πεπονθότων</span> <span class='ocrx_word' id='word_1_660' title='bbox 2919 4481 3021 4543; x_wconf 83' lang='grc' dir='ltr'><strong>τῆς</strong></span> <span class='ocrx_word' id='word_1_661' title='bbox 3106 4475 3366 4550; x_wconf 87' lang='grc' dir='ltr'>πατρίδος</span> <span class='ocrx_word' id='word_1_662' title='bbox 3457 4481 3656 4551; x_wconf 80' lang='grc' dir='ltr'>μερῶν,</span> 
     </span>
    </p>
   </div>
   <div class='ocr_carea' id='block_1_91' title="bbox 2013 4557 3657 4633">
    <p class='ocr_par' dir='ltr' id='par_1_91' title="bbox 2013 4557 3657 4633">
     <span class='ocr_line' id='line_1_91' title="bbox 2013 4557 3657 4633; baseline 0.005 -21"><span class='ocrx_word' id='word_1_663' title='bbox 2013 4557 2370 4630; x_wconf 85' lang='grc' dir='ltr'>ἀνακτητικὸν</span> <span class='ocrx_word' id='word_1_664' title='bbox 2406 4558 2465 4615; x_wconf 73' lang='grc' dir='ltr'>δὲ</span> <span class='ocrx_word' id='word_1_665' title='bbox 2484 4566 2591 4615; x_wconf 80' lang='grc' dir='ltr'><strong>τῶν</strong></span> <span class='ocrx_word' id='word_1_666' title='bbox 2625 4560 2923 4631; x_wconf 83' lang='grc' dir='ltr'>ἡλωκυιῶν</span> <span class='ocrx_word' id='word_1_667' title='bbox 2963 4560 3204 4633; x_wconf 85' lang='grc' dir='ltr'>πόλεων,</span> <span class='ocrx_word' id='word_1_668' title='bbox 3245 4565 3297 4618; x_wconf 77' lang='grc' dir='ltr'>οἱ</span> <span class='ocrx_word' id='word_1_669' title='bbox 3341 4560 3398 4619; x_wconf 79' lang='grc' dir='ltr'>δὶ</span> <span class='ocrx_word' id='word_1_670' title='bbox 3440 4564 3518 4627; x_wconf 73' lang='grc' dir='ltr'>εἷς</span> <span class='ocrx_word' id='word_1_671' title='bbox 3566 4561 3657 4620; x_wconf 71' lang='lat'><strong>80-</strong></span> 
     </span>
    </p>
   </div>
   <div class='ocr_carea' id='block_1_92' title="bbox 262 4642 1921 4728">
    <p class='ocr_par' dir='ltr' id='par_1_92' title="bbox 262 4642 1910 4726">
     <span class='ocr_line' id='line_1_92' title="bbox 262 4642 1910 4726; baseline -0.006 -10"><span class='ocrx_word' id='word_1_672' title='bbox 262 4642 593 4719; x_wconf 31' lang='lat' dir='ltr'><strong>bant.’Unde</strong></span> <span class='ocrx_word' id='word_1_673' title='bbox 614 4657 799 4715; x_wconf 86' lang='lat' dir='ltr'><strong>cuivis</strong></span> <span class='ocrx_word' id='word_1_674' title='bbox 823 4657 1155 4714; x_wconf 82' lang='lat' dir='ltr'><strong>Latinarum</strong></span> <span class='ocrx_word' id='word_1_675' title='bbox 1178 4653 1716 4726; x_wconf 85' lang='lat' dir='ltr'><strong>gentium,quarum</strong></span> <span class='ocrx_word' id='word_1_676' title='bbox 1750 4655 1910 4707; x_wconf 87' lang='lat' dir='ltr'><strong>tanta</strong></span> 
     </span>
    </p>
   </div>
   <div class='ocr_carea' id='block_1_93' title="bbox 2034 4642 3658 4728">
    <p class='ocr_par' dir='ltr' id='par_1_93' title="bbox 2034 4642 3658 4728">
     <span class='ocr_line' id='line_1_93' title="bbox 2034 4642 3658 4728; baseline 0.004 -28"><span class='ocrx_word' id='word_1_677' title='bbox 2034 4646 2271 4719; x_wconf 69' lang='grc' dir='ltr'>ξομανίαν</span> <span class='ocrx_word' id='word_1_678' title='bbox 2330 4642 2848 4728; x_wconf 72' lang='grc' dir='ltr'>έκτρᾶχηλισθέντες</span> <span class='ocrx_word' id='word_1_679' title='bbox 2903 4649 2994 4706; x_wconf 80' lang='grc' dir='ltr'><strong>καὶ</strong></span> <span class='ocrx_word' id='word_1_680' title='bbox 3062 4648 3343 4707; x_wconf 80' lang='grc' dir='ltr'>καλεῖσθαι</span> <span class='ocrx_word' id='word_1_681' title='bbox 3408 4652 3658 4728; x_wconf 87' lang='grc' dir='ltr'>τύραννοι</span> 
     </span>
    </p>
   </div>
   <div class='ocr_carea' id='block_1_94' title="bbox 264 4735 1921 4820">
    <p class='ocr_par' dir='ltr' id='par_1_94' title="bbox 264 4744 1907 4815">
     <span class='ocr_line' id='line_1_94' title="bbox 264 4744 1907 4815; baseline -0.007 -11"><span class='ocrx_word' id='word_1_682' title='bbox 264 4750 574 4806; x_wconf 85' lang='lat' dir='ltr'><strong>multitudo</strong></span> <span class='ocrx_word' id='word_1_683' title='bbox 591 4751 649 4804; x_wconf 83' lang='lat' dir='ltr'><strong>et</strong></span> <span class='ocrx_word' id='word_1_684' title='bbox 666 4746 915 4803; x_wconf 85' lang='lat' dir='ltr'><strong>varietas</strong></span> <span class='ocrx_word' id='word_1_685' title='bbox 937 4749 1046 4813; x_wconf 86' lang='lat' dir='ltr'><strong>est,</strong></span> <span class='ocrx_word' id='word_1_686' title='bbox 1061 4760 1189 4815; x_wconf 72' lang='lat' dir='ltr'><strong>quze</strong></span> <span class='ocrx_word' id='word_1_687' title='bbox 1204 4744 1907 4813; x_wconf 82' lang='lat' dir='ltr'><strong>Romanesoppugnatum</strong></span> 
     </span>
    </p>
   </div>
   <div class='ocr_carea' id='block_1_95' title="bbox 2034 4735 3659 4820">
    <p class='ocr_par' dir='ltr' id='par_1_95' title="bbox 2034 4735 3659 4820">
     <span class='ocr_line' id='line_1_95' title="bbox 2034 4735 3659 4820; baseline 0.004 -29"><span class='ocrx_word' id='word_1_688' title='bbox 2034 4735 2261 4800; x_wconf 60' lang='grc' dir='ltr'>μέλοντες</span> <span class='ocrx_word' id='word_1_689' title='bbox 2311 4741 2433 4803; x_wconf 80' lang='grc' dir='ltr'>καθ’</span> <span class='ocrx_word' id='word_1_690' title='bbox 2479 4740 2683 4796; x_wconf 70' lang='grc' dir='ltr'>ἑαυτῶν</span> <span class='ocrx_word' id='word_1_691' title='bbox 2746 4739 2994 4811; x_wconf 77' lang='grc' dir='ltr'>ὣπλιζον</span> <span class='ocrx_word' id='word_1_692' title='bbox 3038 4741 3134 4802; x_wconf 77' lang='grc' dir='ltr'><strong>τὰς</strong></span> <span class='ocrx_word' id='word_1_693' title='bbox 3183 4748 3395 4818; x_wconf 89' lang='grc' dir='ltr'>χεῖρας,</span> <span class='ocrx_word' id='word_1_694' title='bbox 3457 4743 3659 4820; x_wconf 83' lang='grc' dir='ltr'>βακτη-</span> 
     </span>
    </p>
   </div>
   <div class='ocr_carea' id='block_1_96' title="bbox 264 4825 1900 4906">
    <p class='ocr_par' dir='ltr' id='par_1_96' title="bbox 264 4825 1900 4906">
     <span class='ocr_line' id='line_1_96' title="bbox 264 4825 1900 4906; baseline -0.006 -16"><span class='ocrx_word' id='word_1_695' title='bbox 264 4835 551 4906; x_wconf 85' lang='lat' dir='ltr'><strong>ibat,illud</strong></span> <span class='ocrx_word' id='word_1_696' title='bbox 570 4851 638 4890; x_wconf 83' lang='lat' dir='ltr'><strong>ex</strong></span> <span class='ocrx_word' id='word_1_697' title='bbox 654 4833 834 4891; x_wconf 80' lang='lat' dir='ltr'><strong>sacris</strong></span> <span class='ocrx_word' id='word_1_698' title='bbox 856 4831 1090 4889; x_wconf 89' lang='lat' dir='ltr'><strong>Litteris</strong></span> <span class='ocrx_word' id='word_1_699' title='bbox 1114 4845 1397 4901; x_wconf 86' lang='lat' dir='ltr'><strong>usurpare</strong></span> <span class='ocrx_word' id='word_1_700' title='bbox 1432 4827 1676 4884; x_wconf 87' lang='lat' dir='ltr'><strong>licebat:</strong></span> <span class='ocrx_word' id='word_1_701' title='bbox 1715 4849 1735 4876; x_wconf 78' lang='grc' dir='ltr'><strong><em>α</em></strong></span> <span class='ocrx_word' id='word_1_702' title='bbox 1768 4825 1900 4881; x_wconf 88' lang='lat' dir='ltr'><strong>Per-</strong></span> 
     </span>
    </p>
   </div>
   <div class='ocr_carea' id='block_1_97' title="bbox 2012 4824 3661 4902">
    <p class='ocr_par' dir='ltr' id='par_1_97' title="bbox 2012 4824 3661 4902">
     <span class='ocr_line' id='line_1_97' title="bbox 2012 4824 3661 4902; baseline 0.005 -24"><span class='ocrx_word' id='word_1_703' title='bbox 2012 4824 2129 4901; x_wconf 90' lang='grc' dir='ltr'>ρίαν</span> <span class='ocrx_word' id='word_1_704' title='bbox 2175 4825 2263 4880; x_wconf 83' lang='grc' dir='ltr'><strong>καὶ</strong></span> <span class='ocrx_word' id='word_1_705' title='bbox 2306 4830 2467 4902; x_wconf 78' lang='grc' dir='ltr'>νῆψιν</span> <span class='ocrx_word' id='word_1_706' title='bbox 2519 4832 2650 4902; x_wconf 80' lang='grc'>(81),</span> <span class='ocrx_word' id='word_1_707' title='bbox 2711 4826 2836 4902; x_wconf 67' lang='grc' dir='ltr'>εἴπῃ</span> <span class='ocrx_word' id='word_1_708' title='bbox 2883 4826 2929 4884; x_wconf 87' lang='grc' dir='ltr'>δ’</span> <span class='ocrx_word' id='word_1_709' title='bbox 2978 4831 3040 4885; x_wconf 81' lang='grc' dir='ltr'>ἂν</span> <span class='ocrx_word' id='word_1_710' title='bbox 3088 4852 3169 4894; x_wconf 88' lang='grc' dir='ltr'><strong>τις</strong></span> <span class='ocrx_word' id='word_1_711' title='bbox 3210 4831 3300 4887; x_wconf 80' lang='grc' dir='ltr'><strong>καὶ</strong></span> <span class='ocrx_word' id='word_1_712' title='bbox 3359 4830 3661 4887; x_wconf 88' lang='grc' dir='ltr'>πανοπλίαν</span> 
     </span>
    </p>
   </div>
   <div class='ocr_carea' id='block_1_98' title="bbox 261 4914 1921 4999">
    <p class='ocr_par' dir='ltr' id='par_1_98' title="bbox 261 4914 1899 4992">
     <span class='ocr_line' id='line_1_98' title="bbox 261 4914 1899 4992; baseline -0.004 -15"><span class='ocrx_word' id='word_1_713' title='bbox 261 4928 498 4983; x_wconf 85' lang='lat' dir='ltr'><strong>secutus</strong></span> <span class='ocrx_word' id='word_1_714' title='bbox 524 4922 1037 4992; x_wconf 89' lang='lat' dir='ltr'><strong>comprehendam,</strong></span> <span class='ocrx_word' id='word_1_715' title='bbox 1097 4917 1283 4992; x_wconf 90' lang='lat' dir='ltr'><strong>spolia</strong></span> <span class='ocrx_word' id='word_1_716' title='bbox 1340 4916 1617 4984; x_wconf 87' lang='lat' dir='ltr'><strong>dividam,</strong></span> <span class='ocrx_word' id='word_1_717' title='bbox 1659 4914 1899 4987; x_wconf 81' lang='lat' dir='ltr'><strong>explebo</strong></span> 
     </span>
    </p>
   </div>
   <div class='ocr_carea' id='block_1_99' title="bbox 2034 4914 3656 4999">
    <p class='ocr_par' dir='ltr' id='par_1_99' title="bbox 2034 4914 3656 4999">
     <span class='ocr_line' id='line_1_99' title="bbox 2034 4914 3656 4999; baseline 0.005 -30"><span class='ocrx_word' id='word_1_718' title='bbox 2034 4914 2097 4970; x_wconf 73' lang='lat' dir='ltr'><strong>Lai</strong></span> <span class='ocrx_word' id='word_1_719' title='bbox 2129 4914 2393 4987; x_wconf 85' lang='grc' dir='ltr'>τρόπαιον</span> <span class='ocrx_word' id='word_1_720' title='bbox 2422 4915 2475 4987; x_wconf 80' lang='grc' dir='ltr'>ἐξ</span> <span class='ocrx_word' id='word_1_721' title='bbox 2505 4915 2702 4999; x_wconf 83' lang='grc' dir='ltr'>ἐφόδου</span> <span class='ocrx_word' id='word_1_722' title='bbox 2730 4924 2852 4982; x_wconf 88' lang='grc' dir='ltr'>τοῖς</span> <span class='ocrx_word' id='word_1_723' title='bbox 2879 4923 2987 4973; x_wconf 83' lang='grc' dir='ltr'><strong>τῶν</strong></span> <span class='ocrx_word' id='word_1_724' title='bbox 3019 4921 3311 4994; x_wconf 85' lang='grc' dir='ltr'>Ῥωμαίων</span> <span class='ocrx_word' id='word_1_725' title='bbox 3361 4919 3656 4995; x_wconf 90' lang='grc' dir='ltr'>πολεμίοις</span> 
     </span>
    </p>
   </div>
   <div class='ocr_carea' id='block_1_100' title="bbox 260 5000 1921 5084">
    <p class='ocr_par' dir='ltr' id='par_1_100' title="bbox 260 5004 1900 5081">
     <span class='ocr_line' id='line_1_100' title="bbox 260 5004 1900 5081; baseline -0.004 -16"><span class='ocrx_word' id='word_1_726' title='bbox 260 5012 526 5067; x_wconf 87' lang='lat' dir='ltr'><strong>animum</strong></span> <span class='ocrx_word' id='word_1_727' title='bbox 553 5010 1037 5079; x_wconf 88' lang='lat' dir='ltr'><strong>meum,cccidam</strong></span> <span class='ocrx_word' id='word_1_728' title='bbox 1060 5008 1253 5081; x_wconf 88' lang='lat' dir='ltr'><strong>gladio</strong></span> <span class='ocrx_word' id='word_1_729' title='bbox 1297 5023 1449 5071; x_wconf 88' lang='lat' dir='ltr'><strong>meo,</strong></span> <span class='ocrx_word' id='word_1_730' title='bbox 1498 5004 1900 5061; x_wconf 84' lang='lat' dir='ltr'><strong>dominabitur</strong></span> 
     </span>
    </p>
   </div>
   <div class='ocr_carea' id='block_1_101' title="bbox 2034 5000 3657 5084">
    <p class='ocr_par' dir='ltr' id='par_1_101' title="bbox 2034 5000 3657 5084">
     <span class='ocr_line' id='line_1_101' title="bbox 2034 5000 3657 5084; baseline 0.006 -27"><span class='ocrx_word' id='word_1_731' title='bbox 2034 5007 2087 5076; x_wconf 78' lang='grc' dir='ltr'>ᾦ</span> <span class='ocrx_word' id='word_1_732' title='bbox 2117 5000 2393 5079; x_wconf 80' lang='grc' dir='ltr'>διχονοεῖν</span> <span class='ocrx_word' id='word_1_733' title='bbox 2424 5003 2698 5077; x_wconf 78' lang='grc' dir='ltr'>ἀλλήλοις</span> <span class='ocrx_word' id='word_1_734' title='bbox 2726 5006 2816 5062; x_wconf 84' lang='grc' dir='ltr'><strong>καὶ</strong></span> <span class='ocrx_word' id='word_1_735' title='bbox 2848 5004 3118 5064; x_wconf 85' lang='grc' dir='ltr'>διεστάναι</span> <span class='ocrx_word' id='word_1_736' title='bbox 3151 5004 3527 5084; x_wconf 76' lang='grc' dir='ltr'>βραϐεύοντες.</span> <span class='ocrx_word' id='word_1_737' title='bbox 3552 5012 3657 5066; x_wconf 83' lang='grc' dir='ltr'>Ἦν</span> 
     </span>
    </p>
   </div>
   <div class='ocr_carea' id='block_1_102' title="bbox 1590 5156 2321 5229">
    <p class='ocr_par' dir='ltr' id='par_1_102' title="bbox 1590 5156 2321 5229">
     <span class='ocr_line' id='line_1_102' title="bbox 1590 5156 2321 5229; baseline 0.001 -2"><span class='ocrx_word' id='word_1_738' title='bbox 1590 5159 1784 5229; x_wconf 90' lang='lat' dir='ltr'><strong>Hier.</strong></span> <span class='ocrx_word' id='word_1_739' title='bbox 1818 5156 2074 5227; x_wconf 85' lang='lat' dir='ltr'><strong>Wolﬁi</strong></span> <span class='ocrx_word' id='word_1_740' title='bbox 2104 5162 2321 5228; x_wconf 59' lang='lat' dir='ltr'><strong>notae.</strong></span> 
     </span>
    </p>
   </div>
   <div class='ocr_carea' id='block_1_103' title="bbox 266 5319 1912 5395">
    <p class='ocr_par' dir='ltr' id='par_1_103' title="bbox 266 5319 1912 5395">
     <span class='ocr_line' id='line_1_103' title="bbox 266 5319 1912 5395; baseline -0.007 -12"><span class='ocrx_word' id='word_1_741' title='bbox 266 5331 383 5382; x_wconf 90' lang='lat' dir='ltr'><strong>tur.</strong></span> <span class='ocrx_word' id='word_1_742' title='bbox 443 5323 557 5395; x_wconf 86' lang='lat' dir='ltr'><strong>Ego</strong></span> <span class='ocrx_word' id='word_1_743' title='bbox 613 5322 755 5379; x_wconf 86' lang='lat' dir='ltr'><strong>verti</strong></span> <span class='ocrx_word' id='word_1_744' title='bbox 811 5321 874 5375; x_wconf 86' lang='grc' dir='ltr'>τὸ</span> <span class='ocrx_word' id='word_1_745' title='bbox 928 5319 1112 5395; x_wconf 81' lang='grc' dir='ltr'>καινὸν</span> <span class='ocrx_word' id='word_1_746' title='bbox 1174 5336 1277 5392; x_wconf 91' lang='lat' dir='ltr'><strong>pro</strong></span> <span class='ocrx_word' id='word_1_747' title='bbox 1333 5321 1552 5379; x_wconf 82' lang='grc' dir='ltr'>καινῶς.</span> <span class='ocrx_word' id='word_1_748' title='bbox 1621 5320 1912 5389; x_wconf 81' lang='lat' dir='ltr'><strong>Sequatur</strong></span> 
     </span>
    </p>
   </div>
   <div class='ocr_carea' id='block_1_104' title="bbox 261 5394 987 5471">
    <p class='ocr_par' dir='ltr' id='par_1_104' title="bbox 261 5394 987 5471">
     <span class='ocr_line' id='line_1_104' title="bbox 261 5394 987 5471; baseline -0.007 -19"><span class='ocrx_word' id='word_1_749' title='bbox 261 5398 500 5471; x_wconf 73' lang='lat' dir='ltr'><strong>quisque</strong></span> <span class='ocrx_word' id='word_1_750' title='bbox 525 5395 680 5471; x_wconf 30' lang='lat' dir='ltr'><strong>guo‘d</strong></span> <span class='ocrx_word' id='word_1_751' title='bbox 715 5394 987 5471; x_wconf 72' lang='lat' dir='ltr'><strong>probarit.</strong></span> 
     </span>
    </p>
   </div>
   <div class='ocr_carea' id='block_1_105' title="bbox 335 5455 1906 5539">
    <p class='ocr_par' dir='ltr' id='par_1_105' title="bbox 335 5455 1906 5539">
     <span class='ocr_line' id='line_1_105' title="bbox 335 5455 1906 5539; baseline -0.003 -19"><span class='ocrx_word' id='word_1_752' title='bbox 335 5455 589 5539; x_wconf 64' lang='grc' dir='ltr'><strong>(86)]’ᾧν</strong></span> <span class='ocrx_word' id='word_1_753' title='bbox 631 5455 1003 5539; x_wconf 72' lang='grc' dir='ltr'>θρεψαμένων.</span> <span class='ocrx_word' id='word_1_754' title='bbox 1037 5465 1191 5539; x_wconf 73' lang='lat' dir='ltr'><strong>Idem</strong></span> <span class='ocrx_word' id='word_1_755' title='bbox 1228 5462 1405 5539; x_wconf 32' lang='lat' dir='ltr'><strong>quod‘</strong></span> <span class='ocrx_word' id='word_1_756' title='bbox 1445 5479 1554 5539; x_wconf 75' lang='grc' dir='ltr'><strong>των</strong></span> <span class='ocrx_word' id='word_1_757' title='bbox 1607 5455 1906 5539; x_wconf 77' lang='grc' dir='ltr'>πατρίδων.</span> 
     </span>
    </p>
   </div>
   <div class='ocr_carea' id='block_1_106' title="bbox 262 5531 1907 5667">
    <p class='ocr_par' dir='ltr' id='par_1_106' title="bbox 262 5531 1907 5667">
     <span class='ocr_line' id='line_1_106' title="bbox 262 5531 1907 5667; baseline -0.002 -73"><span class='ocrx_word' id='word_1_758' title='bbox 262 5531 484 5667; x_wconf 38' lang='lat' dir='ltr'><strong>sicut;</strong></span> <span class='ocrx_word' id='word_1_759' title='bbox 517 5531 869 5667; x_wconf 60' lang='grc' dir='ltr'>ἐῖεγκαμένη,</span> <span class='ocrx_word' id='word_1_760' title='bbox 900 5535 981 5591; x_wconf 84' lang='lat' dir='ltr'><strong>ita</strong></span> <span class='ocrx_word' id='word_1_761' title='bbox 1010 5540 1065 5591; x_wconf 92' lang='lat' dir='ltr'><strong>et</strong></span> <span class='ocrx_word' id='word_1_762' title='bbox 1096 5534 1191 5590; x_wconf 88' lang='lat' dir='ltr'><strong>hic</strong></span> <span class='ocrx_word' id='word_1_763' title='bbox 1219 5531 1262 5603; x_wconf 65' lang='grc' dir='ltr'><strong>ἦ</strong></span> <span class='ocrx_word' id='word_1_764' title='bbox 1288 5531 1594 5606; x_wconf 76' lang='grc' dir='ltr'>θρεψαμένῃ</span> <span class='ocrx_word' id='word_1_765' title='bbox 1656 5531 1907 5604; x_wconf 80' lang='lat' dir='ltr'><strong>patriam</strong></span> 
     </span>
     <span class='ocr_line' id='line_1_107' title="bbox 262 5626 576 5667; baseline 0.003 -1"><span class='ocrx_word' id='word_1_766' title='bbox 262 5627 414 5667; x_wconf 67' lang='lat' dir='ltr'><strong>sum</strong></span> <span class='ocrx_word' id='word_1_767' title='bbox 464 5626 532 5667; x_wconf 80' lang='lat' dir='ltr'><strong>ca</strong></span> <span class='ocrx_word' id='word_1_768' title='bbox 561 5652 576 5667; x_wconf 92' lang='lat'><strong>.</strong></span> 
     </span>
    </p>
   </div>
   <div class='ocr_carea' id='block_1_107' title="bbox 262 5610 576 5684">
    <p class='ocr_par' dir='ltr' id='par_1_107' title="bbox 262 5610 576 5684">
     <span class='ocr_line' id='line_1_108' title="bbox 262 5610 576 5684; baseline 0.006 -18"><span class='ocrx_word' id='word_1_769' title='bbox 262 5610 576 5684; x_wconf 87' lang='lat' dir='ltr'><strong>significat.</strong></span> 
     </span>
    </p>
   </div>
   <div class='ocr_carea' id='block_1_108' title="bbox 2091 5314 3665 5392">
    <p class='ocr_par' dir='ltr' id='par_1_108' title="bbox 2091 5314 3665 5392">
     <span class='ocr_line' id='line_1_109' title="bbox 2091 5314 3665 5392; baseline 0.005 -21"><span class='ocrx_word' id='word_1_770' title='bbox 2091 5314 2424 5392; x_wconf 37' lang='grc' dir='ltr'>(81),ῌῆψις-</span> <span class='ocrx_word' id='word_1_771' title='bbox 2442 5319 2529 5372; x_wconf 83' lang='lat' dir='ltr'><strong>est</strong></span> <span class='ocrx_word' id='word_1_772' title='bbox 2557 5317 2843 5392; x_wconf 86' lang='lat' dir='ltr'><strong>sobrietas</strong></span> <span class='ocrx_word' id='word_1_773' title='bbox 2872 5339 2889 5392; x_wconf 84' lang='lat'><strong>;_</strong></span> <span class='ocrx_word' id='word_1_774' title='bbox 2921 5336 3049 5392; x_wconf 68' lang='lat' dir='ltr'><strong>qua</strong></span> <span class='ocrx_word' id='word_1_775' title='bbox 3104 5323 3243 5392; x_wconf 88' lang='lat' dir='ltr'><strong>quid</strong></span> <span class='ocrx_word' id='word_1_776' title='bbox 3306 5322 3418 5379; x_wconf 88' lang='lat' dir='ltr'><strong>huc</strong></span> <span class='ocrx_word' id='word_1_777' title='bbox 3460 5322 3665 5391; x_wconf 81' lang='lat' dir='ltr'><strong>faciat,</strong></span> 
     </span>
    </p>
   </div>
   <div class='ocr_carea' id='block_1_109' title="bbox 2020 5387 3670 5463">
    <p class='ocr_par' dir='ltr' id='par_1_109' title="bbox 2020 5387 3670 5463">
     <span class='ocr_line' id='line_1_110' title="bbox 2020 5387 3670 5463; baseline 0.007 -24"><span class='ocrx_word' id='word_1_778' title='bbox 2020 5403 2135 5463; x_wconf 73' lang='lat' dir='ltr'><strong>non</strong></span> <span class='ocrx_word' id='word_1_779' title='bbox 2169 5387 2357 5463; x_wconf 78' lang='lat' dir='ltr'><strong>video.</strong></span> <span class='ocrx_word' id='word_1_780' title='bbox 2379 5388 2578 5463; x_wconf 61' lang='lat' dir='ltr'><strong>Neque</strong></span> <span class='ocrx_word' id='word_1_781' title='bbox 2606 5391 2805 5463; x_wconf 80' lang='grc' dir='ltr'>σκῆψις</span> <span class='ocrx_word' id='word_1_782' title='bbox 2836 5387 3045 5463; x_wconf 77' lang='lat' dir='ltr'><strong>placet.</strong></span> <span class='ocrx_word' id='word_1_783' title='bbox 3103 5387 3488 5450; x_wconf 77' lang='lat' dir='ltr'><strong>Sebrietatem</strong></span> <span class='ocrx_word' id='word_1_784' title='bbox 3546 5387 3670 5450; x_wconf 51' lang='lat' dir='ltr'><strong>beli-</strong></span> 
     </span>
    </p>
   </div>
   <div class='ocr_carea' id='block_1_110' title="bbox 2018 5459 3674 5603">
    <p class='ocr_par' dir='ltr' id='par_1_110' title="bbox 2018 5459 3674 5603">
     <span class='ocr_line' id='line_1_111' title="bbox 2020 5459 3674 5541; baseline 0.004 -27"><span class='ocrx_word' id='word_1_785' title='bbox 2020 5459 2304 5541; x_wconf 76' lang='lat' dir='ltr'><strong>latoribus</strong></span> <span class='ocrx_word' id='word_1_786' title='bbox 2337 5459 2513 5515; x_wconf 85' lang='lat' dir='ltr'><strong>etiam</strong></span> <span class='ocrx_word' id='word_1_787' title='bbox 2543 5477 2670 5518; x_wconf 86' lang='lat' dir='ltr'><strong>esse</strong></span> <span class='ocrx_word' id='word_1_788' title='bbox 2700 5459 2902 5519; x_wconf 78' lang='lat' dir='ltr'><strong>utilem</strong></span> <span class='ocrx_word' id='word_1_789' title='bbox 2934 5480 3051 5520; x_wconf 88' lang='lat' dir='ltr'><strong>non</strong></span> <span class='ocrx_word' id='word_1_790' title='bbox 3106 5481 3252 5536; x_wconf 83' lang='lat' dir='ltr'><strong>nego</strong></span> <span class='ocrx_word' id='word_1_791' title='bbox 3287 5482 3299 5518; x_wconf 93' lang='lat'>:</span> <span class='ocrx_word' id='word_1_792' title='bbox 3332 5466 3433 5521; x_wconf 88' lang='lat' dir='ltr'><strong>sed</strong></span> <span class='ocrx_word' id='word_1_793' title='bbox 3478 5466 3537 5520; x_wconf 90' lang='lat' dir='ltr'><strong>id</strong></span> <span class='ocrx_word' id='word_1_794' title='bbox 3572 5465 3674 5521; x_wconf 88' lang='lat' dir='ltr'><strong>hic</strong></span> 
     </span>
     <span class='ocr_line' id='line_1_112' title="bbox 2018 5538 2366 5603; baseline 0.006 -18"><span class='ocrx_word' id='word_1_795' title='bbox 2018 5545 2134 5587; x_wconf 83' lang='lat' dir='ltr'><strong>non</strong></span> <span class='ocrx_word' id='word_1_796' title='bbox 2156 5538 2366 5603; x_wconf 77' lang='lat' dir='ltr'><strong>agitur.</strong></span> 
     </span>
    </p>
   </div>
  </div>
