4120 6284
434 330 588 392 1029

1871 323 2076 389 URBS
2119 321 2405 383 CAPTA.

3696 329 3852 388 1030

433 459 524 516 οῦν
557 463 643 536 [Ρ.
675 463 805 535 411]
837 465 934 516 τοῦ
978 460 1323 536 βουλομένου
1353 463 1551 525 παντὸς
1581 461 1642 517 ἐκ
1657 465 1754 517 τοῦ
1784 465 1891 516 τῶν
1917 458 2083 514 Λατί-

2197 472 2408 512 manus
2430 473 2616 512 mea.»
2647 457 2850 529 Itaque
2873 457 3043 513 multi
3073 458 3350 516 mediocri
3373 476 3554 517 manu
3597 462 3848 520 collecta

432 572 536 605 νων
595 548 975 624 πολυσπεροῦς
1043 553 1414 624 συντάγματος
1471 552 1539 607 τὰ
1596 551 1834 628 γραφικᾶ
1908 553 2080 604 ταῦτα

433 637 646 712 ἐπᾴδειν
677 637 977 713 Ῥωμαίοις
1006 639 1506 714 ἐπιστρατεύοντος,
1537 642 1800 710 «Διώξας,
1835 637 2082 708 καταλή-

434 733 632 804 ψομαι,
671 735 843 803 μεριῶ
880 727 1073 798 σκῦλα,
1116 729 1386 802 ἐμπλήσω
1419 733 1606 809 ψυχήν
1643 751 1775 803 μου,
1807 726 1983 783 ἆνελῶ
2011 731 2080 801 τῇ

437 818 682 896 μαχαίρᾳ
716 817 1170 892 μου,κυριεύσειὴ
1197 820 1324 897 χείρ
1350 841 1521 892 μομ.»
1549 818 1762 876 Ηολλοὶ
1794 817 1969 874 τοίνυν
1994 816 2084 889 μέ-

432 929 582 981 τριον
616 910 1080 984 συγκροτήσαντες
1136 908 1384 980 πόλεμον
1434 910 1522 963 καὶ
1553 910 1788 972 ἱππότας
1856 908 2082 982 βραχεῖς

443 997 872 1073 μισθῶσάμενοι,
905 999 1241 1071 Ῥωμαϊκαῖς
1271 997 1734 1068 κατεκολπίζοντο
1782 999 1965 1068 νήσοις
2008 995 2082 1058 ὡς

432 1088 606 1158 πάντη
631 1087 844 1148 πάντως
876 1085 1282 1162 ἐρημαζούσαις
1323 1092 1420 1143 τοῦ
1476 1086 1859 1161 ἐπαρήξοντος.
1918 1087 2082 1144 Ὃθαν

431 1177 681 1250 πειραταί
737 1195 879 1236 τινες
936 1181 1234 1247 Γενουῖται,
1293 1177 1651 1250 περιψήματα
1702 1173 1907 1249 ἀνδρῶν
1992 1174 2083 1228 καὶ

432 1261 897 1338 ἀμϐλώματα,οὐ
929 1265 1063 1319 κατὰ
1084 1269 1246 1320 τοῦτο
1319 1265 1412 1338 μὶν
1463 1275 1608 1327 τινός
1670 1263 2082 1342 ὑπερφέροντες,

432 1353 570 1409 κατὰ
611 1350 659 1406 δ’
682 1352 857 1407 ἐκεῖνο
905 1353 971 1408 τὰ
1031 1351 1250 1428 δεύτερα
1290 1354 1563 1432 φέροντες,
1617 1351 1744 1408 ἀλλ’
1796 1353 2084 1424 ἁπανταχῆ

433 1445 688 1516 πονήρως
738 1443 1062 1518 πράττοντες
1127 1443 1218 1498 καὶ
1260 1441 1663 1517 δυσδαιμόνως,
1730 1440 2084 1518 στρογγύλων

432 1529 588 1584 πέντε
626 1534 770 1601 νηῶν
841 1531 1240 1604 εὐπορήσαντες
1295 1529 1386 1585 καὶ
1445 1529 1622 1609 σκάφη
1667 1529 1926 1605 τρίκροτα
1957 1550 2083 1583 κατ-

433 1621 719 1696 ηρτικότες
762 1620 898 1694 πρὸς
937 1625 1052 1682 τοῖς
1085 1618 1259 1675 ε’ίκοσι
1300 1620 1531 1693 τέσσαρα
1583 1620 1637 1682 ἐς
1700 1622 1799 1690 τὴν
1862 1621 2082 1695 Κρήτην

435 1707 891 1779 διαπλωΐζονται·
979 1709 1070 1764 καὶ
1140 1710 1484 1783 πλασάμενοι
1565 1710 1692 1772 τοὺς
1783 1708 2082 1782 ἐμπόρους,

445 1800 563 1854 εἶτα
594 1797 907 1872 ἐπιθέμενοι
940 1799 1014 1860 ὡς
1065 1799 1349 1874 πολέμιοι,
1401 1805 1502 1869 τῆς
1561 1801 1730 1870 νήσου
1797 1797 2083 1871 ξυμπάσης

435 1888 769 1964 κατίσχυσαν
796 1887 1182 1963 εὐμαρέστατα.
1233 1888 1369 1945 Τότε
1408 1887 1498 1942 καί
1565 1889 1592 1942 ὁ
1658 1891 1870 1962 κρατῶν
1937 1888 2085 1942 Ἰκο-

433 1976 551 2031 νίου
606 1976 954 2051 Καίχοσρόης
1003 1978 1139 2031 κατᾶ
1187 1984 1288 2046 τῆς
1357 1975 1649 2038 Ἀτταλίας
1714 1974 2083 2050 ἐστράτευσεν,

436 2061 693 2122 αὐτοϐοεὶ
724 2069 822 2135 τὴν
863 2066 1028 2121 πόλιν
1070 2064 1212 2121 ἑλεῖν
1247 2067 1648 2145 φανταζόμενος
1679 2067 1752 2128 ὡς
1801 2064 1908 2140 οὐχ
1965 2066 2087 2120 ἱκα-

435 2157 530 2226 νὴν
583 2154 741 2210 οὖσαν
812 2156 1006 2226 ἐαυτήν
1085 2152 1470 2211 διασώσασθαι.

1769 2153 1792 2172 ἢ

1558 2157 1671 2226 Τὴν
1766 2154 1813 2209 δ’
1878 2154 2086 2210 ἐκείνου

437 2239 637 2318 ἔφοδον
678 2245 1094 2319 προεγνωκότες
1125 2243 1154 2299 ὅ
1190 2266 1247 2300 τε
1277 2242 1587 2320 πολίαρχος
1640 2240 2086 2313 Ἀλδεϐραντῖνος

437 2336 527 2389 καὶ
557 2334 617 2388 οἷ’
650 2335 741 2388 σὺν
773 2335 919 2407 αὐτῷ
947 2340 1064 2397 τοῖς
1122 2341 1327 2397 κοινοῖς
1397 2334 1718 2391 ἐπεστάτουν
1776 2337 2092 2411 πράγμασι,

438 2424 748 2498 πέμψαντες
780 2423 856 2486 είς
907 2424 1122 2499 Κύπρον
1177 2424 1497 2500 συμμαχίαν
1568 2424 1767 2490 ἐκεῖθεν
1831 2424 2088 2504 εἰλήφασι

439 2517 662 2582 πεζικοῦ
717 2514 1142 2588 στρατεύματος,
1174 2512 1228 2576 ἐς
1295 2511 1606 2577 διακοσίους
1679 2515 2085 2588 ἀριθμουμένην

438 2603 724 2665 Λατίνους.
797 2601 1154 2677 Κᾶπειδηπερ
1222 2603 1298 2665 είς
1352 2609 1542 2680 ’χεῖρας
1588 2606 1615 2659 ὁ
1664 2602 1914 2676 πόλεμος
1979 2603 2088 2680 ἆγε-

439 2695 585 2769 γόνει
643 2694 732 2747 καὶ
793 2692 1120 2772 περιείληφε
1175 2695 1274 2763 τὴν
1333 2696 1498 2748 πόλιν
1529 2697 1590 2750 τὸ
1623 2695 1886 2768 Περσικὸν
1923 2695 2085 2768 στραο

441 2802 632 2854 τευμα,
675 2784 726 2837 οἱ
752 2783 811 2837 ἐκ
853 2784 1090 2838 Λατίνων
1133 2783 1208 2845 εἱς
1240 2781 1498 2861 φάλαγγα
1557 2789 1930 2848 πυκνωθέντες
1996 2785 2088 2840 καὶ

443 2876 560 2933 τοῖς
601 2871 823 2945 Πέρσαις
857 2870 1174 2947 ἐποφοέντες
1209 2872 1514 2948 ἀπρόοπτοι
1563 2879 1680 2936 τοῖς
1738 2872 2085 2930 Ἀτταλεῦσιν

448 2959 751 3031 ἐπήμυναν,
816 2960 928 3031 καὶ,
985 2961 1127 3015 οὕτω
1186 2966 1264 3017 τῶ
1345 2957 1630 3038 βαρϐάρων
1711 2962 2090 3018 καταστάντων

449 3045 500 3108 ἐς
531 3043 650 3107 δέος
707 3041 766 3102 ἐκ
819 3069 878 3103 τε
914 3052 1008 3103 τοῦ
1051 3053 1199 3127 σφῶν
1259 3050 1658 3125 στρατεύματος
1714 3049 1921 3106 πολλοὶ
1981 3048 2092 3106 δια-

447 3134 752 3212 φθείρονται
794 3137 884 3192 καὶ
946 3140 1300 3216 Καϊχοσρόης
1356 3139 1554 3204 ἐκεῖθεν
1617 3141 1953 3214 μεθίσταται,
2011 3143 2086 3214 μὴ

2118 1854 2162 1920 Β

2190 551 2244 601 et
2274 546 2478 618 exiguo
2501 547 2759 618 equitatu
2781 549 3066 603 conducto
3098 548 3155 603 in
3184 549 3480 608 Romanas
3523 552 3755 609 insulas
3788 571 3850 608 se

2191 635 2812 709 insinuabant,quippe
2827 639 2983 692 omni
3000 637 3214 693 auxilio
3230 640 3636 697 destitutas.Et
3651 643 3850 714 piratas

2191 724 2426 795 quidem
2445 725 3074 795 Genuenses,bomines
3093 726 3364 784 vilissimi
3382 735 3438 784 et
3460 731 3849 802 abjectissimi

2192 815 2372 868 necin
2407 831 2522 869 una
2553 832 2611 870 re
2645 815 2930 886 primarii,
2963 815 3016 869 in
3055 816 3167 872 alia
3201 833 3332 873 vero
3364 819 3718 891 secundarii,
3742 821 3844 876 sed

2193 905 2264 958 ab
2297 904 2454 958 omni
2488 908 2650 974 parte
2683 904 2996 960 miserrimi
3025 909 3082 959 et
3134 906 3551 971 infelicissimi,
3585 909 3846 980 quinque

2195 993 2464 1047 rotundis
2520 993 2761 1048 navibus
2818 997 2874 1049 et
2923 994 3124 1065 viginti
3185 1001 3438 1066 quatuor
3503 997 3845 1054 triremibus

2195 1081 2546 1152 comparatis
2579 1099 2679 1153 per
2711 1089 3046 1138 mercaturas
3069 1085 3322 1154 speciem
3359 1085 3415 1140 in
3462 1087 3694 1142 Cretam
3727 1091 3845 1142 tra-

2191 1171 2475 1239 jecerant,
2509 1172 2715 1226 deinde
2745 1171 3032 1228 insulares
3067 1174 3349 1230 hostiliter
3369 1176 3628 1247 aggressi
3661 1177 3845 1233 totius

2199 1259 2408 1314 insula:
2451 1259 2717 1316 facillime
2777 1267 2914 1315 sunt
2973 1263 3157 1332 potiti.
3213 1264 3375 1318 Tunc
3427 1265 3603 1321 etiam
3664 1266 3847 1322 Iconii

2199 1349 2467 1419 princeps
2522 1349 2898 1406 Caichosroes
2958 1351 3180 1406 Attalia:
3231 1354 3652 1422 armaintulit,
3685 1355 3847 1410 inani

2198 1454 2300 1509 spe
2345 1439 2505 1493 urbis
2555 1439 2740 1510 primo
2790 1440 3006 1511 impetu
3066 1441 3358 1512 capiendas
3416 1448 3718 1515 concepta,
3785 1449 3848 1501 ut

2196 1543 2322 1599 quae
2355 1527 2484 1599 ipsa
2515 1528 2666 1582 tueri
2698 1544 2825 1583 sese
2857 1546 2969 1584 non
3003 1533 3218 1599 posset.
3251 1529 3464 1585 Verum
3523 1532 3650 1602 ejus
3702 1548 3842 1588 con-

2196 1620 2325 1675 silio
2344 1620 3083 1691 cognito,Aldobrandinus
3117 1623 3280 1678 urbis
3305 1623 3578 1679 dominus
3631 1628 3687 1680 et
3717 1625 3844 1694 ejus

2197 1709 2257 1763 in
2289 1709 2759 1764 administranda
2817 1727 2876 1766 re
2936 1710 3169 1782 publica
3229 1712 3370 1768 socii
3431 1730 3534 1782 per
3564 1711 3846 1784 legatosa

2194 1798 2420 1870 Cypriis
2451 1799 2664 1854 auxilia
2695 1801 3031 1856 Latinorum
3082 1803 3346 1873 peditum
3399 1803 3556 1858 844
3617 1803 3848 1858 circiter

2195 1903 2261 1942 cc
2293 1887 2697 1960 impetrarunt.
2735 1889 2839 1945 Ubi
2864 1891 2934 1946 ad
2965 1907 3124 1946 arma
3170 1896 3405 1948 ventum
3435 1897 3524 1948 est
3553 1897 3609 1948 et
3637 1895 3843 1948 urbem

2195 1976 2464 2032 Persicus
2494 1978 2780 2033 exercitus
2807 1979 3211 2048 circumdedit,
3245 1981 3430 2036 Latini
3485 1983 3542 2036 in
3598 1981 3847 2054 phalan-

2193 2081 2323 2137 gem
2347 2067 2684 2122 condensati
2715 2071 2772 2122 et
2801 2084 2870 2122 ex
2902 2068 3214 2140 improviso
3241 2071 3298 2125 in
3333 2071 3641 2126 Persarum
3699 2089 3842 2127 con-

2194 2163 2455 2228 spectum
2511 2159 2800 2230 progressi
2852 2158 3273 2216 Atlaliensibus
3331 2179 3502 2233 opem
3553 2161 3840 2220 tulerunt.

2195 2246 2280 2300 Ita
2312 2245 2549 2302 Barbari
2580 2247 2870 2319 perterriti
2894 2257 2945 2303 el
2977 2265 3216 2304 suorum
3242 2251 3462 2306 multos
3495 2256 3845 2319 amiserunt,

2193 2341 2248 2389 et
2273 2334 2646 2391 Caichosroes
2677 2337 2966 2393 sexdecim
3009 2339 3216 2395 diebus
3266 2341 3480 2396 exactis
3538 2340 3844 2396 obsidione

2195 2423 2382 2480 soluta
2405 2424 2688 2481 discessit.
2723 2425 2833 2480 Sed
2866 2433 2924 2481 et
2951 2428 3290 2487 Theodorus
3323 2429 3610 2497 L-iscaris,
3642 2434 3839 2486 coacto

2194 2518 2395 2568 contra
2423 2513 2689 2568 Davidem
2718 2515 3024 2570 Ponticum
3049 2519 3324 2582 exercitu,
3359 2517 3690 2572 Plusiadem
3755 2535 3848 2574 sa-

2194 2601 2440 2670 gittariis
2471 2607 2528 2656 et
2574 2601 2870 2658 bellicosis
2928 2605 3266 2660 hominibus
3319 2607 3718 2662 abundantem
3773 2607 3846 2661 ab

2195 2690 2294 2746 illo
2324 2691 2381 2746 in
2440 2707 2578 2746 suas
2633 2699 2826 2762 partes
2886 2693 3161 2748 traduxit.
3223 2694 3560 2749 Heracleam
3611 2711 3845 2766 quoque

2195 2778 2442 2852 cepisset
2498 2795 2564 2835 ac
2619 2779 2816 2850 ipsum
2877 2781 3149 2837 Davidem
3203 2783 3672 2852 exterminasset,
3731 2784 3846 2838 nisi

2197 2883 2326 2922 eum
2362 2867 2573 2934 Latini,
2598 2885 2722 2924 cum
2747 2869 2962 2940 quibus
3004 2870 3201 2925 Davidi
3229 2871 3844 2940 fmdusinterccdebat,

2195 2955 2393 3012 auxilii
2428 2957 2645 3012 ferendi
2680 2974 2858 3012 causa
2885 2959 3089 3014 castris
3121 2960 3191 3014 ad
3241 2959 3640 3016 Nicomediam
3692 2961 3847 3031 posi—

2195 3046 2270 3102 tis
2292 3046 2474 3102 animi
2505 3047 2746 3102 dubium
2798 3048 3213 3114 reddidissent,
3247 3048 3380 3104 hinc
3432 3049 3732 3105 alacritate
3789 3054 3846 3104 et

2197 3137 2441 3193 audacia
2471 3141 2672 3193 contra
2702 3136 3184 3210 illosinstigante,
3208 3139 3340 3194 inde
3373 3140 3641 3195 instituto
3675 3156 3848 3210 opere

443 3223 666 3288 πλείους
696 3228 918 3301 ἡμερῶν
955 3231 1062 3282 τῶν
1119 3226 1404 3283 ἑκκαίδεκα
1459 3229 1584 3304 περὶ
1649 3231 1750 3298 τήν
1812 3229 2080 3287 Ἀττάλοο

2197 3227 2545 3293 retrahente,
2577 3245 2711 3283 cum
2735 3229 2848 3283 sibi
2875 3230 3308 3300 quodammodo
3331 3231 3485 3285 intra
3506 3230 3846 3286 Heracleam

447 3313 630 3390 βαλὼν
664 3313 1047 3391 στρατόπεδον.
1109 3315 1284 3373 Ἀλλὰ
1331 3317 1420 3372 καὶ
1462 3315 1743 3392 Θεόδωρος
1785 3319 1812 3373 ὁ
1881 3319 2090 3375 Αάσκα-

445 3425 526 3480 ρις
558 3406 696 3460 κατὰ
725 3409 822 3460 τοῦ
868 3405 919 3460 ἐν
970 3405 1154 3479 Πόντῳ
1206 3401 1374 3461 Δαὸἰδ
1416 3407 1668 3482 στρατιὰν
1704 3407 1920 3482 ἀγείρας
1991 3415 2090 3478 τῆς

445 3495 551 3567 μὴν
584 3492 930 3556 Πλουσιάδος
973 3491 1142 3566 ἐπέϐη
1183 3493 1276 3550 καί
1318 3499 1419 3561 τῆς
1477 3497 1615 3571 πρὸς
1669 3492 1835 3552 Δαϐὶδ
1903 3496 2090 3577 φιλίας

441 3582 650 3653 ἐκείνην
685 3582 976 3654 ἀπέστησε,
1012 3581 1264 3657 τοξότιδα
1321 3591 1497 3640 πᾶσαν
1549 3587 1709 3640 οὖσαν
1763 3586 1855 3640 καὶ
1915 3586 2090 3665 μάχι-

449 3673 725 3746 μον·1εῖχε
765 3669 812 3726 δ’
843 3671 902 3725 ἂν
972 3673 1061 3726 καὶ
1102 3672 1420 3748 Ἐράκλειαν
1450 3674 1538 3728 καὶ
1577 3675 1667 3729 τὸν
1735 3670 1901 3729 Δαϐὶδ
1961 3673 2092 3750 δρα-

445 3762 611 3831 πέτην
646 3763 843 3816 ἐκεῖθεν
874 3755 1092 3832 ἕδειξεο,
1123 3762 1167 3816 εί
1202 3764 1278 3836 μὴ
1323 3763 1564 3818 Λατίνων
1605 3767 1673 3836 τῇ
1743 3763 2092 3837 Νικομήδους

453 3846 903 3926 ραρεμϐαλὸντων
964 3853 1080 3906 κατ’
1139 3850 1450 3927 ἐπίκουρίαν
1538 3848 1724 3924 Δαϐἱδ,
1819 3853 1934 3909 ἐπεὶ
2000 3855 2088 3910 καὶ

451 3945 570 4017 εἶχε
605 3941 821 4002 τούτοις
847 3935 1014 3995 Δαϐἱδ
1047 3941 1422 4014 σπεισάμενος,
1460 3942 1510 3998 ἐν
1539 3943 1803 4021 ἀμφινοίᾳ
1858 3943 2086 4016 κατέστη

447 4035 732 4109 Λάσκαρις.
794 4029 963 4087 Εἴλκε
1006 4031 1099 4104 μὲν
1140 4032 1240 4106 γὰρ
1290 4030 1450 4086 αὐτὸν
1507 4030 1745 4088 ἐντεῦθεν
1813 4033 2090 4108 προθυμία

445 4121 534 4173 καὶ
563 4121 743 4195 τόκμη
798 4120 934 4174 κατὰ
993 4121 1256 4175 Λατίνων’
1316 4118 1513 4185 ἐκεῖθεν
1557 4118 1604 4175 δ’
1661 4122 1816 4186 αὖθις
1854 4121 2090 4178 ἀντέσπα

446 4209 507 4263 τὸ
559 4209 612 4265 ἐν
678 4210 867 4286 χερσὶν
918 4206 1103 4286 ἔργον,
1163 4209 1291 4264 ὡσεὶ
1366 4211 1456 4266 καὶ
1526 4209 1675 4274 ἐντὸς
1764 4210 2090 4287 Ἡρακλείας

443 4298 690 4372 οἰόμενον
745 4302 882 4356 εἶναι
943 4299 1030 4354 καὶ
1092 4299 1358 4374 κυριεύειν
1401 4307 1502 4370 τῆς
1533 4299 1770 4364 πόλεως.
1813 4303 1912 4357 Καὶ
1943 4302 2087 4358 πολ-

2202 3333 2330 3372 esse
2367 3315 2661 3374 videretur
2691 3322 2747 3372 et
2776 3334 2844 3373 ea
2873 3319 3014 3374 urbe
3047 3319 3244 3390 potiri,
3298 3335 3364 3376 ac
3405 3338 3556 3392 saepe
3596 3321 3755 3376 velut
3788 3321 3847 3376 in

2200 3409 2424 3463 trutina
2454 3407 2698 3464 sollicito
2732 3408 2928 3465 animo
2986 3414 3305 3483 utrumque
3365 3413 3732 3482 ponderarct.
3775 3412 3846 3468 Ut

2199 3517 2332 3556 vero
2349 3501 2684 3557 defensores
2705 3502 2936 3558 Davidis
2965 3503 3239 3558 invadere
3289 3502 3494 3557 utilius
3539 3520 3716 3573 quam
3749 3519 3851 3558 au-

2201 3590 2402 3646 dacius
2424 3607 2552 3646 esse
2574 3590 2875 3657 statuit,ad
2898 3606 3017 3651 eos.
3054 3591 3259 3646 itinere
3309 3591 3572 3646 instituto
3604 3591 3848 3656 omisso,

2201 3678 2526 3733 revertitur.
2560 3679 2681 3742 Quo
2713 3677 2795 3732 illi
2832 3679 3032 3734 audito
3093 3681 3152 3733 in
3196 3679 3379 3733 aciem
3431 3678 3544 3733 sibi
3603 3677 3851 3733 descen-

2199 3768 2452 3822 dendum
2478 3784 2590 3822 non
2615 3775 2986 3836 censuerunt,
3021 3769 3120 3824 sed
3144 3775 3312 3823 noctu
3345 3767 3591 3839 digressi
3618 3767 3842 3838 Byzan-

2197 3856 2342 3911 tium
2377 3857 2639 3910 redeunt.
2675 3856 2849 3911 David
2908 3873 3039 3912 vero
3098 3866 3372 3928 reputans
3416 3865 3474 3910 ut
3528 3855 3841 3912 imminens

2191 3947 2317 4016 jam
2350 3947 2688 4012 discrimen,
2747 3946 2898 4004 845
2959 3963 3063 4002 nec
3121 3947 3304 4003 multo
3360 3965 3393 4002 a
3445 3963 3506 4002 se
3555 3948 3840 4003 remotius

2197 4051 2371 4106 quam
2403 4053 2434 4090 a
2465 4051 2616 4105 genu
2648 4035 2789 4090 tibia
2819 4037 3019 4102 distat,
3063 4041 3267 4107 praeter
3322 4037 3656 4108 opinionem
3715 4053 3844 4091 eva«

2197 4125 2394 4191 sisset,
2427 4139 2630 4178 rursus
2660 4123 2944 4179 Heracleas
3004 4126 3245 4181 firmiter
3304 4126 3572 4196 inhaeret,
3604 4125 3842 4180 Latinos

2197 4228 2331 4268 vero
2365 4212 2614 4283 Byzantii
2641 4213 2914 4282 degentes
2943 4215 3014 4270 ob
3049 4213 3234 4270 latum
3270 4215 3556 4272 auxilium
3582 4217 3843 4271 frumen-

2197 4301 2362 4356 tariis
2393 4302 2638 4357 navibus
2669 4307 2726 4357 et
2757 4302 2953 4372 pernis
2985 4310 3393 4361 remuneratur
3420 4325 3433 4374 ;
3462 4310 3634 4376 atque
3665 4305 3736 4358 ab
3760 4304 3845 4359 eis

441 4385 598 4451 λάκις
654 4388 906 4464 ἐκάτερον
960 4395 1053 4444 καί
1127 4389 1204 4454 ὼς
1283 4387 1373 4444 ἐπὶ
1444 4391 1711 4465 τρυτάνης
1777 4395 1944 4469 ζυγοῦ
1999 4393 2084 4446 καί

2199 4389 2417 4446 auxilia
2446 4391 2634 4447 denuo
2665 4391 2826 4461 petit,
2860 4398 3101 4465 oratque
3155 4398 3218 4447 ut
3271 4395 3330 4448 in
3389 4395 3602 4449 foedere
3638 4395 3847 4448 Lasca~

442 4478 574 4548 μετὰ
623 4479 864 4556 συνοχῆς
921 4477 1257 4535 ἐταλάτευεν.
1300 4480 1389 4540 Ὀς
1448 4475 1494 4532 δ’
1551 4477 1814 4554 ἐκεκρίκει
1872 4502 2080 4560 συμφο-

446 4563 675 4639 ρώτερον
729 4565 942 4638 μᾶλλον
1011 4567 1154 4642 ἤπερ
1220 4566 1542 4640 θρασύτερον
1595 4566 1680 4622 ἐπὶ
1736 4569 1863 4630 τοὺς
1921 4569 2082 4642 ὑπερ-

441 4654 698 4717 ασπιστᾶς
724 4651 902 4710 ’ίεσθαι
953 4661 1050 4711 τοῦ
1093 4651 1288 4724 Λαϐὶδ,
1345 4657 1754 4729 ἐπανακάμπτει
1797 4659 1891 4731 μὲν
1945 4659 2082 4732 πρὸς

437 4742 655 4813 αὐτοὺς,
715 4744 782 4814 ἢν
847 4741 1015 4799 ὥδευε
1071 4744 1368 4820 παρεικώςο
1431 4746 1482 4798 οἱ
1540 4743 1596 4799 δὲ
1628 4745 1705 4811 ¹τᾶι
1733 4745 1856 4818 περὶ
1887 4745 2082 4801 τούτου

435 4833 744 4906 πυθόμενοι
804 4832 1072 4903 συστάδην
1137 4835 1232 4907 μὲν
1284 4830 1756 4910 παρακινδυνεύειν
1790 4834 1890 4888 οὐκ
1919 4829 2082 4910 ἔγνω-

437 4939 549 4989 σαν,
594 4921 939 4993 μεθίστανται
973 4919 1030 4976 δὶ
1067 4922 1256 4984 νυκτὸς
1287 4923 1374 4976 καὶ
1419 4920 1614 4976 εἰσίασι
1645 4922 1706 4976 τὸ
1768 4923 2079 4992 Βυζάντιόν,

435 5006 495 5061 Ὀ
527 5003 583 5061 δέ
612 5029 673 5085 γε
707 5002 873 5062 Δαϐὶδ
909 5009 983 5071 ὡς
1037 5006 1230 5064 οὔκουν
1300 5005 1568 5064 ἐϐάλλετο
1608 5009 1744 5064 κατᾶ
1785 5015 1909 5064 νοῦν
1945 5013 2080 5084 (82),

433 5097 578 5170 παρὰ
645 5091 798 5165 δόξαν
858 5100 954 5151 τοῦ
1020 5095 1267 5152 κινδύνου
1319 5097 1534 5172 ῥυσοείς
1601 5098 1658 5152 δν
1725 5095 1902 5173 ἔγγιον
1967 5101 2082 5175 εἶχε

435 5189 811 5262 προσέρποντα
862 5188 950 5241 καὶ
985 5185 1180 5262 σχεδὸν
1243 5187 1356 5243 οὐδ’
1397 5189 1494 5244 ὅσα
1531 5190 1657 5263 γόνυ
1713 5192 1935 5262 κνήμης
1966 5191 2083 5244 ἐαυ-

429 5282 524 5331 τοῦ
582 5276 964 5359 ἀφιστάμενον,
998 5278 1157 5354 ἀρπὶξ
1198 5277 1287 5334 καὶ
1363 5279 1528 5335 πάλιν
1587 5286 1692 5348 τῆς
1759 5277 2079 5353 Ἡρακλείας

430 5358 790 5440 ἔχεταιίτοὺς
822 5363 938 5422 δ’ἐν
970 5367 1246 5442 Βυζάντίῳ
1301 5368 1569 5428 Λατίνους
1626 5374 1726 5436 τῆς
1776 5388 2076 5444 συμμαχου

433 5449 856 5531 διαμειϐόμενος
915 5463 1168 5535 στρατιᾶς
1219 5462 1454 5536 σιτηγῶν
1505 5455 1718 5511 πλοίων
1806 5459 1892 5529 [Ρ.
1951 5459 2078 5534 412]

2197 4479 2322 4533 rino
2345 4496 2406 4534 se
2429 4495 2659 4551 quoque
2681 4486 2742 4534 ut
2771 4496 2944 4535 suum
2976 4482 3276 4536 subditum
3322 4484 3844 4553 comprehendant,

2195 4572 2251 4622 et
2281 4584 2512 4624 onmem
2545 4567 2901 4640 provinciam
2938 4587 3117 4641 quam
3164 4574 3357 4626 teneat
3404 4573 3552 4626 inter
3612 4573 3841 4631 Latinas

2197 4656 2522 4727 provincias
2554 4663 2879 4715 numerent.
2915 4662 3036 4723 Que
3065 4676 3198 4715 cum
3234 4659 3318 4714 illi
3379 4661 3744 4728 annuissent,
3791 4671 3846 4718 et

2196 4747 2488 4802 Lascarim
2520 4748 2706 4803 Nicaea
2749 4748 2988 4805 Prusam
3041 4751 3255 4805 abiisse
3313 4750 3652 4820 audivisset,
3716 4753 3843 4825 ipse

2195 4855 2424 4911 quoque
2447 4839 2720 4894 Heraclea
2743 4841 2956 4910 prodit,
2987 4847 3044 4897 et
3091 4841 3322 4897 auxiliis
3363 4859 3546 4914 nuper
3570 4845 3838 4917 Byzantio

2196 4929 2392 4983 missis
2449 4928 2707 4997 inﬂatus,
2768 4945 2904 4984 cum
2965 4930 3057 4985 sui
3088 4936 3212 4985 tum
3245 4931 3480 4987 illorum
3513 4934 3841 5004 periculum

2193 5019 2477 5086 facturus,
2536 5019 2812 5089 Sangario
2894 5019 3138 5077 ﬂumine
3191 5031 3457 5093 superato
3516 5023 3838 5080 Lascarinm

2193 5107 2430 5164 ditionis
2461 5109 2675 5180 oppida
2733 5113 2942 5176 vastat,
3002 5116 3057 5167 et
3113 5117 3245 5182 post
3277 5114 3400 5169 dies
3440 5115 3665 5186 aliquot
3704 5116 3841 5171 inde

2192 5197 2535 5268 digreditur,
2569 5197 2873 5254 obsidibus
2907 5199 3176 5256 Plusiade
3225 5203 3503 5274 acceptis,
3539 5203 3838 5259 nonnullis

2190 5285 2446 5342 etiamin
2476 5286 2710 5344 vincula
2738 5288 3034 5358 conjectis,
3071 5293 3224 5362 quod
3287 5293 3357 5347 ad
3416 5293 3710 5347 Lascarim
3743 5295 3840 5346 de-

2193 5375 2479 5430 fecissent.
2514 5374 2638 5430 Itali
2670 5390 2800 5431 vero
2859 5376 3090 5434 circiter
3145 5396 3240 5435 ccc
3289 5381 3570 5450 parabant
3608 5379 3842 5450 longius

2191 5463 2483 5535 progredi,
2509 5467 2566 5520 et
2590 5479 2621 5519 ο
2648 5461 2897 5522 vallibus
2918 5466 2978 5522 in
3003 5471 3230 5524 montes
3283 5468 3697 5525 ascendebant.
3729 5468 3840 5522 Sed

1767 5556 1960 5622 Hier.
1996 5560 2252 5628 Wolﬁi
2292 5562 2510 5630 nota}.

502 5659 614 5733 (82)
642 5663 731 5726 Ὠς
766 5660 962 5720 οὔκουν
1003 5658 1232 5719 ἐϐάλετο
1253 5662 1390 5719 κατὰ
1417 5665 1562 5717 νοῦν.
1598 5659 2001 5732 Negationem,
2034 5681 2084 5738 qi

2218 5665 2551 5726 redundare
2583 5667 2873 5735 existimo,
2906 5673 3102 5730 omisi.
