4120 6284
337 267 486 327 1031

1654 252 1715 314 Ν
1722 250 1967 312 ΙΟΕΤΛΕ
2007 249 2432 314 GHONIATIE

3584 253 3740 314 1032

341 396 859 458 οἱτοαΝἱοοωθᾶὶω
887 391 1165 452 Trachias
1204 388 1399 447 subito
1452 384 1771 442 Androeini
1813 383 1984 441 Guidi

2118 382 2367 458 ἶεξιοῦται
2423 390 2812 464 καταγωγαῖςς
2858 384 2950 442 καὶ
3015 383 3230 462 κρέασιν
3280 383 3470 446 υἶείοις
3506 402 3740 458 ταριχη-

341 494 693 561 superventu
721 490 851 560 post
872 484 1084 541 variam
1106 497 1314 554 pugnae
1338 478 1626 534 fortunam
1648 475 1988 544 vincuntur,

2100 480 2239 550 ροῖς,
2278 477 2367 531 καὶ
2426 478 2554 551 παρ’
2610 474 2785 533 αὐτῶν
2845 475 3071 533 αἰτεῖται
3131 474 3383 548 δευτέραν
3471 473 3744 548 σύναρσιν,

343 577 604 636 nonnulli
636 578 812 634 etiam
854 575 913 631 in
942 573 1190 629 insidias
1249 570 1308 624 in
1358 566 1648 623 montibus
1679 564 1992 620 collocatas

2118 567 2187 618 ιαί
2246 564 2557 640 λιπαρεῖται
2624 564 2673 620 ἐν
2733 570 2853 628 ταῖς
2902 566 3039 640 πρὸς
3067 565 3161 620 τὸν
3195 562 3466 636 Λάσκαριν
3518 565 3750 638 γραφαῖς

337 668 561 742 delapsi
585 666 916 739 capiuntur.
949 666 1012 716 ut
1063 674 1206 732 pene
1251 656 1450 713 nullus
1475 658 1808 727 superesset
1838 653 1992 709 846

2118 653 2188 708 ιαὶ
2259 652 2517 716 σπονδαῖς
2574 659 2693 717 τοῖς
2744 654 3125 727 ὑποκειμένοις
3189 651 3336 732 σφίσι
3387 650 3634 707 κάκεῖνον
3667 648 3750 704 ἐν-

349 759 446 831 qui
473 715 702 813 bladem
731 715 916 810 illam‘
941 715 1139 806 bavidi
1200 747 1517 804 nuntiaret.
1551 715 1661 799 -Sed
1692 747 1749 799 et
1792 742 1994 798 Petrus

2118 744 2401 815 τάττεσθαι,
2470 746 2559 798 καὶ
2618 745 2718 813 τὴν
2788 745 2874 799 ὑπ’
2927 743 3087 798 αὐτὸν
3157 747 3330 797 πᾶσαν
3392 740 3579 817 χώραν
3630 742 3750 801 ταῖς

345 846 829 916 Plancius,cujus
862 847 994 900 ante
1029 838 1294 905 memini,
1327 834 1543 907 insigni
1575 833 1834 905 corporis
1871 850 1992 887 ma-

344 936 646 1010 gnitudine
699 930 1058 989 admirabilis
1115 933 1173 986 et
1229 926 1494 998 generosi
1556 923 1737 979 animi
1782 912 1996 977 invicto

345 1009 553 1082 robore
583 1022 856 1092 illustris,
891 1036 952 1077 se
1010 1017 1179 1090 Pegis
1239 1016 1380 1071 urbe
1441 1013 1620 1085 recipi
1681 1029 1787 1067 suo
1818 1009 1994 1066 veluti

342 1117 475 1187 jure
505 1112 858 1187 postulabat,
885 1109 1036 1182 quod
1068 1108 1318 1179 primum
1354 1102 1433 1159 ibi
1486 1101 1831 1173 appulisset,
1864 1115 1995 1156 cum

350 1204 542 1260 Latini
562 1199 842 1258 Romanis
857 1195 1249 1256 Orientalibus
1268 1192 1483 1249 bellum
1528 1189 1888 1247 intulissent.
1920 1188 1999 1243 Ac

347 1295 494 1352 alias
524 1295 720 1364 aperte
750 1292 1078 1360 irrumpere
1105 1288 1375 1351 conatus,
1417 1281 1517 1336 sed
1552 1298 1584 1334 a
1632 1279 1855 1335 civibus
1890 1279 2001 1333 La-

346 1382 497 1441 scari
549 1380 878 1437 faventibus
940 1374 1306 1448 repudiatus,
1364 1376 1629 1426 mutasse
1685 1366 1998 1424 consilium

348 1471 690 1546 putabatur.
724 1467 871 1536 Quia
901 1481 1031 1521 vero
1064 1478 1269 1535 parum
1331 1464 1528 1531 aperto
1584 1461 1765 1512 Marte
1810 1455 2003 1527 proie-

348 1544 526 1631 cerat,
560 1559 632 1616 ad
662 1556 907 1614 insidias
938 1567 1273 1618 conversus,
1338 1549 1584 1621 Peganis
1643 1546 1878 1618 aliquod
1921 1544 2005 1600 in-

345 1630 622 1722 terceptis
663 1651 719 1704 et
776 1644 1006 1710 occisis,
1066 1659 1134 1697 ex
1191 1639 1313 1694 suis
1368 1637 1514 1692 clam
1576 1651 1786 1707 paucos
1837 1630 2002 1689 simul

346 1734 867 1812 Pegasintroducit
889 1731 1199 1803 cujusdam
1221 1726 1446 1782 Sthlabi
1497 1723 1710 1780 Vareni
1741 1732 1795 1778 et
1827 1723 2002 1792 huius

343 1829 717 1900 conjuratum
751 1839 951 1895 opera.
989 1820 1129 1876 Dein
1172 1818 1297 1890 ipse
1348 1831 1583 1887 quoque
1638 1813 2003 1869 occasionem

343 1921 549 1974 nactus
582 1912 952 1978 subintravit,
987 1914 1045 1965 et
1074 1905 1425 1963 adversariis
1457 1907 1632 1959 noctu
1685 1901 1852 1957 nullo
1901 1917 2008 1957 ne-

343 2008 498 2081 gotio
530 2003 780 2077 repulsis
814 2005 934 2057 tota
968 1999 1109 2055 urbe
1141 1996 1361 2069 potitus
1392 1997 1501 2049 est.

2103 832 2205 887 ὑπὸ
2250 834 2512 896 Λατίνους
2568 832 2928 910 έγκρίνεσθαι.
2996 829 3215 905 Ἀμέλει
3276 831 3349 893 ὡς
3407 831 3523 906 εἶχε
3585 832 3754 884 ταῦτα

2100 920 2519 994 καταθεμένους,
2608 920 2837 986 πύθοιτο
2937 918 2995 976 δὲ
3064 920 3155 975 καὶ
3218 920 3310 975 τὸν
3367 918 3638 992 Λάσκαριν
3695 916 3756 971 ἐκ

2102 1009 2331 1073 Νικαίας
2387 1010 2464 1074 εἷς
2552 1014 2800 1085 Προῦσαν
2893 1009 3211 1084 μετάραντα,
3301 1005 3352 1078 ἐξ
3432 1005 3755 1083 Ἡρακλείας

2102 1100 2317 1174 πρόεισι
2349 1100 2439 1155 καῖ
2498 1099 2659 1162 αὐτὸς
2726 1103 2806 1172 τῷ
2861 1119 3206 1173 συμμαχικῳ
3266 1101 3504 1172 γαυριῶν
3534 1097 3665 1173 ’ὀπερ
3696 1095 3759 1151 ἐκ

2106 1189 2399 1256 Βυζαντίου
2457 1194 2747 1264 προσεχῶς
2810 1185 3003 1260 έκείνῳ
3064 1184 3390 1252 ἀπέσταλτο,
3460 1185 3761 1261 γυμνασίαν

2104 1296 2163 1329 τε
2189 1274 2279 1330 καί
2322 1276 2615 1351 ἀνάπειραν
2675 1277 2871 1332 ἐαυτοῦ
2927 1276 3189 1331 κάκείνων
3247 1275 3597 1347 ποιούμενος,
3664 1273 3759 1327 τὸν

2107 1365 2413 1439 Σαγγάριον
2443 1360 2636 1427 διαϐὰς
2665 1366 2913 1437 ποταμὸν
2947 1362 3228 1435 ῧπηκόους
3271 1361 3630 1437 κωμοπόλεις
3687 1366 3768 1433 τῷ

2105 1455 2345 1530 Λὰσκαρι
2406 1451 2599 1529 ἔκειρε.
2634 1454 2739 1512 Καὶ
2809 1455 2926 1529 μεθ’
2978 1452 3191 1529 ἡμέρας
3233 1453 3395 1516 αὐτὸς
3436 1451 3533 1524 μὲν
3564 1450 3766 1515 ἐκεῖθεν

2112 1542 2447 1616 μεθίσταται,
2489 1544 2738 1619 ὁμήρους
2780 1540 2841 1598 ἐκ
2882 1550 2985 1614 τῆς
3045 1538 3386 1604 Πλουσιάδος
3448 1537 3764 1613 δεξάμενος,

2109 1631 2271 1694 ἐνίοις
2334 1629 2391 1687 δέ
2442 1633 2530 1688 καὶ
2585 1630 2760 1707 δεσμᾶ
2825 1632 3178 1707 περιθέμενος
3239 1628 3329 1685 διὰ
3371 1630 3433 1685 τὸ
3482 1632 3617 1707 σφᾶς
3646 1648 3767 1702 χω-

2112 1727 2276 1795 ρῆσαι
2307 1726 2385 1794 τῷ
2417 1724 2680 1797 Λάσκαρι·
2724 1723 2775 1777 οἱ
2810 1719 2857 1776 δ’
2893 1719 3099 1779 Ἰταλοῖ
3130 1721 3254 1793 περὶ
3287 1740 3393 1775 που
3430 1718 3561 1781 τοὺς
3614 1738 3769 1793 τριαο

2116 1811 2335 1873 κοσίους
2365 1812 2640 1886 ὁρώμενοι
2668 1812 3137 1881 παρεσκευάζοντο
3172 1810 3270 1883 μὶν
3319 1808 3411 1864 καὶ
3469 1806 3771 1882 περαιτέρω

2119 1905 2325 1974 χωρεῖν
2392 1901 2497 1956 κάκ
2542 1904 2650 1956 τῶν
2684 1899 2890 1955 κοίλων
2941 1901 3080 1974 πρὸς
3127 1900 3195 1955 τὰ
3256 1900 3505 1972 μετέωρα
3534 1891 3771 1965 ἔϐαινον,

2118 1986 2446 2053 ἐπελθόντος
2479 1987 2526 2044 δ’
2550 1988 2740 2053 αὐτοῖς
2768 1987 3104 2065 ἀπροόπτως
3132 1987 3256 2063 περὶ
3291 1987 3387 2051 τὰς
3438 1993 3540 2055 τῆς
3605 1986 3775 2042 Νικο-

356 2069 896 2171 μηδείαίΤραχείας
958 2084 1308 2161 Ἀνδρονίκου
1346 2085 1443 2136 τοῦ
1502 2076 1684 2150 Γίδου,
1720 2076 1810 2133 καί
1864 2078 2157 2171 γινομένης
2213 2073 2527 2151 συμϐολῆς,
2590 2080 2864 2148 ἡττῶνται
2911 2077 3045 2151 μετὰ
3081 2075 3341 2138 πλείστας
3388 2069 3626 2149 ἀμοιϐὰς
3680 2091 3776 2142 τοῖ’,

356 2184 634 2258 πολέμου,
678 2182 730 2236 οἱ
763 2178 819 2235 δέ
848 2177 940 2232 καὶ
974 2178 1305 2250 ζωγροῦνται
1336 2175 1450 2233 τοῖς
1481 2167 1927 2258 περισχοῦσι-τὰ
1958 2165 2060 2240 ὅρη
2100 2166 2191 2221 καὶ
2247 2171 2365 2258 ταῖς
2423 2165 2963 2242 προλελοχισμέναις
3029 2166 3134 2221 ὑπὸ
3202 2168 3348 2242 σφῶν
3392 2158 3776 2239 περιπεσόντες

349 2250 717 2350 ἐνέδραις,ηὼς
751 2265 892 2344 μηδὲ
922 2265 1200 2342 πυρφόρον
1257 2258 1655 2338 ὓποΛελεῖφθαι
1716 2254 1914 2350 σχεδὸν
1956 2255 2067 2350 Ῠτὸν
2097 2259 2177 2328 τῷ
2230 2251 2399 2310 Δαϐἷδ
2464 2254 2881 2332 ἀπαγγελοῦντα
2908 2252 3097 2310 τοῦτοί
3124 2253 3186 2309 τὸ
3219 2251 3571 2328 δυστύχημα.
3601 2250 3778 2309 Ἀλλᾶ

346 2369 434 2422 καὶ
468 2342 686 2439 Ἠέτρος
816 2359 874 2415 ἐκ
940 2357 1246 2425 Πλάντζης,
1308 2354 1369 2408 οῦ
1401 2352 1488 2406 καὶ
1531 2350 1762 2425 πρόσθεν
1829 2346 2177 2422 ἐμνήσθημεν
2252 2350 2486 2421 (μεγέθει
2537 2344 2592 2401 δὲ
2656 2346 2813 2405 οὗτος
2873 2344 3128 2419 σώματος
3184 2344 3467 2416 θαυμασίῳ
3519 2342 3776 2398 ἐκέκαστο

347 2455 437 2510 καὶ
467 2431 655 2529 ψυχης
720 2449 950 2527 γενναίῳ
1014 2439 1399 2520 περιεϐλέπετο
1443 2440 1876 2529 παραστήματι)3
1914 2440 2313 2529 ταῖς.Πηγα·ῖς
2371 2439 2438 2508 τῇ
2492 2433 2653 2490 πόλει
2703 2432 3108 2510 προσδεχθῆναι
3139 2432 3463 2511 φιλονεικῶν
3528 2433 3622 2487 an
3668 2431 3755 2486 καὶ

351 2543 558 2600 δίκαιον
587 2542 671 2597 ἐπ’
717 2537 903 2601 αῦταῖς
959 2535 1101 2613 ἔχειν
1151 2529 1595 2607 ἴσχυριζόμενος,
1663 2526 1739 2587 ὡς
1812 2525 1905 2580 οἶα
1954 2523 2186 2599 πρώτως
2250 2522 2361 2578 ἐκεῖ
2417 2525 2709 2598 καταχθεῖς
2766 2522 2926 2593 ἡνίκα
2983 2528 3206 2578 Λατῖνοι
3270 2522 3407 2577 κατὰ
3459 2526 3567 2576 τῶν
3618 2521 3756 2597 πρὸς

356 2574 558 2600 υῐκπιυν
587 2574 652 2597 δῚι
717 2574 902 2601 αυδῖιιῆ
959 2574 1100 2613 ῧλεδν
1155 2574 1595 2607 δνλνιδδξυΓ⁷⁷*“¹9
1666 2574 1737 2587 ’.τ
1817 2574 1905 2580 ”“
1960 2574 2186 2599 ”Γ”’“’
2252 2574 2358 2578 ’⁷⁷⁷⁷
2418 2574 2707 2598 ”””“Λ.’““⁷
2773 2574 2925 2593 Ί“⁷”’“
2983 2574 3202 2578 “’“““““”’
3273 2574 3405 2577 ““”””
3475 2574 3482 2576 “
3506 2574 3559 2576 '7'
3626 2574 3671 2597 "|
3740 2574 3754 2582 “

356 2632 527 2709 αὐγὰς
554 2629 720 2701 ἡλίου
749 2625 1035 2701 Ῥωμαίων
1069 2619 1419 2678 ἐπανείλοντο
1446 2617 1713 2690 πόλεμον,
1760 2614 1849 2670 καὶ
1882 2612 2085 2669 ἄλλοτε
2117 2614 2210 2687 μὲν
2270 2609 2506 2667 εἰσδῦναι
2560 2611 2757 2674 ταύτας
2815 2610 2875 2667 ἐκ
2925 2617 3022 2667 τοῦ
3079 2615 3389 2689 προφανοῦς
3446 2609 3757 2686 ἐπιρᾶσατο,

357 2719 730 2798 ὀιποπεμιρθεῖς
762 2714 808 2771 δ’
840 2717 913 2778 ὡς
943 2719 1053 2770 τῶν
1081 2709 1257 2768 ἔνδοθι
1299 2707 1640 2785 φρονούντων
1685 2703 1820 2784 φίλα
1851 2708 1928 2776 τῷ
1962 2702 2224 2777 Λάσκαρι,
2251 2696 2397 2775 ἔδοξε
2433 2702 2528 2776 μὲν
2595 2700 2929 2778 ἀποσχέσθαι
2988 2702 3214 2772 ταυτησὶ
3274 2707 3377 2770 τῆς
3432 2701 3750 2775 προθέσεως,

354 2814 382 2867 ὁ
435 2809 479 2866 δ’
540 2785 801 2883 ἐνιδρεύων
872 2804 938 2875 ἦν
994 2802 1183 2872 πάλιν,
1231 2799 1315 2855 ὅτι
1377 2795 1518 2874 μηδὶ
1570 2794 1864 2870 προύπτως
1921 2792 2042 2866 εἶχε
2105 2790 2437 2866 βιάζεσσθαι.
2503 2795 2618 2845 Τῶν
2685 2795 2811 2866 γοῦν
2892 2794 3182 2865 Πηγαῖτῶν
3240 2810 3393 2851 τινας
3448 2785 3749 2859 ὑποκλέψας

360 2901 451 2958 καὶ
502 2897 835 2976 διαφθείρας,
860 2894 1065 2969 ζλάθρα
1122 2890 1213 2946 καὶ
1273 2887 1408 2945 κατᾶ
1464 2887 1693 2964 βραχεῖς
1750 2886 1879 2947 τοῦς
1932 2880 2167 2936 οἱκείους
2223 2885 2341 2942 ταῖς
2410 2884 2620 2955 Πηγαῖς
2674 2877 2969 2956 ἐπεισάγει,
3047 2877 3533 2952 πολυωρουμένους
3612 2874 3752 2947 παρὰ

357 2963 617 3055 Σθλάϐού
677 2988 825 3049 τινὸς
878 2984 1125 3059 Βαρηνοῦ
1168 2983 1261 3034 καῖ
1313 2980 1420 3033 τῶν
1476 2963 1672 3030 τούτου
1731 2970 2085 3045 συνωμοτῶν.
2148 2968 2320 3043 Πέρας
2381 2965 2438 3023 δὲ
2492 2969 2582 3023 καὶ
2617 2966 2776 3030 αὐτὸς
2832 2969 2859 3023 ὁ
2907 2966 3108 3042 Πέτρος
3163 2967 3638 3045 καιροφυλακήσας
3665 2963 3757 3026 τὰς

353 3080 546 3156 Πηγὰς
578 3053 1292 3145 ἐπεισδέδυκεξκαὶςνυκτὸς
1326 3065 1647 3140 ἐπιθέμενος
1668 3063 1760 3119 οὖν
1796 3057 1974 3116 οὐδενὶ
2003 3059 2158 3132 πόνῳ
2186 3058 2312 3121 τοὺς
2355 3057 2626 3120 ἐναντίους
2669 3055 2924 3112 διώσαιτο
2976 3055 3067 3112 καὶ
3124 3063 3224 3127 τῆς
3274 3055 3412 3126 ὅλης
3469 3053 3758 3130 κεκράτηκε

351 3168 594 3231 πόλεως.

424 3229 574 3314 Dum
632 3255 755 3311 haec
812 3258 1115 3325 geruntur,
1198 3246 1382 3304 Latini
1470 3241 1754 3316 principio
1832 3240 2001 3311 juxta

2194 3236 2405 3325 Οὑτωσὶ
2431 3233 2488 3290 δὲ
2543 3234 2932 3311 πραττομένων
2986 3233 3190 3290 τούτων
3223 3234 3275 3288 οἱ
3311 3232 3411 3301 τὴν
3473 3229 3759 3306 ’Δδριανοῦ

353 3343 793 3417 Adrianopolim
827 3344 1020 3398 castra
1062 3341 1377 3404 metantur,
1438 3333 1558 3389 foro
1606 3340 1762 3389 extra
1806 3329 2009 3384 urbem

355 3431 895 3499 instituto.Deinde,
928 3427 1064 3484 belli
1087 3425 1361 3483 societate
1380 3438 1514 3479 cum
1541 3417 1821 3477 Romanis
1840 3416 2009 3483 inita,

360 3524 535 3581 urbes
558 3521 839 3595 quasdam
875 3518 1241 3574 circumeunt
1273 3531 1306 3569 a
1338 3510 1571 3583 Scythis
1622 3508 1770 3563 male
1801 3510 2009 3562 tracta-

354 3619 444 3670 tas
474 3594 818 3685 ;quiibus,ut
847 3613 1081 3679 tempus
1112 3604 1356 3671 ferebat,
1390 3597 1748 3662 constitutis,
1780 3594 2011 3651 Rhodo-

358 3722 440 3776 pae
472 3681 688 3757 limites
718 3697 1150 3771 ingrediuntur.
1214 3691 1322 3747 Ubi
1385 3706 1519 3745 cum
1570 3686 1769 3743 nullus
1823 3681 2012 3739 hostis

356 3772 471 3848 non
506 3790 680 3848 modo
708 3789 1041 3854 lacesseret,
1075 3783 1169 3839 sed
1215 3796 1321 3836 nec
1347 3781 1673 3851 appareret,
1709 3772 2009 3830 castellum

356 3879 799 3937 Stenimachum
830 3873 1082 3949 ingressi
1145 3868 1526 3943 popularibus
1584 3864 1707 3921 suis
1738 3866 1924 3934 (erant
1955 3860 2014 3916 hi

363 3969 617 4041 reliquias
651 3983 852 4023 eorum
887 3964 990 4036 qui
1033 3961 1258 4034 pridem
1314 3953 1766 4028 Philippopolim
1826 3955 2017 4006 custo-

362 4058 609 4129 dierunt)
646 4055 779 4111 inde
808 4051 1077 4109 abductis
1134 4046 1500 4106 Orestiadcm
1557 4043 1702 4099 847
1748 4041 2014 4104 redeunt,

362 4155 422 4204 et
452 4125 816 4202 Theodorum
842 4144 1093 4197 Branam
1121 4137 1272 4195 dalis
1313 4135 1535 4207 aliquot
1565 4129 1906 4188 cohortibus
1937 4125 2016 4182 ibi

362 4231 857 4306 relinquunt.lpsi
887 4229 1231 4303 Byzantium
1264 4223 1479 4280 reversi
1515 4220 1850 4286 Henricum,
1885 4215 2014 4272 Bal-

369 4325 536 4381 duini
569 4321 741 4397 primi
774 4337 843 4376 ex
873 4317 1087 4377 Latinis
1118 4315 1391 4389 Byzantio
1422 4309 1709 4368 dominati
1755 4307 2016 4369 fratrem,

369 4415 779 4486 imperatorem
815 4407 1133 4465 declarant.
1159 4404 1301 4459 Cum
1338 4406 1531 4456 autem
1583 4412 1765 4453 unum
1799 4408 2019 4450 annum

368 4509 425 4559 et
457 4485 686 4559 menses
718 4504 969 4573 quatuor
1002 4510 1122 4550 rem
1153 4492 1446 4565 publicam
1493 4488 1620 4544 sine
1674 4485 2022 4556 imperatore

369 4591 874 4653 administrarent,
909 4582 1128 4641 nemini
1163 4577 1533 4653 popularium
1568 4589 1809 4631 suorum
1858 4585 2019 4642 regni

368 4679 872 4753 inaugurationem
895 4673 1224 4730 condonare
1246 4667 1557 4724 voluerunt
1598 4662 1709 4719 nisi
1751 4655 2018 4716 Balduini

371 4747 552 4828 morte
582 4769 743 4842 prius
773 4764 1088 4838 explorata.
1121 4759 1377 4814 Audiant
1438 4754 1557 4810 hac
1613 4748 1879 4816 Romani,
1913 4747 2014 4819 qui

369 4866 425 4917 et
456 4861 657 4915 eodem
691 4836 947 4926 tempore
979 4853 1390 4924 imperatorem
1422 4843 1794 4915 inaugurant,
1831 4842 1887 4894 et
1915 4836 2015 4909 qui

372 4948 877 5019 inauguratum,ut
897 4934 1397 5006 evertant,animis
1417 4930 1768 5002 concipiunt.
1804 4928 2016 4992 Quam-

372 5013 572 5092 obrem
599 5036 727 5105 jure
759 5033 912 5103 apud
944 5045 1151 5086 omnes
1182 5033 1384 5099 gentes
1415 5025 1623 5078 nostra)
1681 5016 1866 5072 aetatis
1906 5013 2020 5069 mi-

374 5126 514 5182 lites
547 5128 611 5180 ut
657 5122 957 5195 parricidae
1009 5120 1239 5191 viperae,
1300 5118 1366 5171 ut
1417 5128 1559 5184 gens
1612 5107 1832 5165 nullius
1888 5122 2020 5161 eon-

370 5216 509 5284 silii,
535 5218 599 5270 ut
625 5211 789 5268 liberi
815 5205 1364 5281 reprehendendi,ut
1394 5200 1499 5257 ﬁlii
1524 5196 1711 5269 iniqui
1739 5195 1889 5251 male
1920 5210 2024 5250 au-

374 5308 562 5361 diunt.
595 5305 878 5359 Caeterum
913 5296 1180 5354 Balduini
1239 5309 1396 5348 mors
1458 5290 1541 5344 ita
1585 5285 1849 5358 contigit.
1884 5285 2021 5358 Scy-

373 5398 533 5454 thico
564 5392 715 5451 bello
757 5394 961 5459 captus
1000 5392 1056 5443 et
1113 5384 1388 5449 vinculis,
1442 5384 1509 5436 ut
1565 5378 1704 5445 dixi,
1753 5380 2024 5433 oneratus

371 5481 544 5559 longo
575 5489 839 5553 tempore
864 5474 1119 5533 Ternobi
1149 5475 1277 5529 fuit.
1333 5471 1472 5526 Cum
1516 5470 1712 5523 autem
1764 5466 2026 5539 Aspietes

2117 3324 2508 3402 κατειληφότες
2568 3329 2789 3380 Λατῖνοι
2844 3324 2911 3379 τὰ
2971 3323 3065 3397 μὲν
3116 3326 3309 3398 πρῶτα
3382 3322 3507 3395 περὶ
3601 3320 3763 3388 αὐτὴν

2115 3413 2490 3485 ἐνηυλίσαντο,
2523 3413 2614 3468 καὶ
2643 3412 2818 3488 ἆγορᾶ
2867 3418 2966 3482 τῆς
3024 3412 3239 3473 πόλεως
3297 3405 3401 3482 ἔξω
3460 3409 3751 3480 πεποίητο·

2118 3504 2229 3559 εἶτα
2258 3502 2347 3558 καὶ
2410 3501 2743 3581 συναιχμίαν
2803 3500 2938 3575 μετὰ
2986 3501 3279 3573 Ῥωμαίων
3343 3496 3765 3571 ἀποδειξάμενοι

2116 3597 2222 3647 τῶν
2279 3593 2497 3648 πόλεών
2549 3612 2697 3654 τινας
2770 3590 3157 3666 περιέρχονται
3233 3593 3409 3650 κακῶς
3488 3587 3766 3649 παθούσας

2121 3680 2225 3736 ὑπό
2258 3685 2498 3749 Σκυθῶν,
2529 3681 2622 3735 καὶ
2659 3681 2879 3747 ταύτας,
2916 3679 2990 3740 ὡς
3022 3678 3072 3753 ,ὀ
3104 3679 3294 3754 καιρὸς
3351 3673 3556 3746 ἐδίδου,
3594 3696 3768 3731 κατα-

2121 3771 2474 3843 στησάμενοι,
2502 3769 2617 3825 εἶτα
2646 3767 2737 3824 καί
2793 3772 2902 3823 τῶν
2945 3774 3046 3837 τῆς
3103 3764 3376 3838 Ῥοδόπης
3431 3764 3766 3845 σχοινισμά-

2118 3881 2227 3915 των
2261 3855 2538 3915 ἅπτονται.
2574 3857 2796 3927 Μηδένα
2825 3854 2884 3912 δὲ
2913 3854 3184 3929 πολέμιον
3261 3853 3485 3931 ἔχοντες
3536 3853 3770 3924 ἐξαπτό-

2125 3970 2279 4022 μενον
2304 3950 2442 4021 μήτε
2475 3948 2582 4020 μὴν
2616 3945 2762 4001 ὅλως
2804 3944 2981 4022 σφίσιν
3042 3945 3503 4018 ὑποφαινόμενον,
3568 3941 3762 3996 εῗσίασι

2118 4038 2181 4094 τὸ
2231 4033 2404 4112 ἔρυμα
2459 4036 2549 4091 τὸν
2612 4034 2973 4110 Στενίμαχον,
3038 4033 3129 4088 καὶ
3185 4034 3509 4107 μεθιστῶσιν
3563 4029 3763 4085 ἐκεῖθεν

2120 4125 2250 4188 τοὺς
2305 4127 2585 4199 ὁμογενεῖς
2641 4128 2812 4202 σφῶν,
2867 4119 3177 4191 ἀποσπάδα,
3239 4120 3400 4185 ὄντας
3467 4124 3576 4174 τῶν
3666 4120 3769 4186 τὴν

2126 4214 2409 4272 Φιλίππου
2444 4211 2737 4268 διεπόντων
2772 4213 3059 4288 πρότερον,
3107 4211 3197 4266 καὶ
3256 4208 3429 4271 οὕτως
3489 4208 3563 4271 εἷς
3616 4208 3769 4281 Ὀρε-

2125 4302 2317 4360 στιάδα
2345 4300 2511 4358 πάλιν
2543 4300 2960 4358 έπαναλύουσιν.
2984 4300 3161 4359 Ἀλλὰ
3190 4300 3278 4356 καὶ
3303 4305 3497 4374 μοῖραν
3531 4300 3619 4372 [Ρ.
3644 4300 3769 4370 413]

2127 4391 2528 4469 στρατεύματος
2560 4388 2830 4466 Θεοδώρῳ
2882 4395 2962 4463 τῷ
2991 4394 3170 4466 Βρανᾷ
3224 4385 3557 4462 απραδόντες
3613 4407 3770 4458 στρα-

2125 4488 2312 4559 τηγεῖν
2349 4488 2459 4538 τῶν
2515 4482 2626 4538 ἐκεῖ
2676 4479 3117 4537 καταλείπουσιν.
3174 4478 3343 4534 Δύτοὶ
3399 4475 3445 4532 δ’
3501 4475 3771 4532 ἐπανίασιν

2128 4572 2181 4637 ἐς
2210 4573 2527 4642 Βυζάντιον,
2566 4569 2659 4625 καὶ
2707 4569 2784 4632 εὶς
2847 4567 3075 4645 βασιλέα
3133 4567 3352 4643 χρίουσι
3407 4565 3498 4622 τὸν
3554 4563 3748 4641 Ἐῥρῆν

2130 4660 2188 4724 ὅς
2245 4662 2313 4731 ἦν
2383 4660 2843 4734 αὐτοκασίγνητος
2873 4655 3207 4714 Βαλδουῒνου
3263 4660 3360 4711 τοῦ
3414 4656 3646 4731 πρώτως
3708 4651 3764 4704 ἐκ

2127 4750 2369 4806 Λατίνων
2434 4750 2545 4819 τῆς
2592 4747 2965 4804 Κωνταντίνου
3048 4745 3436 4819 κατάρξαντος.
3495 4738 3761 4799 Ἐνιαυτὸν

2128 4838 2173 4896 δ’
2229 4839 2323 4894 ἓνα
2374 4837 2464 4893 καὶ
2526 4844 2701 4911 μῆνας
2754 4836 3014 4912 τέσσαρας
3064 4832 3185 4891 ἄνευ
3227 4833 3497 4896 κασιλέως
3523 4833 3585 4886 τᾶ
3615 4827 3771 4884 κοινᾶ

2129 4929 2456 5005 χειρίζοντες
2486 4926 2780 5001 πράγματα
2812 4926 2909 4980 οὐκ
2974 4923 3162 4986 ἄλλως
3204 4925 3523 4979 κατένευσαν
3568 4918 3778 4995 χρίσμα

2132 5016 2414 5096 βασιλείας
2465 5014 2648 5088 ὁτῳδὴ
2706 5020 2815 5070 τῶν
2874 5013 2935 5069 ἐκ
2980 5014 3171 5091 γένους
3235 5013 3587 5090 χαρίσασθαι,
3621 5008 3777 5083 εἰμὴ

2129 5107 2391 5182 πρότερον
2456 5105 2549 5161 τὸν
2629 5101 2965 5162 Βαλδουΐνου
3054 5103 3280 5168 θάνατον
3366 5096 3782 5175 ἠκριϐώσαντος

2133 5196 2505 5256 Ἀκουέτωσαν
2562 5198 2732 5250 ταῦτα
2782 5195 3050 5267 Ῥωμαῖοι
3098 5192 3151 5247 οἳ
3226 5192 3482 5267 χρίοντες
3510 5191 3627 5263 ’ἁμα
3691 5189 3784 5242 καῖ

2130 5286 2221 5341 τὸν
2264 5283 2353 5340 διὰ
2399 5285 2606 5358 τάχους
2659 5284 3061 5358 καθαιρήσοντα
3107 5281 3199 5337 τὸν
3230 5299 3535 5356 χριομενον
3593 5282 3675 5349 τῷ
3705 5278 3787 5347 νῷ

2134 5368 2634 5447 συλλαμϐάνοντες.
2671 5372 2921 5434 Εἰκότως
2953 5372 3044 5426 οὗν
3077 5369 3168 5426 καὶ
3232 5367 3610 5443 μητρόλεθροι
3660 5360 3788 5441 ἔχι-

2136 5463 2252 5521 δναι
2275 5463 2367 5519 καὶ
2399 5461 2551 5540 γένος
2574 5459 2938 5527 ἀπολωλεκὸς
2970 5458 3177 5537 βουλὴν
3201 5459 3291 5514 καὶ
3319 5458 3479 5514 τέκνα
3543 5455 3795 5531 μωμητὰ
