4120 6284
288 418 445 483 1033

1727 420 1934 484 υΒΒΙ
1977 423 2261 489 GAPTA.

3496 388 3508 398 ’
3548 430 3705 515 ιοει

290 557 380 611 καὶ
425 553 535 609 υἱοὶ
566 550 765 627 ἄνομοι
805 553 949 639 oti:
986 555 1134 627 ἡμᾶς
1191 555 1328 630 πρὸς
1360 553 1506 612 ὅπλα
1543 552 1762 634 ἔχοντες
1801 553 1949 627 παρὰ

2074 558 2134 614 id
2160 560 2396 619 Latinos
2421 562 2748 634 defecisset,
2779 563 3039 621 Joannes
3095 562 3182 621 ira
3212 571 3484 639 metuans,
3511 571 3572 624 et
3599 568 3707 626 do-

294 651 459 701 πᾶσιν
524 641 812 698 ἀκούουσιν
852 636 1073 699 ἔθνεσιν.
1122 644 1181 700 Ὁ
1245 640 1302 698 δὲ
1337 648 1434 698 τοῦ
1473 642 1813 701 Βαλδουίνου
1854 644 1954 698 θά-

296 755 455 796 νατος
487 731 630 788 οὕτω
670 727 1035 806 συμϐέϐηκεν.
1078 734 1166 789 Ἐν
1209 737 1288 805 τῷ
1319 735 1571 807 Σκυθικῷ
1613 732 1954 810 συλληφθεὶς

296 824 530 899 πολέμῳ
568 824 658 879 καὶ
699 820 921 896 δεσμοῖς
965 818 1322 894 ὑποϐληθείς,
1356 825 1428 887 ὡς
1462 823 1653 902 ἐῤῥὲθη
1702 845 1817 898 μοι,
1861 844 1957 877 συ-

299 915 434 990 χνὸν
474 911 583 984 ἤδη
626 912 826 992 χρόνον
855 911 1200 989 καθείργνυτο
1242 913 1295 976 ἐς
1326 915 1415 968 τὸν
1455 909 1748 985 Τέρνοϐον.
1780 916 1958 970 Ἀπο-

304 1008 526 1066 στάντος
565 1003 623 1059 δὲ
671 1007 769 1058 τοῦ
829 1003 1119 1061 Ἀσπιέτου
1167 1003 1420 1066 Λατίνοις
1461 1009 1623 1077 θυμῷ
1663 1000 1954 1078 ὁπερζέσας

301 1095 329 1149 ὁ
373 1093 649 1163 Ἰωάννης,
682 1092 773 1147 καὶ
838 1096 935 1147 τοῦ
993 1093 1197 1153 πάθους
1236 1092 1319 1147 ἀεὶ
1358 1091 1601 1149 ἐπίτασιν
1644 1086 1957 1163 Λαμϐάνον-

297 1203 414 1251 τος,
458 1183 534 1244 εἷς
598 1179 842 1254 μανιώδη
885 1178 1082 1257 σχεδὸν
1113 1180 1366 1251 ἐξώκειλε
1397 1179 1657 1246 διάθεσιν⁵
1698 1181 1819 1244 ὃθεν
1856 1185 1955 1249 τῆς

300 1276 523 1348 εἱρκτῆς
560 1269 654 1326 τόν
696 1268 864 1346 ἄνδρα
893 1269 1163 1346 ἐξαγαγὼν
1193 1269 1402 1326 κελεύει
1440 1270 1569 1333 τους
1639 1271 1732 1343 μὶν
1781 1265 1952 1330 πόδας

299 1363 406 1418 ἀπὸ
445 1361 693 1439 γόνατος,
733 1361 826 1423 τὰς
874 1359 930 1417 δὲ
968 1367 1157 1438 χεῖρας
1225 1362 1286 1416 ἐκ
1343 1359 1652 1437 βραχιόνων
1720 1355 1954 1429 Τενεδίῳ

298 1453 547 1525 ἄντικρυς
600 1449 819 1506 πελὲκει
859 1452 1229 1523 ἀποκοπῆναι,
1287 1452 1401 1506 εἶτα
1439 1449 1528 1505 καὶ
1594 1449 1730 1503 κατὰ
1794 1466 1956 1524 κεφα-

300 1541 408 1612 λῆς
462 1540 551 1596 ἐπὶ
627 1543 902 1618 φάραγγος
961 1540 1282 1610 ὠθισθῆναι.
1340 1539 1547 1597 Οὐκοῦν
1636 1537 1727 1593 καὶ
1809 1539 1953 1609 τρεῖς

296 1632 580 1705 ’ἐξαρκέσας
639 1629 872 1703 ἡμέρας,
937 1629 1076 1705 βορᾶ
1122 1628 1480 1704 προκείμενος
1540 1623 1770 1702 ὄρνισιν,
1831 1623 1951 1678 elle-

300 1724 454 1782 εινῶς
503 1718 596 1775 τὸν
640 1716 757 1793 βίον
810 1719 1189 1793 κατέστρεψεν.
1259 1716 1332 1771 Οὐ
1392 1720 1585 1772 τοῦτον
1656 1713 1713 1770 δὲ
1784 1711 1949 1786 μόθον

2064 649 2182 705 lore
2213 653 2269 705 in
2303 652 2428 709 dies
2459 653 2899 725 ingravescente
2946 668 3093 725 pene
3136 654 3198 711 in
3247 656 3470 714 rabiem
3515 662 3706 731 actus,

2063 739 2340 797 Balduino
2371 743 2577 799 educto
2598 759 2628 798 e
2659 758 2886 800 carcere
2917 745 3095 817 pedes
3148 762 3182 801 a
3211 746 3459 819 genibus
3483 751 3545 804 et
3581 763 3709 805 ma-

2062 846 2174 884 nus
2228 847 2262 885 a
2317 831 2576 888 brachiis
2631 831 2887 888 Tenedia
2941 833 3110 904 plane
3167 835 3360 892 securi
3390 836 3704 909 amputari,

2061 918 2271 975 deinde
2300 920 2497 990 ipsum
2525 921 2584 976 in
2615 921 2824 979 vallem
2854 922 3203 994 pracipitari
3235 924 3425 995 jubet,
3458 924 3560 980 ubi
3590 931 3706 981 ter-

2059 1007 2140 1062 tio
2173 1009 2410 1065 demum
2442 1010 2538 1066 die
2566 1027 2698 1066 esca
2722 1009 3023 1067 volucrum
3070 1011 3477 1069 miserabiliter
3511 1014 3704 1087 exspi-

2061 1097 2226 1152 ravit.
2262 1098 2470 1170 Neque
2496 1116 2631 1155 vero
2662 1100 2817 1156 hunc
2846 1099 3062 1169 solum,
3095 1102 3195 1157 sed
3218 1100 3372 1158 848
3407 1101 3704 1162 Romanos

2061 1186 2233 1241 etiam
2259 1188 2515 1257 captivos
2555 1189 2759 1249 eadem
2791 1188 3135 1245 crudelitate
3189 1189 3501 1261 interfecit,
3538 1192 3703 1249 omni

2058 1291 2194 1332 voce
2215 1281 2272 1332 et
2293 1277 2545 1350 supplici
2566 1284 2734 1349 gestu
2758 1278 3064 1350 repudiato
3086 1296 3153 1336 ac
3172 1278 3326 1337 inter
3346 1278 3491 1337 alios
3512 1280 3704 1338 dromi

2058 1365 2412 1439 logothetam
2435 1367 2879 1424 Constantinum
2900 1369 3224 1438 Tornicem,
3255 1369 3515 1441 quiurbe
3535 1374 3703 1442 capta

2058 1456 2275 1511 invitus
2298 1456 2416 1512 {ere
2452 1456 2733 1513 Balduino
2762 1457 3117 1526 inservierat,
3151 1462 3210 1513 et
3257 1457 3395 1514 belli
3425 1458 3699 1531 Scythici,

2058 1560 2173 1616 quo
2197 1545 2247 1601 is
2268 1551 2471 1617 captus
2493 1545 2864 1617 est,periculo
2889 1547 3102 1603 evitato
3127 1547 3199 1603 ad
3221 1546 3415 1618 ipsum
3456 1563 3520 1603 se
3558 1563 3702 1604 con-

2056 1634 2286 1701 tulerat,
2319 1651 2588 1707 magnam
2618 1636 3025 1692 auctoritatem
3091 1652 3261 1693 suam
3328 1653 3458 1694 esse
3513 1641 3697 1710 ratus,

2055 1724 2215 1795 quod
2245 1724 2458 1796 saepius
2488 1726 2560 1781 ad
2592 1741 2727 1781 eum
2760 1715 2995 1783 nomine
3032 1726 3423 1784 Romanorum
3471 1727 3702 1800 legatus

302 1810 681 1884 ἀπανθρώπως
719 1807 861 1863 οὕτω
886 1812 984 1864 τοῦ
1018 1811 1112 1882 ζῇν
1165 1806 1449 1884 ἐξήγαγεν,
1497 1805 1644 1863 ἀλλὰ
1697 1807 1790 1862 καὶ
1858 1805 1950 1869 οὕς

2080 1813 2564 1871 visset.Cmterum
2583 1831 2711 1872 eam
2734 1815 3192 1888 hospitalitatem
3214 1820 3304 1873 est
3322 1819 3612 1889 expertus,
3634 1818 3702 1874 ut

302 1899 549 1974 καθεῖρξε
626 1897 936 1972 Ῥωμαίους
1013 1896 1245 1986 οἰκτρῶς
1297 1894 1589 1986 ἀπώλεσε,
1635 1897 1710 1969 μή
1769 1897 1951 1974 φωνὴν
1981 1921 2028 1986 Β

308 1987 437 2064 μηδ’
469 1987 671 2043 ἱκεσίαν
698 1986 751 2059 ἐξ
780 1988 961 2042 αὐτῶν
990 1985 1137 2046 ὅλως
1168 1985 1543 2061 ἀνασχόμενος
1575 1985 1946 2044 ἐνωτίσασθαι.

2057 1904 2178 1958 toto
2205 1918 2444 1974 corpore
2475 1903 2679 1961 multis
2735 1904 2951 1962 ictibus
3009 1909 3392 1979 compunctus
3420 1909 3554 1978 post
3587 1920 3701 1962 οω-

2061 1991 2194 2045 dem
2224 1990 2551 2062 insepultus
2579 1992 2944 2063 abjiceretur.

292 2093 307 2122 ν
329 2081 401 2136 Εν
434 2079 519 2141 οἷς
558 2077 649 2132 καὶ
679 2081 774 2132 τὸν
806 2079 902 2131 τοῦ
931 2073 1141 2151 δρόμου
1175 2074 1470 2148 λογοθὲτην
1502 2077 1912 2133 Κωνσταντῖνον
1950 2077 2040 2130 τὸν
2070 2075 2358 2151 Τορνίκην,
2389 2074 2894 2153 ὑποδρηστεύσαντα
2925 2081 3019 2152 μὲν
3060 2079 3243 2137 ἄκοντί
3272 2081 3336 2136 τὸ
3365 2079 3531 2137 πλέον
3568 2076 3703 2154 μετᾶ

300 2170 401 2238 τὴν
428 2173 530 2238 τῆς
562 2164 780 2229 πόλεως
810 2162 1018 2220 ἃλωσιν
1051 2168 1130 2236 τῷ
1174 2163 1393 2240 βασιλεῖ
1422 2162 1764 2238 Βαλδουὶνῳ,
1803 2165 1893 2219 καὶ
1926 2166 2017 2220 τὸν
2049 2163 2110 2220 ἐκ
2157 2165 2407 2241 πολέμου
2439 2165 2729 2245 διαδράντα
2783 2166 3031 2225 κίνδυνον
3076 2171 3198 2234 καθ’
3248 2167 3307 2224 δν
3342 2169 3446 2225 ὑπὸ
3477 2172 3699 2233 Σκυθῶν

306 2257 513 2319 ἐκεῖνος
537 2254 796 2327 ἑάλωκεν,
830 2253 1168 2331 προσρυέντα
1199 2251 1246 2309 δ’
1272 2248 1454 2309 ἔπειτα
1478 2258 1557 2326 τῷ
1599 2252 1821 2319 Ἰωάννη
1875 2253 1965 2308 καὶ
1996 2256 2141 2330 παρὰ
2178 2256 2358 2325 τούτῳ
2398 2253 2693 2328 δυνηθῆναι
2750 2258 2819 2312 τὰ
2876 2256 3104 2334 μέγιστα
3166 2258 3563 2336 φανταζόμενον
3617 2259 3702 2321 οἷς

304 2344 580 2408 πολλάκις
607 2348 737 2413 παρ’
769 2344 974 2399 ἐκεῖνον
1017 2344 1123 2399 ἀπὸ
1153 2341 1443 2417 Ῥωμαίων
1471 2337 1709 2418 πρέσϐυς
1738 2340 2152 2420 ἐπιπεφοίτηκε,
2185 2344 2353 2418 ξενίαν
2384 2342 2432 2401 δ’
2461 2347 2756 2420 εὒράμενον
2795 2347 2857 2402 τὸ
2913 2344 3130 2411 πολλὰς
3187 2348 3290 2403 ὗπὸ
3345 2348 3515 2426 ξιφῶν
3568 2345 3707 2403 κατᾶ

307 2439 509 2499 παντὸς
537 2439 636 2492 τοῦ
668 2435 922 2509 σώματος
956 2431 1202 2506 δέξασθαι
1234 2433 1324 2488 καὶ
1359 2429 1488 2506 μηδ’
1519 2431 1671 2493 ὁσίας
1694 2435 1882 2506 τυχεῖν
1915 2433 2048 2504 μετὰ
2072 2434 2172 2502 τήν
2204 2432 2493 2509 ἀναίρεσιν.
2653 2426 2672 2440 ”

381 2528 466 2597 ιζ’.
500 2528 566 2584 Οἱ
611 2522 668 2580 δὲ
695 2546 754 2598 γε
812 2528 1031 2579 Λατῖνοι
1070 2522 1162 2578 καὶ
1211 2523 1279 2578 τὰ
1332 2520 1507 2577 πάλαι
1536 2519 1778 2594 ᾀδόμενα
1807 2541 1960 2576 στοι-

308 2613 520 2694 χειώδη
558 2618 659 2680 τῆς
688 2612 906 2675 πόλεως
947 2612 1297 2690 φυλακτήρια
1338 2611 1429 2666 καὶ
1484 2608 1620 2665 κατὰ
1647 2614 1840 2684 τεῖχος
1868 2608 1960 2663 καὶ

306 2708 511 2783 τάφρον
541 2705 1015 2780 προσεξευρημὲνα
1079 2706 1195 2763 τοῖς
1248 2702 1368 2757 κατ’
1407 2699 1575 2770 αὐτῆς
1616 2699 1961 2770 ξυντάττουσι

310 2796 597 2874 φάΛαγγας
627 2796 717 2849 καὶ
747 2792 958 2868 λόχους
1008 2790 1289 2861 καθίζουσι
1321 2788 1637 2864 δυσμενέσιν
1681 2787 1752 2863 (εἴ
1782 2785 1841 2842 δὲ
1869 2787 1957 2841 καὶ

312 2884 558 2954 άληθῶς,
597 2884 696 2938 οὐκ
748 2878 865 2958 ἔχω
905 2880 1080 2957 λέγειν
1145 2881 1350 2957 σαφῶς)
1403 2882 1678 2953 καθαιρεῖν
1732 2877 1960 2951 ἐγνώκε-

2145 2525 2229 2582 17.
2258 2524 2447 2581 Latini
2480 2542 2651 2599 porro
2681 2525 2779 2582 illa
2800 2526 2941 2583 olim
2963 2527 3272 2585 decantata
3315 2526 3480 2583 urbis
3511 2526 3709 2584 muni-

2071 2616 2293 2680 menta,
2333 2630 2461 2687 quis
2494 2631 2527 2671 a
2552 2618 2710 2671 certa
2740 2615 2994 2687 partium
3051 2616 3201 2671 serie
3245 2614 3573 2672 Sttschiode
3619 2614 3713 2671 dl-

2071 2706 2304 2771 cuntur,
2333 2705 2486 2759 muri
2505 2720 2571 2759 ac
2605 2702 2741 2760 valli
2771 2704 2899 2760 loco
2936 2703 3254 2777 excogitata
3290 2707 3493 2760 contra
3516 2703 3714 2760 hostes

2069 2790 2159 2846 vel
2193 2796 2395 2863 aperta
2422 2792 2480 2848 vi
2507 2791 2596 2848 vel
2624 2791 2858 2849 insidiis
2888 2797 3224 2863 grassantes
3246 2792 3399 2866 (vere
3420 2808 3495 2848 an
3517 2808 3711 2862 secus,

2072 2881 2262 2937 dicere
2293 2880 2450 2937 haud
2482 2882 2768 2955 possum),
2802 2887 3059 2939 evertere
3099 2884 3451 2949 statuerunt,
3482 2898 3552 2939 ea
3566 2898 3714 2955 pre-

315 2994 433 3043 σαν,
484 2971 574 3026 καὶ
628 2970 834 3027 τούτων
879 2969 1116 3044 μάλιστα
1181 2969 1357 3023 ὁπόσα
1398 2967 1533 3022 κατὰ
1559 2970 1658 3021 τοῦ
1689 2969 1834 3044 σφῶν
1868 2964 1962 3019 ἆν-

2075 2968 2275 3024 sertim
2307 2986 2434 3041 quae
2466 2973 2666 3026 contra
2721 2987 2891 3027 suam
2949 2974 3180 3044 gentem
3240 2971 3517 3027 facerent.
3549 2971 3716 3028 Unde

317 3059 654 3132 εστηλῶσθαι
729 3062 913 3135 γενους
980 3058 1296 3134 ἐμάνθανον.
1355 3059 1511 3111 Ὅθεν
1593 3057 1707 3129 μεθ’
1768 3054 1961 3128 ἒτὲρων

312 3153 671 3232 ἂνδρεικέλων
721 3154 779 3210 ἐκ
832 3155 1048 3231 χαλκοῦ
1112 3152 1524 3223 πεποιημένων,
1586 3148 1618 3203 ἅ
1653 3153 1762 3203 τῶν
1818 3167 1958 3221 προ-

309 3247 480 3321 τέρων
535 3246 911 3315 κατενήνεκται
976 3243 1181 3319 βάσεων
1235 3240 1325 3296 καὶ
1384 3239 1515 3316 πυρὶ
1556 3233 1958 3313 παρεδόθησαν,

315 3331 442 3390 οὐδὲ
495 3334 594 3402 τήν
652 3331 986 3407 ἐμπροσθίαν
1046 3330 1326 3404 εὐώνυμον
1394 3326 1585 3404 χηλὴν
1632 3331 1729 3382 τοῦ
1784 3323 1963 3381 ’ίππου

311 3422 730 3499 άπεριέργαστον
762 3419 967 3488 εἶάσαν,
1024 3420 1083 3481 ὃς
1140 3417 1229 3474 ἐπὶ
1298 3415 1512 3482 λιθίνου
1546 3417 1743 3472 λευκοῦ
1774 3435 1964 3490 τετρα-

308 3514 549 3588 πλεύρου
605 3510 743 3566 κατὰ
784 3510 876 3564 τὸν
917 3508 1217 3585 λεγόμενον
1275 3509 1485 3579 Ταῦρον
1519 3507 1770 3581 χαλκοῦς
1811 3504 1965 3558 ἱστά-

313 3622 471 3676 μενος
494 3598 736 3675 ηρωϊκόν
793 3618 913 3652 τινα
967 3599 1066 3666 τήν
1134 3593 1292 3670 ἰσχὺν
1354 3592 1519 3670 ἄνδρα
1579 3594 1771 3648 καὶτὸ
1822 3590 1964 3654 εἶδος

308 3694 392 3766 [Ρ.
424 3694 554 3761 414]
618 3686 928 3759 ἀξιοθέατον
959 3684 1047 3742 ἐπὶ
1077 3689 1185 3741 τῶν
1235 3684 1425 3739 νώτων
1457 3683 1604 3758 ὀχεῖ,
1642 3681 1771 3755 μηδ’
1801 3680 1963 3743 αὐτὸς

306 3778 527 3855 ἀπέχων
569 3781 672 3834 τοῦ
712 3778 949 3852 ἄγασθαι
1016 3772 1106 3829 διὰ
1142 3775 1241 3843 τὴν
1307 3772 1394 3828 ἐπὶ
1454 3775 1586 3827 πᾶσι
1628 3777 1727 3840 τῆς
1765 3772 1966 3845 τὲχνης

313 3864 615 3945 ἀκρίϐειαν,
668 3864 1040 3944 ὁλοφάλαρος,
1099 3861 1421 3939 φριμάσσων
1476 3860 1656 3915 καὶτὸ
1697 3860 1789 3922 οὕς
1853 3860 1970 3914 ἁνι-

319 3963 477 4013 στῶν”
513 3958 588 4011 ὡς
627 3955 764 4030 πρὸς
823 3953 1117 4029 σάλπιγγα.
1148 3956 1349 4009 Τοῦτον
1384 3952 1435 4006 οἱ
1480 3950 1573 4023 μὲν
1615 3968 1772 4027 φασιν
1832 3948 1968 4003 εἶναι

319 4052 572 4125 Πήγασον
631 4046 721 4101 καὶ
758 4045 851 4100 τὸν
913 4039 1152 4113 ἀναϐάτη
1188 4039 1658 4125 Βελλεροφόντην,
1690 4038 1743 4092 οἱ
1793 4035 1849 4091 δὲ
1878 4037 1970 4091 τὸν

316 4138 529 4208 Ἰησοῦν
559 4140 656 4191 τοῦ
708 4140 863 4203 Ναυῆ
933 4129 1115 4205 ὁτῳδή
1177 4129 1570 4203 ἐπικαθήμενον
1623 4124 1803 4198 ἵππῳ·
1879 4125 1972 4180 καὶ

320 4224 493 4296 δῆλον
528 4225 660 4280 εἶναι
697 4224 789 4278 τὸν
836 4219 1002 4296 ἄνδρα
1057 4224 1126 4293 τῇ
1187 4217 1445 4291 διασκευῇ
1501 4221 1598 4272 τοῦ
1642 4215 1968 4287 εἰκάσματος

316 4317 452 4392 πρὸς
487 4316 587 4385 τὴν
621 4311 1040 4389 ἁρματηλασίαν
1101 4308 1269 4379 ἡλίου
1326 4308 1417 4362 καὶ
1481 4306 1573 4360 τὸν
1618 4302 1822 4380 δρόμον
1872 4303 1966 4358 τὸν

322 4402 609 4475 σεληναῖον
671 4403 770 4471 τὴν
831 4400 1002 4471 δεξιὰν
1060 4403 1223 4474 χεῖρα
1281 4395 1604 4462 ἐκτείνοντα,
1664 4394 1737 4455 ὡς
1797 4396 1973 4447 σταῖεν

322 4497 421 4548 τοῦ
452 4493 642 4565 πρόσω
689 4495 914 4565 χωρεῖν,
961 4487 1051 4544 καὶ
1085 4485 1367 4565 σφαιρικὸν
1426 4483 1487 4539 ἐκ
1532 4486 1747 4559 χαλκοῦ
1778 4488 1975 4556 σχῆμα

320 4584 401 4651 τῷ
439 4579 615 4651 κοίλῳ
634 4585 734 4647 τῆς
766 4578 923 4641 λαιᾶς
955 4579 1145 4656 χειρὸς
1180 4574 1536 4649 ὑπανέχοντα.
1599 4569 1976 4649 Ἀναμοχλεύ-

325 4689 505 4731 σαντες
541 4669 710 4723 τοίνυν
746 4666 1033 4743 ῥαιστῆρσι
1088 4667 1150 4720 τὸ
1207 4662 1395 4738 πέλμα
1449 4663 1512 4717 τὸ
1576 4659 1825 4728 ’ἰππειον,
1885 4661 1975 4712 ἂν-

321 4760 726 4838 θρωπόμορφον
814 4757 1151 4832 εὑρίσκουσιν
1259 4750 1496 4826 ὶ¹νδαλμα
1602 4748 1974 4838 ὑποκείμενον,

320 4846 593 4909 πλειόνως
625 4836 835 4916 εἰκάζον
868 4845 928 4900 ἐκ
953 4849 1052 4899 τοῦ
1101 4847 1208 4898 τῶν
1250 4839 1586 4915 Βουλγάρων
1619 4838 1741 4891 τινα
1768 4836 1974 4913 γένους,

322 4934 377 4998 ἐς
405 4936 467 4988 τὸ
498 4932 794 5007 διαμπερὲς
823 4930 1163 5005 ἐληλαμένον
1194 4929 1319 5003 ἥλῳ
1357 4929 1448 4983 καὶ
1512 4922 1777 5001 μολύϐδῳ
1803 4926 1975 4996 πάντῃ

323 5022 790 5096 κατειλημμένον,
866 5018 1033 5094 ⁴ἤγουν
1137 5024 1361 5075 Λατῖνον
1475 5019 1587 5090 (83)
1661 5012 1977 5085 διατυποῦν,

328 5112 510 5188 ὥσπερ
544 5109 612 5179 δὴ
642 5110 735 5165 καὶ
790 5106 963 5164 πάλαι
1020 5110 1154 5184 πρὸς
1207 5113 1315 5164 τῶν
1372 5106 1518 5162 ὅλων
1551 5102 1977 5179 διαπεφήμιστο.

322 5202 425 5262 Καὶ
481 5204 545 5258 τὸ
605 5203 699 5274 μὲν
754 5203 824 5273 τῇ
859 5205 969 5255 τῶν
998 5198 1441 5275 ἀργυρογνώμων
1476 5197 1685 5275 χωνείᾳ
1713 5196 1978 5266 καθίεται,

319 5299 540 5349 Λατῖνοι
590 5287 636 5345 δ’
693 5283 955 5361 ἔπραττον
1010 5291 1176 5343 ταῦτα
1214 5287 1313 5343 οὐκ
1368 5288 1428 5342 ἐκ
1475 5281 1802 5359 δειλάνδρου
1843 5303 1977 5337 παν-

316 5382 514 5436 τάπασι
572 5379 825 5455 γνώμης,
886 5377 963 5438 ὡς
1021 5374 1377 5457 ἀποφανὲῖταί
1434 5393 1519 5434 τις
1578 5392 1976 5457 καταφρονητι-

320 5473 427 5531 κῶς
467 5465 611 5545 ἔχων
659 5466 712 5530 ἐς
743 5466 964 5528 αὐτούς·
1008 5456 1154 5521 ἀλλὰ
1191 5464 1459 5538 μετιόντες
1489 5460 1664 5515 πάντα
1730 5460 1822 5513 καὶ
1868 5456 1980 5514 δια-

2073 3074 2208 3113 cum
2241 3058 2373 3115 aliis
2404 3059 2578 3115 aaneis
2605 3061 2838 3127 statuis,
2868 3077 2994 3133 quae
3024 3060 3267 3117 basibus
3313 3064 3520 3118 emotis
3549 3064 3607 3118 et
3650 3059 3715 3116 in

2067 3155 2263 3227 ignem
2292 3152 2565 3222 coniectae
2615 3155 2776 3219 sunt,
2832 3168 2938 3209 nec
3003 3150 3353 3210 anteriorem
3410 3150 3715 3209 sinistram

2068 3241 2350 3315 ungulam
2383 3240 2517 3312 equi
2548 3241 2712 3313 aenei,
2747 3241 2849 3312 qui
2879 3241 2938 3296 in
2971 3241 3094 3297 albo
3124 3239 3528 3313 quadrangulo
3561 3256 3717 3296 mar-

2070 3347 2231 3388 more
2252 3330 2313 3386 in
2339 3334 2526 3386 Tauro
2549 3334 2686 3398 stat,
2709 3329 2901 3386 virum
2924 3331 3243 3403 quemdam
3261 3329 3493 3388 heroico
3506 3329 3716 3388 robore

2069 3426 2127 3478 et
2152 3417 2459 3493 spectabili
2488 3418 2653 3475 vultu
2687 3426 2844 3492 tergo
2892 3420 3132 3490 vehens,
3158 3435 3264 3476 nec
3303 3419 3430 3491 ipse
3460 3418 3720 3477 admira-

2070 3510 2249 3567 tionis
2278 3526 2485 3582 expers
2509 3508 2582 3565 ob
2612 3508 2972 3580 exquisitum
3014 3509 3279 3565 omnium
3324 3508 3721 3565 membrorum

2071 3598 2409 3665 artiﬁcium,
2444 3596 2702 3669 phaleris
2735 3597 2994 3669 undique
3024 3601 3231 3664 tectus,
3281 3595 3582 3664 hinniens,
3615 3612 3719 3652 au-

2074 3689 2236 3746 ribus
2267 3686 2423 3743 velut
2451 3686 2520 3741 ad
2546 3686 2699 3741 849
2746 3686 2904 3742 tuine
2934 3686 3266 3758 clangorem
3316 3685 3579 3753 arrectis,
3610 3684 3721 3740 im-

2070 3777 2525 3850 pervestigatam
2551 3774 2939 3846 reliquerunt.
2971 3775 3139 3831 Hunc
3162 3773 3260 3835 alii
3284 3773 3569 3845 Pegasum
3592 3788 3725 3830 esse

2073 3865 2299 3931 dicunt,
2322 3879 2611 3919 sessorem
2649 3862 3178 3934 Bellerophontem,
3198 3860 3298 3917 alii
3317 3860 3520 3918 Jesum
3549 3859 3726 3919 Navis

2072 3954 2262 4010 ﬁlium
2286 3968 2436 4023 equo
2453 3952 2751 4024 (quisquis
2773 3950 2870 4007 ille
2894 3951 2990 4025 sit)
3012 3950 3364 4008 insidentem
3391 3968 3407 4019 ;
3452 3949 3628 4023 idque
3656 3965 3728 4006 ex

2073 4042 2278 4098 habitu
2312 4045 2514 4096 statues
2567 4044 2857 4109 constare,
2891 4040 3045 4111 quod
3108 4039 3312 4095 dextra
3369 4039 3438 4096 ad
3486 4054 3728 4096 currum

2075 4130 2216 4189 solis
2232 4134 2289 4187 et
2309 4129 2465 4186 luna
2485 4131 2722 4185 extenta
2741 4145 2980 4186 cursum
2997 4143 3198 4185 eorum
3221 4128 3391 4190 sistat
3408 4132 3469 4185 et
3487 4126 3725 4201 globum

2076 4219 2477 4277 aeneumlaavaa
2513 4232 2723 4274 manus
2781 4216 2912 4274 vola
2967 4220 3178 4274 teneat.
3214 4218 3459 4275 Proinde
3500 4215 3727 4275 malleis

2079 4308 2216 4380 equi
2248 4308 2405 4364 calce
2436 4306 2669 4363 revulsa
2699 4306 3017 4362 humanam
3049 4307 3262 4363 subtus
3289 4305 3605 4378 imaginem
3635 4321 3729 4362 re-

2084 4397 2337 4468 periunt,
2372 4411 2502 4467 quae
2524 4394 2730 4465 majori
2760 4410 2830 4449 ex
2884 4397 3050 4466 parte
3099 4392 3418 4467 Bulgarum
3470 4392 3730 4465 aliquem

2084 4484 2553 4558 reqrwsentabat,
2574 4483 2735 4540 clavo
2760 4482 3101 4539 transﬁaam
3123 4486 3182 4538 et
3200 4481 3444 4554 plumbo
3470 4480 3733 4553 undique

2083 4575 2358 4645 cinctam,
2385 4588 2504 4629 non
2535 4576 2729 4629 autem
2775 4571 3049 4628 Latinum
3105 4570 3413 4639 referebat,
3444 4568 3730 4641 quemad-

2085 4665 2323 4721 modum
2348 4662 2583 4735 jamdiu
2604 4680 2636 4718 a
2668 4660 2871 4718 multis
2902 4660 3213 4717 ferebatur.
3241 4660 3323 4715 Ea
3352 4659 3546 4731 imago
3569 4658 3731 4715 fabro

2086 4751 2412 4824 argentario
2443 4750 2752 4806 conﬂanda
2779 4750 2914 4805 data
2941 4753 3032 4805 est
3062 4766 3096 4804 a
3135 4747 3377 4817 Latinis,
3400 4746 3560 4803 haud
3591 4762 3734 4804 sane

2087 4856 2332 4913 prorsus
2363 4855 2432 4894 ex
2457 4839 2793 4909 timiditate,
2843 4844 2907 4893 ut
2950 4853 3056 4909 per
3100 4852 3302 4893 eorum
3345 4841 3731 4909 contemptum

2087 4927 2299 4998 aliquis
2329 4925 2697 4997 interpretari
2725 4930 2902 4997 queat
2936 4942 2949 4982 :
2981 4926 3084 4983 sed
3116 4925 3256 4998 quia
3300 4926 3501 4981 omnia
3543 4927 3734 4982 tenta-

2087 5020 2253 5087 bant,
2291 5016 2490 5073 omnia
2523 5014 2930 5087 moliebantur,
2964 5032 3035 5073 ne
3084 5016 3229 5073 urbe
3267 5031 3446 5088 quam
3479 5030 3734 5089 occupa-

2089 5110 2242 5175 rant,
2272 5106 2623 5175 exciderent,
2656 5120 2732 5161 ne
2760 5104 3102 5176 hujusmodi
3154 5105 3393 5180 quidem
3444 5121 3733 5173 rumores,

2091 5195 2193 5268 qui
2222 5211 2335 5251 non
2366 5196 2489 5252 sine
2516 5210 2694 5251 causa
2719 5194 2792 5250 ab
2822 5195 3099 5252 omnibus
3156 5194 3591 5252 celebrarentur
3632 5192 3737 5250 sed

2092 5283 2467 5341 verisimilem
2544 5284 2939 5355 coniecturam
2996 5286 3301 5355 haberent,
3359 5283 3738 5358 negligendos

2092 5373 2399 5445 putabant,
2436 5372 2599 5429 nulla
2626 5372 2687 5427 in
2718 5387 2778 5428 re
2810 5372 3189 5447 negligentes.
3208 5373 3349 5439 Quis
3373 5374 3528 5430 enim
3557 5369 3742 5427 nescit

2092 5479 2212 5530 eos,
2245 5478 2661 5534 quamcunque
2719 5463 3076 5533 provinciam
3125 5466 3228 5519 aut
3273 5462 3476 5519 urbem
3515 5461 3740 5516 invase-

1682 5578 1867 5644 Hier.
1903 5577 2141 5645 \Volfii
2173 5584 2351 5644 notae
2366 5629 2381 5644 .

390 5718 506 5791 (83)
537 5717 745 5793 ’Ήγουν
778 5718 1031 5783 Λατῖνον,
1061 5720 1159 5771 aut
1200 5719 1352 5770 certe
1383 5710 1662 5767 Latinum.
1697 5714 1843 5765 Puto
1874 5709 1964 5780 leg

2074 5714 2185 5768 lum
2215 5709 2277 5764 οὐ
2306 5712 2438 5782 γοῦν
2473 5710 2560 5768 vel
2593 5706 2812 5778 οὐκοῦν,
2844 5711 3043 5783 itaque
3071 5711 3234 5768 verti.

642 5834 909 5895 PATROL.
957 5834 1067 5893 Gn.
1114 5829 1428 5892 CXXXIX.

3348 5825 3425 5883 33
