4120 6284
307 421 464 487 1837
993 420 1095 481 DE
1137 420 1470 482 STATUIS
1517 419 1717 493 QUAS
1761 420 2060 484 FRANGI
2102 419 2339 484 CPOLI
2381 419 3036 485 DESTRUXERUNT.
3570 415 3756 483 1038‘

311 552 709 628 ἐξαισιώτερον.
742 554 898 616 Ὅθεν
935 549 1073 607 κατὰ
1129 551 1293 625 μόνον
1339 552 1404 607 τὸ
1453 552 1720 624 σύννομον
1776 551 1953 614 αὐτοῖς

2076 554 2229 612 852
2261 555 2478 627 captivi
2507 554 2831 628 inquilinos
2861 554 3204 627 agebamus,
3237 557 3296 610 et
3322 553 3523 610 eadem
3574 555 3724 609 tem-

309 643 738 719 συμφερόμενοι,
773 641 823 710 ἐξ
856 641 984 695 ὅτου
1013 641 1114 710 τὴν
1146 641 1274 714 παρ’
1327 641 1578 712 Ἀσκανία
1624 640 1827 714 λίμνην
1878 645 1953 696 κα

2080 644 2176 715 pla
2206 645 2484 700 duntaxat
2517 645 2975 717 frequentantes,
3008 647 3210 699 cetera
3260 658 3498 714 prorsus
3547 640 3724 698 alieni

310 739 411 806 τήν
442 740 550 790 τῶν
603 737 841 798 Βιθυνῶν
890 729 1320 808 προεδρεύουσαν
1379 737 1488 806 (8:1)
1546 735 1768 789 Νίκαιαν
1825 753 1953 807 παρ-

2079 735 2149 789 ab
2179 733 2264 789 eis
2294 734 2403 788 visi
2437 733 2781 789 sumus.Sed
2808 749 2911 788 cur
2932 730 3275 803 hujusmodi
3313 729 3724 787 narratiuncu-

310 831 475 881 οικεῐν
505 823 765 898 εἱλόμεθα
808 822 882 884 ὡς
933 821 1312 897 αἰχμάλωτοι,
1361 823 1451 877 καὶ
1500 823 1650 897 τιαρά
1699 827 1816 885 τοῖς
1869 823 1953 876 αὑ·

2076 821 2150 876 lis
2183 822 2438 878 historiis
2470 822 2680 878 seriem
2712 820 3120 892 interrumpo?
3151 824 3216 875 ut
3260 820 3451 876 dicam
3485 817 3722 890 plenum

314 919 432 974 τοῖς
488 911 760 973 συνιόντες
814 907 1109 982 τεμένεσιν,
1169 910 1452 986 ἁσυναφεῖς
1521 907 1701 965 τᾶλλα
1757 920 1953 973 καθεω·

2077 925 2236 965 mero
2269 909 2542 982 poculum
2576 914 2634 965 et
2662 908 3015 966 feculentum
3048 907 3289 964 calicem
3323 921 3496 963 omne
3518 905 3723 963 Roma-

313 1002 554 1078 ρώμεθα.
589 996 768 1057 Ἀλλὰ
796 997 849 1053 τί
883 1018 980 1070 μοι
1009 999 1101 1053 καὶ
1131 1003 1211 1070 τῷ
1241 999 1340 1067 τὴν
1369 998 1617 1072 ἱστορίαν
1646 1004 1953 1072 παρακινεῖι

2075 1015 2217 1053 num
2251 999 2564 1070 imperium
2597 998 2914 1070 postulare.
2965 996 3096 1053 Jam
3154 997 3338 1068 igitur
3394 997 3468 1052 ad
3507 998 3720 1052 metam

305 1095 423 1152 ταῖς
473 1085 716 1144 τοιαῖσδε
767 1091 874 1142 τῶν
932 1084 1272 1163 διηγήσεων,
1321 1087 1417 1141 καὶ
1460 1093 1720 1162 παριστᾷν
1782 1087 1953 1142 ἑντεῦ-

2072 1104 2393 1159 properans
2426 1088 2610 1144 oratio
2641 1104 2828 1160 pauca
2854 1087 3046 1143 adhuc
3078 1084 3336 1156 adjiciat.

308 1182 392 1236 Θεν
456 1181 572 1253 (87)
636 1178 711 1238 ὡς
769 1177 1006 1252 ἀκράτου
1063 1175 1332 1251 ποτηρίου
1397 1179 1488 1232 καὶ
1545 1177 1889 1256 τρυγοφόρου
1941 1175 2169 1238 κύλικος
2227 1178 2294 1231 τὰ
2345 1181 2452 1232 τῶν
2512 1178 2801 1251 Ῥωμαίων
2861 1175 3211 1247 ἁπαξάπαντα
3264 1171 3518 1231 ποοσδεᾶ.
3589 1172 3721 1248 Περὶ

303 1270 404 1337 τήν
433 1268 629 1323 νύσσαν
659 1265 842 1322 τοίνυν
875 1267 938 1321 τὸ
972 1265 1146 1342 λέγειν
1176 1264 1328 1328 αὖθις
1360 1265 1722 1343 έπεισαγέσθω
1753 1267 1843 1321 καὶ
1873 1270 1980 1321 τῶν
2010 1266 2384 1340 προκειμένων
2418 1264 2593 1340 ἐχέτω
2630 1286 2746 1338 μοι.

374 1355 522 1431 Τῇὸε
557 1357 648 1429 μὲν
683 1353 777 1411 οὖν
817 1356 908 1410 καὶ
954 1359 1124 1411 ταῦτα
1176 1354 1395 1432 ἐφέρετο
1475 1358 1503 1410 ὁ
1557 1353 1614 1410 δέ
1653 1377 1714 1432 γε
1763 1355 1953 1431 Ἐῥρῆς

2141 1357 2651 1428 Erricuslmperio
2710 1357 2948 1428 potitus,
3008 1371 3143 1411 cum
3201 1371 3270 1410 ex
3334 1353 3718 1426 popularibus

306 1450 654 1523 βασιλεύσας,
709 1444 825 1499 ἐπεὶ
878 1445 1109 1508 πύθοιτο
1155 1444 1301 1520 παρά
1347 1449 1453 1500 τῶν
1505 1445 1581 1508 εἷς
1641 1443 1953 1519 Ὀρεστιάδα

2070 1448 2198 1504 suis
2230 1448 2530 1504 Orestiade
2595 1446 2811 1504 relictis
2870 1446 3218 1520 Scytharum
3272 1447 3328 1500 et
3365 1442 3715 1500 Blachorum

304 1533 774 1612 καταλειφθέντων
803 1535 1080 1608 ὁμογενῶν
1115 1539 1340 1598 Σκυθῶν
1381 1535 1534 1598 αὖθις
1581 1535 1670 1589 καὶ
1723 1534 1953 1610 Βλάχων

2070 1537 2358 1593 exercitus
2391 1538 2582 1593 denuo
2614 1537 2806 1606 egredi
2858 1541 2915 1593 et
2959 1552 3158 1592 everso
3193 1532 3595 1606 Didymoticho
3626 1533 3716 1604 ip-

307 1625 500 1696 ἐξιέναι
533 1623 929 1698 στρατεύματα,
962 1623 1052 1677 καὶ
1105 1624 1168 1678 τὸ
1223 1625 1317 1696 μὲν
1375 1620 1774 1698 Διδυμότοιχον
1821 1625 1953 1678 καθ-

2067 1642 2193 1681 sam
2211 1625 2652 1696 Adrianopolim
2674 1624 2825 1679 clam
2850 1624 2922 1679 ad
2947 1623 3334 1680 defectionem
3366 1624 3468 1678 aut
3515 1621 3716 1691 prodi-

307 1715 474 1782 ελεῖν,
506 1714 678 1784 αὐτὴν
743 1710 798 1767 δὲ
843 1713 942 1780 τὴν
987 1711 1039 1783 ἐξ
1084 1709 1375 1788 ’Δδριανοῦ
1423 1711 1771 1786 καλουμένην
1829 1713 1953 1768 ὑπο-

2066 1714 2284 1770 tionem
2315 1713 2628 1771 sollicitare
2655 1713 3128 1780 audivisset,non
3157 1710 3418 1766 hostium
3442 1709 3712 1767 multitu—

306 1802 566 1874 νοθεύειν,
599 1801 647 1856 εἲ
675 1821 793 1862 πως
824 1801 914 1855 καὶ
943 1802 1142 1872 ταύτης
1168 1803 1641 1878 περιγενήσονται,
1698 1804 1772 1875 μὴ
1820 1803 1953 1876 πρὸς

2067 1804 2202 1858 dine
2233 1802 2470 1859 territus
2531 1819 2635 1860 nec
2692 1803 3062 1874 superiorum
3111 1800 3399 1857 bellorum
3448 1798 3714 1855 cladibus

303 1895 365 1948 τὸ
394 1892 610 1957 πλῆθος
644 1889 824 1951 δείσας
855 1892 962 1943 τῶΛ
993 1889 1328 1959 ἀντιπάλων,
1380 1888 1508 1964 μηδ’
1558 1889 1610 1945 ἐν
1659 1895 1737 1963 νῷ
1783 1888 1954 1965 βαλό-

311 2002 470 2056 μενος
500 1980 647 2042 ὅλως
695 1980 763 2033 τὰ
808 1983 916 2034 τῶν
971 1977 1250 2054 προτέρων
1302 1977 1564 2053 πολέμων
1624 1979 1956 2054 ἀτυχήματα

305 2071 397 2126 καὶ
423 2068 590 2125 πάλιν
619 2069 720 2139 τὴν
752 2065 934 2138 ἔξοδον
967 2067 1328 2142 ἀπεθάρῥησε,
1364 2067 1454 2123 καὶ
1484 2068 1610 2131 τοὺς
1655 2073 1733 2140 τῷ
1781 2072 1956 2142 Βρανᾷ

311 2156 684 2232 συνεκδήμους
716 2157 1036 2232 ὁμοφύλους
1081 2156 1312 2213 ἐκσῶσαι
1359 2157 1699 2235 γλιχόμενος
1748 2157 1838 2212 καὶ
1888 2159 1955 2213 τά

307 2254 413 2304 τῶν
446 2247 735 2322 Ῥωμαίων
769 2246 1125 2322 περιθάλψειν
1174 2245 1673 2320 έγκαταλείμματα,
1727 2246 1781 2302 o'i
1830 2248 1953 2320 περὶ

307 2339 402 2401 τὰς
435 2339 546 2412 οὐχ
575 2337 698 2399 ἒκᾶς
748 2344 848 2406 τῆς
897 2336 1118 2398 πόλεως
1167 2335 1522 2410 κωμοπόλεις
1570 2337 1722 2398 αὖθις
1771 2333 1955 2390 συνδε-

308 2425 640 2502 δραμήκασι.
695 2425 823 2501 Περὶ
874 2427 972 2493 τήν
1026 2424 1315 2500 Ἀδριανοῦ
1363 2426 1541 2480 τοίνυν
1598 2426 1954 2495 κατηντηκὼς

309 2514 556 2578 καὶτοὺς
601 2513 854 2588 Βλάχους
907 2515 1303 2576 κατωπτευκὼς
1351 2516 1474 2590 περὶ
1522 2517 1622 2585 τὴν
1673 2511 1796 2588 ὄψιν
1845 2519 1954 2570 τῶν

312 2607 554 2661 Λατίνων
609 2602 1116 2671 ἀποδειλιάσαντας,
1181 2606 1319 2678 μήτε
1387 2606 1616 2677 σώματα
1672 2599 1952 2659 λαϐόντων

311 2697 402 2767 [Ρ.
443 2695 569 2766 416]
605 2692 822 2766 μείζονα
852 2696 960 2748 τῶν
993 2690 1296 2766 προτέρων,
1349 2691 1491 2765 μηδὲ
1520 2694 1702 2772 ψυχὰς
1750 2714 1953 2763 κτησα-

2064 1896 2474 1948 consternatus
2497 1908 2703 1948 rursus
2727 1893 2881 1948 exire
2932 1908 3046 1947 non
3087 1889 3399 1957 dubitavit,
3431 1893 3496 1944 ut
3522 1891 3578 1944 et
3608 1904 3711 1960 po-

2065 1980 2301 2052 pulares
2319 1997 2459 2036 suos
2480 1980 2729 2035 Branam
2754 1983 2983 2035 secutos
3003 1980 3369 2035 conservaret
3399 1980 3458 2033 et
3505 1975 3713 2032 Roma-

2066 2087 2276 2126 norum
2308 2070 2572 2140 reliquiis
2632 2069 2990 2140 subveniret,
3045 2085 3172 2141 quis
3228 2067 3289 2123 in
3337 2066 3708 2124 suburbanos

2064 2176 2246 2232 pagos
2280 2160 2680 2231 confugerant.
2713 2159 2902 2231 Igitur
2931 2156 3370 2230 Adrianopolim
3415 2157 3709 2229 profectus

2065 2265 2200 2307 cum
2233 2249 2474 2304 Blachos
2498 2248 2835 2304 Latinorum
2867 2255 3203 2320 conspectu,
3236 2262 3572 2318 quanquam
3603 2261 3708 2301 ne-

2064 2355 2175 2410 que
2206 2340 2545 2410 corporibus
2575 2338 2918 2410 majoribus,
2951 2354 3134 2409 neque
3164 2337 3380 2394 animis
3412 2336 3709 2394 alacriori-

2063 2429 2176 2484 bus
2205 2445 2381 2499 quam
2416 2428 2578 2500 prius
2611 2429 3011 2500 praeditorum,
3044 2429 3147 2484 sed
3203 2428 3482 2483 usitatam
3527 2427 3709 2483 auda-

2063 2518 2211 2573 ciam
2244 2522 2299 2574 et
2329 2521 2407 2573 rei
2439 2517 2702 2573 militaris
2735 2518 3000 2573 habitum
3032 2518 3205 2573 etiam
3239 2521 3373 2588 post
3402 2515 3534 2572 illas
3563 2521 3710 2572 stra-

2065 2622 2165 2678 ges
2197 2607 2592 2674 retinentium,
2623 2610 2856 2661 territos
2888 2606 3149 2672 vidisset,
3208 2620 3397 2678 usque
3463 2605 3536 2660 ad
3580 2604 3712 2660 Cre-

2065 2712 2205 2750 num
2234 2701 2289 2750 et
2319 2696 2559 2750 Boream
2592 2711 2689 2749 eos
2718 2699 2807 2751 est
2837 2698 3202 2765 persecutus.
3235 2694 3376 2749 Inde
3423 2710 3526 2764 per
3557 2694 3710 2762 Aga-

2068 2783 2346 2855 thopolim
2377 2782 2724 2839 Anchialum
2747 2798 2932 2854 usque
2952 2781 3481 2854 progressus,858
3514 2781 3712 2852 ibique

2066 2873 2273 2929 castris
2307 2873 2532 2944 positis,
2563 2876 2620 2927 et
2647 2871 2841 2927 multis
2872 2871 3045 2926 rebus
3077 2872 3276 2942 gestis,
3321 2871 3470 2926 unde
3515 2875 3575 2926 et
3611 2887 3716 2943 pe-

318 2785 494 2855 μένων
525 2781 929 2856 ἀλκιμωτέρας,
988 2783 1051 2836 τὸ
1099 2779 1155 2836 δὲ
1201 2783 1424 2852 σύνηθες
1477 2784 1672 2856 θράσος
1717 2783 1807 2838 καὶ
1854 2785 1952 2852 τὴν

310 2870 362 2925 ἐν
415 2869 688 2943 πολέμοις
744 2866 846 2940 ἕξιν
910 2871 1009 2926 οὐκ
1064 2868 1439 2926 ἀπολωλότων
1496 2871 1580 2934 οἷς
1633 2873 1953 2942 πεπόνθασι,

317 2959 482 3034 μέχρι
516 2963 723 3031 Κρηνοῦ
751 2959 841 3013 καὶ
868 2959 1070 3034 Βορέης
1119 2958 1342 3025 ἐλάσας,
1392 2959 1452 3014 ἐκ
1506 2957 1562 3014 δὲ
1608 2958 1815 3014 τούτων
1854 2962 1952 3030 τήν

2067 2961 2290 3032 cunias,
2322 2965 2380 3017 et
2410 2961 2701 3030 homines,
2733 2965 2790 3016 et
2813 2961 3105 3032 pecudum
3129 2975 3352 3032 greges,
3377 2964 3434 3016 et
3452 2963 3716 3016 armenta

314 3045 680 3122 Ἀγαθόπολιν
711 3044 936 3102 διελθὼν
974 3049 1064 3103 καὶ
1112 3042 1483 3123 παρεμϐαλὼν
1535 3047 1586 3110 ἐς
1633 3046 1949 3124 ’Λγχίαλον,

2064 3051 2230 3123 cepit,
2263 3050 2409 3106 nihil
2461 3065 2595 3108 vero
2655 3050 2882 3107 adversi
2942 3048 3200 3122 pertulit,
3230 3049 3428 3106 salvus
3491 3047 3713 3122 Cpolim

311 3135 402 3189 καὶ
433 3133 619 3190 πολλά
645 3135 740 3207 μέν
773 3131 972 3210 δράσας
1020 3134 1069 3206 ἒξ
1121 3137 1193 3190 ὧν
1249 3136 1339 3191 καὶ
1387 3138 1652 3212 χρήματα
1697 3136 1786 3190 καὶ
1843 3136 1953 3190 σώ-
2066 3140 2257 3196 rediit.

324 3244 470 3298 ματα
522 3225 612 3279 καί
677 3225 831 3293 ζώων
900 3223 1100 3300 ἀγέλας
1155 3219 1364 3297 ἔλαϐεν,
1425 3222 1578 3281 οὐδὲν
1639 3223 1696 3280 δέ
1749 3247 1802 3281 τι
1876 3225 2284 3302 καθλπομείνας
2344 3224 2542 3298 δεινὸν,
2600 3227 2811 3298 ἀπαθὴς
2870 3228 3166 3302 ὑπεστριψε
3239 3227 3330 3284 καὶ
3403 3227 3508 3297 τὴν
3566 3232 3718 3283 Κων-

314 3315 601 3372 σπαντίνου
633 3310 952 3371 κατέλαϐεν.

1673 3459 1859 3527 Hier.
1902 3459 2136 3528 Wolfii
2163 3468 2371 3529 notae.

556 3600 818 3690 Kaintiﬁc
857 3601 999 3690 Ιτῶν
1038 3601 1317 3690 ³Βιθυνῶν
1360 3599 1756 3690 μητροπόλεωὲ
1791 3620 1961 3690 προε-
2067 3603 2466 3690 τῶνΗΒιεξυνῶν
2519 3599 2916 3690 μητροπόλεως
2981 3598 3412 3690 προεδρεύουσαν
3466 3598 3715 3690 Νίκαιαν,

317 3668 626 3746 δρεύουσαν.
669 3668 1163 3746 Puto_legendum
1212 3668 1483 3746 καὶ-τήν
1530 3676 1638 3725 τῶν
1716 3668 1953 3746 Βιθυνῶν

2069 3675 2267 3746 addito
2301 3668 2593 3746 duntaxat
2636 3668 2881 3730 articulo
2935 3668 3061 3742 τὴν,
3101 3668 3167 3729 ut
3224 3673 3395 3746 paulo
3454 3676 3589 3730 ante
3614 3668 3715 3741 τῆν

311 3740 779 3818 π’ροεδρεύουσανη
825 3740 999 3818 ΝιιῖῐιΔ
1100 3816 1114 3818 _
1150 3740 1578 3818 -προεδρεύουσα
1643 3749 1700 3800 el:
1757 3744 1961 3818 μητρό-
2066 3745 2492 3818 παρ’]ᾼσκανίᾳ
2520 3742 2718 3815 λίμνην
2758 3740 3062 3818 παροικεῖν,

313 3813 660 3878 πολιςὶᾱοῐτι
694 3815 911 3890 valent,
944 3815 1056 3890 nisi
1091 3813 1520 3890 fallorrSiquis
1550 3813 1953 3890 autem‘etiam

2086 3888 2099 3890 ᾳ
2141 3813 2252 3887 (87)
2284 3815 2388 3872 Καὶ
2455 3813 2719 3890 παριστᾷν
2762 3813 3022 3880 ἐντεῦθεν.
3072 3815 3358 3873 Videntur
3437 3813 3721 3874 nonnulla

317 3891 682 3961 metropolim
715 3888 877 3944 alteri
911 3887 1129 3945 civitati
1169 3885 1426 3958 subjicit,
1462 3888 1618 3959 legat
1648 3902 1662 3943 :
1715 3885 1812 3942 Καὶ
1860 3888 1960 3956 τὴν
2069 3885 2293 3944 deesse.

776 4208 1766 4400 ΝΙΟΕΤᾸΕ
1901 4207 3266 4401 ΟΗΟΝΙΑΤᾸΕ

1789 4508 2248 4576 ΝΛΒΒΑΤΙΟ

322 4687 450 4754 DE
493 4687 648 4752 STA
669 4686 874 4754 TUIS
915 4685 1364 4768 ANTIQUIS,
1423 4683 1660 4766 QUAS
1705 4682 2036 4754 FRANCI
2078 4681 2316 4751 POST
2361 4682 2726 4752 CAPTAM
2761 4684 3004 4758 ANNO
3046 4682 3224 4752 1204
3274 4682 3727 4756 CONSTAN—

1375 4800 1867 4870 TINOPOLIN
1913 4799 2670 4874 DESTRUXERUNT.

1051 4988 1120 5028 EX
1149 4989 1350 5031 CODICE
1389 4988 1701 5029 BODLEIANO
1743 4986 2109 5028 EMENDATIUB
2146 4985 2312 5027 EDITA
2348 4986 2386 5026 Δ
2422 4986 2729 5028 FRIDERIGO
2767 4987 3008 5028 WILKEN.

400 5278 810 5338 Narrationem
836 5275 1046 5334 Nicetes
1078 5279 1364 5338 Cboniate
1396 5283 1465 5338 de
1496 5279 1826 5352 magnificis
1856 5277 1973 5333 illis
2002 5277 2206 5348 prisca
2239 5279 2382 5334 artis
2409 5281 2820 5350 monumentis,
2854 5297 2982 5354 quas
3015 5299 3050 5340 a
3079 5284 3319 5342 Francis
3355 5290 3485 5359 post
3505 5290 3739 5358 captam

329 5386 480 5426 anno
512 5370 654 5426 4204
685 5367 1241 5440 Canstantinopolim
1271 5371 1564 5427 confracta
1595 5372 1755 5437 sunt,
1787 5369 2071 5436 integram
2104 5367 2336 5424 nonnisi
2368 5367 2429 5423 in
2463 5385 2578 5424 uno
2610 5370 2804 5427 codice
2833 5370 3196 5429 bibliotheca)
3237 5373 3560 5431 Bodleiams
3589 5375 3737 5432 Oxo-

331 5457 556 5514 niensis
587 5462 816 5514 aetatem
850 5455 1073 5526 tulisse,
1107 5475 1277 5514 nemo
1308 5459 1538 5531 ignorat
1569 5458 1852 5512 bonarum
1887 5456 2101 5511 artium
2138 5457 2376 5528 peritus.
2414 5458 2623 5514 Praeter
2671 5459 2825 5516 hunc
2875 5460 3131 5518 codicem
3185 5463 3246 5517 in
3299 5463 3588 5520 Vaticanis
3618 5467 3746 5520 tan-

333 5551 454 5600 tum
486 5546 849 5602 membranis
881 5545 1231 5614 quibusdam
1265 5548 1656 5620 fragmentum
1690 5544 1866 5614 hujus
1899 5543 2248 5599 narrationis
2279 5548 2489 5612 exstat,
2524 5547 2679 5602 unde
2710 5547 2937 5616 primus
2969 5549 3315 5606 Lambecius
3341 5551 3400 5606 in
3435 5550 3590 5606 notis
3622 5552 3744 5608 suis

334 5633 403 5687 ad
436 5632 636 5688 Codini
666 5633 884 5689 librum
912 5634 982 5688 de
1015 5635 1341 5705 originibus
1372 5630 2027 5701 Constantinopolitanis
2059 5634 2172 5686 tria
2203 5631 2326 5687 loca
2358 5633 2620 5702 protulit,
2649 5643 2819 5706 atque
2881 5638 3056 5708 hujus
3116 5638 3429 5710 fragmenti
3485 5638 3746 5695 Vaticani

334 5721 758 5794 apographum,
789 5738 823 5778 a
850 5725 1042 5776 Grcam
1076 5724 1319 5792 quodam
1355 5723 1590 5778 bonum
1626 5721 1921 5774 exaratum
1954 5728 2216 5776 servatur
2247 5720 2306 5774 in
2336 5720 2698 5782 bibliotheca
2729 5723 3118 5798 Gottingensi.
