4090 6298
363 415 521 483 1039
1100 475 1104 478 _
1666 413 1978 476 NICETIE

2164 413 2459 475 )NIATE
3194 490 3203 497 _
3620 415 3779 476 toto

432 558 576 629 Ego,
608 569 739 611 cum
769 553 830 609 in
859 551 1116 609 historiae
1149 549 1438 607 bellorum
1469 548 1861 605 cruciatorum
1919 549 2255 620 germanico
2310 564 2578 604 sermone
2637 547 2866 618 scriptae
2922 551 3082 604 tomo
3139 548 3369 619 quinto,
3403 564 3576 619 quem
3620 565 3775 606 anno

363 643 657 718 superiori
688 641 866 708 edidi,
900 639 1044 696 mihi
1075 639 1391 695 dicendum
1425 645 1576 694 esset
1603 636 1674 694 de
1699 635 1918 692 crudeli
1979 636 2137 692 urbis
2195 635 2855 707 Constantinopolitanae
2907 635 3258 707 direptione,
3307 653 3486 707 quam
3547 636 3775 694 Nicetas

363 737 426 792 in
462 751 572 790 sua
600 730 852 788 historia
881 729 1162 801 deplorat,
1195 744 1311 783 non
1343 727 1505 798 potui
1558 725 1850 797 negligere
1907 725 2334 782 nobilissimum
2398 725 2540 782 illud
2598 726 2669 781 de
2727 727 2940 780 statuis
2997 725 3308 781 conti-actis
3367 726 3776 799 fragmentum,

367 824 522 895 quod
554 822 785 879 edidere
814 818 1145 874 Bandurius
1176 817 1260 888 (in
1290 815 1520 887 Imperii
1574 814 1870 872 orientalis
1925 819 2082 870 tomo
2140 814 2346 886 primo)
2407 819 2462 869 et
2521 814 2820 869 Fabricius
2875 815 2955 884 (in
3007 813 3354 870 Bibliotheca
3401 830 3597 886 grzcae
3626 816 3776 874 libro

368 909 621 982 quinto),
655 910 896 977 uterqur
925 921 994 960 ex
1029 905 1246 960 codicis
1278 904 1516 974 quidem
1550 901 1846 958 Bodleiani
1878 901 2248 974 apographis,
2317 905 2520 956 neuter
2576 917 2711 956 vero
2764 900 3023 973 genuina
3080 902 3293 956 codicis
3335 901 3581 958 lectione
3606 904 3776 959 exhi-

364 999 511 1064 bita,
543 997 600 1052 id
633 995 785 1066 quod
815 1009 1020 1050 omnes
1048 991 1216 1048 facile
1248 991 1601 1063 intelligent,
1633 991 1731 1062 qui
1801 990 2133 1046 Graecarum
2189 990 2518 1046 litterarum
2583 1006 2697 1044 non
2748 991 2919 1061 plane
2977 995 3114 1044 sunt
3143 990 3382 1045 indocti.
3409 991 3611 1062 Itaque
3639 1008 3775 1048 cum

365 1087 477 1143 iter
507 1086 567 1142 in
596 1083 862 1156 Angliam
894 1097 1093 1138 mense
1125 1081 1276 1137 Maio
1308 1080 1626 1150 superioris
1657 1079 1796 1135 anni
1819 1085 2157 1150 susceptum
2192 1079 2684 1151 opportunitatem
2739 1078 2883 1133 mihi
2931 1078 3209 1150 praeberet
3231 1078 3506 1150 inclytam
3539 1078 3772 1137 Oxoniae

363 1176 573 1233 urbem
593 1172 847 1242 visendi,
878 1187 1062 1243 operae
1095 1170 1345 1242 pretium
1377 1170 1513 1224 duxi
1557 1168 1902 1224 Bodleianas
1922 1167 2132 1223 Nicetes
2162 1168 2536 1223 membranas
2566 1171 2855 1238 quantum
2909 1167 3032 1221 ﬁeri
3088 1174 3280 1239 posset
3329 1167 3774 1240 diligentissime

364 1264 698 1322 examinare
731 1278 745 1330 ;
779 1265 956 1333 atque
987 1274 1184 1315 earum
1218 1273 1384 1314 usum
1416 1257 1676 1313 lubenter
1709 1255 1852 1311 mihi
1884 1256 2170 1312 concessit
2198 1257 2304 1311 viri
2333 1256 2550 1312 summi
2582 1255 2898 1321 reverendi,
2931 1255 3026 1311 Dr.
3080 1255 3388 1322 Bandinel,
3422 1256 3522 1328 qui
3574 1257 3780 1314 biblio-

361 1352 544 1408 thecae
565 1349 890 1406 Bodleianze
923 1345 1201 1420 primario
1233 1345 1360 1402 loco
1392 1349 1621 1417 praeest,
1653 1348 1711 1400 et
1740 1343 2096 1415 reliquorum
2129 1343 2310 1415 hujus
2338 1342 2703 1399 bibliothecas
2750 1343 3062 1398 custodum
3122 1342 3375 1413 insignis
3427 1343 3772 1401 liberalitas.

361 1441 560 1512 Neque
577 1455 672 1495 me
702 1436 907 1492 fefellit
939 1451 1095 1507 spes,
1132 1452 1305 1505 quam
1339 1449 1742 1505 conceperam,
1769 1433 1984 1489 codicis
2014 1449 2122 1504 ope
2152 1432 2503 1504 fragmento,
2536 1433 2683 1504 quod
2717 1431 3048 1487 Bandurius
3098 1435 3156 1486 et
3198 1430 3498 1488 Fabricius
3531 1434 3780 1505 turpiter

365 1536 702 1600 corruptum
736 1530 913 1596 atque
945 1526 1327 1596 depravatum
1359 1523 1614 1593 edidere,
1649 1521 1698 1577 si
1730 1538 1942 1594 paucas
1973 1522 2260 1594 quasdam
2287 1520 2673 1592 corruptelas,
2703 1536 2830 1590 quis
2863 1519 3047 1575 codici
3089 1535 3430 1575 communes
3469 1528 3607 1576 sunt
3636 1538 3774 1579 cum

367 1616 744 1680 oditionibus,
768 1612 1343 1685 exceperis,nativam
1363 1612 1524 1668 reddi
1546 1626 1717 1682 posse
1738 1610 2147 1682 integritatem.
2162 1610 2299 1666 Post
2321 1609 2570 1665 reditum
2591 1609 2768 1680 igitur
2782 1624 2850 1665 ex
2863 1609 3073 1679 Anglia
3090 1612 3354 1663 nostrum
3381 1609 3779 1680 fragmentum

372 1721 508 1761 cum
527 1702 1000 1775 interpretatione
1025 1699 1358 1773 germanica
1380 1708 1437 1756 et
1466 1699 1624 1756 brevi
1654 1699 2031 1756 annotatione
2060 1699 2119 1754 in
2152 1698 2374 1767 multis,
2407 1698 2677 1763 utcredo,
2711 1696 3079 1752 emendatius
3109 1696 3288 1764 edidi,
3322 1696 3381 1752 in
3414 1697 3556 1754 tomi
3586 1697 3784 1769 quinti

368 1792 624 1850 historiis
655 1790 944 1848 bellorum
970 1789 1399 1859 Cruoiatorum,
1429 1789 1500 1844 de
1530 1805 1646 1860 quo
1677 1805 1854 1859 supra
1883 1787 2621 1859 dixi,appendice,adjutus
2644 1801 2776 1841 cum
2802 1785 3126 1841 amicorum
3175 1783 3440 1841 consiliis
3479 1789 3535 1841 et
3591 1787 3785 1842 moni-

366 1882 547 1949 tione,
582 1885 710 1936 tum
740 1877 1062 1951 apographi
1093 1877 1492 1950 Gottingensis
1525 1893 1657 1945 usu,
1691 1877 1844 1948 quod
1877 1875 2320 1948 perhumaniter
2351 1891 2580 1929 mecum
2614 1873 3072 1930 communicavit
3119 1873 3172 1929 J.
3205 1873 3271 1930 D.
3319 1874 3524 1942 Reuss,
3563 1874 3786 1931 biblio-

366 1972 549 2028 thecis
570 1969 968 2042 Gottingensis
1007 1967 1313 2040 praefectus
1343 1967 1674 2038 primarius,
1708 1968 1796 2022 vir
1819 1965 2066 2022 illustris
2089 1965 2352 2037 mihique
2378 1965 2660 2020 diuturna
2687 1964 2944 2020 amicitia
2973 1965 3348 2035 conjunctus.
3401 1964 3597 2036 Neque
3638 1966 3783 2021 inu-

371 2060 468 2120 tile
497 2059 645 2116 mihi
676 2059 859 2114 visum
889 2059 976 2112 est
1004 2059 1250 2124 textum,
1280 2070 1455 2127 quem
1505 2054 1603 2110 illo
1662 2054 1783 2110 loco
1838 2053 2016 2121 edidi,
2078 2053 2547 2124 qualemcunque
2604 2051 2877 2108 secundis
2925 2052 3081 2107 curis
3140 2052 3361 2123 passim
3422 2053 3779 2125 castigatum

368 2148 609 2206 seorsim
638 2150 897 2218 repetere
931 2163 946 2216 ;
978 2158 1320 2216 quanquam
1352 2157 1726 2212 summopere
1757 2142 2078 2212 optandum
2113 2147 2220 2210 est,
2257 2145 2321 2196 ut
2378 2141 2668 2213 integrum
2723 2140 2932 2196 Nicetes
2985 2142 3058 2196 de
3104 2141 3328 2197 excidio
3388 2142 3584 2213 patriae
3619 2143 3788 2198 urbis

368 2235 744 2310 opusculum,
776 2235 837 2289 in
867 2234 1037 2304 cujus
1068 2233 1184 2287 fine
1213 2235 1482 2288 nostrum
1516 2233 1909 2302 fragmentum
1941 2230 2176 2301 legitur,
2211 2229 2346 2286 licet
2375 2249 2407 2285 a
2438 2230 2644 2300 majori
2675 2245 2868 2301 opere,
2900 2231 3052 2301 quod
3084 2230 3239 2301 typis
3297 2232 3511 2302 sapius
3551 2232 3779 2290 editum

368 2331 476 2394 est,
507 2341 624 2382 non
657 2324 910 2380 multum
942 2321 1172 2378 differat
1201 2320 1290 2393 (*),
1323 2321 1385 2375 in
1414 2319 1606 2376 lucem
1639 2321 1753 2376 cito
1786 2320 2174 2390 protrahatur.
2209 2319 2612 2391 Interpretatio
2657 2319 2880 2387 Latina,
2911 2335 3088 2390 quam
3147 2319 3366 2389 addidi,
3424 2326 3508 2376 est
3554 2321 3788 2378 Bandu-

369 2415 538 2471 riana
569 2413 643 2469 ad
672 2415 942 2469 nostrum
973 2415 1195 2467 textum
1226 2409 1446 2481 passim
1479 2408 1954 2477 accommodata;
1988 2407 2102 2464 nisi
2133 2411 2286 2479 quod
2318 2409 2710 2465 narrationem
2739 2409 2810 2464 de
2842 2409 3067 2464 Thoma
3108 2409 3443 2481 patriarcha
3483 2409 3785 2467 Constan-

371 2501 781 2574 tinopolitano,
805 2515 983 2571 quam
1015 2497 1274 2571 Heynius
1303 2498 1390 2570 (in
1421 2499 1832 2554 Commentatt.
1861 2497 2062 2553 societ.
2097 2497 2238 2568 Reg.
2271 2500 2423 2552 Gott.
2457 2499 2525 2553 ad
2558 2514 2611 2553 a.
2645 2498 2802 2568 1793,
2862 2497 3021 2566 1794,
3069 2496 3186 2554 vol.
3236 2496 3358 2565 Xll,
3417 2497 3604 2556 Glass.
3638 2499 3783 2556 hist.

367 2595 427 2648 et
455 2589 657 2664 philol.
690 2606 745 2662 p.
779 2588 904 2661 307)
928 2588 1154 2661 primus
1210 2603 1280 2643 ex
1335 2586 1672 2660 apographo
1730 2585 2098 2659 Gottingensi
2148 2585 2339 2642 Graece
2395 2586 2600 2656 edidit,
2630 2586 2758 2659 ipse
2803 2586 2865 2642 in
2914 2585 3184 2643 Latinum
3243 2602 3576 2645 sermonem
3629 2605 3774 2646 con-

367 2679 535 2738 verti.

445 2768 632 2826 Codex
660 2765 1039 2836 Bodleianus,
1073 2766 1132 2822 in
1164 2782 1281 2838 quo
1311 2772 1577 2822 nostrum
1607 2766 2004 2837 fragmentum
2060 2764 2331 2836 habetur,
2398 2765 2550 2822 inter
2606 2764 2738 2821 illos
2796 2765 3051 2832 codices,
3083 2765 3183 2838 qui
3239 2782 3392 2823 anno
3424 2766 3564 2824 1628
3595 2768 3780 2825 dona-

380 2860 539 2917 tione
568 2858 806 2916 Thomaa
837 2858 954 2914 Roe
982 2857 1053 2912 ad
1085 2855 1431 2912 Bodleianas
1461 2854 1657 2926 copias
1686 2869 2002 2925 accessere,
2033 2853 2348 2924 insignitus
2374 2860 2462 2910 est
2493 2871 2738 2911 numero
2776 2855 2950 2924 XXII,
3008 2855 3384 2927 scriptusque
3436 2856 3662 2924 saeculo,
3716 2863 3780 2914 ut

371 2953 569 3022 credo,
603 2951 830 3008 decimo
861 2956 1065 3022 quarto
1095 2948 1347 3020 eleganti
1379 2963 1560 3002 manu
1585 2950 1642 3002 et
1671 2946 1732 3001 in
1763 2945 2126 3001 membranis
2157 2945 2465 3017 paululum
2495 2945 2724 3018 spissis,
2759 2946 2910 3003 foliis
2941 2950 3226 3019 quantum
3255 2947 3328 3002 ad
3363 2947 3605 3004 formam
3639 2940 3779 3004 intel-

372 3040 498 3114 gris
529 3056 724 3112 neque
754 3037 1216 3112 pmgrandibus.
1251 3037 1412 3092 Inest
1443 3036 1576 3091 huic
1608 3035 1794 3090 codici
1825 3040 2032 3106 praeter
2061 3035 2176 3089 alia
2205 3036 2489 3105 opuscula
2517 3035 2840 3105 theologica
2869 3035 3194 3106 etjuridica
3242 3036 3450 3094 Nicetes
3489 3037 3766 3092 Choniate

380 3131 720 3186 Thesaurus
752 3127 1086 3183 orthodoxae
1115 3126 1271 3196 ﬁdei,
1304 3126 1364 3181 in
1396 3127 1569 3196 cujus
1599 3125 1714 3180 ﬁne
1735 3125 1887 3196 (cod.
1922 3123 2019 3179 fol.
2049 3124 2154 3178 423
2185 3125 2360 3194 recto)
2393 3125 2518 3180 sine
2573 3124 2886 3196 epigraphe
2916 3125 3121 3197 incipit
3179 3126 3520 3181 narrationis
3567 3126 3634 3179 de
3661 3141 3755 3180 ex-

383 3218 536 3274 cidio
565 3213 1103 3285 Constantinopolis
1133 3214 1192 3269 in
1225 3215 1372 3270 duos
1398 3214 1578 3269 libros
1604 3215 1927 3268 distributae
1959 3213 1998 3267 li

2141 3213 2293 3284 prior
2324 3231 2358 3269 a
2387 3214 2577 3269 verbis
2609 3232 2622 3268 :
2658 3211 2836 3267 Ἀλλὰ
2880 3211 3044 3290 μέχρι
3099 3213 3194 3285 μὲν
3247 3210 3314 3283 δὴ
3344 3212 3535 3266 τούτων
3568 3208 3756 3286 εὔδρο-

387 3325 489 3377 μος
521 3305 656 3375 ἡμῖν
687 3303 714 3356 ὁ
746 3300 934 3376 λόγος,
968 3319 1094 3373 quae
1126 3301 1400 3374 leguntur
1431 3303 1490 3357 in
1521 3302 1732 3358 Nicetis
1763 3302 2002 3358 editione

2152 3302 2367 3358 'isiensi
2401 3321 2456 3374 p.
2501 3304 2626 3358 345.
2681 3304 3098 3375 Complectitur
3154 3304 3250 3361 hic
3308 3305 3453 3360 liber
3507 3321 3615 3359 non
3670 3321 3767 3358 so-

381 3393 510 3448 lum
541 3408 631 3460 ea,
661 3407 787 3462 quis
819 3390 1043 3461 reliqua
1071 3395 1213 3446 sunt
1243 3390 1396 3445 tertii
1428 3390 1558 3445 libri
1595 3389 1972 3445 historiarum
2013 3392 2198 3448 Alexii
2256 3395 2414 3449 tertii
2471 3393 2750 3449 Comneni
2818 3394 2876 3448 in
2931 3395 3258 3466 impressis,
3325 3411 3514 3450 verum
3573 3393 3778 3450 lsaacii

378 3496 615 3552 quoque
644 3478 868 3552 Angelii
900 3495 1017 3535 una
1043 3494 1175 3534 cum
1207 3478 1406 3535 Alexio
1439 3479 1558 3535 ﬁlio
1587 3478 1862 3534 iteratum
1892 3479 2206 3551 imperium
2239 3490 2411 3553 atque
2443 3489 2718 3554 presterea
2748 3499 2841 3538 res
2881 3489 3072 3551 gestas
3133 3483 3316 3540 Alexii
3379 3489 3545 3539 Ducas
3604 3484 3783 3538 Murt-

378 3569 537 3626 zuﬂi.
569 3569 741 3625 Liber
771 3567 1059 3639 posterior
1092 3567 1414 3638 insignitus
1445 3567 1827 3639 inscriptione
1857 3583 1874 3622 ι
1903 3567 1993 3640 τόθ

2171 3568 2367 3643 ιύτερὸς
2419 3572 2646 3628 orditur
2701 3589 2735 3626 a
2790 3572 3029 3628 verbis:
3088 3571 3225 3645 Εἶχε
3277 3571 3372 3642 μὲν
3424 3569 3570 3625 οὕτω
3619 3575 3786 3625 ταῦτα

377 3657 536 3727 καὶὴ
585 3654 998 3713 Κωνσταντίνου
1044 3651 1416 3723 Καλλίπολις,
1467 3674 1592 3728 qua
1652 3657 1992 3713 inveniuntu

2201 3660 2292 3714 ed.
2355 3661 2538 3719 Paris.
2597 3678 2654 3732 p.
2713 3661 2819 3715 377
2850 3662 2953 3728 A.;
3007 3665 3176 3730 atque
3207 3659 3298 3713 hic
3339 3660 3490 3714 liber
3521 3662 3790 3717 continet

379 3748 776 3804 narrationem
808 3761 1008 3801 earum
1042 3760 1262 3812 rerum,
1295 3761 1422 3816 quae
1455 3749 1587 3817 post
1618 3751 1845 3816 captam
1879 3747 2085 3802 urbem
2145 3748 2254 3803 sub
2314 3748 2598 3804 Balduino
2657 3748 3010 3820 imperatore
3066 3747 3343 3804 accidere.
3386 3750 3451 3803 In
3513 3750 3788 3820 ejusdem

379 3837 516 3893 libri
549 3838 664 3894 fine
695 3837 792 3892 fol.
827 3836 931 3890 447
962 3839 1121 3890 recto
1151 3840 1286 3906 post
1321 3835 1531 3891 verba:
1563 3835 1679 3889 Ἵνα
1729 3831 1786 3888 δὲ
1820 3835 1896 3906 μὴ
1959 3857 1994 3907 μ

2174 3833 2265 3910 ἐρᾳ
2311 3835 2380 3910 τῇ
2411 3836 2624 3910 ἱστορίᾳ
2670 3836 2954 3911 χρώμενοι
2998 3833 3502 3910 πολυπλοκωτέρας
3551 3835 3789 3892 ἐντεῦθεν

378 3924 475 3988 τὰς
506 3925 680 3987 λύπας
736 3922 1014 3996 κτώμεθα,
1066 3922 1220 3977 ταυτὶ
1269 3923 1365 3994 μὲν
1430 3923 1972 3997 παρήσομεν,ἐκεῖνα

2171 3924 2402 4000 ἐπιτομῇ
2433 3932 2511 3997 τῷ
2539 3927 2693 4002 λόγῳ
2724 3925 2996 4000 δώσομεν,
3028 3929 3231 4000 incipit
3257 3945 3392 3983 cum
3450 3929 3786 3985 narratione

379 4017 450 4072 de
479 4015 716 4072 Thomae
747 4014 1090 4086 patriarchae
1122 4015 1373 4069 adventu
1400 4013 1793 4084 fragmentum
1821 4032 1852 4070 a
1880 4015 2050 4071 nobis
2080 4017 2324 4084 editum,
2359 4019 2514 4088 quod
2546 4018 3060 4090 comprehenditur
3111 4017 3267 4074 foliis
3323 4018 3625 4072 447-450,
3666 4017 3783 4072 Cae-

375 4107 568 4159 terum
595 4103 740 4158 satis
767 4102 1104 4171 diligentem
1138 4101 1314 4172 hujus
1345 4102 1562 4157 codicis
1594 4103 2048 4174 descriptionem
2081 4107 2412 4177 composuit
2476 4107 2769 4163 Gerardus
2825 4107 3161 4179 Langbaine
3209 4106 3269 4161 in
3325 4106 3585 4178 catalogo
3625 4105 3787 4161 codi-

376 4206 510 4245 cum
541 4189 988 4246 Bodleianorum
1022 4189 1284 4246 nondum
1308 4190 1487 4258 edito,
1519 4206 1692 4261 quem
1724 4191 1999 4248 benevole
2025 4193 2170 4249 mihi
2203 4195 2445 4251 tradidit
2505 4196 2940 4267 inspiciendum
2998 4195 3085 4250 vir
3134 4211 3367 4251 summe
3410 4196 3786 4262 reverendus,

374 4279 473 4335 Dr.
498 4277 800 4335 Bandinel.

449 4369 616 4438 Quod
644 4369 939 4440 reliquum
972 4374 1083 4437 est,
1115 4369 1410 4426 indicatus
1438 4376 1525 4426 est
1554 4370 1616 4427 in
1646 4371 1800 4426 notis
1831 4371 2066 4440 criticis,
2099 4389 2251 4444 quas
2281 4374 2460 4429 textui
2492 4375 2683 4430 Graeco
2716 4373 2964 4444 subjeci,
2994 4373 3177 4429 codex
3221 4373 3574 4429 Bodleianus
3623 4373 3782 4428 litte-

376 4460 458 4516 ris
487 4461 546 4517 C.
576 4460 663 4525 Β.,
697 4459 917 4515 codicis
950 4459 1213 4515 Vaticani
1245 4461 1591 4532 fragmenta,
1623 4477 1748 4530 quis
1799 4461 2143 4517 Lambecius
2202 4463 2465 4533 protulit,
2524 4462 2764 4519 distinxi
2823 4462 3031 4519 litteris
3088 4465 3146 4518 C.
3210 4462 3303 4526 V.,
3366 4461 3781 4534 Apographum

373 4551 755 4622 Gottingense
783 4547 993 4605 litteris
1024 4553 1094 4603 Λ.
1124 4551 1216 4618 G.,
1244 4552 1467 4605 textum
1497 4548 1934 4605 Bandurianum
1965 4550 2164 4606 littera
2194 4551 2282 4620 B.,
2315 4556 2371 4607 et
2398 4551 2805 4608 Fabricianum
2839 4550 3034 4608 littera
3061 4554 3122 4605 F.

440 4852 508 4922 (‘)
540 4851 619 4906 Cf.
654 4868 784 4924 qum
813 4850 966 4909 hanc
995 4849 1056 4907 in
1088 4866 1210 4908 rem
1235 4851 1544 4907 observata
1600 4867 1634 4906 a
1691 4850 1862 4907 nobis
1920 4854 2057 4907 sunt
2104 4851 2164 4906 in
2222 4851 2372 4909 libro
2434 4858 2632 4910 nostro
2663 4874 2677 4912 :
2731 4856 2918 4912 Gesch.
2968 4857 3066 4913 der
3094 4858 3428 4930 Kreuzzz‘tge,
3465 4859 3506 4910 t.
3538 4853 3606 4920 V,
3635 4852 3765 4911 Bei-

368 4939 561 5012 lagen,
588 4957 645 5012 p.
681 4942 767 4997 13.
