4090 6298
322 363 475 424 10H

1003 362 1103 422 DE
1147 360 1479 423 STATUIS
1520 360 1722 432 QUAS
1765 357 2069 422 FRANGI
2116 361 2341 429 CPOLI
2387 361 3054 425 DESTRUXEBUNT.

3582 353 3740 424 1042

1465 625 1602 680 ΤΟΥ
1639 625 1861 680 ΑΥΤΟΥ
1898 625 2318 681 ΜΑΚΔΡΙΤΟΥ
2355 624 2598 681 ΚΥΡΙΟΥ

907 823 1598 954 NIKHTA
1690 825 1978 956 ΤΟ]

2114 823 3146 955 ΧΩΝΕΙΑΤΟΥ

1557 1077 1700 1133 ΑΠΟ
1741 1079 1878 1132 ΤΗΣ
1918 1077 2138 1133 ΑΥΤΟΥ
2176 1078 2504 1135 ΙΣΤΟΡῙΔΣ

1032 1275 1330 1370 ΠΕΡΙ
1412 1269 2926 1370 ΚΩΝΣΤΑΝΤΙΝΟΥΠΟΛΕΩΣ
2998 1251 3017 1302 ¹

1533 1613 1629 1664 EX
1687 1608 2016 1665 EJUSDEM
2074 1609 2223 1665 VIBI
2283 1609 2514 1667 BEATI.

1186 1772 1848 1896 ΝΙΟΕΤᾹΈ
1991 1771 2903 1896 ΟΗΟΝΙΑΤᾸΕ

907 2038 1512 2137 HISTORIA
1621 2033 3160 2134 CONSTANTINOPOLITANA

391 2380 456 2434 α“.
489 2379 604 2447 Τῆς
651 2378 752 2453 γὰρ
809 2374 1080 2448 ἡμετερας
1140 2374 1161 2408 ²
1218 2370 1500 2446 βασιλείας
1555 2369 1677 2444 ἄρτι
1745 2367 1965 2424 διαπετ-

2154 2370 2391 2428 8541.
2453 2373 2656 2443 Itaque
2712 2374 3018 2444 postquam
3073 2371 3466 2444 inexplicabili
3497 2371 3725 2444 judicio

316 2466 601 2536 τευθείσης
667 2463 743 2526 εἷς
789 2462 917 2524 τοὺς
971 2462 1350 2538 Φραγγίσκους
1398 2461 1441 2528 ³,
1491 2458 1702 2531 ὁμοίως
1745 2457 1835 2512 καὶ
1881 2463 1982 2527 τῆς

326 2553 750 2634 ἀρχιερωσύνης
807 2549 1188 2626 κληρωθείσης
1243 2553 1267 2586 ⁸
1320 2553 1438 2613 τοῖς
1510 2546 1836 2634 Βενετίκοις,
1898 2546 1981 2609 οἷς

327 2633 610 2700 ἐπίσταται
655 2641 915 2715 κρίμασιν
970 2639 997 2692 ὁ
1051 2643 1146 2692 τοῦ
1201 2636 1472 2710 κοσμικοῦ
1529 2633 1689 2692 τοῦδε
1745 2636 1980 2713 σκάφους

332 2732 628 2800 σκευαστής
701 2729 790 2784 καὶ
882 2722 1220 2802 κυϐερνήτης
1312 2725 1512 2800 Κύριος
1550 2727 1588 2760 ⁵·
1678 2721 1829 2779 τίκετο
1921 2723 1980 2778 ἐκ

335 2820 582 2877 Βενετίας
640 2818 988 2893 πατριάρχης
1047 2813 1697 2885 Κωνσταντινουπόλεως,
1773 2812 1974 2886 Θωμά-

342 2910 454 2970 σιός
484 2912 505 2946 ⁶
544 2928 626 2969 τις
673 2906 937 2979 τοῦνομα,
979 2905 1078 2973 τήν
1133 2906 1226 2978 μὲν
1273 2902 1497 2974 ἡλικίαν
1550 2902 1728 2976 μέσος,
1771 2903 1871 2971 τὴν
1923 2899 1981 2956 δὶ

334 2999 658 3071 σωματικήν
689 2995 889 3052 πλάσιν
932 2993 1231 3050 λακκευτοῦ
1280 2993 1302 3028 ⁷
1360 2992 1485 3054 συὸς
1538 2990 1974 3068 εὐτραφέστερος·

329 3088 395 3157 ἧν
428 3085 485 3142 δὲ
510 3086 601 3141 καὶ
632 3086 779 3148 λεῖος
830 3086 974 3160 ξυρῷ
1021 3085 1084 3139 τὸ
1136 3086 1232 3138 τοῦ
1273 3082 1572 3158 προσώπου
1603 3081 1628 3116 ⁸
1655 3078 1850 3156 ἕδαφὸς
1902 3081 1979 3142 ὡς

328 3179 379 3233 οἱ
411 3175 600 3232 λοιποὶ
631 3179 739 3231 τῶν
788 3173 848 3230 ἐκ
894 3177 991 3229 τοῦ
1031 3173 1222 3247 γὲνους
1264 3173 1287 3207 9
1335 3170 1563 3242 ἐκείνου,
1616 3170 1706 3224 καὶ
1753 3170 1848 3231 τὰς
1899 3168 1979 3224 ἐν·

323 3267 580 3332 στηθίους
644 3267 692 3303 ¹⁰
769 3261 1240 3341 παρατέτιλμένος
1323 3261 1520 3337 τρίχας
1597 3255 1976 3337 ἀκριϐέστερον

321 3355 640 3432 δρώπακος·
705 3355 1095 3429 ἀμπεχόμενος
1163 3349 1221 3406 δὲ
1277 3351 1368 3406 καὶ
1426 3348 1630 3420 στολὴν
1686 3353 1723 3387 ¹¹
1783 3371 1982 3426 συνυφ-

326 3447 566 3520 ασμένην
614 3448 812 3518 μικροῦ
857 3447 938 3514 τῷ
997 3439 1220 3516 δέρματι
1270 3441 1360 3496 καὶ
1412 3437 1815 3516 ῥαφιδουμένην
1860 3438 1986 3493 ἑκά-

330 3554 460 3605 στης
493 3536 539 3571 η
571 3533 640 3588 τὰ
689 3532 766 3594 εἷς
819 3530 1083 3606 καρπούς⁹
1134 3526 1422 3585 δακτύλιόν
1468 3549 1528 3584 τε
1566 3531 1636 3601 τῇ
1689 3525 1836 3603 χειρὶ
1886 3547 1987 3582 πε-

335 3623 652 3696 ριστρέφων·
704 3620 876 3676 ἐνίοτε
934 3620 980 3659 ¹³
1031 3617 1090 3674 δὲ
1135 3618 1227 3674 καὶ
1272 3619 1338 3673 τὰ
1377 3617 1436 3672 ἐκ
1485 3612 1720 3693 ϐἐῤῥεων
1764 3615 1840 3679 εἷς
1893 3613 1987 3671 δα-

2085 2460 2208 2526 Dei,
2241 2459 2342 2532 qui
2373 2461 2538 2516 navis
2572 2461 2882 2517 mundana:
2940 2461 3128 2533 opifex
3185 2461 3406 2534 pariter
3430 2467 3520 2518 est
3549 2466 3727 2534 atque

2086 2549 2456 2621 gubernator,
2489 2550 2799 2622 imperium
2832 2550 3068 2622 quidem
3102 2555 3370 2607 nostrum
3423 2551 3728 2608 sortitione

2087 2641 2241 2695 facta
2298 2639 2555 2708 Francis,
2615 2640 2994 2695 sacerdotium
3077 2655 3213 2695 vero
3295 2640 3529 2696 Venetis
3587 2656 3732 2696 con-

2087 2729 2215 2798 tigit
2244 2729 2364 2799 (1):
2423 2728 2731 2784 arcessitus
2783 2732 2874 2784 est
2929 2729 3179 2785 Veneliis
3238 2729 3585 2800 patriarcha,
3629 2729 3735 2800 qui

2091 2816 2397 2874 ecclesiam
2430 2816 3133 2890 Conslantinopolitanam
3189 2822 3433 2890 regeret,
3481 2817 3739 2874 Thomas

2089 2906 2322 2978 quidam
2358 2907 2614 2975 nomine,
2671 2907 2843 2963 homo
2901 2907 3145 2963 modicas
3204 2908 3441 2980 quidem
3484 2907 3742 2976 proceri-

2084 2995 2242 3063 tatis,
2276 2997 2538 3068 corporis
2593 2995 2743 3053 855
2808 3012 2940 3052 vero
2998 2996 3278 3052 obesitate
3340 3012 3581 3068 porcum
3639 3011 3739 3052 su-

2087 3101 2296 3156 perans
2328 3085 2682 3156 saginatum.
2716 3085 2938 3141 Faciem
3000 3085 3251 3142 habebat
3309 3086 3465 3141 idem
3503 3089 3736 3141 tensam

2091 3173 2372 3230 novacula
2401 3190 2470 3229 ex
2500 3175 2941 3246 consuetudine,
3003 3191 3130 3246 quae
3191 3174 3571 3246 popularibus
3611 3172 3736 3230 suis

2087 3267 2210 3318 erat
2235 3263 2590 3333 communis,
2625 3267 2791 3334 atque
2849 3263 3100 3336 pectoris
3159 3263 3336 3320 etiam
3394 3264 3546 3336 pilos
3575 3261 3738 3319 evul-

2087 3368 2184 3408 sos
2217 3351 2555 3424 diligentius
2601 3369 2780 3424 quam
2845 3353 3117 3426 dropacis
3165 3369 3273 3425 ope
3333 3353 3456 3410 ﬁeri
3515 3356 3735 3426 posset.

2089 3441 2344 3497 Amictus
2375 3445 2499 3498 erat
2528 3441 2696 3512 stola,
2730 3459 2860 3514 quae
2917 3443 3038 3498 cuti
3089 3459 3234 3514 pene
3268 3447 3391 3498 erat
3416 3447 3618 3498 assuta
3646 3445 3739 3498 at-

2091 3546 2206 3602 que
2232 3530 2382 3587 circa
2412 3547 2615 3603 carpes
2649 3532 2871 3588 acubus
2902 3531 3163 3603 quotidie
3192 3531 3582 3603 affligebatur.
3617 3535 3740 3584 An-

2093 3620 2298 3674 nulum
2357 3621 2624 3691 gestabat
2684 3621 2889 3693 digito,
2950 3637 3235 3677 manuum
3294 3635 3526 3692 quoque
3563 3622 3739 3691 tegu-

329 3707 564 3770 κτύλους
623 3705 978 3783 διεσχισμένα
1033 3709 1141 3760 τῶν
1192 3708 1395 3780 χειρῶν
1432 3701 1778 3779 φυλακτήρια
1829 3724 1978 3777 περι-

2095 3708 2304 3764 mentis
2329 3725 2748 3780 nonnunquam
2785 3710 3060 3766 utebatur
3116 3727 3184 3767 ex
3241 3709 3396 3766 corio
3437 3708 3604 3764 factis
3644 3708 3744 3763 iis-

325 3797 600 3872 κείμενος.
639 3799 887 3873 Ἐωρᾶτο
941 3793 999 3850 δὲ
1048 3796 1139 3849 καὶ
1184 3795 1247 3849 τὸ
1286 3792 1409 3868 περὶ
1459 3792 1616 3866 αὐτὸν
1662 3792 1975 3866 ὡσιωμὲνον

328 3893 443 3960 Θεῷ
474 3886 726 3959 σύστημα
772 3887 861 3941 καὶ
912 3887 1012 3955 τὴν
1064 3884 1274 3960 θυωρὸν
1319 3882 1796 3960 ἀμφιπονοῦμενον
1850 3881 1977 3956 τρά-

325 3981 490 4045 πεζαν
541 3982 640 4045 τῆς
686 3975 857 4042 αὐτῆς
916 3972 1181 4049 ἐχόμενον
1233 3971 1526 4044 κεραμείας
1575 3970 1666 4025 καὶ
1711 3975 1791 4042 τῷ
1845 3980 1978 4033 καθ-

326 4065 552 4140 ηγεμόνι
584 4060 906 4117 πανείκελον
941 4062 1008 4116 τὰ
1053 4060 1130 4124 είς
1176 4059 1378 4130 στολὴν
1424 4061 1514 4114 καὶ
1566 4057 1774 4114 δίαιταν
1811 4063 1857 4097 ¹⁴
1887 4059 1976 4113 καὶ

324 4152 416 4206 τὸν
447 4156 545 4206 τοῦ
574 4151 844 4225 πώγωνος
877 4148 1155 4222 θερισμόν.

401 4240 471 4314 β’.
504 4241 598 4295 Ἐκ
627 4237 852 4313 πρώτης
885 4236 963 4304 δὲ,
999 4239 1026 4291 ὅ
1057 4257 1186 4316 φασι
1237 4239 1301 4303 ³⁵,
1351 4240 1615 4314 γραμμῆς
1660 4237 1725 4292 τὸ
1775 4236 1978 4301 ἐθνικὸν

323 4325 770 4399 παραδεικνύντες
834 4325 1197 4404 φιλόχρυσον,
1257 4324 1461 4382 ἐννοῦσι
1520 4328 1689 4401 πόρον
1747 4325 1978 4400 λημμα-

320 4421 520 4490 τισμοῦ
559 4417 746 4471 καινόν
803 4437 862 4471 τε
919 4417 1031 4487 ἅμα
1095 4414 1186 4467 καὶ
1253 4412 1490 4470 λαθόντα
1556 4416 1867 4490 ξύμπαντας
1925 4412 1976 4468 οτί

321 4508 421 4576 τήν
484 4509 527 4545 ¹⁶
587 4503 842 4581 βασιλίδα
898 4502 1063 4559 πόλιν
1116 4502 1460 4559 ἒσκόλευσαν.
1550 4506 1654 4567 Τὰς
1709 4506 1812 4581 γὰρ
1867 4509 1974 4559 τῶν

329 4593 594 4670 βασιλέων
657 4596 827 4667 θήκας
894 4593 1215 4664 ἀνοίξαντες,
1287 4593 1484 4649 ὁπόσαι
1553 4595 1600 4629 ¹⁷
1665 4588 1828 4649 ἔνεισι
1894 4597 1974 4665 τῷ

2090 3811 2204 3867 que
2235 3796 2514 3864 digitatis.
2545 3799 2732 3868 Atque
2761 3797 2928 3865 illud,
2971 3797 3066 3855 cui
3115 3801 3378 3869 praeerat,
3429 3795 3739 3867 collegium

2089 3884 2204 3940 Deo
2237 3884 2491 3940 dicatum
2524 3889 2581 3940 et
2610 3887 2966 3941 sacrosancti
3023 3885 3225 3942 altaris
3283 3883 3607 3940 ministerio
3645 3883 3737 3939 de-

2089 3976 2379 4044 putatum,
2411 3973 2672 4041 ejusdem
2705 3989 2948 4045 prorsus
2977 3977 3103 4030 erat
3133 3973 3336 4030 farinae
3379 3988 3600 4044 suoque
3630 3989 3738 4028 an-

2089 4060 2260 4115 tistiti
2293 4061 2531 4116 omnino
2562 4060 2752 4117 simile
2781 4062 2839 4116 in
2870 4063 3103 4128 vestitu,
3136 4061 3383 4134 vitaeque
3424 4062 3650 4118 ratione
3679 4064 3740 4117 et

2087 4149 2280 4204 barbas
2311 4150 2618 4205 tondenda:
2641 4165 2821 4206 more.

2156 4239 2211 4293 2.
2246 4239 2328 4294 Ex
2357 4239 2569 4311 prima,
2604 4247 2664 4295 ut
2701 4241 2886 4312 aiunt,
2947 4240 3102 4298 linea
3159 4242 3288 4298 auri
3345 4257 3565 4311 amore,
3596 4257 3740 4315 gen-

2086 4327 2280 4383 tilium
2314 4328 2454 4395 ritu,
2487 4328 2824 4400 ﬂagrantes,
2884 4329 3120 4385 furandi
3175 4330 3330 4386 viam
3379 4331 3734 4403 excogitant,

2087 4433 2294 4472 novam
2328 4416 2499 4488 plane
2529 4433 2720 4489 neque
2749 4418 2821 4473 ab
2874 4417 3015 4485 illis,
3049 4419 3151 4490 qui
3212 4419 3496 4476 hactenus
3551 4419 3738 4490 impe-

2088 4505 2363 4562 ratoriam
2397 4505 2600 4562 urbem
2632 4506 3050 4580 expilaverant,
3084 4523 3340 4579 unquam
3373 4515 3738 4580 usurpatam.

2087 4595 2322 4678 Apertis
2379 4595 2536 4652 enim
2591 4596 3015 4670 imperatorum
3073 4597 3362 4668 sepulcris
3414 4597 3619 4670 positis
3674 4597 3734 4654 in

1564 4721 1788 4789 Variae
1816 4722 2142 4790 lectiones
2174 4729 2239 4789 et
2266 4730 2469 4791 notae.

387 4865 403 4899 ¹
436 4863 564 4919 Haec
594 4861 831 4918 rubrica
860 4861 1078 4919 legitur
1107 4859 1168 4916 in
1200 4861 1268 4916 A.
1303 4858 1370 4916 G.

317 4934 522 5003 θείσης.
599 4935 620 4968 ⁸
657 4936 727 4989 Α.
756 4937 821 4987 G.
855 4931 1006 4993 Θεός.
1117 4931 1141 4965 ⁸
1181 4935 1246 5003 A_.
1279 4935 1344 4987 G.
1370 4933 1602 5003 _6cop.5ic.

1483 4858 1504 4892 ²
1534 4859 1600 4913 Α.
1639 4859 1845 4932 ΟηΤῆς
1897 4853 1944 4910 δ’
1994 4855 2305 4932 ἡμετέρας.

1716 4931 1736 4964 ⁷
1769 4935 2056 5004 ilaxcvox,
2109 4930 2234 5004 quae
2265 4930 2558 5004 inlexicis
2588 4948 2702 5004 non
2731 4930 3039 5004 reperitur,
3070 4933 3300 4988 videtur
3336 4949 3467 4989 esse
3516 4930 3737 4992 forma-

2418 4857 2533 4936 3_A_.
2567 4859 2634 4916 G.
2686 4857 2762 4922 εἷς
2800 4856 3216 4936 <ῐ>ριιιγ›ιίσκουι;.Δ
3269 4859 3293 4895 ⁸
3330 4861 3397 4916 Α.
3446 4863 3537 4936 G._
3561 4880 3737 4936 κυρω-

316 5012 378 5062 ta
408 4998 673 5064 α’λάκκος
703 5004 910 5129 (lacusg
945 5021 960 5071 ;
989 5001 1336 5058 vocabulum
1370 4998 1638 5069 λακίνιον,
1665 5003 1820 5074 quod
1841 5002 1920 5066 ad
1951 5003 2237 5057 eamdem
2271 5002 2512 5074 stirpem
2546 4998 2835 5074 pertinere
2852 4998 3264 5076 videtur,apud
3287 5004 3512 5062 Graecos
3533 5022 3734 5064 recen-

316 5078 495 5129 tiores
526 5075 856 5129 signiﬁcare
920 5075 1094 5129 icitur
1122 5090 1365 5129 porcum.
1397 5073 1527 5129 Vid.
1565 5075 1640 5129 Du
1670 5077 1862 5129 Gange
1894 5073 2065 5128 Gloss
2082 5091 2169 5129 ar.
2207 5072 2305 5128 Gr.
2355 5091 2411 5129 ν.
2459 5073 2701 5129 λακινία.
2739 5076 3019 5129 Caeterum
3061 5076 3314 5129 dubitari
3350 5079 3575 5129 neauit-
3607 5075 3734 5129 λακ-

315 5078 495 5134 tiores
526 5075 856 5146 signiﬁcare

323 5221 371 5258 ¹⁰
403 5223 461 5276 Α.
493 5219 557 5275 G.
591 5212 935 5278 ἐνσταθίουςῖ
1040 5213 1082 5250 ¹¹
1117 5220 1182 5269 Δ.
1217 5215 1283 5270 G.
1326 5213 1464 5286 ἀμπ.
1502 5212 1558 5268 δὲ
1591 5215 1816 5284 στολὴν.

317 5292 408 5347 καὶ
443 5288 675 5359 δίαιταν,
709 5304 834 5360 quae
865 5287 1168 5343 adduntur
1199 5286 1257 5340 in
1294 5293 1362 5341 A.
1396 5287 1490 5355 G.,
1525 5289 1738 5344 desunt
1769 5289 1826 5344 in
1857 5291 1921 5345 C.
1970 5288 2034 5344 B.

316 5361 534 5418 ὁπόσων
545 5405 558 5419 .

391 5510 464 5581 (1)
491 5510 720 5566 Scilicet
753 5509 1100 5564 convenerat
1129 5507 1264 5581 ante
1294 5509 1524 5576 captam
1569 5489 1773 5581 urbem
1823 5507 1972 5564 inter

317 5578 570 5637 Francos
601 5585 658 5638 et
688 5584 960 5648 Venetos,
993 5583 1057 5634 ut
1085 5594 1155 5634 ex
1185 5578 1370 5634 altera
1401 5583 1572 5650 gente
1631 5578 1971 5650 imperator,

317 5665 387 5707 ex
417 5651 599 5709 altera
629 5651 964 5725 patriarcha
991 5649 1326 5724 eligeretur.
1361 5649 1562 5721 Itaque
1581 5664 1716 5708 cum
1739 5649 1972 5706 Baldui-

920 5075 1094 5149 icitur
1121 5073 1527 5149 po‘rcum.__Vid.
1565 5072 1862 5149 Du‘Cange
1894 5073 2065 5149 Gloss
2082 5091 2169 5129 ar.
2207 5072 2305 5149 Gr.
2355 5072 2411 5149 si.
2459 5072 2701 5149 λᾳδξινια.
2739 5076 3019 5149 caeterum
3061 5072 3314 5149 dubitari
3350 5079 3576 5149 nequit,
3607 5075 3738 5133 λακ-

317 5147 505 5208 κευτὸς
535 5143 690 5202 idem
723 5161 872 5215 esse,
901 5143 1300 5215 quodgmelius
1337 5145 1580 5215 dictum
1632 5144 1781 5201 foret
1799 5143 2100 5204 ⁷σιτευτός.

1929 5216 1976 5251 ¹²
1999 5218 2070 5272 Α.
2103 5216 2170 5272 G.
2197 5212 2451 5288 ἑκάστῳ.

2208 5145 2230 5221 ξ
2259 5149 2324 5221 Α..
2358 5145 2425 5200 G.
2466 5145 2947 5221 tmvdrrp‘ocdmuw.
2995 5154 3044 5221 j
3159 5145 3461 5221 afﬂixit-cii
3524 5147 3735 5221 γένους.

2568 5217 2612 5252 ¹³
2637 5214 2726 5273 Sic
2757 5221 2822 5274 A.
2845 5220 2911 5276 G.
2939 5235 2954 5285 ;
2986 5217 3046 5273 Ο.
3083 5219 3145 5275 Β.
3178 5214 3369 5275 ἐνίοτε.

2167 5287 2220 5322 ¹⁵
2267 5292 2334 5342 Α.
2375 5284 2444 5343 G.
2479 5284 2527 5340 δ’
2574 5285 2604 5342 ὅ
2651 5308 2802 5367 φασι.
2941 5284 2991 5326 ⁷¹⁶
3019 5293 3084 5348 F.
3125 5288 3178 5344 οἳ
3214 5309 3375 5353 τινες.

3483 5221 3528 5259 ιδ
3555 5221 3740 5279 Voces

3509 5292 3554 5328 ‘7
3577 5295 3639 5349 A.
3671 5295 3740 5351 ϐ.

2080 5524 2194 5564 nus
2219 5507 2595 5586 Flandrensis
2647 5525 2717 5586 ex
2773 5514 3129 5586 Francorum
3197 5517 3368 5586 gente
3421 5514 3732 5586 imperium

2080 5584 2235 5654 esset
2263 5582 2529 5652 adeptus,
2565 5583 2949 5654 patriarchale
2975 5584 3190 5641 solium
3202 5582 3556 5644 Venetorum
3577 5588 3733 5644 arbi-

2079 5653 2192 5710 trio
2220 5658 2311 5710 est
2337 5653 2689 5726 subjectum.
