4120 6284
373 367 534 430 1059

1062 357 1163 418 DE
1205 354 1539 419 STATUIS
1582 356 1790 427 QUAS
1834 358 2124 420 FRANCI
2158 362 2392 423 CPOLI
2438 359 3113 424 DESTRUXERUNT.

3641 356 3799 424 1050

450 500 514 563 ς’.
547 496 739 567 Τούτῳ
800 488 859 547 δὲ
914 486 1273 567 συγκαθεῖλον
1322 489 1413 543 καὶ
1460 488 1552 543 τὸν
1594 490 1915 562 σεσαγμένον
1947 491 2035 544 καὶ

2222 496 2274 549 6.
2311 499 2452 552 Cum
2482 494 2584 552 illo
2619 495 2789 553 etiam
2820 493 3185 551 abstulerunt
3217 490 3449 548 asinum
3480 506 3628 548 onus
3661 509 3800 565 por-

378 589 475 644 σὺν
510 586 780 660 ὀγκηθμῳ
838 578 1202 652 στελλόμενον
1263 572 1382 632 ὄνον
1438 576 1528 631 καὶ
1575 577 1668 631 τὸν
1712 575 1891 649 τούτῳ
1923 575 2048 655 ἐφε-

383 680 626 754 πόμενον
693 673 917 749 ὀνηγὸν,
976 670 1068 730 οὕς
1128 668 1179 724 ἐν
1250 668 1453 740 Ἀκτίῳ
1512 664 1704 738 ἔστησε
1772 669 1980 742 Καῖσαρ
2020 670 2048 723 ὁ

396 752 733 841 Αὔγουστος,
801 762 828 814 ὁ
895 757 1037 814 ἐστιν
1103 760 1137 827 ἡ
1213 757 1332 811 καθ’
1407 752 1647 811 Ἐλλάδα
1720 753 2047 825 Νικόπολις,

396 855 558 926 ἡνίκα
584 851 775 912 νυκτὸς
806 847 957 919 ἐξιὼν
1017 846 1080 901 τὸ
1134 850 1232 901 τοῦ
1292 843 1582 901 Ἀντωνίου
1612 843 2046 917 κατασκέψασθαι

399 944 727 1020 στράτευμα,
803 936 957 1015 ἀνδρὶ
1033 935 1279 1010 ἐνέτυχεν
1354 930 1477 989 ὄνον
1576 933 1880 1003 ἐλαύνοντι,
1956 935 2047 989 καὶ

395 1019 702 1106 πυθόμενος
756 1030 904 1090 ὅστις
960 1023 1044 1097 ε’ἰη
1103 1025 1194 1079 καὶ
1260 1019 1379 1079 ἔνθα
1433 1023 1747 1097 πορεύεται,
1814 1023 2045 1093 ἤκουσεν

383 1125 458 1186 ὠς
505 1119 797 1193 Καλοῦμαι
866 1115 1046 1172 Νίκων
1102 1113 1193 1168 καὶ
1253 1114 1281 1167 ὁ
1337 1111 1470 1185 έμὸς
1529 1108 1650 1175 ὅνος
1720 1110 2044 1191 Νίκανδρος,

376 1214 713 1291 ἀφικνοῦμαι
745 1211 794 1246 ⁹⁴
826 1205 887 1263 δὲ
913 1207 1050 1282 πρὸς
1083 1206 1183 1274 τὴν
1218 1209 1315 1259 τοῦ
1348 1205 1620 1278 Καίσαρος
1659 1206 1934 1277 στρατιὰν.

454 1307 515 1372 ζ’.
549 1297 689 1358 Οὐδὲ
748 1299 856 1372 μὴν
905 1297 952 1333 9⁸
1001 1301 1101 1365 τῆς
1161 1294 1350 1364 ὑαίνης
1404 1314 1464 1347 τε
1521 1293 1611 1347 καὶ
1657 1291 1921 1362 λυκαίνης
1946 1294 2045 1355 τὰς

382 1396 573 1468 χεῖρας
624 1390 936 1463 ἀπήγαγον,
992 1386 1025 1439 ἃ
1068 1385 1283 1456 Ῥῶμος
1337 1382 1385 1418 9⁸
1438 1381 1527 1440 καὶ
1576 1381 1868 1455 Ῥωμύλος
1917 1380 2042 1452 ἐθή-

383 1480 575 1536 λασαν·
613 1479 892 1551 στατήρων
946 1471 1004 1528 δὲ
1056 1470 1331 1549 βραχέων,
1388 1470 1477 1525 καὶ
1534 1471 1740 1526 τούτων
1788 1469 2041 1545 χαλκῶν,

385 1570 452 1624 τὰ
482 1567 691 1623 παλαιᾶ
751 1564 1085 1638 σεμνώματα
1135 1562 1182 1598 ⁸⁷
1241 1565 1341 1615 τοῖ’)
1397 1561 1582 1635 γένους
1638 1557 1917 1614 ἀπέδωκαν
1949 1560 2039 1614 καὶ

383 1664 626 1727 καθῆκαν
685 1654 847 1715 αὐτὰς
902 1653 979 1714 εἷς
1034 1652 1098 1706 τὸ
1155 1651 1554 1728 χωνευτήριον·
1616 1646 1693 1703 ἔτι
1749 1669 1809 1722 γε
1861 1650 1967 1721 μὴν
1996 1651 2038 1686 ⁸⁸

385 1746 477 1801 καὶ
506 1746 596 1801 τὸν
652 1740 820 1818 ἄνδρα
872 1741 963 1795 τὸν
1020 1738 1325 1794 παλαίοντα
1382 1735 1581 1804 λέοντι,
1612 1736 1703 1790 καὶ
1743 1736 1834 1791 τὸν
1870 1735 2038 1791 ἳππον

380 1839 473 1892 τὸν
523 1835 572 1870 ⁹⁹
606 1831 850 1903 Νειλῷον
903 1828 955 1891 ἐς
1006 1827 1224 1903 οὐραῖον
1277 1826 1665 1899 ἠκανῦωμὲνον
1697 1827 1713 1862 ¹
1747 1824 1932 1880 λεπίσι
1972 1825 2039 1880 τὰ

383 1921 600 1981 ὄπισθεν
632 1925 728 1977 τοῦ
774 1919 1028 1991 σώματος
1086 1915 1352 1994 λήγοντα,
1406 1916 1492 1970 καὶ
1552 1915 1643 1969 τὸν
1695 1913 1907 1968 σείοντα
1936 1915 2034 1983 τὴν

380 2012 721 2089 προνομαίαν
763 2007 1044 2086 ἐλέφαντα·
1082 2007 1178 2067 τὰς
1237 2003 1465 2082 σφίγγας
1528 2002 1614 2058 ἐπὶ
1669 2004 1908 2072 τούτοις,
1941 2004 2037 2066 τὰς

379 2099 603 2162 εὐειδεῖς
686 2098 762 2161 ὠς
835 2101 1094 2174 γυναῖκας
1149 2094 1217 2149 τὰ
1274 2091 1604 2167 ἔμπροσθεν,
1662 2094 1753 2147 καὶ
1811 2092 2037 2170 φρικτᾶς

378 2192 453 2255 ὡς
502 2190 669 2264 θηρίά
733 2186 802 2242 τὰ
866 2182 1106 2252 ὄπισθεν,
1165 2180 1480 2256 καινοτέρας
1530 2180 1587 2237 δὲ
1637 2182 1711 2243 ὡς
1759 2182 1848 2236 καὶ
1898 2184 2035 2253 πεζῇ

383 2281 667 2357 βαινούσας
728 2277 817 2332 καὶ
884 2275 1104 2353 κούφως
1168 2276 1247 2345 τῷ
1329 2275 1513 2346 πτερῷ
1579 2271 1879 2349 φερομένας
1946 2268 2036 2324 καὶ

384 2366 836 2445 διαμιλλωμένας
892 2370 1008 2427 τοῖς
1086 2367 1195 2419 τῶν
1272 2361 1504 2436 ὀρνίθων
1582 2359 2033 2435 μεγαλοπτέρυξι·

389 2460 481 2515 καὶ
540 2460 632 2514 τὸν
698 2453 966 2531 ἀχάλινον
1029 2453 1201 2508 ἳππον
1267 2451 1585 2526 ὐρθιάζοντα
1647 2450 1710 2505 τὸ
1778 2447 1870 2511 οὖς
1945 2448 2037 2503 καὶ

390 2549 782 2627 φριμάσσοντα,
810 2544 1009 2622 γαῦρόν
1067 2562 1125 2597 τε
1158 2543 1180 2577 ²
1216 2541 1307 2597 καὶ
1366 2541 1580 2611 εὐήνιον
1609 2536 2035 2614 προποδίζοντα’

388 2640 478 2695 καὶ
506 2640 569 2694 τὸ
601 2638 832 2713 ἀρχαῖον
863 2635 1050 2704 κακὸν,
1098 2634 1196 2702 τήν
1246 2629 1498 2687 Σκύλλαν
1552 2630 1716 2705 μέχρι
1765 2629 1859 2703 μέν
1892 2628 2038 2699 ἱξύος

383 2731 687 2802 γυναικεῖον
745 2722 891 2785 εἶδος
951 2719 1355 2799 προφέρουσαν,
1407 2718 1504 2773 καὶ
1563 2722 1727 2774 τοῦτο
1784 2720 2037 2793 προτενὲς

384 2816 477 2872 καὶ
546 2814 870 2889 ὑπερμαζῶν
935 2813 958 2847 ⁸
1021 2811 1112 2865 καὶ
1188 2810 1378 2883 μεστὸν
1447 2809 1791 2883 ἀγριότητος,
1851 2809 1917 2863 τὰ
1989 2804 2036 2861 δ’

390 2903 573 2960 ἔκτοτε
602 2901 985 2979 διεσχισμένον
1045 2900 1121 2962 εἷς
1180 2901 1349 2973 θῆρας
1399 2896 1761 2971 ἐμπηδῶντας
1792 2900 1813 2934 ⁴
1842 2900 1909 2971 τῇ
1939 2900 2037 2952 τοῦ

386 2990 690 3054 Ὀδυσσέως
771 2992 867 3063 νηῒ
928 2990 1018 3046 καὶ
1085 2987 1314 3065 συχνοὺς
1395 2992 1500 3044 τῶῖ
1573 2986 1798 3062 ἑταίρων
1872 3007 2039 3042 κατα-

389 3078 805 3159 ϐροχθίζοντας.

454 3178 526 3240 η’.
558 3174 657 3230 Ἦν
691 3169 739 3226 δ’
767 3174 822 3227 ’ἐν
853 3174 931 3243 τῷ
971 3173 1204 3241 Ἱππικῷ
1259 3168 1349 3223 καὶ
1408 3165 1649 3243 χάλκεος
1675 3168 1699 3203 ⁵
1728 3166 1880 3229 ἀετὸς
1909 3166 2037 3221 ἀνα-

2155 591 2375 644 tantem
2407 594 2624 646 etcum
2684 588 2883 645 ruditu
2942 587 3309 644 incedentem
3370 599 3593 640 necnon
3651 585 3803 642 inse-

2156 682 2425 747 quentem
2452 679 2797 749 asinarium,
2829 693 2973 748 quos
3003 675 3171 746 Aetii,
3205 674 3359 746 quod
3408 674 3588 730 Graeci
3621 674 3798 731 Nico-

2156 767 2313 838 polin
2354 772 2581 835 vocant,
2634 771 2933 839 Augustus
2983 767 3171 821 Caesar
3227 768 3507 833 erexerat,
3566 766 3800 835 quando

2156 862 2328 912 noctu
2391 873 2665 928 egressus
2733 855 3098 928 speculatum
3158 853 3397 909 Antonii
3456 853 3798 922 exercitum,

2154 944 2448 1001 hominem
2516 946 2757 1001 offendit
2812 944 3045 999 asinum
3111 943 3440 1012 ducentem,
3495 942 3805 999 sciscitan—

2156 1036 2309 1106 tique
2336 1035 2466 1106 quis
2496 1038 2665 1104 esset,
2708 1041 2761 1091 et
2801 1050 2914 1104 quo
2971 1035 3251 1104 pergeret,
3310 1030 3611 1102 respondit
3647 1029 3747 1087 ille
3777 1048 3792 1088 :

2151 1123 2331 1179 Nicon
2363 1140 2551 1189 vocor,
2584 1129 2640 1180 et
2666 1122 2864 1179 asinus
2893 1138 3056 1177 mens
3085 1121 3410 1189 Nicander;
3443 1123 3500 1176 et
3527 1118 3602 1174 ad
3632 1135 3798 1176 exer-

2152 1213 2333 1268 citum
2368 1213 2607 1269 Caesaris
2639 1212 2747 1285 (10)
2781 1210 3087 1268 contendo.

2221 1303 2277 1360 7.
2311 1304 2507 1374 Neque
2536 1303 2675 1358 item
2727 1301 3141 1357 abstinuerunt
3187 1316 3220 1354 a
3250 1299 3440 1356 scrofa
3486 1302 3543 1355 et
3574 1316 3607 1355 a
3633 1298 3797 1371 lupa,

2150 1408 2277 1463 quas
2301 1395 2545 1448 Remum
2574 1396 2630 1447 et
2654 1389 2965 1447 Romulum
2990 1388 3350 1445 lactaverunt
3378 1388 3492 1458 (11)
3517 1408 3531 1457 ;
3563 1388 3662 1446 sed
3685 1388 3797 1444 mi-

2150 1482 2474 1537 nutissimaa
2509 1486 2757 1537 moneta;
2780 1495 2936 1535 aereae
2968 1495 3165 1547 causa,
3200 1478 3346 1533 861
3411 1478 3651 1549 antiqua
3697 1476 3799 1533 illa

2147 1570 2377 1642 generis
2411 1569 2501 1625 sui
2522 1568 3027 1626 venerabilissima
3085 1570 3464 1624 monumenta
3520 1567 3580 1621 in
3611 1566 3795 1623 ofﬁci-

2147 1675 2279 1714 nam
2308 1658 2575 1715 mrariam
2636 1657 2991 1714 detulerunt.
3052 1661 3405 1728 lnsuperque
3440 1656 3629 1712 virum
3662 1671 3796 1712 cum

2143 1747 2309 1805 leone
2340 1756 2703 1820 pugnantem,
2738 1752 2795 1804 et
2847 1746 3132 1803 Niliacum
3189 1762 3428 1818 equum,
3462 1746 3563 1818 qui
3620 1762 3653 1801 a
3694 1762 3797 1818 po-

2068 1872 2114 1937 Β
2146 1838 2484 1894 sterioribus
2517 1838 2777 1909 partibus
2833 1837 2893 1892 in
2947 1839 3190 1892 caudam
3231 1835 3493 1907 squamis
3533 1839 3796 1906 opertam

2147 1925 2467 1994 desinebat,
2497 1926 2889 1997 elephantem,
2925 1924 3024 1997 qui
3056 1924 3457 1997 proboscidem
3509 1923 3794 1992 vibrabat,

2147 2014 2563 2086 sphingesque,
2600 2031 2726 2085 quas
2760 2015 2831 2070 ab
2889 2014 3160 2070 anteriori
3209 2017 3368 2085 parte
3424 2012 3695 2085 speciosae
3729 2014 3797 2067 ut

2147 2103 2418 2159 mulieres
2447 2110 2630 2174 erant,
2662 2121 2695 2159 a
2715 2105 3032 2175 posteriore
3057 2103 3224 2175 quasi
3282 2103 3413 2159 feraa
3443 2100 3753 2159 horribiles
3777 2117 3794 2169 ;

2148 2191 2463 2264 singularis
2488 2209 2620 2249 vero
2679 2194 2878 2248 formas
2934 2200 3111 2261 erant,
3145 2192 3281 2264 quia
3335 2192 3501 2263 quasi
3550 2190 3796 2264 pedibus

2146 2281 2483 2337 incedentes
2514 2281 2621 2338 levi
2670 2282 2896 2337 alarum
2941 2286 3102 2337 motu
3155 2280 3509 2351 ferebantur,
3568 2283 3795 2336 etcum

2148 2368 2341 2425 avium
2372 2371 2643 2426 maximis
2676 2371 3105 2427 concertabant.
3138 2372 3400 2441 Itemque
3436 2368 3793 2425 infrenatum

2146 2476 2357 2531 equum
2388 2477 2560 2517 aures
2590 2460 2939 2532 arrigentem
2975 2477 3039 2515 ac
3070 2461 3435 2527 frementem,
3467 2458 3793 2530 lasciveque

2148 2555 2321 2620 atque
2354 2549 2617 2605 hilariter
2657 2548 3109 2604 subsultantem.
3170 2549 3255 2603 Ad
3314 2548 3432 2603 haec
3487 2549 3789 2619 antiquum

2145 2637 2287 2693 illud
2323 2638 2567 2706 malum,
2599 2637 2870 2709 Scyllam,
2929 2655 3051 2709 qum
3105 2655 3136 2692 a
3168 2637 3374 2693 lumbis
3421 2638 3658 2708 quidem
3709 2637 3791 2692 fe-

2148 2728 2403 2783 mineam
2433 2728 2682 2783 formam
2718 2727 3073 2799 praeferebat,
3108 2726 3386 2798 illamque
3419 2743 3712 2799 proceram
3737 2730 3796 2784 et

2146 2822 2435 2888 vegetam,
2460 2817 2560 2872 sed
2592 2816 2819 2871 feritate
2853 2815 3083 2888 plenam
3119 2832 3133 2870 :
3179 2816 3386 2871 exinde
3433 2832 3566 2872 vero
3616 2816 3800 2872 divisa

2150 2909 2277 2961 erat
2301 2906 2360 2961 in
2394 2906 2543 2961 feras
2572 2904 2632 2960 1n
2665 2904 2888 2977 Ulyssis
2933 2921 3137 2961 navem
3198 2904 3524 2960 insilientes
3581 2910 3636 2961 et
3661 2905 3804 2960 ami-

2149 3012 2345 3053 corum
2381 2996 2507 3068 ejus
2539 2996 2754 3052 multos
2785 2996 3145 3052 devorantes.

2221 3178 2275 3234 8.
2312 3180 2445 3233 Erat
2501 3193 2672 3249 porro
2731 3177 2791 3233 in
2849 3176 3244 3249 Hippodromo
3293 3176 3491 3249 aquila
3528 3192 3689 3233 aenea
3712 3193 3804 3234 re-

378 3261 655 3337 κείμενος,
702 3267 799 3316 τοῦ
847 3241 914 3316 ixi
954 3260 1173 3318 Τυάνων
1222 3241 1612 3314 Ἀπολλωνίου
1668 3256 1848 3312 καινὸν
1911 3256 2036 3329 μεθ-

2152 3266 2334 3339 posila
2416 3241 2533 3336 (123
2613 3264 2883 3339 Apolloni
2923 3241 3149 3339 nyanei
3202 3241 3414 3323 novu-m
3474 3267 3801 3335 inventum,

390 3350 594 3426 οδευμα
639 3351 729 3406 καὶ
776 3356 877 3421 τῆς
925 3347 1134 3404 ἐκείνου
1173 3347 1428 3423 γοητείας
1462 3344 1872 3422 μεγαλοπρεπὲς
1905 3365 2047 3421 μαγ-

391 3442 632 3518 γάνευμα
687 3442 732 3498 δ,
799 3434 1140 3515 Παραϐαλὼν
1195 3438 1296 3513 γάρ
1346 3457 1478 3492 πολε
1531 3436 1847 3505 Βυζαντίοις
1904 3453 2045 3507 παρ-

391 3530 603 3603 εκλήθη
634 3530 701 3587 τὰ
728 3534 837 3585 τῶν
896 3526 1071 3606 ὄφεων
1128 3528 1446 3583 κατευνάσαι
1496 3523 1748 3602 δήγματα
1776 3528 1818 3597 ⁷,
1852 3524 1939 3601 ὑφ’
1970 3522 2045 3577 ὧν

393 3614 634 3697 ἔπασχον
666 3619 866 3675 ἐκεῖνοι
921 3620 1123 3680 κακῶς·
1184 3615 1379 3690 ἂμέλει
1433 3614 1523 3670 καὶ
1583 3615 1881 3688 συνερίθοις
1924 3616 2042 3674 ταῖς

392 3708 815 3785 ἆῤῥητουργίαις
862 3708 888 3743 ⁸
934 3706 1308 3782 χρησάμενος,
1347 3706 1423 3760 ὧν
1466 3703 1739 3782 ὑφηγηταὶ
1790 3701 2041 3777 δαίμονες

391 3804 479 3858 καὶ
515 3802 635 3856 ὅσοι
682 3801 751 3856 τὰ
806 3799 1017 3854 τούτων
1087 3800 1109 3835 ⁸
1162 3791 1548 3872 πρεσϐεύουσιν
1578 3790 1756 3871 ὄργια,
1788 3793 1875 3849 ἐπὶ
1908 3794 2042 3863 στή-

389 3889 496 3962 λης
527 3890 806 3959 ἀνίστησιν
860 3888 1014 3944 ἀετὸν
1078 3892 1145 3957 ³ο,
1204 3885 1410 3957 ἡδονὴν
1464 3883 1711 3954 ἐνστάζον
1759 3887 1800 3921 ¹¹
1834 3887 2039 3960 ψυχαῖς

392 3981 571 4055 ὅραμα
652 3979 746 4035 καὶ
822 3983 1010 4043 πεῖθον
1070 3971 1447 4056 χρονοτριϐεῖν
1504 3974 1631 4035 τους
1691 3976 1837 4048 [τῆς]
1876 3972 2041 4027 αὐτοῦ

391 4071 510 4134 θέας
566 4074 1044 4147 κατατρυφῶντας,
1105 4069 1180 4129 ὡς
1240 4065 1367 4129 τοὺς
1422 4066 1720 4140 ὑπέχοντας
1778 4062 1944 4132 ἀκόήν
1975 4061 2042 4117 τὰ

390 4165 495 4216 τῶν
527 4162 800 4235 Σειρήνων
848 4154 1252 4233 δυσπαρόδευτα
1302 4152 1698 4231 μελῳδήματα.
1742 4155 1963 4227 Διήρκει
1994 4153 2040 4189 ¹²

397 4250 490 4322 μὲν
536 4250 640 4327 γὰρ
699 4251 773 4312 ὡς
828 4248 904 4309 εἰς
962 4254 1159 4317 πτῆσιν
1210 4247 1306 4307 τὰς
1356 4243 1643 4320 πτέρυγας·
1688 4239 1810 4318 ὄφις
1841 4239 1898 4296 δὲ
1924 4246 2042 4306 τοῖς

391 4340 547 4394 ποσὶν
607 4339 959 4412 ὑποκείμενος
1023 4336 1114 4392 καὶ
1172 4332 1548 4411 λορδούμενος
1604 4332 1650 4371 1³
1706 4331 1781 4386 εἷς
1841 4329 2039 4394 ὁλκοὺς

391 4426 640 4502 ἄπεῖργεν
696 4427 856 4483 αὐτὸν
912 4432 1012 4496 τῆς
1080 4425 1374 4504 ἀναφορᾶς,
1435 4425 1523 4477 οἷα
1579 4426 1696 4483 τοῖς
1726 4419 1915 4495 ἄκροις
1941 4424 2040 4476 τοῦ

394 4517 644 4589 σώματος
693 4517 768 4580 ὡς
827 4517 963 4590 πρὸς
1020 4512 1204 4589 δῆγμα
1256 4510 1564 4591 ἐγχρίπτων
1600 4514 1646 4550 ¹⁴
1684 4516 1803 4573 ταῖς
1832 4513 2039 4585 πτέρυ-

2150 3356 2395 3428 eiusque
2426 3356 2847 3428 praestigiarum
2879 3356 3073 3412 nobile
3131 3357 3607 3413 instrumentum.
3658 3357 3804 3413 Nam

2152 3462 2286 3503 cum
2318 3445 2635 3517 aliquando
2668 3444 3014 3517 Byzantium
3067 3446 3344 3512 venisset,
3405 3450 3640 3517 rogatus
3694 3450 3803 3515 est,

2149 3538 2213 3591 ut
2243 3535 2600 3607 serpentium
2627 3551 2853 3591 morsus
2912 3535 3149 3607 sopiret,
3184 3553 3217 3591 a
3274 3535 3489 3608 quibus
3543 3534 3804 3607 Byzantii

2147 3626 2531 3681 vexabantur.
2590 3625 2736 3680 Tum
2792 3624 2890 3680 ille
2947 3625 3183 3680 nefariis
3232 3641 3375 3680 usus
3434 3624 3800 3693 ministeriis,

2150 3729 2395 3786 quorum
2458 3713 2727 3784 magistri
2780 3714 3067 3769 daemones
3120 3717 3177 3769 et
3260 3717 3539 3784 quotquot
3594 3728 3798 3768 eorum

2146 3801 2307 3872 orgia
2339 3805 2651 3873 peragunt,
2684 3800 2836 3857 862
2860 3802 3130 3873 Aquilam
3190 3802 3472 3857 columnae
3525 3800 3796 3873 imponit,

2147 3889 2541 3962 spectaculum
2577 3889 2791 3945 animis
2819 3889 3121 3946 illecebras
3161 3891 3476 3958 instillans,
3509 3892 3795 3948 suadens-

2148 3994 2261 4051 que
2310 3982 2376 4034 ut
2442 3978 2663 4033 diutius
2721 3978 2822 4034 tali
2879 3987 3189 4050 conspectu
3249 3980 3531 4051 fruantur,
3589 3997 3799 4051 quem-

2149 4067 2465 4123 admodum
2499 4067 2560 4136 ii,
2595 4066 2692 4137 qui
2723 4067 2989 4122 Sirenum
3025 4072 3235 4125 cantus
3283 4069 3618 4135 audiebant,
3652 4070 3804 4126 difﬁ-

2150 4154 2258 4209 cile
2299 4153 2426 4211 loco
2488 4156 2888 4211 movebantur.
2940 4156 3006 4211 Et
3056 4155 3178 4213 alas
3230 4156 3461 4229 quidem
3519 4158 3693 4230 quasi
3724 4157 3797 4213 ad

2146 4243 2405 4299 volatum
2437 4243 2822 4315 explicuerat:
2854 4249 2915 4301 at
2935 4262 3169 4317 serpens
3205 4248 3450 4320 pedibus
3498 4248 3799 4319 subjectus

2148 4332 2526 4404 sinuosisque
2557 4333 2807 4390 ﬂexibus
2836 4334 3165 4403 obvolutus,
3200 4353 3233 4391 a
3259 4336 3450 4393 volatu
3501 4338 3798 4393 coercebat

2147 4424 2615 4497 illam,suprema
2646 4427 2905 4499 corporis
2927 4433 3090 4501 parte
3118 4429 3281 4502 quasi
3321 4431 3392 4485 ad
3445 4430 3796 4485 mordendas

2147 4513 2268 4572 alas
2331 4531 2392 4571 se
2423 4514 2674 4589 erigens.
2737 4518 2946 4573 Verum
3005 4516 3155 4572 nihil
3211 4517 3498 4573 efﬁciebat
3556 4532 3799 4574 venena-

388 4603 486 4674 ειν.
519 4606 683 4662 Ἥνυε
745 4601 802 4660 Si
859 4605 889 4658 ὁ
940 4597 1165 4664 ἱοϐόλος
1225 4598 1399 4655 οὐδέν’
1459 4604 1578 4662 ταῖς
1633 4599 1736 4676 γὰρ
1777 4602 1886 4653 τῶν
1919 4599 2037 4652 ὀνύ-

2153 4611 2278 4660 tum
2308 4604 2547 4675 animal,
2609 4622 2744 4662 nam
2804 4606 3097 4677 unguibus
3148 4605 3522 4662 constrictum
3580 4605 3653 4661 ab
3691 4606 3800 4661 im-

388 4710 504 4769 χων
559 4691 954 4769 ἐμπερονηθεὶς
1016 4693 1256 4754 ἀκωκαῖς
1314 4684 1538 4745 ἔσϐεστο
1595 4689 1694 4758 τὴν
1739 4688 1917 4763 ὁρμὴν
1948 4688 2037 4743 καὶ

2152 4697 2291 4765 petu
2324 4694 2717 4762 coercebatur,
2752 4710 2818 4751 ac
2857 4695 3173 4752 dormitare
3223 4695 3419 4767 potius
3470 4693 3799 4765 videbatur,

389 4774 679 4841 ὑπνώττειν
717 4781 931 4857 μᾶΛλον
974 4779 1150 4837 ἐδόκει
1208 4779 1245 4850 ἢ
1304 4782 1434 4856 γοῦν
1479 4778 1617 4852 πρὸς
1646 4774 2037 4832 καταπάλαισιν

2152 4796 2326 4853 quam
2358 4797 2497 4857 cum
2544 4800 2647 4841 ave
2704 4800 2962 4857 pugnare
3016 4787 3074 4841 et
3128 4784 3199 4841 ad
3259 4786 3385 4842 alas
3410 4784 3536 4856 ejus
3579 4784 3799 4857 pertin-

1633 4947 1860 5015 Variae
1887 4947 2212 5016 lectiones
2240 4955 2308 5017 et
2335 4958 2537 5020 nota.

457 5114 501 5150 “
530 5115 591 5171 Ρ.
624 5109 1011 5186 ἔφικνοῦμαι.-
1052 5111 1218 5186 νθδίΒ.
1256 5115 1373 5186 μὲν.
1470 5111 1546 5186 ⁸ῐθ.
1581 5086 1727 5186 ρύδξ
1755 5108 1862 5181 μὴν
1889 5112 1990 5186 τῇς
2021 5108 2206 5179 ὑαίνης
2228 5108 2406 5186 θύδὲ.

2519 5116 2563 5151 κ
2594 5116 2655 5187 B.
2692 5114 2923 5187 Ῥῆμος.

386 5184 531 5242 keri.
565 5187 627 5240 In
656 5179 716 5242 Ο.
747 5187 807 5238 Β.
841 5179 897 5239 et
924 5183 1095 5256 editis
1126 5179 1333 5256 legitur
1374 5202 1388 5235 τ
1418 5180 1508 5256 Td
1529 5180 1740 5236 παλαιὰ
1758 5179 2037 5256 σεμνιίζταπ

2156 5249 2170 5256 _
2226 5182 2272 5216 ³⁸
2402 5182 2521 5255 μέν.
2637 5186 2685 5222 9°
2716 5179 2861 5242 Ρξτὲ

3039 5119 3082 5155 9⁷
3114 5120 3195 5176 Ex
3224 5123 3628 5181 emendatione
3658 5123 3801 5183 Bek-

2226 5182 2272 5216 οο
2304 5184 2370 5255 13.
2402 5182 2521 5255 μέν.

2637 5186 2685 5262 Ῠθ
2804 5186 2902 5243 τὸν
2928 5187 3100 5245 ’ίππον
3131 5194 3250 5262 τὴν.
3382 5196 3402 5230 ί
3440 5196 3493 5250 F.
3544 5196 3796 5249 ἂκανθω-

387 5257 592 5341 μένοις.
706 5257 727 5291 ²
761 5257 823 5312 F.
854 5252 1048 5341 ξαξρξν
1070 5275 1160 5341 ίτε.
1183 5249 1209 5256 ν
1270 5258 1293 5292 ⁸
1325 5258 1379 5311 B.
1403 5253 1744 5341 ⁸ὑῖτ-έρΐμαςον.
1822 5249 1882 5334 ς⁴
2035 5252 2037 5305 ί

2152 5249 2543 5341 ἰμξαξῶντεςᾷ
2604 5259 2659 5341 ..⁵
2699 5258 2758 5313 C.
2808 5262 2867 5341 Β,
2921 5268 2977 5317 et
3015 5249 3301 5341 editiones
3334 5249 3565 5341 χαλκὸς.
3641 5265 3701 5341 -θ
3732 5268 3795 5322 F.

387 5319 747 5421 μαγγᾶγωμα.
858 5325 881 5360 ⁷
912 5319 970 5421 1:.
1004 5324 1335 5421 Fet-{param
1373 5326 1425 5421 D8
1551 5319 1624 5421 Βὶ
1640 5319 2070 5421 ἁρητοὺργίαιῗ.
2107 5319 2377 5421 ΑΣΞᾎΒ.
2412 5330 2573 5421 οξ.Εέ
2599 5328 2719 5421 ὅσίοι
2769 5332 3013 5421 τρύτηωνἶὶ
3046 5409 3075 5421 _
3114 5319 3588 5421 “VCJvaéautcS-v.
3641 5337 3705 5421 1‘3:

384 5395 441 5457 F.
474 5395 625 5457 ι’ὶέτόν
653 5395 728 5457 ex
755 5395 1180 5456 emendatione.
1296 5398 1340 5433 ‘1
1373 5398 1434 5453 B.
1469 5395 1720 5451 ἐνστάτον
1759 5395 2037 5468 operarur

381 5468 743 5547 λοϐούμενος.
856 5471 901 5506 ¹⁴
925 5477 989 5528 Β.
1021 5475 1080 5527 et
1109 5475 1172 5530 Β.
1207 5467 1583 5544 ἐγχρίμπτων.

2152 5410 2321 5453 rrore.
2441 5400 2486 5435 ¹²
2535 5401 2596 5459 C.
2649 5400 2713 5456 B.
2764 5408 2823 5459 et
2872 5406 2933 5461 F.
2985 5401 3196 5478 διῆρκε.
3232 5410 3290 5465 Β.
3325 5406 3539 5485 διῇργε.
3653 5410 3700 5445 ¹³
3728 5408 3791 5467 F.

453 5588 563 5661 (10)
593 5589 721 5661 Vid.
746 5586 927 5660 Heyn.
959 5585 1000 5643 l.
1034 5603 1084 5643 ο.
1118 5603 1174 5659 p.
1198 5587 1287 5642 37.
1321 5587 1401 5643 De
1421 5582 1617 5642 fabula
1645 5585 1763 5642 vid.
1790 5584 2030 5642 Sueten.

2213 5582 2329 5660 (11)
2357 5585 2492 5646 Vid.
2528 5588 2708 5660 Heyn.
2741 5589 2778 5646 l.
2812 5608 2861 5648 ο.

383 5658 530 5731 Aug.
546 5658 652 5717 ⁷96.

2212 5656 2326 5731 (12)
2358 5663 2492 5723 Vid.
2521 5656 2781 5732 Beynius
2809 5662 2851 5719 l.
2882 5678 2933 5721 c.
2967 5679 3024 5735 p.
3047 5665 3139 5727 38.
