4120 6284
351 301 504 366 1081

1655 299 1960 363 NICETIE
2001 296 2427 359 CHONIATJE

3607 297 3771 360 1052

352 450 508 510 gere,
567 438 743 508 atque
797 435 882 493 ita
941 450 1184 509 serpens
1241 438 1456 492 tetrum
1513 434 1764 507 spirans,
1818 449 1990 489 suum

2105 429 2203 483 τοῦ
2271 420 2488 502 ὄρνιθος
2551 428 2671 490 ταῖς
2729 423 2936 482 ἐκείνου
2992 427 3362 504 προσφύεσθαι
3425 429 3646 503 πτέρυξι
3685 431 3758 486 ¹⁸.

353 542 472 582 una
501 541 702 582 secum
735 525 1088 582 exstinctum
1115 540 1402 581 venenum
1431 523 1766 582 continebat
1799 537 1812 578 :
1857 521 1998 576 dum

353 613 592 670 interim
622 614 820 686 aquila
851 615 979 670 laeto
1008 618 1268 686 aspectu,
1301 618 1529 669 tantum
1576 628 1692 668 non
1724 610 2001 683 clangens

352 719 458 776 pro
489 703 752 771 victoria,
813 703 983 775 quasi
1025 701 1253 758 evolare
1318 706 1375 758 et
1427 705 1754 772 serpentem
1799 714 2000 756 secum

355 794 581 850 auferre
609 792 874 848 tentabat
904 807 918 846 :
943 792 1094 864 quod
1155 807 1224 847 ex
1279 795 1548 864 aspectus
1614 790 1904 846 hilaritate
1935 805 2001 845 ac

353 882 642 954 serpentis
675 897 814 939 nece
875 881 1323 952 conjectandum
1380 880 1768 953 relinquebat.
1817 879 1998 943 Quem

349 974 678 1044 serpentem
705 969 807 1042 qui
835 971 1105 1040 vidisset,
1139 970 1384 1028 dixisset
1449 987 1605 1036 sane,
1638 969 1803 1025 illum
1863 985 2000 1024 con-

349 1058 718 1116 volutionum
777 1075 844 1116 ac
901 1059 1264 1116 letiferorum
1341 1075 1650 1116 morsuum
1725 1056 1998 1129 oblitum,

349 1147 608 1222 reliquos
637 1155 938 1221 serpentes
968 1149 1319 1222 Byzantinos
1351 1150 1616 1222 exemplo
1647 1164 1754 1205 suo
1774 1147 2000 1203 abster-

349 1253 496 1308 rere,
525 1255 592 1294 ac
629 1255 866 1295 monere
923 1246 986 1294 ut
1044 1243 1396 1296 conarentur
1455 1255 1584 1296 sese
1637 1238 1696 1295 in
1757 1237 2000 1294 ﬁssurae

348 1331 582 1387 abdere.
608 1329 734 1388 Non
765 1329 952 1388 solum
1016 1334 1213 1386 autem
1271 1333 1342 1387 ab
1401 1347 1490 1396 ea,
1549 1346 1680 1402 quae
1719 1329 1996 1396 diximus,

348 1419 738 1477 admiratione
797 1421 974 1494 digna
1030 1425 1154 1477 erat
1213 1420 1312 1476 illa
1367 1419 1576 1494 aquila
1633 1421 1844 1492 ﬁgura,
1896 1417 2000 1474 sed

348 1509 522 1566 etiam
555 1509 694 1582 quia
725 1509 968 1566 diurnas
997 1509 1174 1566 horas
1205 1527 1274 1566 ex
1325 1509 1496 1566 lineis
1545 1509 1855 1565 duodecim
1888 1525 1996 1563 nu-

345 1615 506 1658 mero
536 1599 596 1655 in
629 1597 738 1656 alis
763 1599 893 1670 ejus
923 1599 1124 1656 incisis
1183 1599 1504 1656 clarissime
1553 1597 1853 1654 indicabat
1901 1597 1994 1665 iis,

345 1685 498 1744 868
533 1687 634 1760 qui
663 1689 792 1758 ejus
813 1689 896 1744 rei
953 1687 1122 1760 periti
1175 1688 1534 1758 accederent,
1568 1687 1805 1760 quando
1853 1685 1996 1743 solis

343 1775 494 1832 radii
524 1775 781 1836 nubibus
812 1793 930 1833 non
961 1776 1455 1835 obscurabantur.

409 1955 465 2011 9.
493 1953 644 2024 Quid
677 1955 747 2012 de
769 1955 986 2013 Helena
1015 1954 1115 2012 illa
1145 1954 1334 2012 dicam
1394 1953 1543 2011 albis
1587 1953 1818 2010 lacertis
1857 1953 1991 2026 (13),

340 2043 607 2119 pulchris
636 2043 800 2102 tibiis
828 2049 888 2101 et
915 2060 1154 2116 procera
1181 2047 1429 2113 statura,
1461 2060 1588 2117 quae
1616 2047 1800 2100 totam
1833 2043 1991 2099 Grai-

339 2133 490 2190 oiam
519 2133 581 2192 in
612 2133 846 2205 Trojam
879 2133 1150 2206 concivit,
1181 2134 1488 2205 Trojaque
1547 2133 1758 2189 excidii
1814 2148 1991 2189 causa

336 2221 474 2292 fuit,
504 2227 640 2295 post
668 2237 797 2279 eam
827 2238 962 2279 vero
992 2221 1249 2278 dirutam
1281 2222 1353 2278 ad
1384 2220 1580 2278 Nilum
1613 2219 1840 2294 appulit
1873 2237 1888 2278 :
1923 2237 1989 2277 ac

336 2309 546 2368 deinde
576 2314 705 2384 post
732 2311 974 2384 longum
1007 2318 1236 2382 tempus
1266 2311 1338 2368 ad
1372 2311 1668 2368 Laconum
1699 2325 1893 2367 mores
1934 2317 1990 2366 et

335 2399 635 2473 regionem
665 2398 1042 2473 remigravit?
1073 2398 1225 2458 Num
1254 2398 1534 2456 barbaros
1583 2397 1716 2456 illos
1749 2397 1989 2470 mitiga-

335 2489 423 2546 vit
449 2488 479 2546 7
506 2505 649 2545 num
698 2489 917 2546 ferreos
945 2487 1232 2546 emollivit
1251 2486 1444 2547 ?Nihil
1474 2505 1614 2546 sane
1643 2487 1986 2560 hujusmodi

337 2578 568 2636 efﬁcere
597 2578 812 2651 potuit,
843 2595 970 2651 quas
1003 2577 1144 2636 olim
1175 2593 1378 2635 omnes
1411 2581 1773 2651 spectatores
1802 2577 1984 2649 capti-

329 2683 436 2726 vos
469 2667 764 2726 ducebat:
796 2667 1028 2725 etiamsi
1084 2666 1370 2724 theatrico
1429 2683 1591 2723 more
1646 2666 1877 2735 vestita,
1928 2669 1986 2723 et

333 2763 450 2814 tota
482 2757 708 2814 roscida
739 2756 1056 2826 videretur,
1088 2772 1156 2814 ac
1185 2755 1322 2814 licet
1349 2771 1461 2814 iere
1489 2756 1680 2814 incisa
1724 2759 1850 2812 tota
1877 2755 1985 2812 hu-

328 2851 606 2905 mesceret
633 2863 700 2904 ac
729 2851 998 2905 vernaret
1025 2851 1083 2904 et
1110 2848 1183 2904 ad
1237 2846 1330 2905 sui
1369 2863 1628 2904 amorem
1669 2845 1981 2920 pelliceret,

330 2951 401 2994 ex
427 2937 649 3006 tunica,
682 2953 753 2994 ex
781 2935 1144 3005 redimicula,
1184 2953 1254 2994 ex
1305 2953 1539 3004 corona,
1572 2953 1642 2994 ex
1692 2935 1983 2993 cincinnis

328 3024 701 3098 capillorum,
731 3025 832 3098 qui
859 3025 1004 3100 ipsis
1035 3043 1264 3084 araneae
1294 3025 1410 3083 ﬁlis
1453 3026 1745 3083 tenuiores
1792 3029 1977 3082 erant.

2116 521 2156 570 Κ
2198 513 2212 534 ε
2250 516 2277 570 ὁ
2352 515 2368 534 κ
2439 511 2466 534 ν
2653 510 2680 532 Ἰ
2903 513 2913 534 Ι
3097 516 3110 533 ε
3176 514 3210 571 λ
3256 516 3268 536 Ι
3305 517 3332 571 0
3511 517 3524 534 Ὦ
3713 520 3728 538 ἱ

2161 536 2214 570 αι
2312 535 2407 588 μεν
2437 537 2558 594 οφις
2619 537 2762 571 ουτω
2821 535 2997 571 πνεων
3051 536 3121 570 τα
3216 537 3302 570 οισ
3343 537 3394 572 ια
3439 538 3529 573 και
3559 519 3647 574 τὸν
3682 517 3769 574 ἱον

2111 607 2262 684 εἶχεν
2294 606 2468 679 ἑαυτῷ
2525 608 2948 676 συνθνοήσκοντω
3011 606 3039 660 ὁ
3100 604 3146 660 δ’
3200 607 3352 671 ἀετὸς
3392 613 3588 683 γαῦρον
3623 611 3767 683 ὁρῶν

2109 696 2200 750 καὶ
2239 695 2541 773 μονονουχὶ
2591 693 2822 764 κλώζων
2870 695 2936 750 τὰ
2993 695 3252 766 ἐπινίκια,
3295 697 3457 771 ὥρμα
3487 700 3772 774 συνεξᾶραι

2107 782 2200 838 τὸν
2231 779 2352 860 ὅφιν
2396 785 2487 839 καὶ
2545 783 2659 858 ἃμα
2711 785 2762 838 οἱ
2822 780 2890 838 δι’
2950 783 3108 858 ἀέρος
3168 782 3442 860 φέρεσθαι,
3474 787 3774 862 τεκμαίρε-

2113 873 2232 928 σθαι
2261 877 2426 928 τοῦτΌ
2459 870 2642 935 διδοὺς
2669 877 2748 946 τῷ
2793 876 3026 949 χαροπῷ
3073 877 3171 928 τοῦ
3224 873 3546 949 βλέμματος
3573 877 3663 931 καὶ
3696 879 3768 950 τῇ

2111 963 2372 1037 νεκρώσει
2400 967 2497 1018 τοῦ
2529 960 2729 1040 ὄφεως,
2779 963 2836 1018 δν
2889 961 3004 1016 εἶπέ
3048 983 3132 1025 τις
3165 959 3224 1018 ἄν
3257 959 3392 1020 ΐδὼν
3424 964 3470 1003 ¹⁶
3502 961 3768 1036 ἐπιλελῆ-

2113 1049 2309 1125 σμένον
2337 1054 2444 1107 τῶν
2489 1049 2711 1124 ἓλίξεων
2755 1051 2846 1106 καὶ
2893 1055 2990 1106 τοῦ
3039 1048 3246 1108 δάκνειν
3281 1051 3357 1116 εἷς
3391 1051 3640 1128 ὄλεθρον,
3673 1053 3769 1109 καὶ

2109 1141 2238 1203 τοὺς
2293 1138 2524 1204 λοιποὺς
2599 1139 2926 1210 Βυζαντίους
2981 1137 3132 1216 ὄφεις
3184 1145 3263 1214 τῷ
3317 1143 3438 1198 καθ’
3497 1143 3660 1199 αὑτὸν
3722 1143 3772 1182 ¹⁷

2112 1223 2383 1285 διασοϐεῖν
2445 1225 2799 1304 ὑποδείγματι
2856 1229 2946 1284 καὶ
3005 1230 3210 1296 πείθειν
3274 1237 3378 1301 τῆς
3452 1231 3642 1308 χρείας
3718 1232 3766 1270 ¹⁸

2111 1320 2508 1394 συμπειρᾶσθαι
2563 1319 2653 1373 καὶ
2707 1313 3098 1393 παραδύεσθαι.
3164 1317 3242 1377 Ού
3305 1319 3470 1394 μόνον
3531 1319 3588 1376 δέ
3642 1324 3762 1378 καθ’

2111 1405 2208 1462 ὅσα
2262 1407 2579 1482 εἰρήκαμεν,
2636 1406 2952 1482 ἀξιάγαστον
3009 1409 3076 1478 ἦν
3143 1409 3298 1464 τουτὶ
3354 1411 3416 1466 τὸ
3477 1410 3523 1447 ¹⁹
3579 1409 3759 1467 ἆέτιον

2109 1493 2365 1570 εἷ’κασμα,
2397 1495 2522 1552 ἀλλ’
2556 1497 2639 1551 δτι
2687 1496 2779 1551 καὶ
2835 1496 2902 1552 τὰ
2956 1500 3062 1563 τῆς·
3115 1499 3328 1574 ἡμέρας
3377 1500 3576 1576 ὡρίαῖα
3602 1503 3762 1574 τμή-

2112 1605 2254 1659 ματα
2287 1581 2376 1639 διὰ
2431 1589 2538 1640 τῶν
2592 1584 2645 1639 έν
2699 1589 2818 1647 ταῖς
2866 1585 3084 1660 πτέρυξι
3115 1587 3542 1662 κεχαραγμένων
3575 1609 3760 1666 γραμ-

2111 1677 2253 1747 μῶν,
2313 1674 2491 1728 οὐσῶν
2552 1671 2894 1743 δυοκαίδεκα,
2955 1674 3255 1748 τρανότατα
3317 1673 3594 1748 ὑπεδήλου
3643 1683 3762 1741 τοῖς

2021 1780 2069 1846 Β
2107 1762 2205 1826 τὰς
2233 1761 2385 1836 ὄψεις
2417 1759 2604 1836 ἓκείνῳ
2653 1763 2744 1817 σὺν
2793 1760 2948 1839 λόγῳ
2990 1758 3459 1839 προσϐάλλουσιν,
3489 1765 3646 1836 ἡνίκα
3677 1768 3756 1843 μὴ

2106 1846 2358 1924 νεφέλαις
2388 1847 2686 1928 έγνοφοῦτο
2713 1848 2810 1912 τὰς
2835 1848 3057 1913 ἀκτῖνας
3089 1851 3118 1905 ὁ
3140 1849 3326 1920 ἥλιος·

2175 1939 2236 1996 θ’.
2271 1937 2333 1993 Τί
2367 1935 2424 1992 δὲ
2455 1939 2489 2008 ἡ
2541 1938 2588 1974 ²⁰
2639 1935 2980 2001 λευκώλενος
3047 1939 3236 2012 Ἑλένη
3293 1938 3670 2022 καλλίσφυρός
3699 1963 3765 2000 τε

2099 2025 2191 2081 καὶ
2269 2022 2675 2102 δολιχόδειρος,
2752 2027 2787 2096 ἡ
2864 2027 2926 2081 τὸ
2984 2025 3361 2100 Πανελλήνιον
3419 2028 3496 2092 εἷς
3554 2031 3757 2104 Τροίαν

2097 2114 2394 2192 ἀθροίσασα
2466 2118 2556 2170 καί
2629 2113 2938 2180 καθελοῦσα
3005 2116 3226 2192 Τροίαν,
3284 2119 3348 2173 ἓκ
3423 2115 3483 2174 δὲ
3553 2119 3758 2192 ταύτης

2096 2203 2518 2280 προσωκείλασα
2568 2202 2756 2277 Νείλῳ
2804 2205 3046 2270 κάκεῖθεν
3104 2205 3258 2272 αὗθις
3315 2206 3392 2270 εἷς
3450 2207 3562 2280 ἢθη
3619 2211 3661 2248 ²¹
3693 2210 3760 2266 τὰ

2097 2298 2368 2352 Λακώνων
2465 2293 2841 2353 δπαναλύσασα
2941 2299 3206 2374 χρόνιοςς
3309 2301 3431 2377 Ἆρ’
3518 2299 3761 2375 ἒμείλιξε

2095 2385 2226 2452 τοὺς
2279 2383 2743 2462 δυσμειλίκτους;
2803 2389 2927 2460 'Ap'
3012 2387 3283 2462 ἒμάλθαξε
3336 2391 3466 2454 τοὺς
3522 2389 3753 2466 σιδηρό-

2097 2496 2335 2553 φροναςς
2368 2477 2648 2551 Ούμενοῦν
2701 2477 2748 2521 2³
2804 2474 2929 2532 οὐδὲ
2985 2476 3131 2541 ὅλως
3159 2480 3204 2516 ³³
3233 2479 3481 2536 τοιοῦτόν
3514 2499 3568 2535 τι
3598 2477 3750 2537 δεδύ-

2095 2588 2256 2638 νηται
2303 2568 2338 2637 ἡ
2397 2567 2570 2622 πάντα
2629 2568 2823 2636 θεατὴν
2881 2571 2960 2639 τῷ
3009 2565 3204 2624 κάλλει
3257 2565 3746 2646 δουλαγωγήσασα,

2095 2657 2289 2730 καίπερ
2357 2655 2714 2730 έστολ-ισμένη
2785 2658 2832 2692 ³⁸
2898 2661 3216 2732 θεατρικῶς,
3290 2658 3383 2714 καὶ
3460 2656 3744 2737 δροσώδης

2097 2749 2351 2830 ὁρωμένη
2383 2755 2480 2809 κάν
2510 2759 2590 2828 τῷ
2621 2753 2818 2830 χαλκῷ
2859 2753 2950 2810 καὶ
3001 2753 3362 2830 ὑγραινομένη
3407 2757 3546 2834 πρὸς
3575 2755 3748 2834 ἔρωτα

2093 2848 2174 2918 τῷ
2240 2846 2460 2920 χιτῶνι,
2527 2847 2606 2916 τῷ
2689 2840 2986 2920 κρηδέμνῳ
3057 2847 3126 2919 τῇ
3212 2847 3446 2923 στεφάνῃ
3515 2847 3605 2902 καὶ
3667 2851 3746 2920 τῷ

2091 2931 2342 3010 πλοχμῷ
2371 2937 2480 2990 τῶν
2519 2937 2748 3008 τριχῶν.
2809 2933 2871 2990 Ὁ
2930 2935 3024 3008 μὶν
3085 2932 3188 3010 γὰρ
3238 2933 3520 3011 ἀραχνίων
3553 2935 3746 2992 λεπτό-

2091 3042 2247 3097 τερος
2313 3022 2402 3091 ἦν·
2470 3021 2532 3078 τὸ
2599 3019 2656 3076 δὲ
2723 3018 3009 3078 δαιδάλεον
3091 3021 3398 3080 έπανέκειτο
3463 3027 3526 3082 ³⁸.
3585 3027 3617 3094 ἡ
3685 3021 3740 3080 δὲ

326 3114 541 3172 Mirum
575 3129 714 3170 sane
748 3115 1010 3186 undique
1063 3115 1377 3172 artiﬁcium
1429 3115 1740 3172 eminebat.
1800 3114 1982 3170 Frons

2103 3107 2260 3167 διέδει
2314 3111 2376 3166 τὸ
2427 3113 2472 3149 ⁸⁸
2532 3109 2784 3184 μέτωπον
2843 3116 3053 3187 χρυσοῦ
3109 3113 3201 3168 καὶ
3249 3111 3534 3191 τιμαλφῶν
3567 3110 3730 3176 λίθων

328 3202 459 3272 ejus
492 3201 766 3258 redimita
824 3218 968 3258 auro
1033 3205 1092 3259 et
1152 3203 1430 3276 gemmis,
1464 3203 1634 3276 quasi
1694 3201 1987 3276 pellucida

2103 3200 2504 3273 ὑποκρινομένη
2562 3197 2857 3275 διαύγειαν·
2915 3201 2942 3254 ὁ
3000 3197 3058 3255 δὲ
3107 3201 3171 3256 τὸ
3227 3208 3326 3272 τῆς
3373 3205 3546 3274 κόμης
3575 3203 3616 3236 ²⁷
3645 3221 3732 3256 κε-

327 3290 683 3360 videbatur;
717 3289 1069 3364 capillitium
1135 3293 1386 3350 effusum
1445 3309 1512 3349 ac
1566 3293 1753 3350 ventis
1799 3292 1986 3362 agita-

2103 3285 2341 3366 χυμένον
2406 3289 2456 3326 ⁷³
2517 3289 2604 3345 καὶ
2676 3284 3102 3364 διασοϐούμενον
3161 3291 3450 3365 πνεύμασιν
3509 3288 3738 3364 amen];

334 3385 460 3434 tum
501 3377 720 3435 circulo
779 3378 842 3435 in
899 3379 1149 3452 occipite
1203 3379 1396 3450 posito
1451 3378 1986 3452 constringebatur,

2103 3379 2428 3454 ὃεσμεύματι
2485 3382 2533 3418 ³³
2582 3379 2950 3461 περιέσφιγγεν
3001 3379 3104 3444 ἔως
3171 3386 3396 3456 κνημῶν
3439 3381 3744 3455 ἐκτεινόμε-

331 3466 468 3524 hinc
491 3482 624 3524 vero
648 3468 720 3524 ad
746 3467 920 3525 tibias
941 3484 1129 3542 usque
1154 3468 1484 3525 difﬂuebat.
1519 3467 1692 3526 Labia
1721 3467 1984 3540 ealycum

2103 3488 2208 3529 νον.
2249 3469 2354 3525 Ἦν
2422 3465 2479 3524 δέ
2547 3468 2638 3524 καὶ
2701 3469 2767 3524 τὰ
2832 3468 3000 3545 χείλη
3046 3467 3300 3526 καλύκων
3359 3468 3516 3542 δίκην
3567 3467 3746 3548 ἡρέμα

331 3555 519 3613 instar
550 3557 763 3614 sensim
794 3560 1016 3632 aperta,
1063 3565 1126 3614 ut
1173 3557 1513 3614 viderentur
1561 3573 1764 3614 vocem
1813 3558 1988 3614 emit-

329 3649 489 3704 tere:
525 3646 660 3704 hinc
694 3647 1085 3706 suavissimus
1105 3646 1262 3706 risus
1292 3663 1419 3704 sese
1455 3647 1654 3704 statim
1718 3647 1988 3714 oﬂ‘erens,

343 3739 734 3808 spectatorem
763 3735 964 3793 latitia
1001 3736 1285 3808 replebat.
1345 3733 1659 3794 Oculorum
1715 3735 1988 3808 gratiam,

356 3823 803 3897 superciliorum
863 3840 1036 3882 arcus
1085 3824 1493 3898 reliquamque
1521 3824 1778 3898 corporis
1809 3841 1989 3881 venu-

343 3917 554 3970 statem
586 3914 789 3972 nullus
819 3929 1012 3972 sermo
1041 3931 1144 3987 pro
1175 3915 1386 3972 merito
1435 3915 1714 3988 depingat
1751 3914 1907 3970 864
1935 3917 1992 3970 et

345 4004 592 4076 posteris
619 4004 1076 4074 tradat.Verum,
1096 4020 1130 4060 ο
1147 4004 1436 4077 Tyndaris
1457 4003 1698 4075 Helena,
1730 4004 1859 4078 ipsa
1891 4021 1993 4078 per

341 4108 407 4148 se
436 4092 1195 4164 pulchritudo,Gupidinum
1227 4093 1441 4165 areola,
1471 4093 1718 4151 Veneris
1773 4093 1988 4152 sollici-

341 4179 1065 4250 tudo,pmstantissimum
1087 4185 1307 4239 natura
1346 4183 1590 4254 donum,
1607 4181 1989 4252 Troianorum

340 4274 396 4326 et
424 4268 754 4328 Graecorum
783 4269 1050 4330 brevium
1084 4289 1099 4330 :
1132 4273 1232 4330 ubi
1264 4277 1434 4330 tuum
1463 4272 1612 4330 illud
1667 4273 1989 4332 remedium

337 4355 537 4414 luctus
577 4359 754 4431 atque
811 4361 1104 4418 malorum
1135 4362 1401 4419 omnium
1436 4361 1786 4419 oblivionem
1818 4361 1990 4419 indu-

341 4463 498 4516 cens,
527 4449 684 4522 quod
715 4448 822 4506 tibi
853 4467 888 4507 a
916 4450 1139 4510 Thonis
1171 4467 1350 4509 uxore
1401 4450 1663 4508 oblatum
1711 4461 1797 4510 est
1823 4455 1852 4509 Ἰ
1885 4452 1990 4512 Ubi

337 4535 564 4594 invictis
595 4536 710 4596 illae
737 4539 1025 4598 illecebrm
1055 4545 1169 4598 tua:
1197 4545 1221 4598 Ρ
1249 4557 1354 4598 cur
1383 4557 1498 4598 non
1530 4540 1649 4598 illis
1683 4558 1791 4598 usa
1833 4557 1895 4598 es
1927 4545 1990 4598 ut

336 4625 474 4683 olim
505 4626 760 4686 utebaris
792 4629 821 4686 Υ
849 4630 954 4688 sed
983 4633 1125 4704 puto
1155 4629 1262 4687 tibi
1291 4629 1428 4687 fatis
1457 4629 1812 4688 destinatum
1835 4647 1985 4703 esse,

337 4721 400 4773 ut
428 4715 489 4772 in
511 4721 862 4790 potestatem
894 4718 1052 4794 ignis
1079 4719 1332 4788 venires,
1357 4734 1481 4792 quae
1534 4719 1624 4777 vel
1655 4720 1713 4776 in
1739 4719 1990 4793 imagine

334 4820 445 4864 sua
473 4812 830 4880 spectatores
860 4807 1226 4868 inﬂammare
1258 4824 1375 4867 non
1405 4808 1699 4869 cessabas.
1731 4809 1986 4867 Dixerim

2097 3559 2557 3635 παρανοιγόμενα,
2607 3559 2684 3622 ὡς
2748 3557 2839 3614 καὶ
2897 3557 3074 3616 δοκεῖν
3123 3559 3332 3640 ἀφιέναι
3403 3562 3616 3640 φωνήνο
3683 3559 3748 3616 τὸ

2099 3647 2158 3706 δὲ
2205 3651 2395 3728 χάριεν
2455 3647 2719 3725 μειδίαμα
2766 3650 2965 3716 εὐθέως
3014 3656 3402 3728 προσυπαντῶν
3454 3650 3545 3706 καὶ
3604 3671 3750 3728 χαρ-

2103 3744 2278 3812 μονῆς
2306 3737 2572 3814 πιμπλῶν
2602 3739 2694 3796 τὸν
2729 3740 3022 3814 θεώμενον,
3053 3741 3140 3795 καὶ
3181 3740 3243 3794 τὸ
3288 3743 3387 3794 τοῦ
3419 3737 3751 3815 βλέμματος

2101 3830 2373 3905 χαροπὸν,
2421 3829 2510 3885 καὶ
2556 3832 2655 3893 τὰς
2703 3827 2901 3906 ἀψῖδας
2945 3835 3054 3887 τῶν
3105 3828 3343 3910 ὀφρύων,
3373 3831 3466 3886 καὶ
3500 3832 3600 3902 τὴν
3631 3831 3754 3888 λοι-

2098 3923 2207 3992 πὴν
2260 3921 2479 3996 εὗφυῒαν
2524 3926 2622 3978 τοῦ
2671 3923 2945 3997 σώματος,
2995 3923 3093 3978 οὑκ
3148 3923 3215 3992 ἦν
3263 3923 3428 3979 ὁποῖα
3471 3925 3612 3993 ἧν³⁰
3641 3921 3760 3980 δια-

2099 4012 2306 4086 γράψαι
2357 4009 2514 4086 λόγῳ
2560 4011 2653 4067 καὶ
2705 4014 3046 4088 παραστῆσαι
3091 4016 3210 4074 τοῖς
3263 4006 3468 4072 ἔπειτα.
3517 4011 3672 4070 Ἀλλ’
3703 4013 3750 4068 ὦ

2099 4099 2364 4177 Τυνδαρὶς
2424 4100 2640 4178 Ἑλένῃ,
2699 4101 2912 4166 κάλλος
2967 4101 3190 4159 αὐτόθεν
3249 4103 3442 4178 καλὸν,
3491 4105 3748 4180 Ἐρώτων

2101 4192 2416 4267 μόσχευμα,
2494 4189 2827 4268 Ἀφροδίτης
2912 4191 3348 4268 τημελούχημα,
3424 4193 3751 4269 πανάριστον

2100 4281 2310 4358 φύσεως
2351 4277 2610 4356 δώρημα,
2681 4281 2888 4356 Τρώων
2943 4283 3035 4338 καὶ
3100 4279 3384 4352 Ἐλλήνων
3444 4277 3750 4358 βράϐευμα,

2098 4371 2204 4424 ποῦ
2262 4388 2347 4422 σοι
2394 4367 2456 4423 τὸ
2495 4369 2750 4440 νηπενθὲς
2816 4369 2905 4425 καὶ
2973 4372 3156 4424 κακῶν
3196 4369 3445 4426 ἀπάντων
3489 4369 3750 4442 ἐπίληθες

2101 4457 2412 4532 φάρμακον,
2471 4458 2500 4512 ὅ
2548 4457 2726 4520 Θῶνός
2781 4459 2844 4514 δι.
2882 4479 2966 4514 σοι
3022 4459 3346 4535 παράκοιτις
3413 4459 3746 4536 ἒχαρίσατος

2096 4549 2208 4602 Ποῦ
2239 4543 2296 4602 δὲ
2323 4545 2391 4602 τὰ
2430 4541 2622 4622 ἄμαχα
2669 4544 2873 4624 φίλτρα
2901 4567 2916 4620 ;
2948 4551 3071 4610 Ηῶς
3123 4548 3234 4623 οὑχ
3273 4547 3502 4623 ἐχρήσω
3527 4550 3748 4613 τούτοις

2097 4636 2174 4697 ὡς
2235 4633 2406 4692 πάλαι
2461 4635 2550 4691 καὶ
2599 4639 2734 4708 νῦν;
2803 4633 2960 4693 Ἀλλ’
3027 4634 3184 4712 οἶμαί
3231 4656 3318 4692 σοι
3367 4641 3488 4700 ταῖς
3526 4636 3742 4713 μοίραις

2095 4722 2380 4800 πέπρωται
2447 4727 2518 4800 τῇ
2581 4729 2680 4780 τοῦ
2741 4725 2914 4801 πυρὸς
2961 4724 3249 4781 ὑποπεσεῖν
3302 4725 3473 4802 ἓρωῇ,
3514 4723 3640 4800 μηδ’
3681 4725 3734 4780 ἐν

2101 4811 2270 4868 είκόνι
2343 4813 2694 4888 παυσαμένην
2784 4813 3054 4870 ἂνακαίειν
3124 4815 3252 4877 τοὺς
3326 4813 3564 4890 ὁρῶντας
3661 4812 3738 4879 είς

1580 4938 1804 5008 Variae
1841 4939 2166 5010 lectiones
2206 4949 2272 5011 et
2310 4950 2515 5010 notae.

407 5063 456 5144 ἐξ
487 5067 548 5123 F,
580 5069 851 5144 πτέρυξιν,
906 5139 916 5144 _
963 5073 1006 5110 “
1036 5068 1219 5128 εἷ’δων.
1253 5073 1317 5130 F.
1351 5069 1528 5128 εἶδών-

331 5133 546 5262 χρείας.
579 5137 645 5196 Β.
674 5133 794 5202 ταῖς
827 5139 1059 5218 χείραις.
1173 5146 1219 5182 ¹⁹
1249 5145 1311 5202 F.
1343 5149 1504 5200 τοῦτο
1533 5141 1619 5200 τό.

338 5225 366 5261 ο
407 5203 455 5262 δ’
484 5205 651 5264 ὅλως.
764 5212 812 5248 ²⁴
838 5219 890 5264 Β.
924 5231 991 5264 ex
1021 5217 1312 5264 emendat-
1355 5220 1420 5264 α-
1452 5217 1514 5264 Β-
1548 5217 1619 5264 (ei

607 5231 651 5273 ς.

1644 5072 1692 5112 ¹⁷
1718 5075 1783 5130 Β.
1813 5075 1920 5128 τῶν
1949 5075 2067 5129 κατ’
2115 5073 2296 5130 αὐτόν.
2344 5075 2408 5132 F.
2457 5078 2562 5131 τῶν
2619 5077 2737 5132 καθ’
2785 5075 2966 5136 αὑτόν.

1730 5145 1794 5216 ευ,
1817 5145 1878 5201 F.
1906 5144 1976 5216 _Tl
2004 5143 2060 5216 δ’
2093 5147 2154 5216 ἡ.

764 5212 812 5248 ²⁴
831 5212 890 5290 Β.
920 5212 993 5290 'e;
1021 5217 1312 5290 emendat.
1346 5220 1420 5290 Δ(τ.
1451 5217 1514 5274 Β.
1548 5217 1626 5290 (et
1660 5217 1748 5290 Ε.)
1777 5213 2103 5290 ἐσταλμένη.

3079 5075 3128 5114 ιδ
3182 5077 3245 5134 G.
3295 5079 3358 5134 B.
3414 5081 3472 5135 et
3519 5079 3583 5136 F.
3630 5082 3748 5142 ταῖς

2266 5146 2313 5221 ιι
2361 5151 2420 5202 ιιι,
2477 5145 2531 5208 ξς
2578 5147 2712 5220 ἢθη,
2826 5151 2873 5186 ﬂ
2921 5151 2982 5205 C.
3033 5147 3186 5205 Β.ού
3229 5149 3336 5221 μὴν
3375 5148 3491 5207 οὗν.
3607 5149 3656 5188 ’³
3685 5156 3748 5208 Β.

2219 5218 2267 5294 ἒδ
2291 5219 2376 5276 lta
2405 5218 2777 5278 emendatum
2809 5229 2896 5278 est
2917 5221 2985 5294 in
3019 5218 3281 5294 margine
3330 5222 3548 5294 codicis
3597 5222 3748 5280 Bod-

334 5277 509 5336 leiani
532 5281 640 5365 ;“in
669 5277 1764 5365 contex_t_u_legitur__mprescire,quod;
1778 5289 1912 5365 liget
1938 5277 2262 5365 suppositis
2289 5293 2522 5364 punctis
2572 5277 2834 5365 notatum
2856 5277 2961 5349 dsit
3011 5277 3294 5365 tanquam
3335 5277 3630 5365 vitiosam,
3651 5277 3748 5350 ia-

333 5366 516 5408 nuere
544 5351 614 5436 li.
641 5357 697 5436 at
868 5356 914 5391 ³⁸
1028 5351 1600 5436 διξδεῖτοέμέτῶπονδ
1646 5359 1703 5436 ξ’
1825 5359 1904 5436 Τρ
1935 5357 1994 5414 δὲ
2018 5351 2122 5430 Ῑτῆς
2159 5351 2367 5436 κύμῆς,
2393 5381 2450 5436 κ.
2486 5384 2537 5418 τ.
2572 5360 2628 5420 λ.
2707 5363 2757 5401 ³⁸
2793 5365 2854 5420 F.
2896 5351 3260 5436 κεχουμένον.
3337 5365 3383 5400 ³⁸
3420 5365 3484 5420 Β.
3533 5351 3747 5419 δισκεύ-

335 5439 489 5508 ματι.
521 5493 534 5506 ο
565 5423 614 5458 ³ο
643 5423 908 5484 Fortasse
938 5426 1168 5500 ὑπηοῦν.
1200 5451 1229 5480 ‹‹
1259 5423 1487 5487 Bekker
1513 5451 1567 5484 ».
1603 5503 1617 5516 '
1645 5430 1692 5466 ³1
1721 5430 1784 5486 F.
1806 5431 1990 5486 Θώνου
2031 5423 2138 5488 σὸι.
2171 5423 2264 5490 Sic
2294 5423 2508 5507 legitur
2536 5435 2710 5493 etiam
2740 5436 2800 5494 in
2822 5423 3150 5494 Annalibus
3175 5435 3286 5508 (ed.
3335 5439 3464 5493 Par.
3498 5454 3556 5510 p.
3594 5438 3744 5512 107),

332 5494 434 5550 ubi
465 5494 697 5553 Nicetes
725 5497 844 5554 fere
873 5500 1076 5558 eodem
1105 5501 1240 5560 fuco
1271 5517 1443 5560 suam
1473 5509 1798 5561 orationem
1822 5508 2011 5564 ornat.
2047 5506 2132 5563 Cf.
2167 5505 2273 5564 0d.
2307 5511 2364 5560 Δ.
2397 5506 2525 5562 228.

403 5610 520 5687 (13)
550 5610 686 5676 Vid.
713 5617 934 5690 Heyne.
963 5615 1006 5674 ι.
1037 5631 1090 5684 ο.
1119 5633 1182 5690 p.
1209 5615 1303 5675 31.
