4120 6284
350 277 504 340 1055

1663 263 1970 327 NICET/E
2014 267 2440 332 CHONIATJE

3619 276 3786 336 1056

349 413 586 476 bantur,
620 407 788 480 quasi
821 405 1252 478 programmate
1285 399 1562 457 rhedarise
1607 399 2000 454 dexteritatis:

2117 402 2216 465 τῆς
2293 399 2644 481 διφρευτικῆς
2718 403 3128 480 προγράμματα
3195 401 3528 476 δεξιότητος,
3601 425 3774 480 μονον

349 501 469 557 situ
503 514 784 554 manuum
820 501 1046 551 tantum
1084 509 1198 547 non
1230 489 1382 546 clare
1416 487 1700 544 rhedariis
1726 495 2012 560 praecepta

343 593 571 656 dantes,
606 587 760 658 quod
794 585 864 642 ad
903 588 1112 639 metam
1147 580 1514 646 accedentes,
1551 593 1664 633 non
1717 581 2011 648 oporteret

347 679 610 736 habenas
669 677 880 742 laxare,
943 673 1046 728 sed
1105 669 1460 726 retrahendo
1522 668 1752 724 frenum
1828 683 2011 739 equos

347 769 601 839 ﬂectere,
635 783 700 822 ac
733 761 1102 834 frequentius
1127 759 1654 828 vehementiusque
1687 755 1878 812 calcar
1909 757 2009 810 ad-

343 859 500 927 dere,
537 861 604 912 ut
635 853 896 926 proxime
949 855 1168 907 metam
1225 846 1490 904 conversi
1545 847 1864 902 instantem
1905 845 2012 900 ad-

345 945 670 1003 versarium
703 945 980 1014 cogerent
1005 939 1272 996 latiorem
1315 936 1628 992 circuitum
1681 936 2007 1002 decurrere,

343 1051 406 1091 se
466 1037 830 1107 postremum
913 1031 1252 1095 adventare,
1307 1025 1538 1082 etiamsi
1621 1024 2011 1080 velocioribus

353 1125 519 1198 equis
548 1123 858 1180 veheretur
889 1125 1064 1192 atque
1090 1123 1276 1175 artem
1324 1113 1632 1190 aurigandi
1687 1113 1864 1186 probe
1895 1113 2012 1170 cal-

346 1214 512 1272 leret.

417 1304 506 1360 12-
537 1303 841 1358 Enimvero
871 1301 994 1355 haec
1037 1313 1276 1371 quoque
1335 1296 1550 1352 addere
1609 1295 1802 1350 visum
1863 1297 1952 1348 est
1995 1310 2008 1359 ;

352 1409 693 1466 quanquam
735 1391 794 1445 in
827 1389 1128 1461 proposito
1173 1403 1286 1441 non
1349 1389 1440 1442 est
1495 1383 1692 1440 omnia
1750 1382 2008 1454 perseri-

349 1486 503 1540 bere.
541 1481 878 1537 Gratiosum
904 1475 1306 1550 spectaculum
1339 1483 1395 1530 et
1438 1473 1684 1530 artificio
1741 1471 2008 1528 omnium

354 1590 501 1646 pene
531 1569 1036 1626 mirabilissimam
1069 1566 1223 1622 basis
1249 1570 1373 1622 erat
1411 1563 1660 1634 lapidea,
1693 1561 1784 1617 cui
1834 1561 2014 1632 impo-

361 1664 544 1719 situm
578 1659 817 1726 animal,
871 1657 1026 1730 quod
1096 1659 1338 1712 eatenus
1397 1653 1633 1708 nonnisi
1679 1650 2012 1706 dubitanter

2115 490 2244 567 ουχῖ
2299 488 2630 567 διαπρυσίως
2687 498 2754 568 τῇ
2823 493 3056 559 διαθέσει
3115 495 3160 530 ⁵³
3213 498 3320 550 τῶν
3381 498 3582 568 χειρῶν
3649 499 3776 556 τοῖς

2115 577 2477 657 διφρηλάταις
2505 585 2960 660 παρεγγυώμενοι
3017 587 3064 623 ⁵⁸
3119 585 3194 646 ὡς
3250 587 3361 663 χρὴ
3405 584 3778 661 προσπελῶν-

2112 690 2208 730 τας
2240 675 2308 744 τῇ
2339 671 2505 746 νύσσῃ
2558 675 2634 746 μή
2687 673 2891 750 ἐφεῖναι
2939 677 3006 729 τὰ
3053 674 3283 750 χαλινὰ,
3323 673 3450 730 ἁλλ’
3505 673 3776 750 ἐγκλίνειν

2115 759 2496 835 ἀνασειρασμῷ
2535 764 2662 825 τοὺς
2693 761 2904 826 ’ίππους
2961 763 3050 818 καὶ
3113 769 3332 838 συνεχεῖ
3383 762 3474 818 καὶ
3531 762 3773 844 σφοδρο-

2113 847 2255 923 τέρῳ
2295 855 2534 924 χρῆσθαι
2585 857 2664 924 τῷ
2721 853 2930 926 μύωπι,
2993 853 3142 914 ὅπως
3193 851 3626 927 περικλώμενοι,
3671 860 3772 924 τῆς

2113 938 2312 1008 νύσσης
2343 939 2602 1013 ἐχόμενοι
2647 942 2714 1008 ⁵³,
2767 942 2893 996 ἐῶσι
2941 942 3033 996 τὸν
3091 941 3453 1016 συντρέχοντα
3483 942 3528 977 ⁸⁸
3559 941 3775 998 ἀντίτε-

2115 1047 2248 1102 χνον
2289 1031 2388 1098 τήν
2421 1029 2481 1084 ἐκ
2509 1027 2767 1102 περιόδου
2825 1031 2870 1067 ⁵⁷
2927 1029 3052 1101 ἐλᾷν
3110 1031 3200 1086 καὶ
3232 1032 3455 1086 ὕστατον
3489 1025 3773 1106 ἔρχεσθαι,

2113 1115 2208 1170 κᾶν
2235 1114 2442 1179 ⁶ίππους
2476 1116 2916 1192 δρομικωτὲρους
2945 1122 3152 1194 ὴνιοχῇ
3185 1119 3276 1174 καὶ
3315 1120 3362 1156 ⁵³
3391 1122 3493 1189 τὴν
3525 1117 3776 1194 ἁμιλλη-

2111 1207 2301 1280 ττςριον
2334 1206 2536 1280 τέχνην
2569 1207 2748 1282 ὁρῷτο
2780 1209 2826 1245 ‘9
2855 1205 3206 1270 εὐπαίδευτος
3235 1209 3302 1264 ⁸ο.

2187 1296 2276 1367 ιβ“,
2339 1295 2398 1350 Ὁ
2466 1292 2522 1350 δὲ
2577 1294 2739 1371 Λόγος
2799 1295 2886 1350 καὶ
2957 1293 3098 1350 ἄλλο
3135 1317 3186 1351 τι
3228 1297 3526 1371 προσθήσει
3575 1299 3617 1334 ⁸¹
3649 1301 3770 1358 τοῖς

2114 1382 2450 1456 εἰρημένοις·
2553 1381 2680 1439 οὐδὲ
2782 1385 2886 1460 γάρ
2963 1385 3372 1460 συγγράψασθαι
3444 1386 3513 1440 τὰ
3593 1385 3772 1440 πάντα

2112 1469 2400 1546 προῦθετο.
2470 1473 2667 1545 Χάριεν
2731 1473 2827 1540 τήν
2897 1471 3018 1527 θέαν
3085 1473 3176 1527 καὶ
3239 1475 3342 1542 τὴν
3403 1474 3602 1550 τέχνην
3675 1495 3770 1546 μι-

2112 1565 2246 1634 κροῦ
2299 1565 2407 1616 τῶν
2459 1559 2676 1616 πάντων
2729 1563 3171 1636 θαυμασιώτερον
3227 1563 3380 1636 βάσις
3435 1563 3501 1631 ἦν
3553 1560 3765 1632 λιθίνη,

2113 1651 2202 1704 καὶ
2257 1650 2338 1704 ἐπ’
2396 1651 2569 1720 αὐτῆς
2617 1649 2978 1725 χαλκήλατον
3029 1655 3184 1719 ζῶον,
3239 1653 3386 1728 παρὰ
3430 1655 3688 1707 τοσοῦτον
3718 1653 3770 1688 ⁸2

351 1753 558 1808 bovem
591 1750 1006 1820 repraesentare
1029 1743 1441 1816 judicavisses,
1479 1746 1767 1812 quatenus
1801 1737 2000 1794 brevis-

2117 1738 2216 1793 οὐκ
2281 1740 2688 1812 ἀναμφήριστον
2766 1741 2814 1777 ⁸³
2894 1741 3020 1814 βοῦν
3089 1739 3374 1810 εἰκονίζον,
3441 1743 3568 1814 παρ’
3639 1742 3764 1796 ὃσον

351 1838 505 1894 sima
535 1837 743 1905 cauda,
777 1851 966 1906 neque
997 1838 1116 1890 tam
1151 1831 1364 1903 amplis
1397 1829 1731 1902 palearibus
1781 1827 2000 1882 instru-

354 1931 510 1984 ctum
548 1931 674 1983 erat
705 1923 1036 1994 cuiusmodi
1071 1927 1210 1978 sunt
1241 1919 1490 1992 Egyptii
1549 1919 1722 1975 boves
1757 1932 1772 1972 :
1818 1930 2006 1987 neque

357 2017 496 2072 item
526 2016 654 2086 ejus
685 2013 908 2086 ungula
935 2015 1060 2068 erat
1089 2009 1338 2066 bisulca.
1371 2011 1568 2080 Ipsum
1611 2023 1743 2062 vero
1799 2005 2007 2061 maxil—

351 2105 428 2160 lis
459 2105 763 2160 admotum
791 2101 1026 2157 tcnebat
1053 2099 1210 2156 aliud
1245 2098 1464 2153 animal
1495 2096 1818 2154 constrictu
1857 2111 2003 2165 pras-

355 2195 584 2262 fucans,
619 2193 772 2264 quod
809 2195 929 2247 toto
987 2206 1227 2262 corpore
1289 2187 1558 2260 squamis
1609 2186 2004 2252 muniebatur,

353 2283 431 2338 ita
463 2281 706 2354 asperis,
743 2285 808 2336 ut
840 2279 966 2336 sine
1027 2279 1261 2334 Iasiona
1317 2277 1412 2330 vix
1470 2275 1730 2347 contingi
1785 2277 2003 2346 posset.

357 2372 681 2427 Putabatur
714 2374 909 2425 autem
943 2368 1190 2424 alterum
1223 2383 1347 2422 esse
1377 2365 1690 2420 basiliscus
1715 2385 1730 2432 ;
1753 2363 2002 2419 alterum

349 2478 505 2529 vero,
541 2461 696 2532 quod
733 2459 802 2514 ad
839 2476 901 2514 os
932 2457 1094 2512 illius
1152 2457 1456 2512 admotum
1513 2459 1572 2509 et
1619 2453 1998 2510 constrictum

349 2549 684 2619 tenebatur,
719 2565 822 2620 pro
855 2547 1056 2616 aspide
1107 2544 1452 2600 habebatur.
1487 2543 1602 2600 Nec
1635 2543 1873 2598 deerant
1903 2542 2004 2612 qui

355 2641 773 2710 conjectarent,
813 2637 1058 2693 alterum
1118 2634 1405 2690 Niliacum
1467 2633 1694 2700 bovem,
1754 2631 2004 2686 alterum

354 2744 487 2784 vero
519 2726 876 2783 crocodilum
937 2742 1060 2782 esse
1119 2723 1253 2796 (16).
1314 2724 1428 2792 Ego
1463 2737 1598 2778 vero
1659 2720 1804 2776 nihil
1864 2737 2002 2776 curo

355 2817 778 2872 sententiarum
839 2814 1198 2870 varietatem.
1261 2811 1457 2868 Dicam
1535 2809 1726 2866 solum
1789 2824 2002 2864 novum

353 2905 666 2978 quodpiam
694 2905 844 2960 867
881 2902 1138 2959 certandi
1170 2918 1356 2972 genus
1387 2900 1448 2956 in
1479 2903 1726 2970 utroque
1779 2901 2001 2968 specta-

345 2999 470 3050 tum
493 3010 660 3062 esse;
687 2994 770 3048 ita
792 2997 855 3046 ut
876 2992 1047 3048 ambo
1072 2991 1293 3046 malum
1343 2990 1620 3045 inferrent
1672 2991 1728 3042 et
1777 2985 1999 3058 accipe-

347 3087 822 3153 rent,utaumque
853 3080 1249 3136 adversarium
1283 3081 1595 3135 conficeret
1633 3081 1688 3133 et
1745 3077 2000 3132 vicissim

349 3173 757 3237 conﬁceretur,
789 3173 1092 3240 superaret
1123 3173 1179 3224 et
1209 3173 1583 3240 superaretur
1611 3184 1624 3222 :
1678 3167 1848 3222 ambo
1898 3166 2001 3237 igi-

355 3269 445 3315 tur
473 3259 780 3314 vincebant
812 3261 868 3313 et
899 3257 1294 3312 vincebantur.
1355 3257 1502 3312 Nam
1559 3255 1802 3310 alterum
1863 3255 1996 3324 qui-

347 3349 614 3420 dem,pro
643 3346 915 3402 basilisco
947 3346 1236 3414 habitum,
1272 3361 1306 3400 a
1335 3345 1522 3416 capite
1554 3360 1736 3414 usque
1767 3343 1840 3398 ad
1871 3343 1996 3398 cal-

349 3453 474 3494 cem
509 3437 724 3508 pedum
756 3433 1211 3504 intumescebat,
1245 3437 1418 3504 atque
1451 3432 1844 3504 mruginosum
1885 3437 1998 3488 toto

348 3541 588 3598 corpore
629 3543 782 3581 ranae
815 3524 1006 3580 colore
1029 3523 1273 3578 viridius
1305 3527 1444 3589 erat,
1479 3522 1618 3593 quia
1657 3521 1814 3576 virus
1845 3525 1998 3577 totos

345 3614 622 3672 animalis
683 3619 848 3670 artus
926 3615 1308 3682 occupaverat
1367 3617 1422 3666 et
1480 3609 1686 3666 mortis
1745 3609 1996 3665 colorem

343 3701 662 3758 induxerat
692 3721 706 3770 ;
741 3701 798 3756 in
832 3717 983 3772 genu
1017 3702 1208 3770 itaque
1249 3698 1460 3754 ﬂexum
1515 3702 1663 3767 erat,
1695 3697 1996 3752 oculorum

346 3791 500 3848 acies
555 3791 864 3858 exstincta,
925 3787 1084 3844 vitali
1146 3786 1486 3844 fortitudine
1557 3791 1995 3854 marcescente;

349 3882 465 3936 imo
495 3897 628 3936 vero
685 3879 1095 3935 aestimandum
1155 3875 1558 3948 spectantibus
1615 3874 1995 3945 relinquebat,

334 3969 452 4040 jam
489 3969 588 4024 diu
627 3973 922 4024 mortuum
955 3966 1258 4038 lapsurum
1295 3964 1622 4034 fuisse,nisi
1655 3963 1864 4036 plantae
1899 3979 1996 4035 pe-

345 4058 486 4112 dum
521 4056 945 4112 sustinuissent
977 4071 1042 4110 ac
1075 4071 1175 4125 per
1205 4069 1268 4109 se
1297 4057 1502 4124 suapte
1528 4055 1713 4108 forma
1740 4057 1994 4107 erectum

340 4149 694 4200 servassent.
731 4144 988 4199 Alterum
1022 4143 1157 4198 item
1193 4143 1408 4198 animal
1445 4141 1698 4196 maxillis
1747 4141 1994 4196 constri-

341 4239 524 4302 ctum,
552 4234 678 4304 jam
712 4233 1021 4288 remissius
1054 4233 1302 4288 caudam
1343 4247 1602 4300 movens,
1635 4231 1818 4285 hianti
1874 4247 1988 4298 ore,

341 4323 500 4395 quod
536 4321 852 4379 molaribus
887 4325 1261 4392 premeretur,
1294 4323 1641 4376 contendere
1665 4319 1990 4384 videbatur,

341 4420 404 4468 ut
433 4430 466 4468 a
499 4417 666 4485 septo
701 4411 963 4467 dentium
997 4414 1054 4466 et
1084 4427 1117 4466 a
1149 4425 1344 4466 morsu
1377 4425 1506 4464 sese
1573 4409 1844 4479 eriperet.
1879 4407 1994 4464 Nec

2119 1829 2497 1904 βραχύκερκον
2547 1829 2638 1899 ἦν,
2696 1827 2836 1902 μηδὲ
2887 1829 3101 1904 βαθεῖαν
3135 1831 3383 1894 καθεικὸς
3413 1833 3458 1867 ⁸⁸
3491 1831 3766 1907 φάρυγγα,

2116 1917 2234 1970 οἳαν
2269 1918 2322 1971 οἱ
2353 1915 2644 1991 Αἱγύπτιοι
2698 1918 2821 1993 βόες
2869 1917 3146 1996 τρέφουσι,
3176 1919 3314 1992 μήτε
3347 1921 3456 1992 μὴν
3487 1919 3532 1956 ⁸⁵
3561 1917 3770 1993 χηλαῖς

2115 2003 2506 2077 ὁπλιζόμενον.
2560 2011 2790 2080 Συνεῖχε
2848 2003 2904 2060 δὲ
2963 2007 3121 2061 τοῦτο
3177 2011 3298 2068 ταῖς
3351 2005 3533 2082 γένυσι
3573 2009 3664 2062 καὶ
3694 2007 3770 2070 εἷς

2113 2100 2323 2168 πνῖγμα
2351 2089 2634 2149 συνέθλιϐε
2667 2099 2803 2164 ζῶον
2841 2091 3052 2168 ἕτερον,
3099 2093 3170 2150 δι’
3224 2094 3360 2150 δλου
3389 2101 3485 2152 τοῦ
3515 2098 3772 2170 σώματος

2115 2181 2296 2238 λεπίσι
2355 2183 2792 2258 θωρακιζόμενον
2853 2185 2997 2239 οὕτω
3053 2185 3360 2260 τραχείαις,
3429 2185 3504 2248 ὡς
3559 2187 3650 2242 καὶ
3711 2185 3766 2242 ἐν

2114 2272 2310 2347 χαλκῷ
2371 2272 2558 2328 λυπεῖν
2613 2274 2702 2327 τὸν
2759 2273 3079 2346 ἀπτόμενον.
3121 2275 3314 2342 ’ᾘδετο
3347 2273 3404 2328 δὲ
3443 2275 3505 2328 τὸ
3541 2276 3633 2347 μὲν
3667 2277 3770 2350 βα-

2115 2361 2361 2416 σιλίσκον
2420 2363 2576 2432 εἶναι,
2639 2363 2700 2416 τὸ
2761 2359 2816 2416 δέ
2875 2359 3093 2434 ἀσπίδα,
3153 2363 3212 2417 τὸ
3271 2363 3768 2437 συμμαρπτόμενον

2111 2452 2309 2506 τούτου
2341 2457 2420 2524 τῷ
2451 2452 2706 2524 στόματι·
2775 2454 2876 2507 οὐκ
2921 2451 3153 2528 ,ὀλίγοις
3203 2449 3260 2507 δὲ
3289 2453 3351 2508 τὸ
3387 2454 3480 2526 μὲν
3519 2453 3764 2526 Νειλῷος

2119 2543 2270 2617 βοῦς,
2331 2542 2390 2596 τὸ
2445 2539 2502 2595 δὲ
2557 2537 2909 2614 κροκόδειλος
2965 2541 3094 2596 εἶναι
3153 2541 3420 2610 εἰκάζετο.
3475 2543 3632 2614 Ἐμοὶ
3673 2543 3765 2614 μὲν

2115 2630 2208 2684 οὖν
2242 2631 2302 2686 οὐ
2339 2629 2504 2704 μὲλεν
2538 2634 2632 2685 τοῦ
2661 2635 2766 2685 τῶν
2811 2627 2984 2700 δοξῶν
3016 2630 3279 2703 ἀνομοίου
3309 2633 3373 2700 ⁸⁸,
3415 2631 3584 2686 εἰπεῖν
3619 2629 3676 2686 δὲ
3702 2633 3763 2688 τὸ

2112 2721 2303 2790 καινήν
2365 2741 2482 2774 τινα
2535 2721 2634 2789 τήν
2689 2721 2732 2756 ⁸⁷
2793 2719 2974 2790 πάλην
3029 2719 3335 2796 ἀμφότερον
3383 2719 3641 2790 τίθεσθαι,
3675 2719 3766 2775 καὶ

2115 2808 2242 2884 δρᾷν
2302 2807 2352 2863 ἐν
2413 2809 2562 2884 μὲρει
2621 2809 2709 2863 καὶ
2775 2807 3004 2885 πάσχειν
3089 2813 3269 2870 κακῶς
3339 2809 3427 2863 ὑπ’
3493 2808 3755 2880 ἀλλήλων

2113 2900 2358 2974 ἑκάτερα,
2417 2895 2648 2953 ὀλλύναι
2710 2915 2768 2952 τε
2793 2898 2882 2952 καὶ
2941 2893 3231 2968 ὅλλυσθαι,
3291 2897 3380 2952 καὶ
3437 2904 3648 2974 κρατεῖν
3703 2897 3752 2953 ἐν

2110 2987 2290 3059 ταύτῷ
2346 2988 2392 3024 ⁸⁸
2449 2986 2538 3040 καί
2592 2991 2924 3062 κρατεῖσθαι,
2982 2987 3073 3042 καὶ
3125 2991 3274 3058 νικᾷν
3331 2985 3492 3064 ἄμφω
3539 2987 3624 3041 καί
3665 2987 3753 3042 ὑπ’

2111 3077 2375 3148 ἀλλήλων
2408 3075 2888 3132 καταπαλαίεσθαι.
2935 3077 3013 3134 Τὸ
3069 3078 3162 3150 μὲν
3217 3079 3321 3152 γὰρ
3374 3079 3400 3132 ὁ
3449 3077 3534 3131 καὶ
3583 3097 3748 3153 φημι-

2115 3168 2342 3240 ζόμενος
2393 3166 2705 3242 βασιλίσκος
2766 3163 3025 3238 διῳδήκει
3083 3165 3222 3220 ἃπαν
3275 3165 3333 3221 ἐκ
3374 3163 3608 3240 κεφαλῆς
3643 3163 3747 3229 ἓως

2109 3256 2196 3311 καῖ
2229 3257 2393 3311 αὐτοῦ
2421 3261 2517 3311 τοῦ
2545 3261 2653 3312 τῶν
2685 3253 2866 3310 ποδῶν
2903 3255 3182 3330 πέλματος
3213 3257 3280 3324 ⁸ο,
3305 3257 3394 3311 ναὶ
3423 3256 3752 3330 κατιωμένον

2111 3343 2240 3400 ὅλον
2301 3347 2364 3400 τὸ
2423 3349 2581 3418 σῶμα
2635 3344 2724 3399 καὶ
2795 3345 2926 3420 ὑπὲρ
2984 3346 3046 3400 τὸ
3107 3347 3438 3422 βατράχειον
3469 3347 3514 3384 ¹¹⁰
3553 3351 3758 3421 χρῶμα

2109 3433 2404 3509 ἐχλώριζε,
2434 3439 2530 3489 τοῦ
2580 3435 2868 3510 φαρμάκου
2919 3431 3312 3508 διαδραμόντος
3354 3439 3454 3502 τήν
3483 3439 3581 3488 τοῦ
3617 3437 3758 3504 ζώου

2113 3523 2393 3597 ξύμπασαν
2447 3521 2686 3598 διαρτίαν
2755 3525 2844 3578 καὶ
2905 3523 2982 3586 εἰς
3043 3523 3258 3587 θάνατον
3309 3525 3648 3596 χρώσαντος·
3685 3524 3764 3586 εἷς

2109 3614 2240 3686 γόνυ
2298 3613 2476 3668 τοίνυν
2545 3611 2800 3682 συνίζανε,
2862 3613 2924 3667 τὸ
2983 3609 3136 3685 ὄμμα
3187 3606 3405 3666 ἕσϐεστο
3455 3618 3556 3680 τῆς
3589 3617 3763 3681 ζωτι-

2110 3708 2212 3770 κῆς
2285 3699 2714 3776 ἐκμαρανθείσης
2792 3699 3090 3774 δυνάμεως.
3157 3698 3381 3757 Μᾶλλον
3492 3701 3589 3774 μὲν
3668 3701 3761 3757 οὗν

2112 3788 2291 3846 ἐδίδου
2345 3795 2466 3854 τοῖς
2521 3792 2688 3864 ὁρῶσι
2752 3789 2993 3861 δοξάζειν
3053 3792 3126 3852 ὡς
3181 3789 3349 3845 πάλαι
3379 3787 3439 3844 ἂν
3471 3787 3764 3864 ἀνατέτρα-

2109 3900 2212 3934 πτο
2243 3881 2531 3955 νεκρωθὶν,
2565 3881 2610 3934 εί
2655 3883 2728 3953 μὴ
2763 3885 2871 3935 τῶν
2921 3877 3106 3936 ποδῶν
3139 3880 3194 3933 αἱ
3229 3878 3410 3955 βάσεις
3469 3877 3764 3954 ὑπήρειδον

2109 3969 2200 4023 καὶ
2231 3971 2368 4045 πρὸς
2417 3970 2601 4024 στάσιν
2673 3971 2966 4043 ὑπανεῖχον
3024 3967 3227 4044 ὄρθιον.
3277 3970 3380 4026 Ἦν
3437 3965 3496 4024 δὲ
3547 3969 3638 4024 καὶ
3669 3967 3762 4023 θά-

2109 4077 2262 4132 τερον
2318 4057 2550 4131 ὁμοίως,
2604 4058 2666 4111 τὸ
2727 4063 2846 4119 ταῖς
2901 4058 3110 4131 γένυσιν
3161 4055 3538 4131 ἐνισχόμενον,
3583 4057 3760 4134 βραχὺ

2111 4147 2206 4220 μὲν
2265 4147 2326 4200 τὸ
2387 4147 2606 4218 οὐραῖον
2690 4145 2979 4220 ἆσπαῖρον,
3069 4145 3210 4220 μέγα
3281 4145 3337 4200 δὲ
3393 4147 3627 4221 κεχηνὸς
3683 4149 3763 4218 τῷ

2110 4236 2455 4310 ἀπάγχεσθαι
2512 4241 2581 4310 τῇ
2637 4239 2745 4290 τῶν
2799 4235 3049 4312 γομφίων
3114 4238 3338 4309 ξυνοχῇ·
3399 4235 3491 4290 καὶ
3555 4237 3761 4308 ξυντεί-

2108 4336 2285 4388 νεσθαι
2323 4325 2418 4397 μὲν
2451 4323 2606 4396 ἐῴκει
2651 4325 2742 4378 καὶ
2800 4323 2972 4398 ὀρμᾷν
3021 4326 3305 4400 πειρᾶσθαι
3336 4328 3432 4378 τοῦ
3459 4327 3568 4379 τῶν
3600 4322 3762 4379 ὀδόν-

2107 4433 2214 4468 των
2241 4410 2436 4488 ἕρκους
2495 4410 2767 4467 διεκδῦναι
2825 4412 2916 4466 καὶ
2974 4411 3272 4468 διεκπεσεῖν
3325 4417 3422 4467 τοῦ
3452 4413 3758 4488 χάσματος.

339 4507 566 4574 poterat
597 4507 818 4572 tamen,
851 4501 988 4572 quia
1019 4515 1150 4556 cum
1183 4498 1446 4554 humeris
1493 4501 1550 4554 et
1599 4497 1992 4554 anterioribus

2115 4501 2200 4556 >ὐκ
2233 4501 2390 4576 ἴσχυε
2422 4499 2498 4570 δὲ,
2535 4500 2617 4556 ὅτι
2646 4503 2712 4556 τὰ
2763 4502 2898 4574 μετὰ
2941 4503 3069 4564 τοὺς
3122 4499 3309 4574 ὣμους
3343 4499 3495 4562 εὐθὺς
3535 4501 3627 4556 καὶ
3651 4505 3760 4557 τῶν

343 4595 590 4666 pedibus
621 4592 882 4666 corporis
915 4595 1133 4664 partes,
1167 4607 1294 4661 quae
1326 4589 1524 4645 cauda;
1549 4589 1773 4659 junctae
1803 4593 1992 4658 erant,

341 4687 400 4742 in
433 4687 595 4744 horis
624 4687 790 4743 hiatu
823 4683 1278 4742 continebantur
1337 4681 1712 4754 maxillisque
1756 4681 1995 4736 conﬁxae

333 4779 710 4850 erant.Atque
739 4776 822 4833 ita
851 4789 979 4832 sese
1008 4771 1110 4830 illa
1142 4775 1350 4828 mutua
1385 4771 1538 4827 caede
1587 4769 1990 4840 conﬁciebant,

2105 4586 2293 4645 ποδῶν
2339 4590 2466 4651 τοὺς
2507 4587 2897 4664 ἐμπροσθίους,
2955 4590 3045 4644 καὶ
3087 4589 3188 4644 ὃσα
3241 4593 3321 4660 τῷ
3378 4589 3582 4665 οὐραίῳ
3641 4610 3760 4645 συν-

2105 4677 2342 4750 ήπτοντο
2377 4677 2514 4753 μέρη
2547 4683 2645 4733 τοῦ
2678 4679 2952 4752 σώματος,
3011 4680 3046 4748 ἡ
3087 4681 3185 4732 τοῦ
3245 4678 3516 4750 στόματος
3545 4679 3756 4754 ξυνεῖχε

2105 4765 2382 4832 διάστασις
2437 4768 2480 4804 ⁷¹
2537 4767 2629 4822 καὶ
2695 4772 2813 4830 ταῖς
2867 4767 3075 4844 γένυσιν
3161 4765 3478 4840 ἐνεπείρετο.
3535 4769 3634 4826 Καὶ
3691 4767 3758 4823 τὰ

1589 4895 1812 4964 Variae
1841 4897 2164 4965 lectiones
2205 4905 2270 4964 et
2297 4905 2500 4966 notae.

401 5035 448 5072 ⁵-³
475 5037 534 5090 Β.
571 5033 732 5108 θέσει.
845 5035 980 5108 δέ,
1012 5031 1467 5108 παρεγγυόμενοι.

331 5177 378 5211 ⁶⁰
411 5179 474 5232 In
489 5173 562 5232 Ὀ.
599 5177 659 5233 Β.
694 5173 756 5233 σι’
777 5178 942 5232 editt.
975 5173 1317 5236 ἂπαίδευτοςῖ

332 5248 626 5324 φώριστον..
739 5248 786 5282 ⁶⁶
817 5248 880 5302 Β.
913 5251 1029 5300 κατ’
1061 5248 1223 5309 εἰκός.

1431 5177 1476 5212 ⁶¹
1515 5177 1576 5248 F.
1605 5175 1914 5248 προσθέσει.

1335 5247 1383 5282 ⁶⁵
1421 5249 1482 5302 Β.
1519 5247 1632 5317 μὲν.

345 5411 520 5452 τασις.
555 5391 794 5448 Bekker.

332 5513 459 5566 erat
491 5509 655 5580 rubri
687 5507 896 5565 coloris
945 5505 1135 5580 (πέτρα
1186 5505 1327 5580 ὑπὲρ,
1368 5503 1683 5580 τῶνίτίππῳν
1711 5508 1809 5576 τὴν
1837 5527 1984 5580 καμ-

329 5581 442 5652 πὴν
505 5579 828 5652 ἃνεστηκυῖα
909 5575 1082 5657 χρόαν
1133 5575 1356 5652 πυρῥᾶ).
1421 5579 1503 5637 Cf.
1556 5575 1780 5652 Aloysii
1835 5575 1984 5638 Hii‘t.

1584 5031 1628 5066 ⁸⁸
1657 5031 1718 5090 C.
1755 5031 1819 5088 B.
1853 5039 1906 5088 et
1937 5031 2101 5088 editt.

331 5101 428 5158 δου
481 5103 786 5178 (περιόδῳ).
863 5105 910 5140 ⁵³
946 5099 1210 5162 Fortasse.
1238 5099 1548 5178 legendum
1581 5109 1670 5160 est
1695 5119 1709 5158 :
1739 5099 1852 5158 τίνα.
1887 5148 1901 5160 .
1933 5146 1945 5160 .
1975 5148 1988 5162 .

331 5177 378 5208 ιο
413 5179 470 5208 τυ.
502 5178 541 5208 n
599 5177 637 5208 η
695 5184 746 5208 ..ι
778 5178 920 5208 ...λιιι
976 5173 1296 5208 ἐφηίἓ-...ιλρ
1431 5177 1476 5208 ει
1517 5177 1551 5208 r:
1605 5175 1888 5208 κηποι-..

2115 5099 2348 5208 βόρῶτου

1744 5179 1914 5238 θέσει.
2029 5179 2078 5208 ⁶²
2109 5179 2166 5228 F.
2197 5179 2469 5229 τοιοῦτον.

1744 5246 1792 5280 ⁸⁸
1831 5249 1884 5302 F.
1919 5244 2167 5317 ἀνομίου.
2281 5247 2324 5281 ⁸⁷
2359 5247 2418 5302 F.
2448 5263 2469 5302 c

329 5315 736 5377 emendatione
767 5319 1032 5375 Bekkeri.
1065 5321 1124 5376 C.
1153 5320 1216 5374 B.
1246 5323 1302 5374 et
1333 5315 1620 5376 editiones
1657 5323 1984 5390 posuerunt
2011 5315 2305 5390 τέλματος.

2133 5027 2399 5154 ἓὲςόμενα.
2511 5030 2557 5066 ⁵⁸
2589 5031 2648 5087 Β.
2683 5031 2997 5106 συνέχοντα.
3111 5029 3152 5065 ⁸⁷
3205 5031 3264 5086 Β.
3311 5031 3413 5096 τήν
3465 5027 3516 5084 ἐν
3565 5031 3753 5104 περιό-

2189 5107 2330 5154 οῶτο
2365 5099 2710 5154 ἀπαίδευτος.
2747 5125 2772 5153 ‹‹
2814 5103 3146 5154 Lachmann
3181 5125 3230 5154 ››.
3345 5103 3392 5137 ⁵9
3433 5103 3491 5154 F.
3535 5103 3753 5154 ὁσώτω.

2188 5103 2330 5177 ρῶτο
2365 5103 2710 5177 ἀπαίδευτος,
2747 5125 2772 5153 ‹‹
2808 5103 3146 5177 Lachmann
3181 5125 3230 5156 ››.
3345 5103 3392 5137 ⁵9
3433 5103 3491 5160 F.
3515 5103 3754 5177 idpnﬁirm.

2581 5175 2628 5210 ⁶³
2667 5179 2725 5232 C.
2761 5177 2818 5229 Β.
2849 5174 3250 5248 ἀναφήριστον;
3297 5179 3358 5230 Β.
3411 5184 3464 5229 et
3512 5173 3578 5230 F.
3614 5173 3748 5228 ἀνα-

2581 5247 2663 5302 ttit
2709 5247 2829 5315 τήν.
2941 5245 2992 5280 ⁸⁸
3035 5251 3096 5302 Β.
3151 5243 3204 5298 ἐν
3251 5243 3452 5316 ταύτῳ.
3567 5247 3748 5316 “_Ex

2281 5247 2324 5281 ⁸⁷
2359 5247 2418 5302 F.
2448 5247 2663 5302 omittit
2709 5247 2829 5315 τήν.
2941 5247 2992 5280 ⁸⁷⁸
3034 5247 3096 5302 Β.
3151 5247 3204 5298 ἐν
3251 5247 3452 5316 ταύτῳ.
3567 5247 3613 5282 ⁸⁸
3663 5247 3742 5303 Ex

2281 5339 2305 5374 :.
2417 5319 2463 5354 7°
2490 5319 2554 5372 Β.
2588 5317 2719 5374 ὑπὲρ
2770 5315 3120 5374 Βατράγειον.
3213 5318 3253 5351 ⁷¹
3307 5315 3579 5374 Fortasse
3617 5313 3742 5372 διά-

2417 5319 2463 5354 ⁷⁰
2490 5319 2554 5372 Β.
2588 5317 2719 5391 ὑπὲρ
2769 5315 3120 5392 βατράχειον.

2093 5509 2302 5565 Hister.
2336 5509 2740 5575 architectum,
2777 5505 2872 5578 ΙΙΙ,
2907 5523 2964 5579 p.
2999 5508 3118 5562 146.

2167 5581 2278 5653 (16)
2307 5579 2438 5636 Vid.
2473 5579 2656 5652 Heyn.
2689 5579 2732 5636 Ι.
2763 5595 2815 5638 c.
2849 5595 2908 5651 p.
2939 5579 3046 5648 38.,
