4120 6284
318 402 479 463 105³7
1739 400 1836 462 GH
1847 401 1976 462 1101‘

2086 402 2215 462 LOG
2223 401 2326 464 IA.

3584 408 3745 470 1058

321 538 414 610 μὲν
450 532 626 597 οὕτως
682 533 820 604 ἦσαν
881 535 972 588 ὑπ’
1005 531 1244 603 ἀλλήλω
1273 534 1624 605 νεκρούμενα,
1664 533 1757 587 καὶ
1814 534 1973 601 κοινὴ

2091 552 2157 591 ac
2189 550 2501 593 commune
2559 540 2855 594 certamen
2913 540 3037 593 erat
3091 541 3150 594 et
3199 537 3439 610 aequalis
3467 541 3746 613 utrinque

319 626 414 700 μὲν
450 627 656 701 ἀμφοῖν
778 619 1016 695 ἅμιλλα,
1049 623 1203 690 κοινὴ
1267 619 1323 676 δὲ
1371 621 1461 676 καὶ
1495 623 1527 692 ή
1555 621 1750 694 ἄμυνα,
1781 622 1831 657 ⁷2
1857 623 1976 676 ἶσο-

2087 624 2350 692 victoria,
2386 643 2490 696 par
2519 625 2781 681 exitium.
2816 625 2953 680 Mihi
2986 629 3179 681 autem
3212 627 3270 681 in
3298 633 3552 685 mentem
3585 630 3746 686 subit

311 713 497 782 παλής
558 710 615 766 δὲ
673 713 708 780 ἡ
753 711 904 780 νίκη,
965 709 1268 788 σύντροχος
1327 707 1384 764 δὲ
1436 712 1524 764 καὶ
1614 711 1641 764 ὁ
1722 711 1970 771 θάνατος.

313 804 480 875 Ἐἷμοῖ
534 799 580 855 δ’
639 795 840 855 ἔπεισιν
899 799 944 834 ⁷³
1006 799 1172 854 εἰπεῖν
1235 800 1308 860 ὡς
1365 799 1426 853 τὸ
1484 801 1795 872 φθείρεσθαι
1838 800 1965 873 παρ’

314 890 580 961 ἀλλήλων
621 890 710 944 καὶ
769 887 862 944 σὺν
918 885 1194 958 ἀλλήλοις
1250 887 1548 962 ἀπάγεσθαι
1599 891 1699 957 τὴν
1761 887 1814 952 ἐς
1871 889 1970 941 Θά-

326 1000 484 1036 νατον
568 981 636 1034 τὰ
681 981 788 1032 τῶν
845 981 1024 1031 κακῶν
1092 977 1427 1056 κηρεσιφόρα
1493 977 1583 1030 καὶ
1660 977 1970 1051 ἀνθρώποις

332 1067 555 1141 ὀλέθρια
618 1069 693 1140 μή
757 1066 920 1140 μόνον
970 1065 1020 1119 ἐν
1054 1064 1257 1119 εἷ’κόσιν
1291 1065 1374 1135 εἶή
1409 1066 1457 1100 ⁷4
1496 1063 1906 1135 διατυποῦσθαι,
1937 1065 1972 1135 ἢ

317 1157 404 1210 καὶ
438 1160 562 1216 τοῖς
591 1153 994 1228 ἀλκιμωτέροις
1046 1158 1151 1207 τῶν
1209 1155 1358 1223 ξώων
1420 1158 1583 1208 τοῦτο
1643 1149 1974 1225 ἐπισυμϐαί-

317 1265 452 1316 νειν,
512 1243 660 1299 ἀλλᾶ
697 1244 784 1298 καὶ
850 1245 974 1316 παρ’
1035 1239 1208 1297 ἔθνεσι
1274 1244 1321 1279 ⁷⁵
1385 1242 1648 1317 συχνάκις
1705 1244 1969 1320 γίνεσθαι,

317 1336 484 1390 ὁποῖα
537 1339 655 1395 τοῖς
704 1331 996 1406 Ῥωμαίοις
1055 1335 1191 1404 ἡμῖν
1257 1331 1651 1406 ἐπεστράτξυσε
1737 1335 1804 1403 7a,
1873 1353 1976 1410 φο,

317 1428 495 1479 νῶντοι
531 1423 650 1477 κατ’
690 1419 956 1492 ἀλλήλων
990 1421 1059 1490 ⁷⁷,
1130 1420 1407 1494 ὁλλύμενοι
1448 1419 1673 1489 δυνάμει
1730 1423 1977 1496 Χριστοῦ

314 1516 415 1568 τοῦ
447 1509 928 1586 διασκορπίζοντος
961 1507 1086 1579 ἔθνη
1118 1510 1184 1564 τὰ
1212 1509 1339 1572 τοὺς
1371 1508 1652 1582 πολέμους
1683 1511 1976 1580 θέλοντατθ,

315 1600 408 1657 καὶ
452 1601 530 1674 μὴ
562 1599 858 1674 χαίροντος
888 1596 1132 1672 α’ίμπισιν,
1166 1598 1224 1660 ὅς
1270 1599 1359 1653 καὶ
1392 1596 1599 1653 δίκαιον
1651 1598 1733 1654 ἐπ’
1774 1597 1978 1654 ἀσπίδα
2091 1613 2148 1663 et
2181 1609 2517 1664 draconem.

311 1693 406 1748 καὶ
469 1692 785 1767 βασιλίσκον
848 1688 1112 1745 δείκνυσιν
1189 1687 1557 1760 ἐπιϐαίνοντα,
1627 1692 1719 1745 καὶ
1779 1691 1976 1746 λέοντα

322 1787 737 1841 καταπατοῦντα
776 1785 862 1839 καὶ
902 1781 1192 1858 δράκοντα.

1574 1908 1796 1976 Varia;
1821 1909 2143 1976 lectiones
2176 1917 2241 1976 et
2270 1917 2472 1978 notae.

395 2051 442 2088 ’τε
473 2052 658 2107 Verba
686 2050 844 2118 κοινή
889 2066 1078 2119 usque
1109 2051 1179 2105 ad
1213 2046 1389 2122 ἄμυνα
1420 2052 1637 2107 omissa
1658 2055 1798 2122 sunt
1830 2068 1864 2107 θ.
1889 2053 1946 2106 Β.

2086 2073 2087 2080 ‘
2113 2057 2184 2122 B_._
2211 2048 2267 2105 δὲ
2297 2047 2518 2122 ἔπεισιν.

322 2126 631 2198 στράτευσε.
707 2122 753 2156 77
786 2116 848 2178 Β.
877 2130 929 2178 et
962 2116 1023 2178 F.
1057 2116 1330 2197 φονοῦντα
1353 2123 1443 2175 καὶ
1475 2124 1589 2176 κατ’
1620 2121 1910 2192 αλλήλων.
1989 2121 2035 2157 ⁷⁸
2062 2129 2126 2181 Β.
2159 2116 2284 2192 ἔθνη
2319 2124 2409 2176 καί
2437 2120 2563 2185 τοὺς
2592 2120 2900 2195 πολέμους.

1505 2383 2146 2450 CHRONOLOGIA
2186 2385 2562 2452 NICETIE.

1296 2526 1456 2592 QU/E
1493 2526 1850 2585 ANNORUM
1910 2530 1998 2584 AB
2048 2529 2135 2584 EO
2194 2530 2768 2588 DESCRIPTORUM.

2617 2053 2662 2086 ⁷⁴
2693 2053 2754 2108 F.
2796 2045 2897 2109 ἔτι.
2988 2052 3032 2087 ⁷⁵
3054 2055 3111 2106 F.
3144 2044 3366 2107 ἔθνεσιν.

2089 713 2301 781 dicere,
2337 718 2574 770 mutuas
2605 715 2814 780 caedes,
2842 718 2898 769 et
2943 714 3096 769 868
3143 715 3412 774 lethifera
3458 720 3747 791 pernicio-

2085 818 2268 874 saque
2302 804 2371 858 ad
2421 804 2660 859 exitium
2717 804 3014 875 vergentia
3072 804 3226 861 mala
3281 821 3394 862 non
3457 808 3648 864 solum
3684 812 3743 865 in

2084 891 2444 964 imaginibus
2476 893 2722 964 exprimi
2772 909 2962 963 posse,
3017 909 3207 964 neque
3257 897 3405 966 apud
3454 898 3741 953 robustis-

2087 982 2241 1037 sima
2270 982 2456 1036 solum
2493 982 2768 1038 animalia
2799 982 3153 1051 contingere,
3201 986 3296 1038 sed
3359 986 3534 1042 etiam
3586 986 3744 1058 apud

2085 1074 2291 1142 gentes
2342 1071 2713 1142 plerumque,
2775 1087 2902 1141 quae
2958 1071 3126 1127 nobis
3180 1072 3459 1128 Romanis
3519 1075 3738 1131 bellum

2088 1161 2454 1229 intulerunt;
2492 1160 2599 1215 illae
2632 1159 2856 1216 scilicet
2888 1165 3153 1216 mutuam
3190 1162 3468 1219 adversus
3501 1179 3562 1218 se
3585 1164 3744 1235 ipsas

2086 1250 2299 1306 caedem
2334 1253 2648 1317 sectantes,
2675 1249 2894 1321 periere
2915 1250 3128 1304 virtute
3153 1251 3362 1307 Christi
3394 1253 3741 1325 dissipantis

2086 1343 2309 1410 gentes,
2345 1355 2471 1409 quae
2498 1337 2714 1394 bellum
2743 1338 2964 1406 volunt,
3017 1355 3206 1410 neque
3254 1342 3544 1413 sanguine
3592 1359 3741 1413 gau-

2087 1427 2301 1496 dentis,
2336 1429 2437 1499 qui
2469 1429 2641 1483 etiam
2668 1429 2898 1499 justum
2932 1445 3106 1498 super
3138 1429 3400 1500 aspidem
3437 1434 3492 1486 et
3523 1431 3738 1486 basili-

2091 1535 2256 1574 scum
2281 1517 2684 1574 ambulantem
2709 1518 3024 1588 exhibet,et
3043 1519 3485 1577 conculcantem
3508 1521 3734 1578 leonem

3460 2053 3508 2086 ’⁷⁵
3538 2053 3598 2108 F.
3631 2051 3766 2125 ἐπι-¹

571 2689 636 2749 et
664 2701 889 2747 rerum
926 2679 1046 2746 sub
1078 2679 1592 2770 imperazoribus
1619 2690 1966 2770 gestarum
2002 2681 2235 2750 seriem
2257 2683 2494 2773 paucis
2522 2683 2775 2752 indicat
2800 2685 3104 2772 (auctore
3144 2686 3492 2771 FABROTO).

369 2967 539 3042 Anni
1622 2970 1734 3026 Res
1765 2973 1962 3042 gestae.

332 3039 564 3094 Christi.

3089 2973 3239 3028 Anni
3272 2971 3694 3046 imperatorum

579 3111 898 3182 Imperator
925 3117 1172 3166 Au:st
1200 3115 1539 3178 COMNENUS,
1573 3129 1725 3167 anno
1759 3111 1986 3180 imperii
2011 3101 2102 3182 37,
2138 3129 2332 3169 mense
2364 3115 2395 3168 4
2425 3131 2558 3170 cum
2604 3114 2870 3182 dimidio,
2906 3116 2973 3169 15
3045 3115 3299 3172 Orientis
3375 3117 3731 3172 Occidentis.

507 3182 599 3255 die
631 3185 875 3254 Augusti
905 3184 1021 3238 vita
1049 3188 1281 3255 functus
1311 3191 1418 3239 est.
1453 3184 1636 3239 Nicet.
1675 3201 1804 3255 pag.
1841 3187 1892 3239 6.

3053 3187 3302 3243 JOANNES
3415 3189 3660 3244 HENRIC.

328 3253 466 3309 1117
577 3253 1319 3328 Huic’sueeessitJOANNEs
1370 3253 1689 3311 Comxaxus
1733 3256 1931 3324 Filius,
1964 3257 2022 3310 in
2075 3273 2250 3328 quem
2312 3274 2577 3328 proceres
2635 3262 2693 3314 et
2752 3257 2982 3328 cognati
3033 3263 3366 3316 COMNENUS.
3407 3263 3681 3328 QUINTUS.

504 3328 864 3396 conspirant.
898 3328 1244 3396 Conjuratos
1276 3327 1591 3382 clementer
1623 3333 1851 3384 tractat.
1885 3332 1937 3394 7,
1969 3329 2022 3382 8.

329 3396 466 3452 1l18
578 3398 979 3468 Expeditiones
1011 3399 1287 3454 adversus
1320 3399 1542 3455 Persas.
1575 3400 1629 3454 9.

329 3469 466 3523 1119

330 3541 471 3594 1120

327 3611 453 3666 1121
572 3608 810 3680 Scythas
844 3617 964 3682 arte
997 3612 1285 3682 profligat.
1314 3612 1400 3666 10.

327 3683 465 3737 1122
549 3685 782 3753 Contra
810 3681 1120 3748 Triballos,
1154 3681 1301 3753 quos
1353 3682 1451 3737 alii
1504 3681 1730 3737 Servios
1790 3682 2014 3752 dicunt,
2058 3683 2485 3751 expeditionem
2537 3685 2668 3740 init.
2723 3688 2980 3751 Quatuor

501 3752 1029 3880 1i1i02.2Manuelem
1062 3752 1377 3824 praesertim
1424 3759 1562 3808 natu
1615 3754 1951 3821 minimum,
1998 3756 2068 3810 ad
2111 3756 2426 3827 dignitates
2475 3757 2743 3827 publicas
2770 3758 2978 3812 evehit.

326 3897 463 3951 1123
573 3895 907 3951 Hunnicum
943 3894 1180 3950 bellum.
1220 3897 1309 3951 12.

324 3969 462 4022 1124
572 3968 862 4022 Traducto
894 3968 951 4020 in
985 3968 1277 4023 Orientem
1306 3966 1560 4022 exercitu
1595 3967 1665 4020 de
1688 3968 2110 4038 Persarmeniis
2141 3967 2440 4023 debellatis
2487 3969 2839 4038 triumphat.
2893 3971 2980 4024 13.

327 4040 465 4093 1125
517 4110 530 4112 _
573 4038 1006 4094 Persarmenios
1046 4040 1233 4094 denuo
1288 4038 1644 4112 aggreditur,
1691 4043 1746 4112 et
1788 4037 1938 4093 bello
1998 4040 2270 4112 fatigatos
2319 4057 2520 4110 pacem
2568 4037 2762 4110 petere
2806 4042 2982 4112 cogit.

503 4110 795 4182 Gangram
827 4116 1144 4181 expugnat,
1179 4127 1355 4181 quam
1389 4111 1570 4164 Persea
1596 4109 1778 4182 paulo
1805 4111 2218 4182 posticapiunt.
2257 4109 2345 4165 14’.

326 4181 463 4236 1126
573 4180 925 4238 ln'Ciliciam
959 4180 1399 4237 movet.Bacam
1430 4180 1736 4236 castellum
1785 4181 2250 4237 munitissimum
2304 4185 2360 4238 et
2409 4182 2773 4236 Anabarzam
2805 4198 2988 4253 expu-

540 4259 660 4309 nat.
684 4255 767 4308 15.

327 4325 463 4378 1127
499 4269 869 4380 εηῧξὸίξόιυε
902 4324 960 4378 in
991 4323 1360 4395 Coelesyriam
1391 4339 1523 4378 cum
1576 4323 1902 4378 Raimundo
1949 4327 2006 4378 et
2053 4324 2430 4378 Antiochenis
2479 4323 2799 4379 amicitiam
2850 4323 2978 4381 init.

504 4395 713 4519 Pizaetos
748 4396 1044 4519 diegitione
1075 4396 1297 4467 recipit,
1332 4395 1673 4466 Pherepum
1707 4398 2017 4464 expugnat,
2048 4401 2103 4449 et
2152 4395 2368 4451 variam
2418 4398 2612 4451 Martis
2664 4395 2848 4451 aleam
2887 4413 2982 4452 ex-

504 4482 622 4519 DOPI
655 4482 740 4519 ur.
865 4505 879 4519 .

502 4466 740 4537 paritur.
779 4467 844 4519 18
865 4505 879 4521 .

322 4535 462 4591 1128
507 4535 520 4537 “
573 4538 800 4610 Istrium
824 4537 1152 4610 etSezerim
1191 4537 1464 4606 debellat,
1494 4541 1552 4592 et
1585 4539 1894 4592 Persarum
1933 4536 2327 4592 Iconiensium
2373 4537 2604 4593 insidiis
2651 4536 2834 4593 elusis
2882 4543 2990 4610 By-

501 4609 761 4664 zantium
786 4609 954 4664 redit.
991 4609 1078 4664 19.
1218 4659 1228 4671 ,

323 4675 459 4733 1129
568 4681 769 4764 Fratre
792 4683 1020 4764 isaaﬁcﬁro
1051 4680 1331 4736 COMNENO
1365 4680 1425 4735 in
1458 4678 1704 4751 gratiam
1741 4682 1969 4749 recepto

2086 4696 2202 4735 was
2233 4681 2634 4751 expeditiones
2683 4682 2742 4736 in
2778 4685 2985 4737 Persas

495 4754 761 4824 suscipit.
791 4755 884 4821 21,
914 4754 1006 4808 22.

321 4820 456 4895 1130
565 4823 916 4895 Tyrannum
938 4823 1392 4895 Trapezuntium
1426 4820 1666 4877 invadit.
1699 4821 1788 4875 22.

321 4891 452 4966 1131
568 4891 959 4966 Ρὲτεαβίὺοιιο
996 4893 1218 4966 fatigat.
1251 4896 1340 4949 23.

320 4961 458 5016 1132
543 4969 717 5035 ,Dum
750 4961 1184 5020 Neocaesaream
1216 4965 1465 5031 obsidet,
1494 4963 1737 5020 Joannes
1760 4962 2072 5019 COMNENUS
2131 4979 2311 5035 nepos
2371 4966 2443 5020 ad
2501 4965 2810 5020 Sultanum
2866 4968 2988 5021 Ico-

496 5034 760 5090 niensem
791 5035 1004 5091 deficit.
1039 5037 1129 5090 24.

319 5103 458 5159 1133
571 5105 792 5161 Iterum
827 5106 886 5160 in
922 5106 1121 5162 Persas
1150 5111 1359 5163 movet.
1390 5106 1482 5160 24.

313 5173 455 5231 4134
565 5176 882 5248 Phrygiam
911 5182 1320 5247 praetervectus
1353 5174 1682 5248 provincias
1713 5184 1766 5232 et
1806 5176 2046 5232 ﬁnitima
2091 5177 2310 5248 oppida
2357 5178 2573 5234 rectius
2633 5179 2986 5234 constituere

492 5247 713 5321 studet,
736 5247 805 5303 iet
829 5249 1155 5318 perduelles
1187 5247 1476 5321 quosdam
1503 5247 1653 5321 bello
1678 5248 1914 5317 frangit,
1939 5250 2037 5321 25.

313 5317 452 5374 1135
488 5390 524 5392 η
558 5317 890 5392 Alexiusfet
922 5317 1292 5376 Andronicus
1322 5321 1569 5377 Joanms
1599 5319 1861 5374 COMNENI
1894 5319 1997 5375 ﬁlii
2030 5320 2234 5376 morbo
2262 5325 2530 5391 pereunt,
2573 5324 2736 5392 patre
2766 5321 2829 5377 in
2871 5321 2986 5377 bel-

487 5390 562 5447 lis
594 5389 854 5464 externis
886 5397 1191 5464 occupato.
1229 5393 1320 5446 25.

315 5461 450 5534 1136
561 5465 624 5518 In
658 5463 952 5519 Isauriam
987 5461 1402 5534 proﬁciscitur,
1433 5477 1498 5518 ac
1533 5461 1885 5534 provinciam
1919 5462 2295 5534 ordinat.r26.

312 5527 446 5606 11ξῖ
556 5536 668 5606 iter
698 5534 758 5606 in
795 5527 1020 5606 Syriam
1053 5533 1328 5602 intendit,
1363 5527 1421 5587 ut
1454 5527 1694 5606 Latinos
1726 5534 2032 5606 Antiochia
2073 5533 2276 5605 pellat.
2311 5535 2405 5590 26.

314 5597 451 5653 1138
539 5605 621 5676 ΔΙιι
654 5597 868 5660 itinere
903 5621 1097 5660 moras
1131 5597 1672 5676 nectensgutisyros
1698 5608 1760 5676 et
1791 5605 1998 5661 Cilices
2028 5597 2090 5661 in
2120 5619 2257 5661 suas
2300 5610 2494 5676 partes
2528 5604 2912 5675 pertraheret,

488 5673 802 5732 adventum
843 5692 1018 5734 suum
1051 5674 1432 5732 Antiochenis
1465 5673 1794 5730 denuntiat.
1823 5676 1912 5730 26.

3206 3333 3232 3386 1
3527 3334 3589 3387 1.1

3205 3404 3240 3455 2
3534 3408 3599 3458 12

3203 3475 3237 3528 3
3527 3475 3595 3529 13

3207 3545 3240 3598 4
3528 3546 3597 3600 44

3202 3616 3238 3668 5
3529 3617 3596 3670 15

3195 3687 3230 3740 6
3527 3687 3595 3741 46

3203 3900 3236 3952 7
3529 3898 3594 3950 17

3200 3973 3233 4024 8
3525 3971 3591 4023 18

3201 4043 3236 4094 9
3529 4041 3596 4094 19

3220 4113 3465 4169 Moritur
3493 4111 3735 4169 Hammo.

3174 4185 3241 4238 10
3442 4186 3694 4239 Loraaa.

3444 4262 3612 4313 Saxo.
3649 4258 3698 4311 1.

3166 4327 3226 4379 11
3554 4330 3590 4381 2

3175 4540 3240 4593 12
3561 4539 3596 4592 3

3169 4681 3234 4735 13
3561 4681 3592 4734 4

3167 4823 3236 4877 14
3559 4825 3594 4877 5

3173 4896 3240 4948 15
3560 4896 3596 4949 6

3171 4968 3238 5020 16
3558 4969 3594 5020 7

3166 5110 3231 5167 17
3557 5109 3590 5162 8

3173 5183 3239 5236 18
3559 5182 3594 5234 9

3171 5324 3238 5377 19
3529 5323 3594 5377 10

3170 5465 3241 5520 20
3529 5464 3591 5518 11

2941 5537 3005 5591 21
3043 5535 3291 5592 Moritur
3321 5537 3495 5591 Lo'rn.
3530 5535 3597 5589 12

3115 5609 3188 5662 22
3216 5613 3466 5663 Comum.
3497 5619 3735 5660 'raa'rws

3564 5678 3589 5729 1
