4120 6284
364 385 522 451 1063
670 389 676 398 ’
1679 387 1988 452 NIGE'LE
2028 387 2448 451 GHONIATE
3623 394 3781 456 1064

535 521 1528 596 ComnenirCrassiLSpiridonaoaa
1583 523 1927 593 seditiones,
1985 537 2134 596 quas
2199 521 2429 579 Alexius
2512 521 2800 596 reprimit.
2880 523 3025 596 Mysi

548 595 961 668 Constantiam
985 593 1321 668 etVarnam
1355 600 1714 668 expugnant.
1755 593 2037 668 337,338,,
2065 599 2174 650 etc.

362 667 494 722 1201
542 738 579 751 ﬂ
608 665 1133 751 StolidusnAlexius
1163 665 1710 751 abdsaaciiﬁngeli
1743 666 1978 751 insidiis
2008 682 2124 751 non
2155 665 2266 751 sibi
2325 669 2508 722 cavet.
2562 666 2768 751 Veneti
2825 670 3024 724 contra
3151 743 3162 751 Δ
3237 667 3272 722 8
3595 670 3630 724 3

538 738 766 794 ῦτωοοε
799 737 1016 792 bellum
1052 745 1274 809 parant.
1305 739 1510 794 lsaacii
1547 737 1702 794 ﬁlius
1733 755 1866 794 cum
1902 739 2114 795 Veneta
2145 737 2332 792 classe
2365 753 2426 793 se
2459 739 2783 809 conjungit,

3135 743 3381 794 ALBXIUS

539 809 978 881 quamrAlexius
1011 808 1176 864 ridet.
1213 809 1407 880 Cpolis
1457 811 1782 878 obsidetur,
1841 813 2208 881 expugnatur
2257 817 2312 864 et
2369 808 2720 866 incenditur.
2778 808 3018 868 Alexius
3093 810 3416 881 Imperator

538 879 781 951 imperio
811 879 1092 964 spoliatus
1125 879 1429 937 Debéltum
1467 883 1744 954 profugit.
1779 879 2064 950 346,347,
2097 885 2208 937 etc.
2257 950 2268 962 .
2469 951 2502 964 η
2711 953 2721 963 ,
2773 951 2786 965 ο

357 952 496 1007 1202
607 952 1100 1032 Luctuoslsmmus
1131 951 1311 1032 Gpol._
1343 957 1592 1032 status:_
1614 953 1876 1032 Rapipis,
1936 953 2539 1032 ferrohethlncendus
2602 952 2790 1032 hatml
2847 968 3008 1032 grasf

527 1027 753 1106 santur,
787 1023 1007 1106 quibus
1032 1023 1264 1106 Alexius
1295 1028 1481 1106 llucas
1525 1022 1858 1106 .Murzuﬂus
1909 1022 2150 1106 resistit.
2213 1023 2556 1106 Sneditio‘in
2611 1022 2900 1106 Isaacium
2953 1029 3010 1080 et

529 1094 1384 1168 Alexiuurengelos._Isaacio
1444 1097 1702 1168 animam
1753 1095 2340 1168 agente‘Murzutlus
2398 1094 2662 1168 Alexium
2728 1095 3010 1168 Angelum

534 1171 658 1240 arte
687 1164 892 1234 eludit,
925 1164 979 1222 et
1009 1165 1181 1238 paulo
1213 1172 1365 1239 post,
1397 1167 1510 1223 alio
1542 1164 2042 1240 imperii'aemulo
2101 1182 2402 1237 oppresso,
2435 1167 2552 1223 vita
2615 1164 2846 1238 spoliati
2879 1168 3007 1237 385,

536 1239 662 1304 386,
693 1243 804 1294 etc.

601 1309 922 1365 Murzuﬂus
970 1307 1186 1364 bellum

531 1451 660 1519 365,
695 1451 804 1510 etc.

355 1522 496 1579 1203
544 1594 558 1596 _
605 1523 928 1596 Balduinus
959 1523 1230 1596 laudatus
1257 1524 1530 1596 princeps
1561 1523 1876 1596 imperium
1909 1523 2200 1596 instaurat
2253 1540 2350 1592 pro
2387 1521 2564 1596 virili,
2613 1523 2808 1580 hostes
2862 1522 3011 1580 bello

533 1594 754 1668 fatigat.
790 1595 945 1668 Dirae
971 1594 1346 1668 seditionum,
1381 1594 1712 1668 pugnarum
1745 1603 1798 1652 et
1845 1595 2351 1668 oppugnationum
2411 1595 2609 1662 facies,
2671 1597 2732 1651 in
2791 1597 3008 1668 quibus

533 1665 744 1732 Latini,
775 1666 975 1732 Graeci,
1024 1666 1243 1735 Blachi,
1302 1665 1528 1737 Scythas
1577 1669 1800 1724 mutuis
1863 1665 2282 1723 certaminibus
2339 1670 2689 1723 atteruntur.
2749 1665 3016 1723 Murzuﬂi

533 1737 887 1794 miserabilis
915 1738 1207 1794 interitus.
1244 1739 1562 1795 Multarum
1595 1739 1828 1795 urbium
1856 1743 2186 1795 Grmcarum
2237 1738 2482 1803 excidia,
2540 1738 2786 1794 aliarum
2847 1739 3016 1795 variae

533 1809 913 1866 calamitates.
949 1811 1014 1865 In
1045 1826 1236 1866 varias
1289 1810 1628 1880 tyrannides
1687 1812 1962 1867 universa
2016 1809 2234 1866 Gracia
2292 1809 2663 1878 distrahitur,
2725 1807 3012 1866 Balduino

1246 1304 1460 1382 parans
1514 1326 1547 1364 a
1606 1309 1822 1365 Latinis
1881 1309 2136 1381 fugatur,
2197 1309 2298 1380 qui
2361 1307 2600 1382 Cpolim,
2641 1317 3008 1382 oppugnant,

531 1385 884 1452 expugnant,
969 1381 1261 1436 incendio
1316 1397 1462 1437 novo
1537 1382 1888 1451 deformant,
1957 1383 2232 1446 lacerant,
2337 1381 2422 1437 et’
2495 1381 2668 1452 diripi

3094 881 3404 952 spoliatur.

3125 953 3384 1009 Isancws
3591 959 3620 1008 4

3087 1027 3230 1080 Ana.
3273 1041 3406 1080 cum
3457 1027 3630 1080 ALnx.
3681 1025 3766 1084 (il.

3085 1097 3139 1151 6.
3175 1113 3362 1152 mens.
3397 1097 3522 1152 dies
3549 1098 3583 1150 8
3617 1103 3769 1152 Ans-

3084 1184 3218 1224 st
3275 1167 3465 1224 Ducas
3506 1168 3769 1227 Muazor.

3084 1255 3272 1295 mens.
3316 1239 3371 1296 2.
3414 1239 3538 1297 dies
3580 1241 3634 1297 6.
3667 1257 3771 1296 oc-

3085 1311 3320 1367 ciditur.

2337 1381 2422 1437 et,
2495 1381 2828 1453 diripiunt.’
2879 1382 3009 1452 364,

3085 1524 3420 1581 ΒΑιουιΝυθ
3435 1525 3648 1581 FLAND.
3661 1525 3772 1582 im-

3085 1601 3246 1668 perat
3292 1612 3523 1653 menses
3565 1598 3638 1653 ΙΙ.
3671 1601 3770 1654 In-

3088 1667 3317 1740 terfect.
3402 1685 3451 1740 α
3473 1739 3480 1740 γ
3509 1667 3764 1740 Scythis.

3091 1738 3236 1794 Huic
3252 1739 3510 1796 succedit
3527 1738 3766 1799 Hammo.

3087 1810 3284 1867 frater.

532 1897 568 1936 a
605 1881 833 1953 Scythis
887 1881 1215 1948 interfecto,
1281 1882 1375 1938 eui
1435 1882 1718 1939 Henricus
1777 1884 1958 1938 frater
2013 1883 2294 1938 succedit.
2346 1882 2474 1950 386,
2533 1882 2658 1953 387,
2718 1881 2846 1948 388,
2895 1887 3006 1940 etc.

531 1968 718 2024 usque
749 1953 822 2009 ad
855 1953 1032 2010 finem
1057 1953 1272 2026 operis.

1335 2247 1900 2342 FABROTI
1967 2244 2582 2342 GLOSSARI
2598 2247 2780 2342 UM

1092 2456 1166 2512 IN
1223 2455 1365 2523 QUO
1413 2454 1788 2512 VOCABULA
1837 2453 2454 2512 GRIECO-BABBABA
2517 2452 3037 2511 EXPLICANTUR.

429 2879 648 2954 Ἀγάπη
681 2897 812 2953 pax,
843 2878 1056 2944 fcedus,
1089 2877 1348 2948 dilectio,
1396 2877 1672 2946 charitas,
1705 2895 1762 2951 ρ.
1803 2879 1930 2951 341,
1957 2895 2006 2936 ο.

356 2963 742 3044 πάρεὸάθησαν
795 2967 850 3022 αἱ
908 2963 1156 3022 σπονδαί·
1216 2967 1396 3024 codex
1469 2968 1664 3024 Graeco
1719 2969 2010 3027 Barbarus

361 3057 587 3133 ἄγάπαι,
621 3063 682 3114 ut
711 3073 843 3129 pag.
877 3058 1005 3114 ead.
1038 3057 1095 3112 b.
1137 3053 1481 3126 τελεσθείσης
1526 3061 1626 3124 τῆς
1677 3055 1916 3132 ὰγάπης,
1948 3059 2008 3115 in

359 3146 592 3220 puriore
622 3148 814 3202 Graeco
851 3149 951 3213 τῆς
983 3142 1226 3216 εἰρήνης.
1259 3145 1641 3215 Theophanes
1674 3146 1731 3201 in
1777 3147 1962 3203 Leone
1992 3165 2006 3205 :

359 3237 395 3303 ἠ
429 3233 684 3308 ἄπαρχῆς
733 3234 893 3304 ἡμῶν
957 3232 1142 3307 ἀγάπη
1205 3232 1283 3306 μὴ
1315 3229 1570 3306 διαλυθῇ.
1611 3236 1958 3293 Anastasius
1991 3253 2004 3292 :

352 3324 542 3396 prisca
568 3321 814 3379 charitas
834 3329 1022 3378 nostra
1053 3337 1161 3379 non
1182 3324 1451 3378 solvatur.
1476 3322 1601 3378 Alio
1619 3340 1790 3380 sensu
1827 3323 2004 3398 ἀγάπη

355 3411 640 3484 accipitur
671 3429 728 3484 p.
761 3410 892 3478 319,
923 3412 980 3466 b.
1009 3417 1064 3467 et
1093 3427 1226 3468 cum
1257 3411 1530 3469 absentes
1560 3412 1621 3468 in
1654 3412 1862 3470 litteris
1921 3413 2006 3471 sio

357 3500 804 3572 compellabant,
860 3498 1044 3574 ἀγάπη
1089 3499 1180 3568 σή.
1226 3500 1290 3558 Β.
1335 3501 1782 3574 Chrysostomus
1837 3520 1878 3571 ι,
1937 3503 2008 3560 de

356 3589 722 3647 Providentia
772 3607 786 3646 :
846 3587 1121 3658 Τοσαύτην
1179 3591 1315 3662 ἡμῖν
1388 3589 1614 3664 κατέχεε
1665 3590 1766 3658 τήν
1824 3589 2004 3666 ἀχλὺν

358 3679 492 3749 ὃσην
524 3679 552 3734 ὁ
587 3675 794 3754 δαίμων
829 3678 986 3740 οὗτος
1007 3680 1076 3750 τῇ
1108 3677 1288 3753 ὰγάπῃ
1320 3682 1388 3754 νῇ
1546 3679 1709 3736 Adde
1738 3682 2003 3754 ejusdem

357 3768 666 3842 epistolam
700 3771 770 3826 ad
801 3770 1204 3825 Innocentium
1231 3773 1428 3826 Romae
1457 3770 2004 3843 episcopum.lnter-

356 3874 490 3930 pres
521 3875 814 3915 canonum
845 3857 1114 3914 Ecclesia:
1169 3858 1449 3914 Africana:
1483 3874 1496 3914 :
1556 3857 1624 3915 Tl
1683 3859 1894 3932 ἀρέσκει
1935 3863 2004 3934 τῇ

353 3947 584 4022 ὑμετέρῦ
631 3947 1016 4021 μακαριότητι.
1078 3953 1142 4004 In
1194 3949 1372 4021 Regio
1417 3950 1731 4022 exemplari
1791 3949 2002 4024 ἀγάπῃ.

350 4037 447 4093 Sic
479 4036 702 4092 Latinis
733 4038 977 4092 charztas
1004 4041 1120 4105 tua,
1157 4042 1219 4093 ut
1247 4039 1306 4093 in
1338 4039 1587 4110 epistola
1614 4041 1818 4112 synodi
1852 4041 2004 4096 Con-

354 4123 886 4194 stantinopolitanae
923 4124 1102 4179 missa
1129 4125 1202 4180 ad
1230 4123 1651 4194 Occidentales,
1697 4141 1764 4183 ex
1821 4126 2001 4184 inter-

357 4213 680 4286 pretatione
711 4213 1016 4285 Epiphanii
1040 4214 1382 4271 Scholastici
1413 4215 1733 4288 Tripertitaa
1771 4214 1872 4272 lib.
1907 4233 1996 4275 1x:

351 4305 818 4360 Concurreramus
839 4303 899 4358 in
919 4303 1114 4358 urbem
1125 4305 1474 4374 Cpotitanam
1484 4321 1650 4360 causa
1679 4306 1998 4362 litterarum

351 4390 424 4448 ad
452 4407 550 4448 nos
579 4393 877 4449 missarum
905 4407 940 4446 a
965 4397 1146 4449 vestra
1184 4393 1474 4460 charitate,
1508 4394 1700 4452 Graece
1727 4395 1874 4470 παρὰ
1901 4395 1999 4462 τῆς

354 4480 615 4556 ὑμετέρας
645 4501 991 4554 τιμιατητος,
1023 4482 1370 4539 Theodoreti
1421 4481 1640 4540 Eccles.
1696 4484 1842 4540 Hist.
1895 4484 1995 4541 lib.

345 4587 400 4638 ν,
433 4588 560 4644 cap.
593 4575 648 4641 9,
682 4577 745 4627 ut
801 4571 1204 4644 Chrysostomi
1261 4572 1506 4643 epistola
1561 4573 1616 4640 4,
1648 4577 1706 4629 et
1762 4573 1822 4629 in
1865 4575 1997 4645 Epi-

343 4658 490 4714 stola
520 4659 758 4716 Damasi
816 4662 885 4716 ad
947 4659 1300 4715 Orientales:
1359 4660 1628 4728 Quoniam
1687 4663 1996 4730 apostolicae

342 4747 460 4803 sedi
489 4749 855 4805 reverentiam
893 4749 1144 4805 debitam
1176 4749 1420 4805 charitas
1466 4753 1645 4805 vestra
1681 4751 1990 4808 distribuit.

341 4837 587 4905 (ἂι-ωοεὴ
613 4837 792 4910 ἀγάπη
821 4836 998 4910 ὑμῶν,
1024 4838 1079 4894 d.
1114 4837 1154 4893 Ι.
1187 4854 1314 4909 cap.
1372 4838 1458 4895 10.
1509 4837 1666 4894 Felix
1723 4839 1797 4894 IlI
1838 4843 1994 4912 Papa

348 4921 594 4994 epistola
624 4927 695 4981 ad
726 4926 1065 4984 Thalasium
1104 4926 1634 4984 Archimandritam
1692 4927 1813 4984 CP:
1869 4933 1996 4986 Post

342 5013 519 5080 factas
547 5011 917 5085 litteras,quas
932 5033 1030 5088 per
1057 5017 1203 5086 ﬁlios
1214 5023 1426 5072 nostros
1455 5015 1706 5087 religiosi
1725 5019 1996 5090 propositi

344 5101 492 5154 viros
520 5099 807 5157 dilectioni
831 5107 944 5160 tua?
990 5105 1249 5162 misimus
1299 5105 1714 5172 contradendas,
1747 5122 1815 5162 ne
1860 5108 1994 5179 quid

342 5186 530 5243 minus
555 5205 654 5259 pro
685 5193 975 5250 catholica:
1023 5195 1152 5264 ﬁdei
1194 5197 1442 5252 custodia
1499 5195 1824 5268 diligentior
1857 5214 1993 5255 cura

339 5278 708 5350 prospiceret,
740 5281 1070 5338 charitatem
1091 5288 1244 5340 luam
1273 5284 1532 5341 duximus
1561 5286 1988 5344 admonendum.

414 5367 681 5440 νΑγουρα,
715 5365 979 5441 ὄμφακες,
1009 5371 1139 5444 Pag.
1183 5373 1290 5427 273
1335 5375 1371 5428 d
1426 5391 1548 5430 uvae
1597 5377 1836 5440 acerbae,
1871 5392 1990 5432 uva:

345 5454 693 5513 immaturae.
726 5457 910 5513 IIodie
953 5459 1126 5514 etiam
1176 5461 1371 5517 (Ξῖ-ωοο
1426 5462 1698 5520 Barbarie
1754 5462 1988 5539 ἅγουρος

343 5547 436 5601 est
463 5540 662 5617 ἄωρος,
698 5547 1073 5602 immaturus.

412 5627 1225 5708 ’Δκουμϐίζειν,ἁκούμπισμα.
1283 5643 1415 5709 Pag.
1475 5640 1576 5696 351
1626 5643 1660 5698 d
1715 5639 1988 5715 μηδεμιᾶς

332 5719 575 5798 ἀρωγῆς,
610 5725 718 5780 etc.
747 5723 901 5780 alius
963 5723 1140 5780 codex
1177 5739 1192 5780 :
1253 5725 1436 5803 Μέχρι
1485 5727 1576 5780 καὶ
1632 5731 1741 5783 τῶν
1783 5735 1987 5806 τειχῶν

334 5806 661 5883 ἅκοομϐίσαι
691 5820 796 5883 τῆς
829 5810 1045 5874 πόλεως
1091 5822 1154 5870 ut
1195 5815 1325 5886 ipsis
1383 5815 1561 5872 muris
1614 5817 1911 5876 imminere
1943 5829 1994 5878 et

338 5900 652 5960 incumbere
680 5904 962 5964 videretur
983 5921 1006 5968 ;
1035 5920 1169 5976 pag.
1203 5907 1399 5962 autem
1431 5905 1536 5960 325
1564 5922 1666 5978 pro
1707 5904 1993 5984 ἁπρόσμα·

2121 2807 2227 2864 χον
2258 2786 2576 2863 οἴκητήριον
2624 2789 2777 2846 alius
2806 2789 2985 2847 codex
3042 2787 3217 2846 habet
3271 2783 3630 2862 ἂκούμϐισμα
3679 2788 3770 2844 καὶ

2121 2878 2366 2934 ὀσπίτιον
2413 2875 2788 2957 ἅφρόντιστον.
2845 2885 2914 2936 Et
2963 2880 3107 2938 verti
3167 2885 3376 2952 potest,
3434 2881 3662 2955 asylum
3717 2885 3774 2940 et

2118 2969 2444 3042 hospitium
2476 2969 2862 3038 tutissimum,
2915 2973 2982 3026 ut
3033 2986 3090 3042 p.
3147 2970 3245 3026 201
3303 2987 3404 3043 pro
3462 2970 3637 3040 στόμα
3671 2971 3767 3039 τῆς

2119 3053 2435 3134 συγκλήτου
2464 3058 2599 3132 πρὸς
2631 3053 2980 3132 Ἀνδρονίκου
3011 3055 3354 3130 καλούμενος
3405 3060 3464 3116 in
3508 3059 3618 3116 alio
3672 3076 3760 3115 co-

2119 3146 2247 3202 dice
2273 3147 2484 3218 legitur
2515 3141 2830 3220 σύμϐουλον
2859 3146 2948 3200 καὶ
2981 3145 3342 3220 ἀκοῦμπισμα
3389 3151 3566 3202 τοῦτον
3613 3144 3750 3221 ἔχων

2117 3229 2490 3306 Ἀνδρόνικος.
2522 3235 2792 3301 Vertunt,
2823 3235 2983 3304 cujus
3021 3236 3320 3291 consitium
3348 3251 3402 3292 et
3431 3236 3595 3292 veluti
3631 3251 3754 3306 asy-

2117 3325 2230 3382 lum
2261 3334 2424 3382 esset.
2448 3326 2553 3382 Vel
2577 3326 2758 3396 dicas,
2783 3328 2942 3396 cuius
2969 3327 3201 3383 consilio
3232 3336 3380 3384 totus
3427 3328 3762 3384 inniteretur

2114 3415 2482 3482 Andronicus,
2513 3433 2545 3472 a
2573 3417 2731 3483 cuius
2787 3415 3014 3474 consilio
3079 3419 3224 3472 totus
3277 3417 3562 3489 penderet.
3623 3416 3764 3474 Nam

2115 3505 2292 3560 etiam
2325 3504 2496 3562 hodie
2536 3499 2858 3576 ἂκουμϐίζω
2909 3511 2994 3561 est
3039 3503 3331 3574 suti'ulcio,
3382 3504 3766 3578 ἀκούμπισμαι

2113 3592 2354 3661 innitor,
2413 3591 2775 3664 ἆκούμπισμα
2859 3592 3302 3660 adminiculum,
3364 3593 3640 3650 fulcrum.
3701 3598 3772 3651 Et

2114 3673 2580 3756 ἁκουμϐιστήριον
2611 3679 2771 3750 ξύλον
2806 3683 2867 3737 in
2900 3682 3096 3738 cedice
3139 3679 3619 3736 Graeco-Barbara
3678 3691 3770 3738 est

2114 3769 2320 3824 σκίπων
2353 3771 2412 3827 in
2442 3770 2670 3843 puriore
2697 3771 2792 3828 Gr.
2844 3787 2902 3843 p.
2956 3771 3046 3828 86.
3097 3769 3284 3826 Gloss.
3335 3785 3446 3825 ms.
3494 3774 3564 3826 D.
3607 3772 3765 3827 Can-

2116 3859 2380 3915 cellarii:
2423 3857 2723 3930 Ἀκούμπω
2779 3858 2926 3933 παρὰ
2989 3857 3285 3930 Ῥωμαίοις
3330 3855 3394 3912 τὸ
3449 3854 3764 3929 ἀναπίπτω,

2115 3947 2233 4010 ὃθεν
2260 3947 2352 4002 καὶ
2383 3949 2451 4002 τὰ
2505 3941 2770 4002 ἆκούϐιτα
2825 3945 3088 4016 ἐκτάζων,
3146 3942 3572 4018 ἐξανιστάμενος.
3617 3947 3766 4005 Hinc

2113 4031 2402 4090 ἀκούϐιτον
2459 4053 2560 4108 pro
2621 4035 2890 4092 accubitu
2957 4052 3057 4092 seu
3141 4035 3510 4092 recubitorio.
3599 4035 3762 4093 Idem

2112 4124 2300 4180 Gloss.
2329 4117 2640 4191 Ἀκούϐιτα,
2685 4123 2964 4196 στρωμναὶ
3019 4119 3264 4194 μαλάκαὶ
3323 4121 3398 4184 εἷς
3447 4119 3582 4195 ὕψος
3657 4123 3763 4198 ἡρ-

2115 4213 2291 4286 μὲναι.
2331 4213 2500 4270 Αὗται
2569 4208 2627 4266 δὲ
2677 4217 2887 4286 τρυφῆς
2943 4211 3033 4266 καὶ
3094 4213 3350 4286 βκαιιείας
3410 4210 3564 4268 εἷ’σίν.
3613 4212 3760 4270 Hinc

2110 4303 2502 4376 compositum
2554 4295 2942 4373 ἰπακομϐίζειν
3000 4301 3192 4358 inniti.
3252 4305 3463 4358 Auctor
3527 4301 3756 4358 Graeco-

2111 4395 2401 4448 Barbarus
2429 4385 2814 4463 ἐπακομϐίζων
2849 4389 3078 4466 γόνατον
3107 4389 3244 4464 πρὸς
3275 4395 3374 4458 τῆς
3403 4390 3612 4464 χειρός.

2177 4478 2566 4552 Ἀλαμανικὸν.
2599 4484 2734 4552 Pag.
2773 4480 2876 4535 338
2915 4496 2970 4550 a,
3010 4478 3296 4536 tributum
3337 4479 3490 4552 quod
3535 4476 3754 4551 pende-

2106 4569 2275 4624 batur
2307 4567 2672 4623 Alemannis.

2177 4653 2500 4713 Ἀλλακτόν.
2534 4661 2670 4728 Pag.
2727 4655 2835 4710 212
2892 4655 2928 4709 d
2987 4655 3168 4711 codex
3221 4653 3306 4710 CB
3339 4653 3400 4726 (i.
3432 4669 3484 4708 e.
3515 4651 3733 4707 Graeco-

2103 4745 2415 4816 Barbarus)
2457 4741 2546 4798 διὰ
2599 4737 2976 4816 μαγκλαείων.
3027 4743 3178 4808 Quid
3238 4743 3362 4799 sint
3424 4732 3730 4814 μαγκλάϐια,

2102 4834 2234 4892 vide
2264 4835 2420 4890 infra
2449 4835 2506 4890 in
2540 4849 2609 4888 ea
2643 4832 2914 4888 dictione.
2949 4831 3224 4902 Basilica,
3255 4831 3363 4887 lib.
3406 4847 3485 4898 1.x,
3513 4826 3598 4882 tit.
3649 4826 3734 4893 17,

2103 4940 2232 4995 cap.
2263 4923 2334 4978 84
2359 4941 2371 4979 :
2396 4921 2458 4978 Ὀ
2489 4917 2633 4994 ἔχων
2661 4924 2884 4993 γυναῖκα
2933 4919 3024 4973 καὶ
3075 4919 3360 4994 πορνεύων
3420 4913 3505 4972 διὰ
3539 4909 3744 4968 δώδεκα

2103 5009 2392 5068 ἂλλακτῶν
2427 5008 2842 5087 σωφρονιζέσθω
2873 5010 3159 5068 duodecim
3179 5009 3404 5066 allectis
3431 5007 3742 5076 castigatur.

2101 5104 2190 5159 Sic
2222 5101 2394 5158 vertit
2423 5101 2739 5172 Cujacius:
2779 5099 3075 5156 Duodecim
3129 5099 3333 5156 ictibus
3377 5099 3610 5170 fustium
3655 5111 3748 5150 ca-

2099 5192 2354 5263 stigetur.

2169 5280 2406 5355 Ἃλογον
2441 5297 2648 5352 equus.
2683 5279 2820 5351 Pag.
2856 5281 2922 5334 19
2973 5281 3032 5346 d,
3079 5279 3274 5342 ἳπποις
3321 5277 3596 5332 ὠκύποσιν
3627 5272 3758 5330 ἔπο-

2101 5372 2384 5448 χούμενοι·
2414 5371 2591 5428 codex
2612 5370 2704 5424 GB
2725 5365 2974 5443 ἀλόγοις.
3006 5371 3076 5425 Et
3102 5387 3158 5442 p.
3185 5370 3278 5426 331
3309 5369 3344 5424 d
3401 5367 3476 5439 μή
3527 5363 3761 5435 πολεμι-

2101 5483 2200 5531 στη
2209 5460 2308 5536 ρίῳ
2324 5458 2482 5531 ἵππῳ
2497 5456 2698 5531 ἔποχον
2714 5456 2807 5511 ὤν’
2826 5458 3006 5514 codex
3018 5458 3110 5514 (ΞΒ
3131 5455 3318 5532 ἀλόγῳ
3349 5453 3758 5525 ὑποσελλιακῷ.

2098 5549 2458 5624 Theophilus
2470 5547 2897 5605 Alexandrinus
2914 5549 2973 5603 in
2988 5547 3284 5618 concione,
3300 5547 3474 5618 cujus
3485 5545 3566 5602 rei
3583 5545 3764 5600 homo

2100 5641 2314 5700 similis
2336 5637 2586 5696 sitszv
2623 5634 2915 5710 μὲνῖππον
2978 5635 3361 5710 ἀπωλέσαμεν,
3418 5631 3509 5688 ’διᾶ
3553 5631 3608 5688 τί
3665 5631 3765 5688 καὶ

2097 5731 2160 5786 τὸ
2215 5727 2581 5802 καθημερινὸν
2631 5726 2876 5800 νόμισμα
2928 5723 3320 5798 ἀπολέσομεν;
3393 5721 3478 5801 ἐφ’
3521 5722 3647 5776 ὃσον
3695 5721 3766 5776 τὸ

2100 5817 2302 5897 ἄλογον
2338 5817 2500 5891 μόνον
2526 5815 2799 5894 ἐφόνευσε,
2837 5813 2928 5870 καὶ
2969 5811 3096 5876 νοὺς
3139 5812 3460 5888 ἀνθρώπους
3507 5809 3570 5865 οὐ
3617 5807 3767 5885 βλά-

2099 5927 2242 5968 πτει.
2272 5909 2342 5966 Et
2369 5924 2502 5981 pag.
2531 5907 2566 5962 8
2597 5906 2736 5965 edit.
2773 5903 3128 5963 Morellianae
3164 5921 3177 5962 :
3237 5902 3298 5959 Ὁ
3356 5897 3557 5960 δοῦλος
3614 5903 3760 5974 τιμῇ
