  <div class='ocr_page' id='page_1' title='image "/cluster/home/n/w/nwhite01/storage/ocr_20150623/139/mdp.39015078384214/544.png"; bbox 0 0 4120 6284; ppageno 0'>
   <div class='ocr_carea' id='block_1_1' title="bbox 253 343 406 402">
    <p class='ocr_par' dir='ltr' id='par_1_1' title="bbox 253 343 406 402">
     <span class='ocr_line' id='line_1_1' title="bbox 253 343 406 402; baseline 0.007 -1"><span class='ocrx_word' id='word_1_1' title='bbox 253 343 406 402; x_wconf 84' lang='grc'>1065</span> 
     </span>
    </p>
   </div>
   <div class='ocr_carea' id='block_1_2' title="bbox 1495 339 2404 405">
    <p class='ocr_par' dir='ltr' id='par_1_2' title="bbox 1495 339 2404 405">
     <span class='ocr_line' id='line_1_2' title="bbox 1495 339 2404 405; baseline 0.008 -7"><span class='ocrx_word' id='word_1_2' title='bbox 1495 339 1835 400; x_wconf 83' lang='lat' dir='ltr'>FABROTI</span> <span class='ocrx_word' id='word_1_3' title='bbox 1879 339 2379 405; x_wconf 81' lang='lat' dir='ltr'>GLOSSARIUM</span> <span class='ocrx_word' id='word_1_4' title='bbox 2389 391 2404 405; x_wconf 91' lang='lat'>.</span> 
     </span>
    </p>
   </div>
   <div class='ocr_carea' id='block_1_3' title="bbox 3504 345 3661 406">
    <p class='ocr_par' dir='ltr' id='par_1_3' title="bbox 3504 345 3661 406">
     <span class='ocr_line' id='line_1_3' title="bbox 3504 345 3661 406; baseline -0.006 -1"><span class='ocrx_word' id='word_1_5' title='bbox 3504 345 3661 406; x_wconf 83' lang='lat'>1066</span> 
     </span>
    </p>
   </div>
   <div class='ocr_carea' id='block_1_4' title="bbox 253 468 1911 552">
    <p class='ocr_par' dir='ltr' id='par_1_4' title="bbox 253 468 1900 548">
     <span class='ocr_line' id='line_1_4' title="bbox 253 468 1900 548; baseline 0.001 -22"><span class='ocrx_word' id='word_1_6' title='bbox 253 472 562 548; x_wconf 74' lang='grc' dir='ltr'>ἠγοράσθη,</span> <span class='ocrx_word' id='word_1_7' title='bbox 596 471 834 545; x_wconf 80' lang='grc' dir='ltr'>καθάπερ</span> <span class='ocrx_word' id='word_1_8' title='bbox 866 469 956 524; x_wconf 71' lang='grc' dir='ltr'>καὶ</span> <span class='ocrx_word' id='word_1_9' title='bbox 986 469 1050 524; x_wconf 83' lang='grc' dir='ltr'>τὸ</span> <span class='ocrx_word' id='word_1_10' title='bbox 1080 468 1305 543; x_wconf 78' lang='grc' dir='ltr'>ἄλογον.</span> <span class='ocrx_word' id='word_1_11' title='bbox 1339 472 1552 528; x_wconf 81' lang='lat' dir='ltr'>Paulus</span> <span class='ocrx_word' id='word_1_12' title='bbox 1608 473 1668 528; x_wconf 88' lang='lat' dir='ltr'>in</span> <span class='ocrx_word' id='word_1_13' title='bbox 1718 473 1758 527; x_wconf 94' lang='lat' dir='ltr'>l.</span> <span class='ocrx_word' id='word_1_14' title='bbox 1817 473 1900 528; x_wconf 87' lang='lat' dir='ltr'>si-</span> 
     </span>
    </p>
   </div>
   <div class='ocr_carea' id='block_1_5' title="bbox 2029 468 3662 552">
    <p class='ocr_par' dir='ltr' id='par_1_5' title="bbox 2029 475 3662 552">
     <span class='ocr_line' id='line_1_5' title="bbox 2029 475 3662 552; baseline 0.001 -22"><span class='ocrx_word' id='word_1_15' title='bbox 2029 493 2236 547; x_wconf 73' lang='lat' dir='ltr'>gnum:</span> <span class='ocrx_word' id='word_1_16' title='bbox 2287 475 2436 550; x_wconf 79' lang='grc' dir='ltr'>ἅρμα</span> <span class='ocrx_word' id='word_1_17' title='bbox 2481 478 2627 552; x_wconf 82' lang='grc' dir='ltr'>παρὰ</span> <span class='ocrx_word' id='word_1_18' title='bbox 2672 477 2968 550; x_wconf 84' lang='grc' dir='ltr'>Ῥωμαίοις</span> <span class='ocrx_word' id='word_1_19' title='bbox 3010 478 3156 533; x_wconf 82' lang='grc' dir='ltr'>ὅπλα</span> <span class='ocrx_word' id='word_1_20' title='bbox 3192 475 3228 546; x_wconf 74' lang='grc' dir='ltr'>ἤ</span> <span class='ocrx_word' id='word_1_21' title='bbox 3272 475 3426 551; x_wconf 88' lang='grc' dir='ltr'>δόρυ,</span> <span class='ocrx_word' id='word_1_22' title='bbox 3457 475 3662 534; x_wconf 84' lang='grc' dir='ltr'>ἀσπίδα</span> 
     </span>
    </p>
   </div>
   <div class='ocr_carea' id='block_1_6' title="bbox 255 560 1911 636">
    <p class='ocr_par' dir='ltr' id='par_1_6' title="bbox 255 560 1911 636">
     <span class='ocr_line' id='line_1_6' title="bbox 255 560 1911 636; baseline -0.002 -17"><span class='ocrx_word' id='word_1_23' title='bbox 255 565 385 636; x_wconf 86' lang='lat' dir='ltr'><strong>quis</strong></span> <span class='ocrx_word' id='word_1_24' title='bbox 419 564 482 618; x_wconf 85' lang='lat'><strong>17</strong></span> <span class='ocrx_word' id='word_1_25' title='bbox 516 563 583 617; x_wconf 94' lang='lat' dir='ltr'>D.</span> <span class='ocrx_word' id='word_1_26' title='bbox 621 561 803 616; x_wconf 81' lang='lat' dir='ltr'>instit.</span> <span class='ocrx_word' id='word_1_27' title='bbox 834 565 944 615; x_wconf 90' lang='lat' dir='ltr'>act.</span> <span class='ocrx_word' id='word_1_28' title='bbox 976 560 1025 616; x_wconf 88' lang='lat' dir='ltr'>si</span> <span class='ocrx_word' id='word_1_29' title='bbox 1057 561 1190 631; x_wconf 87' lang='lat' dir='ltr'>quis</span> <span class='ocrx_word' id='word_1_30' title='bbox 1224 562 1530 633; x_wconf 78' lang='lat' dir='ltr'>mancipiis</span> <span class='ocrx_word' id='word_1_31' title='bbox 1563 562 1648 616; x_wconf 86' lang='lat' dir='ltr'>vel</span> <span class='ocrx_word' id='word_1_32' title='bbox 1685 564 1911 632; x_wconf 87' lang='lat' dir='ltr'>jumen-</span> 
     </span>
    </p>
   </div>
   <div class='ocr_carea' id='block_1_7' title="bbox 255 649 1912 725">
    <p class='ocr_par' dir='ltr' id='par_1_7' title="bbox 255 649 1912 725">
     <span class='ocr_line' id='line_1_7' title="bbox 255 649 1912 725; baseline -0.002 -15"><span class='ocrx_word' id='word_1_33' title='bbox 255 655 330 710; x_wconf 86' lang='lat' dir='ltr'>tis</span> <span class='ocrx_word' id='word_1_34' title='bbox 355 652 730 725; x_wconf 89' lang='lat' dir='ltr'>pecoribusve</span> <span class='ocrx_word' id='word_1_35' title='bbox 781 649 1045 704; x_wconf 90' lang='lat' dir='ltr'>emendis</span> <span class='ocrx_word' id='word_1_36' title='bbox 1103 650 1533 721; x_wconf 86' lang='lat' dir='ltr'>vendendisque</span> <span class='ocrx_word' id='word_1_37' title='bbox 1575 651 1912 721; x_wconf 70' lang='lat' dir='ltr'>praepositus</span> 
     </span>
    </p>
   </div>
   <div class='ocr_carea' id='block_1_8' title="bbox 256 737 1912 812">
    <p class='ocr_par' dir='ltr' id='par_1_8' title="bbox 256 737 1912 812">
     <span class='ocr_line' id='line_1_8' title="bbox 256 737 1912 812; baseline -0.004 -15"><span class='ocrx_word' id='word_1_38' title='bbox 256 743 347 799; x_wconf 86' lang='lat' dir='ltr'>sit.</span> <span class='ocrx_word' id='word_1_39' title='bbox 383 739 650 806; x_wconf 82' lang='lat' dir='ltr'>Basilica,</span> <span class='ocrx_word' id='word_1_40' title='bbox 684 738 787 794; x_wconf 87' lang='lat' dir='ltr'>lib.</span> <span class='ocrx_word' id='word_1_41' title='bbox 830 755 990 808; x_wconf 73' lang='lat' dir='ltr'>xvru,</span> <span class='ocrx_word' id='word_1_42' title='bbox 1027 737 1112 792; x_wconf 85' lang='lat' dir='ltr'>tit.</span> <span class='ocrx_word' id='word_1_43' title='bbox 1148 754 1186 804; x_wconf 85' lang='grc' dir='ltr'>ι,</span> <span class='ocrx_word' id='word_1_44' title='bbox 1221 755 1348 808; x_wconf 83' lang='lat' dir='ltr'>cap.</span> <span class='ocrx_word' id='word_1_45' title='bbox 1386 740 1484 792; x_wconf 89' lang='lat'>17:</span> <span class='ocrx_word' id='word_1_46' title='bbox 1537 737 1597 793; x_wconf 89' lang='grc' dir='ltr'>Ὁ</span> <span class='ocrx_word' id='word_1_47' title='bbox 1666 739 1912 812; x_wconf 74' lang='grc' dir='ltr'>προστή-</span> 
     </span>
    </p>
   </div>
   <div class='ocr_carea' id='block_1_9' title="bbox 258 822 1910 900">
    <p class='ocr_par' dir='ltr' id='par_1_9' title="bbox 258 822 1910 900">
     <span class='ocr_line' id='line_1_9' title="bbox 258 822 1910 900; baseline -0.002 -18"><span class='ocrx_word' id='word_1_48' title='bbox 258 849 351 890; x_wconf 86' lang='grc' dir='ltr'>σας</span> <span class='ocrx_word' id='word_1_49' title='bbox 381 827 497 882; x_wconf 75' lang='grc' dir='ltr'>τινὰ</span> <span class='ocrx_word' id='word_1_50' title='bbox 527 826 847 900; x_wconf 77' lang='grc' dir='ltr'>πιπράσκειν</span> <span class='ocrx_word' id='word_1_51' title='bbox 881 824 969 878; x_wconf 81' lang='grc' dir='ltr'>καὶ</span> <span class='ocrx_word' id='word_1_52' title='bbox 993 824 1274 900; x_wconf 74' lang='grc' dir='ltr'>ἀγοράζειν</span> <span class='ocrx_word' id='word_1_53' title='bbox 1324 822 1556 886; x_wconf 71' lang='grc' dir='ltr'>δούλους</span> <span class='ocrx_word' id='word_1_54' title='bbox 1712 824 1910 898; x_wconf 83' lang='grc' dir='ltr'>ἃλογα.</span> 
     </span>
    </p>
   </div>
   <div class='ocr_carea' id='block_1_10' title="bbox 259 914 1911 986">
    <p class='ocr_par' dir='ltr' id='par_1_10' title="bbox 259 914 1911 986">
     <span class='ocr_line' id='line_1_10' title="bbox 259 914 1911 986; baseline -0.004 -13"><span class='ocrx_word' id='word_1_55' title='bbox 259 918 448 974; x_wconf 86' lang='lat' dir='ltr'>Etlib.</span> <span class='ocrx_word' id='word_1_56' title='bbox 490 933 584 982; x_wconf 85' lang='lat' dir='ltr'>xx,</span> <span class='ocrx_word' id='word_1_57' title='bbox 620 916 712 971; x_wconf 84' lang='lat' dir='ltr'>tit.</span> <span class='ocrx_word' id='word_1_58' title='bbox 775 933 817 980; x_wconf 84' lang='grc' dir='ltr'>Ι,</span> <span class='ocrx_word' id='word_1_59' title='bbox 867 931 994 986; x_wconf 87' lang='lat' dir='ltr'>cap.</span> <span class='ocrx_word' id='word_1_60' title='bbox 1055 916 1124 969; x_wconf 89' lang='lat' dir='ltr'>3O</span> <span class='ocrx_word' id='word_1_61' title='bbox 1177 916 1204 982; x_wconf 85' lang='lat'><strong>§</strong></span> <span class='ocrx_word' id='word_1_62' title='bbox 1252 915 1328 970; x_wconf 81' lang='lat'><strong>2:</strong></span> <span class='ocrx_word' id='word_1_63' title='bbox 1384 914 1444 970; x_wconf 91' lang='grc' dir='ltr'>Ὁ</span> <span class='ocrx_word' id='word_1_64' title='bbox 1497 915 1911 985; x_wconf 78' lang='grc' dir='ltr'>μισθωσάμενος</span> 
     </span>
    </p>
   </div>
   <div class='ocr_carea' id='block_1_11' title="bbox 259 1000 1912 1080">
    <p class='ocr_par' dir='ltr' id='par_1_11' title="bbox 259 1000 1912 1080">
     <span class='ocr_line' id='line_1_11' title="bbox 259 1000 1912 1080; baseline -0.003 -19"><span class='ocrx_word' id='word_1_65' title='bbox 259 1006 488 1079; x_wconf 82' lang='grc' dir='ltr'>ἄλογου,</span> <span class='ocrx_word' id='word_1_66' title='bbox 534 1006 644 1060; x_wconf 92' lang='lat' dir='ltr'>Leo</span> <span class='ocrx_word' id='word_1_67' title='bbox 675 1004 896 1060; x_wconf 88' lang='lat' dir='ltr'>Tactic.</span> <span class='ocrx_word' id='word_1_68' title='bbox 931 1020 1056 1075; x_wconf 90' lang='lat' dir='ltr'>cap.</span> <span class='ocrx_word' id='word_1_69' title='bbox 1102 1005 1221 1074; x_wconf 80' lang='lat'>10§</span> <span class='ocrx_word' id='word_1_70' title='bbox 1275 1004 1385 1059; x_wconf 88' lang='lat'>15:</span> <span class='ocrx_word' id='word_1_71' title='bbox 1441 1000 1591 1080; x_wconf 81' lang='grc' dir='ltr'>ἔχειν</span> <span class='ocrx_word' id='word_1_72' title='bbox 1648 1004 1747 1070; x_wconf 73' lang='grc' dir='ltr'>τήν</span> <span class='ocrx_word' id='word_1_73' title='bbox 1805 1007 1912 1056; x_wconf 80' lang='grc' dir='ltr'>τῶν</span> 
     </span>
    </p>
   </div>
   <div class='ocr_carea' id='block_1_12' title="bbox 264 1093 1910 1168">
    <p class='ocr_par' dir='ltr' id='par_1_12' title="bbox 264 1093 1910 1168">
     <span class='ocr_line' id='line_1_12' title="bbox 264 1093 1910 1168; baseline -0.004 -17"><span class='ocrx_word' id='word_1_74' title='bbox 264 1095 476 1168; x_wconf 83' lang='grc' dir='ltr'>ἀλόγων</span> <span class='ocrx_word' id='word_1_75' title='bbox 522 1095 864 1168; x_wconf 74' lang='grc' dir='ltr'>ἂποτροφήν.</span> <span class='ocrx_word' id='word_1_76' title='bbox 897 1094 1039 1147; x_wconf 84' lang='lat' dir='ltr'>Vide</span> <span class='ocrx_word' id='word_1_77' title='bbox 1071 1093 1429 1148; x_wconf 87' lang='lat' dir='ltr'>Glossiarum</span> <span class='ocrx_word' id='word_1_78' title='bbox 1465 1095 1532 1147; x_wconf 90' lang='lat' dir='ltr'>ad</span> <span class='ocrx_word' id='word_1_79' title='bbox 1568 1095 1910 1148; x_wconf 55' lang='lat' dir='ltr'>Cedrenum.</span> 
     </span>
    </p>
   </div>
   <div class='ocr_carea' id='block_1_13' title="bbox 327 1177 1912 1256">
    <p class='ocr_par' dir='ltr' id='par_1_13' title="bbox 327 1177 1912 1256">
     <span class='ocr_line' id='line_1_13' title="bbox 327 1177 1912 1256; baseline -0.006 -15"><span class='ocrx_word' id='word_1_80' title='bbox 327 1177 554 1256; x_wconf 74' lang='grc' dir='ltr'>’Ἃμϐων</span> <span class='ocrx_word' id='word_1_81' title='bbox 591 1183 782 1252; x_wconf 83' lang='lat' dir='ltr'>ambo,</span> <span class='ocrx_word' id='word_1_82' title='bbox 817 1186 1152 1254; x_wconf 82' lang='lat' dir='ltr'>suggestus,</span> <span class='ocrx_word' id='word_1_83' title='bbox 1201 1181 1524 1253; x_wconf 81' lang='lat' dir='ltr'>pulpitum,</span> <span class='ocrx_word' id='word_1_84' title='bbox 1557 1182 1726 1253; x_wconf 88' lang='lat' dir='ltr'>p.293</span> <span class='ocrx_word' id='word_1_85' title='bbox 1743 1197 1793 1238; x_wconf 94' lang='lat' dir='ltr'>c.</span> <span class='ocrx_word' id='word_1_86' title='bbox 1836 1179 1912 1243; x_wconf 84' lang='grc' dir='ltr'>εἷς</span> 
     </span>
    </p>
   </div>
   <div class='ocr_carea' id='block_1_14' title="bbox 255 1267 1910 1346">
    <p class='ocr_par' dir='ltr' id='par_1_14' title="bbox 255 1267 1910 1346">
     <span class='ocr_line' id='line_1_14' title="bbox 255 1267 1910 1346; baseline -0.003 -19"><span class='ocrx_word' id='word_1_87' title='bbox 255 1273 349 1328; x_wconf 88' lang='grc' dir='ltr'>τὸν</span> <span class='ocrx_word' id='word_1_88' title='bbox 396 1271 538 1346; x_wconf 76' lang='grc' dir='ltr'>ἱερὸν</span> <span class='ocrx_word' id='word_1_89' title='bbox 600 1270 939 1341; x_wconf 79' lang='grc' dir='ltr'>ἀνάσταθμον</span> <span class='ocrx_word' id='word_1_90' title='bbox 987 1268 1185 1325; x_wconf 78' lang='grc' dir='ltr'>ἀνιώνε</span> <span class='ocrx_word' id='word_1_91' title='bbox 1259 1271 1382 1325; x_wconf 89' lang='lat' dir='ltr'>cod.</span> <span class='ocrx_word' id='word_1_92' title='bbox 1417 1269 1507 1325; x_wconf 89' lang='lat' dir='ltr'>GB</span> <span class='ocrx_word' id='word_1_93' title='bbox 1558 1268 1631 1330; x_wconf 84' lang='grc' dir='ltr'>εἷς</span> <span class='ocrx_word' id='word_1_94' title='bbox 1681 1269 1772 1323; x_wconf 88' lang='grc' dir='ltr'>τὸν</span> <span class='ocrx_word' id='word_1_95' title='bbox 1803 1267 1910 1341; x_wconf 77' lang='grc' dir='ltr'>ἄμ-</span> 
     </span>
    </p>
   </div>
   <div class='ocr_carea' id='block_1_15' title="bbox 261 1357 1902 1431">
    <p class='ocr_par' dir='ltr' id='par_1_15' title="bbox 261 1357 1902 1431">
     <span class='ocr_line' id='line_1_15' title="bbox 261 1357 1902 1431; baseline -0.004 -13"><span class='ocrx_word' id='word_1_96' title='bbox 261 1359 430 1418; x_wconf 79' lang='grc' dir='ltr'>ϐωνα.</span> <span class='ocrx_word' id='word_1_97' title='bbox 463 1364 718 1419; x_wconf 85' lang='lat' dir='ltr'>Joannes</span> <span class='ocrx_word' id='word_1_98' title='bbox 770 1361 1206 1416; x_wconf 83' lang='lat' dir='ltr'>Cantacuzenus</span> <span class='ocrx_word' id='word_1_99' title='bbox 1240 1361 1339 1414; x_wconf 92' lang='lat' dir='ltr'>lib.</span> <span class='ocrx_word' id='word_1_100' title='bbox 1374 1377 1411 1426; x_wconf 83' lang='grc' dir='ltr'>ι,</span> <span class='ocrx_word' id='word_1_101' title='bbox 1446 1377 1572 1431; x_wconf 84' lang='lat' dir='ltr'>cap.</span> <span class='ocrx_word' id='word_1_102' title='bbox 1609 1361 1669 1414; x_wconf 73' lang='grc'><strong>41</strong></span> <span class='ocrx_word' id='word_1_103' title='bbox 1708 1377 1721 1414; x_wconf 92' lang='lat'><strong>:</strong></span> <span class='ocrx_word' id='word_1_104' title='bbox 1754 1357 1902 1413; x_wconf 81' lang='grc' dir='ltr'>ἄνει-</span> 
     </span>
    </p>
   </div>
   <div class='ocr_carea' id='block_1_16' title="bbox 263 1442 1910 1522">
    <p class='ocr_par' dir='ltr' id='par_1_16' title="bbox 263 1442 1910 1522">
     <span class='ocr_line' id='line_1_16' title="bbox 263 1442 1910 1522; baseline -0.003 -15"><span class='ocrx_word' id='word_1_105' title='bbox 263 1473 346 1506; x_wconf 90' lang='grc' dir='ltr'>σιν</span> <span class='ocrx_word' id='word_1_106' title='bbox 366 1451 457 1506; x_wconf 63' lang='grc' dir='ltr'>επὶ</span> <span class='ocrx_word' id='word_1_107' title='bbox 487 1450 578 1504; x_wconf 89' lang='grc' dir='ltr'>τὸν</span> <span class='ocrx_word' id='word_1_108' title='bbox 608 1442 836 1520; x_wconf 77' lang='grc' dir='ltr'>ἅμϐωνα</span> <span class='ocrx_word' id='word_1_109' title='bbox 881 1449 907 1501; x_wconf 88' lang='grc' dir='ltr'>ὁ</span> <span class='ocrx_word' id='word_1_110' title='bbox 948 1447 1297 1522; x_wconf 76' lang='grc' dir='ltr'>πατριάρχης</span> <span class='ocrx_word' id='word_1_111' title='bbox 1330 1450 1439 1502; x_wconf 83' lang='grc' dir='ltr'>τῶν</span> <span class='ocrx_word' id='word_1_112' title='bbox 1491 1443 1698 1502; x_wconf 62' lang='grc' dir='ltr'>ἀδύτων</span> <span class='ocrx_word' id='word_1_113' title='bbox 1732 1445 1910 1516; x_wconf 76' lang='grc' dir='ltr'>ἐξιών.</span> 
     </span>
    </p>
   </div>
   <div class='ocr_carea' id='block_1_17' title="bbox 259 1533 1911 1610">
    <p class='ocr_par' dir='ltr' id='par_1_17' title="bbox 259 1533 1911 1610">
     <span class='ocr_line' id='line_1_17' title="bbox 259 1533 1911 1610; baseline -0.005 -13"><span class='ocrx_word' id='word_1_114' title='bbox 259 1544 446 1597; x_wconf 83' lang='lat' dir='ltr'>Anna.</span> <span class='ocrx_word' id='word_1_115' title='bbox 478 1540 678 1595; x_wconf 88' lang='lat' dir='ltr'>Comn.</span> <span class='ocrx_word' id='word_1_116' title='bbox 702 1537 966 1593; x_wconf 76' lang='lat' dir='ltr'>Alexiad.</span> <span class='ocrx_word' id='word_1_117' title='bbox 1003 1555 1031 1591; x_wconf 80' lang='grc' dir='ltr'>ν</span> <span class='ocrx_word' id='word_1_118' title='bbox 1066 1555 1078 1590; x_wconf 89' lang='lat'><strong><em>:</em></strong></span> <span class='ocrx_word' id='word_1_119' title='bbox 1127 1536 1154 1589; x_wconf 93' lang='grc' dir='ltr'>ὁ</span> <span class='ocrx_word' id='word_1_120' title='bbox 1190 1533 1246 1590; x_wconf 75' lang='grc' dir='ltr'>δὲ</span> <span class='ocrx_word' id='word_1_121' title='bbox 1276 1533 1639 1610; x_wconf 75' lang='grc' dir='ltr'>αὐτοκράτωρ</span> <span class='ocrx_word' id='word_1_122' title='bbox 1672 1535 1809 1590; x_wconf 73' lang='grc' dir='ltr'>αὐτὰ</span> <span class='ocrx_word' id='word_1_123' title='bbox 1845 1534 1911 1589; x_wconf 80' lang='grc' dir='ltr'>τὰ</span> 
     </span>
    </p>
   </div>
   <div class='ocr_carea' id='block_1_18' title="bbox 262 1615 1908 1700">
    <p class='ocr_par' dir='ltr' id='par_1_18' title="bbox 262 1615 1908 1700">
     <span class='ocr_line' id='line_1_18' title="bbox 262 1615 1908 1700; baseline -0.004 -19"><span class='ocrx_word' id='word_1_124' title='bbox 262 1625 532 1700; x_wconf 74' lang='grc' dir='ltr'>κεφάλαια</span> <span class='ocrx_word' id='word_1_125' title='bbox 587 1624 677 1677; x_wconf 90' lang='grc' dir='ltr'>τὸν</span> <span class='ocrx_word' id='word_1_126' title='bbox 733 1621 939 1678; x_wconf 87' lang='grc' dir='ltr'>Ἰταλὸν</span> <span class='ocrx_word' id='word_1_127' title='bbox 1002 1620 1390 1694; x_wconf 80' lang='grc' dir='ltr'>ἀναθεματίσαι</span> <span class='ocrx_word' id='word_1_128' title='bbox 1444 1619 1526 1675; x_wconf 86' lang='grc' dir='ltr'>ἐπ’</span> <span class='ocrx_word' id='word_1_129' title='bbox 1566 1615 1824 1694; x_wconf 77' lang='grc' dir='ltr'>ἄμϐωνος</span> <span class='ocrx_word' id='word_1_130' title='bbox 1857 1618 1908 1675; x_wconf 82' lang='grc' dir='ltr'>ἐν</span> 
     </span>
    </p>
   </div>
   <div class='ocr_carea' id='block_1_19' title="bbox 261 1708 1910 1789">
    <p class='ocr_par' dir='ltr' id='par_1_19' title="bbox 261 1708 1910 1789">
     <span class='ocr_line' id='line_1_19' title="bbox 261 1708 1910 1789; baseline -0.004 -18"><span class='ocrx_word' id='word_1_131' title='bbox 261 1719 332 1789; x_wconf 75' lang='grc' dir='ltr'>τῇ</span> <span class='ocrx_word' id='word_1_132' title='bbox 365 1714 589 1789; x_wconf 73' lang='grc' dir='ltr'>Μεγάλῃ</span> <span class='ocrx_word' id='word_1_133' title='bbox 655 1709 953 1780; x_wconf 75' lang='grc' dir='ltr'>Ἐκκλησία</span> <span class='ocrx_word' id='word_1_134' title='bbox 1006 1708 1303 1766; x_wconf 81' lang='grc' dir='ltr'>ἐκέλευσεν.</span> <span class='ocrx_word' id='word_1_135' title='bbox 1364 1710 1504 1767; x_wconf 68' lang='lat' dir='ltr'>Vide</span> <span class='ocrx_word' id='word_1_136' title='bbox 1542 1710 1910 1782; x_wconf 72' lang='lat' dir='ltr'>ThBOphyla-</span> 
     </span>
    </p>
   </div>
   <div class='ocr_carea' id='block_1_20' title="bbox 2016 559 3662 636">
    <p class='ocr_par' dir='ltr' id='par_1_20' title="bbox 2016 559 3662 636">
     <span class='ocr_line' id='line_1_20' title="bbox 2016 559 3662 636; baseline 0.003 -21"><span class='ocrx_word' id='word_1_137' title='bbox 2016 559 2104 615; x_wconf 88' lang='grc' dir='ltr'>καὶ</span> <span class='ocrx_word' id='word_1_138' title='bbox 2145 560 2384 636; x_wconf 85' lang='grc' dir='ltr'>θώρακα.</span> <span class='ocrx_word' id='word_1_139' title='bbox 2416 562 2561 619; x_wconf 83' lang='lat' dir='ltr'>Vide</span> <span class='ocrx_word' id='word_1_140' title='bbox 2591 565 2662 619; x_wconf 90' lang='lat' dir='ltr'>ad</span> <span class='ocrx_word' id='word_1_141' title='bbox 2693 564 3020 618; x_wconf 81' lang='lat' dir='ltr'>Cadrenum</span> <span class='ocrx_word' id='word_1_142' title='bbox 3054 567 3110 618; x_wconf 89' lang='lat' dir='ltr'>et</span> <span class='ocrx_word' id='word_1_143' title='bbox 3137 562 3501 619; x_wconf 76' lang='lat' dir='ltr'>Glossarium</span> <span class='ocrx_word' id='word_1_144' title='bbox 3544 564 3662 620; x_wconf 91' lang='lat' dir='ltr'>No-</span> 
     </span>
    </p>
   </div>
   <div class='ocr_carea' id='block_1_21' title="bbox 2020 667 2258 707">
    <p class='ocr_par' dir='ltr' id='par_1_21' title="bbox 2020 667 2258 707">
     <span class='ocr_line' id='line_1_21' title="bbox 2020 667 2258 707; baseline 0.008 -2"><span class='ocrx_word' id='word_1_145' title='bbox 2020 667 2258 707; x_wconf 85' lang='lat' dir='ltr'>uncum.</span> 
     </span>
    </p>
   </div>
   <div class='ocr_carea' id='block_1_22' title="bbox 2088 737 3674 812">
    <p class='ocr_par' dir='ltr' id='par_1_22' title="bbox 2088 737 3674 812">
     <span class='ocr_line' id='line_1_22' title="bbox 2088 737 3674 812; baseline 0.003 -20"><span class='ocrx_word' id='word_1_146' title='bbox 2088 737 2522 812; x_wconf 80' lang='grc' dir='ltr'>Ἀρχιζούπυνος</span> <span class='ocrx_word' id='word_1_147' title='bbox 2584 757 2638 812; x_wconf 89' lang='lat' dir='ltr'>p.</span> <span class='ocrx_word' id='word_1_148' title='bbox 2698 741 2762 795; x_wconf 88' lang='grc'><strong>61</strong></span> <span class='ocrx_word' id='word_1_149' title='bbox 2827 741 2886 807; x_wconf 93' lang='lat' dir='ltr'>d,</span> <span class='ocrx_word' id='word_1_150' title='bbox 2939 741 3041 811; x_wconf 90' lang='lat' dir='ltr'>qui</span> <span class='ocrx_word' id='word_1_151' title='bbox 3100 742 3253 812; x_wconf 88' lang='lat' dir='ltr'>apud</span> <span class='ocrx_word' id='word_1_152' title='bbox 3331 739 3674 812; x_wconf 87' lang='lat' dir='ltr'>Cpolitanos-</span> 
     </span>
    </p>
   </div>
   <div class='ocr_carea' id='block_1_23' title="bbox 2016 823 3009 902">
    <p class='ocr_par' dir='ltr' id='par_1_23' title="bbox 2016 823 3009 902">
     <span class='ocr_line' id='line_1_23' title="bbox 2016 823 3009 902; baseline 0.004 -20"><span class='ocrx_word' id='word_1_153' title='bbox 2016 823 2534 902; x_wconf 74' lang='grc' dir='ltr'>πρωτοϐεστιάριος.</span> <span class='ocrx_word' id='word_1_154' title='bbox 2566 829 2633 883; x_wconf 88' lang='lat' dir='ltr'>V.</span> <span class='ocrx_word' id='word_1_155' title='bbox 2665 829 3009 886; x_wconf 87' lang='lat' dir='ltr'>Meursium.</span> 
     </span>
    </p>
   </div>
   <div class='ocr_carea' id='block_1_24' title="bbox 2088 917 3666 990">
    <p class='ocr_par' dir='ltr' id='par_1_24' title="bbox 2088 917 3666 990">
     <span class='ocr_line' id='line_1_24' title="bbox 2088 917 3666 990; baseline 0.002 -20"><span class='ocrx_word' id='word_1_156' title='bbox 2088 922 2340 989; x_wconf 75' lang='grc' dir='ltr'>’Άσημον</span> <span class='ocrx_word' id='word_1_157' title='bbox 2392 923 2689 990; x_wconf 75' lang='lat' dir='ltr'>argentum</span> <span class='ocrx_word' id='word_1_158' title='bbox 2720 935 2773 989; x_wconf 90' lang='lat' dir='ltr'>p.</span> <span class='ocrx_word' id='word_1_159' title='bbox 2809 918 2932 972; x_wconf 79' lang='grc'><strong>344.</strong></span> <span class='ocrx_word' id='word_1_160' title='bbox 2964 917 3347 987; x_wconf 83' lang='lat' dir='ltr'>Theophanes</span> <span class='ocrx_word' id='word_1_161' title='bbox 3379 917 3436 973; x_wconf 86' lang='lat' dir='ltr'>in</span> <span class='ocrx_word' id='word_1_162' title='bbox 3492 923 3666 974; x_wconf 87' lang='lat' dir='ltr'>Hera-</span> 
     </span>
    </p>
   </div>
   <div class='ocr_carea' id='block_1_25' title="bbox 2016 1004 3660 1080">
    <p class='ocr_par' dir='ltr' id='par_1_25' title="bbox 2016 1004 3660 1080">
     <span class='ocr_line' id='line_1_25' title="bbox 2016 1004 3660 1080; baseline 0.001 -18"><span class='ocrx_word' id='word_1_163' title='bbox 2016 1008 2124 1063; x_wconf 86' lang='lat' dir='ltr'>clio</span> <span class='ocrx_word' id='word_1_164' title='bbox 2153 1025 2164 1061; x_wconf 90' lang='lat'>:</span> <span class='ocrx_word' id='word_1_165' title='bbox 2200 1006 2297 1061; x_wconf 85' lang='grc' dir='ltr'>Καὶ</span> <span class='ocrx_word' id='word_1_166' title='bbox 2328 1006 2544 1079; x_wconf 82' lang='grc' dir='ltr'>ἄσημον</span> <span class='ocrx_word' id='word_1_167' title='bbox 2576 1007 2666 1060; x_wconf 79' lang='grc' dir='ltr'>καὶ</span> <span class='ocrx_word' id='word_1_168' title='bbox 2699 1004 3002 1080; x_wconf 84' lang='grc' dir='ltr'>ὁλοσηρικὰ</span> <span class='ocrx_word' id='word_1_169' title='bbox 3033 1005 3246 1077; x_wconf 71' lang='grc' dir='ltr'>ἱμάτια.</span> <span class='ocrx_word' id='word_1_170' title='bbox 3297 1009 3660 1064; x_wconf 80' lang='lat' dir='ltr'>Glossarium</span> 
     </span>
    </p>
   </div>
   <div class='ocr_carea' id='block_1_26' title="bbox 2020 1093 3661 1170">
    <p class='ocr_par' dir='ltr' id='par_1_26' title="bbox 2020 1093 3661 1170">
     <span class='ocr_line' id='line_1_26' title="bbox 2020 1093 3661 1170; baseline 0.001 -19"><span class='ocrx_word' id='word_1_171' title='bbox 2020 1114 2194 1152; x_wconf 90' lang='lat' dir='ltr'>manu</span> <span class='ocrx_word' id='word_1_172' title='bbox 2227 1103 2557 1153; x_wconf 88' lang='lat' dir='ltr'>exaratum:</span> <span class='ocrx_word' id='word_1_173' title='bbox 2593 1097 2858 1167; x_wconf 73' lang='grc' dir='ltr'>Ἀσήμιον</span> <span class='ocrx_word' id='word_1_174' title='bbox 2900 1093 3154 1170; x_wconf 80' lang='grc' dir='ltr'>ἄργυρος.</span> <span class='ocrx_word' id='word_1_175' title='bbox 3216 1099 3496 1152; x_wconf 80' lang='lat' dir='ltr'>Dixerunt</span> <span class='ocrx_word' id='word_1_176' title='bbox 3552 1097 3661 1168; x_wconf 89' lang='lat' dir='ltr'>igi-</span> 
     </span>
    </p>
   </div>
   <div class='ocr_carea' id='block_1_27' title="bbox 2018 1183 3665 1257">
    <p class='ocr_par' dir='ltr' id='par_1_27' title="bbox 2018 1183 3665 1257">
     <span class='ocr_line' id='line_1_27' title="bbox 2018 1183 3665 1257; baseline 0 -19"><span class='ocrx_word' id='word_1_177' title='bbox 2018 1191 2108 1240; x_wconf 85' lang='lat' dir='ltr'>tur</span> <span class='ocrx_word' id='word_1_178' title='bbox 2139 1185 2372 1257; x_wconf 81' lang='grc' dir='ltr'>ἆσημον,</span> <span class='ocrx_word' id='word_1_179' title='bbox 2407 1185 2641 1256; x_wconf 74' lang='grc' dir='ltr'>ἀσήμιον</span> <span class='ocrx_word' id='word_1_180' title='bbox 2681 1191 2738 1240; x_wconf 89' lang='lat' dir='ltr'>ct</span> <span class='ocrx_word' id='word_1_181' title='bbox 2785 1183 3012 1256; x_wconf 77' lang='grc' dir='ltr'>ἀσήμιν.</span> <span class='ocrx_word' id='word_1_182' title='bbox 3065 1189 3277 1241; x_wconf 81' lang='lat' dir='ltr'>Auctor</span> <span class='ocrx_word' id='word_1_183' title='bbox 3310 1186 3437 1241; x_wconf 88' lang='lat' dir='ltr'>GB:</span> <span class='ocrx_word' id='word_1_184' title='bbox 3502 1187 3665 1240; x_wconf 82' lang='grc' dir='ltr'>ΑιΘο-</span> 
     </span>
    </p>
   </div>
   <div class='ocr_carea' id='block_1_28' title="bbox 2021 1271 3662 1351">
    <p class='ocr_par' dir='ltr' id='par_1_28' title="bbox 2021 1271 3662 1351">
     <span class='ocr_line' id='line_1_28' title="bbox 2021 1271 3662 1351; baseline 0.002 -25"><span class='ocrx_word' id='word_1_185' title='bbox 2021 1274 2424 1348; x_wconf 85' lang='grc' dir='ltr'>μαργαριτάρια</span> <span class='ocrx_word' id='word_1_186' title='bbox 2477 1273 2683 1344; x_wconf 81' lang='grc' dir='ltr'>ἀσήμιν</span> <span class='ocrx_word' id='word_1_187' title='bbox 2751 1271 2840 1326; x_wconf 86' lang='grc' dir='ltr'>καὶ</span> <span class='ocrx_word' id='word_1_188' title='bbox 2939 1272 3228 1351; x_wconf 74' lang='grc' dir='ltr'>χρυσάφιν.</span> <span class='ocrx_word' id='word_1_189' title='bbox 3307 1275 3662 1345; x_wconf 85' lang='lat' dir='ltr'>Plerumque</span> 
     </span>
    </p>
   </div>
   <div class='ocr_carea' id='block_1_29' title="bbox 2019 1360 3663 1436">
    <p class='ocr_par' dir='ltr' id='par_1_29' title="bbox 2019 1360 3663 1436">
     <span class='ocr_line' id='line_1_29' title="bbox 2019 1360 3663 1436; baseline -0.001 -19"><span class='ocrx_word' id='word_1_190' title='bbox 2019 1370 2210 1418; x_wconf 89' lang='lat' dir='ltr'>autem</span> <span class='ocrx_word' id='word_1_191' title='bbox 2272 1380 2373 1434; x_wconf 92' lang='lat' dir='ltr'>pro</span> <span class='ocrx_word' id='word_1_192' title='bbox 2428 1367 2665 1434; x_wconf 86' lang='lat' dir='ltr'>argento</span> <span class='ocrx_word' id='word_1_193' title='bbox 2719 1379 2833 1418; x_wconf 90' lang='lat' dir='ltr'>non</span> <span class='ocrx_word' id='word_1_194' title='bbox 2866 1362 3116 1434; x_wconf 85' lang='lat' dir='ltr'>signato.</span> <span class='ocrx_word' id='word_1_195' title='bbox 3167 1363 3470 1434; x_wconf 87' lang='lat' dir='ltr'>Moschop.</span> <span class='ocrx_word' id='word_1_196' title='bbox 3531 1360 3663 1436; x_wconf 86' lang='grc' dir='ltr'>Περὶ</span> 
     </span>
    </p>
   </div>
   <div class='ocr_carea' id='block_1_30' title="bbox 2017 1446 3374 1524">
    <p class='ocr_par' dir='ltr' id='par_1_30' title="bbox 2017 1446 3374 1524">
     <span class='ocr_line' id='line_1_30' title="bbox 2017 1446 3374 1524; baseline 0.001 -20"><span class='ocrx_word' id='word_1_197' title='bbox 2017 1446 2169 1524; x_wconf 81' lang='grc' dir='ltr'>σχεδ·</span> <span class='ocrx_word' id='word_1_198' title='bbox 2198 1452 2410 1522; x_wconf 78' lang='grc' dir='ltr'>ἀσημον</span> <span class='ocrx_word' id='word_1_199' title='bbox 2432 1449 2689 1524; x_wconf 81' lang='grc' dir='ltr'>ἀργύριον</span> <span class='ocrx_word' id='word_1_200' title='bbox 2721 1449 2783 1503; x_wconf 87' lang='grc' dir='ltr'>τὸ</span> <span class='ocrx_word' id='word_1_201' title='bbox 2826 1451 2902 1521; x_wconf 82' lang='grc' dir='ltr'>μὴ</span> <span class='ocrx_word' id='word_1_202' title='bbox 2943 1449 3374 1523; x_wconf 83' lang='grc' dir='ltr'>κεχαραγμένον.</span> 
     </span>
    </p>
   </div>
   <div class='ocr_carea' id='block_1_31' title="bbox 2088 1537 3663 1609">
    <p class='ocr_par' dir='ltr' id='par_1_31' title="bbox 2088 1537 3663 1609">
     <span class='ocr_line' id='line_1_31' title="bbox 2088 1537 3663 1609; baseline 0.001 -17"><span class='ocrx_word' id='word_1_203' title='bbox 2088 1542 2328 1609; x_wconf 71' lang='grc' dir='ltr'>’Ὰσπρον</span> <span class='ocrx_word' id='word_1_204' title='bbox 2390 1537 2611 1605; x_wconf 88' lang='lat' dir='ltr'>album,</span> <span class='ocrx_word' id='word_1_205' title='bbox 2666 1554 2795 1609; x_wconf 86' lang='lat' dir='ltr'>pag.</span> <span class='ocrx_word' id='word_1_206' title='bbox 2857 1537 2980 1592; x_wconf 78' lang='lat'><strong>223.</strong></span> <span class='ocrx_word' id='word_1_207' title='bbox 3033 1538 3382 1593; x_wconf 69' lang='lat' dir='ltr'>tihronicum</span> <span class='ocrx_word' id='word_1_208' title='bbox 3417 1538 3663 1594; x_wconf 86' lang='lat' dir='ltr'>Alexan-</span> 
     </span>
    </p>
   </div>
   <div class='ocr_carea' id='block_1_32' title="bbox 2017 1621 3658 1702">
    <p class='ocr_par' dir='ltr' id='par_1_32' title="bbox 2017 1621 3658 1702">
     <span class='ocr_line' id='line_1_32' title="bbox 2017 1621 3658 1702; baseline -0.001 -22"><span class='ocrx_word' id='word_1_209' title='bbox 2017 1627 2284 1680; x_wconf 90' lang='lat' dir='ltr'>drinum:</span> <span class='ocrx_word' id='word_1_210' title='bbox 2320 1625 2562 1699; x_wconf 82' lang='grc' dir='ltr'>Φορέσας</span> <span class='ocrx_word' id='word_1_211' title='bbox 2594 1624 2848 1702; x_wconf 74' lang='grc' dir='ltr'>στέφανον</span> <span class='ocrx_word' id='word_1_212' title='bbox 2885 1625 3172 1696; x_wconf 83' lang='grc' dir='ltr'>Ῥωμαίων</span> <span class='ocrx_word' id='word_1_213' title='bbox 3216 1624 3304 1678; x_wconf 88' lang='grc' dir='ltr'><strong>καί</strong></span> <span class='ocrx_word' id='word_1_214' title='bbox 3362 1621 3658 1699; x_wconf 81' lang='grc' dir='ltr'>χλαμύδην</span> 
     </span>
    </p>
   </div>
   <div class='ocr_carea' id='block_1_33' title="bbox 2016 1711 3660 1786">
    <p class='ocr_par' dir='ltr' id='par_1_33' title="bbox 2016 1711 3660 1786">
     <span class='ocr_line' id='line_1_33' title="bbox 2016 1711 3660 1786; baseline 0.003 -20"><span class='ocrx_word' id='word_1_215' title='bbox 2016 1711 2246 1786; x_wconf 79' lang='grc' dir='ltr'>ἂσπρην.</span> <span class='ocrx_word' id='word_1_216' title='bbox 2307 1715 2651 1771; x_wconf 73' lang='lat' dir='ltr'>Anastasius</span> <span class='ocrx_word' id='word_1_217' title='bbox 2707 1715 3146 1771; x_wconf 82' lang='lat' dir='ltr'>Bibliotecarius</span> <span class='ocrx_word' id='word_1_218' title='bbox 3198 1716 3253 1769; x_wconf 91' lang='lat' dir='ltr'>iu</span> <span class='ocrx_word' id='word_1_219' title='bbox 3306 1715 3454 1774; x_wconf 89' lang='lat' dir='ltr'>Hist.</span> <span class='ocrx_word' id='word_1_220' title='bbox 3485 1715 3660 1784; x_wconf 62' lang='lat' dir='ltr'>iEecl.</span> 
     </span>
    </p>
   </div>
   <div class='ocr_carea' id='block_1_34' title="bbox 264 1801 3658 1896">
    <p class='ocr_par' dir='ltr' id='par_1_34' title="bbox 264 1801 3658 1896">
     <span class='ocr_line' id='line_1_34' title="bbox 264 1801 3658 1896; baseline -0 -34"><span class='ocrx_word' id='word_1_221' title='bbox 264 1810 426 1863; x_wconf 85' lang='lat' dir='ltr'>ctum</span> <span class='ocrx_word' id='word_1_222' title='bbox 461 1802 851 1896; x_wconf 62' lang='lat' dir='ltr'>Simoc._Hist.</span> <span class='ocrx_word' id='word_1_223' title='bbox 888 1801 1130 1896; x_wconf 35' lang='lat' dir='ltr'>Maurici.</span> <span class='ocrx_word' id='word_1_224' title='bbox 1168 1801 1290 1896; x_wconf 47' lang='lat' dir='ltr'>lib;</span> <span class='ocrx_word' id='word_1_225' title='bbox 1309 1817 1430 1896; x_wconf 62' lang='grc' dir='ltr'>νιιι,</span> <span class='ocrx_word' id='word_1_226' title='bbox 1465 1817 1589 1896; x_wconf 65' lang='lat' dir='ltr'>cap.</span> <span class='ocrx_word' id='word_1_227' title='bbox 1629 1801 1692 1854; x_wconf 88' lang='grc'>10</span> <span class='ocrx_word' id='word_1_228' title='bbox 1750 1801 1908 1896; x_wconf 73' lang='lat' dir='ltr'>Glos-</span> <span class='ocrx_word' id='word_1_229' title='bbox 1943 1833 1988 1896; x_wconf 79' lang='grc' dir='ltr'><strong>Β</strong></span> <span class='ocrx_word' id='word_1_230' title='bbox 2015 1807 2255 1874; x_wconf 79' lang='lat' dir='ltr'>portavit</span> <span class='ocrx_word' id='word_1_231' title='bbox 2277 1821 2536 1860; x_wconf 88' lang='lat' dir='ltr'>coronam</span> <span class='ocrx_word' id='word_1_232' title='bbox 2565 1808 2619 1858; x_wconf 83' lang='lat' dir='ltr'>et</span> <span class='ocrx_word' id='word_1_233' title='bbox 2647 1803 2986 1875; x_wconf 87' lang='lat' dir='ltr'>chlamydem</span> <span class='ocrx_word' id='word_1_234' title='bbox 3012 1803 3433 1876; x_wconf 75' lang='lat' dir='ltr'>imperatoriam</span> <span class='ocrx_word' id='word_1_235' title='bbox 3453 1805 3658 1862; x_wconf 80' lang='lat' dir='ltr'>albam.</span> 
     </span>
    </p>
   </div>
   <div class='ocr_carea' id='block_1_35' title="bbox 263 1883 1909 1964">
    <p class='ocr_par' dir='ltr' id='par_1_35' title="bbox 263 1883 1909 1964">
     <span class='ocr_line' id='line_1_35' title="bbox 263 1883 1909 1964; baseline -0.004 -13"><span class='ocrx_word' id='word_1_236' title='bbox 263 1897 481 1951; x_wconf 87' lang='lat' dir='ltr'>sarium</span> <span class='ocrx_word' id='word_1_237' title='bbox 541 1910 650 1948; x_wconf 91' lang='lat' dir='ltr'>ms.</span> <span class='ocrx_word' id='word_1_238' title='bbox 685 1885 907 1964; x_wconf 77' lang='grc' dir='ltr'>ὀκρίϐας</span> <span class='ocrx_word' id='word_1_239' title='bbox 940 1890 969 1942; x_wconf 82' lang='grc' dir='ltr'>ὅ</span> <span class='ocrx_word' id='word_1_240' title='bbox 1009 1883 1218 1960; x_wconf 72' lang='grc' dir='ltr'>ἄμϐων.</span> <span class='ocrx_word' id='word_1_241' title='bbox 1251 1889 1584 1944; x_wconf 87' lang='lat' dir='ltr'>Grisconius</span> <span class='ocrx_word' id='word_1_242' title='bbox 1634 1889 1909 1945; x_wconf 89' lang='lat' dir='ltr'>Breviarii</span> 
     </span>
    </p>
   </div>
   <div class='ocr_carea' id='block_1_36' title="bbox 264 1977 1910 2052">
    <p class='ocr_par' dir='ltr' id='par_1_36' title="bbox 264 1977 1910 2052">
     <span class='ocr_line' id='line_1_36' title="bbox 264 1977 1910 2052; baseline -0.005 -12"><span class='ocrx_word' id='word_1_243' title='bbox 264 1985 564 2041; x_wconf 86' lang='lat' dir='ltr'>Canonum</span> <span class='ocrx_word' id='word_1_244' title='bbox 599 1998 726 2052; x_wconf 91' lang='lat' dir='ltr'>cap.</span> <span class='ocrx_word' id='word_1_245' title='bbox 765 1981 887 2049; x_wconf 85' lang='lat'>166,</span> <span class='ocrx_word' id='word_1_246' title='bbox 912 1980 982 2035; x_wconf 93' lang='lat' dir='ltr'>de</span> <span class='ocrx_word' id='word_1_247' title='bbox 1014 1979 1104 2034; x_wconf 85' lang='lat' dir='ltr'>his</span> <span class='ocrx_word' id='word_1_248' title='bbox 1137 1979 1237 2048; x_wconf 90' lang='lat' dir='ltr'>qui</span> <span class='ocrx_word' id='word_1_249' title='bbox 1272 1978 1520 2033; x_wconf 83' lang='lat' dir='ltr'>debeant</span> <span class='ocrx_word' id='word_1_250' title='bbox 1551 1977 1608 2031; x_wconf 92' lang='lat' dir='ltr'>in</span> <span class='ocrx_word' id='word_1_251' title='bbox 1640 1977 1910 2045; x_wconf 85' lang='lat' dir='ltr'>amboue,</span> 
     </span>
    </p>
   </div>
   <div class='ocr_carea' id='block_1_37' title="bbox 263 2067 1913 2143">
    <p class='ocr_par' dir='ltr' id='par_1_37' title="bbox 263 2067 1913 2143">
     <span class='ocr_line' id='line_1_37' title="bbox 263 2067 1913 2143; baseline -0.005 -13"><span class='ocrx_word' id='word_1_252' title='bbox 263 2075 320 2129; x_wconf 89' lang='lat' dir='ltr'>id</span> <span class='ocrx_word' id='word_1_253' title='bbox 353 2079 438 2129; x_wconf 87' lang='lat' dir='ltr'>est</span> <span class='ocrx_word' id='word_1_254' title='bbox 469 2073 527 2128; x_wconf 89' lang='lat' dir='ltr'>in</span> <span class='ocrx_word' id='word_1_255' title='bbox 559 2071 807 2143; x_wconf 86' lang='lat' dir='ltr'>pulpito,</span> <span class='ocrx_word' id='word_1_256' title='bbox 841 2069 1111 2142; x_wconf 72' lang='lat' dir='ltr'>psallere.</span> <span class='ocrx_word' id='word_1_257' title='bbox 1148 2067 1288 2123; x_wconf 85' lang='lat' dir='ltr'>Vide</span> <span class='ocrx_word' id='word_1_258' title='bbox 1321 2068 1577 2126; x_wconf 87' lang='lat' dir='ltr'>Glossar.</span> <span class='ocrx_word' id='word_1_259' title='bbox 1610 2069 1678 2124; x_wconf 84' lang='lat' dir='ltr'>ad</span> <span class='ocrx_word' id='word_1_260' title='bbox 1710 2068 1913 2124; x_wconf 87' lang='lat' dir='ltr'>Cedre-</span> 
     </span>
    </p>
   </div>
   <div class='ocr_carea' id='block_1_38' title="bbox 266 2179 424 2220">
    <p class='ocr_par' dir='ltr' id='par_1_38' title="bbox 266 2179 424 2220">
     <span class='ocr_line' id='line_1_38' title="bbox 266 2179 424 2220; baseline -0.025 0"><span class='ocrx_word' id='word_1_261' title='bbox 266 2179 424 2220; x_wconf 85' lang='lat' dir='ltr'>num.</span> 
     </span>
    </p>
   </div>
   <div class='ocr_carea' id='block_1_39' title="bbox 331 2244 1913 2340">
    <p class='ocr_par' dir='ltr' id='par_1_39' title="bbox 331 2244 1913 2340">
     <span class='ocr_line' id='line_1_39' title="bbox 331 2244 1913 2340; baseline -0.003 -39"><span class='ocrx_word' id='word_1_262' title='bbox 331 2252 582 2324; x_wconf 81' lang='grc' dir='ltr'>Ἀμηρᾶς</span> <span class='ocrx_word' id='word_1_263' title='bbox 642 2251 899 2305; x_wconf 87' lang='lat' dir='ltr'>Ameras.</span> <span class='ocrx_word' id='word_1_264' title='bbox 959 2252 1097 2319; x_wconf 87' lang='lat' dir='ltr'>Pag.</span> <span class='ocrx_word' id='word_1_265' title='bbox 1156 2248 1221 2301; x_wconf 97' lang='lat'>21</span> <span class='ocrx_word' id='word_1_266' title='bbox 1281 2263 1348 2340; x_wconf 60' lang='lat' dir='ltr'>a;</span> <span class='ocrx_word' id='word_1_267' title='bbox 1371 2255 1569 2302; x_wconf 81' lang='lat' dir='ltr'>auctor</span> <span class='ocrx_word' id='word_1_268' title='bbox 1625 2245 1718 2301; x_wconf 92' lang='lat' dir='ltr'>GB</span> <span class='ocrx_word' id='word_1_269' title='bbox 1776 2244 1913 2298; x_wconf 78' lang='grc' dir='ltr'>ὀποῦ</span> 
     </span>
    </p>
   </div>
   <div class='ocr_carea' id='block_1_40' title="bbox 263 2333 1914 2416">
    <p class='ocr_par' dir='ltr' id='par_1_40' title="bbox 263 2333 1914 2416">
     <span class='ocr_line' id='line_1_40' title="bbox 263 2333 1914 2416; baseline -0.003 -21"><span class='ocrx_word' id='word_1_270' title='bbox 263 2336 427 2416; x_wconf 78' lang='grc' dir='ltr'>ἔχουν</span> <span class='ocrx_word' id='word_1_271' title='bbox 461 2337 538 2400; x_wconf 84' lang='grc' dir='ltr'>εἷς</span> <span class='ocrx_word' id='word_1_272' title='bbox 568 2339 668 2407; x_wconf 72' lang='grc' dir='ltr'>τήν</span> <span class='ocrx_word' id='word_1_273' title='bbox 689 2336 867 2390; x_wconf 82' lang='grc' dir='ltr'>πίστιν</span> <span class='ocrx_word' id='word_1_274' title='bbox 899 2340 1030 2406; x_wconf 78' lang='grc' dir='ltr'>τῶν,</span> <span class='ocrx_word' id='word_1_275' title='bbox 1080 2334 1166 2390; x_wconf 79' lang='grc' dir='ltr'>καὶ</span> <span class='ocrx_word' id='word_1_276' title='bbox 1200 2333 1276 2398; x_wconf 86' lang='grc' dir='ltr'>εἷς</span> <span class='ocrx_word' id='word_1_277' title='bbox 1329 2333 1430 2390; x_wconf 78' lang='grc' dir='ltr'>’τὸν</span> <span class='ocrx_word' id='word_1_278' title='bbox 1470 2335 1710 2410; x_wconf 84' lang='grc' dir='ltr'>ἀμηρᾶν.</span> <span class='ocrx_word' id='word_1_279' title='bbox 1774 2335 1914 2390; x_wconf 90' lang='lat' dir='ltr'>Vide</span> 
     </span>
    </p>
   </div>
   <div class='ocr_carea' id='block_1_41' title="bbox 265 2434 534 2488">
    <p class='ocr_par' dir='ltr' id='par_1_41' title="bbox 265 2434 534 2488">
     <span class='ocr_line' id='line_1_41' title="bbox 265 2434 534 2488; baseline -0.007 0"><span class='ocrx_word' id='word_1_280' title='bbox 265 2434 334 2488; x_wconf 86' lang='lat' dir='ltr'>ad</span> <span class='ocrx_word' id='word_1_281' title='bbox 367 2434 534 2488; x_wconf 89' lang='lat' dir='ltr'>Cedr.</span> 
     </span>
    </p>
   </div>
   <div class='ocr_carea' id='block_1_42' title="bbox 335 2513 1910 2593">
    <p class='ocr_par' dir='ltr' id='par_1_42' title="bbox 335 2513 1910 2593">
     <span class='ocr_line' id='line_1_42' title="bbox 335 2513 1910 2593; baseline -0.004 -16"><span class='ocrx_word' id='word_1_282' title='bbox 335 2521 582 2593; x_wconf 76' lang='grc' dir='ltr'>Ἀμπαρ.</span> <span class='ocrx_word' id='word_1_283' title='bbox 636 2536 691 2589; x_wconf 89' lang='lat' dir='ltr'>p.</span> <span class='ocrx_word' id='word_1_284' title='bbox 750 2517 815 2572; x_wconf 88' lang='lat'>21</span> <span class='ocrx_word' id='word_1_285' title='bbox 876 2533 910 2572; x_wconf 90' lang='lat' dir='ltr'>a</span> <span class='ocrx_word' id='word_1_286' title='bbox 955 2516 1168 2572; x_wconf 87' lang='lat' dir='ltr'>ambar.</span> <span class='ocrx_word' id='word_1_287' title='bbox 1228 2515 1420 2573; x_wconf 87' lang='lat' dir='ltr'>Genus</span> <span class='ocrx_word' id='word_1_288' title='bbox 1478 2515 1778 2572; x_wconf 83' lang='lat' dir='ltr'>aromatis.</span> <span class='ocrx_word' id='word_1_289' title='bbox 1821 2513 1910 2582; x_wconf 89' lang='lat' dir='ltr'>_V.</span> 
     </span>
    </p>
   </div>
   <div class='ocr_carea' id='block_1_43' title="bbox 269 2611 608 2666">
    <p class='ocr_par' dir='ltr' id='par_1_43' title="bbox 269 2611 608 2666">
     <span class='ocr_line' id='line_1_43' title="bbox 269 2611 608 2666; baseline -0.012 0"><span class='ocrx_word' id='word_1_290' title='bbox 269 2611 608 2666; x_wconf 84' lang='lat' dir='ltr'>Meursium.</span> 
     </span>
    </p>
   </div>
   <div class='ocr_carea' id='block_1_44' title="bbox 336 2689 1912 2770">
    <p class='ocr_par' dir='ltr' id='par_1_44' title="bbox 336 2689 1912 2770">
     <span class='ocr_line' id='line_1_44' title="bbox 336 2689 1912 2770; baseline -0.006 -15"><span class='ocrx_word' id='word_1_291' title='bbox 336 2697 600 2770; x_wconf 76' lang='grc' dir='ltr'>Ἀνακαρά</span> <span class='ocrx_word' id='word_1_292' title='bbox 643 2714 698 2768; x_wconf 89' lang='lat' dir='ltr'>p.</span> <span class='ocrx_word' id='word_1_293' title='bbox 747 2695 852 2750; x_wconf 79' lang='grc'>243</span> <span class='ocrx_word' id='word_1_294' title='bbox 910 2711 964 2763; x_wconf 90' lang='lat' dir='ltr'>a,</span> <span class='ocrx_word' id='word_1_295' title='bbox 1026 2693 1159 2766; x_wconf 84' lang='grc' dir='ltr'>μετὰ</span> <span class='ocrx_word' id='word_1_296' title='bbox 1231 2692 1473 2768; x_wconf 83' lang='grc' dir='ltr'>βυκάνων</span> <span class='ocrx_word' id='word_1_297' title='bbox 1528 2692 1618 2747; x_wconf 83' lang='grc' dir='ltr'>καὶ</span> <span class='ocrx_word' id='word_1_298' title='bbox 1676 2689 1912 2767; x_wconf 81' lang='grc' dir='ltr'>σαλπίγ-</span> 
     </span>
    </p>
   </div>
   <div class='ocr_carea' id='block_1_45' title="bbox 267 2779 1912 2863">
    <p class='ocr_par' dir='ltr' id='par_1_45' title="bbox 267 2779 1912 2863">
     <span class='ocr_line' id='line_1_45' title="bbox 267 2779 1912 2863; baseline -0.004 -23"><span class='ocrx_word' id='word_1_299' title='bbox 267 2807 380 2863; x_wconf 81' lang='grc' dir='ltr'>γων</span> <span class='ocrx_word' id='word_1_300' title='bbox 405 2805 535 2843; x_wconf 87' lang='lat' dir='ltr'>cum</span> <span class='ocrx_word' id='word_1_301' title='bbox 560 2784 823 2841; x_wconf 86' lang='lat' dir='ltr'>buccinis</span> <span class='ocrx_word' id='word_1_302' title='bbox 856 2787 912 2839; x_wconf 91' lang='lat' dir='ltr'>et</span> <span class='ocrx_word' id='word_1_303' title='bbox 939 2784 1096 2839; x_wconf 84' lang='lat' dir='ltr'>tubis</span> <span class='ocrx_word' id='word_1_304' title='bbox 1125 2801 1136 2840; x_wconf 95' lang='lat'>:</span> <span class='ocrx_word' id='word_1_305' title='bbox 1171 2785 1351 2840; x_wconf 84' lang='lat' dir='ltr'>codex</span> <span class='ocrx_word' id='word_1_306' title='bbox 1400 2784 1490 2840; x_wconf 88' lang='lat' dir='ltr'>GB</span> <span class='ocrx_word' id='word_1_307' title='bbox 1538 2779 1912 2856; x_wconf 79' lang='grc' dir='ltr'>ἀνακαράδων,</span> 
     </span>
    </p>
   </div>
   <div class='ocr_carea' id='block_1_46' title="bbox 270 2867 1918 2946">
    <p class='ocr_par' dir='ltr' id='par_1_46' title="bbox 270 2867 1918 2946">
     <span class='ocr_line' id='line_1_46' title="bbox 270 2867 1918 2946; baseline -0.004 -15"><span class='ocrx_word' id='word_1_308' title='bbox 270 2879 482 2931; x_wconf 80' lang='lat' dir='ltr'>Auctor</span> <span class='ocrx_word' id='word_1_309' title='bbox 529 2875 622 2930; x_wconf 87' lang='lat' dir='ltr'>GB</span> <span class='ocrx_word' id='word_1_310' title='bbox 675 2871 882 2941; x_wconf 81' lang='grc' dir='ltr'>παίζειν</span> <span class='ocrx_word' id='word_1_311' title='bbox 947 2869 1284 2946; x_wconf 86' lang='grc' dir='ltr'>τρουμπέτες</span> <span class='ocrx_word' id='word_1_312' title='bbox 1345 2867 1543 2946; x_wconf 71' lang='grc' dir='ltr'>ὄργανα</span> <span class='ocrx_word' id='word_1_313' title='bbox 1613 2868 1918 2943; x_wconf 85' lang='grc' dir='ltr'>τουμπάκι⁹</span> 
     </span>
    </p>
   </div>
   <div class='ocr_carea' id='block_1_47' title="bbox 270 2958 618 3035">
    <p class='ocr_par' dir='ltr' id='par_1_47' title="bbox 270 2958 618 3035">
     <span class='ocr_line' id='line_1_47' title="bbox 270 2958 618 3035; baseline -0.006 -19"><span class='ocrx_word' id='word_1_314' title='bbox 270 2958 618 3035; x_wconf 82' lang='grc' dir='ltr'>ἀνακαράδες.</span> 
     </span>
    </p>
   </div>
   <div class='ocr_carea' id='block_1_48' title="bbox 341 3047 1912 3124">
    <p class='ocr_par' dir='ltr' id='par_1_48' title="bbox 341 3047 1912 3124">
     <span class='ocr_line' id='line_1_48' title="bbox 341 3047 1912 3124; baseline -0.003 -16"><span class='ocrx_word' id='word_1_315' title='bbox 341 3047 692 3108; x_wconf 76' lang='grc' dir='ltr'>’Δντξναυλον</span> <span class='ocrx_word' id='word_1_316' title='bbox 723 3068 780 3124; x_wconf 87' lang='lat' dir='ltr'>p.</span> <span class='ocrx_word' id='word_1_317' title='bbox 812 3051 918 3106; x_wconf 90' lang='lat'><strong>312</strong></span> <span class='ocrx_word' id='word_1_318' title='bbox 948 3067 1021 3121; x_wconf 91' lang='lat' dir='ltr'>c.,</span> <span class='ocrx_word' id='word_1_319' title='bbox 1069 3066 1280 3107; x_wconf 86' lang='lat' dir='ltr'>census</span> <span class='ocrx_word' id='word_1_320' title='bbox 1330 3049 1525 3105; x_wconf 86' lang='lat' dir='ltr'>nautis</span> <span class='ocrx_word' id='word_1_321' title='bbox 1585 3048 1912 3120; x_wconf 83' lang='lat' dir='ltr'>impositus.</span> 
     </span>
    </p>
   </div>
   <div class='ocr_carea' id='block_1_49' title="bbox 267 3139 776 3198">
    <p class='ocr_par' dir='ltr' id='par_1_49' title="bbox 267 3139 776 3198">
     <span class='ocr_line' id='line_1_49' title="bbox 267 3139 776 3198; baseline -0.002 -1"><span class='ocrx_word' id='word_1_322' title='bbox 267 3141 404 3198; x_wconf 86' lang='lat' dir='ltr'>Vide</span> <span class='ocrx_word' id='word_1_323' title='bbox 437 3139 776 3196; x_wconf 81' lang='lat' dir='ltr'>Meursium.</span> 
     </span>
    </p>
   </div>
   <div class='ocr_carea' id='block_1_50' title="bbox 332 3224 1904 3300">
    <p class='ocr_par' dir='ltr' id='par_1_50' title="bbox 332 3224 1904 3300">
     <span class='ocr_line' id='line_1_50' title="bbox 332 3224 1904 3300; baseline -0.003 -16"><span class='ocrx_word' id='word_1_324' title='bbox 332 3226 713 3284; x_wconf 79' lang='grc' dir='ltr'>Ἀπελατίκιον</span> <span class='ocrx_word' id='word_1_325' title='bbox 765 3227 946 3284; x_wconf 86' lang='lat' dir='ltr'>clava.</span> <span class='ocrx_word' id='word_1_326' title='bbox 1003 3232 1135 3298; x_wconf 84' lang='lat' dir='ltr'>Pag.</span> <span class='ocrx_word' id='word_1_327' title='bbox 1171 3227 1273 3283; x_wconf 82' lang='lat'><strong>102</strong></span> <span class='ocrx_word' id='word_1_328' title='bbox 1308 3243 1359 3284; x_wconf 91' lang='lat' dir='ltr'>c.</span> <span class='ocrx_word' id='word_1_329' title='bbox 1420 3224 1480 3280; x_wconf 83' lang='grc' dir='ltr'>ἐκ</span> <span class='ocrx_word' id='word_1_330' title='bbox 1532 3224 1759 3300; x_wconf 77' lang='grc' dir='ltr'>σιδήρου</span> <span class='ocrx_word' id='word_1_331' title='bbox 1809 3245 1904 3280; x_wconf 88' lang='grc' dir='ltr'>κο-</span> 
     </span>
    </p>
   </div>
   <div class='ocr_carea' id='block_1_51' title="bbox 257 3313 1477 3392">
    <p class='ocr_par' dir='ltr' id='par_1_51' title="bbox 257 3313 1477 3392">
     <span class='ocr_line' id='line_1_51' title="bbox 257 3313 1477 3392; baseline -0.002 -20"><span class='ocrx_word' id='word_1_332' title='bbox 257 3318 436 3392; x_wconf 69' lang='grc' dir='ltr'>ρύνας*</span> <span class='ocrx_word' id='word_1_333' title='bbox 463 3319 640 3374; x_wconf 83' lang='lat' dir='ltr'>codex</span> <span class='ocrx_word' id='word_1_334' title='bbox 671 3318 763 3372; x_wconf 89' lang='lat' dir='ltr'>GB</span> <span class='ocrx_word' id='word_1_335' title='bbox 792 3313 1134 3370; x_wconf 75' lang='grc' dir='ltr'>ἂπελατῖκια.</span> <span class='ocrx_word' id='word_1_336' title='bbox 1168 3316 1234 3370; x_wconf 84' lang='grc' dir='ltr'><strong>ν.</strong></span> <span class='ocrx_word' id='word_1_337' title='bbox 1263 3316 1477 3372; x_wconf 87' lang='lat' dir='ltr'>Meurs.</span> 
     </span>
    </p>
   </div>
   <div class='ocr_carea' id='block_1_52' title="bbox 326 3405 1901 3478">
    <p class='ocr_par' dir='ltr' id='par_1_52' title="bbox 326 3405 1901 3478">
     <span class='ocr_line' id='line_1_52' title="bbox 326 3405 1901 3478; baseline -0.001 -14"><span class='ocrx_word' id='word_1_338' title='bbox 326 3408 669 3464; x_wconf 79' lang='grc' dir='ltr'>Ἀτιεντεῦθεν</span> <span class='ocrx_word' id='word_1_339' title='bbox 699 3407 998 3462; x_wconf 83' lang='lat' dir='ltr'>confestim</span> <span class='ocrx_word' id='word_1_340' title='bbox 1046 3422 1176 3478; x_wconf 87' lang='lat' dir='ltr'>pag.</span> <span class='ocrx_word' id='word_1_341' title='bbox 1241 3407 1341 3460; x_wconf 78' lang='lat'><strong>115</strong></span> <span class='ocrx_word' id='word_1_342' title='bbox 1371 3406 1426 3460; x_wconf 91' lang='lat' dir='ltr'>b.</span> <span class='ocrx_word' id='word_1_343' title='bbox 1481 3411 1648 3462; x_wconf 82' lang='lat' dir='ltr'>Anna</span> <span class='ocrx_word' id='word_1_344' title='bbox 1698 3405 1901 3462; x_wconf 89' lang='lat' dir='ltr'>Comn.</span> 
     </span>
    </p>
   </div>
   <div class='ocr_carea' id='block_1_53' title="bbox 253 3489 1898 3570">
    <p class='ocr_par' dir='ltr' id='par_1_53' title="bbox 253 3489 1898 3570">
     <span class='ocr_line' id='line_1_53' title="bbox 253 3489 1898 3570; baseline -0.003 -17"><span class='ocrx_word' id='word_1_345' title='bbox 253 3498 410 3554; x_wconf 85' lang='lat' dir='ltr'>Alex.</span> <span class='ocrx_word' id='word_1_346' title='bbox 437 3515 508 3552; x_wconf 90' lang='lat' dir='ltr'>v:</span> <span class='ocrx_word' id='word_1_347' title='bbox 545 3493 648 3550; x_wconf 79' lang='grc' dir='ltr'>Καὶ</span> <span class='ocrx_word' id='word_1_348' title='bbox 680 3493 746 3548; x_wconf 71' lang='grc' dir='ltr'>τὰ</span> <span class='ocrx_word' id='word_1_349' title='bbox 803 3495 896 3566; x_wconf 78' lang='grc' dir='ltr'>μὲν</span> <span class='ocrx_word' id='word_1_350' title='bbox 956 3489 1198 3570; x_wconf 84' lang='grc' dir='ltr'>δόγματα</span> <span class='ocrx_word' id='word_1_351' title='bbox 1251 3492 1560 3547; x_wconf 79' lang='grc' dir='ltr'>ἀπεντεῦθεν</span> <span class='ocrx_word' id='word_1_352' title='bbox 1629 3492 1898 3566; x_wconf 81' lang='grc' dir='ltr'>ἀναθεμα-</span> 
     </span>
    </p>
   </div>
   <div class='ocr_carea' id='block_1_54' title="bbox 257 3584 1900 3656">
    <p class='ocr_par' dir='ltr' id='par_1_54' title="bbox 257 3584 1900 3656">
     <span class='ocr_line' id='line_1_54' title="bbox 257 3584 1900 3656; baseline -0.001 -16"><span class='ocrx_word' id='word_1_353' title='bbox 257 3585 478 3655; x_wconf 78' lang='grc' dir='ltr'>τίζεται.</span> <span class='ocrx_word' id='word_1_354' title='bbox 523 3591 683 3656; x_wconf 60' lang='lat' dir='ltr'>Saepe</span> <span class='ocrx_word' id='word_1_355' title='bbox 715 3585 968 3640; x_wconf 89' lang='lat' dir='ltr'>occurrit</span> <span class='ocrx_word' id='word_1_356' title='bbox 998 3585 1054 3638; x_wconf 91' lang='lat' dir='ltr'>in</span> <span class='ocrx_word' id='word_1_357' title='bbox 1090 3585 1372 3652; x_wconf 64' lang='lat' dir='ltr'>Basilicis,</span> <span class='ocrx_word' id='word_1_358' title='bbox 1406 3589 1470 3638; x_wconf 91' lang='lat' dir='ltr'>ut</span> <span class='ocrx_word' id='word_1_359' title='bbox 1500 3599 1630 3638; x_wconf 90' lang='lat' dir='ltr'>cum</span> <span class='ocrx_word' id='word_1_360' title='bbox 1668 3584 1900 3639; x_wconf 86' lang='lat' dir='ltr'>liberta-</span> 
     </span>
    </p>
   </div>
   <div class='ocr_carea' id='block_1_55' title="bbox 259 3668 1900 3731">
    <p class='ocr_par' dir='ltr' id='par_1_55' title="bbox 259 3668 1900 3731">
     <span class='ocr_line' id='line_1_55' title="bbox 259 3668 1900 3731; baseline -0.002 -1"><span class='ocrx_word' id='word_1_361' title='bbox 259 3682 376 3731; x_wconf 88' lang='lat' dir='ltr'>tem</span> <span class='ocrx_word' id='word_1_362' title='bbox 414 3677 632 3730; x_wconf 91' lang='lat' dir='ltr'>direclo</span> <span class='ocrx_word' id='word_1_363' title='bbox 662 3675 853 3728; x_wconf 84' lang='lat' dir='ltr'>datam</span> <span class='ocrx_word' id='word_1_364' title='bbox 906 3673 1084 3728; x_wconf 65' lang='lat' dir='ltr'>Graeci</span> <span class='ocrx_word' id='word_1_365' title='bbox 1145 3673 1395 3727; x_wconf 86' lang='lat' dir='ltr'>reddunt</span> <span class='ocrx_word' id='word_1_366' title='bbox 1451 3671 1765 3726; x_wconf 79' lang='grc' dir='ltr'>ἆπεντεῢοεν</span> <span class='ocrx_word' id='word_1_367' title='bbox 1800 3668 1900 3726; x_wconf 85' lang='grc' dir='ltr'>δο-</span> 
     </span>
    </p>
   </div>
   <div class='ocr_carea' id='block_1_56' title="bbox 259 3760 1900 3834">
    <p class='ocr_par' dir='ltr' id='par_1_56' title="bbox 259 3760 1900 3834">
     <span class='ocr_line' id='line_1_56' title="bbox 259 3760 1900 3834; baseline 0 -18"><span class='ocrx_word' id='word_1_368' title='bbox 259 3765 462 3831; x_wconf 79' lang='grc' dir='ltr'>Θεῖσαν,</span> <span class='ocrx_word' id='word_1_369' title='bbox 493 3763 628 3834; x_wconf 88' lang='lat' dir='ltr'>quia</span> <span class='ocrx_word' id='word_1_370' title='bbox 661 3764 857 3816; x_wconf 78' lang='lat' dir='ltr'>statim</span> <span class='ocrx_word' id='word_1_371' title='bbox 891 3761 1168 3832; x_wconf 87' lang='lat' dir='ltr'>competit</span> <span class='ocrx_word' id='word_1_372' title='bbox 1199 3767 1254 3815; x_wconf 87' lang='lat' dir='ltr'>et</span> <span class='ocrx_word' id='word_1_373' title='bbox 1285 3761 1411 3815; x_wconf 89' lang='lat' dir='ltr'>sine</span> <span class='ocrx_word' id='word_1_374' title='bbox 1452 3760 1698 3816; x_wconf 66' lang='lat' dir='ltr'>haeredis</span> <span class='ocrx_word' id='word_1_375' title='bbox 1729 3761 1900 3816; x_wconf 81' lang='lat' dir='ltr'>facto.</span> 
     </span>
    </p>
   </div>
   <div class='ocr_carea' id='block_1_57' title="bbox 333 3840 1904 3925">
    <p class='ocr_par' dir='ltr' id='par_1_57' title="bbox 333 3840 1904 3925">
     <span class='ocr_line' id='line_1_57' title="bbox 333 3840 1904 3925; baseline -0.003 -17"><span class='ocrx_word' id='word_1_376' title='bbox 333 3851 648 3925; x_wconf 80' lang='grc' dir='ltr'>Ἀπόκρεως</span> <span class='ocrx_word' id='word_1_377' title='bbox 673 3849 1143 3920; x_wconf 85' lang='lat' dir='ltr'>carnisprivium,</span> <span class='ocrx_word' id='word_1_378' title='bbox 1167 3840 1296 3921; x_wconf 83' lang='lat' dir='ltr'>pag.</span> <span class='ocrx_word' id='word_1_379' title='bbox 1329 3849 1434 3902; x_wconf 84' lang='lat'>329</span> <span class='ocrx_word' id='word_1_380' title='bbox 1460 3866 1512 3904; x_wconf 91' lang='lat' dir='ltr'>a.</span> <span class='ocrx_word' id='word_1_381' title='bbox 1546 3852 1710 3904; x_wconf 89' lang='lat' dir='ltr'>Anna</span> <span class='ocrx_word' id='word_1_382' title='bbox 1731 3851 1904 3906; x_wconf 88' lang='lat' dir='ltr'>Com-</span> 
     </span>
    </p>
   </div>
   <div class='ocr_carea' id='block_1_58' title="bbox 261 3935 1903 4010">
    <p class='ocr_par' dir='ltr' id='par_1_58' title="bbox 261 3935 1903 4010">
     <span class='ocr_line' id='line_1_58' title="bbox 261 3935 1903 4010; baseline -0.004 -14"><span class='ocrx_word' id='word_1_383' title='bbox 261 3958 417 3998; x_wconf 84' lang='lat' dir='ltr'>nem.</span> <span class='ocrx_word' id='word_1_384' title='bbox 449 3939 705 3995; x_wconf 85' lang='lat' dir='ltr'>Alexiad.</span> <span class='ocrx_word' id='word_1_385' title='bbox 741 3937 842 3993; x_wconf 87' lang='lat' dir='ltr'>lib.</span> <span class='ocrx_word' id='word_1_386' title='bbox 872 3955 971 3993; x_wconf 80' lang='lat' dir='ltr'>VIII</span> <span class='ocrx_word' id='word_1_387' title='bbox 1012 3959 1026 3992; x_wconf 89' lang='lat'><strong>:</strong></span> <span class='ocrx_word' id='word_1_388' title='bbox 1059 3935 1207 3992; x_wconf 76' lang='grc' dir='ltr'>Κατὰ</span> <span class='ocrx_word' id='word_1_389' title='bbox 1252 3937 1352 4004; x_wconf 73' lang='grc' dir='ltr'>τὴν</span> <span class='ocrx_word' id='word_1_390' title='bbox 1411 3937 1754 4010; x_wconf 71' lang='grc' dir='ltr'>παρασκευὴν</span> <span class='ocrx_word' id='word_1_391' title='bbox 1803 3938 1903 4009; x_wconf 76' lang='grc' dir='ltr'>τῇς</span> 
     </span>
    </p>
   </div>
   <div class='ocr_carea' id='block_1_59' title="bbox 261 4027 1231 4103">
    <p class='ocr_par' dir='ltr' id='par_1_59' title="bbox 261 4027 1231 4103">
     <span class='ocr_line' id='line_1_59' title="bbox 261 4027 1231 4103; baseline 0 -19"><span class='ocrx_word' id='word_1_392' title='bbox 261 4029 600 4103; x_wconf 80' lang='grc' dir='ltr'>Ἀπόκρεως.</span> <span class='ocrx_word' id='word_1_393' title='bbox 636 4027 762 4083; x_wconf 82' lang='lat' dir='ltr'>Dixi</span> <span class='ocrx_word' id='word_1_394' title='bbox 785 4028 854 4083; x_wconf 88' lang='lat' dir='ltr'>ad</span> <span class='ocrx_word' id='word_1_395' title='bbox 884 4030 1231 4084; x_wconf 88' lang='lat' dir='ltr'>Cedrenum.</span> 
     </span>
    </p>
   </div>
   <div class='ocr_carea' id='block_1_60' title="bbox 336 4115 1905 4191">
    <p class='ocr_par' dir='ltr' id='par_1_60' title="bbox 336 4115 1905 4191">
     <span class='ocr_line' id='line_1_60' title="bbox 336 4115 1905 4191; baseline -0.002 -17"><span class='ocrx_word' id='word_1_396' title='bbox 336 4115 778 4191; x_wconf 84' lang='grc' dir='ltr'>Ἀποκρισιάριος</span> <span class='ocrx_word' id='word_1_397' title='bbox 834 4116 1062 4188; x_wconf 87' lang='lat' dir='ltr'>legatus</span> <span class='ocrx_word' id='word_1_398' title='bbox 1114 4133 1244 4187; x_wconf 86' lang='lat' dir='ltr'>pag.</span> <span class='ocrx_word' id='word_1_399' title='bbox 1305 4117 1368 4171; x_wconf 83' lang='grc'><strong>41</strong></span> <span class='ocrx_word' id='word_1_400' title='bbox 1425 4131 1475 4172; x_wconf 92' lang='lat' dir='ltr'>c.</span> <span class='ocrx_word' id='word_1_401' title='bbox 1523 4116 1674 4171; x_wconf 88' lang='lat' dir='ltr'>idem</span> <span class='ocrx_word' id='word_1_402' title='bbox 1705 4134 1758 4186; x_wconf 91' lang='lat' dir='ltr'>p.</span> <span class='ocrx_word' id='word_1_403' title='bbox 1791 4116 1905 4171; x_wconf 68' lang='lat'>41:</span> 
     </span>
    </p>
   </div>
   <div class='ocr_carea' id='block_1_61' title="bbox 264 4199 1907 4280">
    <p class='ocr_par' dir='ltr' id='par_1_61' title="bbox 264 4199 1907 4280">
     <span class='ocr_line' id='line_1_61' title="bbox 264 4199 1907 4280; baseline 0.001 -20"><span class='ocrx_word' id='word_1_404' title='bbox 264 4211 384 4269; x_wconf 83' lang='grc' dir='ltr'>Τοῖς</span> <span class='ocrx_word' id='word_1_405' title='bbox 421 4227 495 4275; x_wconf 37' lang='grc' dir='ltr'>,τε</span> <span class='ocrx_word' id='word_1_406' title='bbox 547 4205 651 4280; x_wconf 80' lang='grc' dir='ltr'>γὰρ</span> <span class='ocrx_word' id='word_1_407' title='bbox 707 4199 982 4277; x_wconf 78' lang='grc' dir='ltr'>πρέσϐεσι·</span> <span class='ocrx_word' id='word_1_408' title='bbox 1045 4205 1226 4260; x_wconf 88' lang='lat' dir='ltr'>codex</span> <span class='ocrx_word' id='word_1_409' title='bbox 1281 4205 1372 4261; x_wconf 92' lang='lat' dir='ltr'>GB</span> <span class='ocrx_word' id='word_1_410' title='bbox 1450 4202 1907 4278; x_wconf 80' lang='grc' dir='ltr'>ἀποκρισιαρίοις.</span> 
     </span>
    </p>
   </div>
   <div class='ocr_carea' id='block_1_62' title="bbox 262 4294 1913 4370">
    <p class='ocr_par' dir='ltr' id='par_1_62' title="bbox 262 4294 1913 4370">
     <span class='ocr_line' id='line_1_62' title="bbox 262 4294 1913 4370; baseline -0.005 -13"><span class='ocrx_word' id='word_1_411' title='bbox 262 4302 514 4357; x_wconf 87' lang='lat' dir='ltr'>Joannes</span> <span class='ocrx_word' id='word_1_412' title='bbox 560 4298 837 4354; x_wconf 87' lang='lat' dir='ltr'>Moschus</span> <span class='ocrx_word' id='word_1_413' title='bbox 894 4297 1210 4354; x_wconf 82' lang='lat' dir='ltr'>Limonarii</span> <span class='ocrx_word' id='word_1_414' title='bbox 1243 4313 1370 4369; x_wconf 87' lang='lat' dir='ltr'>cap.</span> <span class='ocrx_word' id='word_1_415' title='bbox 1401 4297 1472 4350; x_wconf 92' lang='lat'>88</span> <span class='ocrx_word' id='word_1_416' title='bbox 1504 4314 1516 4353; x_wconf 93' lang='lat'>:</span> <span class='ocrx_word' id='word_1_417' title='bbox 1551 4295 1636 4349; x_wconf 80' lang='grc' dir='ltr'>ὅτι</span> <span class='ocrx_word' id='word_1_418' title='bbox 1685 4294 1913 4370; x_wconf 84' lang='grc' dir='ltr'>ἀποκρι-</span> 
     </span>
    </p>
   </div>
   <div class='ocr_carea' id='block_1_63' title="bbox 264 4381 1911 4462">
    <p class='ocr_par' dir='ltr' id='par_1_63' title="bbox 264 4381 1911 4462">
     <span class='ocr_line' id='line_1_63' title="bbox 264 4381 1911 4462; baseline -0.001 -20"><span class='ocrx_word' id='word_1_419' title='bbox 264 4387 472 4462; x_wconf 83' lang='grc' dir='ltr'>σιάριος</span> <span class='ocrx_word' id='word_1_420' title='bbox 517 4386 584 4455; x_wconf 81' lang='grc' dir='ltr'>ἦν</span> <span class='ocrx_word' id='word_1_421' title='bbox 615 4381 893 4440; x_wconf 75' lang='grc' dir='ltr'>κοινοϐίου</span> <span class='ocrx_word' id='word_1_422' title='bbox 932 4389 1040 4440; x_wconf 79' lang='grc' dir='ltr'>τῶν</span> <span class='ocrx_word' id='word_1_423' title='bbox 1100 4389 1279 4458; x_wconf 80' lang='grc' dir='ltr'>μερῶν</span> <span class='ocrx_word' id='word_1_424' title='bbox 1335 4384 1632 4458; x_wconf 82' lang='grc' dir='ltr'>Ἀπαμίας.</span> <span class='ocrx_word' id='word_1_425' title='bbox 1683 4385 1911 4442; x_wconf 89' lang='lat' dir='ltr'>Manuel</span> 
     </span>
    </p>
   </div>
   <div class='ocr_carea' id='block_1_64' title="bbox 266 4469 1909 4548">
    <p class='ocr_par' dir='ltr' id='par_1_64' title="bbox 266 4469 1909 4548">
     <span class='ocr_line' id='line_1_64' title="bbox 266 4469 1909 4548; baseline -0.002 -15"><span class='ocrx_word' id='word_1_426' title='bbox 266 4477 568 4546; x_wconf 85' lang='lat' dir='ltr'>Moschop.</span> <span class='ocrx_word' id='word_1_427' title='bbox 612 4473 736 4545; x_wconf 85' lang='grc' dir='ltr'>περὶ</span> <span class='ocrx_word' id='word_1_428' title='bbox 768 4471 924 4548; x_wconf 82' lang='grc' dir='ltr'>σχεδ.</span> <span class='ocrx_word' id='word_1_429' title='bbox 957 4469 1196 4548; x_wconf 76' lang='grc' dir='ltr'>πρέσϐυς</span> <span class='ocrx_word' id='word_1_430' title='bbox 1225 4473 1252 4527; x_wconf 89' lang='grc' dir='ltr'>ὁ</span> <span class='ocrx_word' id='word_1_431' title='bbox 1311 4471 1747 4548; x_wconf 79' lang='grc' dir='ltr'>ἀποκρισιάριος.</span> <span class='ocrx_word' id='word_1_432' title='bbox 1805 4474 1909 4530; x_wconf 85' lang='lat' dir='ltr'>Pa-</span> 
     </span>
    </p>
   </div>
   <div class='ocr_carea' id='block_1_65' title="bbox 266 4561 1911 4638">
    <p class='ocr_par' dir='ltr' id='par_1_65' title="bbox 266 4561 1911 4638">
     <span class='ocr_line' id='line_1_65' title="bbox 266 4561 1911 4638; baseline -0.001 -18"><span class='ocrx_word' id='word_1_433' title='bbox 266 4561 882 4636; x_wconf 81' lang='lat' dir='ltr'>piaszapocrisiarius</span> <span class='ocrx_word' id='word_1_434' title='bbox 935 4565 1180 4638; x_wconf 87' lang='lat' dir='ltr'>legatus.</span> <span class='ocrx_word' id='word_1_435' title='bbox 1241 4563 1382 4619; x_wconf 88' lang='lat' dir='ltr'>Vide</span> <span class='ocrx_word' id='word_1_436' title='bbox 1437 4565 1508 4619; x_wconf 90' lang='lat' dir='ltr'>ad</span> <span class='ocrx_word' id='word_1_437' title='bbox 1567 4563 1911 4619; x_wconf 86' lang='lat' dir='ltr'>Cedrenum.</span> 
     </span>
    </p>
   </div>
   <div class='ocr_carea' id='block_1_66' title="bbox 339 4649 1916 4728">
    <p class='ocr_par' dir='ltr' id='par_1_66' title="bbox 339 4649 1916 4728">
     <span class='ocr_line' id='line_1_66' title="bbox 339 4649 1916 4728; baseline -0.003 -18"><span class='ocrx_word' id='word_1_438' title='bbox 339 4649 600 4728; x_wconf 83' lang='grc' dir='ltr'>’¹Αρκλαι,</span> <span class='ocrx_word' id='word_1_439' title='bbox 634 4653 783 4724; x_wconf 91' lang='lat' dir='ltr'>p.88</span> <span class='ocrx_word' id='word_1_440' title='bbox 814 4654 896 4724; x_wconf 90' lang='lat' dir='ltr'>b.,</span> <span class='ocrx_word' id='word_1_441' title='bbox 952 4654 1237 4709; x_wconf 61' lang='lat' dir='ltr'>machinas</span> <span class='ocrx_word' id='word_1_442' title='bbox 1298 4657 1459 4708; x_wconf 84' lang='lat' dir='ltr'>extra</span> <span class='ocrx_word' id='word_1_443' title='bbox 1512 4668 1709 4708; x_wconf 85' lang='lat' dir='ltr'>muros</span> <span class='ocrx_word' id='word_1_444' title='bbox 1758 4652 1916 4707; x_wconf 84' lang='lat' dir='ltr'>urbis</span> 
     </span>
    </p>
   </div>
   <div class='ocr_carea' id='block_1_67' title="bbox 269 4737 1916 4816">
    <p class='ocr_par' dir='ltr' id='par_1_67' title="bbox 269 4737 1916 4816">
     <span class='ocr_line' id='line_1_67' title="bbox 269 4737 1916 4816; baseline -0.005 -16"><span class='ocrx_word' id='word_1_445' title='bbox 269 4743 689 4816; x_wconf 86' lang='lat' dir='ltr'>prominentes.</span> <span class='ocrx_word' id='word_1_446' title='bbox 741 4742 804 4796; x_wconf 90' lang='lat' dir='ltr'>V.</span> <span class='ocrx_word' id='word_1_447' title='bbox 840 4743 1051 4798; x_wconf 88' lang='lat' dir='ltr'>Meurs.</span> <span class='ocrx_word' id='word_1_448' title='bbox 1082 4741 1327 4797; x_wconf 85' lang='lat' dir='ltr'>Basilica</span> <span class='ocrx_word' id='word_1_449' title='bbox 1357 4745 1544 4796; x_wconf 86' lang='lat' dir='ltr'>autem</span> <span class='ocrx_word' id='word_1_450' title='bbox 1578 4757 1771 4796; x_wconf 86' lang='lat' dir='ltr'>arcam</span> <span class='ocrx_word' id='word_1_451' title='bbox 1821 4737 1916 4814; x_wconf 76' lang='grc' dir='ltr'>ἅρ-</span> 
     </span>
    </p>
   </div>
   <div class='ocr_carea' id='block_1_68' title="bbox 261 4830 1920 4902">
    <p class='ocr_par' dir='ltr' id='par_1_68' title="bbox 261 4830 1920 4902">
     <span class='ocr_line' id='line_1_68' title="bbox 261 4830 1920 4902; baseline -0.003 -13"><span class='ocrx_word' id='word_1_452' title='bbox 261 4831 398 4889; x_wconf 87' lang='grc' dir='ltr'>κλαν</span> <span class='ocrx_word' id='word_1_453' title='bbox 430 4836 687 4899; x_wconf 88' lang='lat' dir='ltr'>vertunt,</span> <span class='ocrx_word' id='word_1_454' title='bbox 723 4831 824 4886; x_wconf 92' lang='lat' dir='ltr'>lib.</span> <span class='ocrx_word' id='word_1_455' title='bbox 857 4848 981 4897; x_wconf 87' lang='lat' dir='ltr'>vm,</span> <span class='ocrx_word' id='word_1_456' title='bbox 1017 4831 1106 4886; x_wconf 89' lang='lat' dir='ltr'>tit.</span> <span class='ocrx_word' id='word_1_457' title='bbox 1129 4832 1185 4896; x_wconf 86' lang='lat'><strong>2,</strong></span> <span class='ocrx_word' id='word_1_458' title='bbox 1219 4847 1344 4902; x_wconf 89' lang='lat' dir='ltr'>cap.</span> <span class='ocrx_word' id='word_1_459' title='bbox 1384 4830 1507 4898; x_wconf 90' lang='lat'><strong>101,</strong></span> <span class='ocrx_word' id='word_1_460' title='bbox 1553 4835 1610 4886; x_wconf 85' lang='lat' dir='ltr'>et</span> <span class='ocrx_word' id='word_1_461' title='bbox 1673 4830 1920 4902; x_wconf 81' lang='lat' dir='ltr'>Cyrillus</span> 
     </span>
    </p>
   </div>
   <div class='ocr_carea' id='block_1_69' title="bbox 267 4919 1916 4987">
    <p class='ocr_par' dir='ltr' id='par_1_69' title="bbox 267 4919 1916 4987">
     <span class='ocr_line' id='line_1_69' title="bbox 267 4919 1916 4987; baseline -0.003 -8"><span class='ocrx_word' id='word_1_462' title='bbox 267 4925 334 4978; x_wconf 88' lang='lat' dir='ltr'>ad</span> <span class='ocrx_word' id='word_1_463' title='bbox 371 4922 409 4975; x_wconf 92' lang='lat' dir='ltr'>l.</span> <span class='ocrx_word' id='word_1_464' title='bbox 451 4921 516 4974; x_wconf 84' lang='lat'><strong>19</strong></span> <span class='ocrx_word' id='word_1_465' title='bbox 547 4922 574 4987; x_wconf 85' lang='lat'>§</span> <span class='ocrx_word' id='word_1_466' title='bbox 608 4921 632 4973; x_wconf 97' lang='lat'>1</span> <span class='ocrx_word' id='word_1_467' title='bbox 670 4923 733 4974; x_wconf 92' lang='lat' dir='ltr'>D.</span> <span class='ocrx_word' id='word_1_468' title='bbox 768 4919 875 4975; x_wconf 92' lang='lat' dir='ltr'>loc.</span> <span class='ocrx_word' id='word_1_469' title='bbox 914 4919 1086 4974; x_wconf 89' lang='lat' dir='ltr'>Basil.</span> <span class='ocrx_word' id='word_1_470' title='bbox 1136 4920 1225 4976; x_wconf 87' lang='lat' dir='ltr'>tit.</span> <span class='ocrx_word' id='word_1_471' title='bbox 1260 4923 1278 4973; x_wconf 87' lang='lat'>1</span> <span class='ocrx_word' id='word_1_472' title='bbox 1319 4936 1367 4974; x_wconf 93' lang='lat' dir='ltr'>c.</span> <span class='ocrx_word' id='word_1_473' title='bbox 1406 4919 1490 4972; x_wconf 87' lang='grc'>19.</span> <span class='ocrx_word' id='word_1_474' title='bbox 1548 4919 1658 4974; x_wconf 89' lang='lat' dir='ltr'>Leo</span> <span class='ocrx_word' id='word_1_475' title='bbox 1717 4919 1916 4974; x_wconf 57' lang='lat' dir='ltr'>Gramv</span> 
     </span>
    </p>
   </div>
   <div class='ocr_carea' id='block_1_70' title="bbox 269 5002 1921 5081">
    <p class='ocr_par' dir='ltr' id='par_1_70' title="bbox 269 5002 1921 5081">
     <span class='ocr_line' id='line_1_70' title="bbox 269 5002 1921 5081; baseline -0.002 -17"><span class='ocrx_word' id='word_1_476' title='bbox 269 5009 565 5065; x_wconf 85' lang='lat' dir='ltr'>maticus:</span> <span class='ocrx_word' id='word_1_477' title='bbox 621 5006 723 5061; x_wconf 84' lang='grc' dir='ltr'>Καὶ</span> <span class='ocrx_word' id='word_1_478' title='bbox 788 5007 882 5067; x_wconf 75' lang='grc' dir='ltr'>τὰς</span> <span class='ocrx_word' id='word_1_479' title='bbox 941 5004 1244 5080; x_wconf 87' lang='grc' dir='ltr'>λεγομένας</span> <span class='ocrx_word' id='word_1_480' title='bbox 1285 5002 1487 5081; x_wconf 76' lang='grc' dir='ltr'>ἄρκλας</span> <span class='ocrx_word' id='word_1_481' title='bbox 1529 5004 1579 5060; x_wconf 88' lang='grc' dir='ltr'>έν</span> <span class='ocrx_word' id='word_1_482' title='bbox 1614 5010 1741 5059; x_wconf 81' lang='grc' dir='ltr'>πᾶσι</span> <span class='ocrx_word' id='word_1_483' title='bbox 1773 5025 1921 5061; x_wconf 87' lang='grc' dir='ltr'>κατε-</span> 
     </span>
    </p>
   </div>
   <div class='ocr_carea' id='block_1_71' title="bbox 272 5088 1920 5170">
    <p class='ocr_par' dir='ltr' id='par_1_71' title="bbox 272 5088 1920 5170">
     <span class='ocr_line' id='line_1_71' title="bbox 272 5088 1920 5170; baseline -0.002 -18"><span class='ocrx_word' id='word_1_484' title='bbox 272 5096 526 5152; x_wconf 71' lang='grc' dir='ltr'>σκεύασεν</span> <span class='ocrx_word' id='word_1_485' title='bbox 557 5098 672 5155; x_wconf 84' lang='grc' dir='ltr'>τοῖς</span> <span class='ocrx_word' id='word_1_486' title='bbox 705 5088 992 5166; x_wconf 77' lang='grc' dir='ltr'>ἐμϐόλοις,</span> <span class='ocrx_word' id='word_1_487' title='bbox 1033 5094 1290 5170; x_wconf 77' lang='grc' dir='ltr'>ἀργύριόν</span> <span class='ocrx_word' id='word_1_488' title='bbox 1330 5116 1387 5148; x_wconf 90' lang='grc' dir='ltr'>τε</span> <span class='ocrx_word' id='word_1_489' title='bbox 1415 5094 1549 5150; x_wconf 78' lang='grc' dir='ltr'>κατὰ</span> <span class='ocrx_word' id='word_1_490' title='bbox 1609 5101 1752 5168; x_wconf 70' lang='grc' dir='ltr'>μῖνα</span> <span class='ocrx_word' id='word_1_491' title='bbox 1806 5099 1920 5157; x_wconf 79' lang='grc' dir='ltr'>τοῖς</span> 
     </span>
    </p>
   </div>
   <div class='ocr_carea' id='block_1_72' title="bbox 267 5180 1448 5256">
    <p class='ocr_par' dir='ltr' id='par_1_72' title="bbox 267 5180 1448 5256">
     <span class='ocr_line' id='line_1_72' title="bbox 267 5180 1448 5256; baseline -0.005 -14"><span class='ocrx_word' id='word_1_492' title='bbox 267 5185 495 5241; x_wconf 80' lang='grc' dir='ltr'>ἐνταῦθα</span> <span class='ocrx_word' id='word_1_493' title='bbox 525 5183 932 5256; x_wconf 71' lang='grc' dir='ltr'>κατακειμένοις</span> <span class='ocrx_word' id='word_1_494' title='bbox 963 5184 1155 5252; x_wconf 76' lang='grc' dir='ltr'>πένησι</span> <span class='ocrx_word' id='word_1_495' title='bbox 1181 5180 1448 5240; x_wconf 80' lang='grc' dir='ltr'>δίδοσσαι,</span> 
     </span>
    </p>
   </div>
   <div class='ocr_carea' id='block_1_73' title="bbox 340 5274 1922 5348">
    <p class='ocr_par' dir='ltr' id='par_1_73' title="bbox 340 5274 1922 5348">
     <span class='ocr_line' id='line_1_73' title="bbox 340 5274 1922 5348; baseline -0.002 -16"><span class='ocrx_word' id='word_1_496' title='bbox 340 5275 600 5348; x_wconf 79' lang='grc' dir='ltr'>Ἀρματα</span> <span class='ocrx_word' id='word_1_497' title='bbox 622 5289 804 5340; x_wconf 89' lang='lat' dir='ltr'>arma,</span> <span class='ocrx_word' id='word_1_498' title='bbox 834 5289 966 5345; x_wconf 86' lang='lat' dir='ltr'>pag.</span> <span class='ocrx_word' id='word_1_499' title='bbox 997 5275 1088 5341; x_wconf 61' lang='lat' dir='ltr'>A2,</span> <span class='ocrx_word' id='word_1_500' title='bbox 1121 5275 1245 5341; x_wconf 87' lang='lat'>122,</span> <span class='ocrx_word' id='word_1_501' title='bbox 1276 5275 1400 5329; x_wconf 86' lang='grc'>246.</span> <span class='ocrx_word' id='word_1_502' title='bbox 1436 5278 1543 5329; x_wconf 86' lang='lat' dir='ltr'>Leo</span> <span class='ocrx_word' id='word_1_503' title='bbox 1574 5274 1922 5329; x_wconf 84' lang='lat' dir='ltr'>Grammati-</span> 
     </span>
    </p>
   </div>
   <div class='ocr_carea' id='block_1_74' title="bbox 263 5357 1924 5438">
    <p class='ocr_par' dir='ltr' id='par_1_74' title="bbox 263 5357 1924 5438">
     <span class='ocr_line' id='line_1_74' title="bbox 263 5357 1924 5438; baseline -0.023 14"><span class='ocrx_word' id='word_1_504' title='bbox 263 5382 370 5423; x_wconf 71' lang='lat' dir='ltr'>cus</span> <span class='ocrx_word' id='word_1_505' title='bbox 402 5380 417 5420; x_wconf 61' lang='grc'>³</span> <span class='ocrx_word' id='word_1_506' title='bbox 451 5360 648 5422; x_wconf 63' lang='grc' dir='ltr'>πάντες</span> <span class='ocrx_word' id='word_1_507' title='bbox 685 5359 820 5438; x_wconf 54' lang='lat' dir='ltr'>ila?</span> <span class='ocrx_word' id='word_1_508' title='bbox 859 5361 926 5416; x_wconf 67' lang='grc' dir='ltr'>τὰ</span> <span class='ocrx_word' id='word_1_509' title='bbox 983 5359 1201 5435; x_wconf 70' lang='grc' dir='ltr'>ἅρματα</span> <span class='ocrx_word' id='word_1_510' title='bbox 1239 5362 1329 5415; x_wconf 78' lang='grc' dir='ltr'>καὶ</span> <span class='ocrx_word' id='word_1_511' title='bbox 1372 5361 1434 5416; x_wconf 77' lang='grc' dir='ltr'>τὰ</span> <span class='ocrx_word' id='word_1_512' title='bbox 1489 5359 1721 5432; x_wconf 83' lang='grc' dir='ltr'>λωρίκια</span> <span class='ocrx_word' id='word_1_513' title='bbox 1779 5357 1924 5438; x_wconf 52' lang='lat' dir='ltr'>Eget-</span> 
     </span>
    </p>
   </div>
   <div class='ocr_carea' id='block_1_75' title="bbox 263 5446 1925 5525">
    <p class='ocr_par' dir='ltr' id='par_1_75' title="bbox 263 5446 1925 5525">
     <span class='ocr_line' id='line_1_75' title="bbox 263 5446 1925 5525; baseline -0.001 -19"><span class='ocrx_word' id='word_1_514' title='bbox 263 5455 368 5525; x_wconf 76' lang='grc' dir='ltr'>ψαν</span> <span class='ocrx_word' id='word_1_515' title='bbox 400 5451 478 5513; x_wconf 80' lang='grc' dir='ltr'>εἷς</span> <span class='ocrx_word' id='word_1_516' title='bbox 506 5453 612 5519; x_wconf 80' lang='grc' dir='ltr'>τὴν</span> <span class='ocrx_word' id='word_1_517' title='bbox 644 5446 793 5509; x_wconf 86' lang='grc' dir='ltr'>ὁδόν.</span> <span class='ocrx_word' id='word_1_518' title='bbox 826 5456 1046 5508; x_wconf 80' lang='lat' dir='ltr'>Auctor</span> <span class='ocrx_word' id='word_1_519' title='bbox 1067 5453 1154 5505; x_wconf 86' lang='lat' dir='ltr'>GB</span> <span class='ocrx_word' id='word_1_520' title='bbox 1189 5468 1201 5505; x_wconf 90' lang='lat'>:</span> <span class='ocrx_word' id='word_1_521' title='bbox 1235 5450 1324 5504; x_wconf 72' lang='grc' dir='ltr'>καὶ</span> <span class='ocrx_word' id='word_1_522' title='bbox 1358 5450 1385 5503; x_wconf 75' lang='grc' dir='ltr'>ὁ</span> <span class='ocrx_word' id='word_1_523' title='bbox 1417 5449 1652 5524; x_wconf 86' lang='grc' dir='ltr'>Χριστὸς</span> <span class='ocrx_word' id='word_1_524' title='bbox 1687 5449 1925 5504; x_wconf 82' lang='grc' dir='ltr'>ὁπούπα-</span> 
     </span>
    </p>
   </div>
   <div class='ocr_carea' id='block_1_76' title="bbox 267 5537 1924 5615">
    <p class='ocr_par' dir='ltr' id='par_1_76' title="bbox 267 5537 1924 5615">
     <span class='ocr_line' id='line_1_76' title="bbox 267 5537 1924 5615; baseline 0.001 -24"><span class='ocrx_word' id='word_1_525' title='bbox 267 5539 353 5591; x_wconf 80' lang='grc' dir='ltr'>Θεν</span> <span class='ocrx_word' id='word_1_526' title='bbox 385 5537 456 5592; x_wconf 85' lang='grc' dir='ltr'>δι’</span> <span class='ocrx_word' id='word_1_527' title='bbox 487 5539 636 5610; x_wconf 73' lang='grc' dir='ltr'>ἡμὰς</span> <span class='ocrx_word' id='word_1_528' title='bbox 665 5538 792 5601; x_wconf 75' lang='grc' dir='ltr'>τοὺς</span> <span class='ocrx_word' id='word_1_529' title='bbox 842 5539 1162 5615; x_wconf 82' lang='grc' dir='ltr'>ἀνθρώπους</span> <span class='ocrx_word' id='word_1_530' title='bbox 1211 5538 1300 5591; x_wconf 87' lang='grc' dir='ltr'>καὶ</span> <span class='ocrx_word' id='word_1_531' title='bbox 1357 5539 1452 5593; x_wconf 89' lang='grc' dir='ltr'>τὸν</span> <span class='ocrx_word' id='word_1_532' title='bbox 1521 5539 1748 5613; x_wconf 87' lang='grc' dir='ltr'>σταυρὸν</span> <span class='ocrx_word' id='word_1_533' title='bbox 1821 5545 1924 5613; x_wconf 77' lang='grc' dir='ltr'>μᾶς</span> 
     </span>
    </p>
   </div>
   <div class='ocr_carea' id='block_1_77' title="bbox 265 5619 1923 5704">
    <p class='ocr_par' dir='ltr' id='par_1_77' title="bbox 265 5619 1923 5704">
     <span class='ocr_line' id='line_1_77' title="bbox 265 5619 1923 5704; baseline 0.002 -27"><span class='ocrx_word' id='word_1_534' title='bbox 265 5619 463 5678; x_wconf 75' lang='grc' dir='ltr'>ἔδωκεν</span> <span class='ocrx_word' id='word_1_535' title='bbox 493 5625 665 5680; x_wconf 79' lang='grc' dir='ltr'>ὅπλον</span> <span class='ocrx_word' id='word_1_536' title='bbox 714 5627 806 5682; x_wconf 83' lang='grc' dir='ltr'>λαὶ</span> <span class='ocrx_word' id='word_1_537' title='bbox 867 5629 1033 5704; x_wconf 86' lang='grc' dir='ltr'>μέγαν</span> <span class='ocrx_word' id='word_1_538' title='bbox 1075 5624 1224 5698; x_wconf 77' lang='grc' dir='ltr'>ἃρμα</span> <span class='ocrx_word' id='word_1_539' title='bbox 1283 5625 1359 5687; x_wconf 85' lang='grc' dir='ltr'>εἷς</span> <span class='ocrx_word' id='word_1_540' title='bbox 1420 5629 1482 5680; x_wconf 88' lang='grc' dir='ltr'>τὸ</span> <span class='ocrx_word' id='word_1_541' title='bbox 1547 5628 1609 5679; x_wconf 67' lang='lat' dir='ltr'>vi</span> <span class='ocrx_word' id='word_1_542' title='bbox 1662 5631 1923 5701; x_wconf 84' lang='grc' dir='ltr'>νικοῦμεν</span> 
     </span>
    </p>
   </div>
   <div class='ocr_carea' id='block_1_78' title="bbox 265 5711 1924 5789">
    <p class='ocr_par' dir='ltr' id='par_1_78' title="bbox 265 5711 1924 5789">
     <span class='ocr_line' id='line_1_78' title="bbox 265 5711 1924 5789; baseline 0.002 -22"><span class='ocrx_word' id='word_1_543' title='bbox 265 5711 394 5773; x_wconf 72' lang='grc' dir='ltr'>τοὺς</span> <span class='ocrx_word' id='word_1_544' title='bbox 451 5712 681 5786; x_wconf 79' lang='grc' dir='ltr'>ἐχθροὺς</span> <span class='ocrx_word' id='word_1_545' title='bbox 737 5716 968 5789; x_wconf 76' lang='grc' dir='ltr'>ὁρατοὺς</span> <span class='ocrx_word' id='word_1_546' title='bbox 1025 5712 1315 5788; x_wconf 79' lang='grc' dir='ltr'>ἀοράτους.</span> <span class='ocrx_word' id='word_1_547' title='bbox 1368 5714 1726 5769; x_wconf 86' lang='lat' dir='ltr'>Glossarium</span> <span class='ocrx_word' id='word_1_548' title='bbox 1815 5734 1924 5772; x_wconf 87' lang='lat' dir='ltr'>ms.</span> 
     </span>
    </p>
   </div>
   <div class='ocr_carea' id='block_1_79' title="bbox 265 5795 1930 5875">
    <p class='ocr_par' dir='ltr' id='par_1_79' title="bbox 265 5795 1930 5875">
     <span class='ocr_line' id='line_1_79' title="bbox 265 5795 1930 5875; baseline 0.001 -18"><span class='ocrx_word' id='word_1_549' title='bbox 265 5795 416 5857; x_wconf 80' lang='grc' dir='ltr'>ἔντεα</span> <span class='ocrx_word' id='word_1_550' title='bbox 483 5800 550 5853; x_wconf 79' lang='grc' dir='ltr'>τὰ</span> <span class='ocrx_word' id='word_1_551' title='bbox 603 5799 750 5856; x_wconf 82' lang='grc' dir='ltr'>ὅπλα</span> <span class='ocrx_word' id='word_1_552' title='bbox 798 5803 832 5872; x_wconf 71' lang='grc' dir='ltr'><strong>ἢ</strong></span> <span class='ocrx_word' id='word_1_553' title='bbox 884 5804 952 5858; x_wconf 76' lang='grc' dir='ltr'>τὰ</span> <span class='ocrx_word' id='word_1_554' title='bbox 1012 5800 1250 5875; x_wconf 79' lang='grc' dir='ltr'>ἂρματα.</span> <span class='ocrx_word' id='word_1_555' title='bbox 1315 5799 1770 5871; x_wconf 76' lang='lat' dir='ltr'>Etymologicum</span> <span class='ocrx_word' id='word_1_556' title='bbox 1820 5805 1930 5860; x_wconf 86' lang='lat' dir='ltr'>Ma-</span> 
     </span>
    </p>
   </div>
   <div class='ocr_carea' id='block_1_80' title="bbox 555 5918 1352 5984">
    <p class='ocr_par' dir='ltr' id='par_1_80' title="bbox 555 5918 1352 5984">
     <span class='ocr_line' id='line_1_80' title="bbox 555 5918 1352 5984; baseline -0.008 -6"><span class='ocrx_word' id='word_1_557' title='bbox 555 5920 817 5982; x_wconf 77' lang='lat' dir='ltr'>PATROL.</span> <span class='ocrx_word' id='word_1_558' title='bbox 867 5926 975 5984; x_wconf 73' lang='lat' dir='ltr'>Gn.</span> <span class='ocrx_word' id='word_1_559' title='bbox 1025 5918 1352 5980; x_wconf 71' lang='lat' dir='ltr'>CXXXIX.</span> 
     </span>
    </p>
   </div>
   <div class='ocr_carea' id='block_1_81' title="bbox 2018 1892 3657 1972">
    <p class='ocr_par' dir='ltr' id='par_1_81' title="bbox 2018 1892 3657 1972">
     <span class='ocr_line' id='line_1_81' title="bbox 2018 1892 3657 1972; baseline 0 -22"><span class='ocrx_word' id='word_1_560' title='bbox 2018 1896 2397 1967; x_wconf 84' lang='lat' dir='ltr'>Theophanes</span> <span class='ocrx_word' id='word_1_561' title='bbox 2443 1896 2665 1951; x_wconf 85' lang='lat' dir='ltr'>dixerat</span> <span class='ocrx_word' id='word_1_562' title='bbox 2722 1892 2986 1972; x_wconf 74' lang='grc' dir='ltr'>χλαμύδα</span> <span class='ocrx_word' id='word_1_563' title='bbox 3053 1892 3346 1968; x_wconf 67' lang='grc' dir='ltr'>βασιλικὴν</span> <span class='ocrx_word' id='word_1_564' title='bbox 3421 1892 3657 1967; x_wconf 82' lang='grc' dir='ltr'>ἅσπρην.</span> 
     </span>
    </p>
   </div>
   <div class='ocr_carea' id='block_1_82' title="bbox 2017 1973 3660 2058">
    <p class='ocr_par' dir='ltr' id='par_1_82' title="bbox 2017 1973 3660 2058">
     <span class='ocr_line' id='line_1_82' title="bbox 2017 1973 3660 2058; baseline -0.002 -18"><span class='ocrx_word' id='word_1_565' title='bbox 2017 1985 2313 2040; x_wconf 87' lang='lat' dir='ltr'>Scholium</span> <span class='ocrx_word' id='word_1_566' title='bbox 2338 1973 2407 2040; x_wconf 82' lang='lat' dir='ltr'>ad</span> <span class='ocrx_word' id='word_1_567' title='bbox 2432 2002 2591 2039; x_wconf 87' lang='lat' dir='ltr'>oram</span> <span class='ocrx_word' id='word_1_568' title='bbox 2609 1984 2810 2040; x_wconf 62' lang='lat' dir='ltr'>Timaei</span> <span class='ocrx_word' id='word_1_569' title='bbox 2839 1984 2998 2040; x_wconf 89' lang='lat' dir='ltr'>Locri</span> <span class='ocrx_word' id='word_1_570' title='bbox 3025 1983 3147 2057; x_wconf 84' lang='grc' dir='ltr'>περὶ</span> <span class='ocrx_word' id='word_1_571' title='bbox 3165 1982 3550 2058; x_wconf 79' lang='grc' dir='ltr'>ψυχᾶςκόσμῳ</span> <span class='ocrx_word' id='word_1_572' title='bbox 3567 1985 3660 2037; x_wconf 86' lang='grc' dir='ltr'><strong>καί</strong></span> 
     </span>
    </p>
   </div>
   <div class='ocr_carea' id='block_1_83' title="bbox 2018 2068 3664 2148">
    <p class='ocr_par' dir='ltr' id='par_1_83' title="bbox 2018 2068 3664 2148">
     <span class='ocr_line' id='line_1_83' title="bbox 2018 2068 3664 2148; baseline -0.001 -22"><span class='ocrx_word' id='word_1_573' title='bbox 2018 2072 2228 2148; x_wconf 66' lang='grc' dir='ltr'>φύσιος,</span> <span class='ocrx_word' id='word_1_574' title='bbox 2262 2075 2319 2128; x_wconf 84' lang='lat' dir='ltr'>in</span> <span class='ocrx_word' id='word_1_575' title='bbox 2345 2077 2502 2145; x_wconf 85' lang='lat' dir='ltr'>regio</span> <span class='ocrx_word' id='word_1_576' title='bbox 2534 2089 2642 2127; x_wconf 89' lang='lat' dir='ltr'>ms.</span> <span class='ocrx_word' id='word_1_577' title='bbox 2671 2091 2683 2127; x_wconf 90' lang='lat'><strong>:</strong></span> <span class='ocrx_word' id='word_1_578' title='bbox 2709 2073 2932 2146; x_wconf 88' lang='grc' dir='ltr'>Σταγών</span> <span class='ocrx_word' id='word_1_579' title='bbox 2958 2069 3098 2125; x_wconf 79' lang='grc' dir='ltr'>ἐστιν</span> <span class='ocrx_word' id='word_1_580' title='bbox 3129 2072 3156 2124; x_wconf 88' lang='grc' dir='ltr'>ὁ</span> <span class='ocrx_word' id='word_1_581' title='bbox 3188 2068 3481 2144; x_wconf 84' lang='grc' dir='ltr'>λεγόμενος</span> <span class='ocrx_word' id='word_1_582' title='bbox 3522 2070 3664 2144; x_wconf 77' lang='grc' dir='ltr'>ὀρεί-</span> 
     </span>
    </p>
   </div>
   <div class='ocr_carea' id='block_1_84' title="bbox 2021 2157 3662 2241">
    <p class='ocr_par' dir='ltr' id='par_1_84' title="bbox 2021 2157 3662 2241">
     <span class='ocr_line' id='line_1_84' title="bbox 2021 2157 3662 2241; baseline -0.003 -24"><span class='ocrx_word' id='word_1_583' title='bbox 2021 2161 2237 2241; x_wconf 89' lang='grc' dir='ltr'>χάλκος</span> <span class='ocrx_word' id='word_1_584' title='bbox 2266 2157 2393 2230; x_wconf 77' lang='grc' dir='ltr'>ἤτοι</span> <span class='ocrx_word' id='word_1_585' title='bbox 2422 2161 2486 2215; x_wconf 87' lang='grc' dir='ltr'>τὸ</span> <span class='ocrx_word' id='word_1_586' title='bbox 2517 2162 2719 2234; x_wconf 84' lang='grc' dir='ltr'>ἄσπρον</span> <span class='ocrx_word' id='word_1_587' title='bbox 2747 2157 3045 2235; x_wconf 83' lang='grc' dir='ltr'>χάλκωμα.</span> <span class='ocrx_word' id='word_1_588' title='bbox 3075 2167 3289 2216; x_wconf 84' lang='lat' dir='ltr'>Auctor</span> <span class='ocrx_word' id='word_1_589' title='bbox 3327 2161 3419 2216; x_wconf 87' lang='lat' dir='ltr'>GB</span> <span class='ocrx_word' id='word_1_590' title='bbox 3459 2160 3662 2234; x_wconf 84' lang='grc' dir='ltr'>ἅσπρον</span> 
     </span>
    </p>
   </div>
   <div class='ocr_carea' id='block_1_85' title="bbox 2019 2248 3659 2324">
    <p class='ocr_par' dir='ltr' id='par_1_85' title="bbox 2019 2248 3659 2324">
     <span class='ocr_line' id='line_1_85' title="bbox 2019 2248 3659 2324; baseline -0.002 -16"><span class='ocrx_word' id='word_1_591' title='bbox 2019 2251 2160 2308; x_wconf 59' lang='lat' dir='ltr'>easy</span> <span class='ocrx_word' id='word_1_592' title='bbox 2192 2250 2254 2305; x_wconf 88' lang='grc' dir='ltr'>τὸ</span> <span class='ocrx_word' id='word_1_593' title='bbox 2285 2248 2448 2324; x_wconf 80' lang='grc' dir='ltr'>γὸίλα·</span> <span class='ocrx_word' id='word_1_594' title='bbox 2484 2250 2628 2306; x_wconf 88' lang='lat' dir='ltr'>Hinc</span> <span class='ocrx_word' id='word_1_595' title='bbox 2659 2248 2938 2321; x_wconf 81' lang='grc' dir='ltr'>ἀσπρίζειν</span> <span class='ocrx_word' id='word_1_596' title='bbox 2969 2250 3029 2306; x_wconf 92' lang='lat' dir='ltr'>in</span> <span class='ocrx_word' id='word_1_597' title='bbox 3071 2250 3268 2306; x_wconf 84' lang='lat' dir='ltr'>codice</span> <span class='ocrx_word' id='word_1_598' title='bbox 3311 2250 3520 2305; x_wconf 70' lang='lat' dir='ltr'>Nioetaa</span> <span class='ocrx_word' id='word_1_599' title='bbox 3550 2249 3659 2317; x_wconf 86' lang='lat' dir='ltr'>GB,</span> 
     </span>
    </p>
   </div>
   <div class='ocr_carea' id='block_1_86' title="bbox 2021 2337 3662 2414">
    <p class='ocr_par' dir='ltr' id='par_1_86' title="bbox 2021 2337 3662 2414">
     <span class='ocr_line' id='line_1_86' title="bbox 2021 2337 3662 2414; baseline -0.004 -15"><span class='ocrx_word' id='word_1_600' title='bbox 2021 2342 2174 2414; x_wconf 91' lang='lat' dir='ltr'>quod</span> <span class='ocrx_word' id='word_1_601' title='bbox 2208 2345 2296 2397; x_wconf 85' lang='lat' dir='ltr'>est</span> <span class='ocrx_word' id='word_1_602' title='bbox 2327 2338 2720 2394; x_wconf 81' lang='grc' dir='ltr'>Λευκαίνεσθαι.</span> <span class='ocrx_word' id='word_1_603' title='bbox 2755 2341 2856 2394; x_wconf 89' lang='lat' dir='ltr'>Est</span> <span class='ocrx_word' id='word_1_604' title='bbox 2887 2344 2943 2394; x_wconf 91' lang='lat' dir='ltr'>et</span> <span class='ocrx_word' id='word_1_605' title='bbox 2974 2340 3204 2394; x_wconf 90' lang='lat' dir='ltr'>nummi</span> <span class='ocrx_word' id='word_1_606' title='bbox 3243 2355 3449 2410; x_wconf 87' lang='lat' dir='ltr'>genus.</span> <span class='ocrx_word' id='word_1_607' title='bbox 3492 2337 3662 2394; x_wconf 87' lang='lat' dir='ltr'>Nice-</span> 
     </span>
    </p>
   </div>
   <div class='ocr_carea' id='block_1_87' title="bbox 2020 2423 3660 2502">
    <p class='ocr_par' dir='ltr' id='par_1_87' title="bbox 2020 2423 3660 2502">
     <span class='ocr_line' id='line_1_87' title="bbox 2020 2423 3660 2502; baseline -0.004 -15"><span class='ocrx_word' id='word_1_608' title='bbox 2020 2439 2111 2488; x_wconf 91' lang='lat' dir='ltr'>tas</span> <span class='ocrx_word' id='word_1_609' title='bbox 2160 2448 2216 2502; x_wconf 90' lang='lat' dir='ltr'>p.</span> <span class='ocrx_word' id='word_1_610' title='bbox 2269 2429 2372 2484; x_wconf 83' lang='lat'>265</span> <span class='ocrx_word' id='word_1_611' title='bbox 2421 2445 2471 2495; x_wconf 87' lang='lat' dir='ltr'>c,</span> <span class='ocrx_word' id='word_1_612' title='bbox 2531 2423 2840 2489; x_wconf 84' lang='grc' dir='ltr'>διακοσίους</span> <span class='ocrx_word' id='word_1_613' title='bbox 2878 2432 2987 2484; x_wconf 90' lang='lat' dir='ltr'>etc.</span> <span class='ocrx_word' id='word_1_614' title='bbox 3024 2444 3038 2482; x_wconf 93' lang='lat'><strong>:</strong></span> <span class='ocrx_word' id='word_1_615' title='bbox 3073 2427 3251 2483; x_wconf 87' lang='lat' dir='ltr'>codex</span> <span class='ocrx_word' id='word_1_616' title='bbox 3318 2427 3409 2482; x_wconf 88' lang='lat' dir='ltr'>GB</span> <span class='ocrx_word' id='word_1_617' title='bbox 3461 2426 3660 2498; x_wconf 81' lang='grc' dir='ltr'>ἄσπρα.</span> 
     </span>
    </p>
   </div>
   <div class='ocr_carea' id='block_1_88' title="bbox 2019 2512 3661 2590">
    <p class='ocr_par' dir='ltr' id='par_1_88' title="bbox 2019 2512 3661 2590">
     <span class='ocr_line' id='line_1_88' title="bbox 2019 2512 3661 2590; baseline -0.004 -17"><span class='ocrx_word' id='word_1_618' title='bbox 2019 2518 2509 2590; x_wconf 80' lang='lat' dir='ltr'>Astrampsychus</span> <span class='ocrx_word' id='word_1_619' title='bbox 2555 2517 2614 2571; x_wconf 86' lang='lat' dir='ltr'>in</span> <span class='ocrx_word' id='word_1_620' title='bbox 2666 2518 3027 2590; x_wconf 84' lang='grc' dir='ltr'>Πυθαγορικῷ</span> <span class='ocrx_word' id='word_1_621' title='bbox 3071 2512 3430 2588; x_wconf 75' lang='grc' dir='ltr'>λαξευτηρίῳ·</span> <span class='ocrx_word' id='word_1_622' title='bbox 3490 2512 3661 2582; x_wconf 74' lang='grc' dir='ltr'>Δῆλοι</span> 
     </span>
    </p>
   </div>
   <div class='ocr_carea' id='block_1_89' title="bbox 2019 2598 3658 2680">
    <p class='ocr_par' dir='ltr' id='par_1_89' title="bbox 2019 2598 3658 2680">
     <span class='ocr_line' id='line_1_89' title="bbox 2019 2598 3658 2680; baseline -0.004 -18"><span class='ocrx_word' id='word_1_623' title='bbox 2019 2605 2194 2662; x_wconf 75' lang='grc' dir='ltr'>δὲκαὶ</span> <span class='ocrx_word' id='word_1_624' title='bbox 2224 2605 2349 2680; x_wconf 85' lang='grc' dir='ltr'>περὶ</span> <span class='ocrx_word' id='word_1_625' title='bbox 2408 2606 2624 2680; x_wconf 81' lang='grc' dir='ltr'>ἆσπρῶν</span> <span class='ocrx_word' id='word_1_626' title='bbox 2683 2605 2819 2658; x_wconf 77' lang='grc' dir='ltr'>εἶναι</span> <span class='ocrx_word' id='word_1_627' title='bbox 2857 2607 3024 2658; x_wconf 81' lang='grc' dir='ltr'>ταῦτα</span> <span class='ocrx_word' id='word_1_628' title='bbox 3075 2601 3126 2658; x_wconf 80' lang='grc' dir='ltr'>ἐν</span> <span class='ocrx_word' id='word_1_629' title='bbox 3182 2598 3404 2675; x_wconf 77' lang='grc' dir='ltr'>κιϐωτῷ</span> <span class='ocrx_word' id='word_1_630' title='bbox 3461 2603 3496 2671; x_wconf 69' lang='grc' dir='ltr'><strong>ἢ</strong></span> <span class='ocrx_word' id='word_1_631' title='bbox 3559 2604 3658 2672; x_wconf 84' lang='grc' dir='ltr'>βα-</span> 
     </span>
    </p>
   </div>
   <div class='ocr_carea' id='block_1_90' title="bbox 2021 2692 3660 2767">
    <p class='ocr_par' dir='ltr' id='par_1_90' title="bbox 2021 2692 3660 2767">
     <span class='ocr_line' id='line_1_90' title="bbox 2021 2692 3660 2767; baseline -0.004 -15"><span class='ocrx_word' id='word_1_632' title='bbox 2021 2694 2221 2767; x_wconf 80' lang='grc' dir='ltr'>λαντίῳ</span> <span class='ocrx_word' id='word_1_633' title='bbox 2252 2693 2287 2763; x_wconf 77' lang='grc' dir='ltr'><strong>ἢ</strong></span> <span class='ocrx_word' id='word_1_634' title='bbox 2330 2692 2534 2764; x_wconf 78' lang='grc' dir='ltr'>σάκκῳ,</span> <span class='ocrx_word' id='word_1_635' title='bbox 2569 2693 2866 2749; x_wconf 85' lang='lat' dir='ltr'>Rationale</span> <span class='ocrx_word' id='word_1_636' title='bbox 2895 2692 3120 2765; x_wconf 88' lang='lat' dir='ltr'>imperii</span> <span class='ocrx_word' id='word_1_637' title='bbox 3149 2693 3257 2748; x_wconf 89' lang='lat' dir='ltr'>sub</span> <span class='ocrx_word' id='word_1_638' title='bbox 3307 2692 3660 2762; x_wconf 83' lang='lat' dir='ltr'>imperatore</span> 
     </span>
    </p>
   </div>
   <div class='ocr_carea' id='block_1_91' title="bbox 2019 2774 3660 2856">
    <p class='ocr_par' dir='ltr' id='par_1_91' title="bbox 2019 2774 3660 2856">
     <span class='ocr_line' id='line_1_91' title="bbox 2019 2774 3660 2856; baseline -0.007 -14"><span class='ocrx_word' id='word_1_639' title='bbox 2019 2786 2212 2842; x_wconf 86' lang='lat' dir='ltr'>Alexio</span> <span class='ocrx_word' id='word_1_640' title='bbox 2271 2784 2612 2840; x_wconf 88' lang='lat' dir='ltr'>Comneno:</span> <span class='ocrx_word' id='word_1_641' title='bbox 2672 2780 2750 2837; x_wconf 89' lang='grc' dir='ltr'>Τὸ</span> <span class='ocrx_word' id='word_1_642' title='bbox 2815 2781 2908 2853; x_wconf 78' lang='grc' dir='ltr'>μὲν</span> <span class='ocrx_word' id='word_1_643' title='bbox 2967 2779 3227 2856; x_wconf 83' lang='grc' dir='ltr'>χάραγμα</span> <span class='ocrx_word' id='word_1_644' title='bbox 3277 2775 3524 2852; x_wconf 85' lang='grc' dir='ltr'>νόμισμα</span> <span class='ocrx_word' id='word_1_645' title='bbox 3570 2774 3660 2832; x_wconf 80' lang='grc' dir='ltr'>διὰ</span> 
     </span>
    </p>
   </div>
   <div class='ocr_carea' id='block_1_92' title="bbox 2018 2867 3659 2950">
    <p class='ocr_par' dir='ltr' id='par_1_92' title="bbox 2018 2867 3659 2950">
     <span class='ocr_line' id='line_1_92' title="bbox 2018 2867 3659 2950; baseline -0.004 -20"><span class='ocrx_word' id='word_1_646' title='bbox 2018 2874 2267 2950; x_wconf 84' lang='grc' dir='ltr'>τραχέων</span> <span class='ocrx_word' id='word_1_647' title='bbox 2327 2870 2546 2945; x_wconf 78' lang='grc' dir='ltr'>ἄσπρων</span> <span class='ocrx_word' id='word_1_648' title='bbox 2601 2869 2953 2943; x_wconf 81' lang='grc' dir='ltr'>νομισμάτων</span> <span class='ocrx_word' id='word_1_649' title='bbox 3007 2868 3369 2924; x_wconf 82' lang='grc' dir='ltr'>ἀπαιτεῖσθαι.</span> <span class='ocrx_word' id='word_1_650' title='bbox 3412 2867 3659 2941; x_wconf 82' lang='lat' dir='ltr'>Cyrillus</span> 
     </span>
    </p>
   </div>
   <div class='ocr_carea' id='block_1_93' title="bbox 2021 2955 3663 3038">
    <p class='ocr_par' dir='ltr' id='par_1_93' title="bbox 2021 2955 3663 3038">
     <span class='ocr_line' id='line_1_93' title="bbox 2021 2955 3663 3038; baseline -0.007 -17"><span class='ocrx_word' id='word_1_651' title='bbox 2021 2963 2355 3038; x_wconf 80' lang='lat' dir='ltr'>patriarcha</span> <span class='ocrx_word' id='word_1_652' title='bbox 2375 2963 2483 3020; x_wconf 90' lang='lat' dir='ltr'>CP.</span> <span class='ocrx_word' id='word_1_653' title='bbox 2529 2965 2730 3017; x_wconf 87' lang='lat' dir='ltr'>contra</span> <span class='ocrx_word' id='word_1_654' title='bbox 2767 2955 3159 3032; x_wconf 65' lang='grc' dir='ltr'>.Ιιιι1.ζὲστειλε</span> <span class='ocrx_word' id='word_1_655' title='bbox 3214 2957 3516 3035; x_wconf 84' lang='grc' dir='ltr'>γράμματα</span> <span class='ocrx_word' id='word_1_656' title='bbox 3572 2955 3663 3010; x_wconf 85' lang='grc' dir='ltr'>καὶ</span> 
     </span>
    </p>
   </div>
   <div class='ocr_carea' id='block_1_94' title="bbox 2023 3046 2952 3127">
    <p class='ocr_par' dir='ltr' id='par_1_94' title="bbox 2023 3046 2952 3127">
     <span class='ocr_line' id='line_1_94' title="bbox 2023 3046 2952 3127; baseline -0.001 -21"><span class='ocrx_word' id='word_1_657' title='bbox 2023 3051 2289 3127; x_wconf 83' lang='grc' dir='ltr'>ὁρισμοὺς</span> <span class='ocrx_word' id='word_1_658' title='bbox 2327 3050 2417 3104; x_wconf 88' lang='grc' dir='ltr'>καὶ</span> <span class='ocrx_word' id='word_1_659' title='bbox 2453 3050 2599 3121; x_wconf 82' lang='grc' dir='ltr'>μαζῆ</span> <span class='ocrx_word' id='word_1_660' title='bbox 2626 3048 2716 3102; x_wconf 85' lang='grc' dir='ltr'>καὶ</span> <span class='ocrx_word' id='word_1_661' title='bbox 2756 3046 2952 3122; x_wconf 82' lang='grc' dir='ltr'>ἂσπρα.</span> 
     </span>
    </p>
   </div>
   <div class='ocr_carea' id='block_1_95' title="bbox 2095 3133 3664 3210">
    <p class='ocr_par' dir='ltr' id='par_1_95' title="bbox 2095 3133 3664 3210">
     <span class='ocr_line' id='line_1_95' title="bbox 2095 3133 3664 3210; baseline -0.004 -14"><span class='ocrx_word' id='word_1_662' title='bbox 2095 3141 2382 3210; x_wconf 82' lang='grc' dir='ltr'>Αὐθέντης,</span> <span class='ocrx_word' id='word_1_663' title='bbox 2426 3138 2723 3210; x_wconf 84' lang='grc' dir='ltr'>αὐθεντεία,</span> <span class='ocrx_word' id='word_1_664' title='bbox 2763 3136 3057 3208; x_wconf 79' lang='grc' dir='ltr'>αὐθεντεῖν,</span> <span class='ocrx_word' id='word_1_665' title='bbox 3107 3133 3412 3205; x_wconf 83' lang='grc' dir='ltr'>δυναστεία,</span> <span class='ocrx_word' id='word_1_666' title='bbox 3468 3135 3664 3193; x_wconf 83' lang='lat' dir='ltr'>Domi-</span> 
     </span>
    </p>
   </div>
   <div class='ocr_carea' id='block_1_96' title="bbox 2025 3225 3660 3300">
    <p class='ocr_par' dir='ltr' id='par_1_96' title="bbox 2025 3225 3660 3300">
     <span class='ocr_line' id='line_1_96' title="bbox 2025 3225 3660 3300; baseline -0.006 -14"><span class='ocrx_word' id='word_1_667' title='bbox 2025 3248 2154 3300; x_wconf 88' lang='lat' dir='ltr'>nus,</span> <span class='ocrx_word' id='word_1_668' title='bbox 2187 3230 2530 3296; x_wconf 87' lang='lat' dir='ltr'>dominatio,</span> <span class='ocrx_word' id='word_1_669' title='bbox 2565 3229 2874 3284; x_wconf 86' lang='lat' dir='ltr'>dominari.</span> <span class='ocrx_word' id='word_1_670' title='bbox 2908 3228 2966 3284; x_wconf 88' lang='lat' dir='ltr'>P.</span> <span class='ocrx_word' id='word_1_671' title='bbox 3003 3229 3106 3283; x_wconf 89' lang='lat'><strong>110</strong></span> <span class='ocrx_word' id='word_1_672' title='bbox 3134 3229 3166 3281; x_wconf 80' lang='lat' dir='ltr'>tl</span> <span class='ocrx_word' id='word_1_673' title='bbox 3216 3226 3316 3294; x_wconf 72' lang='grc' dir='ltr'>τὴν</span> <span class='ocrx_word' id='word_1_674' title='bbox 3364 3225 3660 3291; x_wconf 71' lang='grc' dir='ltr'>Ιίαιονικῆν</span> 
     </span>
    </p>
   </div>
   <div class='ocr_carea' id='block_1_97' title="bbox 2008 3314 3650 3395">
    <p class='ocr_par' dir='ltr' id='par_1_97' title="bbox 2008 3314 3650 3395">
     <span class='ocr_line' id='line_1_97' title="bbox 2008 3314 3650 3395; baseline -0.003 -20"><span class='ocrx_word' id='word_1_675' title='bbox 2008 3320 2475 3395; x_wconf 71' lang='grc' dir='ltr'>παραληψόμενον</span> <span class='ocrx_word' id='word_1_676' title='bbox 2541 3315 2870 3372; x_wconf 80' lang='grc' dir='ltr'>δυναστείαν·</span> <span class='ocrx_word' id='word_1_677' title='bbox 2934 3319 3061 3374; x_wconf 90' lang='lat' dir='ltr'>cod.</span> <span class='ocrx_word' id='word_1_678' title='bbox 3158 3319 3246 3373; x_wconf 89' lang='lat' dir='ltr'>GB</span> <span class='ocrx_word' id='word_1_679' title='bbox 3322 3314 3650 3370; x_wconf 82' lang='grc' dir='ltr'>αὐθεντείαν.</span> 
     </span>
    </p>
   </div>
   <div class='ocr_carea' id='block_1_98' title="bbox 2010 3402 3654 3482">
    <p class='ocr_par' dir='ltr' id='par_1_98' title="bbox 2010 3402 3654 3482">
     <span class='ocr_line' id='line_1_98' title="bbox 2010 3402 3654 3482; baseline -0.006 -15"><span class='ocrx_word' id='word_1_680' title='bbox 2010 3413 2069 3467; x_wconf 91' lang='lat' dir='ltr'>S.</span> <span class='ocrx_word' id='word_1_681' title='bbox 2105 3411 2389 3468; x_wconf 85' lang='lat' dir='ltr'>Maximus</span> <span class='ocrx_word' id='word_1_682' title='bbox 2408 3408 2652 3480; x_wconf 83' lang='lat' dir='ltr'>epistola</span> <span class='ocrx_word' id='word_1_683' title='bbox 2683 3409 2754 3462; x_wconf 86' lang='lat' dir='ltr'>ad</span> <span class='ocrx_word' id='word_1_684' title='bbox 2785 3408 3152 3482; x_wconf 85' lang='lat' dir='ltr'>Zygomalam</span> <span class='ocrx_word' id='word_1_685' title='bbox 3187 3427 3200 3462; x_wconf 91' lang='lat'>:</span> <span class='ocrx_word' id='word_1_686' title='bbox 3235 3407 3297 3460; x_wconf 88' lang='grc' dir='ltr'>τὸ</span> <span class='ocrx_word' id='word_1_687' title='bbox 3329 3402 3503 3478; x_wconf 80' lang='grc' dir='ltr'>ὄνομα</span> <span class='ocrx_word' id='word_1_688' title='bbox 3554 3410 3654 3472; x_wconf 81' lang='grc' dir='ltr'>τῆς</span> 
     </span>
    </p>
   </div>
   <div class='ocr_carea' id='block_1_99' title="bbox 2006 3496 3646 3570">
    <p class='ocr_par' dir='ltr' id='par_1_99' title="bbox 2006 3496 3646 3570">
     <span class='ocr_line' id='line_1_99' title="bbox 2006 3496 3646 3570; baseline -0.004 -15"><span class='ocrx_word' id='word_1_689' title='bbox 2006 3500 2312 3560; x_wconf 52' lang='lat' dir='ltr'>atomus:</span> <span class='ocrx_word' id='word_1_690' title='bbox 2346 3518 2463 3553; x_wconf 89' lang='grc' dir='ltr'>σου.</span> <span class='ocrx_word' id='word_1_691' title='bbox 2532 3499 2752 3554; x_wconf 90' lang='lat' dir='ltr'>Auctor</span> <span class='ocrx_word' id='word_1_692' title='bbox 2795 3514 3123 3570; x_wconf 83' lang='lat' dir='ltr'>anonymus</span> <span class='ocrx_word' id='word_1_693' title='bbox 3164 3498 3221 3551; x_wconf 90' lang='lat' dir='ltr'>in</span> <span class='ocrx_word' id='word_1_694' title='bbox 3255 3497 3398 3551; x_wconf 87' lang='lat' dir='ltr'>libro</span> <span class='ocrx_word' id='word_1_695' title='bbox 3432 3497 3531 3568; x_wconf 88' lang='lat' dir='ltr'>qui</span> <span class='ocrx_word' id='word_1_696' title='bbox 3560 3496 3646 3549; x_wconf 90' lang='lat' dir='ltr'>in-</span> 
     </span>
    </p>
   </div>
   <div class='ocr_carea' id='block_1_100' title="bbox 2008 3581 3643 3661">
    <p class='ocr_par' dir='ltr' id='par_1_100' title="bbox 2008 3581 3643 3661">
     <span class='ocr_line' id='line_1_100' title="bbox 2008 3581 3643 3661; baseline -0.008 -13"><span class='ocrx_word' id='word_1_697' title='bbox 2008 3592 2285 3649; x_wconf 77' lang='lat' dir='ltr'>scribitur</span> <span class='ocrx_word' id='word_1_698' title='bbox 2337 3583 2589 3661; x_wconf 69' lang='grc' dir='ltr'>διήγησις</span> <span class='ocrx_word' id='word_1_699' title='bbox 2645 3585 2910 3659; x_wconf 66' lang='grc' dir='ltr'>ἐξαίρετος</span> <span class='ocrx_word' id='word_1_700' title='bbox 2967 3581 3308 3658; x_wconf 71' lang='grc' dir='ltr'>Βελθᾶνδρου</span> <span class='ocrx_word' id='word_1_701' title='bbox 3354 3587 3449 3636; x_wconf 80' lang='grc' dir='ltr'>τοῦ</span> <span class='ocrx_word' id='word_1_702' title='bbox 3502 3587 3643 3636; x_wconf 85' lang='grc' dir='ltr'>Ῥω-</span> 
     </span>
    </p>
   </div>
   <div class='ocr_carea' id='block_1_101' title="bbox 2011 3669 3642 3754">
    <p class='ocr_par' dir='ltr' id='par_1_101' title="bbox 2011 3669 3642 3754">
     <span class='ocr_line' id='line_1_101' title="bbox 2011 3669 3642 3754; baseline -0.006 -21"><span class='ocrx_word' id='word_1_703' title='bbox 2011 3678 2193 3754; x_wconf 84' lang='grc' dir='ltr'>μαίου⁶</span> <span class='ocrx_word' id='word_1_704' title='bbox 2242 3678 2570 3750; x_wconf 80' lang='grc' dir='ltr'>τυραννικῶς</span> <span class='ocrx_word' id='word_1_705' title='bbox 2611 3674 2918 3728; x_wconf 79' lang='grc' dir='ltr'>αὐθέντευεν</span> <span class='ocrx_word' id='word_1_706' title='bbox 2954 3673 3028 3733; x_wconf 84' lang='grc' dir='ltr'>ὡς</span> <span class='ocrx_word' id='word_1_707' title='bbox 3087 3671 3310 3746; x_wconf 76' lang='grc' dir='ltr'>φυσικὸς</span> <span class='ocrx_word' id='word_1_708' title='bbox 3363 3669 3642 3739; x_wconf 82' lang='grc' dir='ltr'>αὐθέντης.</span> 
     </span>
    </p>
   </div>
   <div class='ocr_carea' id='block_1_102' title="bbox 2006 3757 3648 3834">
    <p class='ocr_par' dir='ltr' id='par_1_102' title="bbox 2006 3757 3648 3834">
     <span class='ocr_line' id='line_1_102' title="bbox 2006 3757 3648 3834; baseline -0.009 -9"><span class='ocrx_word' id='word_1_709' title='bbox 2006 3771 2262 3825; x_wconf 88' lang='lat' dir='ltr'>Joannes</span> <span class='ocrx_word' id='word_1_710' title='bbox 2293 3768 2596 3818; x_wconf 88' lang='lat' dir='ltr'>Cantacuz.</span> <span class='ocrx_word' id='word_1_711' title='bbox 2645 3779 2699 3834; x_wconf 92' lang='lat' dir='ltr'>p.</span> <span class='ocrx_word' id='word_1_712' title='bbox 2749 3763 2901 3818; x_wconf 82' lang='lat'>756:</span> <span class='ocrx_word' id='word_1_713' title='bbox 2951 3761 3220 3830; x_wconf 83' lang='grc' dir='ltr'>Αὐθέντης</span> <span class='ocrx_word' id='word_1_714' title='bbox 3266 3764 3372 3814; x_wconf 81' lang='grc' dir='ltr'>τῶν</span> <span class='ocrx_word' id='word_1_715' title='bbox 3442 3757 3648 3822; x_wconf 82' lang='grc' dir='ltr'>θαλασ-</span> 
     </span>
    </p>
   </div>
   <div class='ocr_carea' id='block_1_103' title="bbox 2011 3849 3651 3921">
    <p class='ocr_par' dir='ltr' id='par_1_103' title="bbox 2011 3849 3651 3921">
     <span class='ocr_line' id='line_1_103' title="bbox 2011 3849 3651 3921; baseline -0.006 -11"><span class='ocrx_word' id='word_1_716' title='bbox 2011 3861 2139 3910; x_wconf 81' lang='grc' dir='ltr'>σῶν.</span> <span class='ocrx_word' id='word_1_717' title='bbox 2173 3865 2340 3912; x_wconf 82' lang='lat' dir='ltr'>Anna</span> <span class='ocrx_word' id='word_1_718' title='bbox 2369 3852 2663 3907; x_wconf 89' lang='lat' dir='ltr'>Comnena</span> <span class='ocrx_word' id='word_1_719' title='bbox 2693 3851 2956 3906; x_wconf 90' lang='lat' dir='ltr'>Alexiad.</span> <span class='ocrx_word' id='word_1_720' title='bbox 2998 3867 3097 3905; x_wconf 82' lang='lat' dir='ltr'>VI&#39;I</span> <span class='ocrx_word' id='word_1_721' title='bbox 3132 3867 3145 3906; x_wconf 89' lang='lat'>:</span> <span class='ocrx_word' id='word_1_722' title='bbox 3205 3849 3382 3904; x_wconf 86' lang='grc' dir='ltr'>Κακὸν</span> <span class='ocrx_word' id='word_1_723' title='bbox 3423 3852 3651 3921; x_wconf 80' lang='grc' dir='ltr'>πρᾶγμα</span> 
     </span>
    </p>
   </div>
   <div class='ocr_carea' id='block_1_104' title="bbox 2009 3936 3648 4017">
    <p class='ocr_par' dir='ltr' id='par_1_104' title="bbox 2009 3936 3648 4017">
     <span class='ocr_line' id='line_1_104' title="bbox 2009 3936 3648 4017; baseline -0.005 -18"><span class='ocrx_word' id='word_1_724' title='bbox 2009 3943 2146 4017; x_wconf 78' lang='grc' dir='ltr'>πρὸς</span> <span class='ocrx_word' id='word_1_725' title='bbox 2176 3942 2266 3995; x_wconf 88' lang='grc' dir='ltr'>τὸν</span> <span class='ocrx_word' id='word_1_726' title='bbox 2295 3937 2434 3993; x_wconf 71' lang='grc' dir='ltr'>ἴδιον</span> <span class='ocrx_word' id='word_1_727' title='bbox 2467 3936 2854 4013; x_wconf 76' lang='grc' dir='ltr'>ἐπανέρχεσθαι</span> <span class='ocrx_word' id='word_1_728' title='bbox 2909 3938 3196 4007; x_wconf 81' lang='grc' dir='ltr'>αὐθέντην.</span> <span class='ocrx_word' id='word_1_729' title='bbox 3245 3938 3648 4010; x_wconf 80' lang='lat' dir='ltr'>Phrynichus:</span> 
     </span>
    </p>
   </div>
   <div class='ocr_carea' id='block_1_105' title="bbox 2012 4021 3654 4100">
    <p class='ocr_par' dir='ltr' id='par_1_105' title="bbox 2012 4021 3654 4100">
     <span class='ocr_line' id='line_1_105' title="bbox 2012 4021 3654 4100; baseline -0.005 -16"><span class='ocrx_word' id='word_1_730' title='bbox 2012 4030 2286 4097; x_wconf 79' lang='grc' dir='ltr'>Αὐθέντης</span> <span class='ocrx_word' id='word_1_731' title='bbox 2320 4023 2594 4100; x_wconf 86' lang='grc' dir='ltr'>μηδέποτε</span> <span class='ocrx_word' id='word_1_732' title='bbox 2625 4028 2810 4100; x_wconf 78' lang='grc' dir='ltr'>χρήσῃ</span> <span class='ocrx_word' id='word_1_733' title='bbox 2844 4026 2918 4086; x_wconf 86' lang='grc' dir='ltr'>ὡς</span> <span class='ocrx_word' id='word_1_734' title='bbox 2951 4025 3038 4080; x_wconf 74' lang='grc' dir='ltr'>ἐπὶ</span> <span class='ocrx_word' id='word_1_735' title='bbox 3084 4028 3181 4080; x_wconf 78' lang='grc' dir='ltr'>τοῦ</span> <span class='ocrx_word' id='word_1_736' title='bbox 3230 4021 3520 4092; x_wconf 82' lang='grc' dir='ltr'>δεσπότου,</span> <span class='ocrx_word' id='word_1_737' title='bbox 3581 4022 3654 4084; x_wconf 84' lang='grc' dir='ltr'>ὡς</span> 
     </span>
    </p>
   </div>
   <div class='ocr_carea' id='block_1_106' title="bbox 2014 4113 3654 4193">
    <p class='ocr_par' dir='ltr' id='par_1_106' title="bbox 2014 4113 3654 4193">
     <span class='ocr_line' id='line_1_106' title="bbox 2014 4113 3654 4193; baseline -0.004 -19"><span class='ocrx_word' id='word_1_738' title='bbox 2014 4120 2066 4174; x_wconf 79' lang='grc' dir='ltr'>οἱ</span> <span class='ocrx_word' id='word_1_739' title='bbox 2095 4118 2219 4193; x_wconf 87' lang='grc' dir='ltr'>περὶ</span> <span class='ocrx_word' id='word_1_740' title='bbox 2249 4118 2314 4172; x_wconf 77' lang='grc' dir='ltr'>τὰ</span> <span class='ocrx_word' id='word_1_741' title='bbox 2342 4113 2666 4190; x_wconf 77' lang='grc' dir='ltr'>δικαστήρια</span> <span class='ocrx_word' id='word_1_742' title='bbox 2694 4113 2934 4190; x_wconf 76' lang='grc' dir='ltr'>ῥήτορες.</span> <span class='ocrx_word' id='word_1_743' title='bbox 2991 4115 3136 4172; x_wconf 86' lang='lat' dir='ltr'>Vide</span> <span class='ocrx_word' id='word_1_744' title='bbox 3201 4115 3274 4170; x_wconf 89' lang='lat' dir='ltr'>ad</span> <span class='ocrx_word' id='word_1_745' title='bbox 3331 4115 3654 4170; x_wconf 84' lang='lat' dir='ltr'>Cedrenum</span> 
     </span>
    </p>
   </div>
   <div class='ocr_carea' id='block_1_107' title="bbox 2013 4207 2387 4276">
    <p class='ocr_par' dir='ltr' id='par_1_107' title="bbox 2013 4207 2387 4276">
     <span class='ocr_line' id='line_1_107' title="bbox 2013 4207 2387 4276; baseline -0.011 -11"><span class='ocrx_word' id='word_1_746' title='bbox 2013 4211 2073 4265; x_wconf 87' lang='lat' dir='ltr'>in</span> <span class='ocrx_word' id='word_1_747' title='bbox 2105 4207 2387 4276; x_wconf 81' lang='grc' dir='ltr'>αὐθέντης.</span> 
     </span>
    </p>
   </div>
   <div class='ocr_carea' id='block_1_108' title="bbox 2811 4344 2856 4394">
    <p class='ocr_par' dir='ltr' id='par_1_108' title="bbox 2811 4344 2856 4394">
     <span class='ocr_line' id='line_1_108' title="bbox 2811 4344 2856 4394; baseline 0 0"><span class='ocrx_word' id='word_1_748' title='bbox 2811 4344 2856 4394; x_wconf 90' lang='grc' dir='ltr'><strong><em>Β</em></strong></span> 
     </span>
    </p>
   </div>
   <div class='ocr_carea' id='block_1_109' title="bbox 2091 4478 3655 4555">
    <p class='ocr_par' dir='ltr' id='par_1_109' title="bbox 2091 4478 3655 4555">
     <span class='ocr_line' id='line_1_109' title="bbox 2091 4478 3655 4555; baseline -0.004 -14"><span class='ocrx_word' id='word_1_749' title='bbox 2091 4481 2382 4554; x_wconf 82' lang='grc' dir='ltr'>Βαίουλος,</span> <span class='ocrx_word' id='word_1_750' title='bbox 2413 4478 2752 4555; x_wconf 88' lang='grc' dir='ltr'>παιδοκόμος</span> <span class='ocrx_word' id='word_1_751' title='bbox 2792 4499 2850 4554; x_wconf 89' lang='lat' dir='ltr'>p.</span> <span class='ocrx_word' id='word_1_752' title='bbox 2883 4483 2987 4538; x_wconf 84' lang='lat'>306</span> <span class='ocrx_word' id='word_1_753' title='bbox 3017 4482 3075 4554; x_wconf 88' lang='lat' dir='ltr'>d,</span> <span class='ocrx_word' id='word_1_754' title='bbox 3124 4481 3378 4552; x_wconf 82' lang='lat' dir='ltr'>bajulus.</span> <span class='ocrx_word' id='word_1_755' title='bbox 3409 4480 3553 4536; x_wconf 83' lang='lat' dir='ltr'>Vide</span> <span class='ocrx_word' id='word_1_756' title='bbox 3582 4481 3655 4535; x_wconf 87' lang='lat' dir='ltr'>ad</span> 
     </span>
    </p>
   </div>
   <div class='ocr_carea' id='block_1_110' title="bbox 2022 4575 2366 4632">
    <p class='ocr_par' dir='ltr' id='par_1_110' title="bbox 2022 4575 2366 4632">
     <span class='ocr_line' id='line_1_110' title="bbox 2022 4575 2366 4632; baseline -0.012 0"><span class='ocrx_word' id='word_1_757' title='bbox 2022 4575 2366 4632; x_wconf 86' lang='lat' dir='ltr'>Cedrenum.</span> 
     </span>
    </p>
   </div>
   <div class='ocr_carea' id='block_1_111' title="bbox 2093 4655 3656 4737">
    <p class='ocr_par' dir='ltr' id='par_1_111' title="bbox 2093 4655 3656 4737">
     <span class='ocr_line' id='line_1_111' title="bbox 2093 4655 3656 4737; baseline -0.006 -18"><span class='ocrx_word' id='word_1_758' title='bbox 2093 4662 2279 4719; x_wconf 87' lang='grc' dir='ltr'>Βάλκα</span> <span class='ocrx_word' id='word_1_759' title='bbox 2304 4660 2494 4737; x_wconf 85' lang='grc' dir='ltr'>βάρκα.</span> <span class='ocrx_word' id='word_1_760' title='bbox 2529 4662 2588 4718; x_wconf 87' lang='grc' dir='ltr'><strong>Ρ.</strong></span> <span class='ocrx_word' id='word_1_761' title='bbox 2634 4661 2741 4716; x_wconf 82' lang='grc'>346</span> <span class='ocrx_word' id='word_1_762' title='bbox 2782 4662 2839 4731; x_wconf 89' lang='lat' dir='ltr'>b,</span> <span class='ocrx_word' id='word_1_763' title='bbox 2884 4660 2947 4715; x_wconf 91' lang='grc' dir='ltr'>τὸ</span> <span class='ocrx_word' id='word_1_764' title='bbox 3001 4656 3059 4713; x_wconf 73' lang='grc' dir='ltr'>δὲ</span> <span class='ocrx_word' id='word_1_765' title='bbox 3112 4657 3313 4729; x_wconf 81' lang='grc' dir='ltr'>ταύτης</span> <span class='ocrx_word' id='word_1_766' title='bbox 3379 4655 3656 4734; x_wconf 69' lang='grc' dir='ltr'>ἐφόλκιονι</span> 
     </span>
    </p>
   </div>
   <div class='ocr_carea' id='block_1_112' title="bbox 2023 4746 3664 4825">
    <p class='ocr_par' dir='ltr' id='par_1_112' title="bbox 2023 4746 3664 4825">
     <span class='ocr_line' id='line_1_112' title="bbox 2023 4746 3664 4825; baseline -0.007 -15"><span class='ocrx_word' id='word_1_767' title='bbox 2023 4755 2204 4811; x_wconf 85' lang='lat' dir='ltr'>codex</span> <span class='ocrx_word' id='word_1_768' title='bbox 2233 4753 2320 4808; x_wconf 87' lang='lat' dir='ltr'>GB</span> <span class='ocrx_word' id='word_1_769' title='bbox 2355 4751 2552 4825; x_wconf 74' lang='grc' dir='ltr'>βάΛκα.</span> <span class='ocrx_word' id='word_1_770' title='bbox 2587 4749 3007 4805; x_wconf 86' lang='lat' dir='ltr'>Constantinus</span> <span class='ocrx_word' id='word_1_771' title='bbox 3042 4746 3511 4819; x_wconf 85' lang='lat' dir='ltr'>Harmenopulus</span> <span class='ocrx_word' id='word_1_772' title='bbox 3533 4747 3664 4801; x_wconf 84' lang='lat' dir='ltr'>Bre-</span> 
     </span>
    </p>
   </div>
   <div class='ocr_carea' id='block_1_113' title="bbox 2023 4833 3666 4911">
    <p class='ocr_par' dir='ltr' id='par_1_113' title="bbox 2023 4833 3666 4911">
     <span class='ocr_line' id='line_1_113' title="bbox 2023 4833 3666 4911; baseline -0.005 -15"><span class='ocrx_word' id='word_1_773' title='bbox 2023 4842 2187 4898; x_wconf 83' lang='lat' dir='ltr'>viarii</span> <span class='ocrx_word' id='word_1_774' title='bbox 2213 4841 2312 4895; x_wconf 89' lang='lat' dir='ltr'>lib.</span> <span class='ocrx_word' id='word_1_775' title='bbox 2365 4857 2428 4906; x_wconf 79' lang='grc' dir='ltr'>ιι,</span> <span class='ocrx_word' id='word_1_776' title='bbox 2472 4840 2560 4894; x_wconf 90' lang='lat' dir='ltr'>tit.</span> <span class='ocrx_word' id='word_1_777' title='bbox 2599 4839 2685 4903; x_wconf 83' lang='lat'><strong>11,</strong></span> <span class='ocrx_word' id='word_1_778' title='bbox 2737 4840 2764 4905; x_wconf 62' lang='grc' dir='ltr'>ἐ</span> <span class='ocrx_word' id='word_1_779' title='bbox 2809 4838 2890 4894; x_wconf 83' lang='grc'>9;</span> <span class='ocrx_word' id='word_1_780' title='bbox 2943 4837 3056 4904; x_wconf 74' lang='grc' dir='ltr'>Τήν</span> <span class='ocrx_word' id='word_1_781' title='bbox 3093 4839 3290 4896; x_wconf 85' lang='grc' dir='ltr'>κοινῶς</span> <span class='ocrx_word' id='word_1_782' title='bbox 3362 4833 3666 4911; x_wconf 84' lang='grc' dir='ltr'>λεγομένην</span> 
     </span>
    </p>
   </div>
   <div class='ocr_carea' id='block_1_114' title="bbox 2028 4923 3671 5003">
    <p class='ocr_par' dir='ltr' id='par_1_114' title="bbox 2028 4923 3671 5003">
     <span class='ocr_line' id='line_1_114' title="bbox 2028 4923 3671 5003; baseline -0.002 -20"><span class='ocrx_word' id='word_1_783' title='bbox 2028 4927 2258 5003; x_wconf 80' lang='grc' dir='ltr'>βάλκαν.</span> <span class='ocrx_word' id='word_1_784' title='bbox 2290 4929 2392 4984; x_wconf 89' lang='lat' dir='ltr'>Vir</span> <span class='ocrx_word' id='word_1_785' title='bbox 2412 4929 2620 4983; x_wconf 89' lang='lat' dir='ltr'>doctus</span> <span class='ocrx_word' id='word_1_786' title='bbox 2651 4925 2964 4997; x_wconf 90' lang='lat' dir='ltr'>legendum</span> <span class='ocrx_word' id='word_1_787' title='bbox 3017 4926 3257 4998; x_wconf 82' lang='lat' dir='ltr'>putabat</span> <span class='ocrx_word' id='word_1_788' title='bbox 3291 4923 3492 4999; x_wconf 88' lang='grc' dir='ltr'>βάρκαν</span> <span class='ocrx_word' id='word_1_789' title='bbox 3525 4940 3538 4979; x_wconf 89' lang='lat'><strong>:</strong></span> <span class='ocrx_word' id='word_1_790' title='bbox 3569 4926 3671 4979; x_wconf 78' lang='lat' dir='ltr'>Re-</span> 
     </span>
    </p>
   </div>
   <div class='ocr_carea' id='block_1_115' title="bbox 2026 5009 3668 5090">
    <p class='ocr_par' dir='ltr' id='par_1_115' title="bbox 2026 5009 3668 5090">
     <span class='ocr_line' id='line_1_115' title="bbox 2026 5009 3668 5090; baseline -0.004 -19"><span class='ocrx_word' id='word_1_791' title='bbox 2026 5019 2101 5090; x_wconf 83' lang='lat' dir='ltr'>gii</span> <span class='ocrx_word' id='word_1_792' title='bbox 2134 5023 2328 5072; x_wconf 89' lang='lat' dir='ltr'>tamen</span> <span class='ocrx_word' id='word_1_793' title='bbox 2361 5016 2589 5072; x_wconf 89' lang='lat' dir='ltr'>codices</span> <span class='ocrx_word' id='word_1_794' title='bbox 2620 5014 2765 5069; x_wconf 90' lang='lat' dir='ltr'>nihil</span> <span class='ocrx_word' id='word_1_795' title='bbox 2803 5019 3051 5070; x_wconf 86' lang='lat' dir='ltr'>mutant.</span> <span class='ocrx_word' id='word_1_796' title='bbox 3083 5015 3301 5070; x_wconf 86' lang='lat' dir='ltr'>Auctor</span> <span class='ocrx_word' id='word_1_797' title='bbox 3329 5013 3414 5074; x_wconf 89' lang='lat' dir='ltr'>Gb</span> <span class='ocrx_word' id='word_1_798' title='bbox 3442 5029 3456 5068; x_wconf 89' lang='lat'><strong>:</strong></span> <span class='ocrx_word' id='word_1_799' title='bbox 3487 5012 3547 5068; x_wconf 93' lang='grc' dir='ltr'>Ὁ</span> <span class='ocrx_word' id='word_1_800' title='bbox 3576 5009 3668 5065; x_wconf 88' lang='grc' dir='ltr'>κό-</span> 
     </span>
    </p>
   </div>
   <div class='ocr_carea' id='block_1_116' title="bbox 2031 5098 3669 5182">
    <p class='ocr_par' dir='ltr' id='par_1_116' title="bbox 2031 5098 3669 5182">
     <span class='ocr_line' id='line_1_116' title="bbox 2031 5098 3669 5182; baseline 0.001 -23"><span class='ocrx_word' id='word_1_801' title='bbox 2031 5128 2138 5182; x_wconf 84' lang='grc' dir='ltr'>μης</span> <span class='ocrx_word' id='word_1_802' title='bbox 2208 5107 2410 5181; x_wconf 68' lang='grc' dir='ltr'>βάρκαδ</span> <span class='ocrx_word' id='word_1_803' title='bbox 2479 5098 2691 5179; x_wconf 67' lang='grc' dir='ltr'>ἔρριψεν</span> <span class='ocrx_word' id='word_1_804' title='bbox 2739 5105 2936 5178; x_wconf 75' lang='grc' dir='ltr'>τρανὴν</span> <span class='ocrx_word' id='word_1_805' title='bbox 3002 5103 3137 5158; x_wconf 79' lang='grc' dir='ltr'>κατὰ</span> <span class='ocrx_word' id='word_1_806' title='bbox 3205 5101 3502 5174; x_wconf 87' lang='grc' dir='ltr'>θαλάσσης.</span> <span class='ocrx_word' id='word_1_807' title='bbox 3572 5104 3669 5160; x_wconf 83' lang='lat' dir='ltr'>Est</span> 
     </span>
    </p>
   </div>
   <div class='ocr_carea' id='block_1_117' title="bbox 2029 5191 3665 5270">
    <p class='ocr_par' dir='ltr' id='par_1_117' title="bbox 2029 5191 3665 5270">
     <span class='ocr_line' id='line_1_117' title="bbox 2029 5191 3665 5270; baseline -0.004 -17"><span class='ocrx_word' id='word_1_808' title='bbox 2029 5203 2223 5253; x_wconf 89' lang='lat' dir='ltr'>autem</span> <span class='ocrx_word' id='word_1_809' title='bbox 2259 5193 2437 5270; x_wconf 86' lang='grc' dir='ltr'>βάλκα</span> <span class='ocrx_word' id='word_1_810' title='bbox 2472 5211 2573 5250; x_wconf 89' lang='lat' dir='ltr'>seu</span> <span class='ocrx_word' id='word_1_811' title='bbox 2632 5191 2802 5268; x_wconf 84' lang='grc' dir='ltr'>βάρκα</span> <span class='ocrx_word' id='word_1_812' title='bbox 2843 5194 3036 5264; x_wconf 66' lang='grc' dir='ltr'>ὺίιτειι,</span> <span class='ocrx_word' id='word_1_813' title='bbox 3069 5194 3309 5266; x_wconf 86' lang='lat' dir='ltr'>scapha.</span> <span class='ocrx_word' id='word_1_814' title='bbox 3363 5195 3561 5250; x_wconf 83' lang='lat' dir='ltr'>Exstat</span> <span class='ocrx_word' id='word_1_815' title='bbox 3609 5194 3665 5247; x_wconf 92' lang='lat' dir='ltr'>in</span> 
     </span>
    </p>
   </div>
   <div class='ocr_carea' id='block_1_118' title="bbox 2031 5281 3666 5343">
    <p class='ocr_par' dir='ltr' id='par_1_118' title="bbox 2031 5281 3666 5343">
     <span class='ocr_line' id='line_1_118' title="bbox 2031 5281 3666 5343; baseline -0.004 0"><span class='ocrx_word' id='word_1_816' title='bbox 2031 5287 2250 5343; x_wconf 75' lang='lat' dir='ltr'>Glossis</span> <span class='ocrx_word' id='word_1_817' title='bbox 2282 5300 2312 5339; x_wconf 88' lang='lat' dir='ltr'>e</span> <span class='ocrx_word' id='word_1_818' title='bbox 2344 5283 2635 5340; x_wconf 86' lang='lat' dir='ltr'>Glossario</span> <span class='ocrx_word' id='word_1_819' title='bbox 2659 5283 2901 5339; x_wconf 87' lang='lat' dir='ltr'>Arabico</span> <span class='ocrx_word' id='word_1_820' title='bbox 2935 5284 3058 5340; x_wconf 88' lang='lat' dir='ltr'>Lat.</span> <span class='ocrx_word' id='word_1_821' title='bbox 3083 5282 3360 5340; x_wconf 87' lang='lat' dir='ltr'>collectis.</span> <span class='ocrx_word' id='word_1_822' title='bbox 3396 5281 3666 5339; x_wconf 82' lang='lat' dir='ltr'>Paulinus</span> 
     </span>
    </p>
   </div>
   <div class='ocr_carea' id='block_1_119' title="bbox 2031 5372 2808 5446">
    <p class='ocr_par' dir='ltr' id='par_1_119' title="bbox 2031 5372 2808 5446">
     <span class='ocr_line' id='line_1_119' title="bbox 2031 5372 2808 5446; baseline -0.008 -14"><span class='ocrx_word' id='word_1_823' title='bbox 2031 5375 2289 5432; x_wconf 84' lang='lat' dir='ltr'>carmine</span> <span class='ocrx_word' id='word_1_824' title='bbox 2320 5374 2389 5429; x_wconf 89' lang='lat' dir='ltr'>ad</span> <span class='ocrx_word' id='word_1_825' title='bbox 2421 5372 2758 5446; x_wconf 81' lang='lat' dir='ltr'>Cytherium</span> <span class='ocrx_word' id='word_1_826' title='bbox 2794 5388 2808 5427; x_wconf 89' lang='lat'><strong>:</strong></span> 
     </span>
    </p>
   </div>
   <div class='ocr_carea' id='block_1_120' title="bbox 2294 5513 3430 5586">
    <p class='ocr_par' dir='ltr' id='par_1_120' title="bbox 2294 5513 3430 5586">
     <span class='ocr_line' id='line_1_120' title="bbox 2294 5513 3430 5586; baseline -0.001 -16"><span class='ocrx_word' id='word_1_827' title='bbox 2294 5515 2359 5570; x_wconf 81' lang='lat' dir='ltr'>Ut</span> <span class='ocrx_word' id='word_1_828' title='bbox 2397 5529 2532 5568; x_wconf 76' lang='lat' dir='ltr'>max</span> <span class='ocrx_word' id='word_1_829' title='bbox 2559 5513 2780 5586; x_wconf 71' lang='lat' dir='ltr'>salubri</span> <span class='ocrx_word' id='word_1_830' title='bbox 2809 5513 2970 5570; x_wconf 91' lang='lat' dir='ltr'>barca</span> <span class='ocrx_word' id='word_1_831' title='bbox 2999 5517 3251 5585; x_wconf 77' lang='lat' dir='ltr'>perfugio</span> <span class='ocrx_word' id='word_1_832' title='bbox 3288 5519 3430 5586; x_wconf 76' lang='lat' dir='ltr'>foret</span> 
     </span>
    </p>
   </div>
   <div class='ocr_carea' id='block_1_121' title="bbox 2482 5584 3224 5655">
    <p class='ocr_par' dir='ltr' id='par_1_121' title="bbox 2482 5584 3224 5655">
     <span class='ocr_line' id='line_1_121' title="bbox 2482 5584 3224 5655; baseline 0.005 -17"><span class='ocrx_word' id='word_1_833' title='bbox 2482 5584 2665 5655; x_wconf 76' lang='grc' dir='ltr'>Ραρρί</span> <span class='ocrx_word' id='word_1_834' title='bbox 2691 5596 2960 5654; x_wconf 65' lang='grc' dir='ltr'>δωρον-διεδ</span> <span class='ocrx_word' id='word_1_835' title='bbox 2989 5584 3224 5642; x_wconf 69' lang='lat' dir='ltr'>obrutae.</span> 
     </span>
    </p>
   </div>
   <div class='ocr_carea' id='block_1_122' title="bbox 2106 5720 3682 5799">
    <p class='ocr_par' dir='ltr' id='par_1_122' title="bbox 2106 5720 3682 5799">
     <span class='ocr_line' id='line_1_122' title="bbox 2106 5720 3682 5799; baseline -0.004 -19"><span class='ocrx_word' id='word_1_836' title='bbox 2106 5724 2413 5797; x_wconf 61' lang='grc' dir='ltr'>Βάραγγος.</span> <span class='ocrx_word' id='word_1_837' title='bbox 2447 5725 2507 5780; x_wconf 89' lang='grc' dir='ltr'><strong>Ρ.</strong></span> <span class='ocrx_word' id='word_1_838' title='bbox 2541 5725 2647 5782; x_wconf 77' lang='grc'>362</span> <span class='ocrx_word' id='word_1_839' title='bbox 2678 5740 2732 5793; x_wconf 87' lang='lat' dir='ltr'>a,</span> <span class='ocrx_word' id='word_1_840' title='bbox 2770 5725 2846 5796; x_wconf 73' lang='grc' dir='ltr'>μὴ</span> <span class='ocrx_word' id='word_1_841' title='bbox 2889 5720 3034 5799; x_wconf 84' lang='grc' dir='ltr'>ἔχων</span> <span class='ocrx_word' id='word_1_842' title='bbox 3087 5723 3450 5792; x_wconf 70' lang='grc' dir='ltr'>ὑπασπιστήν,</span> <span class='ocrx_word' id='word_1_843' title='bbox 3503 5721 3682 5778; x_wconf 84' lang='lat' dir='ltr'>codex</span> 
     </span>
    </p>
   </div>
   <div class='ocr_carea' id='block_1_123' title="bbox 2034 5809 3683 5886">
    <p class='ocr_par' dir='ltr' id='par_1_123' title="bbox 2034 5809 3683 5886">
     <span class='ocr_line' id='line_1_123' title="bbox 2034 5809 3683 5886; baseline -0.009 -12"><span class='ocrx_word' id='word_1_844' title='bbox 2034 5814 2125 5869; x_wconf 83' lang='lat' dir='ltr'>GB</span> <span class='ocrx_word' id='word_1_845' title='bbox 2161 5811 2455 5885; x_wconf 76' lang='grc' dir='ltr'>βάραγγον.</span> <span class='ocrx_word' id='word_1_846' title='bbox 2496 5814 2556 5868; x_wconf 85' lang='lat' dir='ltr'>Et</span> <span class='ocrx_word' id='word_1_847' title='bbox 2587 5829 2640 5883; x_wconf 77' lang='grc' dir='ltr'><strong>ρ.</strong></span> <span class='ocrx_word' id='word_1_848' title='bbox 2693 5813 2800 5866; x_wconf 77' lang='grc'>362</span> <span class='ocrx_word' id='word_1_849' title='bbox 2860 5832 2890 5871; x_wconf 89' lang='lat' dir='ltr'>a</span> <span class='ocrx_word' id='word_1_850' title='bbox 2924 5815 2950 5867; x_wconf 87' lang='grc' dir='ltr'>ὁ</span> <span class='ocrx_word' id='word_1_851' title='bbox 2993 5809 3048 5866; x_wconf 75' lang='grc' dir='ltr'>δὲ</span> <span class='ocrx_word' id='word_1_852' title='bbox 3094 5810 3221 5872; x_wconf 67' lang='grc' dir='ltr'>τοὺς</span> <span class='ocrx_word' id='word_1_853' title='bbox 3278 5809 3683 5886; x_wconf 69' lang='grc' dir='ltr'>πε).εκ·)φόρους</span> 
     </span>
    </p>
   </div>
   <div class='ocr_carea' id='block_1_124' title="bbox 3329 5929 3408 5992">
    <p class='ocr_par' dir='ltr' id='par_1_124' title="bbox 3329 5929 3408 5992">
     <span class='ocr_line' id='line_1_124' title="bbox 3329 5929 3408 5992; baseline 0 0"><span class='ocrx_word' id='word_1_854' title='bbox 3329 5929 3408 5992; x_wconf 66' lang='lat'><strong>34</strong></span> 
     </span>
    </p>
   </div>
  </div>
