4120 6284
282 319 438 380 1069

279 541 437 604 λάκις
467 542 742 603 πιστεύειν
782 545 852 616 τῇ
903 539 1186 615 δεσποίνῃ.

347 629 699 710 Δηιρενδεύειν
759 633 1068 688 defendere
1101 649 1233 703 pag.
1267 631 1392 686 378.
1444 631 1768 689 Concilium
1804 631 1934 686 Flo-

274 723 570 777 rentiuum
632 738 776 778 sese.
836 723 907 776 25
956 739 1013 792 p.
1045 722 1152 774 565
1209 721 1350 776 edit.
1384 721 1522 792 Reg.
1565 719 1933 776 Andronicus

269 811 475 867 Junior
505 814 562 866 in
592 812 913 884 diplomate
941 827 1044 882 pro
1077 811 1502 865 Monembasiot
1532 810 1682 881 apud
1708 809 1903 864 Phron

273 915 396 954 zem
433 917 445 954 :
479 900 640 954 ’ΌΟεν
676 897 940 975 ὀφείλωσι
989 894 1268 971 διατηρεῖν
1301 895 1496 956 αὐτοὺς
1553 895 1630 957 εἷς
1687 897 1786 964 τὴν
1819 917 1950 973 τοι-ο

275 987 441 1058 αύτην
490 987 851 1062 ἀνειόχλησιν
891 987 980 1042 καὶ
1021 983 1377 1064 δεςρένδευσιν.
1439 986 1722 1042 Sultanus
1762 987 1934 1056 ﬁgy-

278 1078 360 1150 pti
396 1079 455 1134 in
497 1079 667 1151 epist.
702 1079 773 1134 ad
804 1081 969 1134 .loan.
1003 1077 1472 1134 Cantacuzenum
1505 1077 1647 1146 imp.
1677 1076 1934 1136 historias

275 1167 542 1238 ejusdem
599 1167 760 1225 Canl.
818 1167 1033 1237 lib_.1v,
1067 1165 1257 1224 0.14:
1316 1163 1400 1220 Νὰ
1458 1157 1658 1237 ἔχωσιν
1714 1160 1930 1236 ἀγάπην

279 1254 367 1308 καὶ
403 1251 757 1330 δεφένδευσιν.

348 1347 800 1420 Δισκοποτήριρν.
835 1344 1134 1404 Οοάιδθουε
1191 1361 1248 1415 p.
1308 1343 1414 1398 557
1460 1359 1493 1398 a
1550 1341 1934 1410 εΔισκοποτή-

277 1453 393 1509 ριον
453 1434 558 1509 γὰρ
624 1434 960 1508 προσήνεγκε
1011 1435 1081 1505 τῇ
1148 1429 1372 1507 Μεγάλῃ
1412 1427 1732 1501 Ἐκκλησία.
1790 1431 1933 1487 Vide

273 1523 453 1580 Notas
485 1523 783 1584 eruditiss.
820 1521 1004 1593 patris
1024 1521 1231 1586 Jocobi
1261 1521 1432 1578 Goar.

342 1609 694 1684 Δομέστικος.
757 1609 936 1686 Μέγας
1017 1605 1339 1682 δομὲστικος
1411 1625 1662 1681 magnus
1722 1609 1930 1664 dome-

269 1701 476 1769 sticus,
537 1701 764 1772 primus
826 1701 977 1756 inter
1035 1716 1238 1755 omnes
1292 1699 1670 1754 domesticos.
1762 1700 1931 1754 Anna

1526 317 1860 386 FABBOT]
1908 317 2425 388 GLOSSAHIUM.

274 459 404 510 stes
437 473 493 527 p.
531 455 599 508 40
633 452 934 528 βασίλειαν,
971 450 1271 508 δέσποιναν.
1304 452 1636 508 Cedrenus:
1671 451 1758 520 Μὴ
1791 448 1927 504 πολ-

2048 453 2295 508 Flandro

3534 325 3691 386 1070

2361 471 2375 509 :
2438 448 2792 526 Παλίμϐολον
2855 457 2984 530 ὑπὲρ
3065 455 3325 532 ὄστρακον
3379 456 3470 513 καὶ
3523 451 3691 512 κύϐον

2043 543 2457 599 mutabiliorem
2512 549 2716 601 tessera
2750 563 2762 601 :
2797 548 2976 603 codex
3017 547 3124 602 GB.
3172 547 3305 620 ὑπὲρ
3336 547 3542 621 ζάριον.
3574 550 3694 602 Au—

2041 637 2166 687 ctor
2195 632 2286 687 GB
2315 631 2375 688 in
2402 633 2678 690 historica
2710 637 3042 692 narratione
3074 638 3144 692 de
3175 637 3484 693 Belisurio:
3519 634 3692 703 Κοιλή

2038 719 2106 772 τὰ
2165 718 2319 792 ζάρια
2385 721 2412 774 6
2473 724 2727 796 ζαριστὴς
2786 724 2876 777 καὶ
2948 718 3146 786 τάϐλες
3207 726 3390 793 παίζει
3459 721 3692 798 ὁμάδην.

2042 811 2253 864 Auctor
2309 810 2458 867 alius
2510 815 2599 867 ΟΒ
2642 829 2655 873 :
2717 813 2820 869 Καὶ
2873 812 2939 868 τὰ
2993 812 3189 868 ταυλία
3232 815 3320 868 καὶ
3376 815 3442 869 τὰ
3491 815 3693 888 χαρτία

2039 897 2129 950 καὶ
2191 898 2344 970 ζάρια
2391 898 2454 952 νᾶ
2503 899 2570 954 τὰ
2619 901 2871 956 καύσουν.
2934 903 3076 958 Hinc
3133 904 3394 978 ζαριστὴς
3453 904 3689 960 aleator.

2044 987 2196 1042 Idem
2232 1003 2244 1043 :
2278 987 2338 1042 Ὁ
2380 989 2634 1062 ζαριστής
2666 991 2974 1062 καθήμενος
3004 988 3092 1045 διὰ
3141 989 3330 1065 κέρδος
3393 991 3510 1066 ἔχει
3563 991 3693 1066 0άρ-

2041 1075 2156 1148 ῥος.
2193 1077 2260 1132 Ει
2288 1080 2737 1151 πρωτοζαριστής
2769 1081 3011 1138 ibidem.
3059 1083 3351 1138 Truncate
3383 1087 3575 1138 autem
3607 1081 3693 1149 ζά-

2042 1185 2133 1239 ρια
2186 1166 2456 1223 dicebant
2513 1186 2615 1239 pro
2677 1167 2893 1244 ἀζάρια.
2956 1172 3290 1244 Stephanus
3347 1172 3688 1228 Sachlices:

2041 1252 2298 1330 Δεύτερον
2355 1251 2755 1328 συμϐουλεύσω
2808 1280 2866 1313 σε
2924 1259 2992 1315 τὰ
3045 1258 3242 1334 άζάρια
3295 1261 3360 1314 νά
3418 1261 3688 1332 μισήσεις.

2041 1344 2303 1402 Malaxus
2353 1347 2411 1402 in
2462 1347 2716 1406 historia
2768 1349 3287 1426 patriarcharum:
3339 1350 3597 1418 Ἐπαιζαν
3625 1347 3691 1403 τὰ

2038 1433 2250 1506 ἆζάρια.

2109 1523 2362 1594 Ζαπὲτια,
2396 1542 2452 1598 p.
2490 1527 2610 1584 182.
2642 1527 2788 1583 Vide
2819 1527 3140 1591 Meursium
3177 1529 3236 1584 in
3271 1527 3546 1604 τζεφὲτον.

2109 1611 2382 1674 Ζούπανος
2421 1615 2731 1686 praefectus
2764 1616 3023 1674 vestiarii
3066 1617 3367 1689 principis.
3398 1617 3466 1672 V.
3499 1616 3687 1673 Gloss.

2040 1701 2253 1758 Mcurs.
2288 1707 2345 1759 et
2397 1705 2468 1760 ad
2501 1705 2972 1768 Constantinum.
3008 1706 3088 1763 De
3147 1706 3486 1764 administr.
3545 1706 3688 1779 imp.

270 1792 591 1848 Gommena
618 1789 880 1847 Alexiad.
907 1806 948 1846 ιι
985 1805 998 1843 :
1030 1785 1130 1841 Τόν
1169 1787 1228 1841 τὲ
1294 1807 1427 1842 ποτε
1473 1786 1636 1860 μέγαν
1683 1783 1927 1858 δομέστι-

440 1882 466 1892 -
565 1879 591 1894 ι.
696 1875 757 1894 κ,
915 1882 938 1894 ..
1025 1877 1052 1894 ν.
1155 1874 1174 1894 κ
1226 1877 1237 1894 ι
1438 1875 1458 1894 η
1494 1876 1540 1894 ρ..
1742 1877 1800 1894 ...ι

2045 1807 2094 1847 c.
2125 1791 2214 1848 29.

269 1899 364 1933 κον
408 1882 500 1932 νῦν
563 1875 795 1952 βασιλέα
848 1882 965 1940 τοῖς
1023 1874 1328 1953 βασιλείοις
1367 1875 1690 1946 πελάζοντα.
1742 1877 1928 1933 'l‘beo-

276 1969 459 2024 dorus
515 1968 896 2040 Hermopolit.
945 1967 1054 2024 .lib.
1119 1985 1216 2036 vn,
1271 1968 1364 2023 tit.
1422 1967 1507 2023 11.
1567 1966 1929 2037 Nicephorus

272 2057 558 2129 Gregoras
589 2057 691 2114 lib.
731 2059 1085 2126 “1,.Ioannes
1117 2057 1512 2128 Curopalates,
1547 2073 1602 2128 p.
1625 2057 1728 2109 863
1762 2055 1816 2109 b.

343 2144 572 2213 Δούκας,
606 2143 884 2214 δούκαινα,
927 2141 1050 2213 δούξ
1109 2147 1225 2201 dux
1282 2163 1340 2218 p.
1398 2147 1470 2200 52
1499 2162 1548 2200 c.
1602 2143 1926 2200 Concilium

271 2236 720 2292 Florentinum:
774 2235 1098 2308 Μαρκὲσιοι,
1157 2232 1340 2288 κόντοι
1397 2233 1486 2287 καὶ
1547 2229 1823 2294 δουκάδες.
1857 2233 1923 2288 Β.

275 2326 725 2398 Chrysostomus
756 2324 1004 2398 epistola
1036 2325 1103 2380 12
1134 2341 1148 2380 :
1183 2322 1281 2376 Καὶ
1311 2323 1413 2398 γὰρ
1451 2321 1543 2377 τὸν
1597 2321 1783 2397 κύριόν
1821 2340 1925 2394 μου

266 2414 356 2468 τὸν
387 2410 554 2468 δοῦκα
593 2413 685 2468 τὸν
735 2407 982 2487 γαμϐρὸν
1044 2411 1211 2468 αὐτοῦ
1265 2408 1471 2490 σφόδρα
1527 2408 1921 2485 παρεσκεύασαν

266 2503 388 2577 περὶ
419 2504 567 2576 ἡμᾶς
599 2499 921 2558 διακεῖσθαι.
962 2505 1130 2558 Anna
1159 2503 1457 2557 Comnena
1485 2502 1745 2556 Alexiad.
1783 2517 1919 2556 vm:

267 2592 428 2664 Αὐτῷ
459 2595 539 2663 τῷ
579 2589 731 2646 δουκὶ
793 2591 889 2646 τοῦ
946 2591 1266 2662 Ῥωμαϊκοῦ
1326 2588 1528 2643 στόλου
1585 2586 1920 2662 περιέπεσεν.

269 2683 412 2738 Hinc
443 2678 669 2750 δουκικὴ
708 2679 855 2755 ἀρχὴ
926 2699 984 2753 p.
1038 2681 1130 2735 67.
1163 2680 1627 2756 Curopalatesp.
1688 2680 1793 2733 857
1825 2674 1927 2731 διὲ-

269 2791 384 2825 πων
417 2767 674 2839 δουκικήν
706 2769 908 2843 ἀρχήν.
961 2769 1146 2826 Nicet.
1201 2787 1258 2841 p.
1321 2769 1426 2825 293
1482 2768 1517 2824 b
1575 2770 1609 2836 ἡ
1669 2763 1925 2822 δούκαινα

273 2858 624 2936 Εὖφροσύνη.
656 2860 801 2916 Vide
831 2858 1192 2918 Glossarium
1225 2858 1297 2916 ad
1354 2858 1522 2914 Cedr.
1583 2857 1642 2913 in
1688 2873 1743 2912 v.
1778 2852 1923 2925 δούξ,

273 2953 332 3004 et
361 2948 550 3005 Gloss.
585 2949 888 3007 Numicum
909 2949 978 3008 in
1027 2949 1230 3004 eadem
1261 2947 1534 3003 dictione.

345 3037 800 3112 Δραγουμανίζειν
829 3037 1204 3116 interpretem
1241 3051 1431 3108 agere.
1481 3039 1550 3093 V.
1603 3035 1819 3102 Meurs-
1854 3035 1928 3092 ad

271 3125 571 3184 Constant.
606 3133 687 3184 De
707 3127 1012 3185 administ.
1045 3125 1190 3198 imp.
1219 3142 1269 3182 ο.
1303 3125 1392 3181 43.

1071 3270 1112 3325 Ε

337 3415 704 3492 Ἐγκουσῆτος
761 3413 850 3472 vel
894 3409 1236 3488 ,éynoucaijcoc
1292 3415 1560 3470 onustus.
1619 3410 1688 3466 V.
1720 3415 1912 3468 Mauro

264 3505 441 3562 sium.

332 3593 626 3666 Ἐξάμιτος
684 3593 1000 3661 examitus,
1061 3592 1234 3665 panni
1281 3591 1464 3656 serici
1519 3608 1704 3662 genus
1739 3633 1754 3660 ,
1813 3607 1916 3662 pro

267 3701 382 3755 quo
415 3691 684 3740 auctores
743 3683 1078 3740 Latinitatis
1136 3683 1350 3738 inﬁmae
1408 3683 1680 3738 samitus.
1715 3681 1919 3736 Petrus

272 3773 570 3831 Blesensis
599 3771 850 3845 epistola
878 3773 950 3828 66
983 3790 996 3828 :
1031 3773 1103 3829 De
1155 3788 1294 3829 zona
1340 3787 1510 3828 aurea
1567 3775 1620 3827 et
1677 3768 1920 3826 lumbari

270 3865 441 3920 serico
472 3872 524 3919 et
544 3865 765 3932 samito,
793 3866 845 3919 et
874 3863 1004 3919 aliis
1031 3863 1237 3931 xeniis,
1259 3877 1498 3932 quxpcr
1526 3862 1760 3918 latorem
1776 3874 1922 3931 prae-

273 3955 510 4008 sentium
538 3951 603 4008 de
641 3958 827 4008 vestra
885 3950 1179 4022 largitione
1231 3951 1461 4021 suscepi,
1520 3965 1633 4004 non
1687 3955 1924 4020 quantas

274 4041 410 4108 volo,
441 4040 535 4097 sed
564 4050 808 4112 quantas
850 4040 1026 4108 valeo,
1085 4042 1264 4110 refero
1307 4039 1453 4095 vobis
1481 4042 1680 4108 grates.
1711 4037 1924 4094 Gallice

274 4133 460 4185 samis.

348 4217 715 4287 Ἐξωκιόνιον.
747 4222 814 4274 Ρ.
866 4219 967 4275 159
1001 4234 1052 4286 c,
1105 4217 1258 4288 apud
1291 4217 1553 4274 Nicetam
1588 4216 1806 4274 editum
1838 4217 1929 4272 est

273 4301 374 4376 ἔξω
407 4307 645 4374 Κιόνιον,
676 4309 933 4366 exterius
965 4307 1258 4373 Cionium,
1301 4306 1725 4367 monasterium
1750 4307 1930 4376 quod-

273 4398 434 4452 dam.
469 4397 640 4468 Apud
689 4398 1014 4453 Cedrenum
1067 4393 1376 4465 ἐξωκιόνιον
1439 4395 1742 4462 scribitur,
1775 4394 1928 4466 apud

2840 1940 2884 1992 H

2108 2064 2338 2142 Ἡμέραι
2369 2068 2714 2140 simpliciter
2743 2074 2801 2127 et
2828 2073 2945 2125 κατ’
2972 2069 3170 2148 ἐξοχὴν
3193 2071 3537 2130 dicebantur
3565 2073 3688 2140 dies

2037 2155 2414 2255 hebdomadas
2447 2175 2565 2231 qua
2595 2177 2806 2232 passus
2837 2166 2926 2218 est
2954 2161 3238 2216 Christus.
3272 2163 3579 2224 Meursius.

2885 2306 2906 2361 Ι

2105 2436 2355 2492 Ἰνκλῖνοι
2389 2455 2444 2510 p.
2476 2439 2582 2494 267
2613 2456 2646 2494 a
2674 2439 2865 2508 Angli,
2899 2439 3044 2496 alias
3075 2438 3369 2516 ’Δγγλέζοι
3429 2440 3513 2496 vel
3569 2441 3693 2513 Ἐγ-

2033 2527 2242 2599 κλὲζοι,
2276 2533 2332 2592 et
2362 2524 2722 2602 Ἐγκλητὲρα,
2753 2528 2906 2600 apud
2939 2519 3235 2588 auctorem
3268 2530 3381 2588 (ΞΒ.

2105 2616 2302 2692 Ἰμφας
2387 2617 2600 2672 infans.
2679 2616 3047 2686 Glossarium
3122 2617 3430 2682 Nomicum
3515 2613 3691 2694 ῗμφας

2033 2706 2254 2775 νήπιος.

2106 2789 2402 2850 Ἰνδικτιών
2434 2792 2698 2852 indictio.
2729 2794 2785 2849 Ρ.
2828 2795 2929 2849 194
2960 2795 2992 2849 d
3026 2799 3083 2850 et
3132 2795 3235 2863 1ᾴὲ
3284 2811 3313 2850 c
3363 2799 3466 2862 τῆς
3496 2791 3689 2866 τρίτης

2035 2882 2430 2954 ἒπινεμήσεωςο
2489 2882 2668 2938 codex
2721 2882 2813 2937 GB
2846 2878 3202 2944 ἰνδικτιῶνος.
3265 2881 3331 2937 ν.
3360 2881 3553 2946 Gloss.
3613 2883 3687 2950 ad

2039 2973 2389 3029 Cedrenum.

2825 3116 2877 3171 ’Κ

1959 3195 2014 3270 .C

2087 3258 2479 3338 Καϐαλλάριος
2509 3261 2884 3330 caballarius,
2926 3277 3127 3336 eques.
3161 3264 3584 3330 Constantinus
3613 3264 3677 3326 in

2015 3355 2266 3414 Tactiois
2299 3371 2312 3409 :
2347 3353 2511 3407 Οὗτοι
2557 3348 2617 3406 δὲ
2654 3349 2852 3415 πάντες
2899 3351 2954 3406 οἱ
3009 3345 3382 3426 καϐαλλάριοι
3439 3353 3492 3408 οἱ
3521 3353 3678 3408 κατά-

2018 3463 2248 3526 φρακτοι
2291 3442 2378 3497 καὶ
2415 3442 2465 3496 οἱ
2500 3442 2576 3515 μή
2609 3440 2998 3514 κατάφρακτοι.
3029 3444 3094 3498 In
3150 3443 3352 3501 codice
3402 3443 3488 3498 (ΞΒ
3520 3442 3673 3516 lege-

2019 3536 2196 3592 batur
2222 3526 2632 3603 καϐαλλαρικὸν
2671 3530 3001 3604 στράτευμα,
3059 3534 3126 3588 ut
3181 3531 3338 3602 apud
3391 3532 3672 3593 Consum-

2020 3625 2211 3680 tinum
2259 3615 2646 3694 καϐαλλαρικὴ
2703 3619 3022 3693 παράταξις,
3079 3627 3133 3675 et
3182 3613 3670 3692 καϐαλλαρικεύειν

2022 3711 2304 3782 equitare.
2355 3709 2588 3765 Manuel
2643 3708 2940 3780 MoschOp.
3008 3707 3132 3781 περὶ
3189 3703 3341 3781 σχεδ·
3400 3705 3672 3775 κελητίζω

2020 3795 2429 3854 καϐαλλικεύω.
2479 3797 2908 3868 Theophanes:
2951 3790 3407 3857 Καϐαλλικεύσας
3463 3792 3522 3849 δὲ
3579 3793 3670 3850 σὺν

2025 3885 2324 3948 διακοσίοις
2357 3883 2667 3958 ἀνθρώποις
2693 3886 2881 3940 αὐτοῦ.
2923 3885 3338 3942 Constantinus
3371 3885 3430 3940 in
3479 3885 3674 3942 Tecti-

2025 3979 2108 4034 cis
2142 3994 2155 4032 :
2194 3974 2332 4031 Ἀπὸ
2369 3971 2625 4046 μεγάλων
2688 3972 2790 4048 γάρ
2848 3969 3114 4027 κινδύνων
3152 3976 3323 4028 ταῦτα
3353 3968 3682 4042 διασώζουσι

2025 4063 2298 4125 πολλάκις
2359 4063 2426 4117 τὰ
2481 4060 2737 4135 ἱππάρια,
2796 4061 2886 4116 καὶ
2941 4058 3012 4115 δι’
3068 4059 3247 4117 αὐτῶν
3284 4059 3414 4124 τοὺς
3483 4056 3684 4116 καϐάλ-

2028 4153 2345 4214 λικεύοντας
2386 4150 2540 4206 αὐτά.
2575 4151 2939 4214 Glossarium
2974 4151 3261 4208 ineditum
3297 4150 3682 4226 εὈχούμενος

2027 4244 2118 4298 καὶ
2174 4240 2548 4317 ἐποχούμενος
2613 4240 2641 4294 6
2715 4233 3012 4295 ἐπιϐαίνων
3080 4241 3169 4297 καὶ
3245 4237 3681 4301 καϐαλλικεύων.

2029 4334 2130 4389 Cui
2163 4331 2518 4388 contrarium
2551 4332 2640 4386 est
2677 4321 3226 4384 ἀποκαϐαλλικεύειν.
3263 4331 3367 4386 Lco
3387 4332 3686 4394 Gramma-

2031 4422 2228 4477 ticus:
2290 4417 2392 4474 Καὶ
2451 4409 3000 4478 ἀποκαϐαλλικεύσας
3033 4416 3061 4470 ὁ
3131 4420 3384 4490 Κροῦμος
3427 4415 3682 4485 ἐκάθησεν

273 4485 559 4540 Codinum
591 4485 650 4540 in
684 4486 1020 4558 Originibus
1052 4485 1369 4556 Cpolitanis
1396 4485 1485 4540 bis
1507 4479 1822 4555 ἐξακιόνιον,
1865 4500 1925 4549 ιιι

2044 4507 2121 4564 ἐπὶ
2184 4510 2283 4562 τοῦ
2343 4503 2594 4583 ἐδάφους,
2635 4503 2725 4560 καὶ
2781 4505 2874 4559 τὸν
2929 4503 3102 4559 ’ἱππον
3165 4503 3334 4564 αὐτοῦ
3401 4502 3610 4577 ἐκράτει
3651 4505 3680 4558 6

275 4571 432 4644 apud
477 4556 850 4630 Anastasium
885 4574 1396 4632 Bibliothecarium
1440 4574 1513 4632 .in
1557 4571 1798 4631 historia
1829 4588 1921 4627 ec-
1956 4556 2001 4626 Ι)
2197 4556 3100 4654 ρίόεευνιξῇὧ
3131 4556 3579 4654 aia—catena;

273 4661 648 4719 clcsiastica:
698 4663 760 4719 ln
807 4664 1120 4720 Exacionio
1173 4663 1400 4735 quidam
1467 4662 1642 4731 falsus
1697 4663 1927 4720 eremita

272 4752 534 4808 Nicotaus
567 4756 814 4822 nomine,
861 4762 913 4809 et
944 4752 1172 4824 quidam
1200 4769 1324 4807 cum
1372 4766 1433 4808 eo
1471 4749 1794 4821 blasphemi,
1827 4759 1924 4806 etc-

345 4837 697 4909 Ἐπενδύτης.
727 4843 786 4898 Ρ.
841 4844 944 4896 159
974 4843 1026 4896 d.
1063 4841 1320 4898 Glossar.
1382 4856 1493 4898 ms.
1529 4840 1596 4896 D.
1629 4839 1930 4898 Cancella-

272 4930 342 4985 rii
375 4934 432 4986 et
461 4931 674 4986 Suidus
725 4948 739 4985 ε
788 4927 1118 5000 Ἐπενδότης
1174 4929 1236 4984 τὸ
1296 4926 1561 4984 ἐσώτατον
1621 4927 1869 4998 ἱμάτιον,
1901 4927 1930 4980 6'

269 5015 361 5071 καὶ
410 5016 746 5089 ὑποκάμισον
794 5015 1031 5092 λέγεται.
1093 5020 1292 5076 .Gloss.
1351 5020 1702 5074 Graeco-Lat.
1748 5019 1932 5072 Ἐπεν-

271 5103 438 5177 δύτης
472 5109 705 5174 instate,
737 5110 1049 5179 superaria.
1081 5109 1326 5176 Quidam
1361 5101 1654 5176 ἐπενδύτην
1713 5112 1930 5164 vestem

271 5197 641 5268 scapularem
673 5196 1134 5268 interpretantur
1165 5198 1320 5269 apud
1370 5202 1640 5254 sanctum
1669 5194 1929 5258 Athana-

271 5288 452 5355 sium,
485 5287 546 5344 in
576 5285 711 5342 Vita
742 5286 802 5344 S.
835 5286 1092 5358 Antonii,
1125 5290 1269 5343 tom.
1302 5284 1376 5350 Il,
1411 5301 1468 5356 p.
1502 5285 1628 5341 479.

1085 5429 1126 5483 Ζ

346 5571 611 5645 Ζαγάριον
669 5573 837 5629 canis
883 5572 1216 5626 -venaticue.
1263 5565 1607 5623 Demetrius
1649 5567 1934 5623 .Hieraco-

277 5658 472 5729 sophii
495 5677 629 5731 cap.
656 5662 758 5716 186
792 5678 805 5716 :
839 5658 1058 5734 Πάρεχε
1088 5660 1168 5727 τῷ
1209 5653 1448 5728 ζαγαρίῳ
1506 5651 1582 5713 εἰς
1640 5654 1702 5708 τὸ
1736 5658 1932 5727 φαγεῖν

271 5746 365 5802 καὶ
404 5754 992 5821 προθυμοποιηθῆναι.

347 5833 513 5906 Ζάρια
545 5841 778 5893 tesseras
811 5854 941 5908 pag.
974 5833 1276 5890 358.1dem
1309 5828 1540 5884 Nicetes
1563 5828 1619 5883 in
1654 5830 1936 5891 Balduino

2104 4681 2522 4761 Καγκελλάριος
2580 4680 2895 4757 λογοθὲτης,
2945 4681 3349 4750 eancellarius,
3406 4684 3682 4752 queatur.

2034 4776 2178 4831 Vide
2209 4773 2510 4844 Cujacium
2563 4773 2636 4829 ad
2676 4772 2788 4844 leg.
2847 4773 2883 4826 2
2937 4773 3062 4827 cod.
3118 4771 3190 4828 de
3247 4770 3413 4842 petit.
3473 4770 3680 4829 honor.

2035 4863 2248 4920 sublat.
2282 4867 2338 4917 et
2367 4863 2437 4916 ad
2471 4862 2583 4932 leg.
2620 4861 2728 4916 ult.
2761 4861 2833 4915 de
2872 4861 3126 4916 discuss.
3176 4858 3277 4916 lib.
3309 4877 3364 4927 x,
3397 4860 3456 4914 Ο.
3489 4864 3547 4914 et
3575 4862 3681 4916 Pa-

2036 4956 2143 5008 rat.
2177 4953 2235 5006 in
2267 4951 2369 5005 lib.
2404 4966 2444 5016 ι,
2478 4949 2604 5004 cod.
2639 4948 2728 5006 tit.
2766 4949 2855 5004 30.
2888 4948 2994 5012 Qui
3037 4949 3205 5019 regiae
3238 4947 3530 5020 majestati
3561 4965 3685 5019 pro-

2036 5041 2230 5097 ximus
2263 5039 2444 5108 sedet,
2484 5037 2780 5093 secundus
2823 5041 2955 5108 post
2986 5053 3204 5108 regem,
3239 5042 3300 5093 ut
3337 5037 3414 5093 ait
3470 5041 3681 5094 Petrus

2037 5128 2314 5185 Cellensis
2331 5128 2402 5182 de
2432 5125 2776 5181 cancellario
2809 5126 2876 5182 R.
2907 5127 3135 5198 Anglice
3162 5127 3335 5197 epist.
3357 5125 3462 5182 ult.
3495 5125 3601 5194 lib,
3624 5144 3643 5181 1
3667 5141 3681 5180 :

2040 5221 2175 5288 Quae
2203 5217 2376 5285 enim,
2411 5213 2621 5285 inquit,
2652 5214 3206 5285 proportionalitatis
3254 5215 3522 5272 habitudo
3546 5217 3689 5270 inter

2039 5307 2300 5365 abbatem
2349 5305 2645 5361 Celtensem
2689 5311 2742 5359 et
2769 5303 3166 5362 cancellarium
3222 5305 3366 5376 regis
3421 5304 3637 5373 Anglig
3665 5307 3690 5356 .9

2039 5400 2186 5454 Pene
2214 5411 2324 5453 non
2375 5401 2454 5451 est
2484 5392 2846 5463 comparatio,
2877 5393 2974 5450 ubi
3002 5409 3114 5450 non
3141 5397 3227 5450 est
3253 5393 3690 5452 existimationis

2039 5486 2341 5558 adoptatio.
2373 5483 2684 5539 Secundum
2738 5491 2857 5553 post
2914 5499 3102 5554 regem
3130 5485 3191 5539 in
3233 5489 3474 5554 quatuor
3503 5483 3691 5550 regnis

2040 5574 2159 5646 quis
2193 5577 2246 5629 te
2293 5572 2512 5644 ignorat
2553 5572 2581 5624 τ
2611 5570 2792 5626 Erant
2821 5576 2880 5627 et
2926 5570 3262 5630 cancellarii
3292 5569 3691 5635 ecclesiastici,

2041 5663 2217 5720 Sexta
2246 5661 2508 5732 synodus
2546 5659 2655 5714 ΟΡ.
2695 5661 2808 5716 aet.
2841 5662 2874 5714 8
2908 5677 2922 5716 :
2985 5657 3259 5734 Στέφανος
3306 5654 3554 5716 διάκονος
3603 5651 3693 5708 καὶ

2040 5746 2466 5825 καγκελλάριος.
2525 5745 2795 5802 Meminit
2847 5749 3188 5818 Sigebertus
3255 5741 3696 5825 Gemblacensis

2043 5824 2292 5902 Joannis
2323 5839 2596 5894 Romanis
2619 5834 2897 5893 Ecclesiae
2926 5834 3280 5899 cancellarii,
3307 5833 3406 5904 qui
3431 5824 3697 5888 Paschali
