4120 6284
506 352 656 415 10⁸11

1822 348 2144 415 ΝΙΕΕΤᾸΞ.
2183 351 2608 415 ΟΗΟΝΙΑΤιΕ

3754 352 3892 412 1072

486 503 654 560 papa:
683 486 1000 555 successit;
1024 501 1200 560 quem
1235 486 1502 542 omnium
1534 483 2142 552 scribarum,notario-
2170 487 2217 554 Α
2265 483 2318 540 b.
2351 489 2486 556 etp.
2517 485 2623 542 ult.
2653 484 2711 542 d.
2742 485 2878 542 edit.
2941 483 3110 540 Rom.
3165 483 3466 539 Bessarion
3499 481 3808 538 cardinalis
3831 485 3893 540 ad

485 593 622 633 rum
651 583 710 634 et
747 575 1182 632 scriniariorum
1219 575 1539 647 principem
1573 573 1811 645 quidam
1856 573 2140 644 interpre-

487 672 712 724 tantur.
745 664 1182 722 Ouomasticum
1213 670 1380 720 vetus
1415 681 1428 721 :
1461 662 1794 720 cancellarii
1827 661 2140 736 ἀρχιγραμ-

489 759 701 829 ματεῖς.
765 753 1026 810 Meminit
1064 761 1119 810 et
1171 753 1420 810 civitatis
1471 751 1801 810 cancellarii
1832 751 2138 808 concilium

484 845 877 902 Florentiuum
911 859 1052 898 sess.
1085 844 1194 898 21:
1255 837 1558 916 Λεονάρδος
1617 841 1893 916 Ἀρετῖνος
1937 837 2138 908 ταύτης

483 937 587 1000 τῆς
616 928 835 992 πόλεως
866 926 1296 1006 καγκελλάριος.

559 1017 914 1093 Καλαμάριον
953 1019 1348 1088 calamarium,
1411 1019 1906 1075 atramentarium.
1939 1020 2004 1070 P.
2035 1015 2142 1070 382

487 1127 520 1169 ο
579 1109 632 1164 oi.
691 1105 748 1164 δὲ
801 1106 1039 1187 γραφέας
1107 1105 1358 1170 δόνακας.
1419 1108 1606 1166 Codex
1663 1107 1754 1164 (ΞΒ
1801 1103 2136 1178 καλαμάρια.

487 1200 634 1258 Vide
665 1201 788 1258 Meu
798 1201 1001 1256 rsium.

559 1287 973 1365 Καλαιρατίζειν.
1033 1292 1096 1344 P.
1179 1288 1284 1342 349
1343 1305 1377 1343 a
1433 1283 1800 1354 ἐπισκευάζειν
1887 1283 1956 1339 τὰ
2026 1287 2137 1338 τῶν

487 1373 786 1456 σκαφιδίων
819 1375 1114 1450 ὑπόσαθρα.
1159 1377 1345 1434 Codex
1403 1377 1492 1432 ΟΒ
1547 1371 1954 1451 καλαφατίζειν.
1993 1375 2140 1431 Pro-

482 1468 761 1526 vinciales
807 1468 1107 1539 gata/alar
1161 1467 1387 1534 dicunt,
1445 1466 1857 1523 commissuras
1902 1464 2137 1520 navium

483 1557 733 1614 rimasve
761 1556 1034 1612 solidare.
1065 1555 1203 1610 Vide
1230 1555 1564 1612 Meursium.

552 1641 884 1720 Καλόγηρος
919 1641 1192 1716 μονάζων,
1253 1645 1572 1700 monachus
1615 1660 1671 1714 p.
1731 1643 1837 1698 328
1869 1640 1925 1698 d.
1955 1640 2133 1698 Joan-

486 1751 592 1791 nes
615 1733 880 1790 Moschus
911 1733 1223 1788 Limouarii
1267 1749 1392 1804 cap.
1427 1734 1494 1786 27
1526 1748 1540 1787 :
1573 1728 1923 1804 Καλλόγηρε,
1963 1725 2054 1783 διὰ
2079 1728 2134 1782 τί

480 1819 670 1915 οὕτως
685 1824 912 1915 ποιεῖς)
943 1820 1238 1915 Palladius
1271 1821 1554 1915 Lausiacsa
1587 1836 1712 1892 cap.
1746 1819 1848 1875 103
1883 1835 1896 1874 :
1929 1815 2132 1891 Δακρύ-
2161 1849 2210 1915 Β

481 1930 576 1972 σας
609 1909 701 1964 οὗν
737 1907 1078 1984 καλόγηρος.
1112 1909 1260 1964 Vide
1297 1909 1582 1965 Iudicem.

555 1995 898 2072 Καμαλαύκα
937 1995 1059 2069 ἐρὲα
1123 2003 1226 2066 τῆς
1291 1995 1558 2074 κεφαλῆς,
1620 2013 1674 2069 p.
1734 1997 1842 2052 303
1897 1997 1956 2051 d.
1997 1995 2136 2054 Vide

479 2088 732 2146 Glossar.
759 2088 830 2143 ad
863 2085 1206 2143 Cedrenum.

559 2174 787 2248 Καμᾶρα
817 2173 969 2248 ἁψίς,
1003 2175 1212 2242 fornix,
1270 2192 1326 2244 p.
1385 2173 1486 2230 361
1541 2190 1576 2230 a
1634 2173 1768 2230 Vide
1806 2172 1990 2230 Gloss.
2029 2173 2130 2230 LL.

485 2265 862 2336 Antiquarum
895 2263 955 2319 in
985 2264 1252 2318 Camars.

559 2353 799 2426 Καμὲρα.
835 2351 1093 2426 Καμὲρας
1133 2349 1424 2428 κούφωμα,
1467 2369 1524 2423 p.
1553 2353 1626 2407 70
1667 2351 1722 2408 b.
1783 2351 1845 2406 iu
1901 2353 2134 2423 puriore

483 2441 682 2499 Graeco
716 2440 1018 2512 ὑπόνομος,
1067 2442 1282 2497 cloaca.

553 2527 928 2602 Καμπανίζειν
961 2527 1330 2597 ταλαντεύειν,
1371 2530 1710 2600 ponderare,
1744 2547 1799 2600 p.
1830 2529 1936 2584 344
1965 2530 2021 2583 d.

556 2617 788 2690 Κάμπος
819 2634 1076 2690 campus,
1111 2634 1166 2690 p.
1199 2620 1264 2674 31
1297 2635 1348 2675 a.
1380 2619 1539 2675 Idem
1595 2635 1651 2689 p.
1681 2618 1745 2672 51
1817 2615 1893 2678 εἷς
1931 2635 2134 2690 τραπε-

483 2704 654 2776 ζῶδες
695 2706 925 2782 χωρίον.
966 2707 1156 2764 Codex
1197 2708 1290 2763 (ΞΒ
1317 2703 1563 2780 κάμπον.
1603 2708 1742 2763 Item
1797 2724 1850 2776 p.
1889 2707 2010 2771 101,
2043 2704 2131 2759 ἐπὶ

480 2793 697 2852 πεδίου.
768 2798 926 2853 Idem
983 2797 1162 2852 codex
1225 2795 1470 2867 κάμπου.
1511 2797 1732 2852 Auctor
1787 2795 1878 2850 GB
1929 2791 2060 2856 ὅλος
2103 2795 2132 2849 6

481 2885 701 2958 κάμπος
760 2876 953 2960 ἔγεμεν
990 2881 1206 2957 ἂρματα
1270 2882 1361 2937 καὶ
1428 2880 1670 2956 δοξάρια.
1712 2883 1944 2957 Δοξάρια
1996 2887 2132 2940 sunt

481 2991 668 3032 arcus.
702 2974 840 3030 Vide
871 2973 1222 3030 Glossarium
1254 2973 1325 3028 ad
1357 2974 1702 3030 Cedrenum.

555 3059 881 3118 Κανικλείου
953 3061 1088 3132 τιμή
1151 3061 1392 3118 caniclei
1468 3063 1824 3134 praefectura,
1901 3078 2130 3119 summa

2263 573 2640 647 paedagogum
2681 573 2933 631 ﬁliorum
2967 575 3203 628 Thomas
3235 570 3542 642 Palaeologi
3589 588 3603 626 :
3646 569 3730 626 Νιὶ
3763 567 3892 625 ἱδοῦν

2255 656 2610 734 καρδινάλην.
2661 663 2928 720 Occurrit
2982 678 3136 734 sape
3191 660 3251 715 in
3291 661 3536 716 concilio
3577 659 3891 718 Florentino

2254 755 2312 805 et
2341 750 2586 808 Laonico
2630 750 3032 823 Chalcondyle.
3073 751 3217 804 Vide
3248 750 3319 804 de
3358 749 3450 804 his
3489 748 3796 804 Meursium
3842 755 3890 805 et

2253 835 2530 895 Vossium
2565 855 2869 912 nunquam
2903 841 3030 894 sine
3083 838 3254 894 laude
3309 838 3624 894 dicendum
3657 841 3723 892 de
3751 838 3888 896 vitiis

2252 931 2564 986 sermonis.

2323 1013 2520 1078 Κάσσις
2562 1018 2764 1074 cassis.
2798 1017 3213 1074 Constantinus
3245 1017 3303 1072 in
3341 1015 3592 1071 Tacticis
3626 1032 3640 1071 :
3697 1015 3884 1088 Ἐχέτω

2252 1100 2308 1158 δὲ
2347 1105 2376 1158 ὁ
2406 1104 2567 1174 πεζὸν
2605 1106 2695 1159 καὶ
2735 1101 3012 1164 κασσίδαν,
3046 1106 3116 1160 Et.
3160 1107 3228 1161 de
3285 1105 3752 1160 administrando
3791 1108 3885 1159 im-

2251 1195 2454 1264 perio:
2515 1193 2820 1270 Διηνοίχθη
2882 1194 3076 1268 μικρὸν
3126 1192 3190 1248 τὸ
3251 1196 3350 1248 τοῦ
3404 1189 3686 1248 κασσιδίου
3742 1193 3886 1248 αὐτοῦ

2248 1281 2504 1338 πέταλον.
2539 1283 2918 1354 Theophanes
2947 1286 3005 1338 iu
3065 1283 3330 1340 Heraclio
3364 1299 3378 1337 :
3408 1278 3650 1338 Ἕλαϐον
3687 1282 3750 1336 τὰ
3779 1281 3889 1336 λου-

2251 1369 2395 1444 ρίκια
2448 1371 2627 1426 αὐτῶν
2682 1371 2774 1426 καὶ
2831 1371 2926 1432 τὰς
2977 1367 3232 1432 κασσίδας
3300 1369 3390 1425 καὶ
3443 1369 3621 1426 πάντα
3675 1371 3740 1426 τὰ
3799 1369 3883 1444 ἄρ.

2251 1477 2411 1530 ματα.

2317 1543 2654 1603 Καστέλλιον
2731 1548 3054 1607 castellum.
3123 1547 3515 1621 Theophanes
3576 1565 3590 1603 :
3653 1549 3745 1604 Ἐκ
3793 1551 3878 1600 τοῦ

2243 1634 2570 1690 καστελλίου
2619 1634 2912 1707 ἀπέλυσαν,
2973 1639 3112 1694 item
3178 1635 3256 1698 εἷς
3313 1635 3375 1690 τὸ
3437 1635 3748 1710 Παπουρίου
3801 1657 3879 1690 κα-

2244 1722 2488 1782 στέλλιν.
2523 1725 2666 1782 Vide
2695 1727 3062 1783 Glossarium
3091 1727 3162 1782 ad
3196 1725 3550 1798 Cedrenum)

2319 1815 2535 1889 Κάστρα
2591 1811 2807 1874 πόλεις’
2859 1817 3039 1873 codex
3090 1815 3183 1872 GB
3235 1813 3462 1887 κάστρα.
3525 1813 3744 1872 Glossse
3799 1815 3880 1870 lsi-

2246 1905 2670 1978 dorizBurgos
2729 1910 2942 1962 castra.
2996 1903 3160 1960 Alias
3218 1903 3451 1979 κάστρον
3514 1905 3747 1974 ponitur
3790 1920 3876 1975 pro

2241 1993 2480 2050 castello
2509 2009 2610 2049 seu
2643 1993 2768 2050 loco
2800 1995 2988 2049 muris
3047 1993 3296 2048 munito.
3333 1997 3496 2048 Anna
3550 1993 3753 2048 Comn.
3785 1992 3871 2048 lib.

2239 2098 2336 2137 vm
2370 2101 2384 2140 :
2417 2079 2567 2136 Εἴσω
2603 2085 2702 2136 τοῦ
2729 2080 2964 2157 κάστρου
2995 2087 3051 2138 et
3079 2077 3276 2150 ἐξῆλθε
3329 2084 3427 2134 τοῦ
3456 2079 3713 2154 κάστρου.
3743 2082 3873 2137 Hinc

2237 2169 2666 2246 ἐρωτόκαστρον.
2727 2176 2940 2230 Auctor
3026 2173 3116 2228 CB
3171 2170 3266 2232 τὰς
3321 2168 3869 2247 πικρογλυκοχάριτα,

2237 2266 2334 2318 τοῦ
2363 2261 2772 2338 ἒρωτοκάστρου
2811 2262 3034 2320 τούτου.
3094 2265 3198 2320 Vel
3259 2281 3361 2335 pro
3419 2265 3630 2320 castris
3663 2264 3865 2332 ;Theo-

2239 2354 2459 2426 phanes
2491 2351 2544 2406 ἒν
2571 2357 2687 2414 τοῖς
2723 2353 2976 2428 κάστροις
3009 2353 3163 2424 ὑμῶν
3193 2350 3511 2426 εὑρίσκομεν
3541 2349 3751 2413 αὐτούς.

2309 2439 2689 2496 Καταλλάκται
2754 2435 3141 2496 κολλυϐισταῐ.
3203 2443 3395 2497 Codex
3455 2441 3546 2497 ΟΒ
3613 2437 3865 2494 γαταλλα-

2235 2531 2378 2587 κται.
2422 2532 2783 2588 Glossarium
2818 2549 2928 2588 ms.
2983 2525 3392 2606 ἀργυραμοιϐὸς
3451 2530 3480 2583 ὁ
3509 2527 3867 2597 καταλλάκτης

2235 2618 2272 2690 ἤ
2311 2619 2400 2674 καὶ
2431 2620 2458 2674 ὁ
2491 2618 2828 2694 χρυσοχόος.
2861 2623 2907 2676 Α
2937 2616 3324 2687 καταλλάττω,
3354 2619 3515 2692 quod
3543 2627 3632 2676 est
3659 2634 3865 2692 permu-

2243 2715 2300 2766 to
2309 2751 2324 2780 ,
2354 2709 2688 2778 changeurs.

2307 2797 2582 2874 Κάτεργον
2631 2797 2883 2856 triremis
2942 2815 2996 2870 p.
3058 2798 3126 2853 38
3167 2814 3216 2853 ο.
3271 2796 3425 2852 idem
3467 2813 3524 2869 p.
3585 2796 3650 2851 49
3701 2812 3732 2850 a
3781 2789 3861 2846 διὰ

2233 2890 2684 2961 ταχυναυτουσῶν
2715 2889 2882 2956 νηῶν.
2919 2887 3108 2943 Codex
3150 2886 3242 2943 ΟΒ
3287 2882 3586 2961 κατέργων.
3619 2884 3676 2938 ν.
3705 2899 3854 2938 eum-

2235 2976 2363 3032 dem
2399 2993 2454 3048 p.
2488 2977 2593 3032 230
2623 2977 2682 3044 b,
2725 2982 2780 3032 et
2811 2976 3068 3032 Iudicem
3119 2975 3181 3031 in
3239 2971 3418 3048 γόργα
3473 2973 3704 3047 κάτεργα.
3745 2973 3847 3024 Δυ-

2236 3069 2361 3120 ctor
2389 3063 2482 3120 (ΞΒ
2513 3061 2748 3138 κάτεργα
2801 3061 2909 3118 ἀπὸ
2972 3062 3072 3131 τήν
3117 3059 3370 3118 Βενετίαν
3399 3061 3490 3128 τὴν
3517 3059 3835 3130 πολυχρυσο-

485 3152 760 3223 dignitas.
812 3147 1148 3207 Κανικλείων
1179 3153 1263 3208 vel
1295 3151 1324 3205 6
1354 3148 1442 3204 ἐπὶ
1471 3148 1807 3218 κανικλείου,
1839 3168 1968 3222 pag.
1999 3152 2124 3220 176,

2245 3153 2426 3225 μένην.

482 3239 724 3296 cauiclei
756 3239 1078 3310 praefectus.
1119 3240 1234 3295 Leo
1271 3239 1726 3297 Grammaticus:
1759 3239 2128 3296 ΔουΑεύσαντα

483 3327 752 3400 πρότερον
794 3323 1066 3398 Βασιλείῳ
1099 3327 1382 3402 μαγίστρῳ
1410 3329 1498 3382 καὶ
1557 3325 1872 3402 κανικλείῳ.
1915 3331 2074 3386 Idem
2108 3347 2122 3386 :

471 3414 701 3489 Συμεὼν
743 3415 772 3469 ὁ
834 3413 924 3470 ἐπὶ
982 3418 1080 3470 τοῦ
1137 3412 1471 3472 κανικλειου.
1515 3417 1658 3475 Vide
1696 3418 1886 3474 Gloss.
1916 3420 1984 3474 ad
2019 3419 2125 3473 Ce-

472 3507 720 3562 drenum
753 3509 812 3560 et
843 3511 1008 3560 notas
1050 3505 1419 3575 posteriores.

544 3591 862 3668 Κανίσγειον
893 3610 998 3666 pro
1045 3591 1344 3665 κανίσκιον,
1393 3595 1674 3664 sportula,
1718 3595 2118 3664 honorarium,

473 3683 694 3739 donum
728 3700 786 3755 p.
820 3683 922 3738 331
993 3697 1044 3739 c.
1097 3685 1310 3738 Auctor
1364 3681 1456 3738 GB
1514 3684 1572 3738 in
1624 3684 1768 3752 Hist,
1804 3689 2015 3740 narrat.
2047 3687 2118 3742 de

461 3771 784 3828 Belisario:
835 3766 1123 3826 Ἔστειλαν
1191 3769 1433 3826 κανίσκια
1487 3769 1577 3826 καὶ
1611 3769 1778 3846 δῶρα.
1841 3774 1981 3830 Item
2011 3773 2111 3828 πό-

463 3879 558 3915 σον
595 3859 836 3914 κανίσκιν
869 3855 1064 3934 ἔφερον
1093 3857 1272 3914 αὐτοί.
1304 3859 1373 3917 V.
1405 3860 1572 3918 Joan.
1630 3861 1852 3918 Mosch.
1886 3862 2116 3920 Limon-

459 3967 510 4006 ο.
545 3951 670 4022 160,
702 3951 914 4006 Meurs.
941 3951 1012 4006 ad
1045 3951 1241 4007 Const.
1281 3951 1356 4006 De
1386 3936 1604 4006 admin.
1666 3952 1802 4022 imp.
1858 3969 1986 4023 cap.
2019 3954 2105 4008 46.

530 4038 850 4094 Καππάσιον
881 4036 1062 4094 πῖλον.
1096 4039 1158 4095 Ρ.
1191 4040 1261 4094 86
1295 4039 1347 4096 b.
1395 4040 1581 4094 Codex
1637 4040 1730 4096 (ΞΒ
1776 4042 2106 4099 καππαὶσιον.

455 4126 520 4182 In
563 4127 760 4182 Indice
819 4127 990 4182 etiam
1050 4127 1205 4196 legas
1263 4127 1626 4196 καππούζιον,
1666 4125 1854 4184 πῖλον.
1897 4134 2108 4186 Auctor

447 4215 540 4269 GB
600 4213 694 4268 καὶ
788 4211 956 4290 φὸρυν
1023 4212 1493 4288 παλαιογούνελον
1587 4215 1694 4270 ἀπὸ
1761 4213 1946 4270 πολλὰ
2009 4237 2104 4272 και

448 4302 705 4372 πούτζια.

523 4385 803 4467 Καράϐιον
846 4393 1060 4466 navigii
1121 4410 1304 4464 genus
1359 4412 1416 4467 p.
1479 4395 1548 4448 15
1601 4395 1657 4448 d.
1739 4395 1993 4452 Isidorus
2042 4398 2098 4454 in

449 4481 673 4540 Glossis
714 4501 728 4541 :
763 4483 1012 4540 Carahus
1045 4500 1218 4554 parva
1243 4483 1465 4555 scapha
1488 4499 1556 4540 ex
1587 4483 1798 4540 vimine
1818 4490 1877 4540 et
1922 4487 2096 4543 corio.

2307 3241 2911 3316 Κατηχουμενεῖαιοοα
2958 3241 3018 3296 ἱη
3074 3241 3291 3313 quibus
3322 3240 3552 3296 stabant
3595 3235 3838 3292 catechu-

2235 3334 2389 3388 meui
2423 3351 2477 3405 p.
2509 3332 2614 3386 294
2645 3349 2696 3388 c.
2737 3330 2973 3388 Collatio
3029 3333 3089 3388 S.
3144 3330 3378 3386 Maximi
3439 3327 3698 3400 martyris
3724 3339 3848 3379 cum

2230 3421 2553 3478 Theodosio
2584 3421 2774 3493 Episc.
2807 3422 3015 3477 Caesar.
3043 3421 3197 3476 inter
3247 3419 3609 3476 Collectanea
3637 3416 3855 3472 Anasta-

2229 3511 2302 3567 sii
2334 3528 2347 3566 :
2383 3513 2687 3566 Ascendunt
2737 3510 2807 3565 ad
2837 3527 2961 3566 eum
3016 3512 3077 3565 in
3131 3509 3604 3566 catechumenium
3633 3505 3856 3562 ecclesiae

2227 3601 2404 3670 ipsius
2431 3599 2774 3656 monasterii.
2791 3600 3140 3655 Anastasius
3161 3598 3510 3655 Bibliothec.
3533 3598 3590 3653 in
3622 3595 3866 3652 Historia

2225 3688 2668 3744 ecclesiastica:
2733 3689 2792 3742 Et
2845 3687 3277 3744 ascendentibus
3331 3703 3434 3759 per
3489 3700 3656 3744 aenea?
3701 3686 3869 3758 porta:

2220 3791 2507 3830 ascensum
2536 3777 2597 3830 in
2627 3775 3034 3831 catechumenia
3062 3776 3324 3833 ecclesias.
3363 3773 3468 3830 Alii
3531 3773 3750 3828 habent
3777 3788 3870 3828 ca-

2219 3865 2562 3920 techumena.
2595 3865 2826 3919 Simeon
2869 3863 3417 3920 Thessalonicensis
3447 3864 3731 3919 adversus
3759 3861 3868 3916 ha:-

2219 3969 2377 4009 reses
2407 3955 2558 4024 apud
2619 3953 2862 4008 Leonem
2915 3952 3188 4008 Allatium
3221 3953 3292 4008 de
3349 3952 3633 4008 Narthece
3661 3952 3872 4006 veteris

2217 4041 2482 4098 Ecclesia
2518 4059 2573 4112 p.
2603 4040 2668 4096 91
2731 4041 2871 4096 edit.
2931 4041 3114 4097 Paris.
3174 4039 3455 4114 Νάρθηκες
3505 4035 3566 4094 δὲ
3623 4034 3870 4112 λέγονται

2210 4129 2470 4198 ἤτοιτῶν
2509 4132 2644 4184 νεῶν
2699 4127 2870 4202 ἀρχαὶ
2927 4128 3018 4183 καὶ
3073 4132 3542 4204 κατηχουμενεῖα,
3574 4126 3705 4196 ἢτοι
3763 4130 3871 4182 τῶν

2211 4215 2650 4292 κατηχουμὲνων
2693 4218 2720 4272 ὁ
2754 4217 2928 4280 οἶκος.
2960 4220 3050 4274 Sic
3083 4221 3260 4275 etiam
3291 4218 3572 4275 scribitur
3603 4217 3664 4274 in
3695 4219 3874 4274 Chro-

2211 4308 2535 4380 nographia
2582 4308 2789 4364 Leonis
2826 4307 3222 4364 Grammatici.
3259 4308 3324 4363 V.
3365 4306 3605 4364 Meursii
3635 4306 3875 4364 Glossa-

2210 4397 2552 4539 mitigat
2585 4485 3025 4558 impedimenta,
3077 4485 3324 4541 sarcinas
3365 4502 3420 4555 p.
3449 4483 3558 4540 253
3587 4485 3650 4541 d.
3717 4485 3875 4540 Idem

445 4574 592 4631 Aliae
622 4575 841 4632 Glossas
876 4590 890 4630 :
925 4571 1180 4630 Carahus
1211 4573 1498 4630 navicula.
1531 4577 1748 4630 Auctor
1777 4575 1866 4631 GB
1897 4576 2104 4631 τεκτώ-

2245 4590 2346 4646 >ag.
2395 4574 2502 4628 253
2557 4557 2711 4629 circa
2776 4573 2975 4642 ﬁnem,
3029 4571 3129 4639 τὴν
3195 4568 3252 4626 δὲ
3306 4569 3620 4639 ἀποσκευὴν
3681 4575 3876 4629 πᾶσαν.

444 4682 610 4731 νησαν
641 4662 828 4717 ἑκατὸν
854 4655 1093 4736 καράϐια
1122 4660 1213 4716 καὶ
1273 4662 1549 4734 τριήρεις,
1591 4662 1729 4718 item
1773 4663 1874 4732 τήν
1937 4663 2098 4740 ὑγρὰν
2211 4662 2401 4718 Codex
2430 4661 2547 4729 ΕΒ,
2577 4661 2864 4715 κατώναν.
2898 4665 3105 4717 Auctor
3133 4660 3248 4726 GB,
3305 4657 3428 4735 ’Δφ’
3459 4656 3589 4712 ὅτου
3621 4655 3685 4713 δὲ
3734 4657 3879 4734 ivi-:6-

446 4749 735 4826 ἕπλήρωσε
773 4753 1006 4826 κάτεργα
1044 4751 1134 4806 καὶ
1191 4744 1448 4824 καράϐια.
1513 4751 1728 4808 θιοεεω
1773 4753 1866 4808 GB
1921 4754 2098 4811 Joan-
2209 4752 2376 4821 θησαν
2409 4749 2500 4804 καὶ
2529 4752 2720 4822 πεῖραν
2745 4747 2808 4802 τὸ
2836 4746 3104 4821 τραπέζῃ,
3145 4742 3394 4822 ἐμϐαίνει
3445 4747 3547 4815 τὴν
3598 4747 3874 4802 κατοῦνὰν

444 4843 537 4896 nis
584 4843 773 4898 Vossii
827 4843 934 4898 viri
994 4840 1420 4897 eruditissimi:
1481 4839 1900 4913 Ἀνερμάτιστο,
1947 4846 2096 4911 ναῦς,

2245 4860 2288 4902 ις
2317 4845 2418 4908 τῆς
2449 4833 2802 4914 φεδροκάζας.
2832 4836 2978 4894 Vide
3008 4837 3286 4892 Iudicem.

436 4925 670 4998 καράϐιν
712 4924 1120 5004 ἀσαϐούρωτον.
1179 4929 1290 4986 Leo
1328 4929 1750 4986 Graminaticus
1785 4947 1798 4984 :
1830 4928 2095 5002 Ἐξῆλθον

2278 4926 2726 4983 Κατουνοτόπιον
2780 4926 2975 4994 σκηνή,
3023 4925 3362 4996 tentorium,
3412 4924 3874 4983 tabernaculum

435 5017 540 5068 τοῦ
597 5011 884 5088 καραϐιου.
926 5019 1072 5075 Hinc
1131 5011 1497 5090 καραϐοποιΐα
1555 5018 1763 5074 Leonis
1819 5019 1979 5076 Tact.
2041 5038 2090 5078 c.

2247 5059 2260 5072 .
2291 5019 2400 5072 240
2431 5019 2488 5074 b.
2524 5019 2666 5076 Vide
2705 5016 3047 5074 Meursium.

435 5103 527 5172 20,
569 5103 716 5176 §71,
749 5110 808 5162 et
834 5099 1266 5179 πρωτοκάραὸος
1308 5107 1719 5162 navicularius.
1770 5111 1838 5163 V.
1897 5111 2090 5170 eumd.

2275 5103 2561 5162 Καύκαλον
2593 5107 2998 5163 simulacrum.
3034 5119 3090 5174 p.
3140 5103 3212 5158 95
3267 5103 3304 5158 d
3361 5098 3620 5175 χελώνης
3683 5101 3874 5174 μίμη-

436 5191 613 5247 Leon.
647 5206 698 5248 c.
731 5193 818 5259 19,
849 5195 877 5262 §
904 5195 960 5247 8.
991 5195 1322 5263 Constant.,
1354 5195 1434 5250 De
1464 5194 1619 5250 adm.
1670 5194 1808 5266 imp.
1842 5213 1966 5269 cap.
1996 5200 2088 5255 51.

2247 5211 2300 5249 α·
2333 5197 2510 5252 codex
2567 5196 2659 5252 (ΞΒ
2715 5191 3012 5250 καύκαλον.
3074 5192 3214 5248 Vide
3251 5195 3446 5247 tamen
3502 5188 3874 5248 Salmasium

507 5277 872 5356 Καρδινάριος
915 5282 1002 5338 vel
1033 5278 1354 5356 καρδινάλις
1411 5285 1726 5342 cardinalis
1766 5303 1823 5358 p.
1854 5289 1984 5356 401,
2035 5308 2084 5348 c.

2249 5283 2362 5341 otis
2391 5284 2450 5340 in
2489 5285 2859 5358 Spartianum
2890 5301 2946 5355 p.
2976 5281 3080 5338 152
3108 5279 3302 5338 collat.
3333 5283 3388 5336 2.

431 5371 689 5430 Joannes
719 5371 846 5428 VIII
889 5373 959 5427 ad
1013 5372 1186 5427 Basil.
1236 5373 1431 5429 Const.
1483 5379 1540 5430 et
1598 5373 1758 5432 Alex.
1817 5378 1984 5450 epist.
2022 5381 2088 5438 Ut

2267 5383 2507 5456 Καῦχος.
2535 5385 2600 5438 Ρ.
2652 5384 2753 5439 313
2789 5383 2825 5438 d
2867 5379 3100 5456 ἐραστὴς
3141 5374 3333 5446 αὒτῆς.
3367 5377 3554 5433 Codex
3585 5375 3690 5432 GD
3734 5379 3882 5431 καῦ-

424 5471 549 5533 rost
576 5463 740 5529 huius
767 5462 1106 5534 patriarchae
1128 5463 1334 5518 obitum
1365 5461 1562 5518 nullus
1575 5463 1644 5518 de
1676 5463 1843 5522 laici:
1871 5467 1964 5524 vel
1986 5487 2085 5525 cu-

2245 5490 2298 5532 ος
2326 5469 2418 5526 καὶ
2449 5469 2642 5548 φύλος.
2679 5472 3013 5544 Legendum
3046 5469 3286 5525 videtur
3313 5469 3516 5526 καῢκος
3541 5461 3634 5518 καὶ
3667 5463 3880 5538 φίλος,

427 5550 665 5606 rialibus
719 5553 780 5606 in
831 5549 1240 5620 patriai-citatus
1299 5551 1537 5621 eiigatur
1587 5553 1672 5607 vet
1736 5563 2085 5614 consecretur
2196 5567 2260 5618 ut
2287 5563 2487 5620 κκῦκος
2520 5561 2596 5616 sit
2623 5561 2870 5627 amicus,
2917 5561 3071 5616 sicut
3125 5559 3300 5610 καῦκα
3331 5555 3543 5622 amica,
3575 5554 3881 5610 concubi-

421 5640 650 5706 honore,
683 5640 800 5696 nisi
827 5639 895 5694 de
922 5637 1302 5693 cardinatibus
1321 5637 1669 5708 presbyteris,
1701 5649 1807 5697 etc.
1840 5645 2080 5706 Photius

2245 5669 2284 5708 ι.
2319 5651 2812 5724 Astrampsychus
2871 5647 2926 5704 ἰν
2954 5651 3036 5720 τῷ
3088 5644 3879 5723 Πυθαγορικῷλαζευτηριῳ·

415 5729 732 5800 patriarcha
768 5729 850 5784 ita
895 5725 1091 5782 Graece
1147 5729 1452 5792 convertit,
1499 5724 1564 5780 ἐκ
1616 5729 1724 5780 τῶν
1781 5728 2076 5804 πρεσϐυτὲ-

2270 5735 2444 5800 αἰτίας
2473 5740 2582 5792 τῶν
2609 5735 2818 5792 παίδων
2849 5737 2941 5794 καὶ
2977 5743 3080 5806 τῆς
3112 5736 3339 5800 καύκας.
3371 5738 3505 5802 Quae
3557 5739 3616 5792 et
3649 5735 3876 5809 μαύκα.

420 5831 530 5892 ρων
575 5822 682 5873 τῶν
737 5811 1132 5894 καρδιναλίων.
1175 5817 1311 5874 Vide
1357 5832 1457 5872 vm
1495 5817 1704 5886 synod.
1745 5818 1848 5877 ΟΡ.
1879 5837 1939 5894 p.
1971 5830 2078 5887 166

2245 5829 2330 5886 ide
2360 5829 2642 5886 Iudicem.
