4120 6284
306 401 461 460 1073

1575 391 1774 451 FABR
1787 388 1914 450 ΟΤΙ
1958 387 2252 449 GLOSSA
2269 390 2492 453 RIUM.

3569 401 3723 460 10⁷4

377 526 642 587 Κελλίον.
686 530 745 584 Ρ.
802 529 906 583 326
961 545 992 582 a
1055 527 1122 579 τὰ
1150 521 1238 579 ἒπὶ
1281 529 1381 592 τῆς
1423 521 1706 598 Θεραπείας
1748 515 1926 591 λειογέ

2085 603 2092 604 7
2145 520 2435 593 Κοντάριον
2485 532 2709 591 contus,
2771 525 2937 581 basta
2991 542 3025 598 p
3105 526 3177 580 23
3234 543 3287 594 c,
3330 523 3726 604 δεξιοστροφεῖν

303 642 418 677 νεια
480 619 759 693 μειράκια.
803 619 991 674 Codex
1048 617 1170 684 GB,
1227 613 1302 668 Τὰ
1357 615 1458 667 τοῦ
1510 608 1740 665 κελλίου
1800 608 1965 661 αὐτοῦ

305 706 673 765 παιδοποῦλα.
715 709 785 762 Et
840 725 896 778 ρ.
927 707 1052 770 342,
1115 704 1226 777 Πρὸ
1284 708 1382 772 τῆς
1428 698 1706 769 βασιλείου
1743 695 1955 765 κλίνης.

307 802 492 858 Codex
524 799 614 854 GB
656 798 832 852 habet
868 813 880 850 :
918 793 1156 850 Κελλίου
1186 796 1284 846 τοῦ
1323 795 1584 852 κοιτῶνος
1608 787 1794 842 αὐτοῦ.
1828 787 1960 842 ΜΟ-

311 890 625 959 schopulus
657 886 780 960 περὶ
809 882 962 960 σχεδσ
1000 881 1232 939 Κελλίον
1269 885 1463 940 κοινῶς
1494 880 1556 934 τὸ
1613 878 1740 952 παρ’
1793 877 1962 932 Ἀττι-

305 985 422 1039 κοῖς
456 976 751 1048 δωμάτιον,
796 977 928 1030 item
989 973 1187 1028 κοιτὼν
1227 973 1689 1045 καταχρηστικῶς
1749 967 1810 1020 τὸ
1851 985 1962 1018 κοι-

301 1075 406 1130 νῶς
439 1067 736 1141 λεγόμενον
769 1063 1017 1133 κελλίον,
1042 1063 1371 1120 cubiculum
1399 1063 1598 1118 lectus.

374 1156 757 1229 Κεντηνάριον,
820 1153 1236 1211 centenarium.
1303 1150 1682 1220 TheOphanes
1741 1165 1753 1202 :
1815 1144 1954 1199 Φασὶ

299 1248 406 1323 γὰρ
438 1246 598 1300 αὐτὸν
648 1244 811 1320 χίλια
849 1244 914 1296 τὰ
970 1242 1292 1314 κεντηνάρια
1351 1236 1765 1302 δεδαπανηκέναι
1824 1253 1956 1309 χρυ-

296 1335 414 1390 σίου
447 1333 498 1388 ἒν
528 1333 708 1404 τούτῳ
739 1336 818 1402 τῷ
851 1329 1057 1402 στόλῳ.
1088 1330 1398 1398 Gregorius
1427 1325 1948 1392 Turonensis,hist.

292 1442 350 1492 v,
379 1441 505 1494 cap.
541 1424 608 1476 19
644 1439 657 1477 :
707 1423 1043 1476 Thesaurum
1073 1420 1358 1474 habentem
1411 1433 1580 1488 supra
1634 1414 1794 1470 mille
1823 1419 1952 1470 auri

296 1523 632 1569 centenaria.
668 1509 971 1582 Appendix
1005 1525 1018 1564 :
1054 1509 1402 1579 Recipiebant
1457 1507 1573 1560 tria
1629 1504 1950 1559 centenaria

292 1603 424 1658 auri
453 1600 618 1656 annis
642 1599 898 1670 singulis.
932 1597 1076 1652 Vide
1111 1597 1318 1654 lsidor.
1348 1612 1464 1660 xv1,
1485 1594 1586 1661 24;
1609 1593 1947 1662 Procopium

294 1697 458 1764 Περσ.
501 1697 567 1743 α’.

366 1775 699 1855 Κεφαλάδαι.
735 1779 796 1835 Ρ.
828 1778 934 1832 209
966 1794 998 1832 a
1045 1774 1097 1828 οἱ
1152 1773 1250 1836 τὰς
1309 1769 1608 1844 δημοσίους
1641 1772 1943 1839 ἀναζωννυ-

299 1869 451 1940 μὲνοι
504 1867 700 1941 ἀρχάς.
763 1867 952 1921 Codex
1007 1865 1119 1930 GB,
1174 1857 1494 1939 κεφαλάδαι.
1559 1864 1772 1915 Auctor
1828 1860 2020 1944 GB,B

293 1959 392 2014 Καὶ
418 1959 575 2030 πεῖρε
627 1956 717 2010 καὶ
747 1955 878 2015 τοὺς
911 1953 1180 2027 ἄρχοντας
1212 1955 1398 2004 πασῶν
1431 1953 1538 2003 τῶν
1573 1946 1940 2003 καστελλείων

290 2047 379 2102 καί
409 2041 720 2124 κεφαλάδας
771 2042 863 2104 οὕς
923 2041 1068 2116 εἶχεν
1139 2039 1244 2108 ὅλη
1303 2041 1338 2108 ἡ
1375 2037 1722 2112 Ἐγκλιτέρα.
1755 2040 1860 2104 Qui
1892 2047 1944 2095 et

293 2137 584 2191 καπετάνοι
617 2135 702 2191 vel
734 2133 1067 2189 καπιτάνιοι.
1107 2139 1324 2186 Auctor
1353 2131 1464 2196 GB,
1527 2131 1581 2182 in
1633 2130 1776 2183 Hist.
1814 2137 1939 2184 nal-

285 2233 394 2283 rat.
444 2227 514 2281 de
574 2223 898 2280 Belisario:
961 2219 1058 2273 Καὶ
1116 2218 1413 2273 καπετάνον
1471 2218 1689 2286 ποιήσω
1747 2237 1803 2270 σε
1861 2215 1941 2281 ἐφ’

284 2315 422 2384 ὃλην
482 2315 581 2382 τὴν
643 2307 914 2385 ἀρμάδαν.
958 2310 1279 2368 Concilium
1341 2307 1732 2363 Florentinum
1793 2324 1939 2362 sese.

282 2407 353 2460 25
387 2399 690 2460 ε’Έστειλα
714 2400 813 2474 γὰρ
851 2400 988 2453 κατά
1025 2399 1117 2452 τὸν
1177 2396 1364 2470 καιρὸν
1417 2392 1739 2448 καπετάνιον
1773 2393 1824 2448 ἐν
1870 2397 1939 2468 τῇ

286 2493 500 2562 Βενετίᾳ
560 2490 845 2563 ἑτοιμάσαι
937 2487 1192 2564 κάτεργα.
1246 2486 1560 2557 Capitanci.
1621 2484 1935 2541 Concilium

289 2583 644 2653 Ephesinum
704 2587 814 2636 act.
851 2581 934 2634 7:
993 2575 1562 2646 Magniﬁcentissimus
1618 2576 1940 2644 capitaneus

288 2673 539 2745 principi
567 2676 616 2726 et
664 2672 806 2726 clero
865 2671 1105 2740 scripsit.
1166 2667 1306 2721 Vide
1336 2666 1518 2722 Gloss.
1553 2665 1622 2722 ad
1655 2666 1817 2722 Cedr.
1878 2665 1936 2720 in

285 2760 573 2814 καπετάνοι
615 2769 665 2816 el
700 2761 954 2815 Indicam
989 2759 1048 2812 in
1077 2752 1410 2831 κεφαλάδας.

362 2846 676 2925 Κεφαλάρεα
707 2856 1000 2903 armatura
1029 2846 1236 2918 capitis
1267 2860 1573 2915 equorum.
1615 2844 1676 2900 V.
1723 2845 1932 2900 Meurs.

357 2934 806 3008 Κεφαλατικεύειν
849 2937 1056 2991 ducere
1089 2934 1410 2990 cohortem.
1441 2932 1510 2988 V.
1565 2932 1819 2988 Indicam
1873 2932 1932 2988 in

281 3022 607 3102 κεφαλάδας.

357 3112 768 3191 Κεφαλατίκιον.
828 3115 996 3170 Joan.
1048 3113 1282 3168 Cantac.
1315 3129 1356 3178 ι,
1415 3112 1530 3166 48τ
1591 3108 1932 3180 Ἀπεστάλης

277 3205 353 3265 εἷς
394 3204 456 3257 τὸ
491 3202 678 3266 αὐτόοι
719 3199 1124 3280 κεφαλατίκιον.
1159 3200 1224 3254 V.
1261 3199 1686 3272 Capitaneatus.

352 3289 679 3365 Κλεισοῦραι
732 3287 1057 3363 δυσχωρίαι,
1102 3289 1371 3350 clusurzs,
1423 3287 1650 3355 angusti
1709 3287 1920 3341 aditus.

278 3384 602 3454 Procopius
631 3379 754 3454 περὶ
816 3377 1123 3451 κτισμάτων
1155 3377 1220 3451 γ’.
1254 3375 1466 3432 Τούτου
1497 3372 1553 3428 δὲ
1580 3379 1680 3428 τοῦ
1711 3374 1923 3453 χωρίου

276 3471 542 3538 ἐπέκεινα,
604 3471 730 3524 ’ὀσον
799 3467 858 3522 ἐκ
930 3467 1173 3539 σημείων
1257 3466 1401 3520 ὀκτὼ
1481 3465 1736 3537 μάλιστα,
1821 3459 1922 3539 ὄρη

275 3561 532 3632 ἀπότομα
605 3558 696 3611 καὶ
752 3557 1086 3611 παντάπασιν
1173 3551 1441 3624 ἀδιέξοδα,
1524 3553 1766 3626 ξυνιόντα
1849 3553 1925 3614 εἰς

275 3646 500 3719 ἄλληλα
568 3647 878 3710 στενωποὺς
935 3645 1323 3721 ἀπεργάζονται
1383 3641 1478 3697 δύο
1549 3641 1791 3721 ἄγχιστά
1847 3664 1922 3713 πη

273 3737 549 3809 ἀλλήλοιν
608 3734 786 3804 ὄντας,
846 3737 1048 3810 οὒσπερ
1114 3735 1428 3807 νενομίκασι
1480 3731 1801 3808 κλεισούρας
1839 3755 1924 3788 κα-

277 3827 412 3884 λεῖν.
449 3828 808 3885 Glossarium
861 3843 946 3882 ms
981 3844 993 3882 :
1027 3819 1303 3897 Ἐμϐολή,
1354 3820 1668 3896 κλεισοῦρα,
1714 3819 1925 3884 ε’ἰσοδος

274 3917 616 3976 στενότατος.
650 3915 1056 3988 Theopbylact.
1107 3915 1316 3970 Simoc.
1370 3914 1515 3968 Hist.
1551 3913 1790 3968 Mauric.
1825 3930 1924 3981 vn,

273 4024 398 4078 cap.
434 4010 518 4062 14.
558 4014 719 4061 Anna
749 4007 952 4060 Comn.
996 4004 1095 4058 lib.
1147 4019 1202 4057 v.
1238 4003 1426 4058 Gloss.
1474 4003 1544 4057 ad
1580 4003 1922 4058 Cedrenum.

345 4091 615 4151 Κλίϐανον
699 4095 784 4150 vel
862 4087 1148 4146 κλιϐάνων
1237 4090 1437 4147 lorica.
1507 4091 1925 4146 Constantinus

273 4185 627 4257 Porphyrog.
659 4185 720 4240 in
750 4182 1000 4239 Tacticis
1035 4199 1048 4238 :
1079 4180 1177 4233 Τὸν
1201 4176 1258 4234 δὲ
1276 4173 1651 4252 καϐαλλάριον
1686 4177 1923 4251 ἐξώπλι-

276 4276 362 4341 ζον
395 4272 682 4348 λωρικίοις
739 4271 829 4326 καὶ
859 4265 1167 4329 κλιϐανιοις
1206 4265 1243 4337 ἤ
1275 4265 1526 4342 σιδηροῖς
1567 4264 1603 4337 ἤ
1647 4267 1750 4324 ἀπὸ
1788 4269 1921 4340 κρά-

270 4381 378 4415 των
412 4359 834 4435 πεπλεγμὲνοις.
889 4360 1034 4416 Hinc
1065 4351 1437 4432 κλιϐανάριοι,
1499 4359 1568 4414 de
1617 4359 1824 4429 quibus
1863 4360 1923 4415 in

276 4452 464 4506 Gloss.
498 4451 755 4506 Nomicu.

349 4539 536 4611 Κόμης
565 4556 777 4608 comes,
811 4558 867 4609 ρ,
915 4541 1041 4610 243,
1104 4538 1170 4594 O't
1233 4540 1332 4592 τοῦ
1387 4535 1586 4591 στόλου
1624 4541 1721 4592 τοῦ
1765 4539 1918 4612 βασι-

277 4626 438 4689 λέως·
471 4630 621 4685 alius
651 4631 826 4686 codex
859 4646 874 4687 :
909 4628 976 4684 Oi.
1026 4630 1124 4682 τοῦ
1185 4624 1473 4701 βασιλικοῦ
1513 4625 1711 4681 στόλου
1743 4627 1922 4700 κόμη-

268 4738 378 4783 τες,
414 4719 802 4788 imperatoriaa
836 4719 1041 4773 classis
1100 4716 1356 4772 comites.
1408 4716 1550 4772 Vide
1609 4719 1922 4774 Meursium

265 4809 326 4864 in
351 4826 402 4864 ν.
435 4807 640 4878 κόμης,
672 4814 729 4862 et
759 4808 961 4863 Codin.
996 4807 1067 4860 de
1096 4805 1247 4860 ofﬁc.

339 4897 757 4967 Κομμερκεῦσαι
815 4891 1147 4962 τελωνῆσαι.
1200 4888 1550 4966 Κομμὲρκιον
1627 4895 1782 4950 enim
1839 4903 1924 4952 est

268 4987 574 5042 tributum.
619 4985 874 5048 Nicetas,
927 5001 980 5055 p.
1041 4983 1168 5048 247,
1221 4981 1309 5034 καὶ
1367 4979 1432 5033 τὰ
1486 4978 1656 5034 πλοῖα
1714 4981 1924 5038 τούτων

266 5069 708 5148 ἠργυρολόγουψ
743 5073 923 5128 codex
952 5072 1044 5127 GB
1075 5065 1460 5143 ἐκομέρκευον,
1494 5076 1666 5126 Anna
1723 5076 1920 5130 Coum.

266 5162 526 5221 Alexiad.
561 5177 614 5215 v1
645 5176 658 5215 :
690 5159 797 5228 Τήν
856 5157 1150 5234 ἐμπορείαν
1208 5157 1393 5218 αὐτοῖς
1459 5158 1696 5230 ἀζήμιον
1727 5158 1886 5230 ἐποιή

265 5273 398 5309 σατο
467 5253 518 5306 ὲν
579 5250 776 5310 πάσαις
843 5255 963 5312 ταῖς
1030 5249 1133 5304 ὑπὸ
1188 5248 1286 5314 τὴν
1355 5246 1594 5316 ἐξουσίαν
1632 5249 1921 5321 Ῥωμαίων

267 5343 510 5418 χώραις,
540 5337 680 5394 ὥστε
723 5338 918 5400 άνέτως
955 5335 1348 5410 ἐμπορεύεσθαι
1407 5338 1494 5390 καὶ
1561 5339 1695 5391 κατὰ
1731 5339 1792 5392 τὸ
1825 5339 1920 5392 αὐ-

264 5437 380 5492 τοῖς
415 5429 706 5504 βουλετὸν,
769 5429 908 5502 μήτε
964 5427 1059 5498 μὲν
1120 5425 1250 5498 ὑπὲρ
1290 5424 1623 5498 κουμερκίου
1655 5424 1690 5494 ἤ
1741 5427 1924 5498 ἒτὲρας

267 5519 412 5579 τινὸς
453 5520 785 5592 εἰσπράξεως
838 5521 919 5587 τῷ
976 5513 1230 5584 δημοσίῳ
1271 5512 1728 5584 εἰσκομιζομένης
1758 5513 1925 5586 παρέ-

270 5624 391 5680 χειν
424 5605 556 5679 ἄχρι
603 5608 693 5660 καὶ
737 5600 944 5660 ὀϐολοῦ
986 5601 1100 5662 ab;
1153 5601 1282 5672 ὑπὲρ
1341 5602 1690 5672 κουμερκίου,
1723 5606 1923 5659 tributi

275 5695 528 5747 nomine.
557 5696 618 5748 1n
653 5694 973 5764 diplomate
1006 5687 1320 5742 Andronici
1356 5688 1612 5741 Junioris
1646 5705 1658 5740 :
1704 5689 1799 5742 Καὶ
1842 5687 1922 5742 δι.

273 5776 442 5834 δῶσιν
512 5781 674 5854 χάριν
740 5777 1041 5851 κομερκίου
1083 5775 1158 5833 εἷς
1200 5772 1479 5840 ποσότητα
1537 5778 1924 5848 νουμισμάτων

274 5867 463 5924 ἱκατὸν
505 5869 852 5941 νουμίσματα
885 5866 1002 5922 δύο.
1045 5862 1188 5916 Vide
1235 5861 1589 5916 Glossarium
1633 5867 1703 5921 ad
1756 5868 1924 5923 Cedr.

2078 603 2320 681 δοράτια.
2389 611 2578 668 Codex
2631 614 2742 680 GB,
2826 613 3106 685 κοντάρια.
3177 615 3532 671 Glossarium
3613 603 3722 676 ms.

2075 692 2272 768 δόρατα
2303 697 2369 752 τὰ
2406 700 2684 770 κοντάρια,
2729 700 3020 779 λογχάρια,
3055 703 3191 758 item
3235 703 3412 774 ξυστοῖ
3474 705 3541 758 τὰ
3594 725 3720 760 κον-

2069 784 2245 858 τάρια.
2292 789 2622 844 Eustathius
2667 793 2733 846 ad
2768 792 2976 862 Odyss.
3011 809 3028 846 ι
3060 810 3079 846 :
3137 789 3312 860 Δῆλον
3370 789 3426 846 δὲ
3480 791 3564 847 ὅτι
3629 796 3719 849 τὸν

2070 873 2303 946 ῥηθέντα
2334 878 2637 952 Ὁμηρικὸν
2696 879 2884 933 κοντὸν
2945 879 3006 932 τὸ
3064 881 3192 954 παρ’
3250 881 3388 952 ἡμῖν
3426 883 3718 954 κοντάριον

2015 964 2024 981 '
2070 961 2372 1035 ὑπεκόρισε.
2407 969 2944 1040 Astrampsychus:
2999 969 3093 1023 Καὶ
3157 970 3364 1043 μακρόν
3417 991 3469 1023 τι
3521 971 3716 1040 ὅμοιον

2065 1052 2350 1127 κονταρίῳ.
2394 1055 2780 1128 Menologium
2825 1075 3010 1113 mens.
3043 1061 3177 1128 Apr.
3235 1061 3291 1113 d.
3323 1061 3414 1114 23.
3451 1061 3554 1116 Leo
3603 1063 3714 1118 Ta-

2063 1144 2195 1198 ctic.
2238 1162 2362 1216 cap.
2401 1147 2485 1212 12,
2519 1148 2661 1216 §50.
2695 1148 3054 1204 Constantin.
3098 1148 3157 1204 in
3186 1149 3343 1205 Tact.
3391 1167 3443 1219 p.
3483 1151 3538 1207 6.
3591 1152 3715 1208 Mo-

2063 1233 2382 1304 schopulus
2413 1233 2536 1308 περὶ
2569 1231 2723 1312 σχεδ’
2759 1233 2898 1309 Δόρυ
2935 1236 2998 1290 τὸ
3026 1236 3331 1310 κοντάριον,
3355 1238 3492 1294 item
3526 1239 3712 1314 λόγχη

2059 1319 2122 1373 τὸ
2169 1321 2476 1395 κοντάριον.
2546 1325 2894 1380 Scholiastes
2951 1325 3214 1396 Oppiani,
3274 1345 3328 1396 p.
3390 1328 3461 1381 70
3517 1335 3568 1384 et
3623 1330 3712 1384 90.

2058 1407 2206 1466 Hinc
2236 1411 2571 1485 κονταράτος
2599 1419 2770 1470 conto
2794 1409 3075 1470 armatus.
3105 1413 3217 1471 Leo
3248 1418 3302 1471 d.
3336 1418 3364 1484 §
3391 1416 3461 1470 50
3492 1420 3547 1471 et
3574 1421 3600 1487 ξ
3625 1418 3713 1484 41,

2058 1501 2112 1553 et
2154 1515 2276 1569 cap.
2316 1501 2403 1569 18,
2435 1503 2465 1574 §
2493 1503 2583 1555 27.

2129 1589 2597 1668 Κονταρεξίφαρον
2639 1611 2695 1664 ρ.
2728 1593 2836 1647 259
2865 1609 2918 1663 a,
2945 1593 3004 1648 in
3037 1594 3232 1650 codice
3277 1594 3369 1650 GB
3401 1594 3714 1666 exponitur

2059 1675 2244 1752 βέλος,
2277 1682 2501 1750 sagitta.

2127 1767 2334 1829 Κόντος
2367 1771 2482 1825 dux
2516 1772 2820 1840 exercitus,
2855 1771 2942 1828 vel
2985 1789 3204 1841 comes,
3262 1779 3452 1839 comta,
3515 1792 3568 1845 p.
3613 1775 3706 1828 198

2054 1859 2111 1915 b.
2138 1859 2500 1931 Nicephorus
2523 1861 2824 1930 Gregoras,
2849 1862 2948 1918 lib.
2983 1880 3061 1918 II:
3094 1859 3306 1916 Κόντου
3337 1860 3704 1940 Κεφαληνίας.

2053 1954 2269 2003 Auctor
2299 1949 2390 2004 (ΞΒ
2420 1954 2520 2016 τῆς
2549 1945 2715 2015 δύσης
2776 1950 2828 2003 οἱ
2883 1949 3150 2020 αὐθέντες,
3212 1948 3460 2024 ῥηγάδις,
3493 1950 3697 2019 κόντοι,

2049 2036 2365 2108 πρίγκιποι,
2401 2033 2682 2104 δουκάδες,
2713 2032 3104 2112 καϐαλλάριοι.

2122 2125 2434 2199 Κούκουρον
2525 2123 2782 2201 γορυθὸς,
2871 2129 3061 2185 theca.
3141 2130 3560 2186 Constantinus
3643 2132 3701 2186 in

2047 2221 2202 2273 Τυϐὶ.
2239 2216 2370 2272 Οἴον
2414 2215 2636 2290 τοξάρια
2687 2216 2821 2288 μετὰ
2888 2217 3160 2290 θηκαρίων
3226 2218 3421 2289 αὐτῶν,
3455 2218 3702 2292 σαγίττας

2052 2300 2189 2373 μετὰ
2217 2300 2554 2376 κουκούρων.
2591 2304 2734 2360 Vide
2766 2311 2932 2361 notas
2977 2309 3044 2361 ad
3075 2308 3355 2362 Joannem
3393 2307 3700 2364 Cantacuz.

2047 2409 2101 2462 p.
2134 2392 2260 2447 998.

2119 2477 2326 2534 Κούλα.
2361 2483 2425 2536 In
2458 2482 2654 2539 codice
2686 2482 2800 2549 GB,
2833 2486 2894 2538 ut
2926 2484 3098 2540 refert
3116 2484 3366 2542 Wolﬁus
3397 2485 3456 2542 in
3482 2486 3696 2542 variis:

2042 2565 2380 2641 Ἀκρόπολις
2412 2569 2472 2625 in
2498 2571 2732 2642 puriore
2761 2574 2981 2628 Grmco.
3015 2574 3077 2630 ν.
3110 2575 3442 2630 Meursium.

2115 2655 2456 2729 Κουμπανία.
2523 2658 2583 2714 Ρ.
2642 2659 2748 2714 293
2801 2659 2834 2714 b
2889 2676 2903 2714 :
2962 2661 3236 2732 Φρατρίαν
3297 2659 3384 2714 καὶ
3442 2660 3695 2731 σύστημα

2041 2745 2424 2818 ποιησάμενοι.
2493 2746 2683 2802 Codex
2769 2747 2884 2815 GB,
2981 2747 3304 2820 Κουμπανία
3370 2748 3467 2820 μία
3547 2747 3692 2822 γινό-

2045 2854 2216 2907 μενοι.

2111 2922 2312 2978 Κουνία
2349 2921 2655 2997 σπάργανα,
2686 2924 2999 2982 cunabula.

2110 3025 2453 3097 Κούντουρος
2514 3041 2719 3096 equus.
2776 3027 2914 3096 Pag.
3001 3025 3092 3092 69,
3152 3022 3303 3081 Μετὰ
3340 3031 3684 3099 κουντούρων

2037 3112 2127 3167 καὶ
2158 3112 2373 3186 ἀλόγων
2398 3107 2726 3186 Ἀραϐικῶν.
2761 3114 2854 3170 Sic
2888 3116 3024 3187 legit
3057 3115 3364 3171 Meursius.
3392 3116 3693 3185 Fragmen-

1965 3208 2162 3307 ctum
2235 3220 2346 3258 ms.
2408 3203 2537 3276 Περὶ
2603 3199 2980 3270 πηλικότητος
3019 3206 3128 3256 τῶν
3197 3201 3429 3278 μέτρων·
3496 3204 3586 3257 καὶ
3653 3205 3688 3272 ἠ

2036 3294 2163 3366 παρ’
2219 3294 2352 3364 ἡμῖν
2396 3291 2782 3364 ἐπινενοημὲνη
2823 3291 2900 3353 εἷς
2961 3292 3256 3368 ὑπουργίαν
3298 3294 3404 3348 τῶν
3474 3292 3690 3368 βασιλι-

2026 3385 2138 3434 κῶν
2189 3381 2531 3453 προστάξεων
2574 3379 2794 3454 ἄλλαγή
2839 3377 2929 3434 διὰ
2995 3384 3105 3434 τῶν
3137 3380 3480 3456 κουντούρων
3527 3381 3690 3453 μίλια

2027 3470 2072 3523 δ’
2103 3469 2274 3543 ἤγουν
2309 3466 2500 3523 στάδια
2547 3471 2647 3542 με’.
2697 3471 2904 3526 Exstat
2959 3471 3019 3525 in
3079 3471 3433 3528 bibliotheca
3492 3472 3687 3541 Regia-

2028 3559 2385 3615 Glossarium
2417 3577 2526 3615 ms.
2563 3575 2576 3613 :
2613 3555 2844 3632 Βέρεδον
2873 3559 2935 3612 τὸ
2964 3553 3320 3633 κοϐύτουρον.
3358 3560 3684 3630 Legendum

2026 3645 2376 3720 κούντουρον.
2445 3651 2584 3704 Item
2658 3643 2946 3721 βηρήδοις,
3017 3645 3235 3715 ἵπποις,
3301 3645 3676 3719 κουντούροις.

2029 3739 2173 3792 Hinc
2205 3735 2732 3808 ἀποκουντουρίζειν.
2776 3738 2983 3790 Auctor
3029 3736 3119 3790 GB
3154 3753 3261 3792 ms.
3323 3733 3419 3786 Καὶ
3477 3732 3680 3803 ἀπήτις

2028 3830 2100 3903 φᾶ
2128 3824 2216 3878 καὶ
2246 3824 2442 3899 γλύψει
2497 3844 2555 3877 σε
2603 3823 2728 3877 τότε
2782 3821 3270 3895 ἀποκουντουρίζη,
3303 3827 3359 3878 et
3404 3841 3672 3877 κουντου-

2029 3913 2259 3988 ριάριος,
2296 3914 2395 3985 qui
2454 3930 2598 3984 equo
2631 3913 2864 3982 publico
2896 3913 3092 3966 utitur.
3150 3912 3490 3966 Theodorus
3534 3912 3671 3969 Her-

2029 4001 2353 4072 mopolites,
2389 4002 2487 4056 lib.
2521 4017 2620 4066 vn,
2655 4002 2743 4055 tit.
2776 4003 2830 4068 8,
2873 3998 3170 4070 explicans
3202 4000 3388 4071 legem
3419 4003 3454 4054 2
3485 4001 3552 4056 D.
3603 4001 3675 4056 de

2029 4093 2086 4148 in
2103 4094 2206 4162 jus
2238 4107 2360 4147 voc.
2396 4091 2507 4147 ibi:
2527 4091 2629 4146 Sed
2656 4107 2757 4146 nec
2783 4107 2908 4146 eum
2927 4092 3021 4161 qui
3042 4105 3181 4161 equo
3201 4091 3418 4161 publica
3439 4093 3495 4146 in
3510 4107 3676 4148 causa

2026 4182 2262 4253 publica
2290 4179 2720 4236 transvehatur:
2753 4174 2912 4242 Οὔτε,
2967 4179 3179 4250 inquit,
3239 4178 3333 4233 τὸν
3385 4175 3676 4252 δημοσίοις

2025 4269 2219 4333 ἲπποις
2271 4265 2361 4322 διὰ
2428 4265 2696 4342 δημοσίαν
2740 4267 2929 4341 χρείαν
2984 4265 3362 4342 ἐποχούμενον
3430 4267 3555 4338 ἤτοι
3583 4271 3676 4325 τὸν

2026 4357 2488 4432 κουντουριάριον.

2102 4454 2440 4529 Κουρσάριος
2525 4454 2730 4524 pirata,
2818 4453 3031 4523 praedo.
3127 4452 3488 4509 Glossarium
3565 4471 3674 4510 ms.

2031 4543 2312 4620 Πειραταί,
2341 4539 2774 4612 καταποντισταί,
2813 4544 3153 4616 κουρσάριοι,
3201 4543 3458 4598 corsaire.

2103 4637 2364 4706 Κοῦρσον,
2413 4629 2745 4704 κουρσεύειν.
2805 4631 3100 4686 Cedrenus
3154 4646 3208 4700 p.
3251 4629 3358 4686 477
3414 4647 3464 4684 c.
3522 4632 3671 4686 Con-

2031 4725 2324 4779 stantinus
2357 4722 2708 4792 Porphyrcg.
2769 4722 2827 4776 in
2860 4719 3108 4776 Tacticis
3142 4735 3155 4772 :
3185 4717 3296 4773 Ἵνα
3332 4717 3367 4785 ἢ
3411 4717 3461 4772 ἐν
3493 4723 3669 4794 καιρῷ

2027 4809 2278 4883 πολέμου
2325 4806 2361 4878 ἤ
2429 4807 2482 4863 ἐν
2542 4809 2718 4881 καιρῴ
2781 4807 3015 4878 κούρσου
3075 4805 3433 4880 βαστάζωσιν.
3484 4811 3666 4865 Theo-

2030 4901 2252 4974 phanes
2286 4916 2298 4952 :
2337 4897 2431 4953 Καὶ
2500 4895 2561 4950 οὐ
2591 4894 2980 4970 κουρσεύομεν.
3050 4897 3386 4952 Anastasius
3416 4914 3436 4951 :
3479 4899 3668 4954 Incur-

2025 4993 2205 5046 siones
2233 5003 2342 5042 non
2390 4987 2645 5056 facimus.
2691 4989 2882 5041 Item:
2952 4984 3330 5057 Κουρσεύομεν
3383 4986 3473 5040 καὶ
3537 4985 3669 5063 ἄφα-

2026 5075 2242 5147 νίζομεν
2273 5073 2368 5134 τὰς
2402 5074 2588 5146 χώρας
2647 5071 2842 5130 αὐτῶν.
2902 5074 3238 5129 Anastasius
3271 5092 3284 5128 :
3311 5077 3593 5132 Irruemus
3621 5087 3672 5132 et

2031 5165 2533 5222 exterminabimus
2562 5165 2840 5234 regionem
2864 5163 3132 5234 ipsorum.
3159 5162 3294 5218 Vide
3323 5165 3574 5221 Iudicem
3610 5168 3668 5220 in

2029 5259 2252 5323 κοῦρσα,
2293 5249 2626 5326 κουρσεύειν,
2667 5259 2800 5319 etc.,
2834 5257 2890 5307 et
2947 5251 3306 5307 Glossarium
3339 5253 3410 5308 ad
3464 5254 3673 5310 Cedre-

2027 5360 2166 5400 num
2205 5344 2263 5396 in
2297 5359 2432 5398 voce
2461 5341 2683 5396 eadem.
2744 5344 2806 5397 In
2872 5338 3182 5414 κούρσωρες
3249 5350 3436 5398 autem
3487 5344 3587 5402 lin.
3622 5348 3674 5412 8,

2027 5450 2061 5489 a
2092 5433 2207 5487 fine
2237 5430 2357 5499 lege
2385 5438 2756 5501 prolocursor.

2101 5515 2419 5574 Κουστωδία
2450 5519 2732 5575 custodia.
2783 5517 3259 5589 Theophylactus
3318 5521 3386 5574 ad
3451 5537 3578 5592 cap.
3613 5525 3680 5576 27

2028 5608 2278 5666 Mattbaei
2339 5626 2352 5664 :
2408 5603 2730 5662 Κουστωδία
2790 5603 2845 5660 δὲ
2899 5603 3112 5679 λέγεται
3169 5606 3314 5681 παρὰ
3376 5608 3676 5680 Ῥωμαίοις

2028 5699 2063 5765 ἡ
2098 5691 2338 5767 φυλακή.
2373 5693 2515 5756 Τοὺς
2572 5691 2660 5747 οὖν
2723 5691 2811 5747 ἐπὶ
2849 5695 2912 5746 τὸ
2969 5691 3258 5768 φυλάττειν
3316 5695 3676 5770 τεταγμένους

2029 5775 2366 5854 στρατιώτας
2396 5774 2730 5832 κουστωδίαν
2773 5775 3050 5846 ὀνομάζει.
3090 5779 3154 5830 Et
3211 5779 3276 5830 ad
3336 5780 3470 5832 Acta
3535 5797 3677 5850 apo-

2031 5868 2341 5933 stolorum,
2375 5885 2495 5939 cap.
2529 5883 2565 5920 x
2599 5881 2614 5921 :
2651 5863 2845 5916 ’ἰστέον
2887 5859 2945 5914 δὶ
2983 5859 3068 5914 ὅτι
3098 5863 3134 5930 ἡ
3199 5863 3293 5934 μὲν
3323 5867 3516 5938 σπεῖρα
3555 5861 3676 5920 δια.
