  <div class='ocr_page' id='page_1' title='image "/cluster/home/n/w/nwhite01/storage/ocr_20150623/139/mdp.39015078384214/549.png"; bbox 0 0 4120 6284; ppageno 0'>
   <div class='ocr_carea' id='block_1_1' title="bbox 450 445 606 506">
    <p class='ocr_par' dir='ltr' id='par_1_1' title="bbox 450 445 606 506">
     <span class='ocr_line' id='line_1_1' title="bbox 450 445 606 506; baseline 0 0"><span class='ocrx_word' id='word_1_1' title='bbox 450 445 606 506; x_wconf 75' lang='grc'><strong>10⁸75</strong></span> 
     </span>
    </p>
   </div>
   <div class='ocr_carea' id='block_1_2' title="bbox 1772 422 2548 495">
    <p class='ocr_par' dir='ltr' id='par_1_2' title="bbox 1772 422 2548 495">
     <span class='ocr_line' id='line_1_2' title="bbox 1772 422 2548 495; baseline -0.006 0"><span class='ocrx_word' id='word_1_2' title='bbox 1772 426 2085 495; x_wconf 67' lang='grc' dir='ltr'><strong>ΝΠἾΕΊἙ</strong></span> <span class='ocrx_word' id='word_1_3' title='bbox 2128 422 2548 490; x_wconf 70' lang='grc' dir='ltr'><strong>(ΞΗΟΝΥΑΤᾹΞ</strong></span> 
     </span>
    </p>
   </div>
   <div class='ocr_carea' id='block_1_3' title="bbox 3710 429 3855 491">
    <p class='ocr_par' dir='ltr' id='par_1_3' title="bbox 3710 429 3855 491">
     <span class='ocr_line' id='line_1_3' title="bbox 3710 429 3855 491; baseline 0 -1"><span class='ocrx_word' id='word_1_4' title='bbox 3710 429 3855 491; x_wconf 74' lang='grc'><strong>1076</strong></span> 
     </span>
    </p>
   </div>
   <div class='ocr_carea' id='block_1_4' title="bbox 444 554 3852 650">
    <p class='ocr_par' dir='ltr' id='par_1_4' title="bbox 444 554 3852 650">
     <span class='ocr_line' id='line_1_4' title="bbox 444 554 3852 650; baseline -0.005 -18"><span class='ocrx_word' id='word_1_5' title='bbox 444 577 646 632; x_wconf 64' lang='lat' dir='ltr'><strong>malum</strong></span> <span class='ocrx_word' id='word_1_6' title='bbox 689 572 803 631; x_wconf 71' lang='grc' dir='ltr'><strong>ὶστῖ</strong></span> <span class='ocrx_word' id='word_1_7' title='bbox 843 567 1215 650; x_wconf 78' lang='grc' dir='ltr'><strong>στρατιωτῶν,</strong></span> <span class='ocrx_word' id='word_1_8' title='bbox 1271 570 1307 638; x_wconf 78' lang='grc' dir='ltr'>ἡ</span> <span class='ocrx_word' id='word_1_9' title='bbox 1350 565 1408 623; x_wconf 72' lang='grc' dir='ltr'><strong>δὲ</strong></span> <span class='ocrx_word' id='word_1_10' title='bbox 1465 563 1774 623; x_wconf 54' lang='lat' dir='ltr'><strong>mountain</strong></span> <span class='ocrx_word' id='word_1_11' title='bbox 1819 564 2105 635; x_wconf 67' lang='grc' dir='ltr'>ἑξήκοντα.</span> <span class='ocrx_word' id='word_1_12' title='bbox 2136 566 2189 633; x_wconf 77' lang='grc' dir='ltr'><strong>Α</strong></span> <span class='ocrx_word' id='word_1_13' title='bbox 2219 562 2384 618; x_wconf 76' lang='lat' dir='ltr'><strong>elicis</strong></span> <span class='ocrx_word' id='word_1_14' title='bbox 2465 561 2601 633; x_wconf 76' lang='grc' dir='ltr'><strong>Ἔχε</strong></span> <span class='ocrx_word' id='word_1_15' title='bbox 2630 556 2690 614; x_wconf 73' lang='grc' dir='ltr'>δὶ</span> <span class='ocrx_word' id='word_1_16' title='bbox 2728 560 2820 614; x_wconf 77' lang='grc' dir='ltr'><strong>καὶ</strong></span> <span class='ocrx_word' id='word_1_17' title='bbox 2877 554 3282 634; x_wconf 67' lang='grc' dir='ltr'>μαγγαναρξοος</span> <span class='ocrx_word' id='word_1_18' title='bbox 3335 557 3426 612; x_wconf 77' lang='grc' dir='ltr'><strong>καὶ</strong></span> <span class='ocrx_word' id='word_1_19' title='bbox 3484 555 3852 637; x_wconf 72' lang='grc' dir='ltr'>λεπτουργοὺς</span> 
     </span>
    </p>
   </div>
   <div class='ocr_carea' id='block_1_5' title="bbox 446 650 2094 729">
    <p class='ocr_par' dir='ltr' id='par_1_5' title="bbox 446 650 2094 729">
     <span class='ocr_line' id='line_1_5' title="bbox 446 650 2094 729; baseline -0.013 -3"><span class='ocrx_word' id='word_1_20' title='bbox 446 667 803 726; x_wconf 75' lang='lat' dir='ltr'><strong>Glossarium</strong></span> <span class='ocrx_word' id='word_1_21' title='bbox 864 682 972 722; x_wconf 80' lang='lat' dir='ltr'><strong>ms.</strong></span> <span class='ocrx_word' id='word_1_22' title='bbox 1028 680 1043 719; x_wconf 87' lang='lat'><strong>:</strong></span> <span class='ocrx_word' id='word_1_23' title='bbox 1088 656 1407 718; x_wconf 72' lang='grc' dir='ltr'>Κοοττωδία</span> <span class='ocrx_word' id='word_1_24' title='bbox 1452 658 1515 711; x_wconf 74' lang='grc' dir='ltr'><strong>τὸ</strong></span> <span class='ocrx_word' id='word_1_25' title='bbox 1582 655 1909 729; x_wconf 76' lang='grc' dir='ltr'>στράτευμα,</span> <span class='ocrx_word' id='word_1_26' title='bbox 1960 650 2094 726; x_wconf 79' lang='grc' dir='ltr'>ὅπερ</span> 
     </span>
    </p>
   </div>
   <div class='ocr_carea' id='block_1_6' title="bbox 454 744 2100 829">
    <p class='ocr_par' dir='ltr' id='par_1_6' title="bbox 454 744 2100 829">
     <span class='ocr_line' id='line_1_6' title="bbox 454 744 2100 829; baseline -0.007 -20"><span class='ocrx_word' id='word_1_27' title='bbox 454 751 651 829; x_wconf 75' lang='grc' dir='ltr'>βάνδον</span> <span class='ocrx_word' id='word_1_28' title='bbox 688 754 741 808; x_wconf 80' lang='grc' dir='ltr'>οἱ</span> <span class='ocrx_word' id='word_1_29' title='bbox 780 755 1051 825; x_wconf 81' lang='grc' dir='ltr'>Ῥωμαῖοι</span> <span class='ocrx_word' id='word_1_30' title='bbox 1108 747 1395 806; x_wconf 72' lang='grc' dir='ltr'>καλοῦσιν.</span> <span class='ocrx_word' id='word_1_31' title='bbox 1454 746 1713 804; x_wconf 90' lang='lat' dir='ltr'><strong>Utuntur</strong></span> <span class='ocrx_word' id='word_1_32' title='bbox 1772 744 2100 799; x_wconf 78' lang='lat' dir='ltr'><strong>Alexander</strong></span> 
     </span>
    </p>
   </div>
   <div class='ocr_carea' id='block_1_7' title="bbox 445 831 2095 914">
    <p class='ocr_par' dir='ltr' id='par_1_7' title="bbox 445 831 2095 914">
     <span class='ocr_line' id='line_1_7' title="bbox 445 831 2095 914; baseline -0.009 -13"><span class='ocrx_word' id='word_1_33' title='bbox 445 844 786 914; x_wconf 74' lang='lat' dir='ltr'><strong>Monachus,</strong></span> <span class='ocrx_word' id='word_1_34' title='bbox 816 844 887 899; x_wconf 89' lang='lat' dir='ltr'><strong>de</strong></span> <span class='ocrx_word' id='word_1_35' title='bbox 942 842 1273 898; x_wconf 79' lang='lat' dir='ltr'><strong>inventione</strong></span> <span class='ocrx_word' id='word_1_36' title='bbox 1320 844 1380 894; x_wconf 86' lang='lat' dir='ltr'><strong>S.</strong></span> <span class='ocrx_word' id='word_1_37' title='bbox 1425 837 1627 893; x_wconf 84' lang='lat' dir='ltr'><strong>Crucis</strong></span> <span class='ocrx_word' id='word_1_38' title='bbox 1665 853 1679 903; x_wconf 92' lang='lat'><strong>;</strong></span> <span class='ocrx_word' id='word_1_39' title='bbox 1713 833 1946 889; x_wconf 89' lang='lat' dir='ltr'><strong>Simeon</strong></span> <span class='ocrx_word' id='word_1_40' title='bbox 1976 831 2095 887; x_wconf 80' lang='lat' dir='ltr'><strong>Me-</strong></span> 
     </span>
    </p>
   </div>
   <div class='ocr_carea' id='block_1_8' title="bbox 443 921 2092 1004">
    <p class='ocr_par' dir='ltr' id='par_1_8' title="bbox 443 921 2092 1004">
     <span class='ocr_line' id='line_1_8' title="bbox 443 921 2092 1004; baseline -0.009 -14"><span class='ocrx_word' id='word_1_41' title='bbox 443 933 793 1004; x_wconf 84' lang='lat' dir='ltr'><strong>taphrastes,</strong></span> <span class='ocrx_word' id='word_1_42' title='bbox 826 932 882 987; x_wconf 90' lang='lat' dir='ltr'><strong>in</strong></span> <span class='ocrx_word' id='word_1_43' title='bbox 918 932 1182 1004; x_wconf 78' lang='lat' dir='ltr'><strong>Longino</strong></span> <span class='ocrx_word' id='word_1_44' title='bbox 1212 946 1228 997; x_wconf 90' lang='lat'><strong>;</strong></span> <span class='ocrx_word' id='word_1_45' title='bbox 1262 927 1501 984; x_wconf 78' lang='lat' dir='ltr'><strong>Alexius</strong></span> <span class='ocrx_word' id='word_1_46' title='bbox 1550 925 1872 981; x_wconf 85' lang='lat' dir='ltr'><strong>Bhartnrns</strong></span> <span class='ocrx_word' id='word_1_47' title='bbox 1910 921 2092 977; x_wconf 89' lang='lat' dir='ltr'><strong>doctr.</strong></span> 
     </span>
    </p>
   </div>
   <div class='ocr_carea' id='block_1_9' title="bbox 439 1007 2099 1087">
    <p class='ocr_par' dir='ltr' id='par_1_9' title="bbox 439 1007 2099 1087">
     <span class='ocr_line' id='line_1_9' title="bbox 439 1007 2099 1087; baseline -0.008 -9"><span class='ocrx_word' id='word_1_48' title='bbox 439 1020 549 1078; x_wconf 88' lang='lat' dir='ltr'><strong>ult.</strong></span> <span class='ocrx_word' id='word_1_49' title='bbox 582 1021 1081 1078; x_wconf 85' lang='lat' dir='ltr'><strong>Pentecostarium</strong></span> <span class='ocrx_word' id='word_1_50' title='bbox 1115 1036 1131 1087; x_wconf 87' lang='lat'><strong>;</strong></span> <span class='ocrx_word' id='word_1_51' title='bbox 1183 1015 1474 1073; x_wconf 82' lang='lat' dir='ltr'><strong>Palladios</strong></span> <span class='ocrx_word' id='word_1_52' title='bbox 1504 1007 1760 1070; x_wconf 66' lang='lat' dir='ltr'><strong>historiae</strong></span> <span class='ocrx_word' id='word_1_53' title='bbox 1800 1009 2099 1067; x_wconf 78' lang='lat' dir='ltr'><strong>Lausiactn</strong></span> 
     </span>
    </p>
   </div>
   <div class='ocr_carea' id='block_1_10' title="bbox 435 1111 940 1184">
    <p class='ocr_par' dir='ltr' id='par_1_10' title="bbox 435 1111 940 1184">
     <span class='ocr_line' id='line_1_10' title="bbox 435 1111 940 1184; baseline -0.002 -17"><span class='ocrx_word' id='word_1_54' title='bbox 435 1125 566 1184; x_wconf 82' lang='lat' dir='ltr'><strong>cap.</strong></span> <span class='ocrx_word' id='word_1_55' title='bbox 597 1112 670 1165; x_wconf 82' lang='lat'><strong>86</strong></span> <span class='ocrx_word' id='word_1_56' title='bbox 698 1111 759 1168; x_wconf 91' lang='lat' dir='ltr'><strong>in</strong></span> <span class='ocrx_word' id='word_1_57' title='bbox 793 1111 940 1166; x_wconf 59' lang='lat' dir='ltr'><strong>iiue.</strong></span> 
     </span>
    </p>
   </div>
   <div class='ocr_carea' id='block_1_11' title="bbox 506 1187 2099 1274">
    <p class='ocr_par' dir='ltr' id='par_1_11' title="bbox 506 1187 2099 1274">
     <span class='ocr_line' id='line_1_11' title="bbox 506 1187 2099 1274; baseline -0.008 -20"><span class='ocrx_word' id='word_1_58' title='bbox 506 1196 954 1274; x_wconf 70' lang='grc' dir='ltr'>Κοοζασθλάγης.</span> <span class='ocrx_word' id='word_1_59' title='bbox 1019 1198 1168 1254; x_wconf 80' lang='lat' dir='ltr'><strong>Vide</strong></span> <span class='ocrx_word' id='word_1_60' title='bbox 1226 1193 1545 1253; x_wconf 75' lang='lat' dir='ltr'><strong>Meursism</strong></span> <span class='ocrx_word' id='word_1_61' title='bbox 1628 1192 1687 1247; x_wconf 88' lang='lat' dir='ltr'><strong>in</strong></span> <span class='ocrx_word' id='word_1_62' title='bbox 1747 1190 1949 1247; x_wconf 88' lang='lat' dir='ltr'><strong>eadem</strong></span> <span class='ocrx_word' id='word_1_63' title='bbox 2006 1187 2099 1244; x_wconf 87' lang='lat' dir='ltr'><strong>di-</strong></span> 
     </span>
    </p>
   </div>
   <div class='ocr_carea' id='block_1_12' title="bbox 434 1288 1022 1363">
    <p class='ocr_par' dir='ltr' id='par_1_12' title="bbox 434 1288 1022 1363">
     <span class='ocr_line' id='line_1_12' title="bbox 434 1288 1022 1363; baseline -0.012 -13"><span class='ocrx_word' id='word_1_64' title='bbox 434 1290 650 1363; x_wconf 80' lang='lat' dir='ltr'><strong>ctione,</strong></span> <span class='ocrx_word' id='word_1_65' title='bbox 681 1296 741 1348; x_wconf 85' lang='lat' dir='ltr'><strong>et</strong></span> <span class='ocrx_word' id='word_1_66' title='bbox 767 1288 1022 1358; x_wconf 75' lang='grc' dir='ltr'>κουτζός.</span> 
     </span>
    </p>
   </div>
   <div class='ocr_carea' id='block_1_13' title="bbox 509 1372 1474 1454">
    <p class='ocr_par' dir='ltr' id='par_1_13' title="bbox 509 1372 1474 1454">
     <span class='ocr_line' id='line_1_13' title="bbox 509 1372 1474 1454; baseline -0.005 -20"><span class='ocrx_word' id='word_1_67' title='bbox 509 1375 765 1454; x_wconf 77' lang='grc' dir='ltr'>Κρασῖον,</span> <span class='ocrx_word' id='word_1_68' title='bbox 793 1379 997 1435; x_wconf 82' lang='lat' dir='ltr'><strong>vinum</strong></span> <span class='ocrx_word' id='word_1_69' title='bbox 1031 1393 1046 1434; x_wconf 86' lang='lat'><strong>:</strong></span> <span class='ocrx_word' id='word_1_70' title='bbox 1078 1375 1255 1433; x_wconf 84' lang='lat' dir='ltr'><strong>hodie</strong></span> <span class='ocrx_word' id='word_1_71' title='bbox 1292 1372 1474 1448; x_wconf 77' lang='grc' dir='ltr'>κρασί.</span> 
     </span>
    </p>
   </div>
   <div class='ocr_carea' id='block_1_14' title="bbox 511 1454 2096 1538">
    <p class='ocr_par' dir='ltr' id='par_1_14' title="bbox 511 1454 2096 1538">
     <span class='ocr_line' id='line_1_14' title="bbox 511 1454 2096 1538; baseline -0.008 -16"><span class='ocrx_word' id='word_1_72' title='bbox 511 1464 726 1538; x_wconf 75' lang='grc' dir='ltr'><strong>Κώδηξ.</strong></span> <span class='ocrx_word' id='word_1_73' title='bbox 758 1463 968 1525; x_wconf 78' lang='lat' dir='ltr'><strong>Codex.</strong></span> <span class='ocrx_word' id='word_1_74' title='bbox 1006 1465 1261 1521; x_wconf 78' lang='lat' dir='ltr'><strong>Isidorus</strong></span> <span class='ocrx_word' id='word_1_75' title='bbox 1289 1460 1614 1520; x_wconf 76' lang='lat' dir='ltr'><strong>Pelusiotae</strong></span> <span class='ocrx_word' id='word_1_76' title='bbox 1658 1459 1690 1514; x_wconf 73' lang='grc'>4</span> <span class='ocrx_word' id='word_1_77' title='bbox 1721 1456 1952 1531; x_wconf 79' lang='lat' dir='ltr'><strong>epistol.</strong></span> <span class='ocrx_word' id='word_1_78' title='bbox 1982 1454 2053 1510; x_wconf 74' lang='grc'><strong>94</strong></span> <span class='ocrx_word' id='word_1_79' title='bbox 2082 1471 2096 1509; x_wconf 92' lang='lat'>:</span> 
     </span>
    </p>
   </div>
   <div class='ocr_carea' id='block_1_15' title="bbox 440 1546 1957 1629">
    <p class='ocr_par' dir='ltr' id='par_1_15' title="bbox 440 1546 1957 1629">
     <span class='ocr_line' id='line_1_15' title="bbox 440 1546 1957 1629; baseline -0.01 -13"><span class='ocrx_word' id='word_1_80' title='bbox 440 1558 513 1616; x_wconf 78' lang='lat' dir='ltr'><strong>Oi</strong></span> <span class='ocrx_word' id='word_1_81' title='bbox 541 1560 651 1612; x_wconf 81' lang='grc' dir='ltr'><strong>τῶν</strong></span> <span class='ocrx_word' id='word_1_82' title='bbox 677 1554 986 1629; x_wconf 73' lang='grc' dir='ltr'><strong>νομοθετῶν</strong></span> <span class='ocrx_word' id='word_1_83' title='bbox 1013 1550 1269 1614; x_wconf 82' lang='grc' dir='ltr'>κώδικες.</span> <span class='ocrx_word' id='word_1_84' title='bbox 1302 1554 1373 1609; x_wconf 82' lang='grc' dir='ltr'>ν.</span> <span class='ocrx_word' id='word_1_85' title='bbox 1397 1550 1656 1607; x_wconf 87' lang='lat' dir='ltr'><strong>Glossar.</strong></span> <span class='ocrx_word' id='word_1_86' title='bbox 1686 1547 1765 1604; x_wconf 79' lang='lat' dir='ltr'><strong>ad</strong></span> <span class='ocrx_word' id='word_1_87' title='bbox 1788 1546 1957 1604; x_wconf 84' lang='lat' dir='ltr'><strong>Cedr.</strong></span> 
     </span>
    </p>
   </div>
   <div class='ocr_carea' id='block_1_16' title="bbox 1247 1692 1293 1740">
    <p class='ocr_par' dir='ltr' id='par_1_16' title="bbox 1247 1692 1293 1740">
     <span class='ocr_line' id='line_1_16' title="bbox 1247 1692 1293 1740; baseline 0 0"><span class='ocrx_word' id='word_1_88' title='bbox 1247 1692 1293 1740; x_wconf 83' lang='lat' dir='ltr'><strong>A</strong></span> 
     </span>
    </p>
   </div>
   <div class='ocr_carea' id='block_1_17' title="bbox 510 1800 2097 1900">
    <p class='ocr_par' dir='ltr' id='par_1_17' title="bbox 510 1800 2097 1900">
     <span class='ocr_line' id='line_1_17' title="bbox 510 1800 2097 1900; baseline -0.012 -19"><span class='ocrx_word' id='word_1_89' title='bbox 510 1820 736 1900; x_wconf 77' lang='grc' dir='ltr'>Λαρδία.</span> <span class='ocrx_word' id='word_1_90' title='bbox 766 1827 828 1881; x_wconf 85' lang='grc' dir='ltr'>Ρ.</span> <span class='ocrx_word' id='word_1_91' title='bbox 861 1822 971 1878; x_wconf 78' lang='grc'><strong>322</strong></span> <span class='ocrx_word' id='word_1_92' title='bbox 1018 1837 1071 1890; x_wconf 84' lang='lat' dir='ltr'><strong>c,</strong></span> <span class='ocrx_word' id='word_1_93' title='bbox 1131 1818 1249 1900; x_wconf 69' lang='grc' dir='ltr'>ὕεια</span> <span class='ocrx_word' id='word_1_94' title='bbox 1277 1815 1433 1892; x_wconf 68' lang='grc' dir='ltr'>κρέα.</span> <span class='ocrx_word' id='word_1_95' title='bbox 1492 1816 1684 1873; x_wconf 81' lang='lat' dir='ltr'><strong>Codex</strong></span> <span class='ocrx_word' id='word_1_96' title='bbox 1729 1812 1846 1879; x_wconf 89' lang='lat' dir='ltr'><strong>GB,</strong></span> <span class='ocrx_word' id='word_1_97' title='bbox 1878 1800 2097 1883; x_wconf 79' lang='grc' dir='ltr'>λᾶρδια.</span> 
     </span>
    </p>
   </div>
   <div class='ocr_carea' id='block_1_18' title="bbox 440 1899 2097 1987">
    <p class='ocr_par' dir='ltr' id='par_1_18' title="bbox 440 1899 2097 1987">
     <span class='ocr_line' id='line_1_18' title="bbox 440 1899 2097 1987; baseline -0.013 -13"><span class='ocrx_word' id='word_1_98' title='bbox 440 1915 659 1974; x_wconf 67' lang='lat' dir='ltr'><strong>Glosss</strong></span> <span class='ocrx_word' id='word_1_99' title='bbox 706 1911 955 1987; x_wconf 73' lang='lat' dir='ltr'><strong>Cyriili:</strong></span> <span class='ocrx_word' id='word_1_100' title='bbox 1004 1899 1245 1983; x_wconf 69' lang='grc' dir='ltr'>Λάρδος,</span> <span class='ocrx_word' id='word_1_101' title='bbox 1305 1902 1549 1964; x_wconf 70' lang='grc' dir='ltr'>[ει-ίᾶιιε.</span> <span class='ocrx_word' id='word_1_102' title='bbox 1602 1900 1983 1974; x_wconf 80' lang='lat' dir='ltr'><strong>Theophanes</strong></span> <span class='ocrx_word' id='word_1_103' title='bbox 2038 1900 2097 1954; x_wconf 91' lang='lat' dir='ltr'><strong>in</strong></span> 
     </span>
    </p>
   </div>
   <div class='ocr_carea' id='block_1_19' title="bbox 437 1988 2093 2075">
    <p class='ocr_par' dir='ltr' id='par_1_19' title="bbox 437 1988 2093 2075">
     <span class='ocr_line' id='line_1_19' title="bbox 437 1988 2093 2075; baseline -0.014 -11"><span class='ocrx_word' id='word_1_104' title='bbox 437 2005 772 2063; x_wconf 79' lang='lat' dir='ltr'><strong>Justiniano</strong></span> <span class='ocrx_word' id='word_1_105' title='bbox 804 2020 818 2060; x_wconf 89' lang='lat'><strong>:</strong></span> <span class='ocrx_word' id='word_1_106' title='bbox 852 1998 1017 2059; x_wconf 72' lang='grc' dir='ltr'>Οἴνοο</span> <span class='ocrx_word' id='word_1_107' title='bbox 1060 2000 1153 2072; x_wconf 73' lang='grc' dir='ltr'>μὲν</span> <span class='ocrx_word' id='word_1_108' title='bbox 1180 1998 1284 2075; x_wconf 78' lang='grc' dir='ltr'><strong>γὰρ</strong></span> <span class='ocrx_word' id='word_1_109' title='bbox 1332 1996 1425 2051; x_wconf 75' lang='grc' dir='ltr'>καὶ</span> <span class='ocrx_word' id='word_1_110' title='bbox 1453 1989 1660 2067; x_wconf 82' lang='grc' dir='ltr'>λάρδου</span> <span class='ocrx_word' id='word_1_111' title='bbox 1718 1991 1809 2047; x_wconf 77' lang='grc' dir='ltr'><strong>καῖ</strong></span> <span class='ocrx_word' id='word_1_112' title='bbox 1839 1988 2093 2044; x_wconf 77' lang='grc' dir='ltr'>παντοίον</span> 
     </span>
    </p>
   </div>
   <div class='ocr_carea' id='block_1_20' title="bbox 440 2078 1644 2159">
    <p class='ocr_par' dir='ltr' id='par_1_20' title="bbox 440 2078 1644 2159">
     <span class='ocr_line' id='line_1_20' title="bbox 440 2078 1644 2159; baseline -0.01 -9"><span class='ocrx_word' id='word_1_113' title='bbox 440 2091 620 2155; x_wconf 75' lang='grc' dir='ltr'>εἴδους</span> <span class='ocrx_word' id='word_1_114' title='bbox 652 2090 868 2148; x_wconf 80' lang='grc' dir='ltr'>εὖθυνία</span> <span class='ocrx_word' id='word_1_115' title='bbox 896 2089 988 2159; x_wconf 74' lang='grc' dir='ltr'>ἦν.</span> <span class='ocrx_word' id='word_1_116' title='bbox 1020 2088 1200 2146; x_wconf 87' lang='lat' dir='ltr'><strong>Hodie</strong></span> <span class='ocrx_word' id='word_1_117' title='bbox 1231 2078 1393 2158; x_wconf 72' lang='grc' dir='ltr'>λάρδι</span> <span class='ocrx_word' id='word_1_118' title='bbox 1424 2082 1644 2141; x_wconf 87' lang='lat' dir='ltr'><strong>dicunt.</strong></span> 
     </span>
    </p>
   </div>
   <div class='ocr_carea' id='block_1_21' title="bbox 516 2166 2099 2257">
    <p class='ocr_par' dir='ltr' id='par_1_21' title="bbox 516 2166 2099 2257">
     <span class='ocr_line' id='line_1_21' title="bbox 516 2166 2099 2257; baseline -0.01 -19"><span class='ocrx_word' id='word_1_119' title='bbox 516 2182 731 2257; x_wconf 81' lang='grc' dir='ltr'>Λεγιών</span> <span class='ocrx_word' id='word_1_120' title='bbox 763 2180 936 2253; x_wconf 79' lang='lat' dir='ltr'><strong>legio.</strong></span> <span class='ocrx_word' id='word_1_121' title='bbox 968 2179 1028 2236; x_wconf 87' lang='lat' dir='ltr'><strong>S.</strong></span> <span class='ocrx_word' id='word_1_122' title='bbox 1082 2176 1441 2233; x_wconf 80' lang='lat' dir='ltr'><strong>Athanasius</strong></span> <span class='ocrx_word' id='word_1_123' title='bbox 1473 2174 1531 2228; x_wconf 90' lang='lat' dir='ltr'><strong>in</strong></span> <span class='ocrx_word' id='word_1_124' title='bbox 1564 2168 1913 2257; x_wconf 76' lang='lat' dir='ltr'><strong>Metsphrasi</strong></span> <span class='ocrx_word' id='word_1_125' title='bbox 1942 2166 2099 2257; x_wconf 64' lang='lat' dir='ltr'><strong>Psal:</strong></span> 
     </span>
    </p>
   </div>
   <div class='ocr_carea' id='block_1_22' title="bbox 447 2252 2096 2340">
    <p class='ocr_par' dir='ltr' id='par_1_22' title="bbox 447 2252 2096 2340">
     <span class='ocr_line' id='line_1_22' title="bbox 447 2252 2096 2340; baseline -0.012 -11"><span class='ocrx_word' id='word_1_126' title='bbox 447 2252 678 2329; x_wconf 77' lang='lat' dir='ltr'><strong>morum</strong></span> <span class='ocrx_word' id='word_1_127' title='bbox 710 2252 997 2340; x_wconf 23' lang='lat' dir='ltr'><strong>msupsal.</strong></span> <span class='ocrx_word' id='word_1_128' title='bbox 1029 2282 1216 2333; x_wconf 72' lang='lat' dir='ltr'><strong>smn,</strong></span> <span class='ocrx_word' id='word_1_129' title='bbox 1244 2279 1398 2320; x_wconf 84' lang='lat' dir='ltr'><strong>vers.</strong></span> <span class='ocrx_word' id='word_1_130' title='bbox 1431 2263 1498 2318; x_wconf 89' lang='grc'><strong>17</strong></span> <span class='ocrx_word' id='word_1_131' title='bbox 1531 2277 1547 2318; x_wconf 93' lang='lat'><strong>:</strong></span> <span class='ocrx_word' id='word_1_132' title='bbox 1580 2258 1659 2317; x_wconf 82' lang='grc' dir='ltr'><strong>Τὸ</strong></span> <span class='ocrx_word' id='word_1_133' title='bbox 1716 2252 1932 2326; x_wconf 81' lang='grc' dir='ltr'>πλῆθος</span> <span class='ocrx_word' id='word_1_134' title='bbox 1998 2252 2096 2311; x_wconf 77' lang='grc' dir='ltr'>τοῖ’)</span> 
     </span>
    </p>
   </div>
   <div class='ocr_carea' id='block_1_23' title="bbox 446 2343 2097 2435">
    <p class='ocr_par' dir='ltr' id='par_1_23' title="bbox 446 2343 2097 2435">
     <span class='ocr_line' id='line_1_23' title="bbox 446 2343 2097 2435; baseline -0.008 -20"><span class='ocrx_word' id='word_1_135' title='bbox 446 2357 721 2435; x_wconf 82' lang='grc' dir='ltr'>λεγεῶνος</span> <span class='ocrx_word' id='word_1_136' title='bbox 744 2357 809 2412; x_wconf 82' lang='grc' dir='ltr'>τὸ</span> <span class='ocrx_word' id='word_1_137' title='bbox 836 2356 934 2418; x_wconf 80' lang='grc' dir='ltr'><strong>τὰς</strong></span> <span class='ocrx_word' id='word_1_138' title='bbox 962 2355 1062 2424; x_wconf 81' lang='grc' dir='ltr'><strong>τὴν</strong></span> <span class='ocrx_word' id='word_1_139' title='bbox 1125 2348 1359 2411; x_wconf 76' lang='grc' dir='ltr'><strong>ἄϐυσσον</strong></span> <span class='ocrx_word' id='word_1_140' title='bbox 1421 2344 1698 2435; x_wconf 74' lang='grc' dir='ltr'>ἀπελθών.</span> <span class='ocrx_word' id='word_1_141' title='bbox 1734 2343 2097 2435; x_wconf 69' lang='lat' dir='ltr'><strong>Procopius,</strong></span> 
     </span>
    </p>
   </div>
   <div class='ocr_carea' id='block_1_24' title="bbox 445 2434 2093 2522">
    <p class='ocr_par' dir='ltr' id='par_1_24' title="bbox 445 2434 2093 2522">
     <span class='ocr_line' id='line_1_24' title="bbox 445 2434 2093 2522; baseline -0.01 -18"><span class='ocrx_word' id='word_1_142' title='bbox 445 2434 571 2522; x_wconf 74' lang='grc' dir='ltr'>περὶ</span> <span class='ocrx_word' id='word_1_143' title='bbox 600 2466 789 2520; x_wconf 84' lang='grc' dir='ltr'>κτισμ.</span> <span class='ocrx_word' id='word_1_144' title='bbox 834 2445 1137 2500; x_wconf 73' lang='grc' dir='ltr'>Ἰουπιν.;</span> <span class='ocrx_word' id='word_1_145' title='bbox 1198 2438 1415 2516; x_wconf 85' lang='grc' dir='ltr'>Λεγεὼν</span> <span class='ocrx_word' id='word_1_146' title='bbox 1472 2435 1530 2493; x_wconf 68' lang='grc' dir='ltr'><strong>δὲ</strong></span> <span class='ocrx_word' id='word_1_147' title='bbox 1588 2438 1617 2492; x_wconf 84' lang='grc' dir='ltr'><strong>ὁ</strong></span> <span class='ocrx_word' id='word_1_148' title='bbox 1675 2434 1840 2512; x_wconf 80' lang='grc' dir='ltr'>λόγος</span> <span class='ocrx_word' id='word_1_149' title='bbox 1896 2434 2093 2490; x_wconf 68' lang='grc' dir='ltr'>ἐπωνο-</span> 
     </span>
    </p>
   </div>
   <div class='ocr_carea' id='block_1_25' title="bbox 448 2524 2094 2611">
    <p class='ocr_par' dir='ltr' id='par_1_25' title="bbox 448 2524 2094 2611">
     <span class='ocr_line' id='line_1_25' title="bbox 448 2524 2094 2611; baseline -0.01 -18"><span class='ocrx_word' id='word_1_150' title='bbox 448 2536 669 2611; x_wconf 77' lang='grc' dir='ltr'>μάζετο.</span> <span class='ocrx_word' id='word_1_151' title='bbox 700 2532 1164 2606; x_wconf 80' lang='lat' dir='ltr'><strong>Theophylactus</strong></span> <span class='ocrx_word' id='word_1_152' title='bbox 1195 2531 1265 2587; x_wconf 91' lang='lat' dir='ltr'><strong>ad</strong></span> <span class='ocrx_word' id='word_1_153' title='bbox 1298 2546 1427 2602; x_wconf 89' lang='lat' dir='ltr'><strong>cap.</strong></span> <span class='ocrx_word' id='word_1_154' title='bbox 1456 2544 1585 2585; x_wconf 71' lang='lat' dir='ltr'><strong>xxvr</strong></span> <span class='ocrx_word' id='word_1_155' title='bbox 1616 2526 1823 2611; x_wconf 82' lang='lat' dir='ltr'><strong>Matth.</strong></span> <span class='ocrx_word' id='word_1_156' title='bbox 1846 2541 1859 2579; x_wconf 88' lang='lat'>:</span> <span class='ocrx_word' id='word_1_157' title='bbox 1884 2524 2094 2599; x_wconf 85' lang='grc' dir='ltr'>Λεγεὼν</span> 
     </span>
    </p>
   </div>
   <div class='ocr_carea' id='block_1_26' title="bbox 443 2610 2097 2703">
    <p class='ocr_par' dir='ltr' id='par_1_26' title="bbox 443 2610 2097 2703">
     <span class='ocr_line' id='line_1_26' title="bbox 443 2610 2097 2703; baseline -0.009 -21"><span class='ocrx_word' id='word_1_158' title='bbox 443 2610 549 2703; x_wconf 85' lang='grc' dir='ltr'><strong>γάρ</strong></span> <span class='ocrx_word' id='word_1_159' title='bbox 618 2622 729 2680; x_wconf 70' lang='grc' dir='ltr'>ἐστι</span> <span class='ocrx_word' id='word_1_160' title='bbox 786 2623 850 2678; x_wconf 81' lang='grc' dir='ltr'>τὸ</span> <span class='ocrx_word' id='word_1_161' title='bbox 911 2620 1162 2697; x_wconf 69' lang='grc' dir='ltr'>μέγιστον</span> <span class='ocrx_word' id='word_1_162' title='bbox 1217 2618 1404 2696; x_wconf 80' lang='grc' dir='ltr'>τάγμα</span> <span class='ocrx_word' id='word_1_163' title='bbox 1468 2610 1830 2703; x_wconf 72' lang='grc' dir='ltr'>ἑξακισχίλιοι</span> <span class='ocrx_word' id='word_1_164' title='bbox 1887 2613 2097 2677; x_wconf 76' lang='grc' dir='ltr'>ἱππεῖς.</span> 
     </span>
    </p>
   </div>
   <div class='ocr_carea' id='block_1_27' title="bbox 436 2699 2092 2783">
    <p class='ocr_par' dir='ltr' id='par_1_27' title="bbox 436 2699 2092 2783">
     <span class='ocr_line' id='line_1_27' title="bbox 436 2699 2092 2783; baseline -0.008 -10"><span class='ocrx_word' id='word_1_165' title='bbox 436 2699 598 2773; x_wconf 62' lang='lat' dir='ltr'><strong>Adde</strong></span> <span class='ocrx_word' id='word_1_166' title='bbox 627 2714 926 2772; x_wconf 66' lang='lat' dir='ltr'><strong>Patauium</strong></span> <span class='ocrx_word' id='word_1_167' title='bbox 956 2710 1213 2783; x_wconf 83' lang='lat' dir='ltr'><strong>Eutrapii</strong></span> <span class='ocrx_word' id='word_1_168' title='bbox 1246 2709 1630 2781; x_wconf 86' lang='lat' dir='ltr'><strong>Metaphrast.</strong></span> <span class='ocrx_word' id='word_1_169' title='bbox 1664 2724 1722 2779; x_wconf 94' lang='lat' dir='ltr'><strong>p.</strong></span> <span class='ocrx_word' id='word_1_170' title='bbox 1752 2699 1824 2759; x_wconf 91' lang='lat' dir='ltr'><strong>7O</strong></span> <span class='ocrx_word' id='word_1_171' title='bbox 1862 2708 1919 2759; x_wconf 88' lang='lat' dir='ltr'><strong>et</strong></span> <span class='ocrx_word' id='word_1_172' title='bbox 1969 2704 2092 2760; x_wconf 84' lang='lat'><strong>101.</strong></span> 
     </span>
    </p>
   </div>
   <div class='ocr_carea' id='block_1_28' title="bbox 433 2786 2094 2868">
    <p class='ocr_par' dir='ltr' id='par_1_28' title="bbox 433 2786 2094 2868">
     <span class='ocr_line' id='line_1_28' title="bbox 433 2786 2094 2868; baseline -0.007 -6"><span class='ocrx_word' id='word_1_173' title='bbox 433 2805 732 2862; x_wconf 79' lang='lat' dir='ltr'><strong>Constant.</strong></span> <span class='ocrx_word' id='word_1_174' title='bbox 767 2804 839 2859; x_wconf 92' lang='lat' dir='ltr'><strong>de</strong></span> <span class='ocrx_word' id='word_1_175' title='bbox 867 2802 1069 2858; x_wconf 88' lang='lat' dir='ltr'><strong>Them.</strong></span> <span class='ocrx_word' id='word_1_176' title='bbox 1116 2800 1335 2856; x_wconf 83' lang='lat' dir='ltr'><strong>Orient.</strong></span> <span class='ocrx_word' id='word_1_177' title='bbox 1369 2798 1454 2855; x_wconf 88' lang='lat' dir='ltr'><strong>th.</strong></span> <span class='ocrx_word' id='word_1_178' title='bbox 1514 2814 1552 2853; x_wconf 82' lang='grc' dir='ltr'>ι.</span> <span class='ocrx_word' id='word_1_179' title='bbox 1612 2786 1860 2868; x_wconf 87' lang='lat' dir='ltr'><strong>Oppiani</strong></span> <span class='ocrx_word' id='word_1_180' title='bbox 1892 2790 2094 2850; x_wconf 89' lang='lat' dir='ltr'><strong>Schol.</strong></span> 
     </span>
    </p>
   </div>
   <div class='ocr_carea' id='block_1_29' title="bbox 434 2883 2093 2966">
    <p class='ocr_par' dir='ltr' id='par_1_29' title="bbox 434 2883 2093 2966">
     <span class='ocr_line' id='line_1_29' title="bbox 434 2883 2093 2966; baseline -0.008 -17"><span class='ocrx_word' id='word_1_181' title='bbox 434 2911 493 2966; x_wconf 94' lang='lat' dir='ltr'><strong>p.</strong></span> <span class='ocrx_word' id='word_1_182' title='bbox 554 2893 642 2949; x_wconf 77' lang='grc'><strong>44.</strong></span> <span class='ocrx_word' id='word_1_183' title='bbox 700 2892 916 2949; x_wconf 79' lang='lat' dir='ltr'><strong>Rufum</strong></span> <span class='ocrx_word' id='word_1_184' title='bbox 970 2891 1028 2946; x_wconf 90' lang='lat' dir='ltr'><strong>in</strong></span> <span class='ocrx_word' id='word_1_185' title='bbox 1090 2890 1201 2945; x_wconf 87' lang='lat' dir='ltr'><strong>LL.</strong></span> <span class='ocrx_word' id='word_1_186' title='bbox 1250 2887 1419 2944; x_wconf 89' lang='lat' dir='ltr'><strong>milit.</strong></span> <span class='ocrx_word' id='word_1_187' title='bbox 1478 2885 1777 2957; x_wconf 89' lang='lat' dir='ltr'><strong>Moschop.</strong></span> <span class='ocrx_word' id='word_1_188' title='bbox 1824 2883 2093 2939; x_wconf 80' lang='lat' dir='ltr'><strong>Alexium</strong></span> 
     </span>
    </p>
   </div>
   <div class='ocr_carea' id='block_1_30' title="bbox 434 2968 2096 3043">
    <p class='ocr_par' dir='ltr' id='par_1_30' title="bbox 434 2968 2096 3043">
     <span class='ocr_line' id='line_1_30' title="bbox 434 2968 2096 3043; baseline -0.008 -4"><span class='ocrx_word' id='word_1_189' title='bbox 434 2981 790 3039; x_wconf 75' lang='lat' dir='ltr'><strong>Rharturum</strong></span> <span class='ocrx_word' id='word_1_190' title='bbox 822 2981 1007 3037; x_wconf 90' lang='lat' dir='ltr'><strong>doctr.</strong></span> <span class='ocrx_word' id='word_1_191' title='bbox 1042 2979 1150 3035; x_wconf 90' lang='lat' dir='ltr'><strong>ult.</strong></span> <span class='ocrx_word' id='word_1_192' title='bbox 1182 2982 1409 3034; x_wconf 70' lang='lat' dir='ltr'><strong>Graecos</strong></span> <span class='ocrx_word' id='word_1_193' title='bbox 1441 2976 1531 3034; x_wconf 90' lang='lat' dir='ltr'><strong>ad.</strong></span> <span class='ocrx_word' id='word_1_194' title='bbox 1569 2977 1613 3032; x_wconf 92' lang='grc' dir='ltr'><strong>Ι.</strong></span> <span class='ocrx_word' id='word_1_195' title='bbox 1658 2990 1717 3030; x_wconf 83' lang='grc' dir='ltr'><strong>ιι.</strong></span> <span class='ocrx_word' id='word_1_196' title='bbox 1750 2970 1823 3029; x_wconf 89' lang='lat' dir='ltr'><strong>de</strong></span> <span class='ocrx_word' id='word_1_197' title='bbox 1869 2968 1963 3028; x_wconf 88' lang='lat' dir='ltr'><strong>his</strong></span> <span class='ocrx_word' id='word_1_198' title='bbox 1993 2970 2096 3043; x_wconf 87' lang='lat' dir='ltr'><strong>qui</strong></span> 
     </span>
    </p>
   </div>
   <div class='ocr_carea' id='block_1_31' title="bbox 432 3069 697 3128">
    <p class='ocr_par' dir='ltr' id='par_1_31' title="bbox 432 3069 697 3128">
     <span class='ocr_line' id='line_1_31' title="bbox 432 3069 697 3128; baseline -0.004 -1"><span class='ocrx_word' id='word_1_199' title='bbox 432 3075 556 3128; x_wconf 90' lang='lat' dir='ltr'><strong>not.</strong></span> <span class='ocrx_word' id='word_1_200' title='bbox 587 3069 697 3126; x_wconf 81' lang='lat' dir='ltr'><strong>inf.</strong></span> 
     </span>
    </p>
   </div>
   <div class='ocr_carea' id='block_1_32' title="bbox 510 3146 2096 3232">
    <p class='ocr_par' dir='ltr' id='par_1_32' title="bbox 510 3146 2096 3232">
     <span class='ocr_line' id='line_1_32' title="bbox 510 3146 2096 3232; baseline -0.007 -18"><span class='ocrx_word' id='word_1_201' title='bbox 510 3155 798 3232; x_wconf 72' lang='grc' dir='ltr'>Μιξοορία</span> <span class='ocrx_word' id='word_1_202' title='bbox 840 3154 1087 3214; x_wconf 85' lang='lat' dir='ltr'><strong>luxuria.</strong></span> <span class='ocrx_word' id='word_1_203' title='bbox 1119 3155 1259 3214; x_wconf 83' lang='lat' dir='ltr'><strong>Vide</strong></span> <span class='ocrx_word' id='word_1_204' title='bbox 1290 3146 1496 3212; x_wconf 62' lang='lat' dir='ltr'><strong>Leonis</strong></span> <span class='ocrx_word' id='word_1_205' title='bbox 1526 3148 1788 3221; x_wconf 85' lang='lat' dir='ltr'><strong>Tactica,</strong></span> <span class='ocrx_word' id='word_1_206' title='bbox 1846 3166 1975 3222; x_wconf 90' lang='lat' dir='ltr'><strong>cap.</strong></span> <span class='ocrx_word' id='word_1_207' title='bbox 2006 3148 2096 3217; x_wconf 86' lang='lat'><strong>20,</strong></span> 
     </span>
    </p>
   </div>
   <div class='ocr_carea' id='block_1_33' title="bbox 435 3245 1145 3322">
    <p class='ocr_par' dir='ltr' id='par_1_33' title="bbox 435 3245 1145 3322">
     <span class='ocr_line' id='line_1_33' title="bbox 435 3245 1145 3322; baseline -0.007 -17"><span class='ocrx_word' id='word_1_208' title='bbox 435 3252 464 3322; x_wconf 71' lang='grc' dir='ltr'>ι</span> <span class='ocrx_word' id='word_1_209' title='bbox 491 3249 584 3314; x_wconf 88' lang='grc'><strong>83,</strong></span> <span class='ocrx_word' id='word_1_210' title='bbox 614 3251 671 3304; x_wconf 86' lang='lat' dir='ltr'><strong>et</strong></span> <span class='ocrx_word' id='word_1_211' title='bbox 700 3247 781 3302; x_wconf 91' lang='lat' dir='ltr'><strong>ibi</strong></span> <span class='ocrx_word' id='word_1_212' title='bbox 807 3245 1145 3302; x_wconf 87' lang='lat' dir='ltr'><strong>Meursium.</strong></span> 
     </span>
    </p>
   </div>
   <div class='ocr_carea' id='block_1_34' title="bbox 2204 647 3232 724">
    <p class='ocr_par' dir='ltr' id='par_1_34' title="bbox 2204 647 3232 724">
     <span class='ocr_line' id='line_1_34' title="bbox 2204 647 3232 724; baseline -0.001 -19"><span class='ocrx_word' id='word_1_213' title='bbox 2204 650 2296 705; x_wconf 69' lang='grc' dir='ltr'>τιιί</span> <span class='ocrx_word' id='word_1_214' title='bbox 2330 647 2579 724; x_wconf 77' lang='grc' dir='ltr'>χαλκεῖς.</span> <span class='ocrx_word' id='word_1_215' title='bbox 2616 650 2751 706; x_wconf 69' lang='grc' dir='ltr'>νὶιιο</span> <span class='ocrx_word' id='word_1_216' title='bbox 2781 651 2861 705; x_wconf 81' lang='lat' dir='ltr'><strong>ad</strong></span> <span class='ocrx_word' id='word_1_217' title='bbox 2887 651 3232 706; x_wconf 85' lang='lat' dir='ltr'><strong>Cedrenum.</strong></span> 
     </span>
    </p>
   </div>
   <div class='ocr_carea' id='block_1_35' title="bbox 2276 733 3848 814">
    <p class='ocr_par' dir='ltr' id='par_1_35' title="bbox 2276 733 3848 814">
     <span class='ocr_line' id='line_1_35' title="bbox 2276 733 3848 814; baseline 0.001 -17"><span class='ocrx_word' id='word_1_218' title='bbox 2276 733 2637 814; x_wconf 77' lang='grc' dir='ltr'>Μαγχλάϐιον</span> <span class='ocrx_word' id='word_1_219' title='bbox 2707 740 2917 806; x_wconf 87' lang='lat' dir='ltr'><strong>lorum,</strong></span> <span class='ocrx_word' id='word_1_220' title='bbox 2974 738 3293 809; x_wconf 81' lang='lat' dir='ltr'><strong>ﬂagellum,</strong></span> <span class='ocrx_word' id='word_1_221' title='bbox 3336 739 3524 794; x_wconf 79' lang='lat' dir='ltr'><strong>fustis.</strong></span> <span class='ocrx_word' id='word_1_222' title='bbox 3581 739 3643 793; x_wconf 93' lang='lat' dir='ltr'><strong>P.</strong></span> <span class='ocrx_word' id='word_1_223' title='bbox 3675 741 3779 795; x_wconf 87' lang='lat'><strong>212</strong></span> <span class='ocrx_word' id='word_1_224' title='bbox 3804 759 3848 798; x_wconf 92' lang='lat' dir='ltr'><strong>c.</strong></span> 
     </span>
    </p>
   </div>
   <div class='ocr_carea' id='block_1_36' title="bbox 2207 822 3851 895">
    <p class='ocr_par' dir='ltr' id='par_1_36' title="bbox 2207 822 3851 895">
     <span class='ocr_line' id='line_1_36' title="bbox 2207 822 3851 895; baseline 0.001 -12"><span class='ocrx_word' id='word_1_225' title='bbox 2207 834 2287 883; x_wconf 88' lang='grc' dir='ltr'><strong>Δι’</strong></span> <span class='ocrx_word' id='word_1_226' title='bbox 2361 825 2651 883; x_wconf 79' lang='grc' dir='ltr'>ἂλλακτῶν</span> <span class='ocrx_word' id='word_1_227' title='bbox 2708 824 2988 881; x_wconf 72' lang='grc' dir='ltr'><strong>ἐπαίδευσε</strong></span> <span class='ocrx_word' id='word_1_228' title='bbox 3037 822 3277 881; x_wconf 70' lang='grc' dir='ltr'><strong>δώδεκα.</strong></span> <span class='ocrx_word' id='word_1_229' title='bbox 3344 826 3534 884; x_wconf 83' lang='lat' dir='ltr'><strong>Codex</strong></span> <span class='ocrx_word' id='word_1_230' title='bbox 3588 828 3705 895; x_wconf 75' lang='grc' dir='ltr'><strong>ΘΒ,</strong></span> <span class='ocrx_word' id='word_1_231' title='bbox 3762 830 3851 883; x_wconf 74' lang='grc' dir='ltr'><strong>Διὰ</strong></span> 
     </span>
    </p>
   </div>
   <div class='ocr_carea' id='block_1_37' title="bbox 2211 910 3848 992">
    <p class='ocr_par' dir='ltr' id='par_1_37' title="bbox 2211 910 3848 992">
     <span class='ocr_line' id='line_1_37' title="bbox 2211 910 3848 992; baseline 0.004 -23"><span class='ocrx_word' id='word_1_232' title='bbox 2211 910 2597 992; x_wconf 70' lang='grc' dir='ltr'>μπγκλαῦἷων.</span> <span class='ocrx_word' id='word_1_233' title='bbox 2636 916 2999 972; x_wconf 81' lang='lat' dir='ltr'><strong>Constantia.</strong></span> <span class='ocrx_word' id='word_1_234' title='bbox 3033 913 3121 970; x_wconf 83' lang='lat' dir='ltr'><strong>De</strong></span> <span class='ocrx_word' id='word_1_235' title='bbox 3171 916 3329 970; x_wconf 85' lang='lat' dir='ltr'><strong>edm.</strong></span> <span class='ocrx_word' id='word_1_236' title='bbox 3389 916 3530 987; x_wconf 83' lang='lat' dir='ltr'><strong>imp.</strong></span> <span class='ocrx_word' id='word_1_237' title='bbox 3588 932 3714 989; x_wconf 85' lang='lat' dir='ltr'><strong>cap.</strong></span> <span class='ocrx_word' id='word_1_238' title='bbox 3745 919 3848 975; x_wconf 85' lang='lat'><strong>51:</strong></span> 
     </span>
    </p>
   </div>
   <div class='ocr_carea' id='block_1_38' title="bbox 2204 999 3849 1081">
    <p class='ocr_par' dir='ltr' id='par_1_38' title="bbox 2204 999 3849 1081">
     <span class='ocr_line' id='line_1_38' title="bbox 2204 999 3849 1081; baseline -0.001 -21"><span class='ocrx_word' id='word_1_239' title='bbox 2204 1008 2409 1060; x_wconf 76' lang='grc' dir='ltr'>Τοῦτον</span> <span class='ocrx_word' id='word_1_240' title='bbox 2457 1003 2547 1060; x_wconf 72' lang='grc' dir='ltr'>διὰ</span> <span class='ocrx_word' id='word_1_241' title='bbox 2603 999 2966 1081; x_wconf 70' lang='grc' dir='ltr'>μαγιλαϐίων</span> <span class='ocrx_word' id='word_1_242' title='bbox 3024 999 3277 1077; x_wconf 67' lang='grc' dir='ltr'>σςδοδρῶς</span> <span class='ocrx_word' id='word_1_243' title='bbox 3338 1003 3701 1078; x_wconf 67' lang='grc' dir='ltr'>ὑπεξῇρχετο.</span> <span class='ocrx_word' id='word_1_244' title='bbox 3754 1008 3849 1064; x_wconf 80' lang='lat' dir='ltr'><strong>Leo</strong></span> 
     </span>
    </p>
   </div>
   <div class='ocr_carea' id='block_1_39' title="bbox 2206 1089 3848 1169">
    <p class='ocr_par' dir='ltr' id='par_1_39' title="bbox 2206 1089 3848 1169">
     <span class='ocr_line' id='line_1_39' title="bbox 2206 1089 3848 1169; baseline -0.001 -17"><span class='ocrx_word' id='word_1_245' title='bbox 2206 1096 2686 1152; x_wconf 86' lang='lat' dir='ltr'><strong>Grammaticus:</strong></span> <span class='ocrx_word' id='word_1_246' title='bbox 2737 1092 2988 1169; x_wconf 79' lang='grc' dir='ltr'>Ἀγαγών</span> <span class='ocrx_word' id='word_1_247' title='bbox 3047 1089 3249 1154; x_wconf 70' lang='grc' dir='ltr'>αὖτοὺς</span> <span class='ocrx_word' id='word_1_248' title='bbox 3302 1093 3394 1147; x_wconf 77' lang='grc' dir='ltr'>καὶ</span> <span class='ocrx_word' id='word_1_249' title='bbox 3459 1093 3848 1166; x_wconf 76' lang='grc' dir='ltr'><strong>ἀπογυμνώσας</strong></span> 
     </span>
    </p>
   </div>
   <div class='ocr_carea' id='block_1_40' title="bbox 2206 1174 3850 1259">
    <p class='ocr_par' dir='ltr' id='par_1_40' title="bbox 2206 1174 3850 1259">
     <span class='ocr_line' id='line_1_40' title="bbox 2206 1174 3850 1259; baseline 0.002 -22"><span class='ocrx_word' id='word_1_250' title='bbox 2206 1174 2370 1257; x_wconf 76' lang='grc' dir='ltr'>ἔτυψε</span> <span class='ocrx_word' id='word_1_251' title='bbox 2402 1177 2736 1257; x_wconf 73' lang='grc' dir='ltr'>μαγχλάϐια.</span> <span class='ocrx_word' id='word_1_252' title='bbox 2788 1184 2884 1239; x_wconf 89' lang='lat' dir='ltr'><strong>Sic</strong></span> <span class='ocrx_word' id='word_1_253' title='bbox 2923 1184 2983 1238; x_wconf 90' lang='lat' dir='ltr'><strong>in</strong></span> <span class='ocrx_word' id='word_1_254' title='bbox 3040 1182 3220 1252; x_wconf 77' lang='lat' dir='ltr'><strong>Regio</strong></span> <span class='ocrx_word' id='word_1_255' title='bbox 3276 1183 3521 1251; x_wconf 84' lang='lat' dir='ltr'><strong>codice;</strong></span> <span class='ocrx_word' id='word_1_256' title='bbox 3573 1183 3699 1256; x_wconf 82' lang='lat' dir='ltr'><strong>lege</strong></span> <span class='ocrx_word' id='word_1_257' title='bbox 3731 1204 3850 1259; x_wconf 85' lang='grc' dir='ltr'>μαγ-</span> 
     </span>
    </p>
   </div>
   <div class='ocr_carea' id='block_1_41' title="bbox 2204 1266 3849 1350">
    <p class='ocr_par' dir='ltr' id='par_1_41' title="bbox 2204 1266 3849 1350">
     <span class='ocr_line' id='line_1_41' title="bbox 2204 1266 3849 1350; baseline -0.001 -23"><span class='ocrx_word' id='word_1_258' title='bbox 2204 1266 2484 1335; x_wconf 74' lang='grc' dir='ltr'>κλαϐίοις.</span> <span class='ocrx_word' id='word_1_259' title='bbox 2517 1275 2661 1329; x_wconf 89' lang='lat' dir='ltr'><strong>item</strong></span> <span class='ocrx_word' id='word_1_260' title='bbox 2695 1270 3082 1345; x_wconf 71' lang='grc' dir='ltr'>στρατηλάτην</span> <span class='ocrx_word' id='word_1_261' title='bbox 3148 1275 3268 1332; x_wconf 83' lang='grc' dir='ltr'>τοῖς</span> <span class='ocrx_word' id='word_1_262' title='bbox 3323 1273 3664 1345; x_wconf 70' lang='grc' dir='ltr'>προσήκουσι</span> <span class='ocrx_word' id='word_1_263' title='bbox 3723 1295 3849 1350; x_wconf 80' lang='grc' dir='ltr'>μαγ-</span> 
     </span>
    </p>
   </div>
   <div class='ocr_carea' id='block_1_42' title="bbox 2203 1353 3848 1436">
    <p class='ocr_par' dir='ltr' id='par_1_42' title="bbox 2203 1353 3848 1436">
     <span class='ocr_line' id='line_1_42' title="bbox 2203 1353 3848 1436; baseline 0.004 -22"><span class='ocrx_word' id='word_1_264' title='bbox 2203 1355 2458 1421; x_wconf 76' lang='grc' dir='ltr'>κλαϐίοις</span> <span class='ocrx_word' id='word_1_265' title='bbox 2514 1359 2877 1436; x_wconf 72' lang='grc' dir='ltr'><strong>ἐσωφρόνησε.</strong></span> <span class='ocrx_word' id='word_1_266' title='bbox 2942 1359 3087 1415; x_wconf 87' lang='lat' dir='ltr'><strong>Hinc</strong></span> <span class='ocrx_word' id='word_1_267' title='bbox 3172 1353 3581 1432; x_wconf 66' lang='grc' dir='ltr'>μαγκλαϐίτης.</span> <span class='ocrx_word' id='word_1_268' title='bbox 3671 1366 3848 1422; x_wconf 84' lang='lat' dir='ltr'><strong>Item:</strong></span> 
     </span>
    </p>
   </div>
   <div class='ocr_carea' id='block_1_43' title="bbox 2205 1440 3848 1521">
    <p class='ocr_par' dir='ltr' id='par_1_43' title="bbox 2205 1440 3848 1521">
     <span class='ocr_line' id='line_1_43' title="bbox 2205 1440 3848 1521; baseline 0 -18"><span class='ocrx_word' id='word_1_269' title='bbox 2205 1450 2316 1503; x_wconf 76' lang='grc' dir='ltr'>Τοῦ</span> <span class='ocrx_word' id='word_1_270' title='bbox 2348 1445 2624 1519; x_wconf 81' lang='grc' dir='ltr'>Ἀρσενίου</span> <span class='ocrx_word' id='word_1_271' title='bbox 2671 1440 2943 1513; x_wconf 70' lang='grc' dir='ltr'>ἐπιϐουὶή</span> <span class='ocrx_word' id='word_1_272' title='bbox 3002 1444 3094 1499; x_wconf 73' lang='grc' dir='ltr'><strong>καὶ</strong></span> <span class='ocrx_word' id='word_1_273' title='bbox 3152 1443 3375 1499; x_wconf 73' lang='grc' dir='ltr'>Παύλου</span> <span class='ocrx_word' id='word_1_274' title='bbox 3444 1441 3848 1521; x_wconf 73' lang='grc' dir='ltr'>μαγχλαϐιτῶν.</span> 
     </span>
    </p>
   </div>
   <div class='ocr_carea' id='block_1_44' title="bbox 2209 1530 3851 1612">
    <p class='ocr_par' dir='ltr' id='par_1_44' title="bbox 2209 1530 3851 1612">
     <span class='ocr_line' id='line_1_44' title="bbox 2209 1530 3851 1612; baseline -0.001 -18"><span class='ocrx_word' id='word_1_275' title='bbox 2209 1540 2350 1594; x_wconf 85' lang='lat' dir='ltr'><strong>Item</strong></span> <span class='ocrx_word' id='word_1_276' title='bbox 2388 1548 2409 1593; x_wconf 78' lang='lat'><strong>1&#39;</strong></span> <span class='ocrx_word' id='word_1_277' title='bbox 2434 1538 2522 1611; x_wconf 82' lang='grc' dir='ltr'><strong>Τῇ</strong></span> <span class='ocrx_word' id='word_1_278' title='bbox 2588 1530 2684 1591; x_wconf 77' lang='grc' dir='ltr'>τοῖ’)</span> <span class='ocrx_word' id='word_1_279' title='bbox 2744 1530 3125 1612; x_wconf 76' lang='grc' dir='ltr'>μαγιλαϐίτοο</span> <span class='ocrx_word' id='word_1_280' title='bbox 3174 1534 3294 1608; x_wconf 79' lang='grc' dir='ltr'><strong>ἀξίᾳ</strong></span> <span class='ocrx_word' id='word_1_281' title='bbox 3348 1536 3614 1608; x_wconf 74' lang='grc' dir='ltr'>τιμηθεὶς</span> <span class='ocrx_word' id='word_1_282' title='bbox 3670 1537 3723 1593; x_wconf 78' lang='grc' dir='ltr'>ἐν</span> <span class='ocrx_word' id='word_1_283' title='bbox 3781 1543 3851 1610; x_wconf 77' lang='grc' dir='ltr'><strong>τῷ</strong></span> 
     </span>
    </p>
   </div>
   <div class='ocr_carea' id='block_1_45' title="bbox 2207 1623 3850 1703">
    <p class='ocr_par' dir='ltr' id='par_1_45' title="bbox 2207 1623 3850 1703">
     <span class='ocr_line' id='line_1_45' title="bbox 2207 1623 3850 1703; baseline 0.004 -23"><span class='ocrx_word' id='word_1_284' title='bbox 2207 1625 2346 1701; x_wconf 67' lang='grc' dir='ltr'>οἴκῳ</span> <span class='ocrx_word' id='word_1_285' title='bbox 2395 1630 2503 1681; x_wconf 81' lang='grc' dir='ltr'><strong>τῶν</strong></span> <span class='ocrx_word' id='word_1_286' title='bbox 2576 1627 2866 1703; x_wconf 73' lang='grc' dir='ltr'>μαγγάνων</span> <span class='ocrx_word' id='word_1_287' title='bbox 2939 1623 3169 1700; x_wconf 74' lang='grc' dir='ltr'>διῃτᾶτο</span> <span class='ocrx_word' id='word_1_288' title='bbox 3252 1626 3590 1699; x_wconf 79' lang='grc' dir='ltr'>τήρόμενος.</span> <span class='ocrx_word' id='word_1_289' title='bbox 3649 1631 3850 1686; x_wconf 80' lang='lat' dir='ltr'><strong>Auctor</strong></span> 
     </span>
    </p>
   </div>
   <div class='ocr_carea' id='block_1_46' title="bbox 2208 1715 3849 1788">
    <p class='ocr_par' dir='ltr' id='par_1_46' title="bbox 2208 1715 3849 1788">
     <span class='ocr_line' id='line_1_46' title="bbox 2208 1715 3849 1788; baseline 0 -16"><span class='ocrx_word' id='word_1_290' title='bbox 2208 1719 2466 1773; x_wconf 89' lang='lat' dir='ltr'><strong>incertus</strong></span> <span class='ocrx_word' id='word_1_291' title='bbox 2497 1718 2570 1773; x_wconf 87' lang='lat' dir='ltr'><strong>de</strong></span> <span class='ocrx_word' id='word_1_292' title='bbox 2600 1715 3121 1773; x_wconf 88' lang='lat' dir='ltr'><strong>castrametatione</strong></span> <span class='ocrx_word' id='word_1_293' title='bbox 3150 1716 3211 1771; x_wconf 92' lang='lat' dir='ltr'><strong>in</strong></span> <span class='ocrx_word' id='word_1_294' title='bbox 3243 1716 3384 1771; x_wconf 90' lang='lat' dir='ltr'><strong>bibl.</strong></span> <span class='ocrx_word' id='word_1_295' title='bbox 3436 1716 3581 1788; x_wconf 78' lang='lat' dir='ltr'><strong>Reg.</strong></span> <span class='ocrx_word' id='word_1_296' title='bbox 3615 1715 3721 1771; x_wconf 78' lang='grc' dir='ltr'>Σὺν</span> <span class='ocrx_word' id='word_1_297' title='bbox 3746 1721 3849 1779; x_wconf 86' lang='grc' dir='ltr'>τοῖς</span> 
     </span>
    </p>
   </div>
   <div class='ocr_carea' id='block_1_47' title="bbox 2210 1799 3846 1881">
    <p class='ocr_par' dir='ltr' id='par_1_47' title="bbox 2210 1799 3846 1881">
     <span class='ocr_line' id='line_1_47' title="bbox 2210 1799 3846 1881; baseline 0.002 -21"><span class='ocrx_word' id='word_1_298' title='bbox 2210 1799 2613 1881; x_wconf 76' lang='grc' dir='ltr'>μαγχλαϐίταις</span> <span class='ocrx_word' id='word_1_299' title='bbox 2662 1803 3027 1875; x_wconf 78' lang='grc' dir='ltr'><strong>στηκέτωσαν.</strong></span> <span class='ocrx_word' id='word_1_300' title='bbox 3058 1804 3205 1861; x_wconf 78' lang='lat' dir='ltr'><strong>Vide</strong></span> <span class='ocrx_word' id='word_1_301' title='bbox 3259 1805 3606 1875; x_wconf 85' lang='lat' dir='ltr'><strong>Cedrennm,</strong></span> <span class='ocrx_word' id='word_1_302' title='bbox 3644 1824 3699 1880; x_wconf 88' lang='lat' dir='ltr'><strong>p.</strong></span> <span class='ocrx_word' id='word_1_303' title='bbox 3755 1808 3846 1863; x_wconf 78' lang='lat'><strong>622</strong></span> 
     </span>
    </p>
   </div>
   <div class='ocr_carea' id='block_1_48' title="bbox 2210 1894 3842 1968">
    <p class='ocr_par' dir='ltr' id='par_1_48' title="bbox 2210 1894 3842 1968">
     <span class='ocr_line' id='line_1_48' title="bbox 2210 1894 3842 1968; baseline 0.001 -17"><span class='ocrx_word' id='word_1_304' title='bbox 2210 1899 2273 1963; x_wconf 90' lang='grc' dir='ltr'><strong>Β,</strong></span> <span class='ocrx_word' id='word_1_305' title='bbox 2313 1906 2368 1953; x_wconf 90' lang='lat' dir='ltr'><strong>et</strong></span> <span class='ocrx_word' id='word_1_306' title='bbox 2400 1896 2481 1952; x_wconf 89' lang='lat' dir='ltr'><strong>ibi</strong></span> <span class='ocrx_word' id='word_1_307' title='bbox 2513 1902 2682 1955; x_wconf 84' lang='lat' dir='ltr'><strong>notas</strong></span> <span class='ocrx_word' id='word_1_308' title='bbox 2714 1895 3067 1968; x_wconf 82' lang='lat' dir='ltr'><strong>posteriores</strong></span> <span class='ocrx_word' id='word_1_309' title='bbox 3089 1894 3480 1950; x_wconf 84' lang='lat' dir='ltr'><strong>eruditissimi</strong></span> <span class='ocrx_word' id='word_1_310' title='bbox 3511 1896 3622 1952; x_wconf 84' lang='lat' dir='ltr'><strong>viri</strong></span> <span class='ocrx_word' id='word_1_311' title='bbox 3664 1897 3842 1954; x_wconf 80' lang='lat' dir='ltr'><strong>Jacobi</strong></span> 
     </span>
    </p>
   </div>
   <div class='ocr_carea' id='block_1_49' title="bbox 2204 1985 2375 2043">
    <p class='ocr_par' dir='ltr' id='par_1_49' title="bbox 2204 1985 2375 2043">
     <span class='ocr_line' id='line_1_49' title="bbox 2204 1985 2375 2043; baseline -0.012 0"><span class='ocrx_word' id='word_1_312' title='bbox 2204 1985 2375 2043; x_wconf 88' lang='lat' dir='ltr'><strong>Goar.</strong></span> 
     </span>
    </p>
   </div>
   <div class='ocr_carea' id='block_1_50' title="bbox 2278 2071 3841 2150">
    <p class='ocr_par' dir='ltr' id='par_1_50' title="bbox 2278 2071 3841 2150">
     <span class='ocr_line' id='line_1_50' title="bbox 2278 2071 3841 2150; baseline 0.001 -18"><span class='ocrx_word' id='word_1_313' title='bbox 2278 2071 2574 2150; x_wconf 67' lang='grc' dir='ltr'>Μᾶγουλον</span> <span class='ocrx_word' id='word_1_314' title='bbox 2605 2084 2775 2148; x_wconf 80' lang='lat' dir='ltr'><strong>gena.</strong></span> <span class='ocrx_word' id='word_1_315' title='bbox 2804 2074 3051 2148; x_wconf 77' lang='lat' dir='ltr'><strong>Cyrillus</strong></span> <span class='ocrx_word' id='word_1_316' title='bbox 3082 2074 3416 2145; x_wconf 68' lang='lat' dir='ltr'><strong>patriarcha</strong></span> <span class='ocrx_word' id='word_1_317' title='bbox 3436 2075 3544 2131; x_wconf 81' lang='lat' dir='ltr'><strong>GP.</strong></span> <span class='ocrx_word' id='word_1_318' title='bbox 3569 2076 3841 2133; x_wconf 80' lang='lat' dir='ltr'><strong>Adversus</strong></span> 
     </span>
    </p>
   </div>
   <div class='ocr_carea' id='block_1_51' title="bbox 2204 2162 3840 2242">
    <p class='ocr_par' dir='ltr' id='par_1_51' title="bbox 2204 2162 3840 2242">
     <span class='ocr_line' id='line_1_51' title="bbox 2204 2162 3840 2242; baseline -0.002 -18"><span class='ocrx_word' id='word_1_319' title='bbox 2204 2169 2434 2225; x_wconf 70' lang='lat' dir='ltr'><strong>Judazos</strong></span> <span class='ocrx_word' id='word_1_320' title='bbox 2457 2184 2585 2240; x_wconf 83' lang='lat' dir='ltr'><strong>cap.</strong></span> <span class='ocrx_word' id='word_1_321' title='bbox 2618 2169 2912 2239; x_wconf 72' lang='lat' dir='ltr'><strong>2,.qnest.</strong></span> <span class='ocrx_word' id='word_1_322' title='bbox 2950 2183 2969 2221; x_wconf 88' lang='grc' dir='ltr'><strong>ι</strong></span> <span class='ocrx_word' id='word_1_323' title='bbox 3002 2184 3017 2223; x_wconf 89' lang='lat'><strong>:</strong></span> <span class='ocrx_word' id='word_1_324' title='bbox 3049 2164 3277 2227; x_wconf 83' lang='grc' dir='ltr'>Ὀποῖός</span> <span class='ocrx_word' id='word_1_325' title='bbox 3335 2184 3418 2219; x_wconf 88' lang='grc' dir='ltr'>σοι</span> <span class='ocrx_word' id='word_1_326' title='bbox 3451 2162 3603 2241; x_wconf 81' lang='grc' dir='ltr'>δώσῃ</span> <span class='ocrx_word' id='word_1_327' title='bbox 3641 2165 3731 2221; x_wconf 83' lang='grc' dir='ltr'><strong>ἓνα</strong></span> <span class='ocrx_word' id='word_1_328' title='bbox 3756 2167 3840 2242; x_wconf 77' lang='grc' dir='ltr'><strong>ῥά-</strong></span> 
     </span>
    </p>
   </div>
   <div class='ocr_carea' id='block_1_52' title="bbox 2205 2249 3840 2331">
    <p class='ocr_par' dir='ltr' id='par_1_52' title="bbox 2205 2249 3840 2331">
     <span class='ocr_line' id='line_1_52' title="bbox 2205 2249 3840 2331; baseline 0 -19"><span class='ocrx_word' id='word_1_329' title='bbox 2205 2277 2385 2331; x_wconf 84' lang='grc' dir='ltr'>πισμα</span> <span class='ocrx_word' id='word_1_330' title='bbox 2447 2254 2524 2319; x_wconf 76' lang='grc' dir='ltr'><strong>εἰς</strong></span> <span class='ocrx_word' id='word_1_331' title='bbox 2582 2255 2645 2312; x_wconf 87' lang='grc' dir='ltr'>τὸ</span> <span class='ocrx_word' id='word_1_332' title='bbox 2711 2249 2800 2310; x_wconf 80' lang='grc' dir='ltr'>ἕνα</span> <span class='ocrx_word' id='word_1_333' title='bbox 2868 2256 3170 2330; x_wconf 76' lang='grc' dir='ltr'>μάγουλον,</span> <span class='ocrx_word' id='word_1_334' title='bbox 3223 2254 3445 2330; x_wconf 78' lang='grc' dir='ltr'>γύρισαί</span> <span class='ocrx_word' id='word_1_335' title='bbox 3499 2276 3600 2311; x_wconf 85' lang='grc' dir='ltr'><strong>του</strong></span> <span class='ocrx_word' id='word_1_336' title='bbox 3654 2256 3738 2312; x_wconf 79' lang='grc' dir='ltr'><strong>καὶ</strong></span> <span class='ocrx_word' id='word_1_337' title='bbox 3786 2258 3840 2312; x_wconf 79' lang='grc' dir='ltr'>τὸ</span> 
     </span>
    </p>
   </div>
   <div class='ocr_carea' id='block_1_53' title="bbox 2205 2340 3841 2419">
    <p class='ocr_par' dir='ltr' id='par_1_53' title="bbox 2205 2340 3841 2419">
     <span class='ocr_line' id='line_1_53' title="bbox 2205 2340 3841 2419; baseline -0.001 -18"><span class='ocrx_word' id='word_1_338' title='bbox 2205 2342 2373 2403; x_wconf 72' lang='grc' dir='ltr'>ἄλλο.</span> <span class='ocrx_word' id='word_1_339' title='bbox 2416 2351 2631 2402; x_wconf 82' lang='lat' dir='ltr'><strong>Auctor</strong></span> <span class='ocrx_word' id='word_1_340' title='bbox 2687 2344 2781 2402; x_wconf 73' lang='grc' dir='ltr'><strong>ΘΒ</strong></span> <span class='ocrx_word' id='word_1_341' title='bbox 2814 2342 3065 2419; x_wconf 77' lang='grc' dir='ltr'>μάγουλα</span> <span class='ocrx_word' id='word_1_342' title='bbox 3105 2340 3489 2418; x_wconf 83' lang='grc' dir='ltr'>ῥοδοκόκκινα,</span> <span class='ocrx_word' id='word_1_343' title='bbox 3548 2341 3841 2401; x_wconf 78' lang='grc' dir='ltr'>αὖτόόαπτα</span> 
     </span>
    </p>
   </div>
   <div class='ocr_carea' id='block_1_54' title="bbox 2205 2429 3838 2511">
    <p class='ocr_par' dir='ltr' id='par_1_54' title="bbox 2205 2429 3838 2511">
     <span class='ocr_line' id='line_1_54' title="bbox 2205 2429 3838 2511; baseline -0.002 -18"><span class='ocrx_word' id='word_1_344' title='bbox 2205 2436 2272 2493; x_wconf 84' lang='grc' dir='ltr'><strong>τὰ</strong></span> <span class='ocrx_word' id='word_1_345' title='bbox 2305 2432 2497 2510; x_wconf 80' lang='grc' dir='ltr'>χείλη.</span> <span class='ocrx_word' id='word_1_346' title='bbox 2538 2432 2732 2493; x_wconf 83' lang='lat' dir='ltr'><strong>Gloss.</strong></span> <span class='ocrx_word' id='word_1_347' title='bbox 2767 2448 2876 2492; x_wconf 80' lang='lat' dir='ltr'><strong>nis.</strong></span> <span class='ocrx_word' id='word_1_348' title='bbox 2918 2429 3110 2511; x_wconf 80' lang='grc' dir='ltr'>γνάθοι</span> <span class='ocrx_word' id='word_1_349' title='bbox 3143 2432 3417 2508; x_wconf 72' lang='grc' dir='ltr'>μάγουλα,</span> <span class='ocrx_word' id='word_1_350' title='bbox 3458 2435 3595 2492; x_wconf 81' lang='lat' dir='ltr'><strong>item</strong></span> <span class='ocrx_word' id='word_1_351' title='bbox 3645 2432 3838 2511; x_wconf 81' lang='grc' dir='ltr'>παρειαί</span> 
     </span>
    </p>
   </div>
   <div class='ocr_carea' id='block_1_55' title="bbox 2207 2519 3832 2600">
    <p class='ocr_par' dir='ltr' id='par_1_55' title="bbox 2207 2519 3832 2600">
     <span class='ocr_line' id='line_1_55' title="bbox 2207 2519 3832 2600; baseline 0.002 -22"><span class='ocrx_word' id='word_1_352' title='bbox 2207 2524 2263 2579; x_wconf 74' lang='grc' dir='ltr'><strong>αἱ</strong></span> <span class='ocrx_word' id='word_1_353' title='bbox 2317 2523 2503 2600; x_wconf 80' lang='grc' dir='ltr'>γνάθοι</span> <span class='ocrx_word' id='word_1_354' title='bbox 2560 2522 2688 2592; x_wconf 75' lang='grc' dir='ltr'>ἢτοι</span> <span class='ocrx_word' id='word_1_355' title='bbox 2744 2522 2813 2577; x_wconf 72' lang='grc' dir='ltr'><strong>τὰ</strong></span> <span class='ocrx_word' id='word_1_356' title='bbox 2878 2519 3149 2596; x_wconf 81' lang='grc' dir='ltr'>μάγουλα.</span> <span class='ocrx_word' id='word_1_357' title='bbox 3227 2523 3371 2579; x_wconf 85' lang='lat' dir='ltr'><strong>Hinc</strong></span> <span class='ocrx_word' id='word_1_358' title='bbox 3416 2521 3832 2599; x_wconf 76' lang='grc' dir='ltr'>κατομᾶγουλον.</span> 
     </span>
    </p>
   </div>
   <div class='ocr_carea' id='block_1_56' title="bbox 2206 2603 3830 2688">
    <p class='ocr_par' dir='ltr' id='par_1_56' title="bbox 2206 2603 3830 2688">
     <span class='ocr_line' id='line_1_56' title="bbox 2206 2603 3830 2688; baseline -0.002 -18"><span class='ocrx_word' id='word_1_359' title='bbox 2206 2616 2435 2671; x_wconf 77' lang='lat' dir='ltr'><strong>Nicetes</strong></span> <span class='ocrx_word' id='word_1_360' title='bbox 2466 2631 2521 2685; x_wconf 87' lang='lat' dir='ltr'><strong>p.</strong></span> <span class='ocrx_word' id='word_1_361' title='bbox 2561 2613 2671 2669; x_wconf 82' lang='grc'><strong>238</strong></span> <span class='ocrx_word' id='word_1_362' title='bbox 2702 2629 2736 2669; x_wconf 86' lang='lat' dir='ltr'><strong>a</strong></span> <span class='ocrx_word' id='word_1_363' title='bbox 2788 2611 2887 2679; x_wconf 78' lang='grc' dir='ltr'>τῆν</span> <span class='ocrx_word' id='word_1_364' title='bbox 2944 2611 3093 2665; x_wconf 75' lang='grc' dir='ltr'>κάτω</span> <span class='ocrx_word' id='word_1_365' title='bbox 3152 2603 3306 2688; x_wconf 82' lang='grc' dir='ltr'>γένυν</span> <span class='ocrx_word' id='word_1_366' title='bbox 3360 2611 3684 2686; x_wconf 80' lang='grc' dir='ltr'>τρομαλείαν</span> <span class='ocrx_word' id='word_1_367' title='bbox 3735 2610 3830 2667; x_wconf 81' lang='grc' dir='ltr'>δει-</span> 
     </span>
    </p>
   </div>
   <div class='ocr_carea' id='block_1_57' title="bbox 2204 2698 3829 2777">
    <p class='ocr_par' dir='ltr' id='par_1_57' title="bbox 2204 2698 3829 2777">
     <span class='ocr_line' id='line_1_57' title="bbox 2204 2698 3829 2777; baseline 0 -20"><span class='ocrx_word' id='word_1_368' title='bbox 2204 2701 2346 2764; x_wconf 71' lang='grc' dir='ltr'>κνύς.</span> <span class='ocrx_word' id='word_1_369' title='bbox 2379 2701 2572 2758; x_wconf 81' lang='lat' dir='ltr'><strong>Codex</strong></span> <span class='ocrx_word' id='word_1_370' title='bbox 2603 2702 2720 2772; x_wconf 70' lang='grc' dir='ltr'><strong>(ΞΒ,</strong></span> <span class='ocrx_word' id='word_1_371' title='bbox 2748 2698 3158 2777; x_wconf 82' lang='grc' dir='ltr'>Κατομάγουλα</span> <span class='ocrx_word' id='word_1_372' title='bbox 3209 2703 3319 2754; x_wconf 83' lang='grc' dir='ltr'><strong>τῶν</strong></span> <span class='ocrx_word' id='word_1_373' title='bbox 3381 2704 3620 2775; x_wconf 83' lang='grc' dir='ltr'>γενειῶν.</span> <span class='ocrx_word' id='word_1_374' title='bbox 3669 2702 3829 2758; x_wconf 84' lang='lat' dir='ltr'><strong>Hodie</strong></span> 
     </span>
    </p>
   </div>
   <div class='ocr_carea' id='block_1_58' title="bbox 2210 2788 2712 2868">
    <p class='ocr_par' dir='ltr' id='par_1_58' title="bbox 2210 2788 2712 2868">
     <span class='ocr_line' id='line_1_58' title="bbox 2210 2788 2712 2868; baseline 0 -23"><span class='ocrx_word' id='word_1_375' title='bbox 2210 2788 2460 2868; x_wconf 74' lang='grc' dir='ltr'>μάγουλο</span> <span class='ocrx_word' id='word_1_376' title='bbox 2490 2791 2712 2846; x_wconf 87' lang='lat' dir='ltr'><strong>dicunt.</strong></span> 
     </span>
    </p>
   </div>
   <div class='ocr_carea' id='block_1_59' title="bbox 2278 2884 3819 2961">
    <p class='ocr_par' dir='ltr' id='par_1_59' title="bbox 2278 2884 3819 2961">
     <span class='ocr_line' id='line_1_59' title="bbox 2278 2884 3819 2961; baseline -0.003 -16"><span class='ocrx_word' id='word_1_377' title='bbox 2278 2885 2668 2960; x_wconf 83' lang='grc' dir='ltr'>Μακελλάριος</span> <span class='ocrx_word' id='word_1_378' title='bbox 2729 2884 2946 2956; x_wconf 79' lang='lat' dir='ltr'><strong>lanius,</strong></span> <span class='ocrx_word' id='word_1_379' title='bbox 3004 2886 3278 2944; x_wconf 87' lang='lat' dir='ltr'><strong>laniator.</strong></span> <span class='ocrx_word' id='word_1_380' title='bbox 3331 2887 3819 2961; x_wconf 79' lang='lat' dir='ltr'><strong>Astrampsychus:</strong></span> 
     </span>
    </p>
   </div>
   <div class='ocr_carea' id='block_1_60' title="bbox 2208 2970 3817 3050">
    <p class='ocr_par' dir='ltr' id='par_1_60' title="bbox 2208 2970 3817 3050">
     <span class='ocr_line' id='line_1_60' title="bbox 2208 2970 3817 3050; baseline -0.002 -19"><span class='ocrx_word' id='word_1_381' title='bbox 2208 2974 2385 3047; x_wconf 80' lang='grc' dir='ltr'><strong>Δηλοῖ</strong></span> <span class='ocrx_word' id='word_1_382' title='bbox 2436 2972 2494 3030; x_wconf 73' lang='grc' dir='ltr'><strong>δὲ</strong></span> <span class='ocrx_word' id='word_1_383' title='bbox 2524 2974 2661 3031; x_wconf 81' lang='grc' dir='ltr'>εἶναι</span> <span class='ocrx_word' id='word_1_384' title='bbox 2716 2976 2809 3030; x_wconf 86' lang='grc' dir='ltr'>τὸν</span> <span class='ocrx_word' id='word_1_385' title='bbox 2866 2970 3142 3050; x_wconf 79' lang='grc' dir='ltr'>ἄνθρωπόν</span> <span class='ocrx_word' id='word_1_386' title='bbox 3206 2972 3548 3050; x_wconf 76' lang='grc' dir='ltr'>μακελλᾶρην</span> <span class='ocrx_word' id='word_1_387' title='bbox 3594 2973 3673 3030; x_wconf 72' lang='grc' dir='ltr'><strong>καὶ</strong></span> <span class='ocrx_word' id='word_1_388' title='bbox 3720 2972 3817 3047; x_wconf 74' lang='grc' dir='ltr'>μά-</span> 
     </span>
    </p>
   </div>
   <div class='ocr_carea' id='block_1_61' title="bbox 2206 3063 3008 3141">
    <p class='ocr_par' dir='ltr' id='par_1_61' title="bbox 2206 3063 3008 3141">
     <span class='ocr_line' id='line_1_61' title="bbox 2206 3063 3008 3141; baseline 0.004 -20"><span class='ocrx_word' id='word_1_389' title='bbox 2206 3085 2408 3141; x_wconf 88' lang='grc' dir='ltr'>γειρον.</span> <span class='ocrx_word' id='word_1_390' title='bbox 2454 3067 2636 3123; x_wconf 88' lang='lat' dir='ltr'><strong>Hodie</strong></span> <span class='ocrx_word' id='word_1_391' title='bbox 2669 3063 3008 3140; x_wconf 74' lang='grc' dir='ltr'>μακελάρης.</span> 
     </span>
    </p>
   </div>
   <div class='ocr_carea' id='block_1_62' title="bbox 2280 3150 3810 3228">
    <p class='ocr_par' dir='ltr' id='par_1_62' title="bbox 2280 3150 3810 3228">
     <span class='ocr_line' id='line_1_62' title="bbox 2280 3150 3810 3228; baseline -0.004 -15"><span class='ocrx_word' id='word_1_392' title='bbox 2280 3152 2494 3213; x_wconf 84' lang='grc' dir='ltr'>Μαλίον</span> <span class='ocrx_word' id='word_1_393' title='bbox 2562 3157 2826 3228; x_wconf 79' lang='lat' dir='ltr'><strong>capillus.</strong></span> <span class='ocrx_word' id='word_1_394' title='bbox 2885 3157 3023 3228; x_wconf 82' lang='lat' dir='ltr'><strong>Pag.</strong></span> <span class='ocrx_word' id='word_1_395' title='bbox 3081 3155 3187 3212; x_wconf 85' lang='lat'><strong>382</strong></span> <span class='ocrx_word' id='word_1_396' title='bbox 3238 3156 3298 3223; x_wconf 90' lang='lat' dir='ltr'><strong>d,</strong></span> <span class='ocrx_word' id='word_1_397' title='bbox 3355 3150 3459 3213; x_wconf 75' lang='grc' dir='ltr'><strong>Καὶ</strong></span> <span class='ocrx_word' id='word_1_398' title='bbox 3511 3154 3598 3217; x_wconf 77' lang='grc' dir='ltr'><strong>τὰς</strong></span> <span class='ocrx_word' id='word_1_399' title='bbox 3639 3153 3810 3228; x_wconf 69' lang='grc' dir='ltr'>τρίχας</span> 
     </span>
    </p>
   </div>
   <div class='ocr_carea' id='block_1_63' title="bbox 2210 3241 3824 3321">
    <p class='ocr_par' dir='ltr' id='par_1_63' title="bbox 2210 3241 3824 3321">
     <span class='ocr_line' id='line_1_63' title="bbox 2210 3241 3824 3321; baseline -0.001 -21"><span class='ocrx_word' id='word_1_400' title='bbox 2210 3244 2700 3321; x_wconf 81' lang='grc' dir='ltr'>σονεστραμμένας.</span> <span class='ocrx_word' id='word_1_401' title='bbox 2780 3246 2967 3302; x_wconf 81' lang='lat' dir='ltr'><strong>Codex</strong></span> <span class='ocrx_word' id='word_1_402' title='bbox 3062 3244 3175 3315; x_wconf 67' lang='grc' dir='ltr'><strong>(ΞΒ,</strong></span> <span class='ocrx_word' id='word_1_403' title='bbox 3236 3241 3429 3317; x_wconf 76' lang='grc' dir='ltr'>μαλῖα.</span> <span class='ocrx_word' id='word_1_404' title='bbox 3517 3246 3824 3302; x_wconf 76' lang='lat' dir='ltr'><strong>Ammianus</strong></span> 
     </span>
    </p>
   </div>
   <div class='ocr_carea' id='block_1_64' title="bbox 503 3309 2088 3409">
    <p class='ocr_par' dir='ltr' id='par_1_64' title="bbox 503 3309 2078 3402">
     <span class='ocr_line' id='line_1_64' title="bbox 503 3309 2078 3402; baseline -0.003 -13"><span class='ocrx_word' id='word_1_405' title='bbox 503 3309 733 3402; x_wconf 68' lang='grc' dir='ltr'>Λευίτης</span> <span class='ocrx_word' id='word_1_406' title='bbox 793 3326 1010 3402; x_wconf 86' lang='lat' dir='ltr'><strong>Levita,</strong></span> <span class='ocrx_word' id='word_1_407' title='bbox 1070 3328 1374 3389; x_wconf 83' lang='lat' dir='ltr'><strong>diaconus.</strong></span> <span class='ocrx_word' id='word_1_408' title='bbox 1433 3328 1621 3387; x_wconf 87' lang='lat' dir='ltr'><strong>Gloss.</strong></span> <span class='ocrx_word' id='word_1_409' title='bbox 1682 3344 1795 3385; x_wconf 85' lang='lat' dir='ltr'><strong>me.</strong></span> <span class='ocrx_word' id='word_1_410' title='bbox 1855 3322 2078 3394; x_wconf 73' lang='grc' dir='ltr'>λευίτης</span> 
     </span>
    </p>
   </div>
   <div class='ocr_carea' id='block_1_65' title="bbox 2210 3309 3831 3409">
    <p class='ocr_par' dir='ltr' id='par_1_65' title="bbox 2210 3309 3831 3409">
     <span class='ocr_line' id='line_1_65' title="bbox 2210 3309 3831 3409; baseline -0.003 -19"><span class='ocrx_word' id='word_1_411' title='bbox 2210 3309 2437 3394; x_wconf 82' lang='lat' dir='ltr'><strong>Anthoi.</strong></span> <span class='ocrx_word' id='word_1_412' title='bbox 2473 3309 2602 3391; x_wconf 34' lang='lat' dir='ltr'><strong>ulib.</strong></span> <span class='ocrx_word' id='word_1_413' title='bbox 2660 3352 2724 3403; x_wconf 80' lang='grc' dir='ltr'>ιι,</span> <span class='ocrx_word' id='word_1_414' title='bbox 2781 3351 2912 3406; x_wconf 83' lang='lat' dir='ltr'><strong>cap.</strong></span> <span class='ocrx_word' id='word_1_415' title='bbox 2967 3335 3061 3403; x_wconf 89' lang='lat'><strong>52,</strong></span> <span class='ocrx_word' id='word_1_416' title='bbox 3118 3309 3293 3409; x_wconf 54' lang='lat' dir='ltr'><strong>epiér.</strong></span> <span class='ocrx_word' id='word_1_417' title='bbox 3328 3335 3420 3390; x_wconf 88' lang='lat'><strong>5:</strong></span> <span class='ocrx_word' id='word_1_418' title='bbox 3467 3334 3565 3388; x_wconf 81' lang='grc' dir='ltr'><strong>Καὶ</strong></span> <span class='ocrx_word' id='word_1_419' title='bbox 3619 3330 3831 3400; x_wconf 81' lang='grc' dir='ltr'>στόλιον,</span> 
     </span>
    </p>
   </div>
   <div class='ocr_carea' id='block_1_66' title="bbox 432 3419 1171 3494">
    <p class='ocr_par' dir='ltr' id='par_1_66' title="bbox 432 3419 1171 3494">
     <span class='ocr_line' id='line_1_66' title="bbox 432 3419 1171 3494; baseline -0.003 -15"><span class='ocrx_word' id='word_1_420' title='bbox 432 3419 701 3483; x_wconf 77' lang='grc' dir='ltr'>διάκονος.</span> <span class='ocrx_word' id='word_1_421' title='bbox 744 3421 1027 3494; x_wconf 87' lang='lat' dir='ltr'><strong>Corippus</strong></span> <span class='ocrx_word' id='word_1_422' title='bbox 1051 3421 1121 3475; x_wconf 85' lang='lat'><strong>93</strong></span> <span class='ocrx_word' id='word_1_423' title='bbox 1156 3436 1171 3477; x_wconf 91' lang='lat'><strong>:</strong></span> 
     </span>
    </p>
   </div>
   <div class='ocr_carea' id='block_1_67' title="bbox 499 3509 1862 3570">
    <p class='ocr_par' dir='ltr' id='par_1_67' title="bbox 499 3509 1862 3570">
     <span class='ocr_line' id='line_1_67' title="bbox 499 3509 1862 3570; baseline -0.005 0"><span class='ocrx_word' id='word_1_424' title='bbox 499 3513 637 3570; x_wconf 82' lang='lat' dir='ltr'><strong>Hinc</strong></span> <span class='ocrx_word' id='word_1_425' title='bbox 663 3512 978 3570; x_wconf 81' lang='lat' dir='ltr'><strong>Levilarum</strong></span> <span class='ocrx_word' id='word_1_426' title='bbox 1011 3510 1353 3569; x_wconf 75' lang='lat' dir='ltr'><strong>venerabilis</strong></span> <span class='ocrx_word' id='word_1_427' title='bbox 1390 3509 1518 3566; x_wconf 86' lang='lat' dir='ltr'><strong>ordo</strong></span> <span class='ocrx_word' id='word_1_428' title='bbox 1546 3510 1862 3565; x_wconf 67' lang='lat' dir='ltr'><strong>canentum.</strong></span> 
     </span>
    </p>
   </div>
   <div class='ocr_carea' id='block_1_68' title="bbox 422 3594 2081 3676">
    <p class='ocr_par' dir='ltr' id='par_1_68' title="bbox 422 3594 2081 3676">
     <span class='ocr_line' id='line_1_68' title="bbox 422 3594 2081 3676; baseline -0.007 -15"><span class='ocrx_word' id='word_1_429' title='bbox 422 3602 580 3661; x_wconf 89' lang='lat' dir='ltr'><strong>Nihil</strong></span> <span class='ocrx_word' id='word_1_430' title='bbox 611 3602 976 3676; x_wconf 77' lang='lat' dir='ltr'><strong>frequentius</strong></span> <span class='ocrx_word' id='word_1_431' title='bbox 1007 3600 1067 3657; x_wconf 92' lang='lat' dir='ltr'><strong>in</strong></span> <span class='ocrx_word' id='word_1_432' title='bbox 1099 3600 1268 3656; x_wconf 87' lang='lat' dir='ltr'><strong>libris</strong></span> <span class='ocrx_word' id='word_1_433' title='bbox 1292 3602 1554 3657; x_wconf 85' lang='lat' dir='ltr'><strong>Patrum.</strong></span> <span class='ocrx_word' id='word_1_434' title='bbox 1580 3599 1725 3653; x_wconf 89' lang='lat' dir='ltr'><strong>Hinc</strong></span> <span class='ocrx_word' id='word_1_435' title='bbox 1744 3594 2081 3654; x_wconf 86' lang='lat' dir='ltr'><strong>archilevita</strong></span> 
     </span>
    </p>
   </div>
   <div class='ocr_carea' id='block_1_69' title="bbox 411 3684 2077 3767">
    <p class='ocr_par' dir='ltr' id='par_1_69' title="bbox 411 3684 2077 3767">
     <span class='ocr_line' id='line_1_69' title="bbox 411 3684 2077 3767; baseline -0.005 -17"><span class='ocrx_word' id='word_1_436' title='bbox 411 3710 515 3767; x_wconf 84' lang='lat' dir='ltr'><strong>pro</strong></span> <span class='ocrx_word' id='word_1_437' title='bbox 575 3692 1011 3750; x_wconf 84' lang='lat' dir='ltr'><strong>archidiacono.</strong></span> <span class='ocrx_word' id='word_1_438' title='bbox 1068 3684 1365 3748; x_wconf 76' lang='lat' dir='ltr'><strong>Goli’ridus</strong></span> <span class='ocrx_word' id='word_1_439' title='bbox 1435 3690 1604 3760; x_wconf 87' lang='lat' dir='ltr'><strong>epist.</strong></span> <span class='ocrx_word' id='word_1_440' title='bbox 1668 3688 1758 3754; x_wconf 87' lang='grc'><strong>17,</strong></span> <span class='ocrx_word' id='word_1_441' title='bbox 1811 3685 1913 3741; x_wconf 91' lang='lat' dir='ltr'><strong>lib.</strong></span> <span class='ocrx_word' id='word_1_442' title='bbox 1973 3701 2077 3742; x_wconf 84' lang='lat' dir='ltr'><strong>n:</strong></span> 
     </span>
    </p>
   </div>
   <div class='ocr_carea' id='block_1_70' title="bbox 414 3772 2077 3854">
    <p class='ocr_par' dir='ltr' id='par_1_70' title="bbox 414 3772 2077 3854">
     <span class='ocr_line' id='line_1_70' title="bbox 414 3772 2077 3854; baseline -0.006 -14"><span class='ocrx_word' id='word_1_443' title='bbox 414 3783 713 3841; x_wconf 75' lang='lat' dir='ltr'><strong>Indiscrcle</strong></span> <span class='ocrx_word' id='word_1_444' title='bbox 739 3782 1013 3854; x_wconf 75' lang='lat' dir='ltr'><strong>gloriosus</strong></span> <span class='ocrx_word' id='word_1_445' title='bbox 1046 3788 1225 3837; x_wconf 74' lang='lat' dir='ltr'><strong>t-cster</strong></span> <span class='ocrx_word' id='word_1_446' title='bbox 1258 3779 1611 3847; x_wconf 81' lang='lat' dir='ltr'><strong>archilevita,</strong></span> <span class='ocrx_word' id='word_1_447' title='bbox 1642 3782 1750 3834; x_wconf 90' lang='lat' dir='ltr'><strong>etc.</strong></span> <span class='ocrx_word' id='word_1_448' title='bbox 1791 3772 2077 3833; x_wconf 86' lang='lat' dir='ltr'><strong>Nimirum</strong></span> 
     </span>
    </p>
   </div>
   <div class='ocr_carea' id='block_1_71' title="bbox 421 3861 2083 3942">
    <p class='ocr_par' dir='ltr' id='par_1_71' title="bbox 421 3861 2083 3942">
     <span class='ocr_line' id='line_1_71' title="bbox 421 3861 2083 3942; baseline -0.005 -14"><span class='ocrx_word' id='word_1_449' title='bbox 421 3870 577 3942; x_wconf 89' lang='lat' dir='ltr'><strong>quod</strong></span> <span class='ocrx_word' id='word_1_450' title='bbox 613 3872 805 3928; x_wconf 82' lang='lat' dir='ltr'><strong>Aaron</strong></span> <span class='ocrx_word' id='word_1_451' title='bbox 834 3873 893 3926; x_wconf 91' lang='lat' dir='ltr'><strong>et</strong></span> <span class='ocrx_word' id='word_1_452' title='bbox 948 3869 1054 3925; x_wconf 80' lang='lat' dir='ltr'><strong>ﬁlii</strong></span> <span class='ocrx_word' id='word_1_453' title='bbox 1115 3869 1245 3940; x_wconf 87' lang='lat' dir='ltr'><strong>ejus</strong></span> <span class='ocrx_word' id='word_1_454' title='bbox 1305 3873 1482 3940; x_wconf 88' lang='lat' dir='ltr'><strong>atque</strong></span> <span class='ocrx_word' id='word_1_455' title='bbox 1525 3866 1729 3922; x_wconf 61' lang='lat' dir='ltr'><strong>Levita;</strong></span> <span class='ocrx_word' id='word_1_456' title='bbox 1761 3864 1819 3920; x_wconf 90' lang='lat' dir='ltr'><strong>in</strong></span> <span class='ocrx_word' id='word_1_457' title='bbox 1861 3861 2083 3934; x_wconf 86' lang='lat' dir='ltr'><strong>templo</strong></span> 
     </span>
    </p>
   </div>
   <div class='ocr_carea' id='block_1_72' title="bbox 419 3950 2078 4032">
    <p class='ocr_par' dir='ltr' id='par_1_72' title="bbox 419 3950 2078 4032">
     <span class='ocr_line' id='line_1_72' title="bbox 419 3950 2078 4032; baseline -0.005 -17"><span class='ocrx_word' id='word_1_458' title='bbox 419 3959 685 4028; x_wconf 79' lang='lat' dir='ltr'><strong>fuerunt,</strong></span> <span class='ocrx_word' id='word_1_459' title='bbox 721 3958 827 4015; x_wconf 91' lang='lat' dir='ltr'><strong>hoc</strong></span> <span class='ocrx_word' id='word_1_460' title='bbox 857 3950 1115 4032; x_wconf 81' lang='lat' dir='ltr'><strong>episcOpi</strong></span> <span class='ocrx_word' id='word_1_461' title='bbox 1173 3960 1229 4013; x_wconf 90' lang='lat' dir='ltr'><strong>et</strong></span> <span class='ocrx_word' id='word_1_462' title='bbox 1269 3956 1593 4030; x_wconf 81' lang='lat' dir='ltr'><strong>presbyteri</strong></span> <span class='ocrx_word' id='word_1_463' title='bbox 1623 3958 1681 4011; x_wconf 89' lang='lat' dir='ltr'><strong>et</strong></span> <span class='ocrx_word' id='word_1_464' title='bbox 1709 3952 1934 4009; x_wconf 87' lang='lat' dir='ltr'><strong>diaconi</strong></span> <span class='ocrx_word' id='word_1_465' title='bbox 1966 3952 2078 4020; x_wconf 70' lang='lat' dir='ltr'><strong>sibi</strong></span> 
     </span>
    </p>
   </div>
   <div class='ocr_carea' id='block_1_73' title="bbox 421 4042 2077 4118">
    <p class='ocr_par' dir='ltr' id='par_1_73' title="bbox 421 4042 2077 4118">
     <span class='ocr_line' id='line_1_73' title="bbox 421 4042 2077 4118; baseline -0.005 -13"><span class='ocrx_word' id='word_1_466' title='bbox 421 4048 727 4105; x_wconf 83' lang='lat' dir='ltr'><strong>vindicant</strong></span> <span class='ocrx_word' id='word_1_467' title='bbox 758 4048 818 4104; x_wconf 91' lang='lat' dir='ltr'><strong>in</strong></span> <span class='ocrx_word' id='word_1_468' title='bbox 856 4047 1120 4113; x_wconf 87' lang='lat' dir='ltr'><strong>ecclesia,</strong></span> <span class='ocrx_word' id='word_1_469' title='bbox 1146 4056 1207 4102; x_wconf 90' lang='lat' dir='ltr'><strong>ut</strong></span> <span class='ocrx_word' id='word_1_470' title='bbox 1238 4047 1320 4102; x_wconf 89' lang='lat' dir='ltr'><strong>ait</strong></span> <span class='ocrx_word' id='word_1_471' title='bbox 1348 4045 1755 4118; x_wconf 79' lang='lat' dir='ltr'><strong>Hieronymus,</strong></span> <span class='ocrx_word' id='word_1_472' title='bbox 1790 4043 1960 4115; x_wconf 84' lang='lat' dir='ltr'><strong>epist.</strong></span> <span class='ocrx_word' id='word_1_473' title='bbox 1986 4042 2077 4096; x_wconf 91' lang='lat'><strong>85.</strong></span> 
     </span>
    </p>
   </div>
   <div class='ocr_carea' id='block_1_74' title="bbox 500 4129 2079 4207">
    <p class='ocr_par' dir='ltr' id='par_1_74' title="bbox 500 4129 2079 4207">
     <span class='ocr_line' id='line_1_74' title="bbox 500 4129 2079 4207; baseline -0.003 -18"><span class='ocrx_word' id='word_1_474' title='bbox 500 4134 687 4204; x_wconf 80' lang='grc' dir='ltr'>Λίζιος</span> <span class='ocrx_word' id='word_1_475' title='bbox 718 4136 1096 4204; x_wconf 88' lang='lat' dir='ltr'><strong>domesticus,</strong></span> <span class='ocrx_word' id='word_1_476' title='bbox 1127 4135 1373 4204; x_wconf 87' lang='lat' dir='ltr'><strong>amicus,</strong></span> <span class='ocrx_word' id='word_1_477' title='bbox 1406 4152 1462 4207; x_wconf 92' lang='lat' dir='ltr'><strong>p.</strong></span> <span class='ocrx_word' id='word_1_478' title='bbox 1510 4133 1577 4190; x_wconf 87' lang='grc'>18</span> <span class='ocrx_word' id='word_1_479' title='bbox 1632 4150 1683 4189; x_wconf 91' lang='lat' dir='ltr'><strong>c.</strong></span> <span class='ocrx_word' id='word_1_480' title='bbox 1743 4137 1958 4188; x_wconf 79' lang='lat' dir='ltr'><strong>Auctor</strong></span> <span class='ocrx_word' id='word_1_481' title='bbox 1988 4129 2079 4187; x_wconf 79' lang='grc' dir='ltr'><strong>ΟΒ</strong></span> 
     </span>
    </p>
   </div>
   <div class='ocr_carea' id='block_1_75' title="bbox 431 4216 2078 4297">
    <p class='ocr_par' dir='ltr' id='par_1_75' title="bbox 431 4216 2078 4297">
     <span class='ocr_line' id='line_1_75' title="bbox 431 4216 2078 4297; baseline -0.002 -19"><span class='ocrx_word' id='word_1_482' title='bbox 431 4221 611 4292; x_wconf 80' lang='grc' dir='ltr'>λίζιός</span> <span class='ocrx_word' id='word_1_483' title='bbox 640 4241 737 4277; x_wconf 87' lang='grc' dir='ltr'><strong>του</strong></span> <span class='ocrx_word' id='word_1_484' title='bbox 766 4220 936 4297; x_wconf 73' lang='grc' dir='ltr'>ὶγίνη.</span> <span class='ocrx_word' id='word_1_485' title='bbox 968 4220 1110 4279; x_wconf 86' lang='lat' dir='ltr'><strong>Vide</strong></span> <span class='ocrx_word' id='word_1_486' title='bbox 1140 4224 1393 4280; x_wconf 84' lang='lat' dir='ltr'><strong>Iudicem</strong></span> <span class='ocrx_word' id='word_1_487' title='bbox 1448 4227 1507 4281; x_wconf 91' lang='lat' dir='ltr'><strong>et</strong></span> <span class='ocrx_word' id='word_1_488' title='bbox 1557 4216 1793 4278; x_wconf 85' lang='lat' dir='ltr'><strong>Meursii</strong></span> <span class='ocrx_word' id='word_1_489' title='bbox 1824 4219 2078 4277; x_wconf 84' lang='lat' dir='ltr'><strong>Glossar.</strong></span> 
     </span>
    </p>
   </div>
   <div class='ocr_carea' id='block_1_76' title="bbox 499 4307 2077 4388">
    <p class='ocr_par' dir='ltr' id='par_1_76' title="bbox 499 4307 2077 4388">
     <span class='ocr_line' id='line_1_76' title="bbox 499 4307 2077 4388; baseline -0.003 -23"><span class='ocrx_word' id='word_1_490' title='bbox 499 4311 795 4388; x_wconf 78' lang='grc' dir='ltr'>Λογιστής.</span> <span class='ocrx_word' id='word_1_491' title='bbox 871 4312 932 4367; x_wconf 92' lang='grc' dir='ltr'><strong>Ρ.</strong></span> <span class='ocrx_word' id='word_1_492' title='bbox 992 4312 1061 4367; x_wconf 82' lang='grc'><strong>37</strong></span> <span class='ocrx_word' id='word_1_493' title='bbox 1140 4312 1176 4367; x_wconf 90' lang='lat' dir='ltr'><strong>d</strong></span> <span class='ocrx_word' id='word_1_494' title='bbox 1233 4310 1378 4368; x_wconf 85' lang='lat' dir='ltr'><strong>alius</strong></span> <span class='ocrx_word' id='word_1_495' title='bbox 1452 4310 1632 4367; x_wconf 83' lang='lat' dir='ltr'><strong>codex</strong></span> <span class='ocrx_word' id='word_1_496' title='bbox 1711 4307 2077 4383; x_wconf 78' lang='grc' dir='ltr'>λογαριαστήν</span> 
     </span>
    </p>
   </div>
   <div class='ocr_carea' id='block_1_77' title="bbox 424 4400 2076 4466">
    <p class='ocr_par' dir='ltr' id='par_1_77' title="bbox 424 4400 2076 4466">
     <span class='ocr_line' id='line_1_77' title="bbox 424 4400 2076 4466; baseline -0.004 -8"><span class='ocrx_word' id='word_1_497' title='bbox 424 4402 616 4459; x_wconf 87' lang='lat' dir='ltr'><strong>habet.</strong></span> <span class='ocrx_word' id='word_1_498' title='bbox 666 4400 811 4457; x_wconf 87' lang='lat' dir='ltr'><strong>Vide</strong></span> <span class='ocrx_word' id='word_1_499' title='bbox 868 4401 1151 4457; x_wconf 89' lang='lat' dir='ltr'><strong>Zonaram</strong></span> <span class='ocrx_word' id='word_1_500' title='bbox 1211 4402 1282 4457; x_wconf 90' lang='lat' dir='ltr'><strong>ad</strong></span> <span class='ocrx_word' id='word_1_501' title='bbox 1315 4417 1446 4456; x_wconf 92' lang='lat' dir='ltr'><strong>can.</strong></span> <span class='ocrx_word' id='word_1_502' title='bbox 1485 4401 1573 4466; x_wconf 87' lang='grc'><strong>10,</strong></span> <span class='ocrx_word' id='word_1_503' title='bbox 1606 4416 1770 4456; x_wconf 90' lang='lat' dir='ltr'><strong>conc.</strong></span> <span class='ocrx_word' id='word_1_504' title='bbox 1800 4401 1836 4451; x_wconf 92' lang='lat'>7</span> <span class='ocrx_word' id='word_1_505' title='bbox 1866 4413 2076 4454; x_wconf 68' lang='lat' dir='ltr'><strong>uacum.</strong></span> 
     </span>
    </p>
   </div>
   <div class='ocr_carea' id='block_1_78' title="bbox 422 4478 2080 4563">
    <p class='ocr_par' dir='ltr' id='par_1_78' title="bbox 422 4478 2080 4563">
     <span class='ocr_line' id='line_1_78' title="bbox 422 4478 2080 4563; baseline -0.004 -16"><span class='ocrx_word' id='word_1_506' title='bbox 422 4478 524 4547; x_wconf 75' lang='lat' dir='ltr'><strong>seu</strong></span> <span class='ocrx_word' id='word_1_507' title='bbox 560 4491 799 4547; x_wconf 65' lang='lat' dir='ltr'><strong>Nicaeus:</strong></span> <span class='ocrx_word' id='word_1_508' title='bbox 835 4506 873 4546; x_wconf 86' lang='grc' dir='ltr'><strong>ιι</strong></span> <span class='ocrx_word' id='word_1_509' title='bbox 906 4490 1131 4563; x_wconf 82' lang='lat' dir='ltr'><strong>synodi.</strong></span> <span class='ocrx_word' id='word_1_510' title='bbox 1202 4489 1501 4562; x_wconf 88' lang='lat' dir='ltr'><strong>Moschop.</strong></span> <span class='ocrx_word' id='word_1_511' title='bbox 1544 4488 1673 4563; x_wconf 80' lang='grc' dir='ltr'>Περὶ</span> <span class='ocrx_word' id='word_1_512' title='bbox 1732 4482 1886 4562; x_wconf 81' lang='grc' dir='ltr'>σχεδ.</span> <span class='ocrx_word' id='word_1_513' title='bbox 1922 4504 1973 4559; x_wconf 93' lang='lat' dir='ltr'><strong>p.</strong></span> <span class='ocrx_word' id='word_1_514' title='bbox 2012 4489 2080 4542; x_wconf 83' lang='grc'>47</span> 
     </span>
    </p>
   </div>
   <div class='ocr_carea' id='block_1_79' title="bbox 414 4575 2073 4651">
    <p class='ocr_par' dir='ltr' id='par_1_79' title="bbox 414 4575 2073 4651">
     <span class='ocr_line' id='line_1_79' title="bbox 414 4575 2073 4651; baseline -0.002 -17"><span class='ocrx_word' id='word_1_515' title='bbox 414 4577 475 4634; x_wconf 88' lang='lat' dir='ltr'><strong>in</strong></span> <span class='ocrx_word' id='word_1_516' title='bbox 509 4578 638 4634; x_wconf 90' lang='lat' dir='ltr'><strong>line.</strong></span> <span class='ocrx_word' id='word_1_517' title='bbox 672 4576 754 4634; x_wconf 89' lang='lat' dir='ltr'><strong>De</strong></span> <span class='ocrx_word' id='word_1_518' title='bbox 783 4575 1013 4651; x_wconf 81' lang='lat' dir='ltr'><strong>logista.</strong></span> <span class='ocrx_word' id='word_1_519' title='bbox 1065 4578 1264 4648; x_wconf 86' lang='lat' dir='ltr'><strong>Cujac.</strong></span> <span class='ocrx_word' id='word_1_520' title='bbox 1316 4576 1388 4632; x_wconf 90' lang='lat' dir='ltr'><strong>ad</strong></span> <span class='ocrx_word' id='word_1_521' title='bbox 1450 4576 1489 4631; x_wconf 94' lang='lat' dir='ltr'><strong>l.</strong></span> <span class='ocrx_word' id='word_1_522' title='bbox 1557 4577 1628 4631; x_wconf 92' lang='lat'><strong>30</strong></span> <span class='ocrx_word' id='word_1_523' title='bbox 1671 4575 1733 4633; x_wconf 92' lang='lat' dir='ltr'><strong>C.</strong></span> <span class='ocrx_word' id='word_1_524' title='bbox 1765 4576 1848 4631; x_wconf 93' lang='lat' dir='ltr'><strong>De</strong></span> <span class='ocrx_word' id='word_1_525' title='bbox 1877 4575 2073 4631; x_wconf 88' lang='lat' dir='ltr'><strong>decur.</strong></span> 
     </span>
    </p>
   </div>
   <div class='ocr_carea' id='block_1_80' title="bbox 2191 3414 3826 3497">
    <p class='ocr_par' dir='ltr' id='par_1_80' title="bbox 2191 3414 3826 3497">
     <span class='ocr_line' id='line_1_80' title="bbox 2191 3414 3826 3497; baseline -0.002 -20"><span class='ocrx_word' id='word_1_526' title='bbox 2191 3422 2422 3495; x_wconf 79' lang='grc' dir='ltr'>μάλιον,</span> <span class='ocrx_word' id='word_1_527' title='bbox 2477 3423 2789 3497; x_wconf 86' lang='grc' dir='ltr'>πωγώνιον,</span> <span class='ocrx_word' id='word_1_528' title='bbox 2848 3420 3026 3495; x_wconf 81' lang='grc' dir='ltr'>ὥμιον</span> <span class='ocrx_word' id='word_1_529' title='bbox 3097 3414 3221 3493; x_wconf 70' lang='grc' dir='ltr'><strong>ἔξω,</strong></span> <span class='ocrx_word' id='word_1_530' title='bbox 3279 3420 3341 3478; x_wconf 82' lang='grc' dir='ltr'><strong>ἔκ</strong></span> <span class='ocrx_word' id='word_1_531' title='bbox 3390 3420 3599 3478; x_wconf 78' lang='grc' dir='ltr'>τούτων</span> <span class='ocrx_word' id='word_1_532' title='bbox 3651 3424 3684 3491; x_wconf 78' lang='grc' dir='ltr'>ἡ</span> <span class='ocrx_word' id='word_1_533' title='bbox 3736 3424 3826 3475; x_wconf 72' lang='grc' dir='ltr'><strong>νῦν</strong></span> 
     </span>
    </p>
   </div>
   <div class='ocr_carea' id='block_1_81' title="bbox 2189 3506 3828 3591">
    <p class='ocr_par' dir='ltr' id='par_1_81' title="bbox 2189 3506 3828 3591">
     <span class='ocr_line' id='line_1_81' title="bbox 2189 3506 3828 3591; baseline -0.002 -24"><span class='ocrx_word' id='word_1_534' title='bbox 2189 3508 2475 3585; x_wconf 81' lang='grc' dir='ltr'>εὐδοκιμεῖ</span> <span class='ocrx_word' id='word_1_535' title='bbox 2518 3510 2697 3590; x_wconf 72' lang='grc' dir='ltr'>σοφία.</span> <span class='ocrx_word' id='word_1_536' title='bbox 2730 3514 2947 3569; x_wconf 88' lang='lat' dir='ltr'><strong>Auctor</strong></span> <span class='ocrx_word' id='word_1_537' title='bbox 2974 3512 3086 3580; x_wconf 87' lang='lat' dir='ltr'><strong>GB,</strong></span> <span class='ocrx_word' id='word_1_538' title='bbox 3118 3512 3277 3587; x_wconf 83' lang='grc' dir='ltr'><strong>Ἔχει</strong></span> <span class='ocrx_word' id='word_1_539' title='bbox 3338 3508 3516 3585; x_wconf 83' lang='grc' dir='ltr'>μαλία</span> <span class='ocrx_word' id='word_1_540' title='bbox 3548 3506 3828 3591; x_wconf 69' lang='grc' dir='ltr'><strong>χρυσᾶφω-</strong></span> 
     </span>
    </p>
   </div>
   <div class='ocr_carea' id='block_1_82' title="bbox 2186 3598 3314 3674">
    <p class='ocr_par' dir='ltr' id='par_1_82' title="bbox 2186 3598 3314 3674">
     <span class='ocr_line' id='line_1_82' title="bbox 2186 3598 3314 3674; baseline 0.002 -18"><span class='ocrx_word' id='word_1_541' title='bbox 2186 3621 2254 3657; x_wconf 86' lang='grc' dir='ltr'><strong>τα</strong></span> <span class='ocrx_word' id='word_1_542' title='bbox 2281 3599 2374 3655; x_wconf 68' lang='grc' dir='ltr'><strong>ἴσα</strong></span> <span class='ocrx_word' id='word_1_543' title='bbox 2404 3602 2505 3665; x_wconf 79' lang='grc' dir='ltr'><strong>τῆς</strong></span> <span class='ocrx_word' id='word_1_544' title='bbox 2528 3598 2754 3670; x_wconf 70' lang='grc' dir='ltr'>ἡλικίας</span> <span class='ocrx_word' id='word_1_545' title='bbox 2779 3605 2903 3670; x_wconf 85' lang='grc' dir='ltr'>τῆς.</span> <span class='ocrx_word' id='word_1_546' title='bbox 2938 3600 3119 3657; x_wconf 86' lang='lat' dir='ltr'><strong>Hodie</strong></span> <span class='ocrx_word' id='word_1_547' title='bbox 3154 3598 3314 3674; x_wconf 78' lang='grc' dir='ltr'>μάλι.</span> 
     </span>
    </p>
   </div>
   <div class='ocr_carea' id='block_1_83' title="bbox 2258 3688 3702 3765">
    <p class='ocr_par' dir='ltr' id='par_1_83' title="bbox 2258 3688 3702 3765">
     <span class='ocr_line' id='line_1_83' title="bbox 2258 3688 3702 3765; baseline -0.002 -16"><span class='ocrx_word' id='word_1_548' title='bbox 2258 3688 2486 3765; x_wconf 82' lang='grc' dir='ltr'>Μανάρα</span> <span class='ocrx_word' id='word_1_549' title='bbox 2517 3695 2738 3747; x_wconf 86' lang='lat' dir='ltr'><strong>securis</strong></span> <span class='ocrx_word' id='word_1_550' title='bbox 2768 3708 2823 3762; x_wconf 94' lang='lat' dir='ltr'><strong>p.</strong></span> <span class='ocrx_word' id='word_1_551' title='bbox 2853 3690 2979 3745; x_wconf 81' lang='lat'><strong>227.</strong></span> <span class='ocrx_word' id='word_1_552' title='bbox 3012 3690 3268 3747; x_wconf 85' lang='lat' dir='ltr'><strong>Utuntur</strong></span> <span class='ocrx_word' id='word_1_553' title='bbox 3308 3691 3483 3748; x_wconf 87' lang='lat' dir='ltr'><strong>etiam</strong></span> <span class='ocrx_word' id='word_1_554' title='bbox 3520 3692 3702 3748; x_wconf 87' lang='lat' dir='ltr'><strong>hodie.</strong></span> 
     </span>
    </p>
   </div>
   <div class='ocr_carea' id='block_1_84' title="bbox 2260 3774 3835 3854">
    <p class='ocr_par' dir='ltr' id='par_1_84' title="bbox 2260 3774 3835 3854">
     <span class='ocr_line' id='line_1_84' title="bbox 2260 3774 3835 3854; baseline -0.001 -18"><span class='ocrx_word' id='word_1_555' title='bbox 2260 3775 2596 3853; x_wconf 72' lang='grc' dir='ltr'>Μανδρεύειν</span> <span class='ocrx_word' id='word_1_556' title='bbox 2630 3778 2823 3852; x_wconf 85' lang='lat' dir='ltr'><strong>p.268</strong></span> <span class='ocrx_word' id='word_1_557' title='bbox 2872 3795 2925 3835; x_wconf 87' lang='lat' dir='ltr'><strong>a.</strong></span> <span class='ocrx_word' id='word_1_558' title='bbox 2982 3774 3210 3854; x_wconf 84' lang='grc' dir='ltr'>Μάνδρα</span> <span class='ocrx_word' id='word_1_559' title='bbox 3269 3783 3360 3837; x_wconf 88' lang='lat' dir='ltr'><strong>est</strong></span> <span class='ocrx_word' id='word_1_560' title='bbox 3418 3782 3835 3839; x_wconf 79' lang='lat' dir='ltr'><strong>monasterium.</strong></span> 
     </span>
    </p>
   </div>
   <div class='ocr_carea' id='block_1_85' title="bbox 2187 3867 3837 3944">
    <p class='ocr_par' dir='ltr' id='par_1_85' title="bbox 2187 3867 3837 3944">
     <span class='ocr_line' id='line_1_85' title="bbox 2187 3867 3837 3944; baseline -0.003 -18"><span class='ocrx_word' id='word_1_561' title='bbox 2187 3868 2552 3942; x_wconf 83' lang='lat' dir='ltr'><strong>Epiphanius</strong></span> <span class='ocrx_word' id='word_1_562' title='bbox 2608 3868 2816 3925; x_wconf 64' lang='lat' dir='ltr'><strong>heresi</strong></span> <span class='ocrx_word' id='word_1_563' title='bbox 2872 3869 2945 3923; x_wconf 87' lang='lat'><strong>80</strong></span> <span class='ocrx_word' id='word_1_564' title='bbox 3009 3885 3024 3925; x_wconf 89' lang='lat'><strong>:</strong></span> <span class='ocrx_word' id='word_1_565' title='bbox 3079 3868 3169 3925; x_wconf 86' lang='grc' dir='ltr'>Ἐν</span> <span class='ocrx_word' id='word_1_566' title='bbox 3229 3867 3621 3944; x_wconf 77' lang='grc' dir='ltr'>μοναστηρίοις</span> <span class='ocrx_word' id='word_1_567' title='bbox 3681 3867 3837 3940; x_wconf 70' lang='grc' dir='ltr'>ὑπάρο</span> 
     </span>
    </p>
   </div>
   <div class='ocr_carea' id='block_1_86' title="bbox 2187 3952 3843 4034">
    <p class='ocr_par' dir='ltr' id='par_1_86' title="bbox 2187 3952 3843 4034">
     <span class='ocr_line' id='line_1_86' title="bbox 2187 3952 3843 4034; baseline 0.002 -22"><span class='ocrx_word' id='word_1_568' title='bbox 2187 3978 2381 4034; x_wconf 85' lang='grc' dir='ltr'>χοντες</span> <span class='ocrx_word' id='word_1_569' title='bbox 2412 3955 2589 4012; x_wconf 79' lang='grc' dir='ltr'>εἷ’τουν</span> <span class='ocrx_word' id='word_1_570' title='bbox 2649 3952 2930 4032; x_wconf 76' lang='grc' dir='ltr'>μάνδραις.</span> <span class='ocrx_word' id='word_1_571' title='bbox 2992 3958 3143 4015; x_wconf 85' lang='lat' dir='ltr'><strong>Hinc</strong></span> <span class='ocrx_word' id='word_1_572' title='bbox 3203 3955 3540 4034; x_wconf 76' lang='grc' dir='ltr'>μανδρεύειν.</span> <span class='ocrx_word' id='word_1_573' title='bbox 3574 3959 3843 4017; x_wconf 80' lang='lat' dir='ltr'><strong>Nicetes:</strong></span> 
     </span>
    </p>
   </div>
   <div class='ocr_carea' id='block_1_87' title="bbox 2187 4042 3845 4121">
    <p class='ocr_par' dir='ltr' id='par_1_87' title="bbox 2187 4042 3845 4121">
     <span class='ocr_line' id='line_1_87' title="bbox 2187 4042 3845 4121; baseline -0.002 -18"><span class='ocrx_word' id='word_1_574' title='bbox 2187 4047 2377 4115; x_wconf 71' lang='grc' dir='ltr'>Αὐτὴν</span> <span class='ocrx_word' id='word_1_575' title='bbox 2435 4043 2607 4101; x_wconf 80' lang='grc' dir='ltr'>ἐκεῖσε</span> <span class='ocrx_word' id='word_1_576' title='bbox 2664 4042 3018 4121; x_wconf 76' lang='grc' dir='ltr'>ἐμάνδρεοσε,</span> <span class='ocrx_word' id='word_1_577' title='bbox 3074 4047 3423 4105; x_wconf 87' lang='lat' dir='ltr'><strong>monacham</strong></span> <span class='ocrx_word' id='word_1_578' title='bbox 3481 4048 3637 4105; x_wconf 83' lang='lat' dir='ltr'><strong>fecit.</strong></span> <span class='ocrx_word' id='word_1_579' title='bbox 3693 4053 3845 4106; x_wconf 78' lang='grc' dir='ltr'><strong>Μαν-</strong></span> 
     </span>
    </p>
   </div>
   <div class='ocr_carea' id='block_1_88' title="bbox 2188 4131 3850 4209">
    <p class='ocr_par' dir='ltr' id='par_1_88' title="bbox 2188 4131 3850 4209">
     <span class='ocr_line' id='line_1_88' title="bbox 2188 4131 3850 4209; baseline 0 -19"><span class='ocrx_word' id='word_1_580' title='bbox 2188 4131 2396 4209; x_wconf 76' lang='grc' dir='ltr'>δρεῦειν</span> <span class='ocrx_word' id='word_1_581' title='bbox 2436 4140 2631 4192; x_wconf 89' lang='lat' dir='ltr'><strong>autem</strong></span> <span class='ocrx_word' id='word_1_582' title='bbox 2662 4135 2811 4191; x_wconf 79' lang='lat' dir='ltr'><strong>dixit</strong></span> <span class='ocrx_word' id='word_1_583' title='bbox 2849 4140 2911 4191; x_wconf 88' lang='lat' dir='ltr'><strong>ut</strong></span> <span class='ocrx_word' id='word_1_584' title='bbox 2939 4135 3128 4191; x_wconf 87' lang='lat' dir='ltr'><strong>Latini</strong></span> <span class='ocrx_word' id='word_1_585' title='bbox 3164 4136 3538 4193; x_wconf 87' lang='lat' dir='ltr'><strong>monachare.</strong></span> <span class='ocrx_word' id='word_1_586' title='bbox 3565 4137 3850 4194; x_wconf 81' lang='lat' dir='ltr'><strong>Goti‘ridus</strong></span> 
     </span>
    </p>
   </div>
   <div class='ocr_carea' id='block_1_89' title="bbox 2192 4224 3854 4297">
    <p class='ocr_par' dir='ltr' id='par_1_89' title="bbox 2192 4224 3854 4297">
     <span class='ocr_line' id='line_1_89' title="bbox 2192 4224 3854 4297; baseline 0.001 -18"><span class='ocrx_word' id='word_1_587' title='bbox 2192 4225 2638 4282; x_wconf 87' lang='lat' dir='ltr'><strong>Vindocinensis</strong></span> <span class='ocrx_word' id='word_1_588' title='bbox 2670 4242 2744 4294; x_wconf 84' lang='lat' dir='ltr'><strong>IV,</strong></span> <span class='ocrx_word' id='word_1_589' title='bbox 2779 4225 2954 4297; x_wconf 84' lang='lat' dir='ltr'><strong>epist.</strong></span> <span class='ocrx_word' id='word_1_590' title='bbox 2992 4226 3097 4281; x_wconf 90' lang='lat'><strong>13:</strong></span> <span class='ocrx_word' id='word_1_591' title='bbox 3148 4224 3343 4281; x_wconf 80' lang='lat' dir='ltr'><strong>Subita</strong></span> <span class='ocrx_word' id='word_1_592' title='bbox 3399 4238 3660 4297; x_wconf 71' lang='lat' dir='ltr'><strong>pressum</strong></span> <span class='ocrx_word' id='word_1_593' title='bbox 3702 4226 3854 4296; x_wconf 79' lang='lat' dir='ltr'><strong>inﬁr—</strong></span> 
     </span>
    </p>
   </div>
   <div class='ocr_carea' id='block_1_90' title="bbox 2186 4313 3855 4386">
    <p class='ocr_par' dir='ltr' id='par_1_90' title="bbox 2186 4313 3855 4386">
     <span class='ocr_line' id='line_1_90' title="bbox 2186 4313 3855 4386; baseline 0.002 -16"><span class='ocrx_word' id='word_1_594' title='bbox 2186 4318 2378 4371; x_wconf 81' lang='lat' dir='ltr'><strong>mitate</strong></span> <span class='ocrx_word' id='word_1_595' title='bbox 2399 4315 2794 4371; x_wconf 75' lang='lat' dir='ltr'><strong>monachastis.</strong></span> <span class='ocrx_word' id='word_1_596' title='bbox 2828 4314 2898 4370; x_wconf 91' lang='lat' dir='ltr'><strong>Et</strong></span> <span class='ocrx_word' id='word_1_597' title='bbox 2955 4313 3129 4386; x_wconf 85' lang='lat' dir='ltr'><strong>epist.</strong></span> <span class='ocrx_word' id='word_1_598' title='bbox 3180 4316 3249 4370; x_wconf 84' lang='lat'><strong>50</strong></span> <span class='ocrx_word' id='word_1_599' title='bbox 3283 4332 3297 4371; x_wconf 91' lang='lat'>:</span> <span class='ocrx_word' id='word_1_600' title='bbox 3356 4316 3500 4385; x_wconf 75' lang='lat' dir='ltr'><strong>Quos</strong></span> <span class='ocrx_word' id='word_1_601' title='bbox 3529 4316 3855 4373; x_wconf 71' lang='lat' dir='ltr'><strong>monasteria</strong></span> 
     </span>
    </p>
   </div>
   <div class='ocr_carea' id='block_1_91' title="bbox 2185 4401 3007 4461">
    <p class='ocr_par' dir='ltr' id='par_1_91' title="bbox 2185 4401 3007 4461">
     <span class='ocr_line' id='line_1_91' title="bbox 2185 4401 3007 4461; baseline -0.001 -2"><span class='ocrx_word' id='word_1_602' title='bbox 2185 4410 2377 4461; x_wconf 71' lang='lat' dir='ltr'><strong>nostra</strong></span> <span class='ocrx_word' id='word_1_603' title='bbox 2401 4401 2809 4460; x_wconf 81' lang='lat' dir='ltr'><strong>monachandos</strong></span> <span class='ocrx_word' id='word_1_604' title='bbox 2831 4404 3007 4459; x_wconf 76' lang='lat' dir='ltr'><strong>misit.</strong></span> 
     </span>
    </p>
   </div>
   <div class='ocr_carea' id='block_1_92' title="bbox 2259 4490 3160 4562">
    <p class='ocr_par' dir='ltr' id='par_1_92' title="bbox 2259 4490 3160 4562">
     <span class='ocr_line' id='line_1_92' title="bbox 2259 4490 3160 4562; baseline 0 -14"><span class='ocrx_word' id='word_1_605' title='bbox 2259 4490 2615 4548; x_wconf 81' lang='grc' dir='ltr'>Μανουάλιον</span> <span class='ocrx_word' id='word_1_606' title='bbox 2699 4492 3160 4562; x_wconf 87' lang='lat' dir='ltr'><strong>candelabrum,</strong></span> 
     </span>
    </p>
   </div>
   <div class='ocr_carea' id='block_1_93' title="bbox 2186 4572 3087 4638">
    <p class='ocr_par' dir='ltr' id='par_1_93' title="bbox 2186 4572 3087 4638">
     <span class='ocr_line' id='line_1_93' title="bbox 2186 4572 3087 4638; baseline 0.001 -3"><span class='ocrx_word' id='word_1_607' title='bbox 2186 4581 2537 4638; x_wconf 74' lang='lat' dir='ltr'><strong>chandelt‘cr.</strong></span> <span class='ocrx_word' id='word_1_608' title='bbox 2574 4581 2712 4638; x_wconf 88' lang='lat' dir='ltr'><strong>Vide</strong></span> <span class='ocrx_word' id='word_1_609' title='bbox 2744 4572 3087 4637; x_wconf 54' lang='lat' dir='ltr'><strong>Meursiu&#39;m.</strong></span> 
     </span>
    </p>
   </div>
   <div class='ocr_carea' id='block_1_94' title="bbox 3243 4492 3852 4570">
    <p class='ocr_par' dir='ltr' id='par_1_94' title="bbox 3243 4492 3852 4570">
     <span class='ocr_line' id='line_1_94' title="bbox 3243 4492 3852 4570; baseline -0.003 -22"><span class='ocrx_word' id='word_1_610' title='bbox 3243 4493 3419 4550; x_wconf 87' lang='lat' dir='ltr'><strong>hodie</strong></span> <span class='ocrx_word' id='word_1_611' title='bbox 3529 4492 3852 4570; x_wconf 77' lang='grc' dir='ltr'>καντιλιὲρι,</span> 
     </span>
    </p>
   </div>
   <div class='ocr_carea' id='block_1_95' title="bbox 416 4662 2088 4743">
    <p class='ocr_par' dir='ltr' id='par_1_95' title="bbox 416 4662 2079 4739">
     <span class='ocr_line' id='line_1_95' title="bbox 416 4662 2079 4739; baseline -0.001 -16"><span class='ocrx_word' id='word_1_612' title='bbox 416 4666 454 4723; x_wconf 88' lang='grc'><strong>1.</strong></span> <span class='ocrx_word' id='word_1_613' title='bbox 488 4669 522 4723; x_wconf 89' lang='grc'>3</span> <span class='ocrx_word' id='word_1_614' title='bbox 559 4670 621 4734; x_wconf 87' lang='lat' dir='ltr'><strong>C,</strong></span> <span class='ocrx_word' id='word_1_615' title='bbox 654 4667 725 4724; x_wconf 89' lang='lat' dir='ltr'><strong>de</strong></span> <span class='ocrx_word' id='word_1_616' title='bbox 754 4666 848 4724; x_wconf 90' lang='lat' dir='ltr'><strong>his</strong></span> <span class='ocrx_word' id='word_1_617' title='bbox 878 4666 975 4738; x_wconf 88' lang='lat' dir='ltr'><strong>qui</strong></span> <span class='ocrx_word' id='word_1_618' title='bbox 1010 4683 1094 4739; x_wconf 89' lang='lat' dir='ltr'><strong>sp.</strong></span> <span class='ocrx_word' id='word_1_619' title='bbox 1129 4681 1292 4722; x_wconf 89' lang='lat' dir='ltr'><strong>mun.</strong></span> <span class='ocrx_word' id='word_1_620' title='bbox 1355 4680 1509 4721; x_wconf 79' lang='lat' dir='ltr'><strong>suac.</strong></span> <span class='ocrx_word' id='word_1_621' title='bbox 1568 4668 1624 4722; x_wconf 88' lang='lat' dir='ltr'><strong>et</strong></span> <span class='ocrx_word' id='word_1_622' title='bbox 1681 4664 1721 4721; x_wconf 90' lang='lat' dir='ltr'><strong>l.</strong></span> <span class='ocrx_word' id='word_1_623' title='bbox 1782 4666 1847 4720; x_wconf 83' lang='lat'><strong>15</strong></span> <span class='ocrx_word' id='word_1_624' title='bbox 1906 4662 1971 4720; x_wconf 91' lang='lat' dir='ltr'><strong>D.</strong></span> <span class='ocrx_word' id='word_1_625' title='bbox 2007 4664 2079 4721; x_wconf 89' lang='lat' dir='ltr'><strong>de</strong></span> 
     </span>
    </p>
   </div>
   <div class='ocr_carea' id='block_1_96' title="bbox 2210 4662 3612 4743">
    <p class='ocr_par' dir='ltr' id='par_1_96' title="bbox 2267 4666 3612 4743">
     <span class='ocr_line' id='line_1_96' title="bbox 2267 4666 3612 4743; baseline 0.002 -17"><span class='ocrx_word' id='word_1_626' title='bbox 2267 4668 2500 4726; x_wconf 88' lang='grc' dir='ltr'>Μάππα.</span> <span class='ocrx_word' id='word_1_627' title='bbox 2535 4668 2748 4725; x_wconf 83' lang='grc' dir='ltr'>Μάππα</span> <span class='ocrx_word' id='word_1_628' title='bbox 2780 4666 3118 4743; x_wconf 83' lang='grc' dir='ltr'>στρογγύλη.</span> <span class='ocrx_word' id='word_1_629' title='bbox 3156 4666 3296 4726; x_wconf 87' lang='lat' dir='ltr'><strong>Vide</strong></span> <span class='ocrx_word' id='word_1_630' title='bbox 3328 4670 3612 4730; x_wconf 86' lang='lat' dir='ltr'><strong>Iudicem.</strong></span> 
     </span>
    </p>
   </div>
   <div class='ocr_carea' id='block_1_97' title="bbox 420 4776 2078 4925">
    <p class='ocr_par' dir='ltr' id='par_1_97' title="bbox 420 4776 2078 4925">
     <span class='ocr_line' id='line_1_97' title="bbox 420 4776 2078 4925; baseline 0 -23"><span class='ocrx_word' id='word_1_631' title='bbox 420 4776 706 4925; x_wconf 45' lang='lat' dir='ltr'><strong>“1‘2:ro</strong></span> <span class='ocrx_word' id='word_1_632' title='bbox 739 4849 902 4906; x_wconf 91' lang='lat' dir='ltr'><strong>locus</strong></span> <span class='ocrx_word' id='word_1_633' title='bbox 952 4852 1258 4922; x_wconf 82' lang='lat' dir='ltr'><strong>angustus.</strong></span> <span class='ocrx_word' id='word_1_634' title='bbox 1308 4826 1451 4905; x_wconf 85' lang='lat' dir='ltr'><strong>Vide</strong></span> <span class='ocrx_word' id='word_1_635' title='bbox 1483 4846 1829 4916; x_wconf 76' lang='lat' dir='ltr'><strong>Cedrenum.</strong></span> <span class='ocrx_word' id='word_1_636' title='bbox 1884 4862 1939 4919; x_wconf 92' lang='lat' dir='ltr'><strong>p.</strong></span> <span class='ocrx_word' id='word_1_637' title='bbox 1973 4846 2078 4902; x_wconf 81' lang='grc'><strong>407</strong></span> 
     </span>
    </p>
   </div>
   <div class='ocr_carea' id='block_1_98' title="bbox 422 4935 1049 4992">
    <p class='ocr_par' dir='ltr' id='par_1_98' title="bbox 422 4935 1049 4992">
     <span class='ocr_line' id='line_1_98' title="bbox 422 4935 1049 4992; baseline -0.002 0"><span class='ocrx_word' id='word_1_638' title='bbox 422 4952 478 4992; x_wconf 92' lang='lat' dir='ltr'><strong>a.</strong></span> <span class='ocrx_word' id='word_1_639' title='bbox 512 4941 570 4992; x_wconf 91' lang='lat' dir='ltr'><strong>et</strong></span> <span class='ocrx_word' id='word_1_640' title='bbox 595 4936 834 4992; x_wconf 86' lang='lat' dir='ltr'><strong>Meursii</strong></span> <span class='ocrx_word' id='word_1_641' title='bbox 865 4935 1049 4992; x_wconf 87' lang='lat' dir='ltr'><strong>Gloss.</strong></span> 
     </span>
    </p>
   </div>
   <div class='ocr_carea' id='block_1_99' title="bbox 496 5021 2074 5096">
    <p class='ocr_par' dir='ltr' id='par_1_99' title="bbox 496 5021 2074 5096">
     <span class='ocr_line' id='line_1_99' title="bbox 496 5021 2074 5096; baseline -0.003 -11"><span class='ocrx_word' id='word_1_642' title='bbox 496 5021 803 5096; x_wconf 75' lang='grc' dir='ltr'>Λογοθέτης</span> <span class='ocrx_word' id='word_1_643' title='bbox 888 5024 1311 5084; x_wconf 83' lang='lat' dir='ltr'><strong>cancellarius.</strong></span> <span class='ocrx_word' id='word_1_644' title='bbox 1374 5024 1516 5082; x_wconf 87' lang='lat' dir='ltr'><strong>Vide</strong></span> <span class='ocrx_word' id='word_1_645' title='bbox 1588 5024 1944 5082; x_wconf 84' lang='lat' dir='ltr'><strong>Glossarium</strong></span> <span class='ocrx_word' id='word_1_646' title='bbox 2003 5025 2074 5080; x_wconf 89' lang='lat' dir='ltr'><strong>ad</strong></span> 
     </span>
    </p>
   </div>
   <div class='ocr_carea' id='block_1_100' title="bbox 428 5110 770 5167">
    <p class='ocr_par' dir='ltr' id='par_1_100' title="bbox 428 5110 770 5167">
     <span class='ocr_line' id='line_1_100' title="bbox 428 5110 770 5167; baseline -0.009 0"><span class='ocrx_word' id='word_1_647' title='bbox 428 5110 770 5167; x_wconf 90' lang='lat' dir='ltr'><strong>Cedrenum.</strong></span> 
     </span>
    </p>
   </div>
   <div class='ocr_carea' id='block_1_101' title="bbox 490 5195 1670 5272">
    <p class='ocr_par' dir='ltr' id='par_1_101' title="bbox 490 5195 1670 5272">
     <span class='ocr_line' id='line_1_101' title="bbox 490 5195 1670 5272; baseline 0.007 -19"><span class='ocrx_word' id='word_1_648' title='bbox 490 5195 829 5272; x_wconf 76' lang='grc' dir='ltr'>Λωρίκσιινον</span> <span class='ocrx_word' id='word_1_649' title='bbox 862 5198 1193 5272; x_wconf 83' lang='lat' dir='ltr'><strong>lorioatum,</strong></span> <span class='ocrx_word' id='word_1_650' title='bbox 1224 5202 1417 5260; x_wconf 86' lang='lat' dir='ltr'><strong>instar</strong></span> <span class='ocrx_word' id='word_1_651' title='bbox 1446 5203 1670 5261; x_wconf 63' lang='lat' dir='ltr'><strong>loricis.</strong></span> 
     </span>
    </p>
   </div>
   <div class='ocr_carea' id='block_1_102' title="bbox 490 5287 2081 5368">
    <p class='ocr_par' dir='ltr' id='par_1_102' title="bbox 490 5287 2081 5368">
     <span class='ocr_line' id='line_1_102' title="bbox 490 5287 2081 5368; baseline 0.004 -27"><span class='ocrx_word' id='word_1_652' title='bbox 490 5290 685 5361; x_wconf 78' lang='grc' dir='ltr'>Δῶρος</span> <span class='ocrx_word' id='word_1_653' title='bbox 721 5304 775 5358; x_wconf 90' lang='lat' dir='ltr'><strong>p.</strong></span> <span class='ocrx_word' id='word_1_654' title='bbox 810 5287 878 5341; x_wconf 85' lang='lat'><strong>86</strong></span> <span class='ocrx_word' id='word_1_655' title='bbox 936 5306 986 5345; x_wconf 88' lang='grc' dir='ltr'><strong>ο.</strong></span> <span class='ocrx_word' id='word_1_656' title='bbox 1020 5288 1212 5360; x_wconf 79' lang='grc' dir='ltr'>Ἔξανε</span> <span class='ocrx_word' id='word_1_657' title='bbox 1266 5289 1504 5353; x_wconf 85' lang='grc' dir='ltr'>πολλαῖς</span> <span class='ocrx_word' id='word_1_658' title='bbox 1536 5288 1625 5346; x_wconf 79' lang='grc' dir='ltr'><strong>διὰ</strong></span> <span class='ocrx_word' id='word_1_659' title='bbox 1655 5288 1869 5368; x_wconf 84' lang='grc' dir='ltr'>λώρων’</span> <span class='ocrx_word' id='word_1_660' title='bbox 1904 5291 2081 5349; x_wconf 81' lang='lat' dir='ltr'><strong>codex</strong></span> 
     </span>
    </p>
   </div>
   <div class='ocr_carea' id='block_1_103' title="bbox 416 5370 1730 5453">
    <p class='ocr_par' dir='ltr' id='par_1_103' title="bbox 416 5370 1730 5453">
     <span class='ocr_line' id='line_1_103' title="bbox 416 5370 1730 5453; baseline 0.008 -25"><span class='ocrx_word' id='word_1_661' title='bbox 416 5379 507 5436; x_wconf 75' lang='grc' dir='ltr'>ΟΒ</span> <span class='ocrx_word' id='word_1_662' title='bbox 548 5370 871 5453; x_wconf 75' lang='grc' dir='ltr'>μαγκλάϐια</span> <span class='ocrx_word' id='word_1_663' title='bbox 901 5374 1028 5442; x_wconf 80' lang='grc' dir='ltr'>δοὺς</span> <span class='ocrx_word' id='word_1_664' title='bbox 1056 5378 1264 5438; x_wconf 77' lang='grc' dir='ltr'>πολλά.</span> <span class='ocrx_word' id='word_1_665' title='bbox 1296 5380 1432 5439; x_wconf 83' lang='lat' dir='ltr'><strong>Vide</strong></span> <span class='ocrx_word' id='word_1_666' title='bbox 1462 5384 1533 5439; x_wconf 83' lang='lat' dir='ltr'><strong>ad</strong></span> <span class='ocrx_word' id='word_1_667' title='bbox 1566 5384 1730 5441; x_wconf 83' lang='lat' dir='ltr'><strong>Cedr.</strong></span> 
     </span>
    </p>
   </div>
   <div class='ocr_carea' id='block_1_104' title="bbox 1227 5515 1284 5572">
    <p class='ocr_par' dir='ltr' id='par_1_104' title="bbox 1227 5515 1284 5572">
     <span class='ocr_line' id='line_1_104' title="bbox 1227 5515 1284 5572; baseline 0 0"><span class='ocrx_word' id='word_1_668' title='bbox 1227 5515 1284 5572; x_wconf 83' lang='grc' dir='ltr'><strong>Μ</strong></span> 
     </span>
    </p>
   </div>
   <div class='ocr_carea' id='block_1_105' title="bbox 494 5637 2086 5713">
    <p class='ocr_par' dir='ltr' id='par_1_105' title="bbox 494 5637 2086 5713">
     <span class='ocr_line' id='line_1_105' title="bbox 494 5637 2086 5713; baseline 0.006 -22"><span class='ocrx_word' id='word_1_669' title='bbox 494 5637 914 5713; x_wconf 73' lang='grc' dir='ltr'>Μαγγανίτζασα</span> <span class='ocrx_word' id='word_1_670' title='bbox 1001 5655 1395 5712; x_wconf 85' lang='lat' dir='ltr'><strong>manganum,</strong></span> <span class='ocrx_word' id='word_1_671' title='bbox 1480 5641 1754 5701; x_wconf 89' lang='lat' dir='ltr'><strong>machina</strong></span> <span class='ocrx_word' id='word_1_672' title='bbox 1833 5643 2086 5710; x_wconf 85' lang='lat' dir='ltr'><strong>bellica,</strong></span> 
     </span>
    </p>
   </div>
   <div class='ocr_carea' id='block_1_106' title="bbox 426 5727 2090 5803">
    <p class='ocr_par' dir='ltr' id='par_1_106' title="bbox 426 5727 2090 5803">
     <span class='ocr_line' id='line_1_106' title="bbox 426 5727 2090 5803; baseline -0.001 -17"><span class='ocrx_word' id='word_1_673' title='bbox 426 5728 585 5786; x_wconf 88' lang='lat' dir='ltr'><strong>idem</strong></span> <span class='ocrx_word' id='word_1_674' title='bbox 620 5729 771 5799; x_wconf 88' lang='lat' dir='ltr'><strong>quod</strong></span> <span class='ocrx_word' id='word_1_675' title='bbox 823 5727 1115 5803; x_wconf 77' lang='grc' dir='ltr'>μάγγανον.</span> <span class='ocrx_word' id='word_1_676' title='bbox 1152 5730 1211 5785; x_wconf 89' lang='grc' dir='ltr'>Ρ.</span> <span class='ocrx_word' id='word_1_677' title='bbox 1257 5731 1379 5799; x_wconf 88' lang='grc'><strong>106,</strong></span> <span class='ocrx_word' id='word_1_678' title='bbox 1439 5735 1639 5786; x_wconf 87' lang='lat' dir='ltr'><strong>auctor</strong></span> <span class='ocrx_word' id='word_1_679' title='bbox 1668 5732 1795 5789; x_wconf 87' lang='lat' dir='ltr'><strong>GB:</strong></span> <span class='ocrx_word' id='word_1_680' title='bbox 1856 5735 2090 5802; x_wconf 77' lang='grc' dir='ltr'><strong>Στήσαν-</strong></span> 
     </span>
    </p>
   </div>
   <div class='ocr_carea' id='block_1_107' title="bbox 430 5811 2086 5896">
    <p class='ocr_par' dir='ltr' id='par_1_107' title="bbox 430 5811 2086 5896">
     <span class='ocr_line' id='line_1_107' title="bbox 430 5811 2086 5896; baseline 0.002 -25"><span class='ocrx_word' id='word_1_681' title='bbox 430 5837 518 5879; x_wconf 91' lang='grc' dir='ltr'><strong>τες</strong></span> <span class='ocrx_word' id='word_1_682' title='bbox 554 5818 867 5894; x_wconf 71' lang='grc' dir='ltr'>μαγγανικᾶ</span> <span class='ocrx_word' id='word_1_683' title='bbox 911 5811 1217 5891; x_wconf 73' lang='grc' dir='ltr'>ἐπολέμουν</span> <span class='ocrx_word' id='word_1_684' title='bbox 1252 5818 1314 5873; x_wconf 85' lang='grc' dir='ltr'>τὸ</span> <span class='ocrx_word' id='word_1_685' title='bbox 1372 5820 1622 5894; x_wconf 79' lang='grc' dir='ltr'>κάστρον.</span> <span class='ocrx_word' id='word_1_686' title='bbox 1686 5820 1829 5877; x_wconf 88' lang='lat' dir='ltr'><strong>Hinc</strong></span> <span class='ocrx_word' id='word_1_687' title='bbox 1882 5839 2086 5896; x_wconf 84' lang='grc' dir='ltr'>μαγγα-</span> 
     </span>
    </p>
   </div>
   <div class='ocr_carea' id='block_1_108' title="bbox 430 5905 2093 5980">
    <p class='ocr_par' dir='ltr' id='par_1_108' title="bbox 430 5905 2093 5980">
     <span class='ocr_line' id='line_1_108' title="bbox 430 5905 2093 5980; baseline 0.007 -23"><span class='ocrx_word' id='word_1_688' title='bbox 430 5905 585 5980; x_wconf 77' lang='grc' dir='ltr'>άριος</span> <span class='ocrx_word' id='word_1_689' title='bbox 636 5908 737 5980; x_wconf 87' lang='lat' dir='ltr'><strong>qui</strong></span> <span class='ocrx_word' id='word_1_690' title='bbox 784 5920 1075 5980; x_wconf 79' lang='lat' dir='ltr'><strong>mangana</strong></span> <span class='ocrx_word' id='word_1_691' title='bbox 1137 5908 1393 5969; x_wconf 84' lang='lat' dir='ltr'><strong>coniicit.</strong></span> <span class='ocrx_word' id='word_1_692' title='bbox 1447 5909 1863 5969; x_wconf 86' lang='lat' dir='ltr'><strong>Constantinus</strong></span> <span class='ocrx_word' id='word_1_693' title='bbox 1893 5911 1951 5967; x_wconf 92' lang='lat' dir='ltr'><strong>in</strong></span> <span class='ocrx_word' id='word_1_694' title='bbox 1991 5911 2093 5968; x_wconf 91' lang='lat' dir='ltr'><strong>Ta-</strong></span> 
     </span>
    </p>
   </div>
   <div class='ocr_carea' id='block_1_109' title="bbox 2257 4757 3857 4832">
    <p class='ocr_par' dir='ltr' id='par_1_109' title="bbox 2257 4757 3857 4832">
     <span class='ocr_line' id='line_1_109' title="bbox 2257 4757 3857 4832; baseline 0.003 -21"><span class='ocrx_word' id='word_1_695' title='bbox 2257 4758 2589 4832; x_wconf 75' lang='grc' dir='ltr'>Μαππάριος</span> <span class='ocrx_word' id='word_1_696' title='bbox 2642 4757 2996 4829; x_wconf 87' lang='lat' dir='ltr'><strong>mapparius,</strong></span> <span class='ocrx_word' id='word_1_697' title='bbox 3061 4757 3158 4830; x_wconf 89' lang='lat' dir='ltr'><strong>qui</strong></span> <span class='ocrx_word' id='word_1_698' title='bbox 3228 4773 3500 4831; x_wconf 85' lang='lat' dir='ltr'><strong>mappam</strong></span> <span class='ocrx_word' id='word_1_699' title='bbox 3585 4762 3651 4818; x_wconf 91' lang='lat' dir='ltr'><strong>in</strong></span> <span class='ocrx_word' id='word_1_700' title='bbox 3714 4762 3857 4819; x_wconf 89' lang='lat' dir='ltr'><strong>circo</strong></span> 
     </span>
    </p>
   </div>
   <div class='ocr_carea' id='block_1_110' title="bbox 2186 4845 3853 4909">
    <p class='ocr_par' dir='ltr' id='par_1_110' title="bbox 2186 4845 3853 4909">
     <span class='ocr_line' id='line_1_110' title="bbox 2186 4845 3853 4909; baseline 0.004 -6"><span class='ocrx_word' id='word_1_701' title='bbox 2186 4847 2469 4903; x_wconf 75' lang='lat' dir='ltr'><strong>mittebat.</strong></span> <span class='ocrx_word' id='word_1_702' title='bbox 2530 4845 2677 4902; x_wconf 90' lang='lat' dir='ltr'><strong>Vide</strong></span> <span class='ocrx_word' id='word_1_703' title='bbox 2730 4845 3052 4902; x_wconf 88' lang='lat' dir='ltr'><strong>Meursium</strong></span> <span class='ocrx_word' id='word_1_704' title='bbox 3110 4851 3168 4903; x_wconf 88' lang='lat' dir='ltr'><strong>et</strong></span> <span class='ocrx_word' id='word_1_705' title='bbox 3214 4847 3579 4905; x_wconf 87' lang='lat' dir='ltr'><strong>Glossarium</strong></span> <span class='ocrx_word' id='word_1_706' title='bbox 3621 4852 3695 4907; x_wconf 88' lang='lat' dir='ltr'><strong>ad</strong></span> <span class='ocrx_word' id='word_1_707' title='bbox 3752 4854 3853 4909; x_wconf 80' lang='lat' dir='ltr'><strong>Ce-</strong></span> 
     </span>
    </p>
   </div>
   <div class='ocr_carea' id='block_1_111' title="bbox 2184 4936 2454 4992">
    <p class='ocr_par' dir='ltr' id='par_1_111' title="bbox 2184 4936 2454 4992">
     <span class='ocr_line' id='line_1_111' title="bbox 2184 4936 2454 4992; baseline -0.007 0"><span class='ocrx_word' id='word_1_708' title='bbox 2184 4936 2454 4992; x_wconf 89' lang='lat' dir='ltr'><strong>drenum.</strong></span> 
     </span>
    </p>
   </div>
   <div class='ocr_carea' id='block_1_112' title="bbox 2258 5022 3853 5099">
    <p class='ocr_par' dir='ltr' id='par_1_112' title="bbox 2258 5022 3853 5099">
     <span class='ocr_line' id='line_1_112' title="bbox 2258 5022 3853 5099; baseline 0.003 -19"><span class='ocrx_word' id='word_1_709' title='bbox 2258 5023 2565 5098; x_wconf 80' lang='grc' dir='ltr'>Μαρκέσιος</span> <span class='ocrx_word' id='word_1_710' title='bbox 2637 5022 2921 5093; x_wconf 88' lang='lat' dir='ltr'><strong>marchio,</strong></span> <span class='ocrx_word' id='word_1_711' title='bbox 2982 5032 3044 5081; x_wconf 90' lang='lat' dir='ltr'><strong>ut</strong></span> <span class='ocrx_word' id='word_1_712' title='bbox 3102 5026 3162 5082; x_wconf 89' lang='lat' dir='ltr'><strong>in</strong></span> <span class='ocrx_word' id='word_1_713' title='bbox 3222 5026 3442 5099; x_wconf 82' lang='lat' dir='ltr'><strong>synodo</strong></span> <span class='ocrx_word' id='word_1_714' title='bbox 3513 5027 3853 5086; x_wconf 79' lang='lat' dir='ltr'><strong>Florentino.</strong></span> 
     </span>
    </p>
   </div>
   <div class='ocr_carea' id='block_1_113' title="bbox 2192 5109 3635 5187">
    <p class='ocr_par' dir='ltr' id='par_1_113' title="bbox 2192 5109 3635 5187">
     <span class='ocr_line' id='line_1_113' title="bbox 2192 5109 3635 5187; baseline 0.005 -21"><span class='ocrx_word' id='word_1_715' title='bbox 2192 5110 2486 5186; x_wconf 80' lang='grc' dir='ltr'>μαρκέσιος</span> <span class='ocrx_word' id='word_1_716' title='bbox 2514 5114 2617 5177; x_wconf 79' lang='grc' dir='ltr'>τῆς</span> <span class='ocrx_word' id='word_1_717' title='bbox 2650 5109 2975 5185; x_wconf 73' lang='grc' dir='ltr'>ᾦερῥαρίας.</span> <span class='ocrx_word' id='word_1_718' title='bbox 3005 5110 3144 5170; x_wconf 81' lang='lat' dir='ltr'><strong>Vide</strong></span> <span class='ocrx_word' id='word_1_719' title='bbox 3176 5114 3495 5187; x_wconf 81' lang='lat' dir='ltr'><strong>Gregoram</strong></span> <span class='ocrx_word' id='word_1_720' title='bbox 3534 5132 3635 5173; x_wconf 78' lang='lat' dir='ltr'><strong>VII.</strong></span> 
     </span>
    </p>
   </div>
   <div class='ocr_carea' id='block_1_114' title="bbox 2258 5200 3863 5274">
    <p class='ocr_par' dir='ltr' id='par_1_114' title="bbox 2258 5200 3863 5274">
     <span class='ocr_line' id='line_1_114' title="bbox 2258 5200 3863 5274; baseline 0.002 -18"><span class='ocrx_word' id='word_1_721' title='bbox 2258 5200 2644 5270; x_wconf 78' lang='grc' dir='ltr'>Ματζουκάνη,</span> <span class='ocrx_word' id='word_1_722' title='bbox 2720 5200 3072 5272; x_wconf 81' lang='grc' dir='ltr'>ματζούκιον,</span> <span class='ocrx_word' id='word_1_723' title='bbox 3166 5207 3468 5274; x_wconf 82' lang='grc' dir='ltr'>ματζοῦκα.</span> <span class='ocrx_word' id='word_1_724' title='bbox 3533 5205 3863 5263; x_wconf 83' lang='lat' dir='ltr'><strong>Constanti-</strong></span> 
     </span>
    </p>
   </div>
   <div class='ocr_carea' id='block_1_115' title="bbox 2192 5289 3864 5369">
    <p class='ocr_par' dir='ltr' id='par_1_115' title="bbox 2192 5289 3864 5369">
     <span class='ocr_line' id='line_1_115' title="bbox 2192 5289 3864 5369; baseline 0 -21"><span class='ocrx_word' id='word_1_725' title='bbox 2192 5309 2303 5348; x_wconf 85' lang='lat' dir='ltr'><strong>nus</strong></span> <span class='ocrx_word' id='word_1_726' title='bbox 2329 5290 2555 5348; x_wconf 87' lang='lat' dir='ltr'><strong>Tactic.</strong></span> <span class='ocrx_word' id='word_1_727' title='bbox 2586 5308 2642 5362; x_wconf 89' lang='lat' dir='ltr'><strong>p.</strong></span> <span class='ocrx_word' id='word_1_728' title='bbox 2678 5290 2744 5346; x_wconf 87' lang='grc'><strong>19</strong></span> <span class='ocrx_word' id='word_1_729' title='bbox 2777 5307 2792 5347; x_wconf 80' lang='lat' dir='ltr'><em>z</em></span> <span class='ocrx_word' id='word_1_730' title='bbox 2852 5289 3173 5366; x_wconf 78' lang='grc' dir='ltr'>Τζικοῦρια,</span> <span class='ocrx_word' id='word_1_731' title='bbox 3235 5289 3566 5369; x_wconf 81' lang='grc' dir='ltr'>βαρδούκια,</span> <span class='ocrx_word' id='word_1_732' title='bbox 3625 5294 3864 5368; x_wconf 72' lang='grc' dir='ltr'>ματζού-</span> 
     </span>
    </p>
   </div>
   <div class='ocr_carea' id='block_1_116' title="bbox 2191 5379 3867 5457">
    <p class='ocr_par' dir='ltr' id='par_1_116' title="bbox 2191 5379 3867 5457">
     <span class='ocr_line' id='line_1_116' title="bbox 2191 5379 3867 5457; baseline 0.002 -23"><span class='ocrx_word' id='word_1_733' title='bbox 2191 5400 2303 5438; x_wconf 80' lang='grc' dir='ltr'>κια.</span> <span class='ocrx_word' id='word_1_734' title='bbox 2340 5380 2450 5436; x_wconf 88' lang='lat' dir='ltr'><strong>Leo</strong></span> <span class='ocrx_word' id='word_1_735' title='bbox 2481 5379 2641 5435; x_wconf 74' lang='lat' dir='ltr'><strong>Tact.</strong></span> <span class='ocrx_word' id='word_1_736' title='bbox 2667 5396 2798 5451; x_wconf 64' lang='lat' dir='ltr'><strong>e-ap.</strong></span> <span class='ocrx_word' id='word_1_737' title='bbox 2835 5379 2901 5433; x_wconf 85' lang='grc'><strong>14</strong></span> <span class='ocrx_word' id='word_1_738' title='bbox 2930 5379 2960 5452; x_wconf 84' lang='lat'>§</span> <span class='ocrx_word' id='word_1_739' title='bbox 2991 5380 3063 5435; x_wconf 77' lang='grc'>84</span> <span class='ocrx_word' id='word_1_740' title='bbox 3094 5396 3108 5438; x_wconf 89' lang='lat'><strong>:</strong></span> <span class='ocrx_word' id='word_1_741' title='bbox 3171 5381 3245 5436; x_wconf 87' lang='grc' dir='ltr'><strong><em>Ἦ</em></strong></span> <span class='ocrx_word' id='word_1_742' title='bbox 3304 5381 3599 5457; x_wconf 81' lang='grc' dir='ltr'>σικουρίων</span> <span class='ocrx_word' id='word_1_743' title='bbox 3634 5382 3671 5453; x_wconf 65' lang='grc' dir='ltr'>ἤ</span> <span class='ocrx_word' id='word_1_744' title='bbox 3731 5404 3867 5457; x_wconf 81' lang='grc' dir='ltr'>ματ-</span> 
     </span>
    </p>
   </div>
   <div class='ocr_carea' id='block_1_117' title="bbox 2198 5467 3869 5547">
    <p class='ocr_par' dir='ltr' id='par_1_117' title="bbox 2198 5467 3869 5547">
     <span class='ocr_line' id='line_1_117' title="bbox 2198 5467 3869 5547; baseline 0.004 -24"><span class='ocrx_word' id='word_1_745' title='bbox 2198 5467 2450 5538; x_wconf 73' lang='grc' dir='ltr'>ζουκίων.</span> <span class='ocrx_word' id='word_1_746' title='bbox 2480 5468 2815 5539; x_wconf 82' lang='lat' dir='ltr'><strong>Stephanus</strong></span> <span class='ocrx_word' id='word_1_747' title='bbox 2865 5467 3213 5527; x_wconf 86' lang='lat' dir='ltr'><strong>Sachlices:</strong></span> <span class='ocrx_word' id='word_1_748' title='bbox 3275 5469 3572 5540; x_wconf 62' lang='grc' dir='ltr'><strong>Ματζοῦγα</strong></span> <span class='ocrx_word' id='word_1_749' title='bbox 3630 5469 3869 5547; x_wconf 84' lang='grc' dir='ltr'>πολεμῷ</span> 
     </span>
    </p>
   </div>
   <div class='ocr_carea' id='block_1_118' title="bbox 2193 5551 2813 5629">
    <p class='ocr_par' dir='ltr' id='par_1_118' title="bbox 2193 5551 2813 5629">
     <span class='ocr_line' id='line_1_118' title="bbox 2193 5551 2813 5629; baseline 0 -18"><span class='ocrx_word' id='word_1_750' title='bbox 2193 5556 2286 5612; x_wconf 88' lang='grc' dir='ltr'><strong>τὸν</strong></span> <span class='ocrx_word' id='word_1_751' title='bbox 2321 5555 2516 5629; x_wconf 76' lang='grc' dir='ltr'>ἄνεμον</span> <span class='ocrx_word' id='word_1_752' title='bbox 2545 5555 2611 5610; x_wconf 66' lang='lat' dir='ltr'><strong>vd</strong></span> <span class='ocrx_word' id='word_1_753' title='bbox 2645 5551 2813 5629; x_wconf 80' lang='grc' dir='ltr'>δύρω.</span> 
     </span>
    </p>
   </div>
   <div class='ocr_carea' id='block_1_119' title="bbox 2265 5642 3865 5725">
    <p class='ocr_par' dir='ltr' id='par_1_119' title="bbox 2265 5642 3865 5725">
     <span class='ocr_line' id='line_1_119' title="bbox 2265 5642 3865 5725; baseline 0.001 -22"><span class='ocrx_word' id='word_1_754' title='bbox 2265 5649 2490 5719; x_wconf 77' lang='grc' dir='ltr'>Μαῦρος</span> <span class='ocrx_word' id='word_1_755' title='bbox 2523 5646 2704 5716; x_wconf 82' lang='lat' dir='ltr'><strong>niger.</strong></span> <span class='ocrx_word' id='word_1_756' title='bbox 2740 5649 2800 5701; x_wconf 89' lang='lat' dir='ltr'><strong>P.</strong></span> <span class='ocrx_word' id='word_1_757' title='bbox 2838 5645 2909 5701; x_wconf 85' lang='lat'><strong>35</strong></span> <span class='ocrx_word' id='word_1_758' title='bbox 2938 5646 2998 5714; x_wconf 89' lang='lat' dir='ltr'><strong>d,</strong></span> <span class='ocrx_word' id='word_1_759' title='bbox 3061 5647 3154 5719; x_wconf 83' lang='grc' dir='ltr'><strong>Τῷ</strong></span> <span class='ocrx_word' id='word_1_760' title='bbox 3216 5642 3272 5702; x_wconf 75' lang='grc' dir='ltr'><strong>δὲ</strong></span> <span class='ocrx_word' id='word_1_761' title='bbox 3325 5650 3520 5722; x_wconf 72' lang='grc' dir='ltr'>μέλανι</span> <span class='ocrx_word' id='word_1_762' title='bbox 3578 5651 3865 5725; x_wconf 81' lang='grc' dir='ltr'>χρώματι.</span> 
     </span>
    </p>
   </div>
   <div class='ocr_carea' id='block_1_120' title="bbox 2196 5734 3868 5814">
    <p class='ocr_par' dir='ltr' id='par_1_120' title="bbox 2196 5734 3868 5814">
     <span class='ocr_line' id='line_1_120' title="bbox 2196 5734 3868 5814; baseline 0.002 -21"><span class='ocrx_word' id='word_1_763' title='bbox 2196 5737 2391 5794; x_wconf 84' lang='lat' dir='ltr'><strong>Codex</strong></span> <span class='ocrx_word' id='word_1_764' title='bbox 2472 5735 2586 5803; x_wconf 68' lang='grc' dir='ltr'><strong>(ΞΒ,</strong></span> <span class='ocrx_word' id='word_1_765' title='bbox 2663 5734 2877 5809; x_wconf 81' lang='grc' dir='ltr'>μαύρῳ.</span> <span class='ocrx_word' id='word_1_766' title='bbox 2944 5735 3382 5809; x_wconf 81' lang='lat' dir='ltr'><strong>Theophanes:</strong></span> <span class='ocrx_word' id='word_1_767' title='bbox 3441 5738 3541 5793; x_wconf 76' lang='grc' dir='ltr'><strong>Καὶ</strong></span> <span class='ocrx_word' id='word_1_768' title='bbox 3602 5738 3868 5814; x_wconf 78' lang='grc' dir='ltr'>βαλόντες</span> 
     </span>
    </p>
   </div>
   <div class='ocr_carea' id='block_1_121' title="bbox 2200 5823 3867 5900">
    <p class='ocr_par' dir='ltr' id='par_1_121' title="bbox 2200 5823 3867 5900">
     <span class='ocr_line' id='line_1_121' title="bbox 2200 5823 3867 5900; baseline 0.005 -22"><span class='ocrx_word' id='word_1_769' title='bbox 2200 5823 2388 5900; x_wconf 79' lang='grc' dir='ltr'>σαγίον</span> <span class='ocrx_word' id='word_1_770' title='bbox 2431 5826 2680 5897; x_wconf 66' lang='lat' dir='ltr'><strong>&#39;pznpov.</strong></span> <span class='ocrx_word' id='word_1_771' title='bbox 2744 5824 2926 5879; x_wconf 87' lang='lat' dir='ltr'><strong>Hodie</strong></span> <span class='ocrx_word' id='word_1_772' title='bbox 2999 5841 3231 5899; x_wconf 90' lang='lat' dir='ltr'><strong>quoque</strong></span> <span class='ocrx_word' id='word_1_773' title='bbox 3280 5826 3340 5884; x_wconf 89' lang='lat' dir='ltr'><strong>in</strong></span> <span class='ocrx_word' id='word_1_774' title='bbox 3400 5845 3509 5886; x_wconf 89' lang='lat' dir='ltr'><strong>usu</strong></span> <span class='ocrx_word' id='word_1_775' title='bbox 3559 5834 3669 5885; x_wconf 87' lang='lat' dir='ltr'><strong>est.</strong></span> <span class='ocrx_word' id='word_1_776' title='bbox 3723 5830 3867 5886; x_wconf 84' lang='lat' dir='ltr'><strong>Vide</strong></span> 
     </span>
    </p>
   </div>
   <div class='ocr_carea' id='block_1_122' title="bbox 2204 5912 3760 5992">
    <p class='ocr_par' dir='ltr' id='par_1_122' title="bbox 2204 5912 3760 5992">
     <span class='ocr_line' id='line_1_122' title="bbox 2204 5912 3760 5992; baseline 0.004 -22"><span class='ocrx_word' id='word_1_777' title='bbox 2204 5912 2522 5972; x_wconf 82' lang='lat' dir='ltr'><strong>Meursium</strong></span> <span class='ocrx_word' id='word_1_778' title='bbox 2553 5913 2627 5970; x_wconf 88' lang='lat' dir='ltr'><strong>ad</strong></span> <span class='ocrx_word' id='word_1_779' title='bbox 2658 5928 2787 5985; x_wconf 88' lang='lat' dir='ltr'><strong>cap.</strong></span> <span class='ocrx_word' id='word_1_780' title='bbox 2821 5913 2889 5969; x_wconf 87' lang='grc'><strong>12</strong></span> <span class='ocrx_word' id='word_1_781' title='bbox 2944 5913 3237 5975; x_wconf 79' lang='lat' dir='ltr'><strong>Constant.</strong></span> <span class='ocrx_word' id='word_1_782' title='bbox 3268 5916 3351 5977; x_wconf 90' lang='lat' dir='ltr'><strong>De</strong></span> <span class='ocrx_word' id='word_1_783' title='bbox 3378 5914 3575 5976; x_wconf 82' lang='lat' dir='ltr'><strong>admln</strong></span> <span class='ocrx_word' id='word_1_784' title='bbox 3604 5919 3760 5992; x_wconf 90' lang='lat' dir='ltr'><strong>imp.</strong></span> 
     </span>
    </p>
   </div>
  </div>
