4120 6284
282 373 434 436 1077

350 501 646 578 Μέλιγγος.
681 503 825 559 Vide
850 503 1067 560 Meurs.

351 594 641 662 Μεσάζων.
689 594 751 649 Ρ.
813 594 905 664 38,
965 593 1092 648 Τῶν
1137 586 1422 663 δημοσίων
1463 586 1538 651 εἰς
1569 590 1750 666 φορῶν
1780 604 1944 664 φρον-

277 685 490 753 τιστήν.
523 684 715 741 Codex
739 683 827 738 GB
861 679 1186 753 μεσάζοντα.

358 774 600 832 Μιτάτον
652 789 948 846 synagoga
994 777 1436 828 Saracenorum.
1490 772 1555 826 V.
1597 766 1939 825 Meursium.

279 853 287 858 ’
360 865 539 925 Μιτὺς
571 862 677 937 ῥίν,
713 879 891 918 nasus
920 865 990 918 V.
1024 861 1366 916 Meursium.

367 955 599 1024 Μνῆμαι
629 951 944 1017 memoria),
1004 966 1104 1006 seu
1146 948 1529 1005 anniversarii
1571 947 1672 1002 SS.
1707 944 1831 1001 dies
1869 944 1942 999 ad

285 1043 588 1100 colendam
623 1057 824 1098 eorum
861 1039 1202 1096 memoriam
1233 1037 1514 1093 instituti.
1541 1037 1795 1092 Joannes
1819 1034 1944 1088 Hie-

282 1132 762 1205 rosolymitanus,
820 1131 923 1185 lib.
985 1147 1046 1184 III
1106 1129 1165 1183 in
1222 1131 1646 1200 Stratagemata
1690 1125 1750 1180 B.
1793 1123 1938 1179 Job:

280 1225 575 1293 Propterea
621 1229 674 1277 et.
722 1218 1016 1276 memorias
1063 1220 1389 1272 Sanctorum
1439 1218 1698 1284 facimus,
1745 1222 1796 1269 et
1837 1229 1938 1284 pa-

278 1320 499 1368 rentum
530 1319 844 1366 nostrorum
874 1308 958 1364 vel
988 1309 1293 1362 amicorum
1341 1305 1402 1361 in
1447 1304 1554 1374 ﬁde
1583 1301 1942 1360 morientium

277 1403 462 1460 devote
511 1403 841 1458 memoriam
885 1401 1129 1469 agimus,
1181 1402 1290 1454 etc.
1341 1395 1683 1452 Anastasius
1723 1393 1938 1449 Biblio-

275 1492 567 1548 thecarius
599 1491 657 1546 in
698 1488 953 1545 Historia
983 1486 1416 1543 ecclesiastica:
1474 1486 1661 1540 Festus
1717 1486 1939 1538 senator

276 1581 427 1636 urbis
466 1584 652 1638 Romae
680 1581 884 1634 missus
916 1577 986 1632 ad
1016 1577 1376 1631 Anastasium
1402 1579 1630 1645 proliter
1669 1571 1937 1644 quasdam

275 1667 474 1725 civiles
505 1669 802 1734 utilitates,
851 1666 1147 1720 memorias
1193 1665 1506 1718 sanctorum
1549 1659 1936 1732 apostolorum

276 1759 579 1829 festivitate
607 1757 815 1827 majori
867 1755 1026 1827 petiit
1075 1751 1370 1808 celebrari.
1425 1752 1681 1821 Μνημεῖα
1709 1752 1933 1814 autem,

1559 361 1894 429 FABROTI
1942 354 2484 419 GLOSSARIUM.

1973 493 2018 558 Α
2125 484 2308 542 Νύκτα
2363 501 2492 540 nox.
2527 502 2583 556 p.
2621 483 2720 539 127
2767 483 2827 552 b,
2855 481 3068 543 νυκτός.
3101 483 3290 540 Codex
3341 483 3456 553 GB,
3489 481 3684 546 νύκτας

3553 353 3711 413 1078

2058 577 2386 648 Stephanus
2417 573 2751 630 Sachlices:
2798 572 2908 640 Τὴν
2955 571 3145 627 νύκταν
3184 569 3368 648 πόρνει
3400 577 3712 645 περπατοῦν

2053 662 2146 717 καὶ
2173 660 2401 717 κλέπται
2426 661 2513 716 καὶ
2549 661 2815 738 φονίσκοι.

2852 825 2900 862 :1

2122 975 2307 1029 Ξενών
2341 991 2550 1032 xenon.
2611 977 2674 1030 P.
2734 975 2839 1030 285
2886 991 2938 1042 a,
3001 973 3076 1036 εἰς
3127 980 3505 1048 νοσοκομεῖον.
3541 975 3706 1034 Alius

2052 1066 2230 1121 codex
2283 1064 2500 1134 ξενῶνα.
2561 1063 2776 1120 Justin.
2829 1064 2970 1120 Nov.
3034 1065 3154 1130 111,
3197 1081 3322 1137 cap.
3385 1065 3437 1134 1,
3492 1065 3702 1133 ξενῶσι.

2049 1154 2317 1210 Julianus
2355 1159 2494 1210 Nov.
2533 1154 2634 1208 104
2664 1153 3008 1209 xenonibus.
3041 1154 3134 1208 Sic
3184 1156 3355 1209 etiam
3382 1154 3522 1211 Nov.
3555 1157 3698 1212 Just.

2052 1244 2149 1299 131
2185 1260 2235 1299 c.
2272 1246 2360 1309 10,
2391 1243 2504 1298 Jul.
2542 1243 2664 1309 119,
2699 1259 2750 1298 c.
2795 1243 2881 1297 11.
2918 1242 3307 1314 Menologium
3337 1243 3494 1299 Junii
3533 1245 3602 1298 27
3635 1246 3706 1300 de

2049 1333 2412 1405 Sampsone:
2468 1332 2583 1399 Τῆς
2641 1330 2890 1404 ἰατρικῆς
2956 1331 3057 1402 γὰρ
3140 1329 3451 1403 ἐπιστήμης
3522 1332 3588 1401 ἦν
3651 1330 3702 1386 ὲν

2047 1423 2236 1496 πείρῃ,
2294 1421 2384 1476 καὶ
2434 1421 2528 1475 τὸν
2598 1418 2829 1496 βασιλέα
2885 1422 3262 1476 Ἰουστινιανὸν
3311 1421 3512 1494 ἀνιάτῳ
3544 1422 3703 1485 πάθει

2045 1507 2440 1585 περιπεσοῦντα
2498 1510 2709 1565 ἰάσατο.
2767 1510 2864 1566 Ἐκ
2915 1509 3113 1565 τούτου
3145 1510 3173 1563 ὁ
3218 1508 3472 1584 βασιλεὺς
3534 1512 3698 1586 ὑπερ-

2045 1600 2298 1674 αγασθείς
2353 1601 2452 1668 τήν
2527 1599 2723 1672 ἀρετὴν
2791 1602 2888 1653 τόῦ
2946 1597 3140 1673 ἀνδρὸς
3185 1599 3276 1652 καὶ
3331 1593 3490 1660 σέϐας
3549 1588 3699 1671 αὐτῷ

2043 1686 2356 1760 ἀπονέμων,
2416 1688 2508 1742 τὸν
2567 1687 2821 1761 μέγιστον
2879 1687 3029 1742 οἶκον
3090 1684 3179 1741 καί
3238 1681 3568 1761 περιϐόητον
3626 1684 3699 1742 δι’

2042 1776 2207 1832 αὐτοῦ
2264 1774 2540 1850 ἀνεγείρας
2641 1776 2838 1846 ξενῶνα
2902 1774 3274 1846 κατεσκεύασε,
3349 1776 3440 1830 καὶ
3506 1796 3694 1830 σκευοο

279 1864 405 1919 quaa
438 1851 496 1902 et
528 1844 816 1902 memoriae
851 1844 1020 1910 dicta,
1055 1845 1196 1898 sunt
1244 1841 1367 1896 loca
1421 1839 1522 1896 SS.
1582 1837 1923 1910 Martyribus

2043 1865 2254 1944 φύλακα
2279 1869 2377 1935 τῆς
2434 1837 2530 1920 τοῦ
2587 1869 2719 1920 Θεοῦ
2770 1864 3032 1941 Μεγάλης
3065 1837 3396 1935 Ἐκκλήσίας
3427 1865 3692 1935 κατέστη-

277 1937 484 1992 dicata.
519 1936 582 1990 B.
617 1933 981 2006 Augustinus
1011 1928 1250 2002 epistola
1283 1929 1384 1983 137
1413 1944 1424 1982 :
1460 1927 1601 1983 Nam
1629 1936 1681 1983 et
1708 1942 1803 1982 nos
1833 1942 1932 1979 no-

272 2028 451 2082 vimus
508 2024 822 2080 Mediolani
874 2021 1022 2092 apud
1070 2019 1398 2073 memoriam
1459 2026 1794 2083 sanctorum,
1836 2015 1933 2069 ubi

272 2114 620 2170 mirabiliter
655 2124 706 2169 et
737 2111 1065 2168 terribiliter
1119 2107 1390 2163 dtrniones
1433 2108 1783 2178 conﬁtentur,
1817 2109 1926 2160 etc.

344 2200 609 2272 Μονάζων
656 2205 718 2258 Ρ.
785 2202 904 2255 111.
965 2199 1022 2254 b.
1088 2196 1221 2252 Καθ’
1278 2191 1740 2262 ἐαυτὸνῖδιάζων·
1776 2193 1928 2248 alius

270 2293 448 2352 codex
510 2290 783 2364 μονάζων.
869 2289 1014 2344 Hinc
1103 2284 1375 2341 monachi
1444 2300 1545 2340 seu
1609 2281 1928 2354 μονάζοντες

270 2384 430 2452 dicti,
465 2382 566 2453 qui
603 2379 928 2437 solitariam
980 2382 1035 2432 et
1078 2375 1367 2447 privatam
1399 2373 1571 2430 vitam
1601 2371 1922 2442 elegerunt.

269 2473 578 2544 Gregorius
622 2474 694 2528 de
745 2470 1024 2527 euntibus
1053 2464 1496 2537 Hierosolyma:
1560 2459 1712 2518 Ἐπεί
1742 2458 1922 2514 τοίνυν

270 2561 371 2616 εἰσί
400 2582 544 2624 τινες
596 2565 702 2615 τῶν
750 2559 841 2614 τὸν
896 2557 1112 2632 μονήρη
1165 2553 1256 2608 καὶ
1308 2549 1581 2621 ἰδιάζοντα
1611 2550 1728 2624 βίον
1763 2549 1924 2604 ἐπαν-

270 2652 588 2724 ῃρημένων,
620 2651 705 2711 οἷς
738 2647 788 2702 ἐν
827 2647 977 2722 μέρει
1012 2637 1283 2705 εὐσεϐείας
1327 2642 1638 2713 νενόμισται
1683 2637 1744 2693 τὸ
1793 2637 1925 2699 τοὺς

268 2739 319 2793 ἐν
344 2737 752 2814 Ἱεροσολύμοις
781 2738 987 2796 τόπους
1017 2731 1172 2788 ἰδεῖν.

341 2829 602 2897 Μονάζων
637 2827 980 2894 monachus,
1010 2843 1066 2898 p.
1101 2824 1205 2880 135
1250 2823 1308 2877 b.
1371 2819 1734 2876 Glossarium
1772 2831 1921 2874 ms.:

277 2914 598 2990 μοναδικοὺς
631 2913 1010 2990 ἇναχωρητᾶς,
1041 2909 1078 2981 ἤ
1110 2908 1301 2973 ἁπλῶς
1332 2909 1683 2984 μονάζοντας.

339 3007 716 3079 Μοναστήριον
785 3003 1226 3083 φροντιστήριον,
1278 2997 1724 3056 monasterium.
1767 2996 1923 3052 Τί]οο

271 3113 396 3150 mas
445 3096 752 3168 Magister:
816 3092 1223 3166 Φροντιστήρια
1280 3088 1348 3142 τὰ
1408 3083 1759 3141 διδασκαλεῖα
1812 3087 1919 3138 τῶν

259 3182 592 3262 φιλοσόφων,
627 3187 887 3257 Λέγοιντο
920 3177 964 3234 δ’
1006 3180 1066 3232 ἅν
1113 3179 1257 3232 οὕτω
1305 3176 1371 3230 τὰ
1418 3175 1545 3247 παρ’
1577 3176 1711 3246 ἡμῖν
1749 3193 1914 3246 μονα-

257 3261 481 3347 arripiat,
538 3273 611 3332 ὡς
671 3275 770 3336 τῆς
839 3265 1010 3330 ὅντως
1076 3265 1404 3346 φιλοσοφίας
1468 3263 1715 3319 ἐνταυθοῖ
1755 3261 1910 3336 μελε-

255 3365 531 3436 τωμένης.
568 3364 728 3418 Idem
762 3361 878 3417 fere
909 3358 1141 3417 Menuel
1171 3355 1586 3427 MoschOpulus
1617 3353 1675 3408 in
1707 3369 1909 3408 vocum

263 3455 585 3509 Atticarum
641 3451 854 3522 ecloga.
914 3450 1073 3504 Idem
1134 3445 1258 3521 περὶ
1317 3441 1470 3522 σχεδ·
1530 3443 1818 3518 Παρθενεῖα
1844 3441 1912 3496 τὰ

267 3543 628 3615 μοναστήρια,
659 3545 715 3597 et
746 3541 992 3610 σεμνεῖον
1025 3536 1086 3591 τὸ
1123 3534 1510 3608 μοναστήριον.

333 3630 630 3704 Μονάχική
687 3625 960 3698 πολιτεία,
1020 3635 1084 3684 ut
1151 3625 1395 3681 Cedreni
1455 3640 1512 3695 p.
1569 3623 1674 3678 329
1737 3622 1796 3692 b,
1857 3626 1915 3676 et

264 3721 622 3795 Curopalaloe
657 3735 783 3792 pag.
816 3719 921 3773 817
970 3733 1021 3773 ο.
1079 3716 1192 3770 Nec
1223 3714 1402 3785 igitur
1429 3711 1750 3784 quidquam
1785 3727 1911 3764 mu-

265 3814 505 3870 tandum
537 3811 598 3865 in
631 3807 877 3865 Hormiae
934 3803 1200 3871 historia,
1255 3801 1485 3858 tametsi
1525 3799 1694 3856 aliter
1721 3800 1909 3854 visum

262 3899 674 3971 summojuris
705 3895 954 3952 antistiti
1006 3896 1220 3960 ParaL,
1261 3890 1322 3948 in
1369 3890 1496 3947 cod.
1534 3889 1616 3945 tit.
1649 3889 1704 3959 3,
1735 3885 1837 3942 lib.
1872 3904 1912 3952 1,

263 3997 328 4048 ut
359 3995 417 4047 et
450 3990 667 4046 ibidem
700 3985 940 4042 docebo.

332 4079 558 4155 Μόσχος
615 4093 879 4143 muscus,
929 4071 1207 4132 aromatis
1265 4086 1475 4144 genus.
1536 4068 1676 4124 Vide
1723 4071 1912 4125 Meur-

260 4188 438 4229 etum.

335 4257 554 4318 Μοῦλα.
615 4261 676 4315 Ρ.
735 4257 843 4312 295
897 4273 952 4326 a,
1007 4251 1268 4324 ἡμίονον.
1302 4249 1492 4306 Codex
1530 4247 1646 4313 GB,
1679 4241 1909 4318 μοῦλαν.

263 4350 584 4407 Alexander
608 4347 947 4403 Trallianus
975 4342 1079 4398 lib.
1114 4358 1154 4410 ι,
1196 4356 1324 4412 cap.
1397 4340 1466 4393 15
1506 4353 1520 4392 :
1579 4337 1826 4390 Πεσεῖται
1858 4329 1915 4386 δὲ

262 4438 350 4494 ἐὰν
401 4437 595 4511 τρίχας
645 4431 770 4489 ὄνου
816 4433 906 4487 καὶ
972 4428 1189 4504 μούλης
1249 4424 1644 4498 ὑποθυμιάσῃς.
1706 4427 1916 4480 Auctor

268 4527 361 4583 GB
406 4523 584 4597 μοῦλα
630 4519 1055 4589 κολοστολίστη.
1114 4517 1260 4573 Hinc
1320 4512 1564 4588 μουλίων
1620 4512 1798 4570 mulio
1856 4512 1912 4568 in

265 4615 552 4684 Basilicis,
583 4613 619 4669 l.
658 4631 747 4680 1.x,
779 4616 808 4683 θ
836 4617 866 4667 7
902 4612 967 4666 D.
999 4609 1110 4664 loc.

335 4700 682 4776 Μουσούριον
739 4701 950 4757 litterae
1006 4694 1464 4754 Musulmanicaa.
1515 4692 1608 4747 Sic
1643 4686 1914 4764 μουσουλ-

266 4795 502 4868 μανίζειν
534 4789 1027 4847 Musulmanicam
1077 4783 1417 4855 religionem
1466 4780 1744 4852 proﬁteri.
1776 4778 1916 4835 Vide

261 4883 580 4941 Meursium
611 4880 671 4934 in
704 4895 770 4934 eo
801 4877 998 4934 verbo.

332 4965 764 5044 Μούρτζουιρλος
796 4962 1234 5038 superciliosos.
1268 4959 1409 5018 Vide
1439 4957 1773 5014 Meursium.

1065 5107 1110 5160 N

331 5255 526 5332 Νερόν.
563 5255 626 5309 In
659 5250 856 5308 Indice
914 5245 1131 5315 ἄντλον,
1178 5244 1356 5320 νερόν,
1410 5241 1916 5332 aqua.hMaximus_

257 5326 572 5424 episcopus
634 5340 923 5412 Margunii
985 5335 1190 5392 homil.
1254 5351 1307 5391 ις
1368 5331 1452 5388 Νά
1480 5326 1916 5385 ἀποδίδεταικαὶ

259 5417 333 5500 είς
367 5438 427 5490 τὸ
456 5417 607 5507 νερὸν
634 5431 724 5485 καὶ
757 5429 834 5491 εἰς
863 5426 929 5482 τὸ
955 5427 1086 5497 πῦρ.
1114 5427 1331 5479 Auctor
1361 5421 1513 5478 alius
1546 5420 1657 5488 GB,
1691 5417 1916 5491 Πὸρηκα

264 5525 708 5599 μικροπόταμον,
766 5518 856 5573 καὶ
917 5514 992 5575 εἷς
1047 5512 1110 5566 τὸ
1167 5511 1319 5587 νερὸν
1363 5510 1425 5564 τὸ
1461 5507 1618 5582 μέσον
1653 5506 1786 5586 φλὸξ
1818 5511 1913 5563 τοῦ

255 5615 426 5685 πυρὸς
458 5613 740 5684 ἐξήρχετο.

331 5702 706 5770 Νοσοκομεῖον
742 5689 1170 5754 nosocomium.
1230 5691 1395 5744 Locus
1450 5687 1802 5756 venerabilis,
1852 5685 1912 5739 in

258 5809 368 5869 quo
397 5789 594 5859 aegroti
640 5785 895 5844 homines
941 5785 1230 5837 curantur.
1270 5775 1536 5831 Julianus
1565 5778 1915 5830 Antecessor

228 5889 377 5946 Nov.
410 5881 478 5948 7,
515 5892 644 5948 cap.
681 5876 733 5932 1.

2039 1976 2147 2013 σεν.
2179 1955 2418 2027 Niceph.
2454 1955 2593 2010 Call.
2639 1956 2727 2025 11,
2783 1957 2885 2010 18:
2955 1952 3152 2027 Χωρία
3196 1953 3262 2008 τὰ
3319 1951 3588 2008 κάλλιστα
3616 1953 3692 2009 ὧν

2037 2045 2186 2119 εἶχεν
2261 2044 2476 2113 αὐτόθι,
2552 2047 2669 2104 τοῖς
2764 2044 2930 2098 αὐτοῦ
3006 2044 3223 2115 ξενῶσιν
3300 2040 3688 2120 ἀπεχαρίζετο.

2036 2133 2264 2193 Manuel
2333 2134 2743 2206 Moschopulus
2807 2133 2928 2205 περὶ
2992 2127 3145 2204 σχεδ·
3213 2131 3422 2187 Κοιτὼν
3487 2130 3690 2206 κυρίως

2038 2224 2132 2296 μὲν
2205 2222 2354 2284 οῐκος
2430 2222 2458 2276 ὁ
2533 2219 2808 2300 περιέχων
2881 2218 3071 2282 κοίτας
3145 2216 3385 2291 πολλὰς,
3460 2219 3534 2281 ὡς
3638 2220 3691 2274 o't

2034 2314 2278 2387 ξινῶνες.

2839 2435 2882 2490 Ο

2099 2580 2394 2654 (Ομφίκιον
2474 2580 2541 2634 ut
2612 2577 2675 2633 in
2761 2574 2955 2648 priore
3035 2573 3310 2642 editione,
3403 2587 3507 2642 pro
3587 2571 3685 2646 ὀφ-

2030 2670 2235 2745 φίκιον,
2270 2673 2337 2726 ut
2366 2685 2424 2740 p.
2456 2668 2563 2722 316
2591 2682 2622 2721 ο
2663 2663 2942 2721 ofﬁcium.
3004 2661 3144 2717 Vide
3202 2662 3275 2716 ad
3333 2661 3681 2715 Cedrenum.

2100 2756 2380 2815 Ὀσπίτιον
2440 2754 2782 2826 hospitium.
2849 2752 2986 2823 Pag.
3044 2750 3152 2805 525
3224 2752 3280 2804 et
3336 2749 3462 2803 347.
3521 2749 3678 2802 Idem

2031 2865 2084 2919 p.
2117 2848 2224 2902 325
2254 2849 2312 2914 b,
2344 2845 2705 2920 ἀπρόσμαχον
2757 2839 3102 2913 οἰκητήριον.
3152 2839 3344 2894 Codex
3385 2837 3475 2893 GB
3520 2835 3682 2890 ὀσπί-

2025 2957 2160 2994 τιον.
2194 2940 2259 2993 V.
2309 2936 2432 2993 Ind.
2484 2931 3016 3006 Astrampsycbus:
3050 2929 3202 2984 Ἔστι
3257 2923 3314 2982 δὲ
3343 2927 3405 2982 τὸ
3435 2925 3680 2980 ὀσπίτιον

2025 3029 2188 3081 τοῦτο
2225 3025 2300 3087 εἷς
2330 3029 2504 3080 πᾶσαν
2557 3021 2749 3097 πρᾶξιν
2806 3016 3076 3093 τυχηρόν.
3109 3017 3416 3076 Rationale
3446 3015 3678 3088 imperii

2029 3116 2140 3172 sub
2170 3115 2312 3188 imp.
2345 3113 2540 3170 Alexio
2591 3114 2920 3168 Comneno:
2981 3103 3305 3182 Ἐσχιδεύθη
3337 3105 3399 3160 τὸ
3433 3103 3678 3161 ὀσπίτιον

1953 3224 1998 3294 C
2029 3204 2194 3259 αὐτοῦ
2225 3204 2379 3280 ἐγγὺς
2407 3207 2504 3258 τοῦ
2537 3197 2886 3276 ἱπποδρόμου
2924 3195 3286 3271 διακείμενον.
3320 3198 3679 3255 Glossarium

2029 3311 2137 3350 ms.
2173 3293 2418 3367 Ηέταυρα
2464 3292 2555 3346 καὶ
2597 3289 2664 3346 τὰ
2723 3285 2936 3343 σανίδια
2988 3286 3045 3340 ἓν
3116 3287 3201 3348 οἷς
3259 3287 3584 3362 στεγάζομεν
3615 3285 3684 3341 τὸ.

2027 3383 2264 3442 ὀσπίτια.
2343 3383 2533 3440 Utitur
2585 3380 2867 3453 Georgius
2926 3377 3349 3435 Alexandrinus
3422 3377 3482 3432 in
3557 3377 3683 3433 Vita

2024 3474 2445 3547 Chrysostomi,
2495 3473 2745 3528 Joannes
2798 3469 3240 3524 Cantacuzenus
3279 3469 3380 3526 aut
3409 3466 3678 3522 sultanus

2023 3565 2282 3637 Egypti,
2312 3564 2373 3618 in
2423 3562 2608 3634 Epist.
2651 3561 2719 3616 ad
2769 3559 3234 3613 Cantaouzenum
3264 3555 3404 3626 imp.
3439 3572 3497 3626 p.
3527 3556 3674 3624 756;

2025 3654 2346 3710 Concilium
2395 3650 2742 3706 Chalcedon.
2799 3650 2911 3702 act.
2954 3647 3058 3714 11;
3118 3643 3557 3700 Constantinus.
3591 3643 3674 3702 De

2026 3743 2306 3799 administ
2334 3740 2503 3810 imp.,
2537 3739 2770 3794 Graecus
2817 3735 3034 3805 Interp.
3087 3731 3318 3787 Basilio.
3365 3731 3466 3787 lib.
3498 3747 3670 3803 XLVII,

2025 3832 2118 3888 tit.
2171 3831 2222 3894 1,
2273 3829 2332 3884 in
2375 3827 2636 3898 iterpret.
2695 3825 2786 3892 Is;
2852 3821 3058 3878 Lucius
3112 3820 3182 3874 32
3238 3819 3306 3875 D.
3373 3820 3449 3874 De
3477 3821 3675 3877 donat.

2030 3919 2205 3976 Hodie
2235 3913 2398 3984 σπίτη
2432 3914 2519 3968 vel
2549 3911 2696 3966 σπίτι
2748 3911 2969 3966 dicunt.
3001 3910 3218 3963 Auctor
3248 3907 3361 3977 GB,
3396 3902 3671 3978 Ἐμπένης

2030 4007 2126 4080 μὲς
2165 4009 2283 4067 ταῖς
2315 4001 2607 4081 φαμιλίαις
2670 3998 2738 4052 τὰ
2797 3997 3000 4066 σπήτια
3056 3991 3412 4073 δυσφανίζεις,
3444 3995 3682 4053 Alexius

2028 4097 2376 4161 Rharturus,
2410 4093 2563 4148 doct.
2598 4090 2654 4145 2.
2685 4086 2992 4144 Bessarion
3021 4083 3335 4142 cardinalis
3382 4085 3550 4157 epist.
3606 4087 3679 4141 ad

2029 4188 2252 4261 paedag.
2285 4184 2536 4240 ﬁliorum
2567 4180 2802 4236 Thoma
2835 4174 3161 4248 Palaaologi.

2097 4273 2437 4347 Οὖννάρχης.
2504 4274 2567 4324 Ρ.
2630 4269 2696 4323 47
2760 4267 2797 4322 d
2858 4265 2918 4320 in
2976 4263 3090 4321 alio
3147 4264 3364 4328 codice,
3398 4263 3525 4334 Ῥἠξ
3569 4267 3677 4318 τῶν

2026 4365 2314 4440 Οὖγγρων.
2349 4359 2717 4418 Glossarium
2774 4371 2886 4410 ms.
2941 4353 3006 4411 D.
3053 4352 3416 4423 Cancellarii,
3479 4351 3675 4410 Οὕννοι

2027 4455 2079 4509 οἱ
2111 4449 2373 4527 Οὕγγροι.
2407 4449 2548 4504 Vide
2579 4462 2713 4520 pag.
2744 4443 2936 4502 eamd.
2969 4460 3022 4500 a.

2101 4543 2263 4614 Ὄψις
2293 4543 2466 4598 obses
2498 4556 2552 4611 p.
2584 4537 2691 4592 263
2750 4536 2810 4591 b.
2867 4533 3079 4589 Eadem
3111 4547 3169 4603 p.
3201 4531 3308 4586 263
3351 4547 3384 4586 a
3415 4529 3672 4603 βασιλεὺς

2025 4630 2083 4687 δὲ
2141 4627 2341 4684 δέδωκέ
2396 4648 2549 4690 τινας
2598 4628 2707 4680 τῶν
2765 4621 2813 4692 ἐξ
2874 4621 3104 4694 αἳματος
3163 4619 3435 4692 ὁμήρους.
3486 4622 3677 4678 Codex

2025 4723 2118 4779 GB
2157 4716 2372 4792 ὄψιδας.
2429 4715 2812 4787 TheOphanes
2868 4712 2929 4767 in
2988 4712 3211 4767 Leone:
3273 4705 3533 4782 Αέγοντες
3590 4710 3674 4765 ὅτι

2025 4807 2248 4882 δίδομεν
2282 4807 2411 4879 ὁμῖν
2445 4801 2640 4880 ὅψιδας
2677 4800 2745 4856 τὰ
2783 4801 2944 4856 τέκνα
2970 4799 3154 4870 ήμῶν.

2094 4897 2364 4970 Ὀψώνιον
2417 4893 2751 4964 opsonium,
2808 4887 3190 4960 stipendium.
3274 4886 3674 4946 Theodoretus

2023 4988 2082 5043 in
2113 4985 2420 5058 epistolam
2452 4981 2612 5038 Pauli
2660 4980 2729 5037 ad
2789 4977 3086 5034 Romanos
3137 4992 3264 5049 cap.
3295 4978 3369 5034 6:
3428 4975 3672 5040 Εἰκότως

2022 5074 2113 5131 καὶ
2169 5074 2259 5127 τὸν
2325 5070 2515 5144 μισθὸν
2563 5068 2798 5142 ὀψώνιον
2876 5061 3162 5134 κέκληκεν·
3223 5062 3509 5138 ὀνομάζειν
3569 5067 3672 5142 γὰρ

2023 5161 2167 5219 οὕτω
2197 5160 2359 5240 φίλον
2391 5159 2539 5230 αὐτῷ
2577 5158 2638 5212 τὸ
2671 5154 3060 5231 στρατιωτικὸν
3089 5154 3414 5228 σιτηρέσιον.
3449 5157 3674 5213 Andro-

2021 5255 2190 5310 nicus
2208 5251 2414 5308 Junior
2433 5249 2495 5304 in
2525 5248 2843 5319 diplomate
2867 5261 2967 5316 pro
2991 5243 3468 5301 Monembasiotis
3490 5262 3503 5300 :
3529 5242 3672 5301 Οὑδὶ

2023 5340 2176 5396 αὐτοὶ
2207 5335 2470 5414 ὀφείλωσι
2517 5333 2680 5410 χάριν
2737 5332 3016 5409 μαγειρίας
3059 5333 3094 5402 ἢ
3155 5331 3394 5405 ὀψωνίου
3426 5334 3460 5403 ἢ
3494 5332 3671 5388 ἄλλου

2019 5431 2162 5491 τινὸς
2198 5428 2515 5498 ζητήματος
2544 5424 2791 5479 ἀπαιτεῖν
2819 5443 2872 5476 τι
2903 5421 2954 5494 ἐξ
2987 5420 3184 5479 αὐτῶν.
3218 5423 3286 5478 ν.
3312 5423 3672 5485 Glossarium

2023 5522 2094 5577 ad
2127 5519 2474 5574 Cedrenum.

2821 5638 2868 5694 H

2088 5764 2400 5824 Πακτώνειν
2442 5764 2681 5840 pacisci.
2741 5764 2884 5820 Vide
2944 5761 3267 5818 Meursium
3314 5762 3386 5818 ad
3413 5761 3666 5817 Constan

2019 5860 2091 5916 de
2113 5855 2414 5914 administ.
2447 5856 2592 5926 imp.
2624 5869 2673 5907 ο.
2704 5852 2796 5908 44.
