4120 6284
436 398 591 462 1079

1754 373 2063 439 ΝΙΟΕΤᾸΞ.
2104 367 2526 431 ΟΗΟΝῙΑΤΛΕ

3699 351 3858 413 1080

508 528 833 589 Ιίαλατῖνος.
884 523 1180 581 Palatinus
1237 538 1294 591 p.
1346 519 1450 572 156
1505 516 1560 572 b.
1623 511 1925 567 Palatinus
1960 506 2086 575 quis

2238 499 2288 553 αἱ
2356 490 2648 552 ἐκατέλοϐε
2711 496 2808 549 τοῦ
2874 491 3110 565 κάστρου
3182 510 3242 545 τε
3304 489 3402 552 τὰς
3465 488 3701 565 πόρτας,
3770 490 3858 543 καὶ

434 623 509 680 sit
538 620 776 693 explicat
809 617 1062 672 Nicetes.
1096 610 1257 667 Alias
1289 606 1529 663 Palatini
1566 618 1777 660 nomen
1818 595 2087 693 generale

432 722 544 780 est,
576 686 760 782 eoque
792 720 995 763 omnes
1043 701 1418 758 continentur
1448 696 1548 768 qui
1577 696 1635 751 in
1668 707 1831 747 sacro
1861 686 2088 743 Palatio

436 776 709 860 militant.
767 797 849 853 De
898 794 1115 866 quibus
1171 791 1299 845 vide
1354 788 1460 843 lib.
1512 802 1591 841 xu
1635 783 1775 838 Cod.
1810 780 1900 835 tit.
1933 776 2004 831 23
2032 778 2092 829 et

436 895 530 957 28,
586 894 645 946 et
686 889 764 945 ibi
824 865 1171 956 Cuiacium;
1225 878 1526 936 Julianum
1560 877 1998 930 Antecessorem
2030 865 2089 957 in

439 953 695 1038 Scholiis
726 977 794 1033 ad
826 953 1121 1031 Novellam
1149 972 1241 1035 22,
1295 983 1422 1039 eap.
1473 966 1565 1029 82,
1596 959 1960 1019 Glossarium
1995 953 2095 1011 Isi-

441 1071 567 1128 ἀοι-ἰ
616 1068 674 1123 in
736 1062 1039 1121 Basilides.
1105 1066 1182 1116 De
1238 1055 1518 1113 Palatinis
1564 1052 1694 1107 vide
1721 1049 1896 1105 etiam
1928 1044 2091 1101 Glos-

441 1159 660 1217 sarium
692 1153 1021 1216 Nomicum,
1049 1153 1106 1206 et
1127 1164 1256 1220 quae
1276 1144 1496 1201 ibidem
1528 1138 1986 1198 observavimus.

513 1247 685 1302 Πάνον
717 1258 968 1315 pannus,
1002 1238 1247 1295 linteum
1295 1250 1428 1307 pag.
1472 1231 1578 1287 2l3
1608 1234 1665 1285 et
1694 1228 1820 1283 365.
1854 1221 2100 1315 Basilica

437 1337 544 1394 li'o.
577 1306 745 1399 xxxvi,
777 1331 869 1386 tit.
902 1306 963 1397 1,*
1001 1344 1129 1399 cap.
1182 1325 1272 1390 22,
1300 1306 1359 1391 7§
1409 1322 1484 1375 6:
1539 1306 2099 1399 Eppaywtlﬁjatbm-

439 1426 583 1495 θήκη
644 1396 857 1495 λέγεται
916 1396 962 1472 εἶ
1028 1396 1118 1469 καὶ
1175 1413 1237 1467 τὸ
1293 1409 1480 1465 πανίον
1535 1405 1588 1462 ἰν
1665 1405 1711 1477 ᾦ
1764 1396 2099 1474 ἐμϐάλλεται

448 1493 775 1590 σιρραγισθῇ.
835 1510 915 1563 Ex
966 1507 1012 1561 ἰ.
1069 1507 1158 1559 22.
1223 1502 1292 1557 D.
1337 1500 1440 1573 qui
1499 1502 1708 1553 testam
1768 1493 2099 1590 fac."poss.

448 1578 817 1661 nam'etiam
874 1591 1066 1649 πανίον
1122 1590 1414 1657 dicebant,
1475 1591 1538 1641 ut
1588 1583 1740 1655 apud
1787 1578 1991 1635 Codin.
2028 1580 2105 1631 De

451 1691 604 1747 ofﬁc.
634 1685 829 1741 πανιον
857 1682 1119 1757 κίτρινον.
1180 1680 1400 1734 Auctor
1429 1675 1518 1730 GB
1566 1673 1626 1728 in
1659 1668 1943 1757 historica
1971 1679 2107 1720 nar-

452 1782 563 1835 rat.
625 1777 705 1831 De
763 1753 1080 1830 Belias-rio:
1138 1766 1311 1825 Πανία
1367 1761 1753 1839 χρυσοῢφαντα
1810 1753 2108 1829 ἐκρέμασαν

454 1865 531 1929 εἷς
590 1862 776 1938 τείχη.
837 1859 1207 1917 Andronicus
1258 1852 1570 1948 junior‘ip
1631 1848 2187 1948 diplomate“me

455 1932 984 2015 Ionembasiotis:
1042 1952 1113 2001 Ἢ
1187 1943 1382 1998 πανίου
1448 1939 1485 2009 ἢ
1545 1934 1889 1993 λινοκόκκου.
1949 1932 2107 1987 Idem

457 2044 694 2101 Nicetas
728 2058 782 2113 p.
813 2039 919 2095 312
964 2032 1165 2110 πραταὶ
1215 2036 1324 2086 τῶν
1384 2029 1606 2093 ὀθονῶν.
1641 2025 1828 2081 Codex
1874 2020 1967 2077 GB
2005 2037 2111 2073 πα-

455 2131 752 2205 νοπράται.

532 2198 717 2279 Πάπᾶς
784 2214 982 2289 ἱερεύς,
1044 2211 1333 2269 sacerdos.
1392 2207 1689 2264 Cedrenus
1765 2219 1821 2273 p.
1880 2198 1991 2254 342
2013 2212 2115 2289 μοι

459 2308 569 2367 Τὸν
628 2285 886 2382 βαῗουλον
960 2300 1125 2356 αὐτοῦ
1189 2300 1371 2353 παπᾶν
1430 2293 1675 2364 ἐποίησε.
1731 2293 1948 2347 Auctor
2002 2285 2116 2382 Gl}:

462 2370 639 2471 Κροῦν
699 2392 753 2447 οἱ
806 2390 1089 2465 καμπάνες
1172 2383 1393 2453 δυνατὰ,
1484 2381 1860 2456 μαζωνοῦνται
1932 2370 2123 2427 παττά-

466 2466 576 2551 δες,
607 2481 698 2537 καὶ
729 2478 980 2556 ψάλλουν
1007 2475 1113 2541 ἔως
1162 2475 1254 2531 τὸν
1308 2467 1551 2548 οὐρανόν.
1588 2466 1774 2531 Πάπας
1805 2470 1996 2523 autem
2028 2478 2094 2519 ve

468 2572 620 2629 πάπα
651 2588 755 2644 pro
786 2569 1060 2642 pontiﬁce
1086 2568 1152 2622 R.
1187 2564 1443 2621 sumitur
1472 2578 1529 2633 p.
1563 2560 1668 2615 130
1700 2557 1758 2613 b.

544 2640 1079 2733 llapaxoipdipevoc.
1138 2653 1394 2709 Joannes
1452 2650 1913 2733 Cantacuzenus,
1953 2640 2122 2733 lib.”

472 2766 524 2809 ο.
584 2726 657 2805 2-:
716 2726 812 2820 Τῇ-
853 2726 952 2800 τοῦ
1009 2738 1508 2816 παρακοιμωμὲνου
1564 2732 1936 2820 τετιμημένου
1982 2726 2124 2798 ἀξίᾳ.

477 2818 840 2896 Constantia.
879 2840 959 2890 De
1009 2833 1168 2888 adm.
1220 2830 1362 2902 imp.
1408 2843 1536 2898 cap.
1563 2825 1671 2880 43:
1703 2818 1995 2878 Βασιλείου
2031 2818 2129 2871 τοῦ

478 2922 979 3002 παρακοιμωμένου
1032 2921 1208 2979 οἶκος.
1268 2917 1548 2983 Cndinus,
1608 2913 1688 2969 De
1741 2909 1992 3002 0160.ςο
2026 2924 2133 2961 πα-

478 3011 894 3091 ρακοιμώμενος
943 3012 1042 3063 τοῦ
1096 3010 1361 3065 κοιτῶνος
1420 3002 1723 3077 εὑρίσκεται
1781 2994 1996 3073 κεφαλὴ
2025 2997 2132 3049 τῶν

476 3102 529 3159 ἐν
556 3106 638 3173 τῷ
692 3103 917 3154 κοιτῶνι
974 3092 1373 3151 παιδοπούλων
1427 3091 1517 3146 καὶ
1574 3093 1681 3144 τῶν
1731 3082 2131 3159 κοιτωναρίων.

477 3172 619 3249 Leo,
660 3186 1130 3246 Grammaticus:
1187 3184 1300 3238 Τοῦ
1358 3178 1415 3236 δὲ
1456 3178 1729 3254 βασιλέως
1773 3172 2135 3249 διερχομένου

478 3278 531 3333 ἐν
577 3279 648 3350 τῇ
678 3271 1021 3349 προελεύσει,
1084 3271 1302 3325 ὖπισθεν
1366 3267 1645 3329 Βασίλειος
1693 3260 2002 3339 περιεπάτει
2035 3280 2132 3325 φο-

476 3371 583 3442 ρῶν
617 3364 1019 3439 σκαραμάγγιον
1074 3359 1209 3435 μετὰ
1259 3359 1515 3428 σπαθίου,
1576 3356 1650 3418 ὡς
1711 3351 1831 3418 ἔθος
1879 3358 1997 3415 τοῖς
2028 3371 2133 3406 πα-

482 3450 947 3531 ρακοιμωμένοις.
985 3451 1537 3506 Paracoamomenus
1569 3445 1751 3518 igitur
1780 3443 2045 3516 gladium
2076 3445 2135 3497 et

487 3542 961 3614 scaramangium
991 3537 1363 3611 imperatoris
1395 3536 1633 3591 ferebat.
1655 3531 2047 3589 V.Meursium
2079 3534 2138 3585 et

490 3633 852 3691 Glossarium
886 3637 1151 3684 nostrum
1185 3628 1256 3681 ad
1280 3620 1769 3694 Cedrenumnrspl
1797 3622 1895 3673 τοῦ
1934 3620 2135 3680 κοςτῶ-

490 3742 585 3784 νος
617 3716 1062 3793 προκαθημένου.
1104 3715 1247 3770 Vide
1276 3717 1584 3771 Cantacuz.
1620 3712 1661 3779 Ι,
1691 3710 1781 3767 48.

574 3789 895 3884 Παραμονή.
981 3806 1119 3876 Pag.
1195 3803 1321 3873 364,
1407 3798 1783 3876 ΙΙελεκυφόρος
1840 3789 2137 3872 βάρϐαρος.

497 3900 691 3957 Codex
748 3897 840 3954 (ΞΒ
899 3894 1215 3969 παραμονή.
1271 3894 1373 3948 Est
1426 3896 1623 3946 autem
1691 3887 1982 3961 παραμονή
2038 3902 2141 3941 cu-

497 3989 707 4054 stodia,
781 3986 974 4042 statio.
1061 3984 1394 4054 Stephanus
1482 3981 1540 4035 in
1599 3977 2028 4034 Commentario
2084 3975 2144 4028 in

502 4076 825 4134 Aristotelis
874 4073 1243 4130 Rhetoricam
1286 4071 1569 4126 hactenus
1611 4068 1855 4133 inedito,
1883 4064 2145 4138 Τυραννί-

501 4163 593 4227 δος
627 4161 684 4217 δὲ
713 4161 874 4223 τέλος
894 4160 1111 4237 φυλακὴ
1141 4156 1307 4235 ἤγουν
1337 4156 1627 4232 λεγόμεναι
1657 4153 1989 4228 παραμοναί.

574 4249 954 4326 Ηαραπόρτιον
1020 4248 1281 4322 portella.
1341 4246 1688 4303 Anastasius
1740 4243 2015 4300 Biblioth.
2077 4242 2149 4297 de

2196 590 2398 665 πόρταν
2455 585 2676 662 ηὕρικεν
2743 582 3001 659 λαμπρὰν
3068 580 3119 654 έξ
3187 577 3499 654 ἀδαμάντω
3565 579 3751 638 λίθου.
3786 580 3855 636 V.

2198 681 2266 738 ad
2300 679 2649 735 Cedrenum.

2269 761 2753 841 Πορφυρογένητος
2810 760 3355 834 porphyrogenitus.
3445 760 3533 815 Ἐν
3591 761 3664 831 τῇ
3725 776 3856 833 πορ-

2198 857 2342 936 φύρᾳ
2396 853 2611 929 τεχθείς
2663 851 3073 909 Christodulus
3132 851 3253 905 sive
3305 848 3559 906 Joannes
3586 850 3761 905 Cant.
3796 849 3853 904 in

2199 950 2373 1021 epist.
2432 949 2503 1002 ad
2558 945 2801 1001 Nilum:
2860 947 2924 997 In
3001 957 3260 1014 purpura
3318 942 3577 1012 genitus.
3647 939 3861 996 ldatius

2198 1040 2467 1110 Episcop.
2528 1034 2714 1090 Fastis
2772 1032 3235 1087 Consularibus:
3295 1031 3415 1101 Ipso
3492 1044 3642 1084 anno
3700 1036 3859 1083 natu:

2199 1134 2279 1183 est
2338 1123 2623 1181 Honorius
2678 1121 2840 1176 nobis
2896 1118 2958 1175 in
3020 1120 3306 1190 purpuris.
3370 1116 3857 1190 Porphyrogeniti

2201 1217 2336 1274 dicti
2397 1214 2486 1269 vel
2544 1211 2703 1286 quod
2756 1210 2876 1267 nali
2933 1225 3189 1281 purpura
3238 1209 3671 1280 exciperentur,
3705 1211 3859 1278 patre

2204 1308 2322 1378 iam
2358 1305 2706 1374 imperatore
2766 1300 2904 1372 (huc
2963 1297 3169 1353 alludit
3224 1297 3463 1353 Proclus
3508 1301 3658 1351 orat.
3692 1293 3858 1378 4,10:

2207 1371 2389 1464 quens
2446 1371 2519 1445 ea.
2574 1371 2841 1447 Christo:
2917 1386 2979 1443 το
3032 1383 3285 1460 βασιλεὺς
3341 1390 3442 1453 τῆς
3529 1381 3693 1453 δόξης
3750 1371 3859 1445 ἀνθ’

2206 1476 2537 1555 ἀλουργίδος
2593 1478 2662 1532 τὰ
2716 1476 3045 1551 σπάργανα),
3103 1476 3255 1531 vela
3287 1477 3461 1531 domo
3508 1473 3568 1529 in
3601 1490 3721 1546 qua
3748 1475 3858 1528 Au-

2208 1576 2390 1644 gusta:
2445 1569 2771 1642 pariebant.
2814 1567 3104 1622 Constant.
3171 1568 3503 1619 Manasses:
3572 1559 3855 1640 Πορφῦραν

2210 1660 2569 1731 ὀνομάζουσιν
2607 1654 2810 1711 ἐκεῖνον
2866 1654 2959 1708 τὸν
3021 1650 3286 1707 οἰκίσκον.
3345 1654 3511 1707 Anna
3566 1652 3858 1707 Comnena

2212 1747 2527 1812 Alexiadis,
2598 1744 2698 1800 lib.
2771 1759 2868 1799 v1:
2930 1741 3081 1798 Κατᾶ
3146 1741 3209 1796 τὸ
3273 1737 3655 1817 ἀφωρισμένον
3696 1735 3859 1792 πάλαι

2212 1839 2332 1897 ταῖς
2404 1834 2714 1894 τικτούσαις
2788 1835 2896 1886 τῶν
2963 1825 3263 1905 βασιλίδων
3322 1826 3533 1900 οἴκημα
3592 1826 3684 1881 ἐπὶ
3747 1831 3861 1887 ταῖς

2217 1921 2406 1979 ὠδῖσιν
2475 1921 2743 1997 εὑρηκώς.
2814 1917 3102 1994 Πορφύραν
3159 1921 3322 1973 τοῦτο
3371 1916 3623 1979 ἀνέκαθεν
3666 1914 3861 1987 ὀνομά-

2221 2018 2422 2083 ζουσιν,
2462 2009 2513 2084 ἐξ
2571 2010 2634 2065 οὗ
2690 2007 2781 2064 καὶ
2835 2007 2900 2064 τὸ
2954 2011 3063 2063 τῶν
3128 2006 3625 2083 πορφυρογενήτων
3699 2000 3863 2076 ὄνομα

2219 2101 2297 2164 είς
2334 2103 2433 2171 τήν
2488 2099 2816 2171 οἰκουμένην
2877 2095 3155 2171 διέδραμε.
3216 2098 3378 2153 Adde
3434 2096 3531 2150 lib.
3593 2112 3695 2163 vn,
3754 2111 3858 2150 non

2224 2193 2411 2250 multo
2472 2196 2602 2265 post
2658 2190 2914 2246 initium.
2992 2189 3152 2244 Idem
3230 2191 3528 2242 Manasses
3604 2184 3856 2263 πορφυρόσ

2226 2277 2393 2337 παιδα
2446 2279 2705 2354 appellat
2760 2295 2896 2334 eum
2956 2277 3056 2350 qui
3115 2278 3171 2332 in
3220 2292 3479 2349 purpura
3537 2280 3712 2331 natus
3759 2277 3856 2339 est,

2231 2374 2315 2437 in,
2348 2370 2615 2426 versibus
2675 2368 2776 2441 qui
2835 2367 3126 2423 habentur
3175 2367 3231 2421 in
3283 2364 3439 2422 calce
3491 2363 3627 2421 libri
3661 2363 3863 2419 calamo

2232 2459 2470 2517 exarati.

2231 2567 2642 2647 μορφυρόπαις,
2673 2566 2833 2647 γόνος
2865 2563 3260 2647 αὖσονάνακτος
3292 2561 3716 2647 καρτεροθύμου,

2232 2633 2582 2712 Ἀνδρόνικος
2620 2633 2951 2712 μεγάθρμος,
2986 2634 3298 2712 ἐϋμμελίης
3325 2633 3690 2712 πολεμιστὴς,

2233 2715 2301 2790 ᾯ
2328 2702 2457 2787 γέρα
2487 2702 2676 2786 πρῶτα
2701 2702 3236 2782 ’σεϐαστοκρατόρίης
3253 2702 3404 2779 ’νεῖμ’
3435 2702 3760 2783 δ’φυτεύσας.

2310 2817 2551 2895 Πριγκιψ
2609 2817 2899 2889 princeps.
2975 2815 3339 2888 Nicephorus
3420 2813 3709 2885 Gregoras.
3762 2824 3850 2863 IV:

2238 2906 2480 2982 ΙΙρίγκιψ
2539 2902 2928 2975 Πελοπονήσου
2993 2900 3085 2957 καί
3168 2901 3416 2978 ’Δχαίας.
3493 2895 3847 2982 Menologiurn

2240 2979 2439 3052 mense
2460 2979 2623 3051 Maio
2655 2995 2746 3049 die
2774 2993 2886 3048 24ι
2944 2995 3038 3045 Ὧν
3100 2990 3152 3044 οἱ
3206 2990 3301 3062 μὲν
3348 2989 3483 3058 ἦσαν
3533 2985 3748 3057 κόμητες
3793 2979 3838 3032 οἱ

2243 3082 2301 3140 δὲ
2328 3078 2631 3159 τριϐοὒνοι,
2672 3081 2724 3136 οὶ
2766 3078 2821 3135 δὲ
2867 3079 3183 3157 πρίγκιπες.
3217 3080 3377 3135 Adde
3406 3080 3842 3136 Cantacuzenum,

2244 3191 2300 3246 p.
2350 3174 2479 3241 753,
2527 3176 2748 3227 Annam
2808 3171 3087 3225 Comnen.
3149 3167 3307 3225 Alex.
3373 3167 3473 3222 lib.
3539 3181 3622 3233 ιιι,
3667 3166 3855 3231 etquae

2238 3263 2427 3319 dicam
2460 3263 2517 3315 in
2551 3260 2847 3317 Glossario
2877 3257 3115 3314 Nomico
3146 3275 3198 3310 v.
3230 3257 3486 3331 πριγκιψ.

2312 3343 2526 3424 Προϐἐα
2598 3348 2789 3421 pellis,
2849 3347 3190 3403 membrana
3252 3362 3383 3418 pag.
3435 3344 3560 3399 281.
3618 3341 3763 3424 Idem
3815 3355 3866 3410 p.

2240 3422 2429 3496 2357a
2476 3438 2565 3493 καὶ
2617 3434 2796 3513 essay
2852 3432 3175 3508 ἐξημμένον.
3234 3435 3423 3491 Codex
3471 3433 3586 3503 GB,
3631 3422 3867 3503 προὸέαν.

2243 3531 2425 3586 Hodie
2454 3522 2680 3602 προϐία.

2315 3614 2585 3692 Πρόεδρος
2617 3616 2895 3690 pontifex,
2947 3614 3214 3682 antistes,
3264 3611 3476 3686 praesul
3510 3627 3567 3684 p.
3604 3609 3724 3677 140,
3753 3624 3800 3663 c.
3829 3608 3881 3661 et

2245 3724 2303 3781 p.
2370 3708 2475 3762 393
2538 3702 2881 3780 προεδρεύων
2948 3704 3237 3778 ἱερατικῶς
3300 3702 3402 3765 τῆς
3450 3698 3687 3759 πόλεως.
3729 3704 3883 3781 Anna

2245 3780 2543 3854 Comnena
2576 3794 2829 3850 Alexiad.
2876 3809 2993 3849 vn:
3053 3792 3186 3865 Ὁρᾷ
3241 3789 3332 3844 τὸν
3395 3794 3494 3857 τῆς
3544 3780 3882 3856 Χαλκηδόνος

2247 3882 2512 3959 πρόεδρον
2587 3882 2789 3937 Λέοντα
2861 3882 2960 3951 τήν
3051 3879 3328 3956 ἱερατικὴν
3416 3876 3619 3944 στολὴν
3696 3876 3886 3951 ἠμφιε-

2251 3972 2461 4048 σμένον.
2496 3972 2970 4045 TheOpbylactus
3018 3973 3353 4035 Simoeatta,
3401 3968 3546 4023 Hist.
3598 3964 3887 4021 Mauriciu-

2251 4082 2362 4132 ηαξ,
2393 4064 2494 4119 lib.
2528 4080 2611 4128 ιιι,
2645 4078 2770 4132 cap.
2817 4064 2851 4115 2
2889 4076 2902 4115 :
2954 4059 3086 4116 Μετ’
3118 4057 3180 4113 οὐ
3213 4056 3357 4113 πολὺ
3389 4053 3446 4111 δὲ
3483 4055 3575 4110 τὸν
3605 4060 3712 4123 τῆς
3756 4057 3893 4108 Κων-

2253 4150 2532 4221 σταντίνης
2561 4145 2828 4225 πρόεδρον
2875 4149 2903 4203 ὁ
2954 4147 3253 4223 στρατηγὸς
3302 4145 3380 4207 εἰς
3429 4144 3490 4199 τὸ
3539 4137 3893 4217 στρατόπεδον

2252 4234 2586 4313 πρεσϐευτὴν
2635 4236 2987 4310 διεπέμπετο.
3050 4238 3155 4292 Alii
3208 4230 3466 4309 πρόεδροι
3522 4238 3697 4289 erant.
3754 4230 3898 4287 Pala-

500 4342 640 4399 vitis
663 4323 890 4395 -Pontif.
941 4337 1356 4393 Constantinus
1388 4337 1444 4390 in
1476 4334 1762 4390 Tacticis:
1798 4329 2150 4405 Ηαραπόρτια
2255 4332 2385 4398 tini,
2435 4330 2505 4384 de
2549 4329 2766 4401 quibus
2806 4327 3095 4383 Meursius
3145 4326 3203 4380 in
3256 4326 3364 4380 hac
3425 4323 3706 4377 dictione.
3750 4323 3900 4376 Anna

506 4427 564 4485 δὲ
599 4428 770 4505 μικρά
799 4420 1170 4500 περισσότερα.
1203 4424 1351 4481 Vide
1380 4425 1449 4479 ad
1483 4424 1619 4478 Ced.

582 4517 921 4592 Παρασκευή.
991 4521 1053 4571 Ρ.
1141 4514 1267 4583 342,
1353 4512 1414 4567 Ἣ

1500 4508 1630 4579 ’ἐντη
1715 4512 1821 4562 τῶν
1905 4509 2151 4580 ἡμερῶν.

2256 4420 2549 4476 Comnena
2589 4417 2847 4474 Alexiad.
2875 4433 2950 4472 ιιι
2999 4416 3095 4486 Τᾣ
3122 4418 3229 4467 τῶν
3263 4409 3540 4487 προέδρων
3597 4406 3900 4482 τετιμηκὼς

2260 4507 2552 4579 ἀξιώματι.
2595 4508 2775 4561 Erant
2832 4513 3026 4560 autem
3086 4518 3331 4559 numero
3385 4502 3604 4574 plures,
3664 4506 3723 4556 et
3768 4500 3902 4553 inter

486 4587 676 4689 _Alius
731 4608 912 4666 codex
968 4602 1306 4678 παρασκευή.
1354 4600 1488 4658 Dies
1555 4604 1776 4665 sextus,
1808 4599 1931 4653 dies
1963 4596 2114 4652 Vens

2260 4615 2359 4654 eos
2419 4596 2726 4667 primarius
2785 4588 3243 4667 πρωτοπρόεδρος
3319 4589 3644 4647 dicebatur.
3706 4587 3900 4644 Eadem

507 4701 611 4757 ris.
645 4700 707 4756 V.
744 4698 812 4753 ad
848 4696 1013 4751 Cedr.
1064 4698 1123 4749 et
1176 4689 1536 4748 Glossarium
1586 4686 2152 4743 Arabico-Latinum.

2269 4693 2437 4742 Anna
2499 4685 2597 4739 lib.
2652 4701 2755 4739 tu:
2822 4680 3158 4750 Ἐστάλησαν
3199 4676 3289 4734 διὰ
3324 4681 3420 4733 τοῦ
3456 4672 3898 4753 πρωτοπροέδρου

582 4793 784 4848 Πασιας
834 4787 1006 4842 Bassa
1059 4782 1210 4854 apud
1260 4778 1500 4835 Turcas.
1556 4776 1663 4833 Τὸν
1722 4774 1997 4845 Πασιάτην
2025 4772 2114 4827 Θεέ

2268 4771 2698 4831 Κωνσταντίνου.

512 4876 713 4951 δωρον.
742 4875 888 4930 Vide
918 4872 1236 4929 Meursium
1269 4869 1328 4925 in
1388 4885 1444 4926 v.
1476 4866 1694 4927 πασιας.

584 4963 762 5024 Πάτος
793 4961 1026 5029 divitias,
1053 4961 1237 5015 dives.
1274 4958 1412 5014 Vide
1443 4956 1782 5014 Meursium.

588 5048 903 5122 Πάτροκλον
934 5049 1250 5117 excusatio,
1283 5051 1614 5119 praetextus.
1649 5046 1711 5099 V.
1746 5041 2088 5099 Meursium.

2340 4860 2659 4938 Πρόκοιτος.
2719 4863 2785 4926 V,
2836 4860 3096 4916 Glossar.
3156 4859 3230 4916 ad
3301 4857 3467 4913 Cedr.
3511 4857 3570 4911 in
3645 4872 3905 4930 παρακοι-

2274 4956 2552 5030 μώμενος.

2347 5045 2623 5118 Πρόκυψις
2694 5044 3058 5115 prospectus.
3133 5038 3275 5095 Vide
3352 5039 3423 5093 ad
3491 5037 3780 5094 Codinnm
3848 5034 3912 5087 De

590 5133 1004 5208 Ποδαρούλλιον
1058 5135 1222 5193 sella.
1285 5141 1347 5194 P.
1403 5135 1508 5191 383
1553 5152 1587 5190 a
1634 5131 1711 5194 εἷς
1757 5127 1942 5204 ἕδρας.
1975 5130 2114 5187 Οοάε

2275 5135 2485 5192 ofﬁciis

516 5232 609 5288 GB
649 5222 1048 5298 ποδαρούλλια,
1088 5225 1434 5280 Eustathius
1476 5225 1544 5279 ad
1596 5223 1802 5295 Odyss.
1835 5221 1884 5291 η’
1915 5239 1970 5292 p.
2006 5219 2114 5275 157.

2348 5222 2670 5297 Προσώψιον
2708 5220 2928 5276 faciale.
2970 5220 3033 5275 V.
3071 5217 3410 5275 Meursium.

518 5339 578 5377 τι.
611 5319 718 5373 20:
755 5312 928 5384 Δηλοῖ
958 5310 1015 5368 δὶ
1043 5309 1378 5387 (ἀνδράχλη)
1424 5312 1486 5367 τὸ
1538 5309 1831 5372 ἴδιωτικῶς
1867 5312 2114 5384 γυναικεῖι

2348 5308 2799 5386 Πρωτεκδιοιεῖον.
2850 5308 2996 5364 Vide
3042 5307 3226 5363 Gloss.
3272 5307 3342 5362 ad
3397 5306 3724 5361 Cedrenum
3778 5305 3834 5357 in
3871 5315 3916 5353 v.

517 5401 944 5481 ποδαρούλλιον.

2276 5397 2559 5469 Ἔκδικος,
2589 5408 2647 5455 et
2679 5397 2999 5454 Meursium
3022 5397 3077 5450 in
3112 5396 3317 5452 eadem
3348 5410 3509 5451 voce.

592 5480 775 5570 ΙΙόρτα
807 5509 939 5566 pag.
974 5492 1076 5548 108
1134 5496 1192 5548 et
1248 5491 1376 5546 368.
1433 5492 1594 5548 Idem
1644 5509 1703 5564 p.
1758 5491 1826 5546 44
1855 5488 2032 5551 πύλας
2062 5491 2114 5543 τε

2257 5536 2265 5541 .
2351 5486 2887 5564 Πρωτοασηκρήτης.
2967 5484 3107 5549 Quis
3214 5483 3500 5539 diceretur
3592 5480 3923 5555 ἆσηκρήτης,

518 5584 760 5644 πόλεων.
818 5581 1009 5640 Codex
1066 5580 1158 5637 GB
1213 5578 1441 5653 πόρτας.
1499 5581 1608 5637 Leo
1662 5582 1826 5637 Tact.
1887 5596 2016 5651 cap.
2082 5582 2105 5633 1

2283 5582 2449 5637 docet
2479 5576 2840 5634 Glossarium
2879 5574 2950 5629 ad
2990 5574 3339 5629 Cedrsnum.
3373 5572 3584 5629 Suidas
3609 5572 3668 5628 in
3704 5572 3926 5643 Etyma-

519 5679 681 5750 Q48:
714 5670 1060 5745 Ἕμπροσθεν
1111 5672 1219 5722 τῶν
1270 5672 1509 5742 πορτῶν.
1557 5669 1667 5724 Leo
1706 5668 2114 5724 Grammaticu:

2285 5670 2472 5740 logico
2506 5683 2617 5721 ms.
2653 5681 2832 5737 penes
2864 5666 3051 5719 virum
3105 5661 3574 5718 illustrissimum
3600 5663 3666 5717 D.
3702 5661 3927 5717 Petrum

521 5748 627 5822 Καὶ
680 5758 911 5838 μηδενὸς
979 5754 1371 5830 ἀνθισταμένου
1441 5756 1746 5829 ἀνοίξαντες
1809 5756 1906 5818 τὰς
1973 5755 2113 5829 πόρτ

2284 5754 2644 5827 Segulerium
2732 5751 2991 5808 Francia,
3073 5749 3534 5807 cancellarium:
3594 5748 3931 5821 ’Λσηκρήτης

548 5808 812 5927 tenvia-{ev
856 5848 1014 5904 αὐτὸν
1046 5808 1134 5910 vsic
1171 5808 1271 5915 silv
1318 5843 1506 5902 πόλιν.
1550 5808 1761 5904 ductor
2710 5840 2738 5895 ὁ
2812 5843 2930 5903 τοῖς
2997 5840 3111 5895 τῶν
3195 5835 3536 5914 κρατούντῶν
3614 5808 3929 5913 μυστῇρίοις
4042 5808 4043 5875 ἶ
