4120 6284
325 379 480 444 1081

1592 379 1936 441 FABROTI
1981 376 2512 440 GLOSSARIUM.

3588 373 3610 429 1
3623 370 3741 432 082

326 512 801 586 ὑπηρετούμενος.
851 512 1008 570 Οὕτω
1060 513 1205 588 παρᾶ
1259 515 1328 587 τῇ
1397 510 1651 567 Λὺσονίὸι
1710 509 1980 584 διαλέκτῳ

2107 509 2291 566 Ξίπτω.
2357 511 2425 566 Ut
2475 510 2618 581 quin
2668 525 2800 565 vera
2841 509 3009 566 lectio
3061 509 3138 564 sit
3193 508 3345 580 apud
3395 507 3655 564 Nic—ctam
3687 509 3744 562 et

323 602 388 658 τὸ
425 602 750 678 ἀσηκρήτης
782 600 956 675 ἄνομα
1003 599 1091 655 ἐπὶ
1136 607 1255 664 τοῖς
1318 600 1644 676 μυστηρίοις
1707 611 1984 674 μεθερμη-

323 690 570 745 νεύεσθαι
606 689 887 764 βούλεται.
921 692 1442 766 Πρωτοασκηρήτης
1475 697 1670 748 autem
1729 697 1818 746 est
1874 690 1987 763 pri-

337 798 467 837 mus
499 798 528 833 a
564 783 803 835 secretis
837 798 849 835 :
884 786 1050 834 erant
1082 782 1237 836 enim
1293 782 1510 852 plures.
1571 785 1982 837 Protosecreta-

333 872 456 926 rius
489 870 548 924 in
583 869 1030 942 Hypomnestico
1065 871 1134 925 de
1164 870 1480 926 Anastasio
1515 869 1910 942 apocrisiario.

405 957 854 1032 Πρωτονοτάριος
908 960 1261 1014 notariorum
1322 960 1703 1032 primicerius,
1764 959 1985 1032 primus

331 1049 482 1105 inter
515 1050 791 1105 notarios.
824 1049 968 1103 Vide
999 1050 1068 1103 ad
1101 1049 1451 1106 Cedrenum.

407 1135 873 1212 [Ιρωτοστράτωρ.
907 1138 1145 1203 Strator,
1180 1139 1277 1209 qui
1314 1139 1622 1210 {dominum
1659 1139 1716 1194 in
1767 1155 1980 1212 equum

332 1226 678 1292 sublevabat,
752 1224 1195 1300 πρωτοστράτωρ
1281 1226 1502 1296 qrimus
1587 1227 1980 1299 imperialium

332 1322 673 1373 stratarum.
705 1317 868 1372 Anna
899 1316 1105 1372 Comn.
1136 1315 1296 1372 Alex.
1337 1333 1455 1372 v11:
1490 1315 1720 1390 Μιχαὴλ
1765 1337 1979 1392 πρωτο-

2096 607 2254 658 recta
2305 601 2635 656 emendatio
2693 600 2851 671 apud
2922 599 3193 667 Leonem,
3271 597 3538 652 dubitare
3623 611 3738 650 non

2095 690 2282 746 liceat.
2371 689 2688 762 Utrumque
2742 689 2914 759 igitur
2986 691 3042 742 et
3105 685 3387 760 ῥιπτάριον
3452 689 3510 742 et
3553 683 3740 757 ῥικτά-

2095 798 2214 854 ριον
2248 788 2357 834 rect
2371 797 2465 834 um
2501 784 2608 835 est.

2163 866 2320 941 Ῥόγα
2377 867 2756 937 stipendium,
2810 881 2967 936 roga.
3025 864 3158 935 Pag.
3190 863 3280 930 38,
3310 864 3402 932 79,
3425 863 3553 929 27'},
3584 863 3689 916 327
3723 877 3739 920 :

2096 960 2345 1029 Συνήθης
2393 955 2630 1030 διανομὴ
2689 962 2799 1014 τῶν
2855 956 3295 1032 στρατευμάτων,
3354 956 3736 1027 Nicephorus.

2096 1051 2206 1105 Leo
2237 1048 2670 1104 Grammaticus
2700 1066 2712 1104 :
2742 1047 2834 1114 Μὴ
2865 1050 2961 1100 τοῦ
2984 1044 3183 1100 στόλου
3213 1047 3311 1114 τὴν
3344 1042 3740 1116 νενομισμένην

2095 1137 2258 1214 ῥόγαν
2318 1132 2599 1199 λαϐόντες.
2698 1137 3036 1194 Hnastasius
3111 1135 3620 1200 Bibliothecarius,
3678 1134 3736 1189 in

2096 1228 2347 1284 Historia
2405 1227 2814 1294 ecclesiastica,
2877 1241 3030 1281 anno
3083 1224 3332 1281 Heraclii
3381 1225 3451 1279 22
3501 1240 3516 1280 :
3566 1224 3738 1279 Erant

2092 1326 2280 1375 autem
2301 1316 2527 1389 quidam
2559 1315 2806 1370 Arabum
2843 1315 3009 1386 juxta
3064 1316 3386 1386 positorum,
3444 1313 3541 1384 qui
3588 1314 3736 1368 acci-

331 1403 580 1478 στράτωρ
610 1402 1014 1478 αὐτοκράτορος
1045 1407 1143 1458 τοῦ
1188 1400 1374 1463 δοῦκα,
1410 1409 1480 1461 V.
1548 1407 1861 1463 Meursium
1927 1410 1985 1464 et

2107 1407 2314 1464 aiebant
2346 1407 2414 1462 ab
2443 1405 2875 1474 imperatoribus
2922 1422 3081 1476 rogas
3137 1403 3426 1474 pauxiltas
3456 1402 3526 1458 ad
3553 1412 3736 1458 custo-

329 1495 578 1551 Glossar.
614 1499 871 1550 nostrum
907 1495 978 1550 ad
1015 1494 1360 1551 Cedrenum.

1135 1656 1177 1711 P

400 1796 560 1852 Ῥάσα
603 1816 753 1863 rasa,
815 1806 1000 1855 vestes
1057 1799 1411 1856 monasticis.
1474 1801 1538 1855 P.
1607 1801 1711 1855 175
1763 1816 1814 1854 c.
1874 1800 1954 1856 Κα

2090 1496 2355 1552 diendum
2403 1497 2643 1551 entomia
2692 1493 2861 1550 eremi
2909 1495 3013 1564 (sic
3080 1493 3284 1564 legitur
3337 1493 3394 1548 in
3450 1495 3486 1547 2
3543 1508 3736 1547 mss.:

2092 1586 2150 1642 in
2183 1585 2477 1640 Thuanaeo
2509 1589 2702 1638 autem
2736 1583 2948 1639 ctomia
3006 1599 3106 1652 pro
3167 1582 3396 1648 stomia,
3458 1585 3523 1637 ut
3579 1581 3734 1652 apud

2089 1673 2505 1746 Theophanem
2540 1671 2760 1743 στόμια,
2793 1689 2920 1743 quae
2953 1678 3089 1726 sunt
3121 1672 3351 1742 fauces).
3386 1670 3590 1727 Eodem
3609 1686 3734 1726 vero

1959 1796 1976 1852 ὶ
2090 1767 2331 1833 tempore
2363 1763 2510 1817 venit
2538 1760 2764 1832 quidam
2791 1760 2954 1831 spado
2997 1759 3230 1814 daturus
3267 1758 3523 1813 militum
3551 1774 3734 1827 rogas.

330 1893 430 1948 τῖς
459 1891 568 1941 τῶν
597 1884 926 1960 ἐσθημάτων
955 1881 1292 1960 μεταϐολῆς.
1339 1889 1530 1946 Codex
1585 1889 1672 1944 (ΞΒ
1731 1888 1980 1945 habebat

2107 1857 2156 1908 Et
2187 1867 2310 1906 cum
2354 1849 2627 1906 venissent
2682 1849 2880 1905 Arabes
2936 1848 3232 1904 secundum
3286 1846 3736 1903 consuetudinem

2262 1948 2273 1960 ι
2362 1947 2368 1954 -
2473 1959 2476 1960 ,
2688 1959 2717 1960 η
2802 1959 2807 1960 ,
2923 1951 2997 1960 μ.-
3063 1940 3487 1960 πει--μι.-μ---
3548 1933 3728 1960 Δίρκα-ν

334 1974 490 2050 ράσα.
524 1977 668 2032 Hinc
700 1975 1043 2054 ῥασοφορεῖν.
1081 1976 1381 2032 Balsamon
1412 1979 1485 2034 ad
1535 1995 1664 2034 can.
1695 1978 1732 2033 5
1781 1979 1984 2050 synodi

334 2068 441 2122 ΟΡ.
501 2083 558 2138 p.
616 2066 722 2120 560
780 2082 860 2122 a:
925 2063 1299 2128 Εἶσελθόντων
1359 2065 1438 2128 εἰς
1499 2069 1838 2142 μοναστήρια
1893 2067 1984 2120 καὶ

335 2151 805 2230 ρασοφορούντων.
837 2155 908 2209 Et
937 2155 996 2211 in
1030 2171 1158 2211 can.
1195 2156 1261 2210 19
1286 2157 1346 2212 S.
1407 2156 1582 2213 Basil.
1641 2157 1711 2212 ad
1770 2157 1984 2227 Amph.

331 2238 442 2298 Κᾶν
475 2241 577 2315 γὰρ
651 2242 725 2314 μή
795 2241 1045 2315 ἀποκαρῇ
1100 2261 1205 2310 τις,
1264 2239 1410 2296 ἂλλὰ
1469 2241 1845 2318 ῥασοφορήσῃ.
1920 2246 1989 2300 Et

343 2329 663 2408 ῥασοφόροι.
703 2331 932 2388 Bals.d.
966 2348 1022 2402 p.
1053 2332 1161 2386 560
1203 2331 1257 2387 b.
1319 2332 1463 2386 Vide
1522 2334 1819 2403 Hugonem
1877 2333 1989 2390 Mc-

339 2421 590 2476 nardum
649 2418 724 2474 ad
781 2417 1162 2474 Concordiam
1222 2418 1559 2491 regularum
1590 2421 1770 2476 sancti
1802 2421 1987 2477 Bene-

338 2509 506 2564 dicti.

409 2596 556 2665 Ῥήξ,
607 2595 780 2670 ῥήγας
831 2610 933 2653 rex
990 2613 1047 2668 p.
1113 2597 1214 2652 109
1243 2613 1289 2653 s-
1320 2601 1488 2653 Anna
1521 2599 1798 2654 Comnen.
1833 2599 1988 2654 Alex.

341 2701 444 2742 V111
481 2703 494 2740 :
529 2685 745 2760 Ῥηγῶν
789 2703 848 2738 τε
903 2683 994 2738 καὶ
1057 2681 1266 2739 δουκῶν
1325 2685 1416 2739 καὶ
1464 2687 1749 2759 κομήτων.
1803 2688 1993 2744 Theo-

341 2775 810 2847 phanesz'Pﬁ-fa
835 2770 1068 2835 καλέσας
1113 2773 1300 2829 ἑαυτὸν
1354 2780 1458 2850 γῆς
1525 2795 1584 2829 τε
1641 2775 1731 2830 καὶ
1787 2775 1991 2830 θαλάσ-

343 2881 468 2930 σης.
530 2865 674 2918 Item
734 2861 874 2935 Πρὸς
931 2857 1172 2918 Ζιλίτϐιν
1227 2863 1320 2918 τὸν
1373 2863 1513 2937 ῥῆγα
1564 2867 1674 2918 τῶν
1747 2861 1991 2922 Οὕννων.

343 2955 558 3007 Auctor
615 2951 738 3008 GB:
809 2953 1006 3028 Γοργὸν
1065 2952 1277 3022 “uete-Ss:
1347 2952 1618 3028 πρόσκυνα
1672 2953 1992 3028 ὁὲΒέλθαν-

351 3035 478 3113 δρος
536 3039 627 3093 τὸν
696 3039 885 3117 ῥήγαν.
945 3041 1007 3098 Ὁ
1061 3040 1233 3117 ρήγας
1261 3045 1460 3096 τοῦτον
1511 3039 1748 3098 κατιδὼν
1807 3041 1996 3099 πολλᾶ

341 3131 791 3205 γονυκλιτοῢντα.
847 3131 993 3188 Vide
1051 3132 1332 3199 Iudicem,
1393 3137 1448 3188 et
1506 3133 1862 3190 Glossarium
1920 3134 1994 3190 ad

341 3219 684 3276 Cedrenum.

414 3307 630 3380 Ῥήτωρ
690 3307 786 3379 qui
847 3308 1168 3380 scripturas
1229 3308 1410 3364 instar
1484 3310 1731 3366 oratoris
1809 3309 1994 3367 eccle-

2089 1947 2369 2016 aceepturi
2427 1959 2620 2011 rogam
2677 1959 2854 2010 suum,
2915 1951 3022 1998 etc.
3063 1940 3489 2012 Theophanes:
3533 1933 3730 1994 Ααϐεῖν

2087 2034 2186 2102 τὴν
2220 2027 2384 2108 ῥόγαν
2459 2029 2664 2100 αὐτῶν,
2717 2034 2885 2086 Anna
2943 2031 3220 2094 Comnen.
3273 2029 3432 2084 Alex.
3471 2045 3565 2084 τις
3625 2027 3730 2084 Τὸν

2092 2123 2442 2198 πατριάρχῆν
2512 2126 2662 2195 σφῶν
2719 2121 2921 2190 ἠξίωσε
2981 2119 3115 2192 μετὰ
3172 2117 3520 2194 τῆςξάλόγου
3551 2117 3735 2192 ῥόγας.

2093 2216 2240 2270 Hinc
2299 2210 2535 2286 ῥογεύειν
2596 2228 2848 2283 erogare.
2907 2212 3115 2267 Idem:
3177 2209 3281 2264 Καὶ
3341 2207 3612 2282 σωρεύσας
3646 2206 3737 2260 τὸν

2094 2303 2458 2380 περισωθέντα
2487 2301 2616 2358 λοὸν
2649 2301 2709 2358 ὲκ
2757 2306 2866 2356 τῶν
2892 2301 3164 2381 διαφόρων
3217 2296 3457 2372 πόλεων,
3517 2298 3741 2373 ἐρόγευ-

2095 2414 2179 2448 σεν
2213 2391 2432 2454 αὐτούς.
2464 2395 2526 2451 V.
2557 2391 2748 2448 varias
2784 2393 2854 2448 ad
2886 2393 3171 2461 Nicetam,
3207 2408 3261 2462 p.
3292 2390 3414 2462 131,
3445 2393 3504 2446 et
3543 2387 3742 2446 Wolfii

2097 2484 2386 2552 Iudicem,
2421 2486 2476 2538 et
2509 2481 2764 2538 Glossar.
2799 2482 2869 2536 ad
2901 2481 3064 2536 Cedr.

2169 2569 2368 2628 Ῥούτα
2415 2578 2566 2638 ruta,
2619 2569 2951 2639 multitudo,
3006 2568 3213 2641 globus
3272 2567 3545 2624 militum.
3601 2567 3748 2623 Vide

2100 2665 2307 2722 Meurs.

2168 2755 2397 2827 Ῥοῦχον
2453 2769 2626 2809 rocus
2689 2750 2776 2806 vel
2835 2766 3062 2818 roccus,
3121 2765 3254 2822 pag.
3295 2748 3423 2818 213,
3456 2747 3743 2815 213,251,

2097 2845 2222 2899 381.
2257 2840 2741 2913 Astrampsychus
2773 2840 2830 2895 in
2881 2839 3150 2912 Πυθαγορ.
3185 2835 3398 2905 λαζεοτι
3435 2855 3447 2892 :
3514 2839 3745 2911 Ῥοῦχον

2098 2930 2373 2987 κόκκινον.
2409 2933 2551 2986 Item
2583 2927 2658 2990 εἷς
2689 2933 2751 2982 τὸ
2791 2928 2848 2982 ε’.
2902 2926 3176 2984 Ὀσπίτιον
3209 2922 3377 2996 δηλοῖ
3406 2925 3480 2986 εἷς
3545 2921 3746 2986 παῖδας

2098 3020 2189 3076 καὶ
2248 3015 2458 3074 εἷ’σοδον
2517 3017 2607 3072 καὶ
2658 3015 2913 3091 εὐτυχίαν
2959 3016 3046 3071 καὶ
3107 3019 3306 3070 καῦκαν
3388 3014 3478 3069 καὶ
3565 3013 3744 3088 ῥοῦχα

2101 3105 2307 3166 πολλά.
2340 3106 2588 3182 Cyrillus
2623 3107 2946 3179 patriarcha
2994 3106 3140 3160 CP.:
3202 3103 3300 3159 Διὰ
3353 3102 3415 3157 νὰ
3473 3097 3618 3177 λάϐῃ
3676 3103 3743 3156 τὰ

2023 3233 2065 3302 C
2105 3197 2282 3272 ροῦχα
2312 3217 2427 3268 σου,
2463 3193 2555 3258 δός
2584 3215 2680 3249 του
2720 3193 2807 3249 καὶ
2837 3193 2900 3248 τὸ
2953 3191 3290 3266 ὑποκάμισόν
3351 3212 3470 3247 σου.
3527 3197 3748 3249 Auctor

2113 3289 2196 3302 nn
2250 3285 2312 3302 AI
2536 3285 2549 3300 ο
2592 3288 2618 3298 -
2891 3283 2912 3302 >
3012 3281 3025 3300 Ι
3080 3301 3085 3302 ,
3233 3282 3445 3302 ΔΔΔΞιέ-
3501 3281 3516 3302 Ι
3582 3281 3713 3302 n__:

2108 3289 2198 3342 ΟΒ
2249 3285 2476 3360 βύσσινα
2523 3285 2700 3358 ῥοῦχα
2756 3281 3154 3354 καναξαμύτου.
3221 3281 3516 3338 AdditioI
3581 3281 3745 3354 Capi-

353 3375 1144 3467 siastici-interpretabatur.
1201 3396 1346 3452 Vide
1403 3397 1722 3454 Meursium
1776 3399 1859 3470 ;in
1933 3416 1987 3455 ea

2107 3379 2214 3434 tul.
2250 3378 2432 3435 Carol.
2461 3394 2509 3433 ο.
2542 3378 2614 3432 22
2647 3397 2658 3409 ·
2692 3378 2756 3432 Ει
2783 3375 3012 3448 pedutes
3038 3377 3198 3446 paria
3226 3378 3480 3446 quatuor,
3532 3389 3748 3430 roccum

466 3503 624 3540 ioue.

466 3503 479 3538 ι
610 3526 624 3540 .

344 3487 748 3646 ὀιῗὲῗκῗὲριον.
802 3576 864 3629 Ρ.
922 3574 1022 3629 109
1079 3572 1205 3630 arb
1263 3571 1393 3648 δόρυ
1439 3572 1606 3632 ἴθυνε.
1664 3579 1854 3634 Codex
1875 3577 1998 3650 IGB,

357 3662 660 3739 ῥικτάριον,
719 3664 950 3733 hastile,
1016 3665 1297 3734 jaculum.
1359 3666 1628 3723 Dicebam
1686 3668 1998 3740 legendum

352 3753 637 3828 ῥιπτᾶριον
669 3771 702 3810 a
732 3751 930 3827 ρίπτω,
962 3755 1113 3824 quod
1151 3755 1220 3811 de
1255 3755 1453 3826 jacqu
1502 3756 1734 3823 dicitur,
1783 3757 2000 3812 Glossae

351 3840 774 3916 Ο]ι’ἱ11ἱ,ῥίπτω
827 3840 917 3896 ἐπὶ
968 3840 1242 3911 ἂκοντίου,
1293 3844 1470 3914 jacio,
1521 3846 1768 3916 jaculor,
1828 3845 1999 3918 proli-

351 3934 458 3990 cio.
520 3934 874 3990 Glossarium
935 3949 1044 3987 ms.
1104 3933 1378 4005 Βηρύτται
1428 3933 1495 3986 τὰ
1527 3931 1804 4008 ῥιπτάρια.
1851 3935 2000 3990 Con-

351 4023 640 4078 stantinus
673 4023 730 4076 in
762 4022 925 4077 Tact.
956 4038 1012 4092 p.
1062 4021 1138 4077 3:
1203 4018 1407 4078 ’Ἄλλοι
1459 4018 1515 4076 δὲ
1569 4021 1675 4076 ἀπὸ
1736 4022 1999 4097 μακρόθεν

349 4104 626 4187 ἔρριπτον,
669 4109 744 4170 ὡς
813 4107 1052 4183 ε’ἰρηται,
1108 4110 1176 4163 τὰ
1228 4108 1508 4184 ῥιπτάρια.
1567 4112 1630 4166 Ει
1663 4128 1718 4182 ρ.
1753 4113 1866 4167 42:
1901 4109 1997 4172 Εἷς

345 4199 408 4253 τὸ
441 4197 648 4274 ῥίπτειν
690 4196 948 4274 ῥιπτάρια
991 4197 1083 4251 καὶ
1147 4197 1409 4271 μὲναυλα.
1458 4200 1606 4256 Hinc
1663 4196 1995 4272 βιπταρίζειν

340 4289 612 4360 jaculari.
672 4290 813 4344 Item
873 4289 1068 4343 Const.
1128 4305 1184 4360 p.
1249 4288 1281 4342 4
1315 4305 1329 4344 :
1363 4287 1494 4344 Οἴον
1549 4288 1584 4358 ἢ
1624 4287 1927 4356 τοξεύοντες
1960 4286 1995 4356 ἢ

350 4377 781 4450 ῥιπταρίζοντες.
815 4381 886 4432 Et
918 4396 970 4447 ιι.
1008 4376 1077 4431 14
1108 4392 1123 4433 :
1154 4376 1266 4432 Ἳνα
1324 4375 1461 4430 ὅπου
1527 4376 1754 4449 ἁρμόζει
1804 4374 1997 4451 ῥιπτα-

355 4465 478 4538 ρίζῃ
511 4462 749 4525 εὐκόλως
778 4464 918 4518 κατὰ
979 4467 1087 4519 τῶν
1146 4462 1455 4538 πολεμίων.
1515 4466 1585 4521 Et
1643 4465 1993 4539 ῥιπταράτοι,

2105 3483 2304 3523 unum.
2338 3467 2432 3524 Sic
2462 3465 2674 3539 legitur
2703 3471 2862 3522 tomo
2894 3463 2940 3520 II
2972 3463 3359 3520 Conciliorum
3387 3462 3601 3519 Galliae.

2903 3622 2942 3669 Σ

2177 3759 2414 3820 Σάϐανον
2468 3765 2736 3820 linteum.
2797 3761 3089 3818 Hierocles
3146 3761 3305 3817 Artis
3386 3760 3744 3816 veterinariae

2107 3856 2208 3912 lib.
2240 3873 2298 3923 ll,
2331 3872 2455 3926 cap.
2514 3855 2628 3909 98:
2692 3855 2900 3906 Λοῦσον
2948 3851 3040 3905 τὸν
3094 3850 3261 3904 ’ἱππσν
3317 3849 3407 3904 καὶ
3464 3848 3742 3922 ἂπόμαξον

2105 3939 2382 4002 σαϐἀνοις.
2417 3943 2843 3998 Theomnestus
2891 3941 3154 3995 ibidemt
3204 3940 3285 4010 Τῇ
3333 3934 3389 3992 δὲ
3443 3933 3571 4011 ἕκτῃ
3629 3937 3747 4009 ἐξα-

2100 4030 2282 4105 γαγὼν
2339 4033 2438 4098 τῆς
2487 4029 2694 4107 ιιάτνης
2752 4027 2949 4083 λοῦσον
3006 4026 3096 4081 καὶ
3145 4025 3424 4099 ἄπόμαξον
3487 4022 3743 4090 σαϐάνοις

2103 4121 2392 4192 Vegetius,
2423 4128 2546 4182 Art,
2580 4127 2690 4174 vet.
2725 4118 2933 4182 lib.m,
2957 4135 3007 4173 c.
3051 4119 3120 4171 47
3154 4135 3167 4173 :
3229 4117 3460 4172 Sabanis
3503 4117 3743 4175 validio-

2101 4211 2258 4266 ribus
2287 4211 2647 4280 absteraetur.
2677 4207 2916 4264 Collatio
2946 4206 3211 4280 Carthag.
3247 4225 3288 4262 II
3347 4223 3478 4264 cum
3534 4212 3738 4264 Donat.

2104 4300 2341 4372 Cumque
2371 4301 2520 4353 intra
2551 4298 2822 4353 sabanum
2848 4298 3105 4352 volumen
3137 4297 3346 4353 sehedce
3392 4297 3742 4354 membrana-

2102 4404 2230 4443 rum
2260 4403 2358 4457 pro
2383 4391 2541 4458 parte
2563 4386 2926 4456 descriptum,
2962 4389 3071 4439 etc.

2175 4476 2425 4550 Σάγισμα
2484 4475 2790 4531 instratum
2849 4471 3003 4543 equi.
3090 4471 3740 4543 Leo,Grammaticus;

351 4572 410 4627 p.
443 4556 512 4607 42
551 4571 564 4608 :
599 4553 665 4609 Οἱ
723 4549 779 4607 δὲ
836 4553 1159 4660 ῥιῗτταράτοι
1192 4551 1495 4665 ’ὠφελοῦσι
1525 4552 1612 4609 καί
1643 4551 1834 4625 ἔξωθεν
1892 4560 1994 4623 τῆς
2027 4600 2071 4665 D
2103 4567 2223 4622 Τῶν
2270 4549 2460 4618 ἳππων
2517 4561 2836 4636 ἀμφοτέρων
2894 4565 3002 4614 τῶν
3091 4562 3270 4632 μερῶν
3366 4555 3738 4634 διερχομένων

349 4649 690 4718 παραταγῆς.
752 4649 822 4702 Et
881 4644 1239 4717 ῥιπταριστής
1299 4647 1452 4717 apud
1509 4647 1778 4702 eumdem
1831 4665 1883 4715 p.
1932 4646 1985 4701 8;

348 4737 566 4790 Verum
598 4735 654 4789 in
693 4734 884 4789 indice
913 4732 1112 4789 Wolfii
1144 4732 1419 4789 scribitur
1447 4731 1744 4806 ῥικτάριον.
1778 4734 1992 4789 Emen-

345 4824 551 4878 dcmus
581 4822 764 4878 obiter
802 4822 1048 4878 Leonem
1092 4821 1306 4879 Tactic.
1367 4839 1494 4894 cap.
1545 4823 1600 4892 9,
1659 4826 1687 4892 §
1741 4822 1832 4888 58,
1892 4821 1992 4878 ubi

347 4911 566 4967 editum
601 4917 687 4966 est
713 4927 725 4965 :
753 4908 896 4972 Τοὺς
930 4905 988 4963 δὲ
1027 4907 1356 4985 λεγομένους
1396 4909 1616 4984 ψιλοὺς,
1672 4909 1989 4984 σκουτάρια,

349 4999 574 5052 ἀκόντια
633 4997 822 5071 μικρὰ,
879 4999 1182 5074 τζικούρια.
1243 5001 1573 5073 Legendum
1636 5001 1792 5057 enim
1833 5019 1990 5054 σκου-

346 5087 529 5162 τᾶρια,
564 5086 833 5160 ῥικτάρια,
867 5085 1109 5155 ἀκόντια,
1183 5087 1350 5162 μικρὰ
1388 5087 1708 5164 τζηκούρια,
1742 5093 1805 5144 ut
1851 5106 1988 5146 con-

348 5184 468 5236 stat
499 5195 566 5234 ex
590 5177 698 5232 hac
727 5177 964 5233 Joannis
1021 5178 1194 5234 Checi
1246 5179 1712 5249 interpretatione
1757 5194 1770 5231 :
1830 5179 1991 5234 Leues

344 5277 529 5325 autem
569 5266 803 5322 habeant
841 5269 997 5321 scuta
1023 5283 1216 5339 parva,
1256 5266 1546 5339 rhictaria,
1568 5267 1781 5338 jaeula,
1814 5268 1994 5322 (zicu-

343 5363 431 5415 ria
459 5374 655 5431 parva.
690 5356 785 5411 Sic
816 5357 991 5412 etiam
1051 5357 1344 5428 legebatur
1386 5357 1446 5413 in
1501 5357 1762 5427 ejusdem
1821 5356 1990 5413 Checi

341 5449 491 5504 libro
521 5464 648 5517 cap.
682 5447 737 5516 5,
766 5444 796 5518 §
825 5446 876 5516 3,
904 5444 1176 5518 ῥικτάρισι,
1204 5443 1508 5519 τζικούρια.
1542 5445 1657 5502 Nec
1713 5445 1990 5502 audiendi

343 5540 478 5591 sunt
499 5535 604 5590 viri
639 5535 813 5603 docti,
841 5533 939 5607 qui
975 5539 1180 5604 putant
1250 5531 1507 5606 ῥιπτάρια
1564 5532 1779 5588 melius
1837 5549 1988 5591 esse.

341 5624 702 5680 Glossarium
739 5640 914 5678 manu
947 5625 1272 5688 exaratum,
1307 5623 1452 5692 quod
1486 5621 1766 5677 utendum
1794 5623 1988 5694 accepi

341 5729 409 5768 ex
441 5712 792 5768 bibliotheca
823 5709 1221 5767 illustrissimi
1279 5709 1654 5766 Cancellarii:
1699 5711 1988 5780 Ἀκινάκις,

339 5799 818 5874 σπαοομάχαιρον,
879 5799 1147 5872 ῥικτάριν,
1209 5793 1339 5868 δόρυ
1397 5795 1431 5864 ἢ
1510 5795 1760 5851 ἀκόντιον
1842 5802 1986 5874 Περ-

336 5888 512 5949 σικόν.
575 5890 686 5946 Sed
756 5891 806 5944 ei
864 5887 1037 5946 hodie
1097 5883 1278 5942 Graeci
1336 5883 1508 5956 ῥίκτω
1595 5885 1798 5944 dicunt
1883 5906 1986 5959 pro

2105 4652 2239 4726 μετᾶ
2268 4656 2486 4727 χρυσῶν
2519 4651 2890 4728 σαγισμάτων.
2941 4650 3105 4717 Item,
3156 4647 3321 4720 Εὗρεν
3378 4646 3539 4703 αὐτὸν
3596 4647 3740 4704 ἐντε-

2095 4739 2388 4814 τυλιμένον
2419 4739 2470 4796 ὲν
2501 4744 2580 4812 τῷ
2611 4738 2900 4816 σαγίσματι
2928 4736 3026 4791 τοῦ
3058 4734 3232 4810 δεξιοῦ
3263 4733 3456 4794 ἵππου.

2167 4829 2422 4906 Σαγίττα.
2458 4830 2517 4886 Ρ.
2552 4831 2619 4884 44
2652 4831 2685 4884 d
2713 4825 2910 4902 βέλους
2942 4825 3114 4886 ἐντὸς.
3159 4828 3349 4883 Codex
3399 4827 3490 4882 GB
3549 4826 3737 4902 σαγίτ-

2094 4938 2212 4980 τας.
2245 4919 2314 4976 Ν.
2345 4919 2581 4975 Suidam
2623 4920 2681 4974 in
2730 4911 2970 4984 ἄϐλητα.
3016 4916 3400 4986 Theophanes
3456 4916 3516 4971 in
3557 4918 3738 4975 llera-

2096 5008 2206 5066 alio
2238 5027 2251 5065 :
2285 5009 2539 5080 Ἔμειναν
2589 5007 2682 5062 ἀπ’
2741 5004 3006 5074 ἀλλήλων
3089 5005 3196 5059 ἀπὸ
3245 5003 3373 5060 δύο
3448 5006 3736 5081 σαγίττων.

2097 5096 2365 5153 Chronic.
2402 5096 2556 5152 Alex.
2599 5095 2684 5164 Ἐξ
2743 5094 2810 5163 ἧς
2864 5089 3029 5149 ἔλαϐε
3084 5093 3358 5169 σαγίττας.
3411 5096 3738 5153 Constanti-

2099 5203 2227 5242 mus
2258 5186 2314 5241 in
2346 5188 2502 5242 Tact.
2537 5189 2644 5242 Leo
2673 5185 2828 5242 Tact.
2873 5201 2998 5256 cap.
3045 5187 3132 5255 12,
3192 5185 3222 5258 §
3257 5187 3321 5240 61
3351 5203 3366 5242 :
3435 5184 3573 5240 Ἀπὸ
3621 5185 3738 5248 ἑνὸς

2095 5267 2516 5348 σα-ίιτεοϐόλου.
2571 5274 2717 5330 Hinc
2785 5272 3128 5348 σαγιττάτωρ
3186 5275 3506 5347 sagittator,
3579 5278 3735 5347 apud

2095 5365 2288 5420 cumd.
2329 5368 2572 5420 Leonem
2605 5381 2654 5420 c.
2689 5365 2741 5431 4,
2766 5366 2794 5431 §
2821 5364 2890 5417 57
2921 5367 2978 5417 et
3008 5380 3056 5420 c.
3091 5366 3145 5433 7,
3178 5366 3205 5432 §
3237 5366 3304 5418 57
3339 5382 3351 5419 :
3385 5371 3440 5421 et
3489 5384 3734 5439 σαγιττο-

2094 5449 2268 5514 ποιοί,
2293 5452 2351 5506 d.
2387 5469 2513 5524 cap.
2547 5453 2600 5520 4,
2631 5454 2659 5520 §
2689 5451 2781 5519 50,
2814 5455 2870 5506 et.
2900 5453 3347 5508 Constantinum
3383 5454 3438 5508 in
3470 5457 3626 5509 Tact.

2165 5539 2478 5613 Σαγμὰρια.
2525 5541 2697 5596 Νυω.
2735 5541 2855 5606 116,
2890 5539 2972 5594 Τὰ
3003 5541 3325 5616 σκευοφόρα.
3377 5542 3568 5598 Codex
3622 5541 3739 5610 GB,

2095 5627 2394 5702 σαγμάρια.
2425 5629 2713 5685 Animalia
2743 5645 2867 5700 quae
2929 5629 3350 5699 impedimenta
3397 5635 3453 5685 et
3482 5629 3740 5685 sarcinas

2093 5726 2337 5774 veaeunt.
2373 5719 2784 5776 Constantinus
2821 5719 2876 5772 in
2910 5717 3069 5772 Tact.
3097 5736 3153 5789 p.
3193 5721 3294 5774 16:
3356 5719 3542 5789 Ἐχειν
3607 5736 3738 5788 σαγ-

2096 5805 2288 5879 μάριον
2322 5800 2397 5863 ἕν.
2430 5809 2663 5866 Servius
2694 5807 2754 5861 in
2787 5823 2805 5860 ι
2834 5805 3103 5861 Eneidos
3137 5823 3150 5860 :
3181 5808 3247 5861 Et
3296 5807 3393 5862 hoc
3445 5807 3505 5860 in
3543 5802 3739 5860 multis

2091 5893 2405 5952 nominibus
2429 5894 2832 5957 observandum
2859 5893 2956 5956 est,
2985 5899 3046 5945 ut
3088 5910 3259 5962 genus
3315 5909 3386 5949 ea:
3430 5887 3734 5959 adiectione
