4120 6284
307 409 460 473 1085

1566 401 1909 467 FABEOTI
1945 400 2474 465 GBOSSABIUM.

3574 401 3728 466 1086

385 538 733 598 Σουππέδιον
818 543 1196 616 suppedium,
1269 542 1738 615 suppodaueum,
1821 535 1941 591 ὑπο-

2075 553 2235 611 γραις
2299 534 2390 589 καὶ
2451 531 2961 610 μπαλαιστρενρίδες,
3017 533 3147 607 τόξα
3221 533 3314 589 καὶ
3371 532 3727 609 τοξατόρους,

309 631 527 704 πόδιον,
561 633 882 691 scabellum
915 635 1068 705 quod
1103 632 1348 705 pedibus
1379 631 1710 701 subjicitur.

383 721 745 794 Σπαρτζοὶμια
801 719 1099 796 ἐπαυχένιοι
1164 717 1516 796 ἀγλαΐσματσ
1601 717 1662 772 ἐκ
1750 719 1962 794 τριχῶν

313 812 640 889 συγκείμενα
680 809 933 880 ἱππείων,
967 824 1024 884 p.
1062 812 1161 867 I20
1191 827 1244 868 ο.

393 898 651 955 Στούδιον
695 903 1118 956 monasterium
1164 900 1237 955 ab
1293 897 1496 954 Studia
1545 900 1781 953 auctore
1833 892 1962 966 ejus

317 995 744 1064 nuncupatum,
779 991 952 1060 cujus
981 990 1254 1045 meminit
1293 989 1513 1044 Justi-n.
1545 986 1685 1042 Nov.
1717 985 1792 1040 59
1817 999 1869 1041 ο.
1901 985 1956 1039 6.

307 1083 608 1138 Cedreuus
641 1094 655 1132 :
682 1080 739 1131 Ὀ
766 1082 865 1132 τοῦ
901 1073 1165 1132 Στουδίου
1196 1075 1523 1152 ἡγούμενος.
1555 1074 1956 1146 Theophanes:

312 1166 546 1224 Πλάτῶν
613 1167 704 1222 καὶ
762 1165 1046 1242 Θεόδωρος
1107 1164 1408 1242 ἡγούμενοι
1463 1164 1562 1231 τῆς
1624 1168 1796 1235 μονῆς
1863 1164 1960 1215 τοῦ

316 1254 584 1313 Στουδίου
614 1258 964 1314 Anastasius
994 1258 1076 1312 ita
1103 1256 1296 1323 vertit,
1332 1252 1502 1310 Plato
1539 1267 1609 1308 ac
1650 1251 1960 1309 Theoderus

314 1349 610 1420 hegumeni
635 1346 838 1404 Studii.

383 1435 596 1510 Στράτα
654 1441 858 1502 slrata,
917 1435 1029 1492 iter
1084 1443 1212 1507 pag.
1262 1434 1355 1490 26.
1397 1431 1764 1489 Glossarium
1797 1446 1953 1490 me:

311 1524 471 1586 Ὁδὸς
501 1527 537 1594 ἠ
570 1525 796 1600 στράτα.
825 1527 1040 1581 Auctor
1071 1525 1184 1593 GH,
1245 1520 1585 1596 Ἐκράτησας
1643 1526 1742 1590 τῆς
1801 1520 1956 1594 ξενη-

306 1616 456 1677 τείας
481 1615 582 1684 τήν
625 1615 876 1689 στράταν.
937 1615 1138 1670 Italico"
1187 1613 1395 1679 sti-adu,
1451 1615 1510 1667 et
1566 1613 1955 1683 compositum

304 1702 612 1782 διστροὶτον,
647 1706 892 1762 bivium.

380 1791 754 1872 Σχολαρίκιον
783 1793 1031 1851 inauris.
1065 1792 1252 1850 Gtoss.
1309 1807 1472 1851 ms..:
1515 1791 1772 1849 Ἐνώτιον
1816 1808 1956 1867 σχο-

306 1882 552 1959 Ααρίκιον
563 1925 577 1940 .

1108 2029 1147 2078 Τ

370 2161 689 2223 Ταϐελλίων
751 2166 1006 2228 tabellio.
1066 2167 1380 2239 Procopius
1421 2163 1663 2222 ἀνεκδοτ.
1699 2183 1765 2240 pr
1796 2167 1898 2222 124
1930 2183 1944 2223 :

295 2258 504 2331 ’Όνπερ
558 2250 906 2310 ταϐελλίωνα
953 2253 1182 2310 καλοῦσι
1212 2255 1502 2329 Ῥωμαῖοι.
1535 2251 1678 2314 Vide
1710 2255 1946 2314 Glossa-

297 2349 454 2404 rium
478 2348 807 2406 Nomicum.

369 2430 608 2491 Ταϐλιον
664 2429 855 2505 κύϐος,
915 2435 1130 2504 tabula,
1190 2452 1248 2508 p.
1306 2435 1432 2491 358.
1512 2439 1726 2492 Auctor
1805 2436 1943 2491 GB:

296 2524 402 2580 Καὶ
431 2523 498 2579 τὰ
558 2522 759 2580 ταυλία
787 2522 876 2577 καὶ
905 2522 970 2578 τᾶ
1005 2522 1205 2599 χαρτία
1235 2523 1325 2577 καὶ
1367 2523 1520 2597 ζάρια
1567 2522 1632 2577 νὰ
1686 2521 1752 2576 τὰ
1809 2520 1944 2576 καύ-

297 2635 443 2670 σουν.
483 2615 841 2672 Glossarium
875 2630 984 2670 ms.
1020 2631 1033 2669 :
1069 2611 1265 2668 Πεττοὶ
1298 2612 1365 2667 τὰ
1411 2611 1574 2684 βόλια
1620 2611 1671 2666 ἂν
1721 2611 1801 2674 οἶς
1846 2632 1944 2666 τα-

303 2698 570 2772 ϐλίζουσι.
611 2705 754 2776 Lege
783 2699 1007 2762 ταϐλῐα.
1039 2703 1324 2759 Dicebant
1379 2708 1436 2759 et
1487 2696 1724 2771 τάϐλην,
1776 2706 1839 2758 ut
1883 2702 1945 2759 in

298 2795 559 2866 Agathias
589 2793 932 2849 Scholastici
964 2793 1386 2865 epigrammate
1423 2792 1733 2864 Antholog.
1766 2791 1868 2847 lib.
1901 2808 1943 2861 ι,

299 2898 426 2952 cap.
457 2883 522 2938 61
560 2899 572 2937 :
604 2881 822 2953 Ταύλην
858 2880 1081 2960 φεύγετε
1108 2879 1326 2942 πάντες.

371 2965 687 3043 Ταϐλισμὸς
721 2977 1010 3046 stuprum.
1047 2971 1186 3028 Vide
1216 2970 1562 3026 Meursium.

371 3056 618 3130 Ταξίδιον
709 3061 792 3117 vel
878 3056 1168 3133 ταξείδτον.
1264 3064 1370 3116 Leo
1464 3058 1942 3115 Grammaticus:

297 3143 554 3226 Ἀφόϐως
607 3146 941 3219 συνεξελθεῖν
998 3150 1109 3223 μετ’
1169 3148 1348 3202 αὐτῶν
1410 3145 1461 3202 ἐν
1533 3151 1612 3219 τῷ
1669 3143 1942 3220 ταξειδίῳ.

295 3239 436 3297 Vide
467 3239 833 3296 Glossarium
866 3239 1129 3295 Cedreni.

361 3324 584 3401 Ταρῖδες
615 3327 949 3385 dromones.
979 3327 1036 3384 Ρ.
1069 3327 1177 3383 347
1231 3328 1270 3383 d
1328 3323 1630 3401 δρομὼνων
1683 3327 1937 3402 ἱππαγω-

289 3421 421 3494 γῶν.
456 3418 646 3472 Codex
681 3417 772 3472 GB
805 3413 1064 3490 ταρίδων.

368 3502 546 3562 Τένδα
572 3511 674 3562 aut
715 3503 869 3560 τὲντα
916 3506 1258 3576 tentorium,
1311 3505 1774 3574 tabernaculum,
1834 3521 1936 3578 pa-

290 3594 452 3668 pilio.
513 3600 577 3651 P.
636 3597 743 3651 240
803 3596 856 3665 b,
917 3595 1019 3665 τήν
1079 3593 1283 3664 σκηνὴν
1347 3591 1547 3650 εἰσιών.
1599 3595 1787 3651 Codex
1844 3594 1933 3650 GB

285 3683 488 3740 τένταν.
522 3689 630 3742 Leo
658 3688 817 3742 Tact.
875 3702 1002 3757 cap.
1054 3685 1108 3755 5,
1170 3688 1202 3753 §
1236 3687 1304 3739 9:
1365 3683 1686 3758 Φροντίσεις
1741 3680 1798 3738 δὶ
1844 3681 1932 3737 καὶ

285 3773 594 3848 ὲτοιμάσεις
652 3775 742 3830 καὶ
799 3775 896 3836 τὰς
945 3772 1238 3849 λεγομένας
1289 3770 1479 3835 τὲνδας
1535 3773 1626 3827 καὶ
1671 3772 1936 3849 ἀτεγείας,

283 3864 470 3920 lendas
528 3875 580 3921 et
638 3868 869 3934 αἰθρίας.
927 3865 1141 3938 Ategize
1200 3867 1340 3920 sunt
1394 3857 1654 3935 καλύϐαι,
1714 3862 1932 3934 σκηναί.

284 3954 578 4026 Josephus
633 3951 728 4009 ἀλ.
812 3955 869 4024 ὅ,
928 3967 978 4009 c.
1059 3955 1123 4010 31
1189 3969 1203 4009 :
1263 3951 1414 4008 Ἐπεὶ
1490 3956 1932 4022 σκηνοποιεῖσθαι

284 4041 487 4104 πάντας
543 4037 665 4106 ἔθος
720 4046 800 4115 τῷ
853 4041 991 4114 Θεῷ.
1051 4042 1301 4099 Ruﬁnus
1383 4041 1772 4113 Aquileiensis
1851 4041 1936 4097 ita

284 4132 457 4188 vertit
485 4132 587 4188 lib.
620 4149 718 4203 vn,
753 4148 881 4204 cap.
936 4133 1051 4187 12:
1114 4131 1388 4200 Quoniam
1438 4133 1660 4203 ategias
1719 4130 1782 4186 in
1833 4131 1932 4189 ho-

282 4237 469 4276 norcm
502 4222 597 4278 Dei
647 4222 899 4294 componi
937 4223 997 4275 in
1048 4220 1248 4292 templo
1306 4219 1372 4275 ab
1401 4219 1656 4275 omnibus
1688 4235 1798 4275 mos
1826 4225 1930 4275 est.

274 4312 368 4365 Sic
427 4310 764 4382 legendum.
835 4310 1260 4367 Constantinus
1314 4308 1474 4366 Tact.
1532 4325 1589 4381 p.
1626 4311 1693 4364 12
1722 4308 1875 4364 6144
1913 4325 1926 4366 :

277 4397 663 4467 Theophanes
681 4397 738 4453 in
780 4397 1128 4453 Theodosio.
1173 4402 1280 4450 Leo
1309 4394 1744 4480 Grammaticus
1779 4413 1794 4452 :
1830 4393 1928 4447 Καὶ

285 4482 562 4538 κατελθὼν
595 4484 675 4548 εἷς
697 4486 798 4554 τῆς
828 4482 925 4541 τοῦ
957 4484 1224 4558 Καίσαρος
1255 4484 1460 4540 τένταν.
1502 4483 1686 4540 Gloss.
1717 4483 1880 4539 Juris
1911 4501 1924 4539 :

2071 624 2546 699 Τζαγγροτοξάτας
2578 626 2805 681 Nicetas
2839 630 3006 681 vocat
3051 643 3112 697 p.
3151 626 3254 681 348
3283 642 3316 679 a
3346 629 3403 680 et
3429 625 3527 680 361
3562 642 3616 680 a.

2146 714 2512 781 Τζακισθῆναι
2590 714 2946 788 θραυσθῆναι,
3029 713 3301 784 sauciari,
3407 712 3724 785 vulnerari;

2075 820 2131 875 p.
2167 803 2270 858 123
2300 803 2338 858 d

2141 890 2402 966 Τζεφέτον
2435 893 2710 947 aromatis
2733 907 2942 964 genus.
2965 890 3033 946 V.
3067 892 3406 947 Meursium.

2143 978 2506 1054 Τζουκούριον
2542 981 2783 1036 securis.
2819 984 2883 1035 V.
2915 981 3254 1035 Meursium.

2142 1062 2623 1124 Τούϐλοιπλίνθοι
2654 1067 2838 1138 ὀπταί,
2863 1069 3068 1125 lateres
3100 1069 3268 1135 cocti,
3299 1068 3366 1123 V.
3401 1068 3720 1128 Meussium

2071 1157 2130 1214 in
2156 1151 2457 1213 τούϐουλα.

2144 1248 2333 1325 Τούφα
2359 1249 2542 1323 τιάρα.
2575 1253 2824 1306 Zonaras
2862 1251 2923 1306 in
2956 1249 3166 1306 Basilio
3198 1250 3535 1323 Porphyrog

2140 1339 2462 1414 Τρεναίτιον
2495 1339 2672 1396 tibula
2703 1355 2759 1412 p.
2790 1339 2881 1394 69.
2914 1341 2975 1395 V.
3009 1340 3063 1395 in
3097 1336 3327 1414 βούκλα.

2141 1426 2458 1500 Τυμπάνιον
2491 1427 2643 1500 pileo.
2694 1427 3008 1484 mulierum
3063 1427 3504 1499 Cpolilauarum
3562 1434 3718 1503 tym-

2072 1517 2210 1589 pani
2241 1518 2495 1573 formam'
2523 1516 2848 1573 referentia.
2883 1517 2945 1574 V.
2985 1517 3324 1573 Meursium.

2881 1657 2916 1705 Γ

2138 1773 2528 1848 Ὑποκάμισον,
2581 1776 2640 1833 Ρ.
2694 1776 2801 1832 343
2856 1776 2918 1846 b,
2997 1776 3090 1831 τὸν
3167 1769 3404 1850 ἔσχατον
3487 1782 3718 1852 χιτῶνα.

2066 1864 2258 1921 Codex
2312 1865 2405 1922 GB
2449 1863 2816 1937 ὁποκάμισον.
2873 1866 3128 1922 Codinus
3186 1867 3247 1921 in
3321 1861 3716 1941 παρεκϐολαῖς·

2066 1958 2167 2007 Kal
2215 1952 2278 2006 τὸ
2333 1952 2556 2026 ἱμάτιον
2611 1953 2784 2009 αὐτοῦ
2834 1954 2924 2008 καὶ
2987 1953 3050 2009 τὸ
3111 1954 3452 2026 ὁποκοὶμισον
3489 1956 3716 2030 βρακίον

2058 2042 2150 2098 καὶ
2187 2042 2250 2098 τό
2292 2042 2634 2118 σρικτούριον
2663 2044 2755 2098 καὶ
2798 2045 2862 2099 τὸ
2918 2045 3225 2120 φακεώλιον
3284 2045 3450 2100 αὐτοῦ
3499 2042 3712 2102 λαϐών.

2058 2133 2422 2190 Glossarium
2466 2150 2576 2189 ms.
2613 2130 2987 2204 εἙπενδύτης
3015 2133 3078 2188 τὸ
3136 2132 3406 2190 ἐσώτατον
3471 2135 3716 2209 ἱμάτιον,

2057 2224 2086 2278 ’ὁ
2121 2221 2462 2295 ὑποκάμισον
2483 2220 2717 2298 λέγεται.
2753 2224 2890 2279 Vide
2919 2240 3098 2295 supra
3128 2225 3188 2280 in
3211 2209 3452 2302 ’ῥοῦχοψ

2769 2370 2819 2420 Φ

2130 2513 2476 2590 Φλάμοολον
2519 2517 2848 2589 ﬂamulum,
2910 2517 3206 2589 vexillum,
3267 2537 3324 2592 p.
3371 2521 3495 2577 300.
3556 2522 3708 2579 Con-

2054 2607 2350 2663 stantinus
2370 2607 2430 2663 in
2455 2608 2706 2663 Tacticis
2733 2608 2842 2663 εΤὰ
2871 2605 3170 2684 φλᾶμουλα
3202 2606 3434 2677 ἑκάστης
3457 2608 3706 2684 τούρμας

2053 2692 2087 2762 ἢ
2123 2690 2397 2769 δρούγγου
2434 2691 2574 2755 ἰδίας
2629 2694 2800 2768 χρόας
2848 2689 3015 2768 ἔχειν.
3075 2697 3326 2753 Basilius
3371 2700 3426 2752 in
3462 2699 3708 2755 Nauma-

2054 2783 2281 2840 obicis:
2319 2781 2654 2858 Ηροσθετέον
2701 2781 2757 2838 δὲ
2799 2784 3016 2847 τούτοις
3042 2785 3132 2838 καὶ
3196 2783 3542 2860 τριηραύλην
3607 2786 3701 2842 καὶ

2056 2869 2375 2942 κελευστήν·
2437 2867 2548 2927 ἔστι
2617 2869 2674 2927 δὲ
2731 2874 2758 2926 ὁ
2831 2873 2924 2946 μὶν
2992 2867 3378 2947 ἰϐουκινοὶτωρ,
3439 2872 3698 2930 ὁδὶὸτὸ

2053 2959 2378 3038 φλάμοολον
2411 2962 2691 3036 γατάχων.
2723 2963 2818 3018 Sic
2843 2962 3054 3036 legitur
3081 2965 3140 3018 in
3180 2966 3356 3035 Regio
3388 2966 3702 3038 exemplari

2055 3054 2111 3106 et
2169 3046 2583 3127 φλαμουλισκια
2654 3053 2814 3122 apud
2880 3053 3152 3108 eumdem
3227 3055 3698 3111 Constantinum.

2054 3138 2263 3195 Dicunt
2364 3143 2419 3195 et
2496 3137 2836 3217 φλάμμουρα
2907 3140 2994 3196 vel
3069 3140 3386 3215 φλάμουρα.
3470 3144 3699 3202 Manuel

2056 3227 2358 3300 Moschop.
2405 3227 2535 3301 Περὶ
2599 3224 2812 3302 σχεδῶν
2876 3245 2891 3284 :
2941 3233 3165 3302 Σημαῖα
3217 3230 3280 3285 τὸ
3358 3228 3700 3307 φλάμουρον,

2051 3333 2416 3389 quamquam
2468 3318 2527 3373 iu
2585 3317 2700 3374 alio
2753 3319 2956 3376 codice
3018 3320 3230 3392 legitur
3258 3318 3609 3397 φλάμουλον,
3644 3331 3703 3380 ut

2051 3411 2361 3463 aunotatur
2394 3407 2455 3463 in
2493 3408 2692 3464 variis.
2725 3410 2937 3464 Auctor
2966 3409 3098 3465 GB:
3166 3411 3262 3464 Καὶ
3323 3413 3579 3481 στήσασιν
3635 3413 3700 3479 τὰ

2049 3488 2396 3569 φλάμμουρα
2442 3493 2565 3548 στὸν
2629 3498 2838 3569 στεῖχον.
2900 3494 3023 3551 Nisi
3081 3497 3226 3552 forte
3283 3497 3593 3570 legendum
3629 3501 3701 3556 sit

2050 3579 2410 3657 φλάμπουρα.
2445 3583 2643 3640 Idem:
2683 3583 2889 3637 Λοιπὸν
2946 3583 3098 3638 αὐτοὶ
3156 3585 3480 3660 Χριστιανοὶ
3531 3587 3699 3662 ἀκαρ-

2049 3673 2240 3744 τεροῢν
2303 3671 2366 3724 νὰ
2424 3667 2608 3724 δοῦσιν
2654 3669 2906 3745 σημάδην
2969 3673 3108 3748 μέγα
3164 3669 3527 3748 φλάμπουρον
3606 3675 3700 3729 τὸν

2051 3759 2280 3832 σταυρὸν
2310 3763 2408 3812 τοῦ
2439 3759 2666 3834 Κυρίου.
2727 3761 2878 3818 Hinc
2933 3759 3424 3837 φλαμπουριάρης.
3481 3766 3700 3820 Auctor

2047 3849 2162 3916 ΘΒ,
2195 3850 2254 3904 in
2279 3848 2566 3904 Historioa
2599 3849 2930 3905 narratione
2958 3851 3030 3905 de
3060 3850 3336 3906 Belisario
3371 3867 3385 3906 :
3419 3851 3519 3907 Καὶ
3547 3853 3582 3921 ἡ
3633 3851 3698 3906 σύ

2045 3937 2147 4005 ἧσε
2215 3934 2701 4013 φλαμπουριάρης,
2757 3938 3204 3996 ﬂammularius.
3255 3943 3472 3996 Verum
3549 3942 3696 3998 nihil

2049 4027 2420 4081 mutandum.
2483 4026 2640 4082 Idem
2693 4029 2899 4082 auctor
2937 4045 2956 4081 :
3005 4023 3232 4100 Ἕῤῥαεε
3309 4028 3372 4082 τὸ
3455 4026 3696 4104 καράϐη,

2048 4111 2260 4169 ἔστεσαν
2327 4112 2668 4190 φλάμμουρα
2715 4109 2924 4172 πολλά.
2981 4115 3128 4174 Vide
3180 4117 3552 4175 Glossarium
3619 4121 3691 4176 ad

2046 4207 2396 4262 Cedreuum.

2118 4292 2423 4371 Φεγγάριον
2457 4292 2615 4350 luna.
2646 4294 2786 4350 Vide
2814 4296 3155 4353 Meursium.

2117 4391 2345 4465 Φόρεμα
2403 4388 2599 4460 στολή,
2660 4391 2855 4449 vestis.
2915 4392 3236 4450 Concilium
3292 4397 3694 4453 Florentinum

2044 4497 2190 4538 sess.
2227 4484 2330 4538 16:
2367 4477 2670 4560 Φοφεμὲνοι
2715 4480 2933 4545 πάντες.
2983 4483 3228 4540 Vertuut
3261 4502 3275 4541 :
3320 4503 3520 4542 omnes
3560 4505 3692 4545 cum

280 4566 453 4627 Τὲνδα
501 4571 563 4627 τὸ
622 4574 911 4649 σφαιρικὸν
982 4570 1358 4646 διετεταμὲνος
1415 4572 1660 4648 ὕφασμαο
1756 4567 1928 4625 τὲνδω

2066 4571 2231 4626 lacris
2263 4571 2545 4628 vestibus.

284 4659 387 4736 γὰρ
444 4661 504 4716 τὸ
592 4637 864 4720 διάτείνω.
947 4637 1282 4721 Promiscue
1364 4637 1577 4735 igitur'
1634 4655 1792 4715 τένδα
1847 4660 1937 4718 vel

2119 4660 2299 4732 Φόρος
2344 4658 2535 4734 ἀγορά,
2594 4661 2809 4716 forum.
2881 4660 2945 4716 In
3002 4661 3318 4734 diplomate
3377 4663 3693 4720 Andronici

280 4749 458 4807 τέντα.
490 4753 581 4810 Sic
625 4753 775 4810 Galli
809 4757 983 4822 lente,
1013 4751 1138 4810 Itali
1183 4751 1366 4809 tenda.

355 4845 672 4916 Τετραρεῖαι
703 4857 838 4914 pag.
894 4843 1017 4911 119,
1050 4844 1150 4898 sed
1211 4841 1498 4897 Meursius
1549 4838 1691 4911 legit
1741 4855 1942 4914 πετρα-

289 4935 452 5003 ρεῖαι.
484 4932 632 4986 Sunt
661 4936 860 4987 autem
893 4932 1157 5004 pett-ariae
1190 4930 1474 4989 machina!
1505 4929 1746 4987 bellicae.

360 5019 569 5092 Τετράς
599 5019 726 5075 dies
747 5021 1036 5078 Mercurii.
1059 5022 1262 5079 Petrus
1312 5019 1754 5086 Alexandrinus,
1806 5036 1936 5076 can.

290 5110 356 5164 15
398 5125 411 5165 :
473 5105 706 5182 Τετράδι
751 5108 854 5182 γὰρ
912 5110 1002 5164 καὶ
1064 5113 1375 5185 παρασκευῇ
1458 5105 1792 5177 νηπευτὲον,
1847 5110 1941 5166 die

280 5199 542 5257 Mercurii
570 5205 623 5255 et
665 5200 900 5256 Veneris
917 5202 1314 5272 jejunandum.

353 5287 740 5365 Τζαγγάτορες
843 5289 1151 5362 sagittarii,
1256 5293 1346 5346 est
1444 5290 1600 5346 enim
1696 5289 1938 5365 τζάγγρα

278 5396 452 5436 arcus
487 5379 643 5451 p.53
673 5394 726 5434 a.
760 5378 920 5435 Idem
956 5397 1009 5451 p.
1046 5381 1136 5447 87,
1168 5372 1434 5447 ἐκηϐόλοι
1479 5378 1743 5449 Ῥωμαῖοι
1793 5380 1932 5435 Cod.

276 5467 392 5536 ΘΒ,
428 5467 566 5535 μετὰ
629 5469 906 5543 ζαγγρῶν.
959 5470 1210 5524 Joannes
1270 5468 1728 5534 Cantacuzenus,
1784 5467 1931 5525 Hist.

274 5554 376 5608 lib.
414 5572 455 5620 Ι,
501 5573 629 5628 cap.
680 5557 737 5626 3,
802 5573 858 5628 p.
923 5557 1070 5612 108:
1132 5558 1250 5611 Τῶν
1311 5551 1371 5608 ἐκ
1417 5553 1586 5624 τόξων
1636 5559 1934 5611 Λατινικῶν

273 5645 382 5695 τῶν
452 5640 766 5716 λεγομὲνων
819 5648 1110 5718 τζαγγρῶν
1170 5641 1433 5719 ἀφιέντων
1523 5641 1682 5716 βέλη.
1765 5651 1935 5702 Anna

269 5731 571 5788 Comnena
598 5735 862 5790 Alexiad.
895 5750 996 5788 vm
1031 5751 1044 5790 :
1079 5732 1158 5788 Τὸ
1195 5731 1287 5802 μὲν
1323 5730 1415 5784 οὖν
1463 5724 1571 5783 ἀπὸ
1621 5736 1724 5799 τῆς
1768 5734 1934 5809 τζάγ.

277 5837 418 5896 γρας
483 5818 648 5895 βέλος
700 5819 938 5894 ἐμπεσὸν
998 5820 1073 5882 εἷς
1101 5819 1162 5874 τὸ
1211 5815 1372 5892 ἄκρον
1405 5823 1504 5884 τῆς
1534 5816 1789 5892 κόρυθος,
1820 5828 1930 5880 etc.

274 5912 498 5968 Auctor
530 5909 644 5978 GB,
669 5910 729 5967 in
763 5908 1045 5968 Historica
1082 5909 1295 5966 narrat.
1319 5913 1392 5963 de
1421 5903 1699 5962 Belisario
1721 5925 1737 5968 ;
1763 5909 1936 5985 Τζάγ-

2044 4747 2342 4805 Junioris:
2389 4750 2487 4802 τοῦ
2535 4746 2761 4806 σπανίου
2827 4752 2925 4804 τοῦ
2976 4746 3028 4804 ἐν
3085 4753 3164 4822 τῷ
3238 4751 3392 4827 φόρῳ
3464 4750 3690 4806 πωλου-

2048 4835 2229 4909 μένου.
2261 4838 2530 4894 Occurrit
2561 4837 2803 4910 passim.

2116 4925 2443 4998 Φουρκίζειν
2501 4924 2590 4980 ἐπὶ
2649 4923 2925 4988 σκόλοπος
2983 4928 3354 5003 ἀπαιωρῆσαι,
3411 4932 3479 4987 ν.
3542 4935 3690 4990 Har-

2044 5031 2276 5086 menop.
2308 5024 2361 5072 et
2390 5015 2478 5070 Gl.
2513 5017 2584 5072 ad
2615 5017 2783 5074 Cedr.
2817 5017 2877 5073 in
2907 5014 3247 5094 φουλκίζειν.

2114 5113 2412 5170 Φωσσάτον
2525 5113 2747 5184 ξενικόν.
2825 5116 3031 5174 Purior
3120 5123 3314 5176 textus
3387 5119 3689 5198 ξενολογία.

2041 5205 2271 5261 Externi
2305 5203 2545 5262 milites.
2587 5201 2893 5260 Φωσσάτον
2927 5224 3030 5277 pro
3058 5208 3266 5265 castris
3313 5227 3382 5266 ex
3436 5214 3690 5269 exercitu

2041 5293 2178 5366 poni
2210 5293 2436 5348 dudum
2469 5293 2841 5348 obsarvatum
2874 5299 2983 5351 est.
3018 5296 3236 5354 ldatius
3266 5299 3578 5372 episcopus
3628 5302 3689 5358 in

2040 5382 2223 5438 Fastis
2251 5381 2660 5439 consularibus
2687 5400 2701 5438 :
2738 5384 2800 5438 Et
2833 5383 2951 5455 ipso
2983 5402 3129 5443 anno
3157 5390 3433 5458 profectus
3462 5396 3541 5445 est
3590 5391 3690 5448 Va-

2039 5475 2154 5530 lens
2186 5474 2456 5543 Augustus
2493 5487 2562 5528 ea:
2590 5473 2726 5528 urbe
2756 5473 2826 5527 ad
2851 5476 3142 5544 fossatum.
3184 5478 3344 5534 Anna
3399 5480 3692 5536 Comuena

2040 5561 2297 5618 Alexiad.
2356 5577 2500 5616 vm:
2560 5561 2885 5633 Προσὲταξεν
2968 5560 3057 5618 διὰ
3128 5566 3329 5628 παντὸς
3406 5567 3690 5642 φωσσάτου

2038 5647 2458 5723 διακηρυκεῦσαί
2490 5649 2579 5702 τὸν
2615 5647 2667 5709 ἐς
2688 5650 2786 5716 τήν
2843 5647 3031 5724 αὔριον
3086 5652 3354 5726 πόλεμον.
3419 5657 3689 5712 Moscho-

2037 5739 2234 5812 pulns,
2302 5737 2428 5809 περί
2493 5732 2728 5809 σχεδῶνο
2785 5739 3080 5794 Φωσσοὶτον
3158 5742 3185 5794 ὁ
3243 5741 3489 5814 στρατός.
3540 5744 3686 5799 Vide

2036 5828 2221 5886 Gloss.
2252 5827 2320 5882 ad
2351 5826 2698 5881 Cedrenum.
2734 5827 2911 5881 Hodie
2941 5829 3222 5902 φουσσάτο
3253 5831 3472 5886 dicunt.

2105 5916 2337 5989 Φρὲριος
2366 5914 2563 5983 frater,
2580 5911 2864 5968 Gallicum
2889 5915 3059 5984 frére.
