4090 6298
405 415 452 474 Ι
464 415 580 474 087
1741 417 1818 476 Nl
1825 415 2049 477 CETE.
2089 415 2520 478 OHONIA'I‘IE
3673 419 3702 476 1
3719 415 3854 478 088

489 545 964 620 Φροντιστήριον..
1005 546 1169 601 Joan.
1197 545 1431 602 Cantas.
1470 563 1513 614 ι,
1569 547 1640 601 22
1673 565 1686 603 :
1729 546 1826 609 Εἰς
1856 539 1909 600 ἕν
1959 550 2065 601 τῶν

2177 569 2298 608 vom;
2331 548 2500 617 αὐτῷ.
2557 548 2840 620 Epiphan.
2874 547 3066 614 Schol.
3099 546 3384 602 ita'vertit
3415 562 3430 602 :
3493 547 3842 616 Quingentos

415 635 872 713 φροντιστηρίων.
929 635 996 690 V.
1067 633 1329 704 Suidam,
1407 639 1465 692 et
1535 653 1668 707 sup.
1763 637 1824 692 iu
1903 655 2067 706 μονα-

2177 638 2378 694 solt‘dos
2424 639 2744 694 destinavit.
2803 638 2958 708 Trip.
3008 653 3062 705 v,
3098 652 3224 706 cap.
3261 637 3346 692 17.
3379 637 3674 706 Josephus
3709 640 3844 708 epi-

419 726 663 799 στήριον.
2179 743 2392 797 scopus
2425 727 2747 782 Metonens.
2781 725 2838 780 in
2869 742 3016 796 resp.
3053 726 3127 780 ad
3171 724 3438 780 libellum
3481 726 3648 781 Marii
3711 727 3848 784 Me-

2177 815 2462 887 tropolitae
2493 815 2752 886 Ephesi:
2790 815 2917 874 Τοῖς
2975 810 3362 886 Φλορεντίνοις
3425 813 3668 885 μηνύσας
3739 812 3846 869 δα-

1217 873 1273 926 X
2177 907 2348 957 νεῖσαι
2435 901 2582 974 αὐτῷ
2665 902 3102 975 τεσσαράκροντα
3185 899 3449 976 χιλιάδας
3531 902 3836 977 χρυσίνων.

486 993 849 1068 Χαμαιζίκιον
883 995 1258 1051 instrumenti
1295 997 1495 1054 musici
1520 1014 1723 1069 genus.
1759 997 2067 1054 Meursius.

2177 990 2490 1046 ἀπέστειλεν
2559 990 2745 1052 αὐτοῖς
2831 992 2931 1058 τὴν
3025 990 3221 1064 μίτραν
3297 989 3462 1046 αὐτοῦ
3541 990 3830 1067 ἐνέχυρον.

485 1085 705 1156 Χαμικη
719 1080 878 1145 λάδες
910 1085 1107 1142 avium
1137 1101 1346 1156 genus.
1371 1087 1676 1142 Meursius.

2179 1083 2545 1155 Nicephorus
2575 1083 2872 1148 Callistus,
2919 1099 3000 1150 x1,
3032 1083 3142 1138 48:
3187 1078 3564 1154 Ὀγδοτςκοντα
3629 1084 3838 1158 χρυσία

487 1171 755 1232 Χαντάκια
816 1174 1007 1231 fossae.
1067 1175 1134 1230 H.
1186 1175 1314 1245 264,
1367 1173 1494 1236 τοὺς
1548 1169 1838 1249 διώρυχας.
1879 1177 2068 1232 Codex

2177 1191 2306 1232 νους
2349 1171 2693 1224 ἀπαιτεῖσθαι
2723 1169 3001 1229 κελεύσας.

413 1264 506 1320 GB
537 1260 831 1337 χαντάκια.

2252 1254 2715 1333 Χρυσόϐουλλων.
2756 1261 2947 1314 Aurea
2973 1258 3154 1316 bulla.
3191 1261 3328 1332 Pup.
3379 1262 3450 1316 34
3489 1278 3540 1331 c,
3595 1260 3840 1333 Τράμμα

485 1349 916 1426 Χαρτουλάριον.
962 1351 1026 1408 In
1087 1353 1318 1422 puriore
1385 1355 1580 1410 Graeco
1637 1351 2068 1431 χάρτουλάριον,

2177 1348 2672 1424 ἐρυθροσήμαντον.
2703 1350 2896 1404 Codex
2951 1350 3066 1414 GB,
3117 1342 3557 1424 χρυσόϐουλλον.
3635 1351 3834 1422 Impe-

415 1440 853 1510 chartularium,
897 1441 1463 1514 chartophylacium,
1494 1443 1802 1500 scrinium.
2175 1452 2329 1500 rator
2357 1443 2514 1497 enim
2545 1441 2598 1496 ei
2619 1441 3022 1496 subscribebat
3052 1441 3374 1496 cinnabari.
3397 1447 3554 1496 Anna
3577 1445 3832 1500 Comne-

495 1527 906 1603 Χαρτουλάριος
947 1530 1354 1588 cbartutarius.
1389 1531 1534 1588 Vide
1575 1533 1760 1590 Gloss.
1801 1537 2068 1590 nostrum

2178 1548 2254 1586 na
2279 1530 2540 1586 Alexiad.
2573 1529 2675 1584 lib.
2705 1545 2838 1585 vm:
2887 1527 3046 1601 Ηαρὰ
3087 1529 3182 1581 τοῦ
3231 1528 3635 1602 αὐτοκράτορος
3684 1549 3829 1602 χρυ-

425 1619 802 1678 Nominicum
833 1619 893 1676 in
927 1635 995 1674 ea
1025 1619 1296 1675 dictione.

2177 1613 2486 1672 σόϐουλλον
2541 1617 2702 1690 λόγον
2763 1615 3229 1690 ἑνσεσημασμένον
3291 1613 3379 1671 διὰ
3439 1617 3832 1692 κινναλάρεως,

493 1710 628 1784 Χερν
641 1703 919 1777 ιϐὁξυστον
950 1709 1098 1782 [583]
1109 1751 1123 1764 .

2178 1708 2252 1767 ὡς
2283 1705 2423 1777 ἔθος,
2452 1703 2542 1760 διὰ
2573 1704 2868 1780 βασίλικῆς
2901 1703 3074 1776 δεξιᾶς
3108 1700 3316 1762 λαϐὼν.
3381 1709 3683 1766 Constant.
3752 1711 3834 1766 De

491 1795 926 1872 Χοιρομάνδριον
959 1799 1175 1874 συφεός,
1207 1800 1378 1867 suile,
1411 1801 1568 1857 hara.

2177 1797 2402 1853 admin.
2458 1799 2594 1866 imp.
2641 1788 3089 1868 χρυσοϐουλλίου
3140 1793 3338 1869 χωρίς.
3389 1797 3634 1869 Niceph.
3681 1799 3828 1854 Call.

493 1886 754 1960 Χρύσινος
814 1889 1060 1954 solidus,
1136 1906 1369 1946 aureus.
1467 1889 1814 1948 Theodoret.
1919 1891 2068 1948 llist.
2181 1885 2280 1941 lib.
2315 1901 2430 1953 XIV,
2463 1901 2588 1956 cap.
2621 1885 2709 1940 43-
2742 1885 2886 1941 Vide
2934 1884 3297 1940 Glossarium
3346 1886 3418 1940 ad
3479 1887 3826 1944 Cedrenum.

419 1975 576 2032 Eccl.
610 1993 674 2042 It,
707 1993 834 2047 cap.
896 1977 962 2033 13
991 1994 1011 2032 .·
1072 1975 1383 2033 Ἀπέστειλε
1421 1978 1807 2040 πεντακοσίους
1875 1978 2068 2053 χρυσί-

884 2235 1874 2426 NICET/E
2007 2119 3834 2429 (1Ηῦᾖῖᾗῖ

612 2507 826 2559 MAGNI
879 2510 1300 2562 LOGOTHET/E
1353 2511 1832 2575 SECRETORUM,
1889 2513 2311 2566 INSPECTORIS
2368 2515 2452 2565 ET
2519 2515 2764 2566 JUDICIS
2821 2514 2992 2572 VELI,
3045 2513 3400 2566 PRAEFECTI
3457 2516 3648 2567 SACRI

1973 2594 2283 2646 CUBICULl

422 2100 2336 2131 W2

1758 2754 2536 2850 THESAURUS

1211 2955 2066 3130 ORTHODO

2177 2962 2402 3134 [λἘ
2523 2965 3068 3138 FIDEI.

474 3337 562 3386 AD
617 3336 1076 3391 CLARJSSIMUM
1131 3341 1354 3392 VIRUM
1413 3345 1478 3396 D.
1539 3345 1852 3474 JOANIEEM
1911 3348 1953 3396 Α
2007 3347 2060 3397 S.
2117 3347 2405 3406 ANDREA,
2461 3347 3022 3400 CARCASSONENSIS
3077 3349 3403 3402 ECCLESIE.
3451 3342 3779 3405 DECANUM,

1767 3460 1780 3474 .
1837 3425 2151 3474 MORELLII
2209 3428 2542 3474 EPISTULA.

1767 3460 1780 3474 .
1837 3425 2151 3478 MORELLII
2209 3428 2542 3480 EPISTULA.

504 3562 658 3619 Evici
692 3566 950 3634 tandem,
984 3567 1356 3625 ornatissime
1385 3570 1496 3640 vir,
1527 3573 1680 3643 quod
1710 3572 2061 3645 jampridem
2093 3575 2244 3630 votis
2275 3575 2548 3630 omnibus
2580 3567 2952 3648 exoptabam,
2983 3579 3156 3647 atque
3204 3591 3278 3630 an
3329 3571 3678 3629 umbilicum
3713 3585 3840 3641 per-

434 3659 574 3716 duxi
607 3665 944 3720 monodiam
977 3663 1138 3722 illam
1171 3665 1470 3724 Michaelis
1498 3668 1812 3740 Choniatm,
1845 3671 2113 3744 prmeulis
2144 3673 2543 3743 Atheniensis,
2576 3691 2690 3743 qua
2727 3674 2938 3732 Nicetes
2987 3672 3176 3729 fratris
3224 3669 3522 3740 exsequias
3559 3667 3851 3724 cohones-

430 3763 539 3815 tat.
575 3760 654 3816 Ea
682 3767 858 3833 certe,
893 3768 956 3818 ut
985 3764 1176 3820 dicam
1209 3767 1363 3836 quod
1397 3783 1486 3823 res
1515 3773 1627 3834 est,
1657 3769 1754 3824 diu
1790 3786 1882 3825 me
1913 3787 2262 3838 suspensum
2296 3771 2503 3838 tenuit,
2537 3775 2770 3843 propter
2791 3771 3044 3828 salebras
3087 3768 3215 3824 illas
3267 3781 3410 3836 pene
3463 3765 3795 3821 continuas
3835 3783 3850 3822 :

431 3873 795 3932 cursumque
826 3861 1112 3919 hactenus
1149 3869 1438 3920 remorata
1470 3871 1578 3936 est,
1611 3883 1728 3938 qua
1756 3867 1814 3922 in
1841 3867 2052 3924 Niceta;
2082 3867 2379 3924 Thesauro
2430 3869 2574 3924 satis
2615 3869 2859 3925 feliciter
2907 3867 3302 3941 procedebam,
3355 3863 3626 3934 quamvis
3677 3864 3738 3916 in
3775 3881 3852 3921 eo

437 3973 668 4028 quoque
697 3959 879 4016 libros
908 3960 1153 4032 aliquot,
1187 3965 1510 4034 praesrtim
1544 3965 1766 4037 priores
1795 3969 1854 4021 et
1881 3966 2227 4038 posteriores
2253 3983 2368 4022 non
2403 3967 2772 4037 paucioribus
2819 3967 3064 4023 salebris
3110 3968 3390 4021 scatentes
3430 3962 3840 4031 deprehende-

433 4059 567 4114 rim.
602 4059 737 4122 Quae
773 4075 865 4114 me
895 4076 1070 4115 causa
1101 4063 1400 4132 permovit,
1429 4067 1491 4118 ut
1519 4079 1618 4120 eos
1650 4064 1836 4135 primo
1875 4079 2100 4134 quoque
2145 4068 2406 4137 tempore
2448 4065 2918 4136 transcriberem,
2971 4065 3290 4134 Latinoque
3335 4077 3598 4117 sermone
3647 4061 3847 4116 dona-

431 4171 580 4223 rem,
615 4172 688 4210 ne
718 4157 764 4210 si
801 4156 1022 4212 diutius
1055 4157 1370 4224 differrem,
1406 4177 1436 4215 a
1465 4160 1666 4216 blattis
1694 4159 2007 4230 ἀνηκέστως
2040 4163 2442 4218 exederentur.
2475 4165 2587 4218 Eos
2619 4164 2686 4218 ad
2721 4167 2778 4218 te
2811 4163 3036 4217 mittere
3065 4162 3258 4216 visum
3304 4164 3411 4227 est,
3459 4159 3850 4214 ornatissime

431 4255 542 4322 vir,
577 4259 859 4328 tanquam
886 4255 1127 4324 laboris,
1159 4273 1329 4327 quem
1361 4263 1416 4313 te
1447 4265 1679 4316 auctore
1710 4277 1863 4315 anno
1895 4260 2114 4318 Christi
2146 4261 2282 4316 1560
2335 4263 2586 4333 suscepi,
2645 4261 2930 4332 primitias
2957 4279 2971 4332 ;
3023 4261 3119 4331 qui
3163 4260 3213 4315 si
3245 4257 3568 4327 arriserint,
3602 4273 3846 4328 operam

441 4355 592 4412 dabo
623 4358 683 4410 ut
715 4355 918 4427 reliqui
951 4355 1248 4429 sigillatim
1280 4358 1734 4430 subsequantur,
1760 4359 2109 4431 justumque
2139 4361 2424 4416 Thesauri
2457 4360 2737 4416 librorum
2771 4375 3101 4425 numerum,
3128 4373 3335 4430 nempe
3363 4357 3434 4410 27
3462 4355 3824 4428 adimpleant

431 4460 607 4526 atque
637 4453 715 4509 ita
746 4453 977 4511 Nicetes
1000 4454 1119 4526 ille,
1153 4470 1328 4528 quem
1361 4455 1448 4510 vel
1483 4471 1552 4512 ex
1580 4456 1919 4526 Annalibus,
1953 4457 2050 4528 qui
2091 4474 2207 4513 non
2257 4457 2335 4514 ita
2383 4458 2605 4530 pridem
2652 4459 2724 4513 ab
2766 4457 3019 4528 Oporino
3067 4457 3204 4514 editi
3259 4459 3418 4520 sunt,
3451 4459 3732 4524 tanquam
3773 4473 3842 4510 ex

434 4553 735 4628 unguibus
767 4553 1015 4621 leonem,
1048 4552 1212 4609 facile
1241 4570 1747 4626 cognoscas,nunc
1782 4557 2012 4612 tandem
2045 4556 2164 4612 tuis
2197 4555 2476 4630 auspiciis
2507 4563 2564 4612 et
2594 4557 2931 4629 sumptibus
2955 4573 2991 4610 a
3021 4554 3279 4612 tenebris
3309 4553 3844 4624 vindicetur.Cujus

431 4653 700 4710 beneﬁcii
729 4652 964 4709 nomine
993 4652 1147 4708 bona
1179 4654 1490 4722 posteritas
1521 4653 1624 4709 tibi
1653 4653 1871 4724 gratias
1902 4655 2260 4711 immortales
2293 4654 2546 4722 habebit,
2581 4655 2682 4710 ubi
2711 4654 3004 4711 resciverit
3045 4652 3508 4708 vetustissimum
3553 4651 3835 4710 Thesauri

431 4750 802 4808 Orthodoxise
833 4751 984 4807 beati
1013 4750 1225 4807 Nicetes
1253 4749 1540 4806 Choniatm
1569 4750 1864 4822 exemplar
1891 4751 1978 4822 (ut
2007 4754 2160 4822 quod
2193 4770 2225 4806 a
2255 4752 2456 4808 Niceta
2483 4752 2611 4824 ipso
2643 4753 3009 4824 descriptum
3059 4751 3158 4820 sit)
3211 4756 3335 4820 post
3380 4749 3628 4804 auctoris
3671 4762 3820 4799 mor-

456 4866 550 4905 em
578 4852 649 4906 ad
683 4848 1021 4904 Michaelem
1054 4849 1390 4906 Choniatsm
1421 4849 1860 4906 Atheniensium
1894 4848 2200 4919 prasulem
2231 4850 2391 4906 velut
2423 4850 2790 4906 hereditario
2814 4851 2948 4920 jure
2979 4847 3306 4914 transiisse,
3355 4863 3474 4916 quo
3521 4849 3648 4902 item
3677 4859 3825 4898 mor-

429 4955 531 5004 tuo
561 4949 622 5004 in
653 4965 866 5004 manus
894 4948 1181 5004 Theodori
1213 4946 1547 5003 Scutariotaa
1575 4949 1784 5004 Levites
1821 4948 2086 5021 Cyziceni
2115 4949 2370 5014 venisse,
2402 4947 2666 5016 Cyziceni
2697 4949 2947 5014 venisse,
2981 4947 3302 5020 Cyzicoque
3351 4963 3386 5002 a
3423 4947 3622 5001 Turcis
3648 4951 3836 5000 vasta-

433 5051 496 5101 ta
527 5047 585 5100 in
617 5046 1098 5116 frequentissima
1129 5046 1230 5101 illa
1257 5043 1558 5119 καλοιερῶν
1584 5044 1905 5121 ἀγιορειτῶν
1938 5063 2068 5102 mon

2177 5046 2311 5116 cria,
2346 5063 2470 5116 quae
2501 5055 2635 5100 sunt
2667 5046 2722 5100 in
2757 5046 2904 5102 Atho
2950 5053 3169 5114 monts,
3225 5045 3598 5115 deportatum
3627 5060 3642 5097 :
3679 5047 3850 5113 atque

431 5143 572 5197 inde
629 5143 868 5197 tandem
929 5142 1212 5199 Lutetiam
1270 5143 1608 5214 adductum,
1666 5143 1986 5210 venaleque
2047 5162 2080 5200 a
2123 5145 2314 5201 Graeco
2363 5145 2619 5215 quodam
2669 5144 2994 5216 expositum
3053 5142 3250 5198 nullos
3316 5145 3419 5196 aut
3478 5157 3705 5213 paucos
3767 5141 3864 5196 ad-

445 5240 683 5294 n‘odum
716 5243 1006 5310 emptores
1038 5249 1268 5296 nactum
1298 5243 1554 5313 (propter
1583 5242 2004 5298 deformitatem
2045 5241 2347 5310 nimirum,
2383 5245 2448 5297 ut
2499 5243 2772 5314 Esopum
2821 5241 2989 5297 illum
3047 5239 3435 5297 fabulatorem
3491 5238 3662 5312 olim)
3719 5255 3866 5312 pras-

445 5343 536 5394 ter
583 5353 768 5392 unum
796 5338 1074 5393 Joannem
1111 5357 1144 5395 a
1174 5341 1377 5396 Sancto
1411 5341 1662 5411 Andrea,
1687 5343 1858 5412 cujus
1887 5358 1917 5396 e
1957 5341 2311 5397 bibliotheca
2362 5341 2496 5395 boni
2546 5349 2831 5409 auctores,
2883 5339 3056 5396 hodie
3105 5337 3428 5410 praesertim
3479 5336 3696 5406 Graeci,
3749 5355 3874 5394 non

437 5437 610 5493 aliter
657 5435 814 5492 exire
843 5441 1114 5509 possunt,
1146 5443 1324 5509 atque
1353 5454 1422 5494 ex
1465 5455 1615 5509 equo
1683 5439 1928 5510 Trojano
1986 5441 2124 5496 boni
2186 5439 2421 5509 milites,
2480 5444 2536 5495 et
2593 5453 2664 5495 ex
2695 5438 2962 5494 Isocratis
2995 5435 3195 5496 schola
3235 5439 3496 5491 oratores
3525 5435 3756 5491 exiisse
3789 5435 3874 5492 ts—

439 5545 670 5596 runtur.

505 5641 670 5694 Certe
699 5642 759 5692 tu
793 5639 864 5692 de
893 5635 1212 5692 vetussimo
1247 5635 1346 5691 illo
1372 5634 1688 5705 exemplari
1719 5637 1868 5692 idem
1901 5638 2314 5706 subodoratus,
2352 5639 2507 5709 quod
2543 5635 2811 5692 Xanthus
2847 5635 2942 5692 ills
2971 5634 3296 5703 de.’Esopo,
3353 5634 3610 5703 pretium
3669 5635 3885 5690 Graeco

441 5736 791 5802 numerasti,
820 5733 1228 5804 exemplarque
1259 5733 1402 5788 mihi
1433 5733 1814 5792 commissum
1845 5737 2222 5792 evolvendum
2257 5737 2498 5806 curasti,
2532 5736 2768 5791 tandem
2822 5733 3186 5802 deprehensa
3239 5726 3515 5804 ἐπιγραφὴ
3570 5749 3700 5788 non
3755 5749 3886 5788 car-

437 5836 684 5898 bonum,
723 5837 789 5887 ut
818 5831 878 5884 in
911 5831 1210 5900 proverbio
1239 5836 1348 5898 est,
1378 5832 1480 5886 sed
1513 5830 1844 5888 orthodoxa
1875 5834 2009 5890 ﬁdei
2039 5835 2408 5890 Thesaurum
2440 5836 2496 5888 in
2534 5832 2763 5905 paginis
2795 5831 2910 5887 illis
2933 5832 3050 5888 situ
3074 5835 3130 5886 et
3161 5827 3434 5900 squalore
3456 5831 3536 5885 ita
3557 5829 3890 5900 obductis,
