4090 6298
278 331 436 392 1089
1729 325 1893 387 THE:

2073 325 2228 388 ωε..
3533 329 3688 389 1090

283 468 343 515 ιιι
377 462 484 515 nisi
524 464 652 531 post
685 458 901 514 multas
931 458 1162 529 vigilias
1193 456 1306 528 legi
1339 457 1654 528 potuerint,
1679 455 2014 512 delitescere
2057 457 2332 515 ostendit.
2385 457 2513 513 Mox
2560 473 2621 513 se
2666 458 2839 512 index
2886 473 3113 528 quoque
3155 459 3362 529 aperit,
3394 476 3494 514 seu
3530 460 3690 514 elen-

287 561 454 629 chus,
489 578 602 631 quo
634 574 870 614 summa
899 557 1181 612 librorum
1213 557 1493 611 Thesauri
1525 557 1717 628 capita
1748 560 2040 624 notantur,
2069 573 2103 610 a
2132 557 2334 612 Niceta
2364 556 2493 628 ipso
2522 561 2579 612 et
2617 559 2975 629 compositus
3002 563 3059 614 et
3089 559 3369 630 scriptus,
3402 561 3682 628 quemad-

288 659 530 715 modum
563 662 618 712 et
647 656 781 712 libri
808 672 1010 712 omnes
1042 655 1216 724 hujus
1247 655 1461 726 operis,
1497 653 1748 724 exceptis
1783 655 2013 709 duobus
2059 655 2298 721 ultimis,
2334 655 2434 726 qui
2479 675 2506 706 ιι
2559 655 2860 711 Theodoro
2903 657 3230 711 Scutariota
3274 657 3473 728 scripti
3533 662 3692 724 sunt,

288 759 385 828 qui
416 759 741 814 Monodiam
773 770 1002 826 quoque
1035 754 1324 810 Michaelis
1356 753 1660 824 scripsisse
1682 753 1930 808 videtur.
1960 754 2247 809 Theodori
2277 752 2613 832 αὐτόγραφον
2652 771 2722 810 ex
2764 755 3086 828 appendice
3131 755 3202 809 ad
3252 755 3507 812 indicem
3556 759 3691 814 libri

281 859 352 912 25
383 856 614 927 colligo.

353 953 525 1010 Varia
555 953 670 1008 alia
700 951 977 1024 opuscula
1000 954 1061 1006 ut
1089 949 1293 1016 Alexii,
1326 947 1625 1004 Michaelis
1669 952 1728 1004 et
1767 950 2003 1022 Josephi
2050 951 2826 1021 Constantinopolitanorum
2876 950 3367 1022 patriarcharum,
3399 956 3692 1014 Eustathii

286 1059 342 1110 et
371 1053 664 1122 Germani,
697 1053 1063 1108 Niczenorum
1107 1049 1446 1123 prmsulum,
1479 1049 1769 1104 Eustathii
1803 1051 1901 1106 R01

2070 1095 2072 1108 ,
2104 1049 2226 1122 περί
2261 1047 2356 1104 δύο
2389 1048 2638 1128 ἀδελφῶν
2680 1048 2961 1105 λαϐόντων
3011 1046 3106 1103 δύο
3146 1045 3406 1126 ἀδελφὰς,
3440 1053 3548 1112 hoc
3577 1063 3685 1128 est,

283 1153 356 1207 de
389 1153 616 1208 duobus
653 1151 932 1206 fratribus
966 1150 1088 1204 due:
1121 1166 1347 1205 sorores
1381 1149 1758 1215 ducentibus,
1793 1148 1982 1203 Alexit
2010 1149 2289 1204 Comneni
2320 1148 2686 1220 imperatoris
2707 1143 3150 1224 χρυσόϐουλλος,
3178 1171 3276 1210 seu
3295 1157 3475 1211 Aurea
3495 1154 3687 1212 bulla:

285 1251 582 1308 sacerdotis
611 1250 898 1318 cuiusdam
927 1249 998 1304 ad
1027 1249 1208 1302 Etiam
1237 1247 1523 1304 Cretensen
1555 1245 1680 1318 περὶ
1709 1265 1900 1320 προσκ‹

2072 1265 2112 1316 ς,
2145 1253 2255 1302 etc.
2290 1247 2528 1320 (quibus
2575 1247 2872 1319 exemplar
2911 1251 3072 1308 velut
3121 1255 3457 1326 μυροθήκιον
3502 1256 3687 1327 quod-

283 1351 418 1406 dam
445 1349 720 1404 refertum
753 1350 860 1407 est)
892 1346 1026 1417 quis
1061 1345 1507 1416 transcripserit,
1539 1343 1703 1399 nulla
1733 1345 2067 1416 conjectura
2097 1361 2337 1415 prorsus
2369 1344 2596 1416 assequi
2643 1345 2884 1417 possim.
2946 1349 3104 1405 Idem
3165 1351 3236 1406 de
3280 1351 3687 1425 philosophice

281 1449 534 1520 quodam
569 1444 698 1519 Περὶ
728 1446 827 1508 τῆς
893 1446 1002 1496 τῶν
1031 1444 1225 1516 ψυχῶν
1251 1441 1589 1514 εἰσκρίσεως,
1620 1446 1678 1498 et
1725 1441 1896 1497 Eccle:

2064 1457 2126 1498 co
2185 1443 2257 1497 de
2315 1442 2726 1498 Armeniorum
2782 1443 2986 1500 haeresi
3045 1451 3480 1518 commentario,
3528 1451 3679 1508 idem

282 1551 453 1604 etiam
489 1546 560 1601 de
595 1543 916 1616 appendice
947 1541 1048 1596 illa
1079 1541 1286 1608 sentio,
1319 1557 1448 1612 quae
1480 1539 1628 1595 libro
1659 1541 1916 1596 secundo
1949 1539 2208 1595 adhaeret
2240 1555 2253 1588 :
2287 1555 2420 1595 cum
2455 1545 2652 1596 tamen
2684 1541 2753 1596 ad
2796 1542 2868 1595 25
2927 1544 3238 1614 pertineat,
3291 1551 3356 1602 ut
3391 1563 3458 1603 ex
3491 1549 3684 1606 verbis

282 1645 552 1716 pauculis
579 1643 916 1698 Scutariota?
949 1639 1126 1695 indici
1161 1640 1372 1694 Nicetes
1401 1637 1614 1693 additis
1647 1638 1840 1694 videre
1869 1643 1979 1706 est,
2013 1639 2114 1709 qui
2144 1639 2526 1710 appendicem
2576 1638 2734 1695 illam
2784 1656 2916 1711 quas
2945 1646 3115 1698 antea
3144 1644 3591 1703 desiderabatur
3623 1649 3684 1704 in

281 1747 397 1800 line
420 1747 492 1800 25
518 1744 650 1798 libri
676 1742 890 1797 alicubi
921 1745 1208 1809 repertam
1238 1753 1300 1793 se
1333 1736 1645 1793 attexuisse
1685 1737 1962 1792 affirmat.

353 1849 484 1900 Jam
516 1848 581 1897 ut
608 1859 789 1912 pauca
828 1840 898 1894 de
933 1839 1047 1893 vita
1105 1837 1296 1892 obiter
1350 1837 1586 1905 addam,
1646 1852 1774 1906 qua:
1830 1844 1955 1890 tum
2000 1851 2069 1890 ex
2113 1836 2386 1891 monodia
2417 1835 2738 1907 Michaelis,
2763 1842 2887 1894 tum
2916 1840 3215 1898 Thesauro
3247 1843 3372 1916 ipso
3404 1845 3678 1918 colligere

285 1943 467 2016 potui.
3016 1993 3025 2002 .
3307 1953 3312 1960 .

352 2040 597 2095 Colossaa
631 2034 883 2092 Asiatica
920 2033 1021 2088 illa
1051 2032 1255 2088 civitas
1287 2047 1462 2103 quam
1499 2032 1561 2085 Β.
1593 2030 1757 2086 Pauli
1793 2029 2049 2102 Epistula
2099 2030 2445 2097 nobilitavit,
2498 2031 2606 2089 hoc
2657 2033 3078 2092 Choniatarum
3129 2039 3374 2096 fratrum
3425 2061 3532 2116 par
3578 2045 3684 2100 Mi-

284 2137 544 2194 chaelem
578 2140 633 2189 et
663 2133 920 2188 Nicetam
954 2129 1159 2185 tulisse
1188 2129 1436 2194 videtur,
1474 2131 1540 2182 ut
1563 2127 1770 2199 colligo
1803 2145 1870 2183 ex

2072 2145 2092 2183 3
2121 2128 2194 2181 22
2223 2127 2351 2182 libri
2383 2145 2457 2197 tv,
2491 2129 2589 2184 ubi
2623 2130 2681 2184 in
2709 2130 2960 2203 τέσσαρες
2988 2132 3078 2186 καὶ
3117 2131 3350 2190 δεκατῶν
3397 2139 3687 2198 haereseos

285 2239 562 2299 antithcsi
592 2237 750 2293 Pauli
782 2235 974 2290 locum
1002 2249 1070 2287 ex
1100 2231 1346 2302 epistola
1376 2231 1444 2286 ad
1470 2229 1845 2286 Colossenses
1872 2247 1899 2284 c

2075 2247 2182 2297 PDS,
2216 2232 2291 2286 ila
2315 2230 2521 2286 scribit
2553 2248 2564 2284 :
2597 2231 2688 2291 Ὧς
2730 2231 2758 2285 ὁ
2805 2231 3022 2295 Παῦλος
3063 2233 3114 2289 ἐν
3155 2239 3223 2310 τῇ
3254 2239 3390 2309 πρὸς
3425 2242 3551 2306 τοὺς
3579 2262 3690 2297 πα-

280 2340 513 2416 τριώτας
551 2357 643 2409 μοι
676 2332 974 2392 Κολοστεῖς
1003 2326 1269 2402 ἐπιστολῇ
1299 2326 1567 2404 θεολογεῖ.
1593 2333 1667 2384 Ut
1700 2339 1895 2384 lacean

2074 2331 2094 2384 i
2129 2330 2437 2386 Choniates
2468 2331 2869 2388 Colossensem
2903 2333 3233 2407 significare
3263 2339 3689 2415 videatur,qua=i

284 2441 438 2495 enim
477 2439 677 2493 civitas
709 2434 958 2489 Colossae
990 2430 1150 2499 olim,
1187 2439 1385 2500 postea
1417 2433 1643 2482 mutato
1678 2429 1908 2484 nomine
1938 2429 2128 2483 Χῶναι
2169 2429 2326 2484 dicta
2375 2433 2484 2498 est,
2545 2434 2608 2484 ut
2655 2430 2714 2484 in
2770 2435 3168 2507 manuscripto
3209 2439 3460 2508 quodam
3502 2440 3692 2499 lexico

279 2539 413 2607 legi,
447 2535 603 2606 quod
639 2534 706 2588 D.
748 2536 1113 2587 Vascosauus
1147 2526 1545 2600 typographus
1576 2526 1646 2581 de
1677 2525 1888 2581 litteris
1918 2535 1971 2582 et
2001 2526 2302 2582 litterariis
2333 2528 2546 2597 optime
2572 2528 2816 2586 meritus
2844 2530 2999 2588 inter
3029 2533 3212 2590 multa
3249 2535 3366 2591 alia
3405 2541 3687 2596 vetustis-

277 2635 436 2688 sima
467 2630 820 2701 exemplaria
854 2628 1046 2694 habet,
1082 2626 1356 2680 manibus
1389 2624 1693 2694 cujusdam
1727 2639 1795 2679 ex
1826 2623 2123 2680 Michaelis
2153 2623 2324 2680 Pselli
2355 2624 2720 2682 auditoribus
2749 2629 3130 2702 descriptum.
3164 2633 3228 2690 In
3257 2650 3322 2690 eo
3344 2635 3429 2690 sic
3447 2635 3520 2691 ad
3551 2653 3686 2694 ver-

286 2733 428 2788 bum
464 2732 706 2786 habelur
737 2747 750 2784 :
787 2725 1122 2795 Κολλασσαέ,
1151 2722 1312 2784 πόλις
1339 2721 1601 2797 Φρυγίας,
1632 2722 1687 2776 αἱ
1723 2725 1812 2776 νῦν
1842 2721 2136 2796 λεγόμεναι
2165 2726 2380 2794 Χῶναι,
2412 2721 2534 2786 ὅθεν
2563 2722 2652 2777 καὶ
2685 2723 3048 2790 Κολασσαεῖς.

350 2828 594 2886 Michael
630 2827 940 2884 Choniates
973 2833 1111 2880 natu
1145 2825 1329 2894 major
1360 2839 1393 2878 a
1425 2827 1588 2894 patre
1617 2838 1686 2877 ex
1721 2822 1856 2877 Asia
1886 2822 2226 2894 Byzantium
2258 2823 2546 2878 deductus
2595 2829 2704 2890 est,
2757 2825 2853 2881 ubi
2901 2843 3036 2883 cum
3087 2833 3215 2900 post
3245 2831 3434 2900 prima
3466 2832 3681 2891 littera-

289 2945 416 2982 rum
453 2927 722 2982 tirocinia
755 2925 1074 2994 majoribus
1105 2921 1435 2993 disciplinis
1466 2921 1732 2975 animum
1763 2921 1839 2975 ita
1872 2919 2240 2990 excoluisset,
2274 2923 2338 2974 ut
2361 2922 2483 2990 jam
2518 2920 2669 2976 inter
2712 2924 3064 2993 professores
3117 2934 3473 2999 censeretur,
3514 2932 3681 2990 Nico.

282 3031 402 3081 tam
440 3025 674 3079 fratrem
708 3021 1036 3095 parvulum,
1069 3021 1242 3089 utqui
1276 3034 1480 3075 novem
1515 3033 1698 3072 annos
1725 3022 1901 3072 natus
1931 3022 2108 3085 esset,
2142 3020 2198 3072 et
2239 3017 2428 3089 ipsdm
2462 3035 2495 3072 a
2521 3022 2683 3090 patre
2714 3021 3032 3078 deductum
3064 3023 3276 3082 litteris
3325 3031 3382 3082 et
3413 3030 3682 3088 moribus

275 3123 714 3181 informandum
750 3120 990 3192 accepit,
1024 3118 1182 3190 quod
1202 3122 1370 3173 "tanta
1399 3133 1560 3186 cura,
1593 3117 1786 3172 studio
1819 3120 1874 3171 et
1902 3115 2098 3171 labore
2131 3116 2390 3188 perfecit,
2445 3121 2508 3172 ut
2556 3117 2788 3176 Nicetes
2838 3125 2993 3177 artes
3033 3139 3238 3181 omnes
3287 3134 3587 3206 quaalsunt
3617 3131 3676 3188 in

275 3221 584 3293 disciplina
617 3219 985 3276 mediocriter
1012 3218 1274 3283 edoctus,
1307 3219 1640 3286 temporum
1673 3230 1946 3269 successu
1980 3214 2048 3269 ad
2079 3217 2310 3269 tantum
2344 3214 2643 3286 dignitatis
2676 3217 2975 3291 fastigium
3019 3227 3444 3300 conscenderit,
3479 3234 3544 3286 ut
3572 3247 3679 3288 nec

277 3321 619 3380 Michaelem
655 3319 851 3375 fratris
882 3323 936 3373 et
967 3314 1262 3388 discipuli,
1293 3330 1399 3369 nec
1430 3313 1676 3384 patriam
1709 3312 1852 3366 civis
1881 3312 2089 3368 Nicetes
2123 3313 2440 3384 paeniteret.
2473 3314 2730 3370 Tandem
2759 3333 2892 3372 vero
2923 3336 3052 3375 cum
3102 3323 3439 3383 Michaelem
3486 3331 3681 3401 ponti-

277 3423 444 3479 licem
480 3423 714 3477 Athenae
747 3418 964 3474 sortitae
995 3419 1210 3484 essent,
1245 3412 1468 3469 Nicetes
1498 3413 1558 3468 in
1591 3412 1916 3468 scribarum
1957 3411 2464 3483 imperatoriorum
2500 3430 2832 3485 numerum,
2894 3418 3216 3491 imperante
3263 3429 3386 3483 tum
3416 3429 3679 3488 Manuale

211 3500 225 3508 ’
270 3522 595 3586 Comneno,
630 3518 870 3573 allectus
901 3523 1009 3570 est.

345 3621 583 3688 Verum,
617 3615 757 3687 proh
789 3612 988 3670 dolor!
1033 3627 1101 3666 ea
1133 3611 1191 3664 in
1225 3614 1490 3681 tempora
1521 3608 1878 3674 inciderunt,
1911 3623 2038 3678 quae
2071 3607 2266 3662 virtuti
2300 3608 2534 3663 illorum
2569 3625 2639 3665 ne
2669 3619 3010 3684 emergeret,
3051 3618 3297 3674 multum
3343 3621 3572 3679 obstare
3604 3625 3684 3680 vi-

273 3723 586 3784 debantur,
622 3717 835 3786 quibus
867 3710 1568 3780 Conslantinopolitanum
1603 3707 1916 3777 imperium
1974 3707 2303 3778 principum
2357 3707 2486 3778 plus
2538 3726 2716 3779 quam
2769 3713 3004 3784 tragicis
3050 3715 3369 3776 sceleribus
3408 3722 3683 3782 inclinari

276 3825 547 3888 coeperat,
577 3811 891 3868 Andronici
919 3807 1239 3881 praesertim
1272 3805 1550 3861 Comneni
1578 3804 1907 3874 tyrannide,
1935 3802 2030 3873 qui
2055 3802 2250 3858 Alexio
2285 3809 2490 3872 nepote
2523 3806 2589 3859 13
2631 3812 2836 3877 agente
2878 3827 3096 3866 annum
3152 3813 3299 3870 clam
3354 3817 3683 3894 interfecto,

279 3916 592 3986 imperium
628 3912 942 3965 invaserat.
977 3907 1161 3976 Hujus
1191 3904 1559 3976 tyrannidem
1595 3902 1821 3972 fugiens
1882 3900 2113 3957 Nicetes
2171 3901 2241 3955 ad
2296 3901 2448 3970 juris
2496 3902 2679 3958 civilis
2725 3907 2985 3962 studium
3032 3912 3290 3981 secessit,
3323 3915 3381 3970 in
3437 3933 3550 3987 quo
3601 3921 3683 3977 ita

281 4011 590 4082 promovit,
614 4015 675 4062 ut
708 4004 1092 4078 quadriennio
1125 4006 1257 4074 post
1287 4017 1420 4056 cum
1455 3999 1800 4071 parricidam
1827 3997 2216 4052 Andronicum
2251 3997 2452 4068 proelio
2484 3999 2683 4055 fusum
2734 4002 2992 4059 Isaacius
3043 4008 3297 4079 Angelus
3345 4014 3539 4085 populi
3587 4015 3680 4072 lu-

283 4107 488 4160 dibriis
515 4104 896 4175 exposuisset,
947 4099 1300 4170 camelaeque
1347 4099 1625 4154 scabiosa
1670 4096 2010 4168 impositum
2069 4094 2642 4168 circumvectumque
2691 4097 3084 4170 ignominioso
3147 4108 3330 4164 occidi
3374 4112 3687 4184 jussisset,

279 4203 840 4270 Constantinopolim
882 4199 1040 4254 velut
1070 4198 1421 4269 postliminio
1453 4213 1719 4252 reversus
1752 4201 1864 4261 est,
1896 4194 2170 4266 brevique
2200 4195 2269 4249 ad
2305 4195 2556 4266 majores
2583 4197 2870 4254 bonorum
2921 4204 3143 4273 gradus
3181 4214 3434 4280 evectus,
3463 4214 3681 4285 quibus

282 4305 560 4360 continua
592 4302 1009 4371 imperatorum
1042 4297 1190 4351 serie
1221 4296 1564 4367 perfunctus
1596 4299 1704 4362 est,
1738 4295 1804 4349 ad
1839 4309 1904 4348 ea
1961 4309 2150 4366 usque
2201 4296 2467 4364 tempora
2517 4295 2734 4365 quibus
2781 4295 2840 4352 in
2880 4297 3180 4358 Gallorum
3210 4304 3684 4386 Venetorumque

283 4419 495 4459 manus
525 4401 834 4469 imperium
865 4395 1568 4467 Constantinopolitanum
1602 4393 1828 4449 recidit.

354 4501 594 4555 Constat
623 4496 778 4553 enim
812 4496 899 4568 (ut
929 4493 1229 4549 historiam
1258 4493 1536 4548 continua
1567 4508 1761 4548 rerum
1794 4493 2088 4564 gestarum
2121 4490 2270 4546 serie
2303 4490 2606 4564 deducam)
2636 4493 2922 4552 Isaacium
2956 4499 3234 4572 Angelum
3277 4506 3678 4577 aequissimum

277 4597 600 4671 principem
633 4595 704 4651 ab
739 4592 927 4648 Alexio
961 4591 1182 4647 minore
1214 4595 1387 4645 tratre
1418 4589 1601 4645 oculis
1633 4588 1920 4660 privatum
1967 4587 2154 4644 fuisse
2197 4588 2323 4660 (per
2371 4604 2669 4645 summum
2720 4593 2916 4650 scelus
2967 4612 3098 4653 eum
3126 4607 3469 4673 excaecante,
3499 4623 3533 4661 a
3562 4625 3680 4679 quo

280 4711 489 4768 magna
521 4692 770 4766 pecunia
801 4691 1139 4760 redemptus
1169 4705 1200 4743 e
1228 4687 1487 4742 Turcicis
1521 4686 1789 4742 manibus
1819 4686 2050 4758 fuerat),
2083 4691 2256 4757 atque
2285 4687 2430 4743 adeo
2463 4689 2797 4746 carceribus
2859 4694 3162 4752 detentum
3216 4699 3397 4756 donec
3447 4703 3681 4765 Alexius

274 4793 454 4851 Isaaci
491 4792 646 4846 filius
679 4805 848 4860 Opem
885 4785 1150 4843 Balduini
1188 4784 1446 4851 Flandri,
1479 4782 1773 4839 Gallorum
1803 4783 2274 4854 Venetorumque
2306 4784 2641 4856 principum
2689 4787 3051 4860 imploraret,
3095 4799 3295 4865 pactus
3336 4799 3478 4854 3000
3523 4819 3677 4860 mar-

277 4910 378 4948 cas
407 4891 530 4946 auri
564 4893 1040 4955 commeatusque
1073 4885 1325 4957 capiam,
1357 4882 1405 4938 si
1436 4886 1535 4937 aut
1558 4881 1680 4952 ipse
1707 4881 1887 4948 solus,
1916 4884 2016 4937 aut
2036 4898 2168 4936 cum
2203 4884 2361 4951 patre
2391 4882 2611 4939 Isaacio
2657 4887 2989 4945 carceribus
3037 4895 3158 4947 tum
3210 4894 3442 4953 detento
3494 4901 3678 4974 impe.

274 4994 429 5048 rium
464 4991 849 5059 recuperaret.

348 5086 492 5144 Galli
531 5084 822 5157 principes
855 5086 971 5137 tam
999 5079 1218 5153 insigni
1250 5096 1384 5134 casu
1422 5078 1558 5134 moti
1594 5077 1952 5150 Byzantium,
1974 5077 2152 5133 fracta
2183 5080 2385 5133 catena
2416 5093 2542 5148 quis
2575 5080 2646 5135 ab
2680 5081 2820 5138 urbe
2853 5085 2922 5141 ad
2957 5087 3158 5146 Peram
3201 5097 3548 5170 extenditur,
3579 5117 3678 5157 ex-

271 5188 560 5260 pugnant,
595 5181 959 5251 fugienleque
993 5178 1189 5232 Alexio
1223 5175 1522 5231 fratricida
1555 5175 1838 5230 Isaacium
1867 5174 2134 5240 liberant,
2169 5178 2226 5229 et
2255 5173 2516 5230 Alexium
2542 5184 2682 5245 post
2712 5180 2960 5239 subitam
2994 5188 3179 5257 patris
3211 5199 3455 5250 mortem
3486 5200 3676 5270 (squa-

271 5287 389 5341 lore
419 5282 574 5338 enim
601 5278 848 5335 carceris
879 5277 1129 5340 obsitus,
1161 5290 1372 5346 purum
1406 5272 1775 5343 liberumque
1821 5271 2030 5328 caelum
2087 5272 2231 5328 ferre
2281 5289 2392 5328 non
2445 5277 2726 5348 potuerat)
2777 5278 3180 5352 imperatorem
3225 5289 3448 5349 dicunt.
3508 5296 3675 5354 Hunc

273 5400 504 5455 quoque
536 5379 705 5452 paulo
740 5383 870 5448 post
900 5373 1251 5445 Mursyphus
1279 5373 1515 5443 quidam
1549 5371 1679 5440 (vel,
1713 5375 1778 5426 ut
1815 5369 1934 5440 alii,
1967 5370 2257 5442 Myrtilus)
2299 5371 2575 5442 ignobilis
2624 5374 2828 5432 fraude
2877 5379 3243 5443 innocentem
3289 5394 3518 5463 occidit,
3573 5398 3675 5468 qui

273 5490 558 5552 tyrannus
588 5495 724 5535 cum
758 5480 974 5531 frustra
1003 5492 1034 5529 a
1057 5490 1119 5529 se
1149 5473 1420 5528 hostibus
1450 5471 1842 5542 opposuisset,
1876 5470 2097 5526 amissa
2121 5469 2352 5524 tandem
2404 5470 2546 5527 urbe
2585 5472 3086 5553 Constantinopoli
3131 5489 3241 5543 sub
3293 5497 3519 5550 noctem
3553 5513 3673 5554 me-

273 5580 428 5633 diam
462 5595 596 5633 cum
634 5591 832 5640 uxore,
865 5572 1169 5644 pollicibus
1198 5578 1252 5626 et
1282 5570 1560 5625 thesauro
1593 5567 1735 5623 clam
1764 5567 2014 5639 aufugit,
2055 5565 2352 5638 pauloque
2401 5573 2533 5638 post
2579 5569 2638 5626 in
2689 5573 3082 5648 Peloponneso
3131 5591 3335 5658 captus
3399 5595 3456 5646 et
3483 5591 3544 5648 in
3578 5611 3672 5651 ur-

269 5677 398 5733 bem
432 5678 717 5730 retractus
748 5671 1110 5728 interficitur.
1149 5669 1294 5726 Urbs
1325 5668 1522 5738 itaque
1553 5682 1705 5723 anno
1736 5666 1949 5722 Christi
1983 5665 2121 5720 1202
2149 5663 2386 5721 Francis
2415 5669 2473 5722 et
2505 5667 2732 5728 Venetis
2760 5690 2828 5730 ea
2859 5675 2983 5750 lege
3013 5681 3214 5752 cessit,
3261 5689 3327 5741 ut
3374 5687 3521 5744 Galli
3553 5693 3675 5750 Ca-

262 5790 454 5832 sarem
486 5773 733 5845 Gallum,
764 5771 968 5827 Veneti
999 5768 1390 5841 patriarcham
1415 5767 1707 5822 Venetum
1737 5768 1961 5822 darent.
1997 5765 2090 5820 Illi
2137 5761 2495 5821 Balduidum
2547 5768 2888 5845 Flandrum,
2935 5776 2996 5832 hi
3045 5780 3331 5842 Thomam
3360 5791 3670 5850 Mauroce-

263 5890 408 5934 num
439 5889 506 5932 ex
534 5876 704 5947 pacto
744 5871 1050 5928 dederunt.
1080 5867 1358 5942 Reliquiae
1389 5867 1717 5926 Graecorum
1751 5864 1938 5922 Latini
1970 5863 2228 5924 nominis
2259 5861 2390 5922 odio
2419 5865 2859 5946 Adrianopolim
2890 5884 3494 5959 secesserunt,ibique
3523 5890 3675 5950 The-
