4090 6298
284 337 435 400 1093

1744 325 2233 407 Tusswaus.

3548 326 3699 386 1094

285 521 2622 549 Μ

1271 697 1684 792 INDEX
1758 694 2427 793 LI‘BR‘ORUM
2492 696 2731 792 XIV

1763 899 1945 944 QUIBUS
1978 899 2193 937 οοΜτΑτ

1009 1062 1288 1122 ΝΙΟΕΤΛΕ
1343 1059 1720 1116 GHONIATE
1773 1058 2200 1116 THESAURUS
2247 1058 2725 1116 'ORTHODOXE
2779 1058 2993 1115 FIDEI.

887 1397 1075 1471 Τόμος
1102 1400 1346 1471 πρῶτος.
1972 1393 2028 1461 Α

364 1518 452 1574 Ἐν
501 1518 584 1587 τῷ
638 1513 846 1588 πρώτῳ
885 1511 1044 1584 τὸμῳ
1109 1509 1171 1564 τὸ
1247 1507 1567 1583 προοίμιον.
1632 1508 1768 1563 Εἶτα
1822 1505 1946 1579 περὶ

293 1603 472 1679 Ἀδὰμ
543 1603 633 1658 καὶ
707 1623 872 1656 τινων
956 1600 1202 1675 ἀρχαίων
1259 1594 1467 1674 ἂνὸρῶν
1529 1596 1796 1672 εὑρόντων
1851 1595 1949 1657 τὰς

295 1693 693 1768 εἷκονουργίας.
771 1690 902 1764 Περί
993 1693 1102 1744 τῶν
1187 1685 1524 1757 Ἑλληνικῶν
1607 1684 1947 1760 μυστηρίων.

293 1784 424 1860 Περὶ
455 1780 775 1857 Πυθαγόρου
831 1779 921 1834 καὶ
978 1777 1287 1848 Πλάτωνος,
1341 1776 1432 1830 καὶ
1486 1777 1690 1850 ἒτὲρων
1720 1771 1951 1851 φιλοσό-

296 1895 409 1952 φων
441 1872 531 1928 καὶ
559 1876 668 1927 τῶν
716 1867 884 1940 δοξῶν
935 1869 1130 1924 αὑτῶν.
1184 1867 1312 1942 Περὶ
1359 1869 1467 1921 τῶν
1498 1866 1770 1940 τεσσάρων
1802 1884 1952 1918 στοιε-

297 1965 488 2040 χείων.
525 1963 653 2038 Περὶ
679 1960 918 2036 ὀὐρανοῦ
965 1959 1056 2014 καὶ
1105 1965 1231 2034 γῆς,
1279 1961 1377 2013 τοῦ
1411 1954 1682 2026 ζωδιακοῦ
1721 1953 1950 2020 κύκλου,

295 2061 405 2111 τῶν
455 2053 712 2109 ἀπλανῶν
770 2051 863 2106 καὶ
922 2049 1216 2118 πλανητῶν
1270 2046 1528 2122 ἀστέρων,
1585 2045 1712 2119 Περὶ
1761 2064 1951 2118 κομη-

295 2148 427 2213 τῶν,
491 2140 692 2218 ἲριδος,
751 2143 990 2218 πάχνου,
1050 2135 1368 2213 παρηλίων,
1410 2141 1517 2191 τῶν
1553 2138 1814 2209 σεισμῶν,
1846 2134 1952 2189 τῶν

301 2233 537 2306 ἀνεμων,
605 2230 696 2286 καὶ
768 2234 879 2284 τῶν
955 2229 1311 2302 πρηστήρων.
1391 2226 1496 2281 Καὶ
1571 2219 1756 2278 ἔκτοτε
1828 2222 1950 2297 περὶ

303 2319 676 2394 Ἰουδαϊσμοῦ.
724 2317 854 2393 Περὶ
905 2320 1015 2372 τῶν
1067 2315 1287 2390 χρυσῶν
1340 2312 1631 2387 δαμάλεων
1660 2312 1756 2366 τοῦ
1789 2313 1954 2386 Ἰερο-

308 2408 478 2484 6οάμ.
530 2409 661 2483 Περὶ
715 2409 1091 2482 Σαμαρειτῶν.
1141 2404 1268 2479 Περὶ
1322 2400 1596 2471 Ἐσσηνῶν
1641 2401 1729 2455 καὶ
1764 2398 1953 2454 ἄλλων

305 2505 472 2555 τινῶν
541 2499 926 2572 αἳρεσιαρχῶνθ
1004 2494 1129 2568 περὶ
1204 2489 1612 2560 Σαδδουκαίων,
1688 2496 1957 2564 Γραμμα-

304 2591 464 2658 τέων,
568 2584 878 2661 Φαρισαίων
975 2576 1491 2657 ἡμεροϐαπτιστῶν,
1585 2578 1675 2635 καὶ
1777 2579 1954 2654 Ἡρω-

312 2675 532 2733 διανῶν.

880 2805 1069 2877 Τόμος
1120 2799 1391 2877 δεύτερος.

379 2945 466 2998 Ἐν
515 2945 597 3014 τῷ
643 2938 882 3015 ’δευτέρῳ
937 2937 1118 3012 τόμῳ,
1183 2937 1308 3013 περὶ
1364 2938 1464 3006 τῆς
1521 2933 1672 3010 ἁγίας
1729 2930 1966 3009 Τριάδος

315 3030 588 3109 διαφόρων
647 3029 702 3084 αἱ
761 3030 1008 3108 χρήσεις.
1044 3030 1295 3097 Ἔπειτα,
1339 3024 1463 3098 περὶ
1529 3021 1798 3100 ἀγγέλων.
1834 3021 1964 3096 Περὶ

315 3123 643 3198 ἀνθρώπων.
680 3119 938 3200 Διάφοροι
997 3116 1146 3190 δόξαι
1197 3116 1321 3191 περὶ
1375 3119 1477 3171 νοῦ
1518 3114 1608 3170 καὶ
1640 3118 1850 3192 ψυχῆς,
1876 3112 1966 3169 καὶ

315 3206 499 3268 ἔκτοτε
529 3211 653 3288 περὶ
683 3210 912 3285 ἀρετῶν.

922 3343 1106 3418 Τόμος
1155 3339 1362 3416 τρίτος.

388 3483 517 3558 Περὶ
559 3485 758 3560 φωνῶν
807 3482 1133 3557 προφητῶν,
1191 3474 1485 3548 δηλουσῶν
1539 3477 1638 3545 τὴν
1699 3473 1754 3529 ἐν
1807 3471 1969 3563 σαρκὶ

313 3571 612 3648 παρουσίαν
665 3575 768 3626 τοῦ
817 3570 946 3624 Υἱοῦ
997 3571 1095 3623 τοῦ
1151 3569 1307 3637 Θεοῦ,
1351 3567 1414 3622 τὸ
1453 3563 1555 3620 ξδιὰ
1603 3567 1837 3636 σταυροῦ
1867 3563 1970 3618 πά-

317 3674 430 3730 Θος,
485 3662 573 3717 καὶ
634 3663 736 3730 τήν
793 3658 1103 3714 ἀνάστασιν.
1162 3657 1302 3730 Περὶ
1355 3661 1455 3725 τῆς
1516 3652 1848 3727 συλλήψεως
1877 3652 1969 3707 καὶ

317 3759 426 3810 τῶν
489 3752 585 3808 δύο
642 3751 851 3831 φύσεων
905 3751 1003 3804 τοῦ
1061 3749 1319 3821 Χριστοῦ.
1354 3744 1484 3819 Περὶ
1537 3743 1967 3813 Ἐνυποστάτων,

315 3842 442 3918 περὶ
498 3841 874 3915 Ὁμοουσίων,
931 3837 1056 3914 περὶ
1113 3833 1601 3909 Ὁμοϋποστάτων,
1649 3832 1775 3908 περὶ
1836 3832 1972 3887 ὑπο-

320 3938 578 4000 στατικῆς
643 3931 888 3992 ἑνώσεως
951 3928 1042 3983 καὶ
1102 3924 1386 4001 διαφορᾶς.
1441 3923 1567 3999 Περὶ
1635 3922 1968 3997 προσώπων.

324 4021 456 4097 Περὶ
524 4021 755 4097 φύσεως.
827 4018 956 4092 Περὶ
1060 4019 1286 4093 φθορᾶςο
1387 4012 1509 4088 περί
1577 4016 1816 4092 φθαρτοῦ
1880 4011 1971 4066 καὶ

1978 2739 2039 2818 ’Β

2653 1395 2843 1451 Τοηιω
2869 1397 3107 1468 primus.

2130 1509 2193 1563 In
2226 1509 2415 1579 primo
2446 1507 2596 1565 libro
2653 1511 3023 1581 prooemium.
3080 1511 3299 1569 Deinde
3356 1515 3424 1571 de
3462 1515 3713 1585 Adamo,

2058 1603 2116 1655 et
2145 1600 2216 1662 de
2245 1601 2607 1672 quibusdam
2641 1603 2897 1675 antiquis
2928 1605 3067 1661 viris
3118 1605 3216 1678 qui
3262 1607 3712 1665 simulacrorum

2059 1689 2351 1745 ﬁctionem
2389 1691 2830 1748 adinvenerunt.
2880 1693 2961 1749 De
3010 1695 3304 1767 mysteriis
3355 1696 3710 1768 Graecorum,

2058 1777 2138 1832 De
2171 1777 2501 1849 Pythagora
2531 1787 2583 1834 et
2625 1779 2878 1850 Platone,
2923 1783 3109 1854 deque
3138 1783 3268 1840 aliis
3321 1785 3712 1858 philosophis,

2061 1882 2126 1922 ac
2157 1867 2228 1923 de
2257 1885 2456 1923 eorum
2516 1869 2911 1941 Opinionibus.
2971 1872 3052 1929 De
3110 1879 3360 1945 quatuor
3389 1875 3710 1946 elementis.

2060 1956 2140 2011 Do
2175 1957 2316 2012 caelo
2348 1960 2404 2012 et
2434 1961 2606 2014 terra.
2660 1965 2742 2016 De
2809 1961 3023 2018 circulo
3084 1962 3334 2021 Zodiaci.
3399 1964 3479 2020 De
3525 1965 3715 2022 stellis

2063 2044 2190 2100 ﬁxis
2221 2049 2280 2100 et
2311 2045 2380 2100 de
2439 2047 2791 2103 errantibus.
2843 2049 2931 2105 ‘De
2988 2051 3249 2106 cometis.
3309 2052 3388 2108 De
3435 2053 3599 2124 iride,
3644 2055 3715 2109 de

2061 2134 2290 2204 pruina,
2325 2134 2396 2188 de
2425 2134 2684 2201 'Pareliis,
2717 2138 2788 2192 de
2842 2141 3012 2194 terrae
3063 2140 3342 2208 motibus,
3376 2142 3446 2196 de
3507 2143 3712 2205 ventis,

2062 2223 2132 2278 de
2163 2223 2549 2280 Presteribus.
2612 2224 2831 2281 Deinde
2886 2235 3073 2282 autem
3133 2229 3204 2284 de
3253 2229 3578 2287 Judaismo.
3633 2235 3712 2287 De

2063 2313 2300 2369 Essenis
2329 2318 2385 2369 et
2416 2314 2548 2370 aliis
2578 2317 2930 2387 quibusdam
2969 2318 3393 2376 haeresiarcbis.
3435 2327 3522 2377 De
3566 2322 3712 2377 Sad-

2061 2404 2296 2473 ducaeis,
2357 2403 2428 2459 de
2481 2403 2716 2474 Scribis,
2777 2406 3108 2480 Pharisaais,
3163 2408 3707 2483 Hemerobaptistis,

2063 2490 2427 2549 Herodianis.

2620 2798 2812 2856 Tomu:
2831 2798 3128 2856 iucundus.

2141 2932 2205 2986 In
2237 2931 2493 2989 secundo
2524 2936 2704 3005 tomo,
2735 2934 2807 2990 de
2839 2939 3042 2991 sancta
3076 2935 3378 2993 'Trinita‘te
3422 2937 3714 2994 variorum

2070 3017 2222 3075 loca.
2259 3021 2471 3092 Deinde
2511 3021 2582 3076 de
2629 3022 2874 3094 angelis.
2921 3024 3001 3080 De
3056 3023 3418 3082 hominibus.
3467 3028 3716 3084 Diversae

2071 3109 2373 3165 sententiae
2405 3109 2475 3165 de
2504 3109 2800 3168 intellectu
2829 3117 2886 3169 et
2917 3111 3132 3176 anima.
3177 3117 3383 3172 Postea
3432 3116 3502 3172 de
3529 3116 3718 3173 virtu-

2072 3196 2251 3254 tibus.

2679 3342 2866 3401 Tomus
2895 3345 3110 3407 tertius.

2143 3479 2225 3531 De
2254 3475 2496 3533 vocibus
2529 3477 2964 3550 prophetarum,
2995 3480 3124 3536 Filii
3154 3481 3259 3538 Dei
3305 3481 3368 3538 in
3418 3496 3591 3540 carne
3619 3483 3724 3539 ad-

2073 3567 2308 3620 ventum
2352 3565 2812 3637 declarantibus,
2868 3585 3092 3626 necnon
3151 3571 3344 3626 crucis
3383 3572 3728 3642 passionem

2074 3656 2131 3709 et
2150 3655 2658 3712 resurrectionem.
2694 3657 2769 3714 De
2789 3659 3164 3730 conceptione
3183 3667 3236 3715 et
3253 3660 3482 3716 duabus
3501 3661 3730 3718 naturis

2073 3741 2308 3799 Christi.
2351 3742 2430 3798 De
2474 3744 2914 3818 Enhypostatis,
2965 3748 3036 3803 de
3084 3748 3727 3822 Consubstantialibus,

2076 3831 2146 3885 de
2179 3832 2717 3906 Homobypostatis,
2755 3840 2857 3891 aut
2886 3837 3064 3892 simul
3104 3837 3458 3909 hypostatis,
3508 3840 3579 3894 de
3625 3840 3728 3912 by-

2078 3922 2364 3992 postatica
2397 3924 2609 3980 unione
2666 3931 2724 3981 et
2779 3926 3126 3982 differentia.
3187 3931 3265 3984 De
3320 3927 3606 3984 Personis.
3651 3933 3729 3986 De

2077 4015 2305 4067 natura.
2339 4017 2420 4068 De
2449 4014 2858 4084 corruptione:
2909 4015 2978 4070 de
3021 4016 3389 4088 corruptibili
3437 4021 3494 4073 et
3539 4017 3731 4073 incor-

325 4111 623 4188 ἀφθάρτου.
682 4111 930 4173 "Emere,
1014 4108 1243 4180 χρήσεις
1309 4108 1416 4159 τῶν
1474 4102 1643 4179 ἁγίων
1697 4100 1822 4177 περὶ
1873 4107 1966 4170 τῆς

2090 4099 2370 4170 ruptibili.
2407 4104 2617 4157 Postea
2647 4101 2772 4158 loca
2811 4107 3152 4160 Sanctorum
3202 4107 3273 4162 de
3317 4107 3642 4163 oeconomia
3671 4105 3732 4162 in

328 4199 590 4272 ἒνσάρκου
647 4197 982 4269 οἰκονομίας.
1043 4196 1171 4266 Περὶ
1227 4199 1323 4249 τοῦ
1370 4194 1579 4268 τρόπου
1626 4199 1728 4262 τῆς
1760 4189 1974 4247 ἀντιδό-

330 4307 487 4348 σεως.
539 4287 670 4358 Περὶ
718 4289 815 4338 τοῦ
865 4283 948 4339 ὅτι
989 4288 1135 4337 πᾶσα
1179 4285 1214 4351 ἡ
1265 4280 1384 4346 θεία
1436 4283 1594 4356 φύσις
1637 4278 1698 4336 ’ὲν
1748 4285 1847 4355 μιᾷ
1872 4285 1978 4336 τῶν

330 4377 525 4445 ἑαυτῆς
591 4374 937 4429 ὑποστάσεων
991 4371 1186 4441 εήνώθη
1269 4373 1340 4443 τῇ
1413 4368 1730 4444 ἀνθρωπίνῃ
1799 4370 1976 4446 φύσει,

329 4464 420 4520 καὶ
487 4464 548 4518 οὐ
615 4461 777 4537 μέρος
844 4459 1012 4535 μέρει·
1078 4459 1168 4513 καὶ
1229 4455 1386 4533 ἕτερα
1443 4456 1685 4535 ’διάφορα
1750 4457 1978 4528 καθεξῆς

327 4553 451 4629 περὶ
483 4561 581 4624 τῆς
614 4551 1072 4628 ἐνανθρωπήσεως
1095 4552 1193 4605 τοῦ
1225 4548 1352 4602 Υἱοῦ
1378 4551 1475 4602 τοῦ
1505 4551 1660 4603 Θεοῦ.

899 4685 1078 4758 Τόμος
1127 4683 1406 4758 τέταρτος.

398 4826 486 4882 Ἐν
519 4823 698 4894 τούτῳ
761 4824 965 4876 κεῖνται
1026 4821 1191 4874 πᾶσαι
1249 4816 1304 4870 αἱ
1362 4811 1595 4870 παλαιαὶ
1646 4810 1878 4890 αἱρέσεις
1926 4816 1980 4870 αἱ

328 4914 674 4987 ἀναφανεῖσαι
737 4911 903 4987 μέχρι
964 4914 1064 4977 τῆς
1125 4905 1336 4980 Ἀρείου
1405 4902 1685 4979 αἱρέσεως.
1735 4905 1975 4982 Ἐγράιρη

330 5002 421 5057 καὶ
479 4999 670 5075 πρώτη
702 5001 737 5068 ἡ
767 5001 864 5052 τοῦ
923 4998 1175 5071 Σίμωνος
1238 4993 1439 5069 αἳρεσιν
1472 4993 1561 5047 καὶ
1609 4995 1645 5063 ἡ
1697 4992 1780 5048 ἐπ’
1811 4993 1978 5064 αὐτὴν

332 5088 667 5166 ἀντίρρησις.
732 5087 960 5161 Δευτὲρα
1016 5089 1051 5154 ἡ
1111 5089 1218 5139 τῶν
1283 5081 1654 5140 Νικολαϊτῶν.
1713 5083 1882 5158 Τρίτη
1943 5085 1978 5153 ἡ

331 5184 439 5236 τῶν
507 5179 1027 5247 Καρποκρατιανῶν.
1097 5171 1340 5247 Τετάρτη
1401 5173 1435 5241 ἡ
1492 5175 1589 5226 τοῦ
1629 5169 1978 5230 Βαλεντίνου.

333 5273 564 5341 Πὲμπτη
634 5267 668 5334 ἠ
744 5267 846 5318 τοῦ
912 5259 1284 5335 Πτολεμαίου,
1347 5255 1472 5330 ἕκτη
1516 5261 1552 5330 ἡ
1591 5257 1688 5314 τοῦ
1729 5261 1976 5333 Μάρκου.

331 5351 578 5430 Ἑϐδόμη
638 5354 674 5421 ἡ
733 5355 842 5407 τῶν
900 5346 1338 5422 Ἀσκοδρούγων.
1395 5344 1598 5423 Ὁγδύη
1660 5348 1696 5418 ἡ
1744 5350 1842 5402 τοῦ
1874 5350 1981 5404 Κο-

328 5441 625 5520 λορϐάσου.
685 5439 912 5510 Ἐννοὶτη
969 5442 1005 5510 ἡ
1066 5443 1172 5494 τῶν
1229 5439 1468 5516 Οφιτῶν,
1529 5437 1741 5508 Λεκάτη
1793 5439 1836 5506 ’ἡ
1881 5441 1980 5493 τοῦ

330 5531 620 5601 Προδίκου.
677 5527 963 5600 Ἐνδεκάτη
1021 5530 1058 5598 ἡ
1119 5531 1227 5582 τῶν
1293 5530 1531 5583 Καῖνῶν.
1592 5523 1881 5597 Δωδεκάτη
1940 5527 1977 5596 ἡ

328 5624 437 5675 τῶν
469 5623 774 5692 Σηθιανῶν.
834 5613 1268 5693 Τρισκαιδεκᾶτη
1328 5616 1363 5684 ἡ
1421 5617 1530 5670 τῶν
1575 5615 1976 5690 ’Λρχοντικῶν.

404 5775 481 5849 (1)
509 5777 572 5833 Id
605 5779 715 5842 est,
747 5775 814 5833 de
843 5775 1064 5830 ratione
1093 5771 1611 5832 communicationis
1640 5769 1994 5830 z‘diomatum.

2085 4205 2278 4258 carne,
2309 4190 2433 4245 sive
2462 4190 2532 4246 de
2560 4190 2978 4249 incarnatione.
3027 4199 3104 4249 De
3152 4195 3227 4266 (l)
3277 4196 3449 4252 modo
3481 4196 3734 4251 retribu-

2084 4277 2278 4334 tionis.
2313 4279 2476 4344 Quod
2507 4284 2628 4336 tota
2658 4285 2867 4337 natura
2887 4282 3096 4338 .divina
3124 4283 3181 4338 in
3211 4301 3328 4339 una
3357 4301 3424 4340 ex
3474 4285 3599 4341 suis
3626 4286 3733 4357 hy-

2085 4369 2419 4439 postasibus
2453 4369 2617 4424 unita
2642 4370 2718 4425 sit
2748 4370 3017 4427 humanae
3075 4377 3316 4444 naturis,
3368 4390 3480 4428 non
3533 4380 3728 4429 autem

2083 4475 2217 4530 pars
2249 4460 2400 4530 parti
2436 4476 2449 4514 :
2482 4464 2538 4516 et
2566 4459 2680 4515 alia
2705 4460 2863 4516 varia
2892 4465 3024 4531 post
3053 4461 3174 4517 haec
3217 4462 3286 4517 de
3333 4461 3734 4518 incarnatione

2088 4548 2212 4604 Filii
2243 4549 2366 4607 Dei.

2653 4687 2848 4743 Tomus
2883 4695 3142 4758 quartus.

2158 4821 2220 4876 In
2251 4821 2360 4878 hoc
2419 4821 2711 4878 habentur
2769 4839 2973 4878 omnes
3031 4825 3252 4879 veteres
3310 4823 3562 4880 hereses
3606 4841 3739 4897 quae

2086 4927 2269 4981 usque
2299 4912 2369 4966 ad
2425 4912 2548 4967 Arii
2602 4911 2871 4967 haeresim
2919 4917 3306 4968 emerserunt.
3366 4913 3559 4970 Prima
3606 4931 3740 4970 vero

2087 4998 2345 5055 Simonis
2377 4999 2611 5056 haeresis
2635 5001 3007 5070 describitur,
3039 5017 3170 5057 eum
3206 5002 3332 5073 ejus
3364 5003 3730 5058 refutatione.

2084 5088 2368 5152 Secunda,
2399 5089 2836 5159 Nicolailarum,
2867 5090 3085 5156 Tertia,
3123 5092 3743 5164 Carpocratianorum,

2087 5178 2319 5244 Quarta,
2356 5177 2662 5246 Valentini,
2696 5177 2932 5246 Quinta,
2966 5179 3279 5235 Ptolemaei.
3314 5181 3503 5250 Sexta,
3535 5181 3740 5248 Marci,

2088 5266 2374 5337 Septima,
2411 5267 2909 5340 Ascodrugorum,
2942 5267 3172 5335 Octava,
3208 5268 3526 5336 Colorbasi,
3560 5269 3744 5328 Nona-

2086 5354 2456 5426 Opbitarum,
2515 5355 2771 5426 Decima,
2824 5357 3071 5416 Prodici.
3125 5357 3468 5428 Undecima,
3509 5358 3748 5430 Cajano-

2089 5460 2242 5501 rum.
2277 5444 2650 5515 Duodecima,
2680 5445 3113 5504 Sethianorum.
3143 5447 3380 5504 Decima
3409 5448 3597 5515 tertia,
3631 5452 3742 5503 Ar-

2090 5533 2514 5591 chonticorum.
2546 5536 2769 5591 Decima
2799 5544 3025 5608 quarta,
3073 5537 3348 5594 Cerdonis
3395 5541 3452 5592 et
3494 5535 3744 5592 Marcio-

2089 5622 2203 5679 nis.
2236 5622 2472 5680 Dccima
2502 5625 2709 5697 quinta
2732 5625 2998 5683 Luciani.
3028 5625 3262 5683 Decima
3292 5623 3741 5696 sexta,'Apellis.
