4090 6298
449 408 605 469 {095

1769 396 2080 458 NICETIE
2120 395 2542 460 CHONIATJE

3705 401 3878 464 1096

448 543 684 600 Decima
707 539 978 614 septima,
1009 537 1472 594 Severianorum.
1501 533 1737 590 Decima
1765 531 2089 600 octava,Tan

2215 533 2780 608 Τεσσαρεσκαιδεκάτη
2829 537 2865 605 ἡ
2921 539 3019 590 106
3067 533 3352 610 Κέρδωνος
3391 537 3481 590 καὶ
3513 537 3876 610 Μαρκίωνος.

450 633 618 690 tiani.
651 631 886 688 Decima
915 647 1093 694 nona,
1125 626 1573 682 Encratitarum.
1611 621 2110 695 Vigesima,Mon-

455 723 822 780 tanistarum.
877 717 1167 790 Vigesiina
1217 717 1426 787 prima,
1489 712 2105 780 Quintillianistarum,

455 809 1056 878 Priscillianistarum,
1085 804 1492 877 Pepuzilarum
1526 807 1582 858 et
1625 800 2100 872 Artotyritarum.

453 901 748 974 Vigesima
806 899 1083 966 secunda,
1153 893 1923 958 Tessaresczedecaticarum,
1984 889 2104 944 sive

451 989 1130 1054 Quartodecimanorum.
1211 983 1506 1056 Vigesima
1557 983 1728 1036 tertia
1783 978 2098 1050 Alogorum

451 1084 515 1136 ut
545 1087 768 1136 vocant.
802 1077 1094 1148 Vigesima
1127 1079 1335 1146 quarta
1367 1073 1846 1126 Adamianorum.
1880 1069 2100 1138 Vigesi-

451 1185 549 1225 ma
578 1169 808 1240 quinta,
840 1167 1274 1236 Sampsaaorum
1305 1167 1361 1218 et
1409 1163 1820 1216 Elcesaaorum.
1879 1157 2096 1226 Vigesi-

453 1275 552 1314 ma
609 1261 790 1324 sexta,
841 1254 1398 1310 Theodotianorum.
1457 1249 1754 1321 Vigesiuia
1821 1249 2094 1318 septima,

451 1347 614 1404 Noeti
643 1351 700 1402 et
729 1345 952 1403 Novati.
989 1342 1280 1414 Vigesima
1310 1347 1530 1408 octava,
1579 1337 1832 1393 Sabellii.
1873 1335 2094 1404 Vigesi-

451 1453 546 1491 ma
575 1451 752 1503 nona,
783 1430 1061 1488 Marcelli.
1089 1430 1430 1501 Trigesima,
1475 1425 1940 1488 Valesianorum,
1975 1423 2094 1478 sive

447 1523 950 1581 Valentianorum.
989 1519 1311 1590 Trigesima
1369 1517 1582 1588 prima,
1644 1513 1934 1586 Origenis,
1993 1511 2091 1566 ubi

447 1613 714 1684 quaedam
739 1612 810 1667 de
840 1611 1056 1676 anima,
1090 1613 1144 1663 et
1175 1606 1463 1662 enarratio
1513 1603 1653 1660 dicti
1701 1600 2038 1672 hujusmodi
2075 1616 2089 1656 :

447 1701 718 1772 Gaiusque
747 1715 878 1770 Opus
907 1697 1072 1769 quale
1097 1703 1190 1761 sit,
1222 1696 1363 1766 ignis
1397 1693 1652 1764 probabit
1681 1693 1721 1742 ¹.
1770 1689 2094 1758 Trigesima

445 1790 723 1858 secunda,
758 1787 915 1844 Pauli
949 1784 1331 1843 Samosaleni.
1364 1783 1690 1854 Trigesima
1729 1780 1920 1844 tertia,
1965 1779 2090 1832 Ma-

445 1879 800 1934 nichmorum
832 1883 888 1931 et
918 1875 1320 1931 Cubricorum.
1352 1871 1674 1944 Trigesima
1704 1873 1932 1940 quarta,
1955 1866 2090 1922 Hie-
2122 1905 2168 1969 Β

443 1967 784 2022 racitarum.
843 1963 1170 2036 Trigesima
1245 1960 1468 2032 quinta,
1543 1957 2090 2028 Collyridianorum.

443 2057 766 2128 Trigesima
797 2061 978 2121 sexta,
1012 2052 1521 2115 Massalianorum,
1539 2047 1658 2104 sive
1681 2047 2088 2102 Encbitarum:

445 2145 544 2202 ubi
576 2144 938 2201 enumeratio
969 2142 1284 2211 impiorum
1311 2141 1650 2208 dogmatum
1691 2135 1952 2206 ejusdem
1987 2134 2095 2188 hae-

441 2237 608 2290 resis.
645 2234 972 2302 Trigesima
995 2231 1264 2299 septima,
1313 2227 1848 2282 Corinthianorum.
1907 2225 2095 2294 Trige-

441 2324 594 2380 sima
624 2330 844 2388 octava,
879 2321 1244 2374 lceticorum.
1299 2316 1623 2386 Trigesima
1667 2329 1840 2380 nona,
1891 2314 2093 2368 Gnosi-

445 2410 808 2467 machorum.
885 2406 1358 2478 Quadragesiina,
1442 2402 2089 2473 TbnetOpsycbitarum.

444 2500 904 2569 Quadragesima
935 2497 1142 2568 prima,
1190 2491 1712 2564 Chrystolytorum.
1763 2491 2090 2559 Quadrage-

443 2589 586 2644 sima
613 2588 887 2656 secunda,
948 2583 1522 2655 Ethnophronorum,
1581 2580 1702 2635 sive
1755 2594 1952 2634 eorum
1997 2577 2090 2648 qui

443 2691 578 2731 cum
613 2675 870 2729 Ethnicis
903 2667 1645 2739 sentiunt.Quadragesima
1668 2667 1856 2735 tertia,
1891 2665 2089 2720 Parer-

445 2771 878 2828 meneularum,
911 2763 1028 2816 sive
1058 2775 1256 2814 eorum
1291 2757 1391 2830 qui
1422 2773 1596 2828 prave
1641 2755 1971 2827 Scripturas
2003 2755 2090 2811 in-

439 2858 858 2924 terpretantur.
893 2848 1352 2920 Quadragesima
1384 2843 2089 2917 quarta,Meletianorum.

2221 620 2678 692 Πεντεκαιδεκάτη
2712 625 2746 692 ἡ
2775 628 2872 678 τοῦ
2923 628 3248 682 Λουκιανοῦ.
3280 621 3668 695 Ἐξκαιδεκὰτη
3702 627 3739 693 ἡ
3775 631 3876 680 106

2215 709 2482 780 Ἀπελλῇ.
2515 709 2982 784 Ἐπτακαιδεκάτη
3028 715 3062 780 ἡ
3111 717 3220 768 τῶν
3267 707 3630 787 Σεϐεριανῶν.
3663 714 3879 768 Ὀκτω-

2212 796 2502 870 καιδεκάτη
2563 802 2598 870 ἡ
2657 805 2752 856 106
2791 803 3078 859 Τατιανοῦ.
3140 800 3614 872 Ἐννεακαιδεκάτη
3667 805 3704 871 ἡ
3755 807 3867 858 τῶν

2212 889 2598 964 Ἐγκρατιτῶν.
2631 890 2866 961 Εἰκοστή
2923 894 2958 960 ἡ
3010 895 3116 946 τῶν
3171 893 3579 950 Μοντανιστῶν.
3621 891 3864 962 Εἰκοστή

2209 978 2399 1051 πρώτη
2433 981 2469 1048 ἡ
2501 983 2605 1033 τῶν
2637 978 3007 1037 Κυντιλιανῶν
3039 981 3129 1034 καὶ
3173 979 3601 1055 Πρισκιλιανῶν,
3633 981 3730 1036 καὶ
3763 987 3868 1036 Πε-

2208 1073 2504 1138 πουζιτῶν,
2555 1069 2644 1124 καὶ
2693 1072 3106 1146 Ἀρτοτυριτῶν.
3162 1070 3396 1139 Εἰκοστή
3442 1069 3663 1146 δευτέρα
3702 1074 3730 1140 ἡ
3763 1076 3868 1126 τῶν

2207 1159 2882 1231 Τεσσαρεσκαιδεκατιτῶν.
2943 1159 3176 1229 Εἰκοστή
3231 1161 3391 1234 τρίτη
3451 1161 3486 1228 ἡ
3543 1165 3653 1215 τῶν
3701 1158 3866 1234 λεγο-

2209 1245 2384 1315 μένων
2415 1244 2691 1322 ’Λλόγων.
2721 1247 2957 1316 Είκοστή
2988 1249 3216 1322 τετάρτη
3268 1251 3303 1318 ἡ
3347 1253 3456 1303 τῶν
3491 1246 3858 1320 Ἀδαμιανῶν.

2205 1333 2438 1403 Εἴκοστή
2493 1337 2718 1408 πέμπτη
2778 1337 2812 1404 ἡ
2867 1340 2976 1390 τῶν
3035 1339 3335 1410 Σαμψαίων
3376 1337 3467 1392 καὶ
3508 1336 3857 1396 Ἐλκεσαίων.

2205 1422 2438 1494 Εἷκοστή
2495 1421 2624 1494 ἕκτη
2683 1427 2718 1494 ἡ
2771 1429 2880 1480 τῶν
2939 1423 3330 1482 Θεοδοτιανῶν.
3373 1427 3608 1496 Εἰκοστή
3645 1423 3854 1499 ἑϐδόμη

2201 1513 2236 1582 ἡ
2294 1517 2390 1566 τοῦ
2449 1514 2668 1584 Νοήτου
2723 1513 2814 1568 καὶ
2866 1519 2964 1568 τοῦ
3023 1516 3298 1574 Ναυάτου.
3345 1515 3582 1585 Εἴκοσιτή
3617 1513 3850 1590 ὀγδόη-1)

2201 1605 2299 1658 τοῦ
2331 1595 2660 1660 Σαϐελλίου.
2711 1603 2948 1672 Εἰκοστή
3003 1603 3192 1674 ὲννάτη
3249 1607 3283 1674 ἠ
3341 1609 3439 1658 106
3499 1604 3848 1678 Μαρκέλλου.

2200 1691 2509 1764 Τριακοστή
2578 1693 2614 1760 ἡ
2681 1695 2787 1746 τῶν
2857 1689 3208 1762 Ούαλησίων.
3283 1694 3592 1767 Τριακοστή
3663 1695 3850 1767 πρώτη

2199 1780 2234 1848 ἡ
2281 1783 2377 1833 106
2433 1778 2764 1856 Ὠριγένους,
2831 1779 2883 1834 ἐν
3033 1781 3118 1835 καὶ
3181 1781 3304 1856 περὶ
3361 1783 3546 1856 ψυχῆς
3593 1801 3734 1852 τινα,
3767 1781 3850 1835 καὶ

2199 1866 2458 1942 ἐξήγησις
2525 1873 2623 1924 106
2707 1868 3025 1946 ἀπορρήτου
3096 1869 3126 1924 δ
3191 1891 3374 1947 φησιν,
3464 1871 3725 1925 Ἐκάστου
3787 1871 3844 1924 τὸ

2199 1949 2350 2029 ἔργον
2418 1955 2608 2009 όποῖὀν
2681 1954 2816 2026 ἐστι,
2857 1956 2922 2012 τὸ
2987 1960 3094 2032 πῦρ
3178 1954 3486 2030 δοκιμάσει.
3545 1957 3838 2032 Τριακοστή

2199 2043 2421 2122 δευτέρα
2452 2050 2486 2116 ἡ
2521 2048 2742 2103 Παύλου
2791 2053 2889 2104 106
2941 2047 3322 2120 Σαμοσατέως.
3353 2051 3664 2123 Τριακοστή
3693 2049 3836 2124 τρίτη

2200 2135 2234 2204 ἠ
2285 2140 2393 2191 τῶν
2467 2138 2786 2211 Μανιχαίων
2845 2139 2936 2192 καί
2995 2133 3338 2211 Κουὸρίκων.
3397 2141 3708 2212 Τριακοστή
3761 2159 3835 2192 τε·

2197 2223 2368 2298 τάρτη
2428 2227 2462 2293 ἡ
2513 2229 2621 2279 τῶν
2664 2229 2991 2300 Ἱερακιτῶν.
3053 2227 3364 2300 Τριακοστή
3420 2225 3644 2298 πέμπτη
3675 2229 3708 2296 ἡ
3737 2229 3836 2280 τῶν

2203 2309 2674 2384 Κολλυριδιανῶν.
2717 2315 3028 2389 Τριακοστή
3081 2310 3210 2383 ἕκτη
3244 2317 3278 2384 ἡ
3311 2319 3420 2370 τῶν
3453 2315 3826 2372 Μασσαλιανῶν

2197 2401 2320 2469 ἢτοι
2380 2401 2653 2476 Εὐχιτῶν,
2713 2402 2764 2458 ἐν
2825 2401 2861 2477 ᾗ
2919 2403 3008 2458 καὶ
3068 2403 3438 2477 ἀπαρίθμησις
3485 2409 3592 2458 τῶν
3641 2399 3827 2458 ἂσεϐὦν

2199 2485 2496 2565 δογμάτων
2544 2497 2650 2560 τῆς
2701 2491 2868 2560 αὐτῆς
2929 2492 3206 2562 αἱρέσεως.
3265 2494 3576 2566 Τριακοστή
3635 2489 3820 2564 ἑϐδόμη

2197 2579 2233 2648 ἡ
2293 2583 2402 2632 τῶν
2463 2581 2856 2654 Κηρινθιανῶν.
2915 2582 3218 2655 Τριακοστή
3275 2579 3448 2656 ὀγδόη
3507 2584 3542 2651 ἡ
3581 2583 3822 2638 τῶνἹκε-

2197 2672 2302 2722 τῶν
2354 2669 2432 2738 (2)
2491 2671 2820 2740 (Ἱκετικῶν).
2879 2671 3186 2742 Τριακοστή
3247 2669 3432 2742 ἐινάτη
3467 2673 3500 2740 ἡ
3541 2675 3644 2726 τῶν
3687 2676 3820 2726 Γνω-

2199 2757 2477 2831 σιμάχων.
2538 2759 2954 2831 Τεσσαρακοστή
2987 2760 3022 2826 ἡ
3053 2763 3158 2812 τῶν
3221 2763 3660 2835 Θνητοψυχιτῶν.
3699 2761 3815 2815 Τεσ-

2199 2848 2505 2919 σαρακοστή
2535 2847 2727 2920 πρώτη
2783 2848 2818 2916 ἡ
2867 2850 2976 2901 τῶν
3009 2848 3394 2923 Χρυσολυτῶν.
3427 2847 3806 2924 Τεσσαρακοστὴ

441 2939 664 3016 δευτέρα
689 2941 726 3009 ἠ
757 2943 864 2994 τῶν
901 2936 1298 3012 Ἐθνοφρόνων.
1349 2931 1766 3007 Τεσσαρακοστή
1821 2930 1978 3006 τρίτη
2040 2933 2076 3001 ἡ
2135 2937 2245 2988 τῶν
2303 2936 2804 3008 ΙΙαραρμηνευτῶν.
2839 2936 2936 2992 Καὶ
2971 2938 3375 3012 τεσσαρακοστή
3405 2938 3624 3012 τετάρτη
3655 2938 3684 3005 ἡ
3712 2941 3802 2990 τῶν

445 3028 809 3086 Μελιτιανῶν.

1033 3163 1224 3218 Tomus
1261 3159 1500 3232 quintus.

515 3329 582 3386 In
611 3327 721 3382 hoc
751 3329 934 3392 tomo,
959 3323 1212 3395 primum
1245 3322 1314 3376 de
1332 3321 1486 3388 Ario,
1523 3320 1675 3375 unde
1695 3319 1988 3391 prodierit,
2022 3319 2095 3374 de

445 3421 672 3475 statura
703 3421 759 3470 et
809 3413 1074 3469 moribus
1121 3413 1268 3481 ejus,
1317 3411 1389 3466 de
1429 3409 1628 3481 impiis
1659 3409 1920 3480 ejusdem
1951 3410 2092 3480 dog-

445 3507 742 3564 matibus:
777 3506 846 3561 de
877 3503 1122 3576 synodo,
1156 3517 1282 3573 quae
1329 3500 1489 3556 illius
1531 3515 1704 3556 causa
1745 3499 1946 3554 Nicmai
1985 3497 2091 3554 ha-

439 3599 562 3654 bita
587 3601 723 3666 est;
779 3597 852 3651 de
909 3593 1292 3652 subversione
1347 3597 1402 3647 et
1461 3589 1838 3646 damnatione
1895 3589 2024 3659 eius
2073 3603 2087 3642 :

438 3693 612 3760 atque
641 3687 858 3744 ibidem
893 3683 1172 3742 memoria
1199 3682 1408 3754 synodi
1437 3681 1825 3736 Ariminensis
1861 3697 1876 3746 ;
1925 3678 2088 3734 simi-

434 3777 681 3849 literque
714 3777 784 3834 de
815 3775 1040 3848 synodo
1071 3771 1349 3829 Seleucia:
1389 3769 1705 3827 celebrata.
1757 3768 1971 3824 Deinde
1997 3783 2077 3824 re-

434 3869 639 3926 futatio
671 3868 800 3938 ejus
831 3882 864 3920 a
897 3862 1064 3920 nobis
1095 3863 1398 3917 adornata.
1431 3859 1639 3915 Postea
1694 3855 1986 3912 enarratio
2015 3855 2087 3912 de

438 3958 616 4014 rebus
648 3955 803 4012 Aetii
833 3959 891 4010 et
939 3949 1232 4008 Eunomii.
1283 3949 1566 4019 Deinceps
1613 3947 1820 4018 capita,
1871 3945 2086 4017 quibus

433 4045 806 4119 (Eunomius)
840 4043 1084 4113 probare
1117 4040 1349 4104 nititur,
1415 4037 1619 4092 Filium
1681 4045 1802 4106 post
1857 4039 2084 4090 Patrem

431 4139 624 4190 ortum
658 4137 714 4188 et
747 4135 1076 4185 creaturam
1119 4144 1268 4183 esse.
1319 4126 1440 4180 Sub
1500 4126 1618 4180 lucc
1663 4123 2083 4194 propositiones

433 4221 700 4292 quaedam
735 4217 1012 4274 hierelicae
1041 4217 1190 4272 Aetii
1225 4220 1281 4270 et
1311 4214 1597 4282 Eunomii,
1631 4229 1948 4283 carumque
1990 4229 2078 4268 re-

430 4309 746 4366 !utationes
777 4325 810 4362 a
843 4307 1010 4362 nobis
1037 4305 1384 4376 conscripta
1416 4319 1430 4360 :
1465 4308 1522 4359 et
1552 4307 1752 4374 postea
1789 4299 1916 4359 loca
1945 4317 2078 4358 san-

433 4403 658 4456 ctorum
693 4397 954 4452 Patrum.

1039 4595 1231 4650 Tomus
1259 4595 1465 4648 sextus.

501 4729 584 4780 De
643 4719 980 4778 Macedonio
1035 4713 1584 4783 Pneumatomacbo,
1643 4714 1760 4770 sive
1833 4713 2085 4786 Spiritus

432 4813 621 4869 sancti
681 4813 868 4866 hoste.
928 4811 991 4864 In
1053 4807 1160 4862 hoc
1217 4809 1374 4860 tomo
1433 4804 1644 4859 iterum
1727 4812 2086 4859 memoratur

431 4906 608 4957 Arius
637 4909 693 4957 et
723 4903 852 4969 ejus
883 4897 1117 4954 asseclaa
1153 4921 1167 4964 ;
1199 4903 1324 4951 turn
1355 4896 1472 4950 duo
1507 4893 1760 4960 Eusebii,
1813 4893 2082 4950 Nicome-

433 4991 657 5046 diensis
687 4989 952 5044 videlicet
980 4993 1036 5043 et
1085 4986 1152 5050 is,
1187 4985 1284 5058 qui
1315 4983 1373 5038 in
1405 4987 1659 5038 Caesarea
1709 4981 2022 5037 Palaestinae
2067 4999 2080 5038 :

435 5080 506 5134 de
539 5079 596 5132 S.
633 5076 953 5132 Athanasio
998 5093 1010 5130 :
1047 5077 1118 5131 de
1138 5075 1195 5131 S.
1246 5073 1418 5130 Paulo
1469 5072 1818 5128 confessore.
1873 5076 1948 5128 De
1989 5089 2080 5145 sy-

437 5166 592 5221 nodo
619 5165 964 5219 Sardicensi.
1017 5165 1103 5220 De
1178 5163 1544 5218 restitutione
1601 5159 1922 5218 Macedonii
2019 5161 2082 5216 in

435 5253 716 5308 thronum
747 5252 1480 5324 Constantinopolitanum,
1513 5255 1570 5306 et
1599 5251 1670 5305 de
1696 5250 1824 5322 ejus
1853 5248 1913 5304 in
1944 5265 2082 5305 san-

437 5345 590 5398 ctam
649 5339 997 5396 Trinitatem
1053 5339 1414 5411 blasphemis
1461 5339 1655 5406 dictis,
1715 5339 2082 5411 maximeque

436 5427 497 5484 in
521 5433 790 5486 sanctum
812 5427 1110 5499 Spiritum.
1141 5428 1360 5484 Deinde
1383 5435 1576 5484 autem
1601 5429 1911 5496 enarratio,
1937 5443 2080 5500 quo-

509 5611 529 5668 I
558 5615 690 5670 Cor.
725 5629 806 5670 ιιι.
841 5611 927 5666 l3.

2773 3157 2952 3232 Τόμος
3011 3159 3280 3234 πέμπτος.

2271 3321 2363 3377 Ἐν
2419 3324 2500 3392 τῷ
2554 3321 2790 3396 τοιούτῳ
2847 3327 3066 3398 πρῶτον
3117 3325 3244 3399 περὶ
3305 3329 3402 3382 τοῦ
3452 3321 3651 3400 Ἀρείου,
3679 3317 3786 3380 ’ὅθεν

2199 3407 2477 3486 ὥρμηται,
2511 3411 2598 3466 καὶ
2630 3413 2752 3486 περὶ
2811 3419 2912 3482 τῆς
2969 3411 3192 3483 ἡλικίας
3221 3416 3314 3470 καὶ
3343 3419 3440 3472 τοῦ
3467 3413 3611 3484 ἤθους
3637 3405 3801 3472 αὖτοῦι

2197 3501 2287 3554 καὶ
2337 3503 2444 3556 τῶν
2501 3495 2709 3556 ἀσεϐῶν
2769 3499 3080 3578 δογμάτων,
3139 3503 3231 3558 καὶ
3277 3511 3378 3574 τῆς
3437 3506 3486 3560 ἐν
3539 3499 3712 3569 Nimia
3747 3493 3807 3549 δι’

2197 3588 2363 3643 αὐτὸν
2455 3589 2724 3660 συστάσης
2791 3587 3044 3662 συνόδου,
3111 3593 3200 3648 καὶ
3283 3599 3384 3662 τῆς
3469 3591 3816 3664 καταστροφῆς

2197 3677 2382 3734 αὐτοῦ.
2431 3677 2522 3733 Ἐν
2588 3677 2768 3750 ταύτῷ
2828 3677 2885 3735 δέ
2939 3682 3030 3736 καὶ
3095 3681 3246 3754 μνεία
3297 3687 3398 3749 τῆς
3453 3681 3504 3735 ἐν
3554 3677 3817 3750 ’Δριμήνῳ

2194 3765 2496 3842 γενομένης
2527 3765 2784 3841 συνόδου,
2841 3769 3099 3834 ὡσαύτως
3153 3771 3240 3825 καὶ
3293 3775 3394 3839 τῆς
3444 3768 3494 3824 έν
3542 3765 3818 3836 Σιλευκείᾳ

2191 3861 2291 3925 τῆς
2349 3855 2638 3930 Ἰσαυρίας.
2695 3859 2922 3915 Ἐκτοτε
2973 3861 3112 3934 πρὸς
3161 3863 3323 3914 ταῦτα
3391 3857 3626 3932 ἡμετέρα
3681 3853 3816 3910 ἀντί-

2193 3955 2360 4010 θεσις.
2421 3946 2518 4002 Ἐκ
2569 3943 2626 4001 δὲ
2681 3948 2876 4002 τούτου
2935 3945 3194 4023 διήγησις
3252 3952 3358 4002 τῶν
3415 3947 3548 4003 κατὰ
3592 3945 3812 4010 Ἀέτιον,

2190 4033 2280 4088 καὶ
2321 4035 2412 4088 τὸν
2475 4033 2770 4108 Εὐνόμιον.
2823 4036 2918 4090 Καὶ
2979 4035 3168 4116 ἐφεξῆς
3219 4037 3486 4113 κεφάλαια
3513 4033 3578 4090 δι’
3609 4033 3678 4088 ὧν
3707 4053 3812 4088 πει⁴

2191 4125 2350 4196 ρᾶται
2411 4119 2578 4192 δεῖξαι
2628 4123 2718 4178 τὸν
2777 4124 2903 4178 Υἱὸν
2965 4124 3294 4202 ὑστερογενῆ
3349 4130 3444 4181 106
3500 4122 3696 4198 Ηστρὸς
3733 4121 3812 4174 καὶ

2187 4210 2408 4284 κτίσμα.
2467 4211 2569 4267 Καὶ
2649 4213 2786 4286 μετὰ
2844 4217 3013 4268 ταῦτα
3071 4213 3244 4278 θέσεις
3299 4213 3442 4278 τιδὲς
3499 4218 3589 4269 106
3622 4212 3811 4268 Ἀετίου

2189 4297 2280 4353 καὶ
2335 4302 2434 4353 106
2493 4298 2768 4373 Εὐνομίου
2823 4302 3112 4374 αἱρετικαὶ,
3167 4302 3256 4358 καὶ
3313 4303 3604 4378 ἀνατροπαὶ
3631 4299 3812 4356 τούτων

2188 4394 2582 4468 συγγραφεῖσαι
2641 4390 2788 4466 παρὰ
2870 4393 3055 4465 ἡμῶν.
3143 4392 3245 4450 Καὶ
3329 4395 3468 4467 μετᾶ
3547 4396 3704 4450 ταῦτα
3767 4388 3814 4442 αἱ

2189 4479 2421 4553 χρήσεις
2449 4482 2559 4534 τῶν
2588 4477 2780 4552 ἁγίων.

2814 4597 3003 4667 Τόμος
3043 4591 3218 4659 ἕκτος.

2265 4717 2396 4792 Περὶ
2455 4715 2800 4776 Μακεδονίου
2851 4725 2950 4776 τοῦ
3008 4725 3510 4799 πνευματομάχου.
3569 4725 3651 4780 Ἐν
3679 4717 3730 4775 δὲ
3751 4719 3812 4788 τῷ

2189 4807 2424 4878 τοιούτῳ
2489 4805 2646 4880 τόμῳ
2707 4808 2862 4880 μνεία
2917 4808 3086 4864 πάλιν
3143 4815 3240 4864 τοῦ
3307 4812 3528 4886 ’Δρείου
3585 4811 3672 4866 καὶ
3731 4810 3804 4861 τῶν

2193 4894 2514 4973 συμφρόνων
2565 4895 2731 4968 αὐτῷ,
2780 4896 2870 4950 καὶ
2919 4901 3027 4950 τῶν
3085 4894 3181 4952 δύο
3223 4893 3503 4956 Εὖσεϐίων
3534 4903 3629 4954 τοῦ
3657 4917 3710 4951 τε
3735 4899 3810 4960 τῆς

2192 4981 2561 5057 Νικομηδείας
2591 4984 2682 5038 καὶ
2727 4989 2823 5039 106
2869 4991 2969 5054 τῆς
3019 4983 3071 5040 έν
3123 4985 3465 5064 Παλαιστίνῃ
3497 4995 3596 5058 τῆς
3629 4993 3809 5042 Καισα-

2195 5071 2363 5147 ρείας,
2395 5073 2491 5126 τοῦ
2541 5071 2698 5148 ἁγίου
2747 5073 3086 5142 Ἀθανασίου,
3135 5075 3228 5130 καὶ
3269 5081 3370 5130 τοῦ
3425 5079 3580 5154 ἁγίου
3627 5071 3811 5132 Παύλου

2190 5163 2286 5215 τοῦ
2319 5159 2696 5233 ὁμολογητοῦ.
2731 5159 2861 5237 Περὶ
2900 5169 3000 5232 τῆς
3049 5161 3101 5218 ἐν
3153 5161 3396 5240 Σαρδικῆ
3433 5164 3676 5221 συνόδου.
3705 5155 3813 5230 Ηερῖ

2189 5251 2291 5312 τῆς
2319 5249 2396 5310 εἷς
2430 5250 2523 5303 τὸν
2581 5249 2771 5324 θρόνον
2815 5257 2916 5320 τῆς
2965 5253 3600 5318 Κωνσταντινουπόλεως
3635 5254 3810 5308 ἀποκα-

2191 5337 2497 5400 ταστάσεως
2551 5342 2649 5392 106
2707 5338 3073 5412 Μακεδονίου,
3131 5344 3222 5397 καὶ
3278 5347 3388 5399 τῶν
3443 5346 3519 5407 εἰς
3558 5347 3654 5414 τήν
3683 5338 3817 5414 ἁγίαν

2191 5423 2398 5502 Τριάδα
2457 5425 2823 5502 βλασφημιῶν
2892 5427 3081 5501 αὐτοῦ,
3151 5429 3440 5506 ἐξαιρέτως
3515 5430 3571 5487 δὲ
3641 5429 3710 5488 είς
3767 5420 3818 5476 τὸ

504 5767 584 5842 (2)
617 5765 843 5823 Confer.
879 5767 1222 5818 Damascen.
1255 5777 1312 5820 c.
1350 5759 1442 5830 87,
1473 5760 1545 5817 de
1573 5759 1780 5822 haeres.
1812 5777 1844 5818 e
1875 5761 2116 5819 Philone
2145 5761 2227 5819 Do
2257 5761 2661 5836 Therapontis.
