4090 6298
280 398 438 465 1097

1744 402 2240 468 THESAURUS.

3533 425 3688 488 1098

278 537 496 606 Πνεῦμα
521 531 583 588 τὸ
617 532 792 610 ἅγιον.
826 534 932 589 Καὶ
983 533 1210 604 καθεξῆς
1263 531 1546 611 διήγησις,
1597 533 1746 597 ὅπως
1805 555 1912 589 συνι

2045 541 2214 597 modo
2246 547 2505 603 secunda
2561 552 2820 620 synodus
2876 558 3222 626 congregata
3283 556 3476 622 fuerit,
3537 563 3592 614 et
3621 561 3692 617 de

283 626 407 695 έστη
441 626 476 692 ἡ
509 621 729 697 δευτέρα
787 620 1027 692 σύνοδος,
1086 623 1174 676 καὶ
1227 623 1349 698 περὶ
1406 628 1514 678 τῶν
1574 625 1929 700 κυρωθέντων

286 714 431 790 παρὰ
463 714 653 782 αὐτῆς*
705 713 793 766 καὶ
847 719 947 782 τῆς
1005 714 1384 787 παραιτήσεως
1430 718 1526 768 τοῦ
1580 714 1738 789 ἁγίου
1786 719 1932 788 Γρη-

283 804 474 878 γορίου
503 807 600 856 τοῦ
632 800 907 876 Θεολόγου
960 808 1061 870 τῆς
1110 801 1193 857 ἐπὶ
1249 806 1328 874 τῷ
1375 801 1549 877 θρόνῳ
1599 806 1930 859 Κωνσταντι-

285 891 621 952 νουπόλεως.
667 890 766 946 Καὶ
805 891 940 962 μετὰ
980 895 1149 946 ταῦτα
1208 892 1262 946 αἱ
1315 893 1546 967 χρήσεις
1601 897 1707 946 τῶν
1757 891 1926 968 ἁγίων

287 982 340 1036 αἱ
367 980 490 1054 περὶ
519 985 616 1034 τοῦ
648 975 917 1052 ὁμότιμον
963 982 1099 1036 εἶναι
1148 980 1211 1036 τὸ
1244 985 1464 1056 Πνεῦμα
1503 985 1582 1055 τῷ
1614 980 1786 1056 [ἰατρὶ
1836 978 1926 1035 καὶ

281 1073 360 1142 τῷ
387 1069 551 1146 Λόγῳ
592 1069 1008 1146 ἐκφωνηθεῖσαι.

868 1179 1056 1252 Τόμος
1088 1173 1345 1252 ἕϐδομος.

381 1285 511 1360 Περὶ
546 1290 641 1340 τοῦ
667 1285 791 1359 βίου
823 1285 912 1341 καὶ
963 1290 1072 1340 τῶν
1131 1284 1386 1359 αἱρέσεων
1437 1283 1532 1340 τοῦ
1585 1284 1924 1343 Ἀπολλινα-

283 1376 428 1450 ρίου,
486 1375 577 1430 καὶ
632 1379 740 1430 τῶν
799 1374 1210 1450 ἀνατρεπόντων
1266 1375 1432 1437 αὐτὰς
1492 1374 1752 1449 ῥημάτων
1815 1381 1923 1430 τῶν

281 1464 452 1540 ἁγίων
481 1465 573 1520 καὶ
604 1465 885 1543 θεοφόρων
913 1467 1076 1538 ἡμῶν
1109 1461 1386 1540 Ιῐατέρων.

879 1591 1059 1664 Τόμος
1097 1586 1316 1668 ὄγδοος.

344 1715 473 1793 Περί
519 1723 617 1772 τοῦ
667 1717 790 1792 βίου
839 1716 929 1772 καὶ
984 1723 1084 1785 τῆς
1139 1717 1396 1790 αἱρέσεως
1456 1717 1775 1791 Νεστορίου,
1830 1718 1919 1771 καὶ

275 1813 382 1863 τῶν
416 1806 732 1872 θεοπλόκωθ
767 1806 1028 1883 ῥημάτων
1063 1810 1158 1862 τοῦ
1191 1806 1494 1883 ἁγιωτάτου
1546 1807 1704 1861 Uitta
1761 1807 1920 1864 Ἀλε-

2041 630 2481 692 definitionibus
2539 655 2604 692 ac
2662 641 2911 697 decretis
2969 645 3283 712 eiusdem:
3346 647 3416 702 de
3454 649 3690 705 abdica-

2040 719 2200 776 tione
2230 723 2424 780 tbroni
2458 727 3088 801 Constantinopolitani
3124 751 3226 804 per
3253 741 3524 793 sanctum
3552 740 3690 795 Gre-

2039 811 2266 882 gorium
2301 815 2686 889 Theologum.
2752 821 2991 876 Demum
3051 822 3178 880 loca
3219 831 3558 884 sanctorum
3591 829 3690 886 Pa-

2039 903 2218 968 trum,
2252 905 2406 973 quod
2457 906 2581 976 pari
2613 906 2832 964 honore
2890 911 3253 969 adﬁciendus
3307 915 3384 970 sit
3436 916 3688 988 Spiritus

2039 995 2297 1063 sanctus,
2333 1009 2397 1049 ac
2427 993 2596 1051 Pater
2625 1000 2680 1052 et
2707 997 2911 1054 Filius.

2604 1187 2791 1243 Tomus
2816 1193 3097 1262 septimus.

2109 1287 2190 1344 De
2221 1289 2339 1345 vita
2367 1298 2419 1347 et
2451 1291 2769 1351 haaresibus
2799 1296 3143 1369 Apollinarii
3180 1317 3192 1356 :
3251 1305 3308 1359 et
3345 1308 3676 1363 sanctorum

2035 1376 2507 1453 deiferorumque
2536 1387 2775 1440 Patrum
2808 1386 2982 1456 dicta,
3030 1390 3245 1460 quibus
3301 1392 3415 1451 illae
3471 1397 3677 1455 confu-

2035 1469 2238 1525 tantur
2266 1475 2323 1526 et
2351 1476 2699 1530 evertuntur.

2623 1605 2814 1660 Tomus
2841 1609 3077 1663 octavus.

2103 1725 2182 1782 De
2208 1729 2327 1783 vita
2356 1732 2411 1784 et
2439 1729 2643 1785 haeresi
2675 1731 2924 1787 Nestorii
2960 1754 2974 1804 ;
3004 1736 3191 1807 deque
3221 1737 3390 1794 dictis
3439 1741 3670 1812 divinis,

2032 1815 2250 1887 quibus
2281 1818 2692 1875 sanctissimus
2725 1825 2869 1893 Papa
2897 1823 3252 1882 Alexandriae
3284 1829 3534 1901 Cyrillus
3565 1831 3675 1886 hu«

277 1895 550 1972 ξανδρείας
606 1895 905 1973 Κυρίλλου,
960 1903 1068 1952 τῶν
1121 1895 1521 1972 ἀνατρεπόντων
1580 1897 1678 1964 τὴν
1733 1895 1912 1951 τοιαύ-

2030 1905 2283 1976 iusmodi
2317 1905 2585 1964 haeresim
2617 1911 2840 1965 evertit.

274 2008 373 2058 την
407 1985 629 2064 αἵρεσιν.

861 2093 1047 2169 Τόμός
1087 2092 1324 2156 ἕννατος.

340 2207 608 2280 Διήγησις
647 2209 755 2260 τῶν
822 2204 957 2258 κατᾶ
1013 2203 1104 2257 τὸν
1163 2202 1388 2277 Εὐτυχῆ
1438 2202 1528 2257 καὶ
1591 2206 1691 2268 τῆς
1749 2204 1916 2257 αὐτοῦ

267 2298 544 2372 αἱρέσεως·
579 2294 669 2349 καὶ
727 2295 854 2368 ’ὀρος
903 2298 1003 2361 τῆς
1022 2293 1156 2346 κατᾶ
1196 2295 1294 2346 τοῦ
1338 2290 1592 2347 τοιούτου
1631 2291 1915 2365 Εὐτυχοῦς

270 2385 732 2463 συγκροτηθείσης
789 2382 946 2457 ἁγίας
1003 2377 1261 2453 τετᾶρτης
1308 2377 1555 2436 συνόδου.
1607 2382 1741 2436 Εἶτα
1790 2381 1911 2454 περὶ

269 2481 374 2532 τῶν
409 2468 976 2545 ἀντιλαμϐανομένων
1030 2470 1130 2524 τοῦ
1181 2470 1500 2543 Διοσκόρου,
1551 2471 1608 2531 ὅς
1652 2468 1912 2544 πατριάρ-

272 2573 381 2640 χῆς
413 2568 477 2632 ἦν
529 2559 962 2634 Ἀλεξανδρείας,
1024 2559 1395 2635 συγκαθῃρέθη
1449 2556 1504 2613 δὲ
1551 2563 1630 2630 τῷ
1676 2559 1914 2634 Εὐτυχεῐ

269 2655 344 2715 ὡς
405 2653 664 2728 ὁμόφρων
725 2649 848 2724 περὶ
890 2651 998 2703 τῶν
1047 2648 1326 2722 αἱρέσεων,
1380 2647 1456 2708 εἰς
1507 2649 1565 2702 ἄν
1626 2649 1703 2721 (3)
1762 2648 1910 2702 οὗτοι

272 2741 618 2816 διῃρέθησαν,
706 2736 1152 2814 διακρινομένους
1233 2735 1455 2798 ἑαυτοὺς
1535 2735 1910 2809 ὀνομάσαντες.

268 2836 356 2889 Ἐν
387 2832 553 2904 ταύτῃ
591 2827 647 2883 δὲ
676 2833 745 2902 τῇ
797 2825 1068 2902 διηγήσει,
1116 2827 1205 2881 καὶ
1264 2826 1388 2901 περὶ
1444 2831 1552 2881 τῶν
1608 2825 1910 2903 λεγομένων

272 2919 589 2999 Ἀκεφάλων
643 2919 786 2987 τινὰ,
847 2916 936 2972 καὶ
1001 2916 1158 2989 μνεία
1215 2917 1467 2972 Ἰωάννου
1525 2921 1911 2991 γραμματικοῦ

264 3015 363 3066 τοῦ
411 3007 708 3084 λεγομένου
777 3006 1112 3062 Φιλοπόνου.
1164 3005 1262 3060 Καὶ
1311 3001 1492 3061 ἔκτοτε
1539 3001 1912 3080 προϐλήματᾶ

265 3122 386 3155 τινα
434 3103 541 3153 τῶν
594 3099 1008 3174 Μονοφυσιτῶν,
1057 3095 1146 3148 καὶ
1195 3095 1330 3166 πρὸς
1375 3099 1544 3150 ταῦτα
1589 3093 1907 3171 ἀντίρρησις

271 3189 388 3263 μία.
433 3188 531 3242 Καὶ
562 3187 750 3264 ἐφεξῆς
780 3188 814 3255 ἡ
871 3181 1135 3252 ἐπιστολὴ
1179 3187 1278 3239 τοῦ
1322 3183 1550 3246 Λέοντος
1599 3189 1697 3239 τοῦ
1744 3186 1909 3259 ἁγιω·

2633 2100 2822 2157 Τοπιοιδ
2851 2119 3054 2158 nonus.

2099 2202 2395 2260 Enarratio
2427 2204 2498 2260 dc
2530 2205 2701 2261 rebus
2732 2207 3009 2280 Eutychis
3043 2214 3100 2266 et
3129 2211 3199 2267 de
3229 2211 3438 2270 haeresi
3488 2216 3614 2286 ejus
3653 2233 3666 2272 :

2025 2303 2091 2344 ac
2121 2290 2416 2344 decretum
2451 2298 2667 2362 quartis
2700 2300 2915 2350 sanctae
2938 2298 3141 2368 synodi
3161 2305 3364 2355 contra
3394 2304 3667 2360 eumdem

2024 2378 2341 2451 Eutychen.
2379 2380 2580 2438 Postea
2612 2383 2681 2439 de
2715 2383 2810 2449 iis,
2845 2386 2942 2456 qui
2987 2387 3258 2445 Dioscoro
3316 2392 3662 2448 Patriarchaa

2022 2467 2418 2526 Alexandrino
2445 2472 2980 2543 patrocinabantur,
3043 2478 3142 2548 qui
3200 2495 3328 2534 cum
3383 2480 3662 2554 Eutyche,

2025 2561 2225 2627 utpote
2255 2561 2592 2614 earumdem
2617 2560 2926 2616 hosresium
2951 2571 3224 2630 assertor,
3243 2569 3668 2625 condemnatus

2022 2649 2132 2713 est,
2161 2646 2585 2703 doneciietiam
2611 2649 2780 2704 divisi
2803 2655 2963 2720 sunt,
2994 2669 3118 2709 sese
3168 2655 3664 2725 Diacrinomenos,

2021 2734 2077 2788 id
2111 2744 2194 2789 est
2225 2743 2578 2807 segregatos,
2607 2739 2988 2809 appellantes.
3025 2742 3087 2796 In
3123 2743 3227 2798 hac
3286 2762 3417 2801 vero
3465 2764 3667 2803 narra-

2021 2822 2179 2879 tione
2210 2827 2469 2896 qumdam
2505 2827 2574 2881 de
2605 2827 2697 2896 iis,
2732 2831 2830 2898 qui
2876 2831 3153 2902 Acephali
3205 2835 3583 2905 vocabantur,
3615 2843 3671 2893 et

2023 2916 2239 2970 mentio
2260 2916 2468 2971 Jannis
2500 2917 2897 2987 Grammatici,
2933 2922 3030 2991 qui
3065 2922 3420 2994 Philoponus
3463 2926 3664 2997 appel-

2020 3005 2268 3060 labatur.
2304 3010 2510 3061 Postea
2537 3022 2666 3061 vero
2725 3008 3080 3078 problemata
3137 3013 3402 3082 quadarn
3453 3014 3666 3071 Mono-

2021 3093 2386 3165 physitarum
2425 3111 2438 3147 :
2472 3099 2528 3150 et
2559 3096 2628 3150 ad
2685 3096 2801 3151 haec
2862 3099 3276 3158 antirrheticus
3329 3119 3502 3158 unus.
3568 3109 3670 3159 De-

2023 3198 2180 3237 mum
2219 3182 2476 3254 Epistola
2507 3183 2714 3239 Leonis
2775 3186 3132 3242 sanctissimi
3193 3189 3357 3262 Papia
3413 3191 3659 3248 Romani

262 3282 427 3338 τατου
457 3282 618 3336 Πάπα
661 3278 906 3351 Ῥώμης,
952 3278 988 3345 ἡ
1038 3279 1343 3350 πεμφθεῖσα
1388 3276 1524 3349 πρὸς
1570 3277 1672 3346 τὴν
1718 3274 1903 3348 τετάρ.

2030 3272 2089 3327 ad
2123 3275 2390 3342 quartam
2418 3272 2708 3341 synodum
2744 3275 2944 3331 missa.

261 3394 363 3442 την
397 3367 634 3426 σύνοδον.

842 3475 1033 3549 Τόμος
1077 3471 1321 3536 δέκατος.

331 3603 458 3671 Περὶ
514 3607 614 3670 τῆς
673 3599 932 3674 πέμπτης
991 3595 1242 3668 συνόδου,
1298 3597 1423 3668 ἣτις
1480 3598 1578 3666 τήν
1647 3595 1911 3671 τετάρτην

257 3691 482 3748 σύνοδον
545 3689 784 3766 ἐκύρωσε
845 3689 933 3742 καὶ
989 3685 1260 3758 ἐκράτυνε,
1332 3691 1760 3762 συγκροτηθεῖση
1822 3684 1908 3740 ἐπὶ

260 3787 359 3847 τῆς
417 3778 699 3856 βασιλείας
758 3781 1162 3835 Ἰουστινιανοῦ.
1221 3777 1309 3831 Ἐν
1378 3773 1434 3830 δὲ
1505 3781 1574 3850 τῇ
1657 3772 1908 3850 διηγήσει

261 3875 360 3939 τῆς
390 3870 644 3936 τοιαύτης
704 3866 950 3934 συνόδου,
1009 3867 1098 3921 καὶ
1156 3870 1252 3921 τοῦ
1311 3865 1462 3928 ὃπως
1514 3865 1907 3937 συνεκροτήθη,

263 3959 556 4035 ἐμφέρεται
601 3960 634 4025 ἡ
681 3954 884 4030 α’ίρεσις
929 3960 1037 4010 τῶν
1087 3958 1504 4032 Μονοφυσιτῶν,
1547 3952 1599 4008 ἐν
1652 3951 1800 4027 μέρει
1853 3950 1911 4007 δὲ

260 4050 352 4101 καὶ
405 4053 514 4102 τῶν
577 4047 971 4119 Νεστοριανῶν.
1033 4046 1262 4100 ’Έκτοτε
1332 4046 1512 4120 ψῆφος
1587 4043 1909 4121 Ἐπιφανίου

261 4136 610 4210 πατριάρχου
641 4133 1313 4202 Κωνσταντινουπόλεωςη
1343 4132 1432 4186 καὶ
1483 4139 1585 4201 τῆς
1635 4129 1913 4204 ένδημοό-

263 4243 364 4292 σης
409 4221 639 4275 συνόδου
696 4221 832 4274 κατὰ
891 4215 1139 4293 Σεϐήρου
1185 4221 1276 4274 καὶ
1326 4221 1514 4295 Ζωόρα
1560 4223 1650 4276 καὶ
1704 4222 1909 4296 Πέτρου

265 4316 375 4366 τῶν
421 4311 831 4382 Μονοφυσιτῶν.
893 4307 1082 4381 Ἐτέρα
1125 4311 1305 4384 ψῆφος
1362 4313 1520 4378 Μηνᾶ
1565 4309 1908 4382 πατριάρχου

269 4396 902 4458 Κωνσταντινουπό).εως
956 4396 1092 4450 κατὰ
1170 4401 1276 4451 τῶν
1333 4397 1525 4453 αὐτῶν.
1601 4400 1908 4472 ’Δναθομα-

260 4490 453 4562 τισμοί
487 4489 745 4561 Ἀνθίμου
809 4485 1221 4562 μητροπολίτου
1270 4489 1680 4562 Τραπεζοῦντος
1732 4496 1908 4544 Μονο-

262 4582 485 4662 φυσίτον
517 4576 692 4642 ὄντος.
741 4577 928 4652 Ἑτέρα
979 4581 1160 4654 ψῇφος
1205 4580 1300 4631 τοῦ
1349 4576 1514 4632 αὐτοῦ
1561 4581 1906 4656 πατριάρχου

255 4675 611 4749 καθαιρετική
670 4675 766 4728 τοῦ
825 4671 990 4726 αὐτοῦ
1050 4668 1336 4743 ἈνΟίμου.
1397 4671 1622 4726 Ἔκτοτε
1667 4669 1902 4745 διάταξις

258 4768 645 4822 Ἰουστινιανοῦ
709 4759 981 4838 βασιλέως
1046 4759 1184 4814 κατὰ
1263 4757 1548 4831 ’Λνθίμου,
1632 4755 1900 4835 Σεϐήρου,

257 4856 486 4928 Πέτρου,
541 4853 632 4907 καὶ
691 4851 898 4924 Ζωόρα.
953 4847 1249 4918 Ἐπιστολή
1297 4850 1548 4905 Ἰωάννου
1596 4849 1902 4923 Ἰεροσολύ-

257 4953 376 5018 μών
425 4941 515 4996 καὶ
565 4945 674 4995 τῶν
739 4941 826 4996 ὑπ’
883 4937 1041 4994 αὐτὸν
1100 4936 1409 4994 ἐπισκόπων
1487 4935 1756 5014 δεχομένη
1834 4942 1902 4996 τὰ

252 5032 391 5088 κατὰ
421 5025 669 5103 Σεϐήρου
725 5029 1080 5102 ψηφισθέντα,
1125 5028 1210 5082 καὶ
1268 5027 1401 5101 μετὰ
1447 5029 1613 5082 ταῦτα
1669 5029 1899 5103 χρήσεις

249 5119 504 5199 διάφοροι
536 5123 641 5173 τῶν
677 5115 865 5192 ἁγίων,
897 5118 1032 5171 κατά
1062 5121 1168 5172 τῶν
1203 5119 1613 5195 Μονοφυσιτῶν.

804 5221 990 5295 Τόμος
1032 5221 1334 5285 ἑνδέκατος.

321 5333 471 5392 Κατὰ
501 5333 817 5407 Τριθεῖτῶν,

801 5436 983 5513 Τόμος
1025 5433 1349 5501 δωδέκατος.

325 5547 474 5603 Κατὰ
503 5549 611 5600 τῶν
645 5541 1190 5624 Ἀφθαρτόδοκητῶν.

322 5722 402 5799 (3)
431 5723 544 5779 Pro
573 5716 677 5782 ῐως
709 5718 792 5778 ἂν.

523 5837 797 5900 ΡΑτεοι.
848 5837 954 5899 Gn.
1005 5835 1316 5898 CXXXIX.

2596 3472 2784 3528 Tomus
2813 3473 3078 3530 decimus.

2085 3597 2165 3652 De
2196 3598 2402 3668 quinta
2433 3598 2674 3670 synodo,
2692 3614 2818 3668 quae
2841 3605 3112 3671 quartam
3135 3603 3422 3674 synodum
3447 3605 3661 3659 confir-

2019 3686 2201 3741 mavit
2232 3690 2288 3741 et
2326 3687 2596 3755 asseruit,
2658 3703 2904 3759 quaeque
2952 3690 3274 3760 imperante
3327 3691 3668 3750 Justiniano

2017 3779 2212 3830 coacta
2242 3778 2351 3831 est.
2387 3775 2449 3828 In
2483 3777 2815 3832 narratione
2848 3781 3039 3833 autem
3075 3779 3144 3833 de
3183 3777 3285 3834 illa
3323 3780 3568 3852 synodo,
3608 3785 3665 3836 et

2018 3864 2307 3933 quomodo
2339 3861 2576 3918 collecta
2609 3864 2802 3933 fuerit,
2835 3865 3116 3921 inseritur
3162 3867 3400 3923 heresis
3460 3869 3666 3924 Mono-

2018 3951 2408 4024 physilarum,
2439 3959 2613 4024 atque
2644 3954 2816 4008 etiam
2854 3969 2919 4008 ex
2950 3958 3112 4025 parte
3161 3955 3658 4013 Nestorianorum.

2017 4042 2300 4113 Deinceps
2329 4043 2627 4097 decretum
2661 4043 2974 4114 Epiphanii
3007 4047 3350 4116 patriarchae
3378 4052 3662 4103 Constan-

2018 4130 2405 4202 tinopolitani,
2439 4135 2496 4185 et
2522 4132 2727 4203 synodi
2760 4132 2976 4188 ibidem
3042 4140 3404 4206 congregatae
3459 4141 3662 4192 contra

2015 4220 2556 4288 Severum,Zooram
2579 4224 2636 4273 et
2659 4223 2819 4274 Petru
2832 4238 2880 4275 η]
2905 4220 3362 4295 Monophysitas.
3397 4224 3659 4281 Alterum

2016 4310 2312 4366 decretum
2371 4309 2538 4363 Mena
2595 4309 2940 4380 patriarcha:
3032 4315 3659 4386 Constantinopolitani

2016 4403 2218 4455 contra
2246 4399 2503 4453 eosdem.
2539 4398 3027 4455 Anathematismi
3060 4402 3326 4458 Anthimi
3366 4409 3660 4474 metropo-

2014 4487 2129 4543 litaa
2159 4487 2598 4559 Trapezuntini,
2629 4488 2725 4559 qui
2756 4491 3161 4561 Monophysita
3212 4496 3354 4546 erat.
3398 4492 3658 4546 Alterum

2017 4578 2313 4633 decretum
2359 4577 2623 4648 ejusdem
2685 4579 3043 4649 patriarcha,
3106 4596 3221 4650 quo
3279 4581 3664 4635 damnabatur

2014 4667 2363 4722 Anthimus:
2398 4672 2531 4738 post
2562 4667 2679 4722 haec
2711 4669 3050 4723 constitutio
3070 4668 3390 4724 Justiniani
3413 4669 3664 4740 impera-

2011 4756 2154 4811 toris
2186 4760 2388 4811 contra
2415 4755 2785 4821 Anthimum,
2815 4759 3115 4823 Severum,
3155 4761 3410 4823 Petrum,
3443 4760 3498 4811 et
3534 4758 3664 4812 Zoo-

2012 4861 2160 4900 ram.
2192 4842 2449 4908 Epistola
2477 4845 2716 4900 Joannis
2745 4845 3221 4918 Jerosolymitani
3259 4851 3316 4901 et
3357 4847 3662 4918 episcopo-

2012 4950 2162 5001 rum,
2198 4933 2296 5005 qui
2330 4932 2440 4988 sub
2473 4933 2600 5004 ipso
2627 4942 2809 4999 erant,
2844 4951 2961 5006 qua
2990 4937 3218 4990 decreta
3247 4939 3450 4992 contra
3492 4935 3663 4990 Seve-

2011 5039 2142 5078 rum
2176 5022 2558 5094 recipiuntur.
2620 5028 2866 5079 Demum
2924 5023 3052 5080 loca
3109 5024 3269 5081 varia
3325 5028 3659 5082 sanctorum

2009 5113 2246 5168 Patrum
2275 5115 2480 5167 contra
2508 5111 2971 5185 MonOphysitas.

2544 5221 2732 5277 Tomus
2757 5220 3106 5278 undecimus.

2079 5329 2292 5384 Contra
2319 5326 2652 5385 Tritheitas.

2534 5435 2726 5492 Tomu:
2757 5435 3128 5496 duodecimae.

2079 5542 2292 5601 Contra
2327 5541 2906 5616 Aphthartodocetas.

3307 5825 3383 5883 313’
