4090 6298
451 426 604 488 1099

928 561 1120 616 Tomus
1149 559 1390 615 decimus
1407 559 1624 616 tertius.

525 681 740 738 Contra
769 676 1248 751 Theopaschitas.

905 785 1094 840 Tomus
1124 783 1364 839 decimus
1393 787 1640 856 quartus.

529 897 740 952 Contra
771 893 1048 965 Agnoitas
1077 911 1094 946 :
1129 893 1227 948 ubi
1287 899 1416 964 post
1472 892 1598 947 loca
1639 895 1974 946 sanctorum
2009 889 2108 945 Pa-

459 991 637 1054 trum,
672 986 786 1042 alia
816 985 1082 1057 quedam
1125 985 1195 1038 ad
1257 983 1596 1054 hujusmodi
1654 983 1922 1038 haeresim
1971 981 2109 1037 sub-

461 1077 794 1132 vertendam
821 1093 852 1130 a
883 1075 1054 1129 nobis
1085 1075 1324 1145 insuper
1354 1072 1734 1143 adjiciuntur.

895 1183 1094 1234 Tomus
1125 1181 1378 1233 deczmus
1406 1179 1655 1249 quintus.

541 1291 616 1344 De
645 1291 807 1344 sexta
835 1287 1083 1360 synodo,
1116 1302 1242 1357 quae
1274 1291 1626 1358 congregata
1655 1284 1767 1340 fuit
1795 1285 2118 1357 imperante

465 1376 844 1434 Constantino
907 1381 1220 1448 Pogonato,
1281 1375 1352 1430 ad
1409 1375 1820 1430 destruendam
1849 1373 2116 1430 haeresim

467 1465 996 1524 Monothelitarum.

941 1589 1130 1645 Tomus
1160 1587 1403 1645 decimus
1431 1595 1639 1644 sextus.

547 1715 622 1767 De
651 1707 1168 1766 Iconomachorum
1198 1705 1424 1762 haeresi.

913 1825 1104 1878 Tomus
1132 1821 1373 1877 decimus
1399 1822 1683 1892 septimus.

1761 421 2070 483 NICETIE
2111 421 2530 484 ΟΗΟΝΙΑΤΕ

2125 567 2178 629 Α

3711 417 3886 484 1100

2677 564 2870 634 ’Τομος
2907 557 3372 638 τρισκαιδέκατος.

2287 675 2431 731 Κατᾶ
2461 683 2713 744 Θεοπασγ
2724 681 2888 746 ητῶν.

2627 788 2812 860 Τόμος
2849 783 3450 862 τεσσαρεσκαιδέκατος.

2293 895 2436 952 Κατὰ
2481 900 2590 950 τῶν
2660 898 2991 972 Ἀγνοητῶν,
3051 897 3104 951 έν
3173 899 3219 969 ᾧ
3293 897 3428 968 μετὰ
3485 895 3582 957 τὰς
3645 897 3886 970 χρήσεις

2217 991 2326 1042 τῶν
2369 985 2564 1061 ἁγίων,
2617 987 2710 1042 καὶ
2759 985 2907 1042 ἄλλα
2953 989 3078 1043 τινὰ
3121 987 3396 1062 ἀναίρεσιν
3468 993 3569 1054 τῆς
3617 987 3884 1055 τοιαύτης

2223 1076 2486 1150 αἱρέσεως
2513 1075 2574 1130 ἐκ
2601 1075 2724 1132 νέου
2753 1077 3130 1151 προστέθειται
3171 1078 3298 1152 παρ’
3329 1077 3514 1148 ἡμῶν.

2685 1186 2866 1258 Τόμος
2909 1181 3406 1245 πεντεκαιδέκατος.

2297 1292 2425 1367 Περὶ
2483 1294 2581 1360 τῆς
2637 1288 2800 1362 ἕκτης
2863 1290 3118 1362 συνόδου,
3171 1293 3295 1362 ἣτις
3343 1289 3568 1361 συνέστη
3621 1290 3720 1344 ἰπὶ
3781 1297 3878 1358 τῆς

2231 1380 2513 1458 βασιλείας
2563 1381 2971 1439 Κωνσταντίνου
3023 1385 3121 1436 τοῦ
3180 1381 3528 1457 Πωγωνάτου
3581 1379 3660 1441 εἰς
3735 1380 3879 1434 ἀναί-

2229 1492 2338 1527 εσιν
2365 1479 2465 1540 τῆς
2495 1475 2602 1526 τῶν
2633 1469 3036 1541 Μυνοθιλητῶν
3069 1469 3346 1546 αἱρέσεως.

2729 1598 2915 1669 Τόμος
2955 1592 3358 1658 ἑκκαιδέκατος.

2307 1715 2436 1788 Περὶ
2464 1720 2564 1784 τῆς
2595 1717 2702 1770 τῶν
2737 1714 3134 1789 Εἷκονομάχων
3165 1711 3445 1790 αἱρέσεως.

2703 1831 2890 1904 Τόμος
2929 1827 3400 1892 ἑπτακαιδέκατος.

550 1943 631 2000 De
655 1941 862 1999 haeresi
895 1943 1304 2006 Armenorum,
1339 1953 1469 2009 quas
1527 1933 1952 2009 Monophysitis
1984 1949 2124 1990 con-

2306 1937 2438 2012 Περὶ
2509 1945 2610 2007 τῆς
2683 1938 2939 2012 αἱρέσεως
3012 1942 3119 1992 τῶν
3195 1935 3520 2010 Ἀρμενίων,
3596 1934 3724 2004 ἥτις
3770 1941 3876 1996 τοῖς

474 2034 767 2106 jungitur.
803 2031 884 2085 lbi
913 2033 1002 2084 est
1023 2028 1369 2098 procemium
1426 2029 1719 2091 nostrum,
1750 2029 1808 2079 et
1867 2023 2128 2094 quasdam

481 2121 804 2176 solutiones
836 2119 906 2173 ad
939 2117 1166 2186 objecta
1195 2119 1602 2170 Armenorum.
1647 2113 1864 2168 Deinde
1915 2109 2129 2167 reseri-

483 2221 646 2280 ptum
681 2205 1050 2276 imperatoris
1081 2203 1311 2258 Domini
1345 2201 1628 2258 Maunelis
1659 2203 1728 2256 ad
1762 2199 2128 2256 Catholicum

480 2298 789 2352 Armenias.
853 2292 1126 2364 Dialogus
1211 2291 1521 2346 Theoriani
1579 2289 1888 2362 cujusdam
1949 2288 2130 2360 legati

482 2385 746 2454 ejusdem
803 2381 1197 2452 imperatoris,
1257 2381 1317 2435 in
1371 2379 1708 2434 Armeniam
1763 2377 1952 2448 missi,
1995 2394 2128 2433 cum

483 2472 686 2526 eodem
747 2469 1062 2524 Catholico.
1123 2467 1326 2522 Postea
1381 2473 1576 2522 autem
1655 2465 1783 2522 loca
1835 2467 2130 2520 variorum

483 2560 832 2615 Sanctorum
863 2561 1068 2614 contra
1097 2555 1363 2612 eamdem
1411 2555 1698 2612 haeresim.
1748 2554 2008 2625 Denique
2039 2570 2132 2609 ca-

485 2650 609 2722 pita
639 2649 902 2720 quaedam
935 2645 1294 2718 syllogistica
1324 2661 1357 2700 a
1415 2643 1586 2700 nobis
1645 2643 1880 2700 collecta
1935 2647 2134 2700 contra

483 2755 612 2796 eam
645 2738 832 2810 ipsam
869 2736 1156 2791 haeresim.

927 2897 1126 2952 Tomus
1155 2895 1396 2951 decimus
1428 2903 1674 2950 octavus.

557 3018 773 3072 Contra
801 3011 1197 3069 Paulicianos.

559 3103 756 3162 Sancti
816 3101 1013 3158 Basilii
1073 3104 1130 3156 et
1190 3098 1374 3156 sancti
1427 3097 1683 3171 Gregorii
1763 3097 2010 3170 Nysseni
2065 3097 2134 3153 de

489 3193 864 3264 Baptismate.

2236 2027 2634 2106 Μονοφυσίταις
2693 2029 3033 2083 συνάπτεται’
3099 2027 3152 2082 ἐν
3239 2026 3376 2102 αὐτῇ
3435 2024 3492 2081 δὲ.
3547 2025 3640 2080 καὶ
3697 2025 3878 2100 προοίο

2239 2139 2363 2192 μιον
2432 2117 2723 2193 ἡμέτερον,
2783 2119 2874 2172 καί
2938 2139 3083 2180 τινες
3146 2116 3330 2178 λύσεις
3386 2117 3523 2192 πρὸς
3591 2115 3870 2174 ἀντιθέσεις

2234 2211 2344 2262 τῶν
2421 2206 2752 2280 Ἀρμενίων.
2829 2209 3057 2264 Ἔκτοτε
3131 2207 3366 2282 γράμμα
3435 2209 3534 2260 τοῦ
3611 2203 3872 2279 βασιλέως

2234 2297 2402 2371 κόρου
2436 2295 2701 2365 Μανουὴλ
2749 2297 2884 2372 πρὸς
2931 2297 3024 2350 τὸν
3077 2295 3380 2352 Καθολικὸν
3421 2301 3520 2364 τῆς
3577 2293 3866 2370 Ἀρμενίας.

2238 2387 2482 2456 Διάλεξις
2541 2385 2674 2460 πρὸς
2731 2386 2823 2440 τὸν
2887 2385 3050 2441 αὐτον
3112 2385 3418 2448 Καθολικὸν
3481 2389 3750 2460 Θηριανοῦ
3801 2387 3870 2457 (4)

2235 2497 2382 2538 τινος
2455 2473 2820 2546 έξαποστόλου
2897 2474 3063 2529 αὐτοῦ
3143 2474 3412 2550 βασιλέως
3521 2473 3597 2536 είς
3681 2477 3866 2548 ’Δρμε-

2235 2567 2351 2622 νίαν
2423 2564 2727 2629 σταλέντος.
2807 2567 3041 2622 Ἔπειτα
3119 2565 3352 2640 χρήσεις
3429 2561 3677 2643 διάφοροι
3717 2563 3858 2638 ἁγίων

2237 2657 2373 2712 κατά
2425 2661 2526 2726 τῆς
2583 2654 2752 2724 αὐτῆς
2809 2654 3092 2729 αἱρέσεως.
3145 2654 3278 2712 Εἶτα
3321 2651 3707 2730 συλλογιστικᾶ
3759 2673 3860 2707 τινα

2237 2743 2506 2824 κεφάλαια
2535 2742 2674 2798 κατὰ
2700 2749 2800 2813 τῆς
2853 2743 3027 2812 αὐτῆς
3075 2741 3335 2815 αἱρέσεως
3382 2739 3704 2819 συλλεγέντα
3751 2741 3857 2812 παρ’

2239 2836 2427 2908 ἡμῶν·

2701 2904 2885 2976 Τόμος
2925 2899 3412 2965 ὀκτωκαιδέκατος.

2311 3022 2462 3078 Κατὰ
2491 3025 2598 3076 τῶν
2635 3017 3035 3076 Παυλικιανῶν.

2311 3115 2421 3169 Τοῦ
2489 3109 2640 3186 ἁγίου
2695 3107 2980 3167 Βασιλείου
3044 3110 3134 3164 καὶ
3198 3113 3297 3164 τοῦ
3363 3109 3517 3185 ἁγίου
3573 3103 3829 3180 Γρηγορίου

2244 3197 2487 3270 Νύσσης,
2521 3195 2646 3272 περέ
2677 3201 2773 3253 τοῦ
2803 3195 3215 3262 Βαπτίσματος.

561 3280 834 3350 Ejusdem
921 3276 1184 3348 Gregorii
1243 3275 1510 3348 Nysseni,
1561 3276 1632 3332 de
1691 3275 2130 3348 participatione

2319 3291 2426 3344 Τοῢ
2490 3286 2657 3342 αὐτοῦ
2719 3287 2937 3358 Νύσσης
3007 3287 3132 3361 περὶ
3195 3289 3297 3357 τῆς
3371 3283 3686 3360 μεταλήψεως
3739 3279 3828 3331 τοῦ

489 3367 777 3426 Dominici
809 3365 1067 3438 corporis
1098 3374 1151 3420 et
1183 3365 1514 3437 sanguinis.

971 3483 1162 3538 Tomus
1185 3481 1430 3538 decimus
1457 3496 1654 3538 nonus.

559 3606 772 3660 Contra
801 3600 1157 3674 Bogomilos.

1036 3726 1227 3781 Tomus
1253 3722 1564 3781 vicesimus.

563 3849 643 3901 De
683 3843 845 3900 cultu
879 3843 1302 3914 Agarenorum,
1335 3844 1393 3897 et
1422 3841 1492 3896 de
1514 3839 1933 3897 constitutione
1989 3839 2144 3896 circa

495 3935 831 4002 Saracenos,
859 3934 960 4004 qui
991 3932 1060 3986 ad
1107 3947 1313 4002 puram
1361 3933 1416 3986 et
1471 3930 1906 3988 immaculatam
1965 3930 2140 3987 ﬁdem

495 4033 756 4080 nostram
788 4025 1228 4078 convertuntur.

923 4201 1117 4256 Tomus
1145 4199 1439 4256 vicesimus
1465 4199 1704 4272 primus.

563 4319 645 4376 De
672 4317 890 4391 Spiritu
925 4321 1128 4373 contra
1153 4316 1386 4373 Latinos
1419 4333 1431 4371 :
1469 4315 1567 4372 ubi
1601 4315 1726 4372 loca
1757 4315 1948 4373 multa
1983 4317 2140 4373 adfe-

493 4413 724 4466 runtur.

885 4525 1078 4580 Tomus
1103 4521 1394 4579 vicesimus
1421 4519 1712 4580 secundus.

562 4637 636 4689 De
667 4631 922 4705 Azymis.

932 4751 1125 4805 Tomus
1153 4749 1438 4805 vicesimus
1467 4749 1683 4804 tertius.

558 4861 624 4915 In
656 4875 769 4931 quo
801 4857 1074 4929 synopsis
1133 4856 1494 4925 dogmatum,
1547 4871 1678 4926 qua;
1729 4855 1837 4910 sub
1885 4855 2140 4928 impera-

489 4954 612 5004 tore
643 4947 841 5004 Alexio
867 4947 1162 5002 Comneno
1195 4947 1354 5000 mota
1383 4949 1439 5000 et
1468 4953 1666 5001 exorta
1693 4949 1850 5000 sunt.

916 5073 1104 5126 Tomus
1133 5071 1425 5126 vicesimus
1460 5079 1707 5140 quartus.

557 5171 634 5225 De
667 5169 763 5225 illo
795 5171 1085 5241 dogmate,
1133 5171 1205 5226 Tu
1253 5187 1309 5226 es
1361 5173 1592 5242 oﬂerens
1640 5181 1695 5225 et
1743 5170 1960 5226 oblatus
2037 5171 2137 5246 (6),

487 5259 642 5328 quod
676 5259 784 5314 sub
816 5259 1164 5329 imperatore
1195 5259 1460 5315 Manuale
1493 5261 1787 5316 Comneno
1847 5261 2134 5332 prolatum

489 5357 598 5406 est.

670 5451 1000 5525 Θεωριανοῦ.

563 5523 640 5594 (5)
675 5521 802 5578 Haec
836 5521 1122 5594 posterior
1153 5539 1288 5592 pars
1325 5523 1482 5578 edita
1533 5525 1621 5578 est
1671 5523 1865 5579 Grece
1921 5529 1977 5580 et
2032 5530 2138 5580 La-

491 5593 632 5666 tine.
659 5595 769 5650 Sed
801 5593 1079 5666 praeterea
1117 5596 1341 5649 clariss.
1377 5595 1597 5666 Caveus
1649 5601 1806 5666 notat
1839 5595 1903 5666 in,
1943 5599 2140 5666 codice

494 5664 828 5740 Colbertino
859 5665 1000 5740 475$
1030 5671 1258 5721 exstare
1308 5681 1427 5740 ins:
1465 5665 1684 5740 t&__§g:6
1729 5667 1826 5720 τοῦ
1861 5665 2138 5740 Άιωᾴμεδ

491 5738 922 5808 νομοθετηθέντα
981 5734 1040 5789 ἐκ
1091 5741 1191 5803 τῆς
1267 5733 1432 5789 αὐτοῦ
1519 5729 1733 5812 βίϐλου,
1789 5729 2136 5813 καλουμένης

2250 3382 2577 3433 Δεσποτικοῦ
2609 3377 2861 3452 σώματος
2891 3377 2981 3431 καὶ
3015 3375 3269 3450 αἳματος.

2717 3501 2905 3574 Τόμος
2945 3497 3405 3556 ἰννεακαιδέκατο.

2319 3623 2466 3678 Κατὰ
2495 3621 2850 3698 Βογομίλων,

2818 3741 3008 3814 Τόμος
3049 3741 3296 3799 εἰκοστὸς.

2321 3847 2454 3922 Περὶ
2527 3854 2628 3918 τῆς
2707 3852 2994 3923 θρησκείας
3065 3853 3172 3904 τῶν
3243 3847 3583 3922 ’Δγαρηνῶν,
3631 3841 3724 3896 καὶ
3779 3847 3870 3908 τῆς

2245 3937 2448 4008 τάξεως
2517 3939 2595 4011 (ὅ)
2656 3944 2756 4008 τῆς
2813 3939 3106 4014 γινομένης
3167 3935 3256 3994 ἐπὶ
3303 3940 3416 3996 τοῖς
3473 3931 3867 4009 ἐπιστρέφουσιν

2249 4026 2310 4082 ἐκ
2345 4031 2451 4082 τῶν
2485 4025 2848 4102 Σαρῥακηνῶν
2882 4027 2957 4090 εἰς
3007 4029 3108 4097 τὴν
3157 4027 3393 4098 καθαρὰν
3445 4023 3534 4078 καὶ
3589 4021 3876 4096 ἀμώμητον

2250 4118 2431 4172 πίστιν
2462 4119 2641 4191 ἡμῶν.

2699 4223 2886 4297 Τόμος
2929 4221 3170 4284 εἰκοστὸς
3210 4226 3451 4298 πρῶτος.

3713 4325 3740 4344 Ῠ

2323 4331 2452 4406 Περὶ
2517 4334 2616 4386 τοῦ
2685 4329 2998 4404 Πνεόματος
3065 4329 3202 4385 κατὰ
3263 4331 3528 4398 Λατίνων,
3588 4325 3640 4383 έν
3705 4325 3748 4398 ᾦ
3797 4322 3876 4378 καὶ

2252 4423 2482 4499 χρήσεις
2518 4417 2792 4498 διάφοροι.

2679 4545 2864 4618 Τόμος
2903 4544 3148 4607 εἰκοστὸς
3191 4541 3464 4619 δεύτερος,

2173 4665 2224 4730 D
2325 4654 2454 4729 Περὶ
2478 4657 2584 4708 τῶν
2617 4653 2744 4722 Ἀζύ
2753 4673 2896 4728 μων.

2713 4761 2900 4835 Τόμος
2941 4761 3186 4826 εἰκοστὸς
3237 4760 3436 4836 τρίτος.

2317 4877 2408 4930 Ἐν
2443 4871 2488 4943 ᾧ
2519 4871 2744 4944 σύνοψις
2785 4875 2895 4926 τῶν
2951 4873 3273 4942 κινηθέντων
3331 4867 3639 4944 δογμάτων
3683 4867 3762 4922 ἐπὶ
3807 4861 3874 4916 τώ

2251 4959 2529 5039 βασιλέως
2557 4964 2724 5035 κυροῦ
2756 4959 3006 5032 Ἀλεξίου
3035 4964 3132 5016 τοῦ
3163 4963 3472 5034 Κομνηνοῦ.

2687 5069 2866 5145 Τόμος
2909 5069 3150 5129 εἰκοστὸς
3185 5069 3462 5140 τέταρτος.

2321 5167 2449 5240 Περὶ
2515 5168 2614 5220 τοῦ
2681 5161 2952 5239 δόγματος
3023 5161 3122 5230 (6),
3212 5158 3284 5210 Σὺ
3353 5155 3406 5210 εἷ
3490 5157 3520 5210 ὁ
3591 5149 3882 5240 προσφέρων

2246 5256 2334 5312 καὶ
2399 5236 2870 5330 λπροσφερόμενος,
2934 5247 3272 5316 λαληθέντος
3321 5243 3408 5299 ἐπὶ
3467 5247 3570 5300 τοῦ
3640 5236 3885 5319 βασιλέως

2247 5349 2413 5421 κυροῦ
2443 5341 2705 5412 Μανουήλ
2737 5345 2832 5396 τοῦ
2861 5341 3180 5412 Κομνηνοῦ.

2250 5453 2453 5528 Κορᾶν,
2487 5451 2578 5506 καὶ
2605 5443 3342 5528 Χουνειοὲτου-ἂιν·ς.ε5ίεᾷήσεις,¹
3365 5443 3528 5525 quod
3558 5443 3888 5528 distinctum

2249 5519 2397 5600 opus
2429 5519 2500 5600 ab
2535 5526 2643 5600 hac
2671 5520 2938 5600 thesauri
2973 5519 3744 5600 Nicetzepartefxistimat.

2319 5579 2394 5669 (63
2426 5579 2639 5669 cases
2667 5597 2836 5669 Joan.
2869 5590 3141 5669 Cinnami
3177 5579 3320 5642 Hist.
3361 5587 3471 5669 lih.
3517 5603 3608 5669 3v,
3657 5579 3884 5669 cata-.16.

2251 5655 2603 5726 et‘N'icetam
2627 5667 2688 5724 in
2723 5663 2994 5722 Manuale
3025 5663 3327 5717 Comneno
3361 5659 3480 5726 VII,
3515 5661 3572 5728 5,
3613 5673 3671 5728 p.
3721 5655 3832 5710 137.
