4090 6298
247 430 399 494 1101

678 564 864 638 Τόμος
901 560 1144 621 εἰκοστὸς
1185 564 1458 639 πέμπτος.

324 676 455 750 Περὶ
487 679 584 729 105
653 671 930 747 δόγματος
981 676 1102 739 1‘05,
1142 675 1203 731 Ὁ
1268 676 1456 751 Πατὴρ
1529 697 1634 747 μου
1707 675 1905 748 μείξων

258 787 363 840 μου
428 762 596 833 lin-civ,
665 760 987 840 ἀναφυὲντος
1052 762 1138 817 ἐπὶ
1205 769 1302 819 τοῦ
1371 766 1543 820 αὐτοῦ
1614 764 1904 842 βασιλέως.

256 859 414 926 Ζῆτει
465 854 564 922 τὴν
626 852 931 926 λεγομένην
1001 856 1313 932 συγγραφήν
1386 854 1541 919 εὐθὺς
1609 855 1741 928 μετὰ
1804 857 1902 924 τήν

257 945 496 1019 κύρωσιν
526 945 622 996 τοῦ
652 941 904 995 τοιούτου
939 939 1212 1016 δόγματος
1255 946 1401 1018 παρὰ
1444 965 1554 999 τισι
1599 941 1902 1018 λεγομένην

252 1035 326 1095 ὡς
387 1033 462 1104 μή
526 1029 720 1086 ἐπίπαν
804 1029 1191 1104 ἀρεσκομένην·
1279 1032 1330 1086 ὲν
1501 1032 1556 1088 δὲ
1623 1036 1905 1108 συγγραφῇ

252 1125 485 1198 χρήσεις
563 1118 760 1199 σχεδὸν
841 1121 1052 1176 πάντων
1125 1126 1234 1177 τῶν
1313 1125 1482 1198 ἁγίων
1557 1122 1900 1200 ἐμφέρονται.

252 1213 384 1286 Περὶ
433 1208 490 1264 δὲ
537 1211 599 1264 τὸ
653 1207 816 1272 τέλος
862 1212 948 1264 καὶ
1003 1209 1400 1284 συλλογιστικά
1436 1234 1556 1268 τινα
1613 1211 1903 1283 κεφάλαια,

257 1302 380 1375 περὶ
412 1303 510 1355 105
543 1301 620 1371 μὴ
654 1296 762 1353 δεῖν
813 1301 906 1353 τὸν
965 1301 1197 1375 Χριστὸν
1247 1304 1348 1372 τὴν
1403 1301 1528 1376 μίαν
1585 1300 1904 1370 ὑπόστασιν,

254 1391 344 1446 καὶ
380 1389 470 1444 τὸν
503 1385 594 1442 ἕνα
627 1387 824 1462 Κύριον
855 1388 944 1442 καὶ
975 1391 1096 1444 Υἱὸν
1126 1394 1224 1444 105
1271 1396 1427 1458 Θεοῦ,
1485 1391 1575 1446 καὶ
1629 1391 1762 1464 μετά
1808 1392 1906 1459 τήν

254 1477 666 1549 ἐνανορώπησιν
700 1475 962 1534 ἐλάττονα
1019 1481 1115 1531 105
1162 1481 1370 1553 Ματρὸς
1419 1478 1592 1554 λέγειν
1649 1480 1724 1541 ὡς
1775 1500 1906 1555 σαρ-

257 1570 513 1646 κοφόρον.
549 1569 741 1641 Ἡμεῖς
773 1570 877 1644 γὰρ
905 1574 1075 1624 ταῦτα
1105 1571 1213 1646 οὐχ
1251 1571 1499 1647 εὕρομεν.
1557 1569 1740 1645 (Ἀλλ’
1795 1571 1905 1644 ἐγὼ

254 1663 421 1714 ταῦτα
469 1657 716 1734 εὑρηκὼς
772 1657 1086 1733 προσέθηκα
1138 1662 1274 1732 μετά
1330 1663 1428 1730 τὴν
1475 1663 1758 1736 καταρχὴν
1809 1664 1905 1715 τοῦ

256 1746 442 1824 τρίτου
479 1747 656 1818 τόμου
684 1753 785 1816 τῆς
817 1747 1094 1820 παρούσης
1129 1743 1374 1823 βίϐλου.)

734 1856 918 1928 Τόμος
957 1854 1199 1916 εἰκοστὸς
1228 1854 1406 1919 ἕκτος.

1595 435 1997 500 THESAURI
2042 441 2190 501 LIB.
2240 446 2290 503 I.

1928 584 1982 646 A

3503 453 3661 516 1102

2443 579 2633 634 Tomus
2661 581 2952 636 vicesimus
2983 584 3232 653 quintus.

2085 679 2165 736 De
2196 682 2462 754 dogmate
2492 685 2615 751 illo,
2652 691 2820 742 Pater
2873 705 3029 745 meus
3076 693 3260 763 major
3305 710 3394 750 me
3437 702 3516 750 est
3565 698 3664 768 (’7),

2014 771 2161 840 quod
2196 773 2308 826 sub
2337 775 2542 830 eodem
2576 777 2926 848 imperatore
2977 787 3240 836 exortum
3305 787 3410 839 est.
3462 787 3668 849 Quaere

2013 860 2202 932 ipsum
2225 867 2537 920 tractatum
2565 867 2760 922 statim
2777 872 2907 938 post
2929 869 3106 938 hujus
3127 871 3417 944 dogmatis
3447 877 3664 931 conﬁr-

2016 951 2350 1019 mationem,
2385 970 2560 1024 quam
2611 955 2845 1026 quidam
2907 958 3197 1028 dicebant,
3255 977 3371 1017 non
3423 965 3664 1021 omnino

2014 1040 2276 1112 placere:
2311 1043 2368 1096 in
2403 1060 2517 1114 quo
2547 1049 2798 1099 tractatu
2833 1046 2947 1100 fere
2997 1049 3260 1104 omnium
3314 1051 3662 1111 Sanctorum

2014 1130 2140 1186 loca
2158 1131 2498 1188 afferuntur.
2531 1134 2593 1189 In
2641 1133 2756 1189 ﬁne
2794 1152 2927 1190 vero
2959 1137 3149 1207 capita
3179 1141 3447 1209 quaedam
3479 1144 3658 1214 syllo-

2013 1220 2244 1293 gistica,
2277 1223 2430 1294 quod
2465 1239 2577 1279 non
2612 1229 2876 1294 oporteat
2927 1226 3247 1298 Christum,
3277 1230 3379 1302 qui
3425 1239 3511 1286 est
3543 1249 3662 1290 una

2015 1310 2364 1382 hypostasis,
2397 1327 2666 1382 unusque
2700 1313 2982 1369 Dominus
3013 1319 3066 1369 et
3104 1315 3281 1372 Filius
3340 1318 3460 1385 Dei,
3484 1319 3658 1377 etiam

2015 1405 2147 1471 post
2171 1399 2638 1456 Incurna'tionem
2670 1401 2953 1458 minorem
2988 1408 3155 1460 Patre
3213 1405 3426 1475 dicere,
3459 1412 3658 1481 utpote

2013 1506 2247 1545 carnem
2281 1491 2582 1548 ferentem.
2616 1496 2731 1548 Nos
2762 1494 2917 1548 enim
2948 1493 3070 1550 haec
3127 1512 3244 1551 non
3302 1502 3654 1569 reperimus.

2016 1584 2080 1634 Et
2109 1580 2286 1635 altera
2314 1597 2523 1637 manu:
2556 1583 2628 1636 At
2657 1597 2761 1652 ego
2793 1598 2926 1637 cum
2960 1585 3330 1656 reperissem,
3362 1595 3492 1659 post
3549 1589 3660 1643 ini-

2017 1667 2161 1723 tium
2193 1669 2349 1725 tertii
2381 1671 2523 1726 tomi
2555 1670 2802 1741 hujusce
2833 1670 2966 1728 libri
3000 1673 3207 1745 adjeci.

2460 1869 2647 1923 Tomus
2676 1868 2971 1924 vicesimus
2997 1878 3203 1926 sextus.

327 1961 455 2036 Περὶ
507 1966 604 2016 105
662 1959 936 2036 δόγματος
999 1967 1096 2018 105
1151 1968 1283 2018 Θεοῦ
1339 1968 1436 2019 105
1490 1963 1756 2038 Μωάμετ,
1810 1967 1901 2019 τοῦ

2088 1976 2164 2029 De
2193 1973 2460 2044 dogmate
2492 1975 2587 2030 Dei
2619 1975 2950 2032 Mahcmeth
2985 1977 3084 2050 (8),
3119 1979 3272 2050 quod
3305 1979 3508 2036 eodem
3540 1981 3658 2037 im-

258 2051 589 2123 λαληθὲντος
617 2050 702 2107 ἔπὶ
736 2056 832 2106 τοῦ
862 2051 1027 2106 αὐτοῦ
1063 2051 1353 2128 βασιλέως.

687 2162 873 2234 Τόμος
914 2161 1157 2225 εἰκοστὸς
1193 2157 1451 2236 ἕϐδομος.

326 2271 454 2345 Περὶ
523 2274 620 2323 105
681 2265 956 2343 δόγματος
1012 2272 1120 2323 τῶν
1183 2270 1340 2324 θείων
1428 2269 1740 2345 μυστηρίων
1803 2274 1900 2325 τοῦ

253 2358 562 2429 κινηθέντος
640 2356 729 2411 ἐπὶ
802 2361 901 2422 τῆς
983 2355 1259 2433 βασιλείας
1332 2362 1430 2413 105
1507 2356 1556 2430 ἐξ
1626 2357 1902 2432 Ἀγγὲλων

254 2448 499 2520 Ἀλεξίου
529 2450 624 2501 105
658 2448 972 2517 Κομνηνοῦ,
1003 2450 1100 2501 105
1139 2448 1228 2502 καὶ
1267 2448 1634 2520 κυρώσαντος,
1659 2445 1903 2524 ἄφθαρτα

255 2536 496 2612 λέγεσθαι
528 2539 694 2591 ταῦτα
724 2534 812 2590 καὶ
848 2537 926 2610 μή
960 2537 1194 2611 φθκρτά.

327 2709 404 2776 (7)
435 2708 513 2763 De
543 2707 652 2763 hac
684 2708 1072 2764 controversia
1103 2725 1203 2779 per
1247 2707 1606 2764 Demetrium
1659 2707 1905 2779 Lampe-

254 2797 390 2834 num
425 2784 582 2834 mota
611 2780 740 2834 vide
772 2779 1120 2850 cinnamum
1154 2779 1253 2836 lib.
1285 2793 1358 2849 vr,
1385 2780 1528 2835 Hist.
1589 2796 1720 2850 pag.
1783 2781 1906 2849 147,

257 2852 511 2908 Nicetam
538 2851 597 2905 in
631 2849 889 2905 Manuale
922 2851 1217 2907 Comneno
1248 2851 1349 2907 lib.
1384 2868 1486 2918 vn,
1519 2849 1646 2921 cap.
1677 2852 1733 2906 5.

325 2923 404 2993 (8)
450 2927 600 2978 Num
665 2923 1032 2978 anathemate
1090 2923 1458 2978 devovendus
1516 2926 1689 2989 esset,
1749 2923 1904 2992 quod

255 2993 482 3050 Manuel
511 2997 844 3051 Comnenus
866 2995 1116 3051 vetabat.
1154 2995 1294 3051 Vide
1320 2995 1532 3051 Nicetes
1573 2994 1905 3050 Manuelem

2015 2067 2252 2134 perante
2277 2064 2599 2136 expositum
2629 2065 2762 2123 fuit.

2421 2174 2612 2227 Tomus
2640 2172 2936 2229 vicesimus
2962 2179 3246 2247 septimus.

2081 2283 2162 2334 De
2193 2279 2461 2349 dogmate
2501 2279 2832 2335 divinorum
2903 2283 3314 2354 mysteriorum
3369 2284 3472 2358 (9),
3506 2286 3663 2344 exci-

2010 2371 2130 2423 tato
2162 2370 2272 2424 sub
2304 2368 2548 2439 imperio
2605 2369 2787 2425 Alexii
2849 2375 3122 2428 Comneni
3176 2373 3403 2446 Angeli,
3463 2376 3562 2448 qui
3609 2380 3666 2433 et

2014 2457 2265 2514 decrevit
2297 2458 2412 2514 haec
2443 2459 2932 2532 incorruptibilia,
2975 2479 3088 2518 non
3141 2467 3335 2519 autem
3374 2466 3663 2538 corrupti-

2014 2547 2174 2618 bilia,
2198 2547 2313 2602 dici
2345 2553 2629 2619 oportere.

2013 2707 2506 2783 Comnenumglib.
2561 2726 2654 2783 ut,
2703 2725 2828 2783 cap.
2887 2710 3268 2783 6._Sylburgi
3322 2713 3665 2772 Saracenica

2015 2797 2151 2854 p_ag._
2178 2781 2266 2844 86,
2302 2781 2423 2854 133ἓ
2450 2797 2574 2854 seq.
2608 2780 2912 2837 Vedelium
2945 2781 3016 2838 de
3040 2780 3358 2854 prudentia
3398 2785 3524 2841 Vet.
3559 2788 3658 2843 Ec-

2015 2851 2204 2906 clesiae
2239 2867 2368 2922 pag.
2400 2853 2528 2916 2l6,
2560 2868 2682 2922 seq.

2089 2923 2162 2994 (9)
2189 2922 2394 2999 Qont‘er
2417 2924 2766 2999 Iflicetamin
2785 2923 2983 2981 Alexio
3025 2927 3245 2999 Angelo
3285 2927 3384 2983 lib.
3420 2946 3498 2995 III,
3531 2947 3660 2999 cap.

2015 2995 2135 3060 3,et
2160 2994 2392 3051 MichJe
2413 2995 2595 3058 Quien
2619 2996 2690 3052 ad
2742 2994 3162 3054 Damascenum
3213 3003 3255 3056 t.
3289 3001 3334 3068 Ι,
3368 2994 3497 3073 pag.
3531 2994 3658 3060 653.

982 3423 1771 3591 NICET/E
1853 3422 2935 3590 CHONIAT/E

645 3737 1479 3836 THESAURI
1632 3736 2670 3832 ORTHODOX/E
2808 3739 3267 3837 FIDEI

1525 3965 1854 4052 LIBER
1949 3962 2382 4054 PRIMUS

1041 4172 1122 4224 De
1153 4167 1638 4243 philosophorum
1671 4167 2040 4225 ethnicorum
2073 4171 2131 4224 et
2166 4168 2503 4226 Judeeorum
2535 4169 2851 4230 erroribus.

851 4433 1284 4492 PROOEMIUM.

320 4533 458 4603 Deo,
494 4535 703 4605 Deique
734 4533 1057 4590 cultoribus
1081 4535 1218 4606 quid
1253 4536 1322 4590 ad
1374 4534 1488 4601 sui,
1521 4552 1742 4606 quaeso,
1773 4553 1900 4608 per-

247 4623 553 4679 fectionem
580 4625 854 4681 accedere
913 4624 1145 4696 possit?
1197 4623 1297 4678 Ille
1353 4624 1691 4693 enim,cum
1734 4641 1898 4697 expe-

247 4716 549 4770 tendorum
581 4716 841 4771 omnium
877 4714 1132 4787 primum
1165 4717 1222 4769 et
1242 4729 1544 4769 summum
1569 4713 1668 4779 sit,
1698 4730 1898 4771 eorum

243 4808 392 4858 certe
424 4821 552 4875 quas
584 4807 722 4859 sunt
752 4803 812 4859 in
848 4819 1044 4859 rerum
1107 4807 1317 4858 natura
1380 4800 1602 4856 nullius
1651 4800 1896 4873 indiget.

243 4892 538 4964 Siquidem
574 4900 629 4948 et
660 4909 728 4948 ex
758 4893 906 4964 ipso,
939 4897 997 4948 et
1026 4909 1131 4965 per
1186 4892 1383 4964 ipsum
1442 4889 1642 4945 omnia
1673 4890 1782 4946 hoc
1811 4891 1898 4962 ip-

244 4997 400 5048 sum,
433 4985 495 5036 ut
523 4986 742 5050 essent,
775 4983 981 5038 sortita
1057 4986 1216 5038 sunt.
1266 4981 1336 5036 Hi
1413 4984 1609 5035 autem
1665 4980 1898 5035 virtutis

241 5069 545 5134 beneficio,
578 5073 768 5142 quoad
803 5073 930 5142 ejus
974 5072 1318 5126 humanitus
1374 5069 1500 5124 ﬁeri
1558 5073 1768 5140 potest,
1824 5069 1898 5125 ad

242 5160 428 5216 Deum
489 5161 748 5232 proxime
806 5161 1172 5229 accedentes,
1221 5158 1663 5230 divinitatisque
1717 5160 1898 5230 parti-

241 5249 402 5321 cipes
461 5248 671 5316 ell'ecti,
731 5265 795 5304 ex
855 5249 984 5318 ejus
1037 5250 1202 5318 capia
1262 5264 1430 5304 suam
1481 5247 1898 5320 suppleverunt

237 5339 520 5411 inopiam,
556 5338 674 5393 imo
735 5354 868 5393 vero
925 5343 1076 5392 Deus
1129 5337 1253 5408 ipse
1308 5336 1380 5392 ad
1427 5335 1733 5392 hominum
1768 5339 1900 5392 vota

239 5429 499 5500 seipsum
519 5427 1054 5491 accommodans,si
1089 5426 1230 5496 quid
1254 5440 1453 5480 eorum
1478 5443 1609 5498 qua
1649 5424 1898 5496 largitus

241 5522 331 5570 est
359 5518 432 5572 ab
465 5517 579 5573 illis
640 5505 941 5584 otl'eratur,
1003 5514 1058 5569 id
1119 5515 1170 5569 ei
1218 5517 1579 5586 pergratum,
1612 5518 1896 5586 tanquam

240 5609 461 5660 certum
496 5607 628 5663 ﬁdei
663 5607 984 5678 specimen,
1015 5619 1231 5676 perque
1254 5603 1590 5674 jucundum
1647 5609 1756 5659 est.
1791 5603 1893 5659 Ille

239 5707 381 5748 sane
405 5709 594 5766 neque
627 5695 967 5752 offerentem
1025 5697 1352 5762 aversatur,
1415 5709 1603 5766 neque
1661 5709 1792 5748 raro
1835 5709 1898 5749 se

239 5779 513 5852 precibus
543 5785 669 5857 ipse
705 5783 920 5858 placari
972 5782 1164 5854 jubet,
1227 5785 1292 5838 ut
1332 5781 1442 5839 hoc
1476 5785 1644 5854 pacto
1693 5781 1753 5840 in
1802 5782 1898 5839 die

1922 4437 1966 4504 C
2006 4437 2339 4496 afﬂictionis
2371 4439 2526 4496 mala
2548 4440 2745 4511 procul
2768 4442 3042 4514 aspellat,
3062 4449 3119 4501 et
3141 4447 3362 4504 meritis
3379 4449 3658 4523 deinceps

2007 4527 2281 4584 laudibus
2313 4528 2658 4586 celebretur.
2690 4535 2972 4588 Caeterum
3032 4534 3133 4605 qui
3190 4536 3261 4591 ad
3319 4537 3504 4594 Deum
3555 4555 3658 4611 per

2007 4617 2280 4674 virtutem
2307 4618 2566 4690 proxime
2604 4621 2915 4686 accedunt,
2947 4638 3052 4679 nec
3104 4623 3374 4681 humanas
3431 4631 3654 4685 naturae

2006 4707 2290 4763 terminos
2320 4710 2694 4780 transgressi,
2725 4727 2829 4766 nec
2867 4714 3105 4768 omnino
3153 4715 3436 4771 Martham
3465 4715 3654 4786 illam,

2007 4813 2134 4867 quae
2163 4797 2389 4868 corpori
2419 4800 2677 4854 curando
2708 4803 3040 4857 necessaria
3095 4803 3333 4874 satagit,
3381 4807 3653 4877 aversati,

2007 4887 2182 4942 rebus
2214 4887 2451 4958 insuper
2481 4905 2614 4943 cum
2656 4890 2840 4944 Maria
2899 4892 3366 4963 contemplandis
3423 4894 3654 4968 intenti,

2006 4982 2061 5028 et
2091 4973 2243 5030 comi
2276 4974 2750 5045 supplicantibus
2807 4975 3065 5050 alloquio
3121 4983 3492 5052 respondent,
3551 5000 3656 5039 nec

2007 5078 2068 5117 se
2101 5079 2338 5133 prorsus
2368 5063 2775 5134 implacabiles
2808 5065 2945 5134 illis,
2972 5067 3472 5143 inexpiabilesque
3513 5089 3658 5145 pras-

2006 5155 2184 5218 stant,
2219 5156 2276 5208 et
2305 5169 2432 5223 quae
2465 5153 2533 5208 ad
2569 5153 2933 5224 spiritualem
2968 5160 3142 5213 vitam
3197 5162 3526 5217 necessaria
3572 5163 3656 5217 vi-

2007 5241 2235 5309 dentur,
2267 5240 2502 5296 candidi
2551 5243 2888 5312 petentibus
2948 5245 3338 5318 impertiunt:
3399 5249 3658 5306 vicissim

2006 5330 2180 5384 etiam
2213 5327 2325 5399 ipsi
2365 5344 2728 5400 quaecunque
2789 5332 3064 5389 virtutem
3136 5353 3250 5392 non
3303 5336 3656 5410 adulterant,

2005 5416 2451 5487 benignissime,
2486 5417 2533 5473 si
2567 5427 2981 5491 suggerantur,
3011 5423 3334 5496 excipiunt.

2076 5506 2191 5561 Hac
2218 5505 2415 5578 itaque
2447 5505 2515 5562 de
2542 5523 2742 5573 causa,
2775 5510 2862 5565 vir
2888 5512 3085 5569 animo
3125 5529 3253 5570 meo
3302 5514 3472 5588 longe
3525 5517 3662 5574 cha-

2005 5595 2256 5661 rissime,
2288 5610 2393 5667 ego
2425 5595 2662 5666 quidem
2697 5597 2840 5653 nihil
2873 5615 3075 5656 eorum
3134 5603 3346 5674 quibus
3402 5607 3477 5662 ali
3536 5624 3659 5663 cor-

2005 5703 2115 5757 pus
2147 5689 2202 5740 et
2248 5685 2563 5741 sustentari
2617 5686 2784 5755 solet,
2847 5689 3046 5760 pietati
3096 5695 3209 5746 tuae
3269 5695 3654 5764 suppeditavi,

2003 5792 2072 5832 ex
2101 5791 2217 5848 quo
2249 5777 2314 5830 tu
2344 5776 2646 5832 communi
2707 5793 2938 5834 mecum
2989 5778 3224 5848 jactura
3255 5782 3529 5851 gentibus
3581 5774 3655 5840 ad
