4090 6298
492 388 648 460 1103

1813 381 2119 444 ΝΙΟΕΤᾸΞ
2161 381 2576 444 ΟΗΟΝΙΑἸἾΕ

3745 382 3890 444 1104

487 521 759 580 Occiduis
792 521 983 577 natale
1013 519 1202 576 solum
1231 521 1454 574 vertere
1512 521 1744 574 coactus
1802 533 1886 573 es.
1943 519 2136 587 Atque
2165 521 2219 598 Α
2252 516 2471 573 nullius
2503 533 2616 574 non
2649 517 3031 590 turpitudinis
3069 521 3204 574 nota
3258 517 3614 589 insignibus,
3663 519 3726 574 in
3769 536 3888 576 sen-

485 613 609 668 haac
649 628 717 668 eo
748 628 890 668 sane
929 627 1046 666 non
1092 609 1238 672 dico,
1297 608 1433 678 quia
1491 607 1694 662 nullus
1748 621 1949 661 eorum
2009 621 2136 676 quae

487 709 626 758 sunt
653 702 712 755 in
745 715 936 755 rerum
969 702 1174 753 natura
1203 698 1328 768 ipse
1363 697 1656 768 indigeam
1701 695 1834 766 (hoc
1873 695 2032 750 enim
2067 711 2138 748 ne

487 793 642 847 Elias
671 789 932 862 quidem,
974 787 1302 842 sobriorum
1359 785 1578 855 alioqui
1625 785 2138 856 jejunantiumque

485 881 778 952 primitiae,
815 877 1100 950 praestitit.
1158 876 1374 946 Aﬂeres
1415 875 1572 928 enim
1625 875 1783 942 mihi,
1817 874 2010 943 inquit
2040 871 2136 926 ille

482 970 690 1038 viduae,
723 967 1022 1022 buccellam
1052 981 1261 1036 quoque
1309 966 1474 1030 panis
1509 966 1560 1018 et
1613 962 1785 1033 facies
1835 962 1973 1016 mihi
2017 977 2136 1032 pr:-

481 1077 635 1117 mum
661 1059 1086 1115 subcinericium
1113 1073 1333 1128 panem,
1360 1055 1495 1126 ﬁliis
1517 1063 1710 1110 autem
1739 1056 1850 1108 tuis
1869 1063 2060 1125 postea
2093 1055 2134 1110 ¹.

481 1154 606 1207 Imo
664 1165 820 1214 vero,
872 1165 946 1204 ne
1005 1162 1170 1201 meus
1230 1145 1462 1216 quidem
1515 1142 1615 1198 ille
1673 1144 1943 1214 idemque
1993 1147 2132 1197 tuus

477 1241 673 1305 Jesus,
707 1239 806 1311 qui
841 1237 1120 1308 tantisper
1176 1236 1314 1290 dum
1375 1235 1434 1288 in
1493 1233 1662 1288 terris
1719 1236 1986 1287 versatus
2016 1235 2128 1300 est,

479 1329 551 1384 iis
582 1345 728 1400 opus
776 1325 1002 1390 habuit,
1063 1340 1189 1393 quae
1247 1321 1454 1378 alendo
1513 1321 1742 1391 corpori
1801 1319 2131 1375 necessaria

479 1425 638 1484 sunt,
669 1417 770 1473 sed
802 1432 927 1472 cum
967 1415 1287 1486 iejunasset,
1316 1421 1505 1482 postea
1535 1409 1791 1480 esuriz'tz,
1827 1416 1891 1464 ut
1923 1410 2129 1463 huma-

478 1508 682 1563 nitatis
703 1509 1018 1574 assumptis
1043 1503 1216 1558 fidem
1241 1501 1476 1571 faceret)
1500 1518 1513 1568 ;
1537 1515 1740 1554 verum
1765 1498 1904 1570 quia
1951 1499 2129 1553 bene-

475 1597 761 1665 volentiae,
815 1611 933 1667 qua
961 1599 1018 1649 te
1049 1608 1389 1664 prosequor,
1429 1591 1733 1663 spirituale
1787 1590 1896 1644 tibi
1953 1604 2128 1660 quam

477 1686 770 1758 corporale
803 1684 1100 1757 specimen
1137 1681 1228 1737 edi
1289 1681 1491 1750 mavis,
1543 1685 1609 1735 ut
1665 1679 1766 1750 qui
1825 1678 1965 1734 satis
2001 1677 2129 1750 ipse

476 1793 580 1849 per
607 1783 660 1830 te
709 1776 1094 1830 commeatum
1157 1771 1250 1826 vix
1307 1769 1455 1825 mihi
1511 1784 1818 1841 superesse
1875 1767 2126 1833 noveris,

475 1865 573 1937 qui
605 1862 923 1920 comitibus
956 1861 1104 1916 meis
1133 1864 1190 1915 et
1241 1859 1530 1916 ministris
1581 1857 1808 1914 alendis
1853 1855 2126 1924 sufﬁciat,

473 1971 606 2011 cum
641 1951 964 2026 praesrtim
997 1949 1363 2022 peregrinam
1404 1949 1465 2004 in
1520 1947 1819 2019 regionem
1877 1945 2122 2002 commi-

471 2045 778 2116 graverim,
837 2045 897 2096 et
954 2040 1025 2095 ad
1087 2037 1370 2109 Bithyniae
1447 2034 1816 2108 metropolim
1874 2035 2125 2092 Nicaeam

469 2129 913 2188 tabernaculum
951 2128 1198 2190 ﬁxerim,
1258 2125 1358 2181 ubi
1417 2126 1564 2192 vitae,
1625 2124 1779 2196 quod
1833 2128 2123 2194 superest,

463 2222 624 2276 velut
653 2217 877 2274 inutilis
909 2215 1094 2284 exsul,
1127 2216 1472 2286 advenaque
1493 2213 1831 2285 despicatus
1881 2213 2120 2284 agitem.

467 2312 752 2367 Caeterum
811 2309 962 2378 quod
1030 2325 1060 2360 a
1149 2320 1542 2376 saepenumero
1628 2303 2008 2375 requisivisti,
2065 2307 2124 2358 et

465 2398 766 2470 ﬂagitasti,
801 2397 856 2451 id
889 2412 1023 2450 vero
1057 2395 1162 2448 tibi
1209 2393 1564 2464 perlibenter
1620 2393 1884 2458 exhibeo,
1917 2393 2120 2447 elucu-

469 2490 693 2544 bratam
727 2485 948 2542 scilicet
977 2490 1032 2539 et
1089 2482 1444 2538 elaboratam
1504 2482 1794 2536 haereseon
1853 2481 2120 2536 omnium

472 2581 852 2648 (arraginem,
915 2587 1134 2627 munus
1191 2571 1428 2641 quidem
1515 2575 1691 2636 certe,
1761 2569 1918 2641 quod
1977 2569 2126 2624 nutli

469 2681 670 2720 eorum
701 2681 829 2735 quae
866 2661 1134 2718 homines
1166 2659 1222 2713 in
1248 2659 1434 2730 pretio
1456 2658 1696 2723 habent,
1729 2658 2121 2730 postponitur,

469 2756 563 2811 sed
603 2760 667 2810 ut
693 2753 864 2824 longe
894 2749 1157 2806 omnium
1192 2747 1682 2820 pretiosissimum
1725 2751 1782 2802 et
1839 2748 2123 2802 excellen-

469 2843 764 2902 tissimum
823 2841 1138 2912 iudicatur,
1206 2853 1335 2892 cum
1395 2837 1467 2892 ab
1528 2837 1600 2892 iis
1659 2837 1759 2908 qui
1847 2836 2122 2908 pietatem

465 2948 781 3004 eorumque
839 2931 982 2986 adeo
1039 2925 1461 2999 cognitionem,
1520 2943 1650 2996 quas
1708 2925 1779 2980 de
1848 2925 2123 2981 Numinis

466 3023 628 3080 cultu
659 3021 872 3076 sentire
904 3023 1072 3088 atque
1105 3033 1206 3088 pro
1245 3015 1385 3069 ratis
1445 3014 1660 3069 habere
1714 3019 1964 3084 oportet,
2015 3031 2122 3069 cae-

467 3111 608 3168 teris
640 3109 816 3165 rebus
842 3107 1118 3161 omnibus
1168 3103 1456 3158 anteferre
1516 3101 1758 3156 solent:
1807 3105 1933 3156 tum
1991 3119 2122 3157 vero

467 3201 552 3256 vel
585 3196 832 3253 maxime
851 3195 922 3248 ab
950 3194 1020 3247 iis
1043 3192 1142 3262 qui
1177 3207 1290 3246 non
1332 3190 1557 3245 multos
1605 3189 1863 3245 evolvere
1917 3189 2118 3260 libros,

2249 623 2378 661 sum
2413 606 2632 662 scilicet
2679 610 2986 678 reprobum
3035 605 3207 678 lapsi,
3259 607 3330 662 ad
3375 624 3560 679 eaque
3608 607 3890 676 facienda,

2249 711 2377 765 quas
2419 697 2660 751 minime
2692 697 3066 760 conveniunt,
3103 696 3384 767 proclives
3443 698 3884 767 impertiviuius.

2249 783 2324 838 Ex
2371 801 2486 856 quo
2536 789 2746 852 evenit,
2807 791 2872 840 ut
2923 802 3036 840 una
3083 787 3351 840 omnium
3399 785 3723 858 eademque
3771 805 3886 856 vox,

2247 889 2430 928 unum
2483 875 2756 946 idemque
2803 873 3027 930 labium
3081 878 3138 928 in
3203 875 3396 930 varias
3446 883 3501 930 et
3544 875 3886 948 multiplices

2244 961 2472 1034 linguas
2503 967 2826 1020 evaserint:
2865 971 3040 1034 atque
3071 964 3274 1018 eadem
3307 981 3484 1035 cpera
3541 967 3752 1021 unicus
3801 969 3886 1022 ille

2248 1053 2345 1108 Dei
2387 1053 2578 1109 cultus
2623 1054 2680 1108 in
2730 1053 2960 1108 diversa
3006 1052 3332 1123 linguarum
3375 1054 3662 1110 idiomata
3705 1057 3885 1112 multi-

2245 1143 2492 1213 plicatus
2541 1144 2945 1214 diesectusque
2989 1143 3080 1210 sit,
3133 1147 3197 1198 ut
3244 1146 3336 1197 vix
3371 1145 3690 1215 quicquam
3733 1162 3880 1215 repe-

2243 1233 2380 1298 rias,
2416 1233 2472 1288 in
2507 1250 2622 1305 quo
2655 1235 2906 1304 majores
2939 1249 3117 1304 quam
3150 1233 3206 1286 in
3237 1250 3302 1287 ea
3333 1251 3460 1304 quae
3493 1236 3562 1288 de
3589 1237 3702 1290 Deo
3729 1236 3878 1290 insti-

2241 1323 2428 1377 tuitur
2459 1323 2682 1376 ratione
2735 1323 3041 1376 varietates
3097 1321 3400 1377 exsistant.
3449 1321 3750 1394 Siquidem
3794 1323 3877 1378 alii

2241 1410 2378 1481 alia,
2411 1409 2508 1465 alii
2541 1413 2681 1466 item
2713 1411 2783 1466 ab
2818 1411 2909 1466 his
2938 1410 3187 1478 diversa,
3223 1411 3442 1483 aliique
3493 1429 3700 1468 rursus
3746 1413 3874 1467 sibi-

2237 1501 2384 1572 ipsis
2414 1499 2726 1565 contraria,
2758 1501 3011 1570 denique
3054 1501 3126 1554 ab
3179 1500 3338 1554 hisce
3377 1501 3476 1556 alii
3517 1501 3873 1558 dissentanea

2239 1589 2554 1646 commenti
2586 1597 2726 1644 sunt
2757 1594 2812 1645 et
2843 1591 3186 1646 docuerunt.
3215 1589 3492 1654 Quocirca
3530 1595 3596 1646 ut
3634 1597 3870 1648 veterum

2237 1681 2412 1736 etiam
2467 1679 2869 1751 theologorum
2929 1679 3189 1752 plerique
3245 1683 3316 1736 de
3368 1680 3690 1738 haeresibus
3745 1683 3872 1738 scri-

2238 1771 2483 1842 pserint,
2517 1787 2632 1824 non
2687 1774 2886 1824 tamen
2948 1769 3247 1825 universas
3306 1771 3522 1841 singuli
3575 1778 3716 1828 sunt
3771 1789 3871 1827 uno

2238 1859 2659 1916 commentario
2690 1858 2996 1930 complexi,
3057 1875 3162 1914 nec
3221 1859 3526 1932 sigillatim
3589 1878 3869 1932 percurre-

2237 1953 2394 2005 runt.
2429 1948 2832 2004 Thecdoretus
2859 1948 3038 2013 enim,
3099 1951 3185 2003 vir
3241 1949 3300 2004 in
3359 1950 3574 2006 divinis
3619 1951 3869 2006 exercita-

2234 2037 2526 2102 tissimus,
2559 2035 2795 2092 illarum
2829 2036 3154 2106 catalogum
3189 2038 3506 2104 contexuit,
3547 2040 3702 2111 quud
3749 2045 3865 2094 ante

2233 2143 2366 2182 eum
2403 2126 2496 2181 alii
2521 2143 2756 2198 quoque
2788 2127 3068 2193 fecerunt,
3132 2127 3380 2199 illasque
3445 2129 3608 2184 velut
3663 2145 3692 2184 e
3745 2146 3858 2198 pro-

2231 2215 2426 2271 cinctu
2459 2217 2890 2282 dissecuerunt,
2925 2221 2981 2270 et
3011 2227 3288 2287 tanquam
3335 2219 3533 2272 fenum
3595 2223 3856 2274 tectorum

2234 2304 2491 2360 ﬂammis
2524 2306 2868 2373 injecerunt,
2899 2313 3186 2376 quotquot
3215 2306 3340 2360 suis
3400 2307 3687 2378 cujusque
3733 2313 3856 2361 tem-

2234 2394 2474 2465 poribus
2507 2401 2716 2450 exortae
2749 2401 2905 2460 sunt,
2943 2397 3096 2450 velut
3128 2395 3356 2450 aconita
3396 2397 3642 2464 scilicet,
3669 2397 3858 2468 quibus

2233 2486 2461 2540 sincera
2493 2501 2738 2557 quaeque
2768 2491 3301 2557 corrumperentur.

2305 2575 2476 2629 Liber
2506 2579 2724 2641 autem,
2759 2574 2858 2644 qui
2893 2573 3222 2645 dogmatica
3281 2575 3555 2646 Pan0plia
3611 2575 3850 2632 inscribi-

2235 2663 2344 2718 bur
2372 2665 2474 2734 (1),
2529 2671 2593 2719 ut
2651 2665 2872 2736 priscas
2913 2665 3178 2720 haereses
3249 2666 3658 2738 compendiose
3727 2682 3843 2720 sane

2233 2753 2612 2821 recensuerit,
2647 2759 2816 2825 atque
2847 2771 2880 2808 a
2920 2753 3173 2809 Sabellio
3225 2755 3387 2822 Afro,
3445 2759 3502 2810 et
3559 2753 3842 2820 nonnullis,

2234 2843 2334 2912 qui
2357 2850 2619 2914 tempora
2649 2842 2808 2898 illius
2859 2847 3305 2914 praecesserunt,
3354 2843 3586 2899 initium
3625 2842 3839 2902 duxerit.

2235 2947 2357 3001 quae
2379 2938 2531 2988 certe
2561 2949 2595 2988 a
2625 2933 2893 2988 Patribus
2925 2934 2992 2987 ad
3039 2931 3272 2988 illarum
3320 2933 3663 2989 eversionem
3709 2932 3839 2984 dicta

2235 3021 2373 3089 sint,
2403 3021 2713 3092 permultis
2742 3021 2802 3076 in
2835 3023 3195 3077 sectionibus
3226 3023 3596 3094 praetermisit
3635 3037 3647 3078 :
3677 3033 3836 3090 neque

2236 3111 2594 3166 mentionem
2629 3110 2808 3165 ullam
2846 3112 2996 3178 fecit,
3041 3112 3336 3167 undenam
3396 3111 3696 3168 earumdem
3736 3121 3820 3160 au-

2235 3205 2420 3254 ctores
2453 3203 2645 3255 ortum
2680 3199 3010 3268 habuerint,
3045 3201 3498 3274 cujusmodique
3525 3201 3664 3254 vitam
3693 3193 3816 3247 vixe-

473 3289 686 3344 nedum
711 3287 1004 3340 basreseon
1027 3281 1416 3352 cognitionem
1443 3279 1690 3350 adipisci
1729 3285 1999 3350 possunt,
2031 3282 2119 3336 vel
2162 3261 2203 3327 (ἶ
2235 3290 2372 3344 rint,

471 3377 608 3448 quia
641 3371 870 3429 lectioni
903 3386 1106 3425 vacare
1136 3369 1442 3423 commodo
1473 3367 1591 3422 illis
1649 3366 1944 3439 integrum
2006 3386 2122 3424 non

471 3472 579 3530 est,
633 3463 720 3519 vel
779 3462 920 3533 quia
974 3460 1085 3514 alio
1146 3458 1392 3514 artificio
1448 3456 1830 3528 exploratoris
1888 3457 2120 3514 Satanae

471 3556 636 3611 dolos
666 3571 698 3609 a
729 3569 790 3608 se
820 3549 1045 3606 amoliri
1080 3548 1430 3603 didicerunt.

541 3647 923 3718 Hippocrates
953 3642 1132 3714 igitur
1163 3639 1260 3694 ille
1292 3639 1441 3694 Cous
1496 3639 1569 3693 de
1627 3643 1748 3695 arte
1803 3639 2118 3708 disserens,

473 3754 600 3809 quae
624 3734 931 3790 hominum
963 3729 1280 3786 valetudini
1311 3727 1588 3794 consulit,
1611 3727 1768 3784 hunc
1800 3729 1856 3784 in
1883 3729 2119 3784 modum

473 3825 841 3899 perapposita
893 3821 1307 3877 ratiocinatur:
1368 3819 1427 3874 Si
1501 3819 1674 3874 homo
1735 3835 1919 3873 unum
1978 3821 2118 3874 sim-

472 3914 670 3984 plexve
701 3911 839 3982 quid
873 3915 1046 3976 esset,
1089 3905 1288 3962 dolore
1340 3913 1492 3961 certe
1552 3905 1711 3961 nullo
1763 3914 1862 3960 aut
1915 3907 2117 3962 morbo

469 4005 798 4057 afficeretur
830 4015 844 4053 :
873 4003 932 4053 at
962 3996 1231 4067 quisquis
1263 3995 1496 4066 pietatis
1547 3995 1846 4050 studiosus
1893 3999 2000 4062 est,
2060 3999 2118 4051 et

469 4089 792 4145 multiﬁdas
825 4087 1115 4141 haereseon
1151 4085 1370 4139 formas
1399 4101 1545 4150 mare
1576 4085 1704 4146 fert,
1751 4100 1863 4138 non
1910 4084 2116 4138 absur-

469 4181 538 4233 de
569 4193 710 4232 sane
758 4177 840 4230 ita
899 4173 1280 4228 ratiocinatus
1338 4174 1436 4228 sit.
1495 4173 1550 4227 Si
1603 4175 1662 4226 in
1719 4173 1964 4244 pristina
2015 4173 2120 4230 illa

467 4265 798 4322 conditione
829 4263 1346 4334 acquievissemus,
1375 4277 1480 4316 nec
1529 4278 1597 4317 ea
1645 4263 1960 4333 despicatui
2011 4262 2114 4318 ha-

468 4355 825 4420 buissemus,
859 4370 982 4424 quae
1031 4351 1365 4423 praescripta
1405 4351 1576 4406 nobis
1616 4355 1674 4405 et
1711 4351 1980 4422 imperata
2001 4353 2118 4408 fuc-

467 4451 622 4512 runt,
656 4460 840 4498 unum
893 4443 1092 4514 utique
1142 4441 1325 4496 Deum
1373 4439 1758 4504 novissemus,
1811 4445 1986 4512 atque
2034 4442 2116 4496 ita

463 4551 532 4589 ex
553 4536 678 4604 ejus
711 4537 858 4588 nutu
892 4529 1403 4603 dependiszemus,
1437 4537 1502 4583 ut
1536 4527 1737 4584 nullus
1787 4530 1859 4584 ab
1911 4545 1978 4585 ea
2009 4547 2113 4586 nos

2307 3378 2417 3448 Ego
2449 3393 2583 3433 vero
2617 3377 2817 3448 pietati
2851 3383 2964 3433 tute
2995 3378 3385 3450 gratiﬁcatus,
3432 3377 3682 3446 facileque
3711 3387 3832 3426 con-

2219 3466 2435 3537 jiciens
2467 3467 2608 3538 quid
2639 3467 2744 3522 tibi
2803 3485 2980 3540 super
3035 3485 3102 3524 ea
3161 3485 3222 3524 re
3281 3471 3632 3540 propositum
3661 3462 3841 3533 etjam

2227 3557 2614 3611 constitutum
2646 3556 3003 3626 sit,haereses
3025 3574 3152 3628 quas
3173 3559 3286 3630 jam
3324 3559 3456 3612 olim
3487 3555 3846 3616 emerserunt,

2227 3645 2286 3700 in
2318 3646 2772 3702 commentarios
2807 3646 3090 3718 redigam,
3125 3653 3350 3702 nostras
3393 3646 3606 3714 aliquot
3654 3643 3851 3696 conlu-

2225 3735 2500 3801 tationes,
2534 3736 2866 3808 perspicuas
2897 3737 3136 3808 quidem
3167 3737 3288 3790 illas
3317 3737 3374 3788 et
3402 3731 3682 3788 dilucidas
3718 3729 3855 3784 sub-

2219 3824 2558 3892 juucturus.
2595 3825 2808 3880 Deinde
2857 3841 2954 3880 eas
3003 3840 3234 3897 quoque
3273 3819 3666 3894 agglutinabo,
3718 3836 3856 3889 qua-

2227 3929 2358 3968 rum
2409 3914 2744 3986 Dogmalica
2787 3913 3064 3986 Pan0plia
3107 3913 3389 3980 meminit,
3448 3911 3578 3965 illos
3628 3908 3852 3964 interim

2227 4019 2340 4058 non
2367 4003 3004 4074 praetermissurus,qui
3035 4004 3106 4059 de
3129 4003 3451 4059 haeresibus
3489 4000 3854 4072 scripserunt,

2225 4097 2436 4146 utnon
2469 4091 2657 4146 solum
2707 4091 3047 4160 blasphema
3095 4091 3199 4146 illa
3247 4091 3497 4147 convitia
3549 4089 3653 4144 tibi
3699 4089 3856 4141 inno-

2225 4183 2471 4250 tescant,
2505 4197 2630 4252 qua:
2664 4181 2859 4236 saeculi
2894 4183 3072 4253 hujus
3101 4181 3396 4252 sapientes
3445 4197 3540 4234 ore
3569 4179 3628 4234 in
3659 4177 3854 4233 ccelum

2222 4275 2510 4340 protento,
2543 4271 2822 4325 adversus
2857 4269 3036 4324 Deum
3069 4275 3518 4324 eructaverunt:
3567 4268 3668 4322 sed
3700 4265 3857 4321 ctiam

2222 4359 2516 4414 undenam
2549 4367 2740 4414 ortum
2773 4359 3065 4422 duxerint,
3099 4358 3556 4430 cujusmodique
3603 4355 3860 4430 Spartam

2219 4447 2372 4502 nacti
2397 4447 2534 4502 sint.
2591 4449 2714 4511 Qua
2761 4447 2818 4503 in
2862 4447 3284 4520 consequentia
3332 4446 3619 4502 nonnulla
3650 4459 3859 4520 quoque
3899 4485 3902 4488 λ

2221 4541 2492 4604 attexam,
2542 4553 2672 4608 quze
2717 4539 3015 4609 proposito
3083 4542 3428 4607 argumento
3501 4535 3859 4608 perapposita

463 4640 724 4695 unquam
755 4631 1119 4677 transversos
1143 4635 1312 4690 ﬁgere
1333 4618 1776 4689 distrahereque
1797 4618 2105 4689 Ροῑυῖεεϐὶ,
2139 4619 2185 4684 D
2212 4625 2506 4692 videntur,
2548 4629 2612 4679 ut
2651 4625 2958 4694 multiplici
3009 4624 3326 4681 voluminis
3387 4624 3568 4680 unius
3633 4620 3856 4680 historia

458 4711 954 4784 eo,inquam,qui
979 4725 1086 4765 nos
1134 4708 1252 4763 luto
1299 4708 1464 4763 ﬁnxit
1507 4712 1564 4762 et
1609 4707 1956 4777 efformavit,
2003 4709 2104 4780 qui

457 4805 630 4859 verbo
689 4821 795 4860 suo
845 4817 1054 4872 corpus
1099 4799 1206 4854 hoc
1257 4797 1656 4853 universitatis
1723 4797 1988 4854 fundavit
2049 4804 2107 4856 et

459 4891 761 4960 exstruxit,
795 4907 953 4948 nunc
983 4895 1178 4945 autem
1231 4885 1476 4942 consilio
1519 4887 1648 4957 ejus
1695 4903 1832 4953 usu,
1865 4888 1964 4959 qui
2006 4905 2103 4944 ne-

455 4981 653 5052 quitiae
685 4999 856 5037 omne
895 4995 1076 5049 genus
1109 4982 1312 5033 auctor
1341 4981 1449 5044 est,
1483 4975 1612 5031 laxa
1639 4973 1741 5030 illa
1779 4981 1835 5030 et
1875 4977 2101 5048 magni-

455 5071 558 5124 fica
602 5069 852 5138 paradisi
911 5067 1270 5124 habitatione
1322 5065 1512 5136 ejecti,
1557 5069 1614 5120 et
1666 5081 1699 5119 a
1765 5069 1930 5136 grato
2002 5067 2098 5122 Dei

452 5161 759 5226 conspectu
821 5157 1019 5227 procul
1082 5155 1318 5210 abducti
1377 5168 1614 5209 sumus:
1663 5153 1817 5209 mala
1847 5155 2098 5226 denique

453 5243 701 5312 pristina
731 5243 1116 5298 deterioribus
1160 5241 1547 5308 cumulantes,
1601 5243 1864 5297 divinum
1902 5241 2092 5314 illum,

449 5334 544 5402 qui
589 5331 691 5388 soli
744 5333 858 5388 Deo
905 5333 1216 5402 peculiaris
1265 5339 1373 5400 est,
1420 5334 1665 5399 cultum,
1726 5331 1995 5404 gloriam,
2034 5339 2094 5390 et

447 5421 867 5486 adurationem,
899 5420 1227 5485 elementis,
1282 5419 1491 5487 brutis,
1549 5429 1720 5492 atque
1753 5421 2089 5479 hominibus

514 5549 534 5582 ί
569 5549 639 5604 llI
673 5547 810 5620 Reg.
845 5562 981 5618 xvu,
1022 5547 1108 5600 13.
1189 5545 1210 5580 ³
1247 5544 1457 5600 Matth.
1491 5562 1566 5611 ιν,
1613 5550 1662 5602 1.

511 5715 588 5790 (1)
619 5711 930 5787 Euthymio
963 5710 1252 5768 monacho
1279 5709 1568 5780 Zigabeno
1597 5714 1849 5768 auctore.

2217 4715 2489 4786 gaudeas,
2521 4733 2590 4771 ex
2617 4732 2802 4788 eoque
2834 4731 3165 4788 panaceam
3211 4729 3514 4786 excerpas,
3548 4730 3672 4786 qua
3721 4713 3854 4769 velut

2215 4805 2472 4860 amuleto
2505 4811 2558 4860 te
2590 4822 2622 4860 a
2663 4805 3003 4875 perniciosis
3052 4805 3342 4876 dogmatis
3398 4805 3708 4877 integrum
3761 4819 3852 4860 sar-

2213 4897 2454 4963 tumque
2475 4897 2695 4950 tectum
2727 4909 3054 4950 conserves.

2867 5011 3102 5066 CAPUT
3160 5010 3203 5066 Ι.

2207 5127 2458 5186 Mosaicae
2491 5127 2747 5184 Geneseaa
2805 5129 3076 5199 synOpsz's,
3135 5127 3202 5182 ab
3262 5125 3467 5182 Adamn
3529 5129 3610 5183 ad
3665 5127 3866 5183 Mosem.

2277 5245 2529 5300 Adamus
2556 5243 2817 5299 omnium
2853 5243 3082 5315 primus
3113 5261 3146 5299 a
3176 5249 3292 5299 Deo
3323 5258 3394 5297 ex
3422 5242 3620 5302 humo
3667 5245 3871 5300 forma-

2204 5339 2300 5390 tus
2331 5337 2440 5401 est,
2473 5340 2649 5405 atque
2679 5332 2842 5389 vitali
2874 5333 3085 5404 spiritu
3143 5331 3398 5404 afﬂatus,
3441 5349 3517 5388 ex
3577 5339 3870 5391 costarum

2203 5441 2442 5480 suarum
2477 5439 2590 5478 una
2623 5423 2796 5478 Evam
2829 5422 2942 5478 sibi
2975 5421 3230 5478 similem
3252 5421 3450 5478 emisit
3483 5439 3498 5478 :
3549 5427 3682 5480 tum
3733 5437 3872 5478 ncn-
