4090 6298
297 346 452 409 1105

1637 341 2043 406 THESAURI
2087 342 2239 404 LIB.
2286 346 2334 405 Ι.

3556 344 3710 408 1106

293 487 495 551 gentos
524 477 764 550 triginta
789 478 1382 547 annos,posteaquam
1408 475 1480 531 ob
1511 479 1948 547 transgressum
1977 477 2033 543 Α
2059 476 2277 532 Jacobo
2309 476 2615 533 duodecim
2647 475 2753 532 ﬁlii
2784 475 2905 530 nati
2934 481 3089 546 sunt,
3118 493 3366 548 quorum
3400 493 3555 533 unus
3599 479 3704 533 Le-

295 567 526 624 Domini
560 571 910 638 praeceptum
941 565 1211 635 paradiso
1261 565 1609 620 exturbatus
1663 569 1774 633 est,
1824 563 1949 619 Cai-

296 674 460 722 num,
507 673 612 711 nec
661 655 740 710 ila
790 653 974 709 multo
1031 657 1158 724 post
1209 652 1449 709 Abelem
1498 655 1723 726 genuit,
1770 653 1950 708 Crete-

297 765 422 802 rum
457 747 670 801 Cainus
701 742 863 799 Abeli
895 743 1210 798 insidiatus
1243 743 1410 798 illum
1443 745 1680 798 tandem
1735 743 1794 798 in
1825 744 1951 813 agri

293 835 612 892 solitudine
643 832 1071 903 deprehensum
1103 833 1411 888 interfecit.
1446 833 1581 888 Post
1613 831 1808 888 Abelis
1838 848 1945 886 caa-

295 928 426 980 dem
456 925 668 978 Setbus
703 924 926 978 Adamo
981 921 1257 978 nascitur.
1322 927 1525 994 Itaque
1585 922 1658 977 ab
1722 922 1947 978 Adamo

291 1015 707 1084 transgressio,
741 1028 775 1066 a
811 1012 989 1068 Caino
1023 1012 1206 1067 caedes
1239 1011 1472 1067 initium
1507 1011 1748 1066 habuit:
1797 1015 1864 1065 ut
1893 1017 1947 1065 et

291 1121 324 1159 a
349 1103 584 1172 Jaredo,
617 1101 717 1173 qui
749 1101 990 1173 quintus
1022 1118 1055 1156 a
1085 1101 1260 1157 Setho
1315 1101 1444 1167 fuit,
1501 1101 1806 1172 spurcitia,
1844 1115 1944 1155 ve-

292 1192 588 1260 neﬁcium,
642 1191 969 1264 praestigias,
1019 1198 1073 1247 et
1121 1191 1495 1248 adulterium.
1544 1191 1740 1247 Jaredi
1790 1189 1944 1246 ﬁlius

293 1283 404 1338 fuit
434 1280 726 1347 Enochus,
756 1281 857 1352 qui
904 1282 1022 1336 Deo
1071 1285 1274 1352 gratus
1306 1284 1363 1336 et
1379 1287 1652 1352 acceptus
1684 1297 1716 1336 a
1744 1296 1943 1337 corru-

292 1376 390 1444 pto
424 1370 685 1444 parentis
717 1370 990 1426 instituto
1022 1369 1282 1425 descivit.
1313 1369 1417 1424 Hic
1465 1375 1669 1441 genuit
1712 1369 1946 1426 Mathu-

295 1462 606 1532 salemum,
652 1459 748 1531 qui
800 1459 1153 1515 Lamachum
1216 1459 1496 1530 suscepit,
1558 1459 1712 1514 Νοεεὶ
1783 1459 1942 1514 illius

294 1556 543 1623 patrem,
576 1553 742 1619 cujus
774 1549 1135 1620 temporibus
1165 1548 1383 1604 diluvio
1435 1553 1594 1604 totus
1655 1557 1939 1604 terrarum

293 1641 451 1695 orbis
481 1641 726 1694 obrutus
774 1643 880 1693 est.
929 1638 1005 1693 Ex
1051 1638 1328 1694 omnibus
1382 1655 1551 1710 porro
1595 1638 1940 1694 mortalibus

293 1729 453 1784 solus
483 1729 575 1782 hic
607 1747 722 1783 una
755 1745 888 1782 cum
931 1728 1119 1782 tribus
1173 1727 1327 1791 filiis,
1377 1727 1569 1792 Semo,
1614 1727 1852 1794 Chamo,
1885 1731 1942 1782 et

2059 565 2136 633 vi,
2171 581 2344 637 quem
2378 565 2548 620 tertia
2587 567 2956 637 generatione
2989 567 3336 621 subsecutus
3368 571 3459 622 est
3501 571 3706 637 Moses,

2059 670 2174 723 quo
2205 653 2350 710 duce
2379 660 2437 711 et
2466 665 2698 711 auctore
2731 654 2910 711 Israel
2942 657 3120 710 duras
3151 657 3548 728 [Egyptiorum
3584 674 3705 711 ma-

2061 760 2169 800 nus
2199 748 2403 815 evasit,
2440 746 2615 802 Mosis
2644 763 2813 818 porro
2859 749 3224 817 temporibus
3266 747 3336 802 Jo
3387 748 3446 802 in
3489 747 3710 805 Graecia

2059 832 2319 902 ﬂorebat,
2351 850 2526 905 quam
2557 834 2806 906 Egyptii
2857 834 2974 890 Isin
3020 833 3310 899 dicebant,
3343 839 3398 890 et
3447 842 3510 891 ut
3540 838 3706 892 deam

2058 923 2499 980 venerabantur.
2533 925 2720 979 Atthis
2751 940 2984 996 quoque
3007 923 3370 996 temporibus
3400 924 3518 980 illis
3550 926 3706 996 apud

2057 1013 2440 1072 Athenienses
2464 1015 2708 1072 celebris
2738 1019 2881 1072 erat.

2746 1153 2892 1206 CAP.
2937 1153 3008 1208 II.

2125 1267 2430 1324 Graecorum
2450 1269 2841 1340 mysteriorum
2867 1283 3049 1394 pngo,
3080 1266 3632 1340 philosophorumque

2782 1356 2868 1394 sec
2891 1354 2962 1394 ιτ.

2782 1354 2943 1396 εεοιῑε
2951 1380 2962 1393 .

2124 1448 2283 1514 Quod
2345 1448 2414 1502 ad
2475 1447 2808 1503 Graecorum
2870 1447 3144 1517 mysteria
3203 1448 3479 1520 pertinet,
3540 1448 3696 1518 apud

2051 1535 2328 1609 Phrygas,
2364 1537 2686 1603 Phoenicas,
2720 1543 2778 1592 et
2806 1538 3096 1609 Egyptios
3152 1537 3253 1593 illa
3299 1537 3481 1593 fuisse
3511 1538 3698 1608 prius,

2050 1634 2221 1696 atque
2252 1628 2395 1680 adeo
2427 1643 2457 1679 a
2488 1626 2823 1697 Babyloniis
2853 1627 3109 1695 inventa,
3132 1627 3450 1697 Cadmique
3469 1631 3697 1698 tempo-

2050 1716 2211 1768 ribus
2239 1714 2298 1768 in
2332 1715 2611 1770 Graeciam
2644 1715 2935 1770 translata
2957 1717 3248 1772 memoriae
3269 1717 3559 1786 proditum
3585 1723 3694 1772 est.

291 1817 721 1889 Japheto,arcae
743 1834 920 1888 quam
946 1816 1043 1871 Dei
1071 1819 1244 1886 jussu
1277 1833 1346 1871 ex
1376 1817 1731 1885 incorrUptis
1763 1816 1938 1887 lignis
1973 1850 2018 1915 Β
2053 1805 2481 1915 Ῑτηῖηοηυυξία
2512 1820 2581 1858 ex
2611 1803 2729 1915 “Ili?
2777 1804 3044 1876 Orpheus
3093 1806 3452 1915 εκεοβίῐδθξξ)
3495 1805 3695 1915 fert“?

292 1915 672 1975 exstruxerat,
705 1913 763 1962 et
795 1907 1054 1978 undique
1087 1907 1392 1977 picaverat,
1427 1904 1782 1960 adminiculo
1822 1905 1938 1959 sal-

289 2015 397 2052 vus
427 2000 631 2055 evasit.
662 2000 947 2053 Caeterum
975 2002 1173 2052 sextus
1204 2013 1237 2050 a
1259 2001 1426 2052 Semo
1463 1995 1745 2050 Phalecus
1775 2011 1938 2050 exor-

289 2089 386 2142 tus
417 2087 705 2156 est,cujus
736 2089 1082 2157 tempestate
1130 2085 1311 2140 turris
1351 2088 1667 2148 exstructa,
1691 2081 1937 2154 lingua;-

293 2192 404 2246 que
434 2177 687 2231 confusas
719 2179 875 2229 sunt.
907 2173 1182 2231 Confusis
1213 2174 1352 2228 orbe
1385 2181 1502 2228 toto
1551 2171 1788 2243 linguis,
1821 2173 1938 2243 pri-

291 2281 422 2320 mus
448 2263 709 2320 omnium
745 2262 1111 2318 Nembrodus
1159 2260 1460 2331 Ethiopian
1507 2277 1571 2316 se
1619 2275 1814 2331 regem
1855 2267 1939 2330 ty-

290 2368 658 2424 rannumque
697 2352 858 2406 dixit.
893 2351 1079 2420 Hujus
1110 2357 1167 2404 et
1196 2349 1426 2405 Phaleci
1479 2350 1787 2420 posteritas
1819 2358 1936 2404 sta-

288 2445 536 2500 tuariam
568 2459 599 2498 e
647 2440 846 2512 figlina
897 2439 1266 2510 excogitavit.
1318 2444 1493 2495 Porro
1542 2442 1676 2494 ante
1713 2438 1936 2496 Tharsei

288 2538 553 2604 tempora
585 2529 784 2586 nullus
816 2534 981 2602 patre
1021 2529 1180 2600 prior
1226 2529 1373 2584 vivis
1431 2528 1749 2583 excessisse
1793 2527 1934 2600 legi-

287 2627 400 2677 tur.
444 2620 589 2684 Quia
637 2623 827 2674 autem
874 2619 968 2673 hic
1015 2617 1169 2673 idola
1215 2617 1338 2673 luto
1387 2617 1661 2688 etﬂngere
1709 2617 1935 2689 primus

286 2710 583 2768 adinvenit
603 2709 832 2778 suique,
865 2706 1062 2764 saeculi
1086 2707 1425 2762 hominibus
1446 2707 1784 2778 hujusmodi
1807 2724 1933 2764 sce-

285 2799 424 2853 leris
451 2802 651 2853 auctor
681 2797 810 2864 fuit,
845 2797 1063 2852 idcirco
1109 2799 1298 2866 justas
1343 2800 1520 2868 atque
1568 2813 1772 2868 graves
1814 2814 1933 2868 pm-

286 2905 393 2944 nas
425 2887 661 2942 Numini
695 2886 932 2942 tandem
966 2885 1276 2956 persolvit:
1312 2885 1404 2940 cui
1461 2885 1740 2941 nimirum
1776 2886 1933 2941 filius

291 2984 464 3033 Arras
493 2977 812 3032 immatura
844 2981 1030 3032 morte
1060 2979 1382 3048 praereptus
1414 2978 1523 3044 est,
1558 2979 1622 3030 ut
1668 2975 1760 3030 his
1792 2991 1932 3046 quo-

286 3084 399 3138 que
421 3067 609 3121 verbis
632 3065 926 3137 Scriptura
952 3069 1234 3120 testatur:
1262 3066 1335 3118 Et
1379 3069 1626 3118 mortuus
1653 3069 1731 3120 est
1761 3067 1933 3121 Arra:

285 3167 413 3211 ante
439 3157 726 3211 Thurmum
767 3165 983 3226 patrem
1037 3171 1198 3209 suum
1230 3154 1270 3207 ³.
1331 3153 1596 3209 Colorum
1657 3160 1932 3226 praeterea

287 3249 582 3317 pigmenta
632 3263 666 3300 a
719 3244 977 3300 Serucho
1032 3246 1358 3314 excogitata
1413 3248 1572 3309 sunt,
1606 3243 1822 3314 quibus
1863 3260 1930 3299 ex

287 3335 578 3405 ﬁgmentis
621 3334 1024 3404 improborum
1082 3333 1474 3403 quorumdam
1527 3339 1928 3404 tyrannorum,

281 3424 706 3495 hominumque
729 3423 1147 3480 sceleratorum
1196 3419 1501 3482 ἀποθὲωσις
1547 3439 1604 3476 ιη
1648 3423 1787 3478 orbe
1822 3427 1932 3478 ter-

282 3531 477 3570 rarum
509 3513 764 3568 inolevit.
814 3512 1114 3583 Primique
1172 3512 1314 3567 adeo
1363 3528 1628 3566 omnium
1677 3511 1929 3583 {Egyptii

281 3611 337 3658 et
370 3603 583 3674 Assyrii
629 3603 700 3657 ad
753 3618 899 3672 opus
953 3609 1072 3656 tam
1120 3600 1230 3655 vile
1277 3605 1334 3656 et
1383 3601 1672 3670 abjectum
1725 3607 1931 3672 sponte

282 3692 566 3764 provoluti
601 3696 759 3747 sunt.
794 3692 972 3747 Paulo
1007 3695 1136 3762 post
1165 3692 1224 3746 in
1273 3689 1502 3746 Graecos
1554 3693 1732 3746 etiam
1775 3705 1932 3746 mor-

278 3781 390 3839 bus
425 3783 516 3838 hic
547 3785 850 3853 grassatus
881 3785 990 3846 est,
1052 3797 1165 3852 quo
1213 3787 1472 3851 tempore
1521 3779 1637 3836 illis
1664 3779 1931 3853 Cecrope,

276 3871 530 3943 Assyriis
562 3873 748 3927 Ninus
773 3875 831 3927 et
858 3869 1198 3926 Semiramis
1229 3872 1531 3941 praeerant.
1565 3868 1712 3925 Nam
1743 3869 1932 3927 Ninus

281 3966 340 4016 et
369 3962 617 4032 Cecrope
647 3961 850 4016 eodem
879 3976 993 4030 quo
1025 3958 1398 4015 Abrahamus
1429 3963 1690 4031 tempore
1717 3958 1930 4017 vixisse

278 4048 566 4105 feruntur.
625 4049 994 4104 Abrahamus
1053 4048 1146 4103 hic
1208 4065 1308 4105 sex
1365 4047 1515 4104 filios
1573 4064 1642 4105 ex
1679 4048 1932 4107 Cethura

281 4137 561 4208 suscepit,
585 4153 618 4191 a
639 4137 855 4207 quibus
879 4136 1074 4192 felices
1091 4136 1715 4210 Arabes,Madianaeos,
1747 4138 1927 4197 alias-

281 4241 394 4297 que
425 4229 647 4296 gentes,
683 4228 747 4279 ut
784 4225 856 4278 ab
881 4225 1064 4295 Agare
1107 4224 1454 4293 Ismaelitas,
1501 4226 1784 4299 originem
1817 4229 1927 4284 du-

280 4316 436 4370 xisse
470 4316 762 4368 memoriae
814 4313 1108 4384 proditum
1155 4319 1262 4369 est.
1313 4315 1647 4372 Abrahamo
1691 4317 1928 4373 tandem

281 4421 500 4460 annum
535 4403 768 4459 circiter
813 4401 1197 4458 centesimum
1233 4405 1450 4476 agenti,
1494 4415 1663 4476 prout
1715 4408 1930 4478 promi-

283 4500 456 4562 serat,
494 4499 640 4548 Deus
671 4493 938 4547 Isaacum
964 4492 1218 4556 donavit,
1253 4493 1352 4563 qui
1403 4499 1466 4548 ut
1515 4495 1822 4563 bonorum,
1854 4495 1929 4550 ita

279 4593 332 4641 et
363 4584 597 4640 virtutis
622 4588 870 4654 paternae
896 4581 1077 4637 haeres
1116 4581 1357 4636 exstitit.
1401 4583 1546 4637 Huic
1589 4582 1754 4638 liberi
1787 4585 1924 4652 duo,

278 4681 462 4733 Esaus
495 4679 552 4730 et
579 4674 834 4730 Jacobus
867 4673 988 4729 nati
1022 4677 1185 4739 sunt,
1210 4688 1460 4744 quorum
1512 4673 1696 4728 Esaus
1725 4689 1924 4730 crasso

280 4765 583 4838 pilosoque
640 4779 878 4835 corpore
935 4761 1160 4818 deliciis
1245 4762 1526 4833 gaudens,
1584 4764 1925 4834 ceterisque

274 4857 671 4928 voluptatibus
730 4855 985 4923 deditus,
1047 4855 1342 4910 civitatem
1405 4854 1688 4910 exstruxit
1746 4871 1924 4925 quam

277 4948 581 5015 Edomam,
613 4945 849 5001 nomine
883 4945 1160 5002 nimirum
1194 4944 1478 5002 instituta!
1525 4949 1753 5002 vivendi
1805 4949 1925 5004 for-

276 5054 383 5092 mae
420 5037 790 5108 perapposito
847 5036 1088 5090 vocavit.
1146 5035 1327 5091 Edom
1381 5037 1535 5094 enim
1592 5038 1786 5095 carnis
1843 5039 1928 5095 in-

275 5125 756 5192 ﬂammationem,
784 5141 887 5180 seu
921 5126 1208 5194 pruritum
1240 5126 1550 5197 signiﬁcat.
1585 5127 1835 5193 Quintus
1854 5129 1925 5185 ab

274 5215 384 5272 hoc
418 5215 552 5287 pius
583 5213 680 5269 ille
701 5213 1024 5283 justusque
1048 5214 1229 5269 Jobus
1261 5214 1476 5273 ﬂoruit.
1499 5216 1752 5274 Jacobus
1782 5235 1924 5273 con-

269 5310 364 5362 tra
395 5304 642 5360 laevitate
694 5303 974 5358 continua
1022 5301 1223 5373 glaber
1273 5308 1383 5359 Deo
1422 5305 1592 5377 longe
1636 5307 1927 5379 acceptior

270 5400 390 5452 erat
419 5411 598 5466 quam
636 5391 859 5466 pilosus
891 5391 988 5448 ille
1031 5397 1269 5448 venator
1317 5395 1518 5458 Esaus,
1575 5397 1745 5467 cujus
1791 5414 1924 5469 spes

273 5485 465 5542 omnis
522 5484 594 5541 ab
655 5499 794 5539 arcu
851 5486 910 5539 et
958 5480 1154 5555 gladio
1212 5481 1593 5555 dependebat.
1640 5490 1924 5544 Caterum

344 5665 370 5702 ³
396 5665 536 5723 Gen.
570 5681 650 5736 ιι,
680 5665 777 5721 28.

2050 1893 2266 1962 quibus
2300 1899 2432 1964 post
2457 1909 2591 1948 eum
2624 1894 2720 1947 alii
2754 1910 2984 1964 quoque
3018 1894 3306 1963 permulta
3341 1895 3696 1964 adjecerunt.

2050 1982 2244 2035 Divisa
2275 1998 2446 2053 porro
2479 1983 2636 2035 inter
2665 1999 2726 2037 se
2757 1982 3086 2037 Grazcorum
3121 1999 3353 2054 quoque
3402 1982 3696 2054 mysteria,

2045 2073 2105 2124 et
2136 2069 2194 2123 in
2225 2067 2508 2140 plurimas
2536 2068 2783 2125 haereses
2842 2070 3096 2125 dissecta
3142 2074 3397 2126 tuerunt.
3440 2070 3700 2126 Philoso-

2045 2157 2296 2230 phorum
2328 2158 2484 2214 enim
2540 2157 2689 2214 alios
2747 2159 3080 2229 Epicureos,
3142 2159 3288 2215 alios
3339 2159 3690 2227 Platonicos,

2044 2247 2190 2304 alios
2221 2247 2362 2303 item
2391 2266 2424 2303 a
2451 2247 2646 2303 Samio
2677 2247 3030 2320 Pythagora,
3062 2248 3207 2304 alios
3239 2266 3272 2304 a
3312 2248 3536 2304 Zenone
3573 2247 3696 2303 Cit-

2042 2336 2195 2407 tiazo,
2223 2337 2368 2392 alios
2399 2336 2652 2407 denique
2685 2338 2756 2391 ab
2790 2336 2923 2391 aliis
2955 2337 3363 2394 denominatos
3392 2336 3572 2393 fuisse
3603 2337 3689 2392 in-

2042 2427 2130 2480 ter
2159 2440 2362 2482 omnes
2392 2423 2559 2495 plane
2588 2429 2837 2482 constat.

2714 2557 2871 2614 CAP.
2912 2557 3005 2615 III.

2415 2673 2574 2728 Plato
2603 2671 2670 2728 de
2697 2675 2870 2727 trium
2901 2689 3088 2728 rerum
3113 2677 3311 2730 causis.

2112 2789 2191 2843 Ex
2247 2788 2464 2860 quibus
2517 2788 2682 2844 Plato
2739 2789 2977 2861 quidem
3038 2789 3098 2844 in
3150 2790 3336 2846 Attica
3405 2793 3577 2846 natus
3629 2795 3689 2847 et

2040 2876 2276 2933 adultus
2301 2895 2336 2933 a
2360 2879 2470 2933 Deo
2493 2880 2590 2948 qui
2612 2878 2772 2934 solus
2794 2880 3114 2946 est,omnia
3136 2885 3349 2945 creata,
3371 2879 3688 2952 ipsumque

2039 2969 2180 3021 adeo
2230 2967 2532 3023 materiam
2575 2968 2863 3038 primam:
2912 2973 3170 3040 potestas
3217 2985 3350 3025 vero
3400 2969 3684 3040 quasdam

2039 3056 2110 3111 ab
2143 3056 2270 3128 ipso
2305 3057 2639 3127 productas,
2690 3058 3043 3114 secundam:
3095 3074 3222 3114 eam
3271 3059 3523 3131 denique
3561 3076 3687 3130 quae

2043 3151 2100 3201 et
2131 3147 2204 3201 ab
2235 3147 2434 3201 eodem
2466 3151 2524 3202 et
2572 3164 2605 3202 a
2655 3148 3045 3218 potestatibus
3090 3148 3234 3219 ipsis
3265 3148 3414 3215 ﬂuit,
3456 3151 3686 3204 tertiam

2043 3255 2245 3296 eorum
2287 3256 2417 3311 qua
2462 3239 2522 3295 in
2575 3256 2768 3295 rerum
2818 3246 3030 3296 natura
3078 3245 3217 3296 sunt
3271 3257 3510 3297 causam
3559 3258 3688 3298 esse

2037 3329 2286 3385 dicebat.
2321 3328 2607 3384 Mundum
2657 3346 2787 3385 vero
2823 3336 2888 3385 ut
2935 3329 3221 3401 genitum,
3264 3329 3342 3386 ita
3390 3334 3447 3386 et
3483 3348 3688 3387 corru-

2037 3419 2220 3491 ptioni
2265 3419 2582 3475 obnoxium
2644 3419 3079 3490 pronuntiabat.
3136 3420 3295 3475 Idem
3354 3420 3682 3477 animorum

2041 3509 2441 3583 μεταγγισμοὺς
2471 3510 2748 3566 tradidit:
2775 3527 2890 3582 quo
2910 3510 3191 3566 vocabulo
3213 3527 3328 3566 una
3367 3515 3424 3566 et
3481 3513 3683 3567 eadem

2037 3598 2236 3656 anima
2264 3600 2524 3655 humano
2555 3597 2816 3655 resoluta
2855 3615 3094 3670 corpore
3151 3599 3210 3653 in
3260 3598 3418 3654 aliud
3472 3616 3686 3671 corpus

2035 3689 2123 3745 vel
2156 3688 2414 3745 hominis
2440 3689 2653 3756 denuo,
2685 3688 2774 3744 vel
2794 3687 2978 3756 bovis,
3010 3687 3099 3744 vel
3120 3688 3367 3744 aliorum
3419 3689 3685 3745 animan-

2039 3780 2208 3849 tium,
2239 3777 2414 3835 etiam
2443 3778 2697 3834 ferarum
2721 3777 2968 3849 alicujus
3001 3777 3254 3849 migrare
3291 3776 3684 3849 signiﬁcatur.

2038 3869 2201 3925 Idem
2231 3867 2606 3938 impudentes
2637 3883 2871 3938 quoque
2899 3867 2970 3923 de
3001 3881 3314 3938 puerorum
3361 3867 3682 3936 amoribus,

2037 3955 2498 4030 nuptiarumque
2527 3956 2944 4012 communitate
2972 3955 3126 4028 leges
3154 3954 3308 4012 tulit.

2708 4093 2861 4148 CAP.
2905 4091 2998 4150 IV.

2303 4209 2630 4281 Pythagorae
2658 4207 2844 4280 futilis
2871 4209 3157 4280 nugatori:
3185 4209 3406 4268 deliria.

2105 4325 2334 4382 Samius
2387 4329 2582 4381 autem
2640 4325 3003 4397 Pythagoras
3058 4325 3269 4399 integri
3315 4328 3672 4400 quadrienni

2035 4415 2330 4472 silentium
2388 4413 2645 4471 docebat.
2709 4415 2924 4470 Adhaec
2982 4431 3120 4471 suos
3204 4416 3561 4487 hortabatur,
3617 4421 3679 4472 ut

2033 4505 2362 4561 Graecorum
2414 4504 2528 4560 diis
2587 4505 2911 4560 animatum
2977 4504 3197 4575 aliquid
3257 4505 3679 4562 sacriﬁcarent.

1961 4568 2002 4631 θ
2033 4598 2193 4652 Idem
2224 4596 2350 4668 lege
2380 4595 2499 4652 lata
2530 4595 2600 4651 ab
2631 4594 2974 4650 animalium
3009 4568 3355 4650 et-fabarum
3391 4610 3493 4650 esu
3538 4595 3675 4651 abs-

2034 4684 2339 4741 tinendum
2370 4684 2634 4740 edicebat
2680 4685 2860 4757 (quod
2907 4681 3191 4740 esculenti
3237 4698 3425 4754 genus
3456 4684 3677 4756 alioqui

2034 4773 2326 4845 plerisque
2358 4777 2619 4828 nostrum
2650 4773 3049 4841 gratissimum
3083 4774 3190 4838 est,
3220 4777 3276 4826 et
3306 4773 3458 4827 inter
3500 4789 3674 4844 pran-

2035 4864 2263 4918 diorum
2285 4869 2600 4934 apparatus
2627 4863 2744 4917 fere
2767 4861 3095 4932 apponitur)
3118 4861 3281 4931 quasi
3307 4863 3675 4918 tantumdem

2036 4952 2239 5023 ﬂagitii
2271 4953 2617 5017 committat,
2651 4951 2749 5021 qui
2777 4950 2946 5020 fabis,
2980 4955 3265 5021 quantum
3297 4952 3398 5022 qui
3434 4958 3673 5022 paterno

2035 5043 2224 5112 capite
2253 5045 2539 5096 vescatur.
2575 5039 2694 5095 Etsi
2745 5039 3013 5095 nonnulli
3051 5040 3125 5095 ad
3174 5039 3511 5113 allegoriam
3563 5049 3678 5097 tra-

2039 5130 2262 5190 hentes.
2296 5130 2680 5202 Pythagoram
2713 5129 2823 5184 sub
2855 5130 3118 5185 fabarum
3169 5129 3466 5186 involucro
3519 5132 3677 5187 dicas

2036 5235 2138 5275 seu
2164 5219 2472 5287 judiciales
2504 5219 2825 5274 sententias
2871 5219 3222 5275 intellexisse
3261 5220 3582 5282 afﬁrmant,
3615 5225 3679 5275 ut

2039 5308 2114 5381 μή
2159 5304 2488 5382 δικοφαγεῖν,
2523 5323 2625 5362 seu
2658 5308 2978 5364 sententias
3027 5327 3140 5364 non
3187 5327 3315 5366 esse
3367 5314 3673 5379 vorandas,

2035 5399 2250 5469 sedjus
2279 5414 2350 5454 ex
2370 5414 2535 5470 aequo
2552 5402 2609 5452 et
2637 5401 2784 5453 bono
2808 5399 3280 5470 prosequendum
3317 5416 3446 5456 esse
3489 5399 3673 5471 signi-

2033 5489 2280 5546 ﬁcaret:
2340 5487 2497 5545 unde
2552 5488 2730 5545 etiam
2787 5491 3179 5563 κυαμοτρῶγες
3255 5505 3358 5546 seu
3429 5489 3674 5546 fabivori
