4090 6298
464 297 621 360 1107

458 523 544 578 les
576 525 794 590 essent,
827 521 1071 593 insuper
1093 521 1306 592 placita
1345 538 1451 576 sua
1493 521 1654 576 nullo
1703 522 1872 577 modo
1921 520 2110 575 discu-

457 612 676 678 tienda,
711 628 900 684 neque
931 611 1074 682 quid
1099 628 1164 666 ea
1195 611 1306 666 sibi
1336 611 1550 668 vellent.
1588 611 1876 666 curiosius
1915 609 2110 682 inqui-

459 701 705 756 rendum
743 717 870 756 esse
901 701 1196 756 monebat.
1230 701 1306 756 Ex
1342 717 1453 772 quo
1487 703 1678 767 fiebat,
1714 706 1776 754 ut
1818 699 2108 771 Pythago-

461 807 538 845 ηε
569 799 738 845 sectae
765 790 976 844 initiati
1013 790 1354 862 dogmatum
1388 789 1755 862 praeceptoris
1801 789 1892 844 sui
1940 788 2111 843 ratio-

462 895 566 934 nes
597 878 1036 950 anquirentibus
1069 878 1214 934 nihil
1246 879 1404 934 aliud
1431 880 1868 951 responderent,
1892 892 2106 950 quam:

460 969 550 1023 Ita
579 968 724 1022 dixit
757 984 770 1022 :
805 983 929 1034 seu,
963 968 1322 1040 Pythagoras
1379 969 1458 1024 ita
1487 969 1702 1024 docuit.
1765 967 1868 1022 Hic
1913 971 2112 1038 praete-

461 1072 560 1112 rea
618 1053 828 1110 cmlum
875 1071 1108 1127 corpus,
1182 1056 1561 1126 ejusdemque
1634 1055 1825 1111 sidera
1907 1054 2108 1108 lunam

465 1149 521 1200 et
577 1143 762 1200 solem
819 1144 1019 1200 oculos
1076 1160 1206 1200 esse
1283 1144 1529 1201 dicebat.
1607 1147 1888 1200 Caeterum
1974 1159 2108 1198 cum

465 1233 728 1307 magicen
785 1250 1019 1306 quoque
1080 1239 1389 1300 exerceret,
1449 1235 1506 1290 in
1581 1235 1839 1289 conferta
1911 1231 2110 1304 papuli

463 1325 637 1379 turba
668 1325 859 1379 femur
878 1340 1122 1379 aureum
1149 1324 1462 1395 aliquando
1497 1323 1823 1379 ostentavit.
1857 1323 2110 1378 Piscium

463 1431 698 1486 quoque
728 1413 829 1485 qui
870 1414 1012 1469 forte
1041 1413 1102 1469 in
1135 1415 1640 1486 littorejacebant,
1673 1419 1727 1470 et
1749 1413 1886 1485 quia
1908 1428 2109 1468 recens

463 1505 640 1576 capti,
674 1503 1042 1576 palpitabant
1073 1521 1386 1561 numerum
1421 1505 1700 1561 ariolatus
1741 1512 1846 1562 est.
1883 1503 2109 1558 Primus

464 1594 718 1665 denique
757 1589 1172 1663 ἐνσωματώσεις
1203 1609 1302 1650 seu
1343 1595 1676 1650 animarum
1705 1594 1766 1647 in
1815 1592 1928 1648 alia
1984 1607 2111 1646 cor-

465 1697 608 1752 pora
633 1681 1180 1754 migrationes,quae
1239 1682 1512 1754 σωμάτων
1563 1678 1948 1755 μεταγγισμοὶ,
2005 1697 2109 1735 seu

465 1785 776 1842 corporum
809 1769 1212 1828 elutriationes
1259 1777 1318 1828 et
1367 1772 1786 1828 lransfusiones
1835 1788 1868 1826 a
1897 1770 2110 1825 Graecis

465 1859 832 1930 dicebantur,
864 1861 1084 1918 delirus
1116 1861 1212 1918 ille
1251 1861 1552 1933 futilisque
1595 1863 1845 1932 nugator
1888 1858 2114 1930 excogi-

465 1948 630 2006 tavit.

1167 2041 1320 2096 CAP.
1362 2040 1428 2094 V.

540 2145 763 2216 Epicuri
792 2144 1134 2200 mellitarum
1159 2143 1839 2216 placentarumhelluonis
1867 2159 2045 2214 πυρα.

540 2247 610 2298 At
635 2243 914 2314 Epirurus
939 2248 1116 2298 Deum
1141 2247 1197 2298 et
1217 2244 1639 2314 providentiam
1683 2259 1810 2299 esse
1844 2243 2118 2315 negabat,

467 2348 680 2403 corpus
713 2333 821 2386 hoc
844 2333 1242 2388 universitatis
1265 2349 1333 2389 ex
1363 2333 1575 2389 atomis
1602 2337 1890 2398 constare,
1915 2331 2120 2404 quales

469 2438 584 2479 una
613 2439 748 2478 cum
784 2423 1077 2479 solaribus
1143 2425 1324 2479 radiis
1375 2427 1675 2498 apparent,
1705 2440 2028 2494 rursusque
2059 2423 2118 2478 in

469 2513 696 2568 easdem
733 2513 940 2569 resolvi
972 2529 1280 2570 asserens:
1323 2515 1485 2585 quasi
1557 2520 1768 2570 natura
1823 2515 2118 2585 perpetui-

467 2607 588 2658 tate
619 2603 872 2674 quadam
906 2607 1160 2674 generet,
1195 2605 1510 2676 deuuoque
1541 2605 1600 2659 in
1631 2604 1732 2660 illa
1764 2605 1894 2675 ipsa
1941 2602 2118 2660 resol-

468 2695 658 2761 vatur,
693 2706 761 2746 ex
792 2691 1006 2763 quibus
1038 2693 1362 2762 composita
1392 2698 1498 2748 est.
1536 2697 1705 2749 Porro
1764 2692 1873 2750 hoc
1925 2693 2118 2763 ipsum

471 2780 871 2836 universitatis
916 2797 1125 2852 corpus
1174 2782 1244 2837 ab
1295 2782 1410 2837 ima
1457 2782 1594 2838 sede
1637 2786 1693 2837 et
1739 2782 2120 2837 fundamento

471 2875 560 2928 ovi
591 2872 839 2928 formam
889 2872 1233 2944 exprimere,
1293 2881 1678 2944 naturamque
1731 2873 1873 2930 adeo
1932 2872 2119 2943 ipsam

471 2960 708 3033 spiritu,
742 2961 842 3034 qui
873 2977 1092 3018 coronae
1115 2968 1212 3018 aut
1239 2961 1466 3034 coaguli
1497 2963 1685 3018 instar
1733 2978 1904 3017 ovum
1938 2962 2121 3017 ambit

471 3051 819 3122 constringi,
844 3053 900 3107 et
930 3051 1214 3119 coartari;
1257 3051 1588 3107 universam
1629 3051 1868 3122 insuper
1898 3055 2118 3106 naturae

469 3139 682 3195 molem
719 3139 901 3194 nimio
933 3139 1174 3194 violenti
1224 3140 1469 3210 spiritus
1497 3139 1717 3211 impetu
1767 3141 1826 3196 in
1879 3141 1992 3195 duo
2023 3140 2117 3195 he-

471 3226 806 3297 misphaeria
827 3226 1302 3297 diduci,quorum
1327 3227 1570 3284 alterum
1593 3221 2110 3292 cceles'te,alterum

468 3317 744 3370 terrestre
775 3314 852 3368 sit
883 3330 895 3368 :
933 3313 1074 3385 quin
1125 3314 1302 3370 etiam
1350 3332 1419 3371 ea
1471 3331 1598 3388 qua
1629 3315 1690 3371 in
1725 3316 1996 3372 universa
2025 3332 2112 3372 re-

469 3419 599 3459 rum
625 3407 838 3460 natura
854 3403 1150 3460 levissima
1173 3409 1576 3470 sunt,sursum
1592 3405 1810 3464 scilicet
1829 3405 2116 3476 inlucem,

473 3493 748 3550 mtherem
780 3499 838 3550 et
868 3509 1041 3551 auras
1061 3495 1443 3552 tenuissimas
1483 3495 1929 3568 superﬂuitare:
1989 3511 2120 3568 qua

471 3591 674 3640 contra
695 3583 1064 3657 gravissima,
1088 3584 1540 3658 quisquiliisque
1561 3591 1616 3642 et
1639 3587 1909 3643 ramentis
1933 3584 2115 3641 simil-

471 3672 612 3728 lima
669 3677 832 3740 sunt,
881 3689 948 3730 ea
991 3674 1261 3730 deorsum
1321 3675 1380 3730 in
1433 3683 1666 3744 terram,
1715 3680 1770 3731 et
1815 3676 2116 3731 humidam

477 3777 763 3834 aquarum
793 3761 1184 3818 substantiam
1237 3763 1584 3820 subsidere:
1630 3765 1825 3820 omnia
1867 3764 2118 3835 denique

477 3865 580 3922 per
609 3851 804 3924 seipsa
834 3869 1058 3924 suaque
1089 3856 1294 3923 sponte
1333 3869 1468 3908 cum
1528 3853 1649 3910 axis
1707 3858 2120 3924 astrorumque

477 3940 960 3998 circumvectione
1000 3943 1213 3998 moveri
1247 3941 1597 3998 affirmabat.
1623 3943 1782 3999 idem
1815 3943 2124 3998 beatitudi-

477 4028 570 4084 nis
591 4047 786 4101 quem,
821 4048 920 4086 seu
948 4048 1246 4087 summum
1281 4032 1523 4100 bonum,
1549 4032 1606 4086 in
1655 4031 1950 4104 voluptate
1983 4048 2121 4090 con-

475 4120 678 4175 sistere
710 4123 895 4186 ratus,
928 4121 1166 4175 mellitis
1198 4119 1506 4191 placentis,
1562 4121 1890 4193 impensius
1946 4138 2120 4193 quam

473 4223 673 4262 mures
704 4207 1056 4279 adipalibus,
1085 4208 1502 4265 oblectabatur.

1151 4317 1306 4374 CAP.
1338 4316 1432 4372 VI.

467 4405 632 4460 Moses
657 4403 994 4478 philosophis
1017 4407 1236 4462 certior.
1272 4405 1570 4478 Principia
1599 4421 1789 4478 rerum
1827 4406 2115 4462 elementa.

672 4478 886 4550 Ecquod
913 4479 1314 4534 elementorum
1349 4479 1540 4548 primo
1565 4477 1912 4549 productum.

1777 292 2084 356 NICETE
2125 291 2551 352 CHONIATIE

452 431 686 503 judices
717 429 850 486 olim
879 431 1244 494 dicebantur,
1297 447 1539 502 quorum
1587 431 1883 488 sententiae
1935 446 2103 486 vena-
2133 451 2186 518 Α

2141 1822 2190 1888 Β

3732 296 3892 357 “08

2218 427 2418 482 formae
2451 427 2966 498 subsistentiaeque
2989 443 3231 499 prorsus
3250 425 3632 498 expers.Nam
3657 425 3716 481 si
3741 427 3890 482 forte

2216 516 2593 587 quantitates,
2627 514 3307 586 qualitates,relationes,
3339 513 3599 583 habitus,
3631 531 3882 572 conver-

2214 606 2430 672 siones,
2466 609 2680 670 motus,
2711 605 3108 671 alterationes,
3139 607 3519 674 mutationes,
3575 612 3634 660 et
3667 611 3886 662 caetera

2213 694 2271 749 id
2295 711 2481 766 genus
2505 695 2852 752 abstrahas:
2889 697 3043 767 quod
3075 697 3384 766 supererit,
3421 697 3671 751 materia
3725 695 3880 751 dice-

2213 787 2329 838 tur.
2363 785 2466 840 Cui
2509 785 2751 855 quidem
2801 785 2852 840 si
2914 785 3088 839 facies
3148 793 3245 839 aut
3307 785 3498 856 figura
3555 785 3880 856 quaepiam,

2214 889 2388 943 quam
2433 871 2680 928 formam
2711 877 2919 929 vocant
2950 873 3350 944 imprimatur,
3399 875 3485 928 sic
3542 875 3795 930 tandem
3823 873 3878 929 in

2215 963 2591 1028 elementum,
2651 963 2926 1019 aetherem
2984 961 3272 1032 videlicet,
3331 962 3420 1017 vel
3481 979 3726 1032 aquam,
3794 965 3879 1020 vel

2215 1051 2433 1124 ignem,
2464 1057 2551 1106 vel
2575 1057 2786 1107 terram
2809 1052 3038 1108 evadit:
3073 1069 3141 1107 ex
3187 1068 3438 1122 quorum
3461 1052 3679 1108 deinde
3713 1069 3874 1110 com-

2215 1142 2413 1198 mixtis
2443 1141 2748 1198 elementis
2780 1143 3106 1215 composita
3149 1160 3413 1216 corpora,
3435 1148 3492 1200 et
3529 1145 3802 1200 animata
3824 1150 3874 1200 ct

2213 1235 2475 1290 inanima
2539 1243 2871 1290 nascantur.
2922 1235 3202 1305 Maiorem
3257 1236 3456 1306 itaque
3507 1237 3775 1291 materiae
3821 1241 3872 1292 et

2215 1323 2408 1378 formae
2460 1323 2906 1396 principiorum,
2951 1341 3129 1394 quam
3196 1323 3506 1381 elementis
3567 1331 3870 1396 quatuor:

2217 1411 2425 1483 hisque
2455 1413 2714 1468 vicissim
2747 1414 3198 1480 elementorum,
3229 1431 3404 1485 quam
3457 1413 3707 1486 reliquis
3749 1432 3870 1471 cor-

2215 1502 2455 1574 poribus
2505 1502 2786 1558 rationem
2839 1504 3031 1559 inesse
3089 1503 3352 1559 tradunt.
3403 1506 3591 1575 Atque
3673 1521 3865 1560 eorum

2216 1590 2452 1663 quidem
2477 1590 2744 1648 nonnulli
2775 1592 2978 1647 eodem
3022 1609 3134 1663 quo
3157 1592 3342 1648 Deum
3396 1593 3456 1648 in
3479 1593 3674 1664 gradu
3699 1599 3867 1648 mate-

2215 1681 2356 1736 riam
2391 1697 2626 1753 quoque
2656 1681 2961 1750 collocant,
3014 1686 3214 1754 utpote
3262 1698 3390 1752 quae
3440 1683 3710 1737 omnium
3743 1699 3860 1754 quas

2219 1773 2359 1825 sunt
2388 1769 2448 1824 in
2473 1785 2662 1826 rerum
2717 1775 2924 1826 natura
2967 1771 3121 1841 prior
3169 1771 3246 1826 sit
3291 1775 3349 1826 et
3396 1773 3716 1843 antiquior,
3749 1773 3857 1826 imo

2223 1875 2355 1914 vero
2379 1875 2620 1930 corpora
2641 1859 2838 1916 omnia
2856 1861 3227 1916 successione
3267 1861 3546 1916 continua
3587 1862 3856 1932 producat

2227 1949 2382 2020 (cum
2410 1965 2512 2004 nos
2533 1949 2764 2006 interim
2785 1948 2966 2005 Deum
2991 1966 3187 2005 rerum
3229 1949 3494 2006 omnium
3518 1950 3860 2022 principium

2225 2037 2648 2110 principiisque
2667 2039 2810 2094 adeo
2835 2039 2984 2111 ipsis
3013 2038 3412 2110 antiquiorum
3447 2055 3578 2096 esse
3615 2041 3862 2112 proﬁtea-

2228 2131 2537 2200 mur),quae
2565 2129 2816 2201 denique
2833 2135 2963 2202 post
2985 2131 3345 2186 substantias
3385 2133 3639 2190 materiae
3683 2147 3862 2204 exper-

2229 2223 2316 2274 tes
2349 2220 2650 2274 materiam
2679 2221 2870 2291 ipsam
2905 2220 3236 2291 protulerit,
3291 2229 3464 2293 atque
3511 2223 3594 2278 ita
3636 2223 3854 2276 demum

2229 2309 2564 2366 universum
2599 2318 2820 2364 naturas
2851 2325 3064 2382 corpus
3107 2312 3388 2366 fabricata
3433 2311 3528 2366 sit.
3589 2313 3694 2366 Alii
3741 2326 3853 2366 vero

2227 2397 2604 2470 physiologia
2633 2415 2844 2454 arcana
2867 2398 3320 2470 diligentissime
3351 2400 3566 2468 rimati,
3621 2401 3848 2471 ecquod-

2229 2502 2358 2542 nam
2390 2486 2810 2543 elementorum
2863 2487 3052 2558 primo
3103 2489 3449 2560 productum
3503 2491 3664 2546 fuerit
3695 2489 3850 2544 variis

2229 2576 2383 2632 inter
2441 2592 2500 2631 se
2557 2578 3092 2634 concertationibus
3167 2578 3626 2649 disputaverunt.
3683 2582 3847 2650 Atque

2229 2665 2360 2721 aliis
2392 2666 2630 2738 quidem
2655 2669 2880 2738 primus
2903 2667 3169 2723 omnium
3195 2668 3350 2740 ignis
3389 2670 3692 2725 emersisse
3711 2670 3844 2722 vide-

2229 2759 2344 2823 tur,
2379 2760 2614 2826 propter
2636 2757 2746 2810 vim
2773 2757 2824 2811 ei
2847 2755 3110 2824 insitam,
3145 2773 3262 2828 qua
3301 2766 3506 2812 cuncta
3543 2757 3841 2815 consumit:

2229 2843 2360 2900 aliis
2389 2861 2506 2910 aer,
2537 2846 2708 2918 cujus
2741 2845 2940 2901 afﬂatu
2973 2849 3029 2902 et
3059 2845 3268 2902 reﬂatu
3323 2847 3641 2904 animantia
3675 2845 3837 2902 consi-

2227 2941 2424 2990 stunt:
2457 2934 2588 2990 aliis
2637 2951 2788 3006 aqua
2831 2935 3150 3006 generandi
3203 2936 3496 2993 facultatis
3543 2953 3686 3009 ergo,
3727 2950 3831 3005 quas

2227 3022 2419 3079 inesse
2445 3021 2527 3078 illi
2561 3023 2781 3088 fertur;
2833 3022 2966 3078 aliis
3018 3023 3274 3096 denique
3323 3032 3498 3094 terra,
3527 3026 3661 3097 quod
3688 3041 3742 3077 ex
3766 3037 3818 3074 ea

2227 3111 2547 3168 animantia
2567 3112 2764 3168 omnia
2793 3116 2986 3168 ortum
3019 3112 3296 3185 habeant,
3331 3123 3500 3186 atque
3534 3118 3582 3170 in
3602 3127 3702 3168 eam
3726 3109 3806 3162 de-

2155 3187 2199 3254 C
2228 3217 2342 3257 nuo
2371 3201 2754 3258 resolvantur.

2897 3397 3050 3455 CAP.
3082 3399 3209 3455 VII.

2773 3551 2846 3606 De
2875 3552 3023 3608 [deis
3052 3556 3103 3609 et
3135 3553 3290 3609 Cirta.

2299 3685 2364 3740 Et
2395 3683 2552 3741 Plato
2575 3687 2808 3756 quidem
2841 3686 2986 3744 idem
3019 3689 3213 3760 prima
3251 3685 3477 3742 nomine
3515 3685 3843 3756 intelligen-

2226 3777 2368 3831 tiam
2397 3785 2449 3832 et
2487 3775 2940 3832 inenarrabilem
2973 3778 3358 3848 phantasiam,
3385 3773 3660 3847 illamque
3713 3774 3846 3830 adeo

2227 3863 2705 3935 imaginationem
2765 3881 2881 3935 qua
2941 3868 3227 3922 mundum
3286 3865 3544 3922 creavit:
3595 3862 3846 3920 secundm

2229 3951 2694 4018 vero,beatarum
2719 3953 3005 4009 mentium
3027 3954 3314 4022 ordinem,
3331 3951 3644 4024 mundique
3665 3950 3848 4020 hujus,

2231 4040 2330 4111 qui
2361 4039 2636 4096 sensibus
2671 4045 2827 4113 patet
2855 4042 3151 4113 exemplar
3183 4059 3195 4098 :
3237 4043 3420 4098 tertiae
3465 4043 3728 4113 denique,
3771 4053 3852 4110 ge-

2229 4129 2454 4185 nerales
2485 4129 2617 4186 illas
2648 4131 2904 4188 rationes
2955 4131 3256 4204 intelligit,
3305 4133 3520 4203 quibus
3566 4148 3656 4188 res
3685 4147 3716 4186 a
3745 4129 3853 4186 suis

2229 4219 2570 4288 corporibus
2621 4221 2945 4278 abstractas
2991 4221 3480 4292 contemplemur,
3535 4227 3599 4278 ut
3641 4235 3768 4277 cum
3795 4219 3854 4273 de

2229 4307 2485 4378 homine,
2520 4309 2606 4364 vel
2637 4325 2805 4382 equo,
2855 4309 2944 4368 vel
2993 4311 3138 4368 bove
3187 4327 3376 4368 sermo
3425 4311 3764 4368 instituitur.
3793 4309 3854 4362 At

2229 4396 2568 4454 Aristoteles
2599 4399 2746 4455 ideis
2777 4399 3170 4456 substantiam
3209 4399 3440 4469 tribuit,
3493 4417 3600 4458 nec
3639 4417 3752 4464 eas,
3783 4394 3854 4452 uti

2234 4487 2411 4556 Plato,
2445 4505 2546 4560 per
2568 4505 2628 4546 se
2683 4489 2858 4561 vique
2915 4506 3024 4546 sua
3065 4490 3388 4545 subsistere
3445 4495 3666 4546 censet.
3717 4489 3852 4544 Ide'u

539 4575 614 4634 Ut
653 4581 848 4634 autem
877 4576 1200 4649 generatim
1235 4574 1374 4646 quid
1416 4575 1640 4630 externi
1687 4575 2018 4648 philosophi
2049 4575 2119 4631 de
2151 4561 2196 4626 D
2228 4575 2354 4648 ipse
2383 4577 2592 4634 cmlum
2627 4579 2896 4650 quintum
2929 4595 3144 4650 corpus
3175 4595 3305 4635 esse
3336 4578 3510 4651 longe
3552 4581 3774 4636 diversa
3799 4575 3854 4632 ab

469 4666 752 4723 universis
795 4673 1015 4724 natura:
1063 4665 1284 4721 fabrica
1331 4665 1644 4734 senserint,
1696 4664 1977 4737 explicem
2031 4665 2120 4736 (ut

467 4773 601 4812 cum
683 4756 815 4814 illos
871 4758 1022 4813 inter
1077 4771 1139 4811 se
1195 4754 1510 4810 dissentire
1568 4755 1922 4826 cognoveris,
1984 4754 2119 4810 inde

464 4861 828 4920 quaecunque
859 4849 930 4904 de
959 4861 1158 4902 rerum
1190 4843 1564 4917 generatione
1617 4845 1902 4915 prolocuti
1957 4855 2114 4913 sunt,

464 4941 525 4988 ut
557 4935 872 5004 plurimum
909 4955 942 4992 a
987 4951 1119 4992 vero
1158 4931 1490 4990 aberrantia
1527 4933 1855 5005 perspicere
1878 4933 2114 5005 possis),

463 5021 652 5076 Moses
684 5027 920 5095 quidem
955 5023 1312 5097 simpliciore
1333 5024 1642 5094 magisque
1661 5023 2115 5095 compendiario,

462 5107 581 5164 imo
612 5114 808 5180 potius
861 5113 1186 5185 cepiosiore
1246 5111 1396 5184 stylo
1447 5113 1520 5168 de
1570 5113 1776 5168 mundi
1827 5114 2116 5168 creatione

463 5197 794 5255 disserens:
843 5201 900 5255 In
948 5203 1248 5273 princip-io,
1306 5201 1514 5272 inquit,
1563 5204 1692 5272 fecit
1731 5202 1874 5257 Deus
1922 5201 2118 5258 eretum

459 5289 513 5340 et
540 5289 767 5344 terram.
802 5289 1023 5346 Deinde
1068 5307 1135 5346 ea
1182 5291 1387 5348 ordine
1428 5307 1555 5362 quae
1578 5293 1795 5348 suntin
1812 5291 1954 5350 cmlo
1986 5308 2115 5364 per-

461 5377 733 5434 currit.At
754 5387 1123 5436 externorum
1152 5379 1642 5451 philosophorum
1669 5382 2114 5454 nonnulliprin-

457 5461 612 5532 cipia
651 5484 845 5525 rerum
908 5469 1212 5524 materiam
1263 5473 1318 5524 et
1369 5469 1614 5524 formam
1648 5471 1937 5529 dixerunt.
1992 5472 2114 5528 Pri-

457 5562 734 5628 mumque
763 5559 906 5615 adeo
939 5559 1244 5614 materiam
1275 5573 1403 5628 quas
1437 5559 1546 5613 sub
1596 5575 1838 5618 sensum
1873 5561 2112 5634 quidem

452 5637 699 5704 minime
721 5647 1017 5720 cadat,sed
1045 5645 1172 5704 sola
1193 5645 1544 5718 cogitatione
1564 5651 2108 5725 comprehendatur,

2227 4666 2538 4723 elementis
2589 4673 2798 4724 natura
2847 4667 3161 4740 praeditum
3223 4673 3429 4724 auctor
3485 4675 3598 4725 est.
3659 4667 3854 4726 Ctelum

2227 4763 2377 4812 certe
2411 4755 2630 4812 Platoni
2661 4757 2718 4811 id
2752 4773 2880 4812 esse
2909 4757 3154 4822 videtur,
3189 4757 3344 4828 quod
3395 4757 3453 4812 in
3497 4766 3748 4829 quatuor
3771 4753 3851 4810 ele-

2228 4846 2441 4902 mentis
2471 4847 2724 4902 maxime
2757 4847 3054 4918 praelucet.
3089 4847 3412 4902 Terrestria
3445 4849 3606 4902 enim
3639 4856 3854 4914 corpora

2227 4933 2324 4990 ille
2352 4933 2555 4990 intima
2597 4936 3020 4991 elementorum
3075 4941 3257 5007 parte,
3322 4940 3386 4991 ut
3433 4951 3564 5008 quae
3612 4935 3853 4996 omnium

2225 5023 2595 5080 crassissima
2655 5025 2732 5081 sit
2773 5025 3152 5098 matericique
3197 5025 3326 5095 plus
3374 5025 3608 5096 habeat,
3668 5023 3852 5083 cmlum

2227 5117 2422 5169 autem
2473 5114 2728 5170 maxime
2779 5113 3074 5170 luminosa
3133 5113 3470 5170 earumdem
3517 5121 3682 5186 parte
3710 5127 3856 5172 cons-

2225 5207 2349 5258 tare
2379 5207 2664 5260 autumat.
2697 5205 2978 5260 Caeterum
3013 5203 3355 5259 Aristoteles
3386 5203 3677 5260 rationem
3727 5216 3860 5273 quo-

2226 5309 2340 5366 que
2369 5295 2572 5366 adfert,
2609 5310 2786 5366 quare
2815 5293 3027 5348 coelum
3061 5309 3273 5365 corpus
3303 5309 3432 5348 esse
3464 5293 3735 5364 quintum
3763 5287 3856 5346 sibi

2224 5383 2511 5453 videatur,
2557 5385 2774 5456 quippe
2815 5399 2954 5454 quia
3001 5383 3260 5439 directus
3311 5382 3732 5439 elementorum
3793 5377 3856 5434 sit

2225 5481 2440 5542 motus,
2465 5489 2598 5530 cum
2631 5473 2839 5530 coelum
2869 5475 2929 5528 in
2961 5475 3100 5530 orbe
3131 5473 3367 5529 feratur.
3419 5473 3624 5546 Itaque
3661 5467 3856 5527 diversi

2224 5567 2416 5619 motus
2445 5579 2601 5636 ergo,
2653 5563 2944 5620 diversam
2992 5563 3079 5618 illi
3129 5577 3359 5636 quoque
3403 5579 3436 5619 a
3485 5567 3738 5638 quatuor
3763 5557 3858 5616 ele-

2222 5652 2432 5710 mentis
2461 5653 2854 5712 substantiam
2888 5651 3165 5724 assignat.
