4090 6298
281 311 447 374 1109

950 443 1103 499 CAP.
1138 443 1276 500 VIII.

342 563 418 616 De
455 559 666 626 Steltis,
696 558 788 613 Sol
812 564 865 611 et
902 555 1039 612 (una
1071 575 1143 612 an
1172 558 1458 628 planetae?
1491 559 1866 616 Plancrarum

698 632 847 697 ονρίθ,
884 646 967 684 mo
999 646 1060 684 us
1093 635 1145 685 et
1172 636 1487 686 concentus.

352 748 431 802 De
464 747 649 802 stellis
683 747 858 800 etiam
893 746 1227 801 errantibus
1258 752 1313 801 et
1340 748 1469 802 ﬁxis
1528 755 1773 819 uterque
1815 748 1935 802 dis-

280 839 441 894 serit.
467 838 531 890 Et
561 835 721 889 Plato
754 835 987 904 quidem
1022 852 1196 891 unam
1238 838 1503 891 omnium
1554 839 1937 907 eamdemque

285 924 771 989 srbstantiamﬁd
796 925 1071 980 nimirum
1098 926 1250 995 quod
1284 926 1341 980 in
1362 933 1611 996 quatuor
1633 925 1934 981 elementis

287 1017 540 1070 maxime
562 1013 877 1085 perluceat,
904 1029 1028 1069 esse
1048 1014 1147 1068 ait.
1168 1014 1504 1070 Aristoteles
1528 1020 1721 1069 autem
1745 1014 1934 1086 quinti

271 1104 532 1161 corooris
567 1103 805 1159 nomine
835 1107 892 1159 et
935 1102 1145 1159 cmlum
1180 1107 1235 1158 et
1264 1103 1459 1159 stellas
1512 1119 1716 1159 omnes
1771 1119 1930 1159 com-

269 1194 565 1265 plectitur,
602 1201 838 1263 prepter
872 1198 1097 1249 motum
1131 1192 1373 1259 scilicet,
1409 1209 1579 1263 quem
1626 1193 1929 1247 diversum

272 1300 304 1337 a
340 1287 595 1354 quatuor
624 1281 930 1337 elementis
962 1282 1193 1337 habent.
1247 1286 1424 1337 Porro
1477 1280 1688 1336 ccelum
1748 1281 1928 1348 istud,

279 1372 431 1441 quod
466 1371 737 1441 quintum
772 1386 984 1440 corpus
1015 1368 1293 1441 appellat,
1326 1370 1467 1441 quid
1526 1385 1588 1424 re
1646 1385 1781 1424 vera
1829 1369 1926 1437 sit,

280 1475 642 1530 nequaquam
667 1459 890 1514 deﬁnit.
924 1460 1034 1514 Sed
1059 1475 1127 1513 ex
1168 1459 1440 1529 opinione
1486 1462 1543 1515 et
1589 1459 1927 1530 conjectura

274 1554 504 1604 tantum
542 1549 819 1620 loquitur.
844 1548 1056 1604 Verum
1092 1549 1383 1605 enimvero
1405 1549 1674 1619 quamvis
1705 1552 1924 1619 septem

267 1644 531 1693 errantes
554 1640 729 1707 vulgo
763 1643 1061 1706 vocentur,
1094 1637 1351 1709 quinque
1403 1647 1590 1694 tamen
1641 1638 1924 1693 duntaxat

274 1744 475 1785 revera
505 1736 690 1785 sunt:
754 1745 940 1800 neque
998 1730 1151 1784 enim
1214 1728 1355 1785 solis
1412 1734 1469 1784 et
1524 1729 1676 1783 lunae
1709 1745 1916 1784 cursus

1626 311 2021 376 THESAURI
2064 315 2212 378 LIB.
2257 321 2307 379 Ι.

1967 449 2015 516 Α
2048 475 2179 516 vero
2198 450 2631 515 ἀποκατάστασις
2662 445 2879 511 exactis
2935 458 3023 511 ter
3083 455 3241 513 mille
3288 459 3558 517 ducentis
3592 479 3703 518 su—

3544 326 3701 387 1110

2047 568 2154 625 pra
2173 548 2392 605 centies
2417 554 2470 602 et
2499 545 2896 617 septuagesies
2909 545 3219 618 quinquies
3233 548 3384 603 dena
3407 566 3698 609 annorum

2048 640 2236 713 millia
2262 636 2594 709 peragitur:
2629 642 2885 705 tuncque
2923 635 3065 690 adeo
3118 638 3378 706 synodus
3432 642 3696 709 quaedam

2044 736 2484 798 conventusque
2523 722 2825 781 stellarum
2886 725 3147 780 omnium
3209 728 3280 781 ad
3342 730 3701 788 tricesimum

2044 818 2246 875 Cancri
2281 814 2667 881 mansionem,
2701 813 2821 869 sive
2861 814 3068 868 Leonis
3126 816 3375 885 primam
3432 820 3697 877 celebra-

2043 912 2141 963 tur
2170 925 2184 963 :
2222 920 2327 961 nec
2354 905 2434 959 ita
2466 903 2650 959 multo
2683 908 2815 975 post
2844 904 3099 975 generali
3159 904 3373 961 diluvio
3432 911 3691 965 mundus

2045 996 2333 1052 obruitur.
2366 994 2546 1049 Aiunt
2579 996 2852 1062 praeterea
2880 993 2942 1048 in
2973 1009 3261 1049 annorum
3288 994 3466 1051 stellas
3496 1000 3693 1068 cujus-

2042 1084 2184 1141 libet
2211 1083 2506 1138 minorum
2538 1080 2922 1152 apocatastasi
2979 1081 3252 1153 specialia
3299 1086 3563 1155 quaedam
3598 1088 3691 1142 di-

2040 1172 2199 1229 luvia
2228 1171 2551 1241 obtingere.
2584 1169 2835 1225 Cuilibet
2864 1170 3017 1226 enim
3050 1171 3305 1227 erraticas
3337 1172 3517 1230 stellas
3550 1191 3693 1231 suos

2042 1278 2229 1319 annos
2264 1258 2573 1329 maximos,
2606 1257 2829 1315 medios
2859 1263 2915 1314 et
2947 1260 3223 1319 minimos
3254 1277 3401 1319 esse.

2728 1394 2882 1450 CAP.
2917 1394 2983 1452 Χ.

2036 1506 2108 1560 De
2128 1505 2279 1572 solis,
2314 1504 2481 1570 (unm,
2514 1506 2781 1572 terraeque
2822 1503 3225 1575 magnitudine
3272 1510 3323 1561 et
3359 1508 3693 1565 intervallo.

2105 1619 2594 1692 Philosophorum
2632 1635 2802 1690 porro
2836 1620 3125 1689 nonnulli,
3156 1621 3311 1676 inter
3364 1640 3512 1695 quos
3553 1623 3692 1680 Ἀιιὶ-

2033 1710 2306 1766 starchus
2328 1715 2725 1772 astronomus,
2744 1708 2911 1763 aiunt
2934 1710 3211 1779 majorem
3237 1712 3345 1767 soli
3368 1730 3499 1768 cum
3534 1719 3692 1770 terra

278 1819 565 1875 erraticus
600 1825 689 1874 est
720 1836 734 1889 ;
766 1822 825 1874 at
848 1798 1115 1874 errantes
1146 1818 1323 1873 stellae
1356 1818 1483 1874 ideo
1534 1818 1922 1890 appellantur,
1953 1806 1997 1870 Β
2034 1800 2319 1890 "itionem
2351 1814 2501 1890 9939:
2536 1814 2709 1868 quam
2734 1813 2832 1890 391$
2881 1798 3142 1890 minibus
3167 1801 3521 1873 οοιῐηεθηιίε
3552 1821 3690 1859 cum

277 1909 415 1981 quia
439 1925 593 1966 nunc
622 1914 795 1974 stare,
833 1925 987 1964 nunc
1020 1908 1310 1981 progredi,
1344 1909 1651 1979 denuoque
1711 1899 1933 1979 regredi

274 1998 565 2054 videntur.
599 2001 790 2070 Atque
846 1998 1231 2054 inerrantium
1292 1999 1524 2069 quidem
1585 1997 1725 2052 ordo
1758 1996 1930 2068 longe

280 2087 601 2144 sublimius
631 2104 808 2159 quam
868 2090 1194 2144 errantium
1254 2089 1520 2143 eminet:
1575 2086 1929 2142 inerrantes-

276 2194 386 2249 que
416 2179 559 2234 adeo
588 2177 727 2247 ipsae
763 2194 878 2233 non
909 2177 973 2233 in
1007 2194 1121 2233 una
1153 2183 1209 2231 et
1238 2177 1435 2232 eadem
1470 2176 1726 2245 corporis
1754 2177 1928 2231 aethe-

275 2268 354 2322 rei
388 2266 697 2339 superficie
726 2266 851 2321 sita:
885 2270 1024 2322 sunt
1054 2274 1108 2321 et
1140 2266 1442 2322 feruntur:
1476 2266 1593 2321 imo
1642 2264 1765 2319 aliae
1798 2264 1931 2321 aliis

278 2355 654 2411 sublimiores
696 2359 997 2427 apparent.
1028 2355 1184 2410 Fixis
1240 2358 1500 2410 errantes
1559 2356 1928 2410 succedunt:

274 2443 334 2497 in
369 2444 585 2514 quibus
645 2444 836 2515 prima
888 2444 1162 2505 Saturno,
1230 2444 1490 2498 secunda
1554 2441 1700 2505 Jovi,
1760 2442 1930 2497 tertia

280 2531 471 2595 Marii,
506 2535 718 2602 quarta
748 2530 893 2601 Soli,
920 2532 1127 2602 quinta
1155 2531 1390 2600 Veneri,
1416 2536 1577 2586 sexta
1621 2530 1929 2600 Mercurio,

282 2625 582 2692 postrema
630 2621 804 2675 Lunaa
864 2621 1032 2676 sedes
1093 2621 1448 2693 assignatur.
1510 2621 1668 2676 Infra
1724 2620 1928 2677 lunam

281 2716 524 2783 quatuor
554 2710 859 2781 elementa,
920 2712 1201 2767 nimirum
1260 2712 1437 2784 ignis,
1496 2728 1614 2781 aer,
1673 2718 1842 2782 terra,
1875 2718 1930 2767 et

283 2816 458 2871 aqua,
493 2800 696 2855 ordine
727 2817 833 2857 suo
865 2800 1098 2872 singula
1119 2801 1338 2871 jaceat.
1370 2806 1518 2857 Sunt
1575 2806 1769 2857 autem
1811 2801 1929 2856 cui-

282 2887 425 2943 libet
454 2890 770 2945 errantium
805 2892 1086 2960 preﬁnita
1116 2897 1395 2960 tempora,
1415 2892 1630 2963 quibus
1656 2907 1927 2946 movean-

280 2979 694 3035 tur.S:iturnus
725 2980 999 3043 enim,cui
1036 2988 1099 3036 ut
1128 2983 1349 3036 caeteris
1382 2980 1569 3036 altiori
1630 2981 1922 3035 maximus

279 3069 438 3123 orbis
497 3069 920 3139 permetiendus
979 3077 1084 3137 est,
1145 3086 1379 3126 cursum
1451 3087 1624 3125 suum
1683 3070 1924 3141 triginta

281 3174 565 3213 annorum
626 3159 810 3231 spatio
869 3160 1120 3217 coniicit.
1176 3158 1401 3231 Jupiter
1489 3159 1661 3216 celeri
1745 3175 1920 3214 cursu

278 3246 569 3317 sphaeram
605 3263 770 3302 suam
822 3248 994 3303 annis
1052 3251 1378 3318 duodecim,
1412 3254 1564 3305 Mars
1596 3249 1825 3304 duobus
1856 3264 1922 3303 ac
1970 3260 1973 3265 '

280 3334 524 3391 semisse
558 3341 835 3408 permeat.
872 3337 1045 3404 Solis,
1078 3338 1331 3407 Veneris,
1381 3347 1434 3393 et
1482 3338 1749 3394 Mercurii
1789 3354 1923 3393 cur-

279 3443 381 3482 sus
413 3428 592 3493 idem,
626 3430 790 3501 isque
822 3446 1013 3485 annus
1038 3434 1146 3486 est.
1210 3432 1365 3485 Luna
1427 3440 1551 3501 post
1582 3428 1921 3485 vicesimum

279 3533 497 3572 nonum
550 3518 704 3573 diem
765 3528 819 3573 et
883 3520 1191 3576 semissem
1253 3535 1486 3574 cursum
1549 3520 1920 3590 redintegrat.

276 3605 436 3671 Quod
470 3606 520 3661 si
550 3606 684 3679 quis
713 3606 1055 3678 hujusmodi
1086 3625 1464 3665 numerorum
1498 3624 1711 3664 arcana
1741 3607 1922 3663 rima-

278 3692 326 3747 ri
357 3694 512 3764 velit,
543 3696 680 3752 hinc
712 3696 875 3753 facile
904 3703 1125 3770 quanta
1164 3698 1241 3754 sit
1285 3697 1587 3753 architecti
1644 3697 1925 3767 sapientia

279 3785 669 3857 deprehendet
702 3805 715 3842 :
749 3790 901 3860 quod
930 3789 1211 3845 nimirum
1244 3794 1631 3846 concentuum
1671 3786 1922 3843 rationes

278 3890 483 3932 omnes
514 3875 573 3930 in
632 3876 727 3933 his
783 3878 1164 3935 elucescant:
1225 3894 1447 3945 eorum,
1506 3878 1772 3949 inquam,
1826 3875 1923 3947 qui

274 3962 447 4036 vulgo
480 3961 568 4018 διὰ
596 3968 802 4036 πασῶν,
835 3962 925 4020 διὰ
978 3967 1132 4022 πέντε
1183 3973 1241 4025 et
1298 3965 1387 4022 διὰ
1421 3966 1694 4040 τεσσάρων
1727 3965 1923 4039 appel-

275 4051 495 4109 lantur.

983 4146 1135 4203 CAP.
1172 4147 1272 4201 IX.

345 4255 554 4312 Judicii
596 4260 838 4331 supremi
887 4264 1116 4331 tempus.
1166 4262 1522 4317 Planetarum
1570 4259 1851 4315 ἀποκατα-

543 4328 773 4389 στάσεις.
806 4328 1088 4388 Amorum
1118 4333 1379 4404 synodus,
1411 4333 1653 4389 diluvia.

341 4446 594 4502 Tametsi
630 4450 833 4504 autem
864 4465 931 4503 ex
964 4447 1254 4519 Evangelii
1315 4449 1550 4503 oraculo
1581 4450 1622 4516 ‘,
1656 4449 1808 4505 diem
1866 4453 1924 4506 et

270 4537 477 4592 horam
526 4539 784 4609 supremi
842 4539 1046 4608 judicii
1108 4555 1276 4593 nemo
1334 4547 1659 4608 cognoscat,
1720 4549 1924 4609 preter

278 4632 530 4695 Patrem,
564 4634 619 4684 et
648 4629 802 4684 Patri
861 4641 1209 4684 coaeternum
1270 4628 1503 4694 Filium,
1562 4633 1735 4698 atque
1781 4630 1922 4684 adeo

271 4717 573 4787 Spiritum,
608 4718 708 4790 qui
742 4735 807 4773 ex
842 4725 1007 4775 Patre
1048 4718 1353 4789 (Filioque)
1399 4719 1690 4787 procedit:
1745 4718 1918 4774 Gnaei

275 4813 465 4862 tamen
503 4811 670 4864 novis
701 4809 1056 4880 quibusdam
1091 4807 1692 4864 demonstrationibus
1710 4809 1921 4879 perspi-

271 4911 439 4951 cuam
476 4898 660 4952 facere
692 4899 1092 4954 connituntur.
1127 4898 1248 4962 Quo
1279 4896 1334 4951 id
1371 4902 1562 4951 autem
1610 4897 1802 4961 modo,
1835 4897 1919 4952 sic

266 4984 482 5054 accipe.
538 4986 827 5043 Saturnus
888 4989 1201 5044 maximam
1259 5004 1429 5043 suam
1485 4985 1915 5040 ἀποκατάστασιν

272 5074 539 5129 ducentis
572 5076 871 5144 sexaginta
901 5076 1163 5149 quinque
1217 5075 1424 5132 annis:
1482 5076 1729 5148 Jupiter,
1771 5093 1916 5147 qua-

270 5165 596 5239 dringentis
620 5167 821 5239 viginti
851 5171 1104 5238 septem:
1131 5171 1301 5236 Mars,
1323 5168 1593 5223 ducentis
1621 5173 1913 5239 quatuor:

269 5256 377 5321 sol,
412 5256 572 5312 mille
604 5256 1049 5327 quadringentis
1108 5256 1412 5327 sexaginta
1469 5274 1635 5314 uno:
1694 5257 1913 5323 Venus,

266 5345 425 5401 mille
447 5346 706 5403 centenis
739 5345 1169 5416 quinquaginta
1204 5362 1321 5401 uno
1349 5362 1361 5399 :
1393 5346 1736 5412 Mercurius,
1771 5362 1916 5416 qua-

266 5435 590 5508 dringentis
618 5454 630 5491 :
658 5433 818 5502 luna,
853 5433 1341 5505 vigintiquinque
1362 5435 1614 5492 conﬁcit.
1650 5435 1915 5491 Cosmica

336 5644 360 5681 ⁵
386 5645 565 5703 Marc.
595 5664 718 5715 xm,
749 5647 839 5719 32.

1954 4323 2001 4389 D

2044 1888 2473 1960 quinquaginta
2505 1904 2706 1942 novem
2738 1904 2750 1942 :
2781 1888 3163 1960 ejusdemque
3194 1890 3479 1947 diametro
3516 1894 3694 1948 vicis-

2044 1978 2154 2034 sim
2189 1980 2468 2048 majorem
2495 1992 2629 2031 cum
2664 1980 2828 2031 terrae
2873 1977 3155 2034 diametro
3213 1980 3497 2037 rationem
3539 1999 3689 2051 esse,

2043 2082 2221 2138 quam
2255 2065 2655 2121 novemdecim
2690 2081 2821 2119 cum
2858 2065 3068 2122 tribus.
3101 2068 3187 2122 Ad
3240 2067 3360 2123 haec
3392 2069 3533 2125 solis
3566 2071 3694 2126 dia-

2042 2160 2223 2210 meter
2252 2152 2487 2224 octuplo
2520 2153 2669 2208 lunai
2710 2154 3061 2209 diametrum
3111 2161 3364 2226 superat,
3422 2158 3693 2215 interval-

2040 2244 2283 2315 lumque
2315 2244 2456 2298 adeo
2488 2259 2603 2313 quo
2636 2241 2723 2298 sol
2753 2259 2785 2297 a
2815 2248 2967 2298 terra
2996 2244 3193 2307 distat,
3228 2245 3462 2318 octuplo
3495 2249 3690 2319 majus

2039 2338 2147 2402 est,
2181 2350 2357 2405 quam
2390 2330 2761 2387 intervallum
2798 2347 2912 2403 quo
2944 2332 3085 2388 luna
3116 2335 3186 2387 ab
3229 2335 3429 2390 eadem
3462 2335 3690 2405 disjun-

2039 2424 2216 2495 gitur.
2252 2421 2401 2486 Quin
2435 2420 2608 2477 etiam
2650 2421 2759 2477 soli
2809 2437 2940 2477 cum
2991 2422 3131 2477 luna
3176 2423 3322 2479 ratio
3355 2426 3547 2495 major
3578 2429 3689 2492 est,

2039 2528 2215 2584 quam
2250 2513 2511 2583 quinque
2544 2510 2805 2566 millibus
2862 2513 3215 2584 octingentis
3274 2514 3505 2570 duobus
3553 2532 3687 2570 cum

2038 2618 2174 2657 uno.

2722 2690 2878 2746 CAP.
2910 2691 3001 2747 XI.

2490 2814 2568 2864 De
2596 2808 2726 2864 solis
2753 2811 2806 2864 et
2836 2809 2984 2865 tunae
3012 2809 3222 2881 eclipsi.

2106 2930 2387 2982 Caeterum
2421 2927 2492 2982 ad
2527 2926 2667 2981 solis
2697 2932 2755 2981 et
2786 2926 2936 2981 lunae
2968 2927 3227 2982 defectus
3250 2929 3396 2996 quod
3448 2929 3678 2997 attinet,

2036 3017 2133 3088 qui
2170 3016 2340 3086 paulo
2371 3015 2648 3071 subtilius
2706 3014 2815 3070 ista
2873 3016 3067 3070 rimati
3133 3026 3290 3084 sunt,
3324 3016 3567 3087 eclipsin
3623 3021 3680 3073 in

2029 3105 2150 3161 sole
2177 3106 2408 3177 proprie
2438 3106 2551 3159 dici
2589 3121 2758 3175 posse
2788 3110 3004 3176 negant
3061 3105 3215 3176 (cum
3277 3104 3422 3161 solis
3479 3107 3676 3162 lumen

2029 3194 2191 3250 nullo
2225 3194 2479 3264 tempore
2509 3194 2781 3263 deﬁciat),
2815 3194 3121 3259 caliginem
3155 3201 3350 3250 autem
3411 3200 3469 3251 et
3521 3198 3680 3252 obte-

2030 3284 2431 3340 nebrationem
2467 3284 2941 3354 admittunt,quee
2963 3288 3092 3339 tum
3127 3284 3365 3340 demum
3392 3285 3675 3357 percipia-

2028 3380 2143 3443 tur,
2177 3390 2311 3429 cum
2341 3374 2399 3430 in
2431 3372 2714 3444 eclipticis
2745 3373 3261 3443 conjunctionibus
3308 3372 3451 3429 luna
3480 3374 3563 3429 illi
3602 3376 3673 3430 ad

2030 3462 2508 3536 perpendiculum
2542 3462 2808 3535 opposita
2837 3464 3011 3518 fuerit
3043 3480 3057 3517 :
3093 3467 3233 3518 tunc
3260 3464 3414 3520 enim
3474 3464 3674 3520 oculos

2029 3557 2283 3619 nostros,
2316 3552 2414 3623 qui
2447 3552 2828 3606 sublunarem
2873 3550 3167 3622 regionem
3219 3552 3553 3620 incolimus,
3586 3557 3677 3607 te-

2031 3644 2398 3698 nebricosum
2432 3641 2574 3697 solis
2607 3641 2804 3696 lumen
2838 3641 3511 3697 obumbrat.Astronomi
3533 3658 3681 3713 pras-

2028 3737 2187 3788 terea
2215 3729 2419 3801 digitis
2451 3730 2757 3786 duodecim
2802 3729 2957 3785 lunas
3016 3746 3228 3800 corpus
3284 3729 3677 3801 dimetientes,

2028 3820 2171 3877 alias
2202 3820 2439 3892 quidem
2471 3820 2579 3875 toti
2610 3818 2801 3889 ipsius
2827 3818 3053 3890 corpori
3085 3818 3228 3873 solis
3252 3819 3444 3873 radius
3474 3820 3682 3875 adver-

2030 3926 2147 3979 sos,
2180 3909 2325 3965 alias
2352 3925 2486 3964 vero
2522 3907 2699 3964 etiam
2731 3907 3107 3980 paucioribus
3158 3907 3465 3963 duodecim
3534 3909 3684 3979 obji-

2030 4002 2212 4057 ciunt.
2246 4000 2389 4056 Gum
2420 3998 2575 4055 enim
2608 3998 2749 4054 luna
2790 3997 3129 4054 sublimiore
3182 3997 3321 4054 orbe
3360 3999 3681 4054 circumve-

2030 4090 2209 4159 hitur,
2245 4106 2311 4146 eo
2342 4088 2565 4145 scilicet
2594 4087 2695 4159 qui
2746 4086 2851 4142 soli
2900 4086 3283 4159 propinquior
3327 4094 3438 4156 est,
3472 4104 3681 4160 parum

2030 4182 2210 4251 abest,
2242 4179 2384 4250 quin
2416 4178 2690 4233 tenebras
2718 4176 2803 4231 illi
2835 4177 3134 4232 oﬂ‘undere
3191 4176 3457 4233 videatur
3487 4193 3500 4233 :
3547 4194 3682 4234 cum

2032 4275 2228 4325 autem
2263 4268 2431 4340 pleno
2465 4266 2623 4334 orbe,
2650 4267 2926 4337 justaque
2956 4265 3047 4321 sui
3101 4267 3505 4338 magnitudine
3552 4285 3687 4324 con-

2033 4366 2199 4418 stans
2229 4361 2504 4416 interiora
2534 4363 2813 4431 permeat,
2865 4364 3007 4414 tunc
3064 4359 3286 4415 scilicet
3339 4360 3538 4416 oculos
3584 4360 3686 4416 illa

2033 4456 2262 4507 nostros
2293 4450 2604 4522 splendore
2650 4466 2755 4504 suo
2813 4449 3178 4520 perstringit,
3213 4455 3267 4504 et
3314 4449 3538 4519 integro
3572 4448 3681 4504 soli

2032 4539 2367 4612 opponitur.
2404 4539 2584 4594 Iidem
2619 4538 2845 4607 objectu
2882 4543 3053 4608 atque
3085 4538 3407 4592 interventu
3455 4538 3676 4591 umbrae

2034 4638 2192 4685 terris
2220 4629 2417 4683 lunam
2451 4627 2695 4682 deﬁcere
2723 4627 3013 4681 dixerunt.
3046 4624 3189 4680 Nam
3241 4629 3396 4680 terra
3452 4625 3677 4681 lumine

2031 4717 2172 4775 solis
2202 4718 2493 4772 illustrata
2524 4717 2791 4771 umbram
2826 4733 2937 4770 non
2964 4732 3089 4770 eam
3127 4713 3361 4784 quidem
3397 4714 3678 4786 cylindri-

2031 4823 2181 4871 cam,
2209 4823 2309 4862 seu
2343 4807 2680 4870 rotundam,
2740 4805 2933 4876 qualis
2982 4809 3069 4858 est
3126 4802 3409 4858 columnae
3471 4804 3679 4874 ﬁgura,

2031 4900 2130 4954 sed
2167 4899 2469 4955 conoidem
2502 4913 2602 4953 seu
2640 4896 3000 4951 turbinatam
3062 4895 3218 4951 facit.
3276 4896 3456 4955 Κῶνος
3499 4897 3680 4965 enim,

2030 4989 2128 5060 qui
2161 4996 2214 5043 et
2246 4979 2563 5062 στρόϐιλος,
2595 4986 2652 5040 id
2686 4990 2774 5041 est
2808 4986 2998 5053 turbo,
3030 4983 3263 5053 dicitur,
3297 5000 3365 5040 ex
3394 4984 3512 5041 lata
3559 4984 3680 5057 pla-

2028 5078 2172 5133 nitie
2217 5076 2278 5132 in
2337 5091 2677 5131 mucronem
2730 5074 3049 5130 exacuitur.
3112 5072 3327 5130 Umbra
3382 5082 3542 5130 terra
3599 5076 3680 5132 ila

2028 5165 2414 5239 proculdubio
2446 5181 2508 5219 se
2540 5164 2736 5230 habet,
2780 5164 2946 5233 cujus
3002 5162 3083 5218 rei
3135 5179 3315 5218 causa
3372 5164 3678 5236 perspicua

2028 5262 2115 5312 est
2143 5256 2377 5319 Quoties
2410 5255 2566 5309 enim
2602 5269 2816 5323 corpus
2849 5253 3084 5324 aliquod
3120 5254 3191 5307 ab
3224 5254 3493 5325 ejusdem
3551 5270 3677 5310 cor-

2026 5345 2186 5417 poris
2220 5342 2835 5416 magnitudinelumen
2871 5342 3101 5409 accipit,
3135 5341 3488 5412 cylindrica:
3532 5358 3674 5412 quo-

2024 5433 2133 5489 ties
2162 5450 2297 5489 vero
2322 5452 2355 5490 a
2382 5430 2923 5501 minoris,conoides
2948 5432 3177 5499 umbra,
3207 5448 3309 5487 seu
3351 5433 3650 5488 turbinata
