4090 6298
429 281 580 342 1111
1733 285 2044 348 ΝΙΟΕΤΕ
2083 286 2101 344 (

2216 282 2500 346 )Ν1ΑΤΔΕ

429 415 752 488 consurgit.
783 415 946 474 Unde
975 416 1248 486 efﬁcitur,
1309 421 1374 474 ut
1427 435 1559 476 cum
1618 417 1704 477 sol
1757 419 1964 476 tellure
1993 419 2072 476 sit
2100 419 2155 484 Α

433 505 640 576 major,
673 520 922 578 eamque
979 505 1104 562 suis
1161 507 1344 563 radiis
1400 507 1675 580 illustret,
1728 509 2080 564 turbinatam

435 609 668 664 quoque
697 595 966 651 umbram
997 595 1229 652 efﬁciat.
1263 599 1464 668 Itaque
1515 598 1658 654 luna
1715 603 1854 654 tunc
1913 597 2081 653 nobis

435 683 704 748 obscura,
738 683 1139 756 deﬁcientique
1172 686 1383 744 similis
1411 687 1659 756 videtur,
1693 705 1826 745 cum
1859 688 1920 744 in
1953 704 2080 744 um-

435 771 603 827 bram
633 771 860 828 telluris
886 773 1172 830 inciderit.
1203 777 1366 839 Quod
1413 777 1459 832 si
1517 779 1574 834 in
1637 779 1856 834 umbrae
1897 779 2082 848 ipsius

435 860 686 916 radicem
719 878 822 916 seu
857 863 1250 921 meditullium
1275 865 1754 935 indicat,omnino
1771 868 1966 923 deﬁcit
1993 884 2006 922 :
2033 868 2084 923 si

437 967 570 1006 vero
601 951 660 1004 in
681 951 1290 1018 verticem,obscurior
1311 957 1600 1012 efﬁcitur:
1633 957 1772 1028 quia
1805 958 2086 1014 nimirum

440 1055 555 1110 quo
605 1041 882 1096 conoides
941 1043 1161 1098 umbra:
1215 1043 1486 1116 planities
1543 1045 1730 1114 latior,
1771 1062 1838 1102 eo
1891 1051 2086 1101 vertex

438 1131 788 1186 contractior
818 1135 926 1186 est.
1473 1141 1482 1148 ‘

3696 281 3870 348 1112

2835 418 2988 476 CAP.
3020 420 3179 476 XIII.

2394 543 2468 598 De
2496 543 2625 598 satis
2653 547 2703 598 et
2725 543 2873 602 lunae
2899 560 3085 607 cursu,
3118 546 3364 615 annique
3393 547 3638 604 ratione.

2260 659 2574 716 Sciendum
2607 669 2880 734 praeterea
2900 661 3223 728 est,lunam
3255 665 3563 736 integram,
3607 663 3733 720 hoc
3769 669 3858 720 est

2190 751 2634 824 quindenariam
2661 754 2731 808 ab
2751 753 2956 824 opiﬁce
2977 763 3228 810 creatam
3257 773 3270 822 ;
3295 757 3422 811 suis
3443 756 3596 811 enim
3631 773 3856 812 nume-

2189 841 2270 896 ris
2301 839 2628 897 absolutam
2660 859 2786 900 esse
2810 845 3210 901 conveniebat.
3253 849 3462 911 Quarto
3511 851 3726 902 autem
3761 847 3856 902 die

2191 939 2378 986 creata
2401 933 2719 1002 est.ltaque
2739 933 2946 989 diebus
2969 935 3238 992 undecim
3289 935 3470 992 solem
3519 939 3856 1007 praevertit,

2191 1020 2482 1092 siquidem
2516 1037 2548 1075 a
2578 1029 2780 1092 quarto
2812 1025 2884 1078 ad
2917 1025 3208 1080 decimum
3240 1025 3512 1096 quintum
3559 1025 3850 1082 undecim

2191 1111 2315 1166 dies
2345 1109 2800 1168 intercederunt.
2835 1114 2956 1178 Quo
2985 1113 3123 1169 fitut
3153 1131 3506 1188 unoquoque
3523 1132 3688 1171 anno
3715 1117 3856 1171 duo-

2192 1201 2380 1257 decim
2405 1217 2638 1258 menses
2669 1201 2841 1270 lunaa,
2873 1202 3144 1260 undecim
3179 1204 3404 1260 dierum
3455 1207 3682 1276 spatio,
3717 1207 3854 1262 duo-

2193 1289 2379 1347 decim
2401 1289 2692 1348 solaribus
2707 1291 3009 1350 mensibus
3035 1293 3290 1350 minores
3303 1293 3854 1366 deprehendantur.

2193 1377 2424 1435 Solares
2455 1379 2612 1436 enim
2663 1379 2871 1436 diebus
2919 1384 3192 1439 trecentis
3239 1383 3538 1455 sexaginta
3583 1385 3854 1457 quinque

2193 1484 2329 1524 cum
2369 1468 2696 1539 quadrante
2717 1474 3010 1538 constant,
3035 1485 3102 1526 ex
3125 1488 3240 1543 quo
3259 1488 3361 1544 per
3385 1476 3646 1543 quatuor
3665 1490 3852 1528 annos

2195 1559 2516 1630 composito
2547 1559 2672 1616 dies
2704 1577 2860 1616 unus
2901 1561 3244 1628 absolvitur,
3295 1579 3470 1635 quem
3523 1564 3852 1623 Bissextum

2193 1649 2364 1722 vulgo
2395 1649 2620 1716 dicunt,
2653 1649 2866 1720 illeque
2897 1651 3038 1706 adeo
3070 1668 3260 1708 annus
3307 1653 3514 1709 diebus
3571 1658 3848 1713 trecentis

2196 1739 2494 1811 sexaginta
2521 1756 2618 1795 sex
2635 1745 2884 1795 constat.
2919 1744 2988 1796 At
3009 1740 3239 1798 lunares
3267 1745 3406 1800 anni
3449 1747 3846 1803 trecentorum

2201 1829 2626 1902 quinquaginta
2656 1835 2906 1901 quatuor
2931 1831 3158 1886 dierum
3187 1837 3342 1888 sunt.
3387 1834 3467 1890 Ex
3525 1853 3643 1906 quo
3693 1837 3845 1893 enim

2199 1919 2340 1974 luna
2371 1919 2695 1986 emerserit,
2727 1935 2826 1974 seu
2859 1919 2985 1975 orbi
3017 1937 3123 1976 suo
3183 1923 3452 1978 restituta
3509 1925 3689 1980 fuerit
3725 1931 3848 1980 tan-

443 2020 640 2082 tuens,
667 2033 855 2088 neque
881 2017 1134 2073 calidum
1167 2017 1372 2084 solem,
1407 2033 1594 2088 nsque
1624 2018 1736 2074 alia
1793 2017 1912 2072 ulla
1955 2034 2096 2089 qua—
2201 2009 2386 2080 ῖίΒΡθτ
2417 2007 2751 2078 augebit“:
2784 2009 2918 2063 dum
2951 2009 3026 2064 ad
3057 2009 3181 2066 dies
3211 2013 3656 2082 (ἰυδωωάθοίω
3681 2019 3846 2086 atque

447 2105 608 2162 litate
639 2105 944 2176 praditum
977 2122 1106 2162 esse
1138 2107 1238 2176 ait,
1269 2109 1370 2162 sed
1403 2113 1459 2162 ct
1486 2105 1697 2161 λεῖκνον
1759 2106 1956 2182 φωτὸς,
1989 2125 2092 2164 seu

2216 2097 2547 2168 quadranlis
2577 2097 2886 2154 semissem
2919 2099 3263 2170 pervenerit,
3325 2119 3360 2156 a
3415 2119 3530 2174 quo
3581 2105 3844 2160 nimirum

451 2194 764 2250 canistrum
825 2194 1063 2250 luminis
1113 2195 1388 2267 appellat.
1447 2198 1520 2251 At
1592 2213 1724 2254 vero
1783 2197 1876 2252 hic
1935 2201 2098 2268 roget

2216 2191 2468 2258 tempore
2499 2185 2742 2242 deﬁcere
2775 2185 3003 2258 incipit,
3035 2189 3106 2243 ad
3149 2205 3486 2261 nonumque
3535 2199 3594 2248 et
3643 2193 3840 2248 vicesi-

1033 1269 1054 1286 υ
1101 1251 1256 1308 CAP.
1290 1252 1414 1308 XII.

619 1367 692 1421 De
723 1365 874 1436 solis,
906 1365 1076 1438 lunae,
1110 1369 1493 1440 astrorumque
1523 1368 1905 1438 qualitatibus.

511 1483 642 1538 Hac
681 1499 914 1554 quoque
941 1483 1090 1540 scitu
1126 1501 1238 1540 non
1275 1485 1518 1558 indigna
1548 1490 1708 1555 sunt,
1765 1491 1829 1541 ut
1885 1501 2010 1556 qua
2055 1501 2088 1539 a

441 1571 616 1644 primi
649 1571 904 1628 nominis
937 1573 1298 1645 philosophis
1347 1576 1574 1632 sancita
1627 1575 1865 1632 fuerint.
1927 1574 2087 1631 Plato

442 1665 599 1716 certe
627 1677 839 1732 corpus
896 1661 1124 1718 attheris
1183 1666 1516 1720 universum
1575 1679 1645 1720 ex
1701 1663 1856 1736 igne,
1911 1668 2084 1733 terra,

441 1749 778 1818 ceterisque
807 1748 1037 1804 duobus
1067 1748 1368 1806 elementis
1399 1751 1784 1818 constituens,
1828 1750 2082 1806 calidum

443 1837 622 1893 solem
653 1853 780 1893 esse
811 1838 974 1894 dixit.
997 1838 1338 1894 Aristoteles
1366 1844 1560 1894 autem
1617 1855 1828 1910 corpus
1875 1837 2088 1909 hujus-

444 1927 602 1982 modi
636 1927 932 1984 diversum
965 1929 1262 1999 quoddam
1299 1946 1330 1984 a
1353 1939 1602 2000 quatuor
1629 1928 1930 1984 elementis
1971 1933 2089 1984 sta-

452 2283 772 2353 quispiam,
807 2284 906 2354 qui
939 2283 1062 2340 ﬁeri
1103 2285 1309 2356 possit,
1373 2293 1434 2340 ut
1493 2285 1576 2342 sol
1627 2287 1839 2343 caloris
1894 2303 2098 2359 expers

456 2371 762 2428 calafaciat
785 2372 812 2427 ?
840 2373 1124 2438 Quoniam
1161 2381 1372 2440 movet,
1407 2378 1674 2446 quamvis
1715 2382 2016 2432 moveatur
2043 2379 2102 2432 et

455 2457 602 2531 ipse,
635 2459 1084 2528 exhalationem,
1119 2468 1176 2517 et
1207 2479 1340 2518 aera
1370 2465 1468 2534 qui
1524 2469 1686 2520 terrea
1719 2465 2100 2520 circumﬂuus

458 2557 564 2615 est,
589 2553 766 2620 atque
795 2550 1004 2606 exinde
1035 2551 1094 2606 in
1144 2568 1322 2608 causa
1377 2557 1486 2618 est,
1547 2557 1608 2608 ut
1667 2557 1929 2624 subjecta
1985 2571 2104 2610 cor-

455 2655 599 2710 pora
629 2637 1411 2698 incalescantExhalationis
1445 2659 1612 2714 porro
1643 2647 1700 2698 et
1730 2649 1995 2700 naturam
2045 2649 2104 2699 et

455 2743 668 2783 nomen
703 2727 930 2799 primus
959 2728 1180 2786 invenit
1207 2735 1382 2802 atque
1413 2731 1644 2802 indidit,
1675 2733 2101 2789 exhalationem

453 2816 726 2890 inquiens
756 2835 1030 2890 vaporem
1065 2836 1194 2874 eum
1232 2819 1486 2876 calidum
1545 2827 1600 2878 et
1657 2823 1902 2888 siccum,
1951 2823 2104 2878 velu-

451 2905 613 2977 tique
647 2907 942 2963 fumosum
975 2909 1232 2980 esse,qui
1267 2927 1299 2964 a
1329 2915 1482 2966 terra
1513 2927 1748 2966 sursum
1794 2911 2102 2967 emittitur.

452 3000 586 3052 Haec
615 2997 697 3052 ita
727 2997 853 3069 ipsa
881 2997 1170 3054 exhalatio
1205 3001 1462 3070 fumosa,
1497 3017 1629 3057 cum
1657 3003 1778 3072 jam
1813 3019 1926 3073 prae
1962 3001 2108 3056 levi-

453 3091 569 3142 tate
598 3087 668 3141 ad
701 3085 904 3162 lunam
945 3105 1135 3159 usque
1195 3090 1475 3160 pervenit,
1534 3089 1745 3146 deinde
1801 3090 1859 3146 in
1905 3095 2098 3163 partes

452 3176 696 3231 diducta
724 3180 835 3244 est,
894 3177 1290 3245 succenditur,
1350 3178 1591 3251 ignique
1641 3180 2004 3251 persimilem
2035 3199 2098 3238 se

457 3263 675 3319 nostris
706 3263 888 3320 oculis
919 3265 1188 3320 exhibet:
1218 3271 1392 3338 atque
1447 3267 1588 3322 adeo
1637 3269 1956 3340 subjectam
1985 3269 2097 3326 sibi

458 3353 848 3428 substantiam
883 3352 1166 3408 calefacit.
1203 3357 1362 3420 Quod
1399 3365 1586 3412 autem
1620 3373 1684 3412 ex
1743 3361 1900 3413 motu
1943 3359 2101 3415 calor

461 3442 743 3512 nascitur,
775 3443 832 3498 id
865 3459 932 3498 ex
956 3443 1286 3513 jaculorum
1332 3445 1672 3516 cuspidibus
1723 3449 2098 3520 perspicuum

463 3537 568 3590 est.
606 3531 914 3588 Plumhum
949 3533 1127 3599 enim,
1167 3550 1281 3604 quo
1341 3536 1716 3591 communitas
1775 3545 1930 3607 sunt,
1972 3538 2099 3611 ipso

461 3627 620 3678 motu
653 3621 917 3692 solvitur,
948 3627 1005 3677 et
1033 3621 1415 3694 colliquescit.
1439 3625 1626 3695 Atque
1647 3625 1826 3681 Graeci
1858 3627 2096 3695 quidem

461 3711 568 3769 oli
597 3711 794 3767 lumen
827 3711 897 3766 ab
919 3709 1107 3778 initio,
1141 3717 1196 3767 et
1228 3711 1464 3783 quidem
1499 3719 1706 3770 natura
1735 3714 1865 3787 ipsa
1908 3717 2100 3774 inesse

461 3801 646 3858 aiunt.
679 3803 1052 3873 Anaxagoras
1084 3817 1216 3856 vero
1247 3801 1500 3858 solidum
1559 3802 1805 3873 lapidem
1863 3821 1932 3862 ex
1971 3807 2101 3862 uni.

460 3891 608 3947 versi
633 3889 1118 3946 circumvectione
1137 3889 1344 3946 elisum
1368 3897 1426 3948 et
1445 3892 1876 3950 inflammatum
1911 3897 2104 3952 denuo

463 3980 725 4052 levigari,
755 3985 814 4035 et
858 3980 916 4034 in
975 3979 1174 4036 stellas
1231 3979 1496 4038 cmlestes
1553 3982 1876 4040 coalescere
1905 3987 2104 4042 tradit.

464 4071 626 4124 Idem
685 4068 1077 4124 foraminibus
1135 4070 1320 4126 instar
1377 4071 1621 4143 pumicis
1685 4077 1743 4130 et
1797 4075 2109 4147 spiraculis

465 4161 690 4215 scatere
741 4156 961 4224 stellas,
1020 4161 1194 4228 atque
1251 4175 1676 4232 nonnunquam
1729 4161 1872 4218 caelo
1921 4163 2112 4220 delabi

469 4250 670 4304 auctor
727 4249 816 4302 est
855 4261 874 4301 :
935 4246 1152 4317 quibus
1210 4248 1380 4304 dictis
1441 4249 1613 4306 ﬁdem
1673 4252 2114 4321 conciliaturus,

470 4336 656 4393 adfert
685 4351 898 4408 corpus
927 4333 1070 4391 illud
1101 4335 1375 4408 ignitum,
1407 4339 1657 4396 rotunda
1706 4341 1913 4414 forma,
1963 4344 2115 4416 quod

471 4427 618 4485 ccelo
639 4430 936 4501 quondam
974 4429 1031 4484 in
1055 4427 1210 4504 αἰγὸς
1244 4429 1486 4486 ﬂuvium
1520 4431 1756 4490 decidit.
1791 4433 1903 4490 Alii
1935 4433 2118 4492 solem

2210 2291 2370 2330 mum
2403 2273 2554 2330 diem
2598 2291 2731 2330 cum
2789 2277 3036 2334 semisse
3093 2278 3412 2334 deﬁciendo
3463 2283 3840 2352 progreditur.

2213 2365 2463 2421 Perfecta
2495 2364 2974 2437 igitur,justaque
3003 2367 3100 2423 sui
3129 2368 3536 2439 magnitudine
3557 2376 3835 2440 constans,

2209 2455 2450 2510 luminis
2478 2469 2682 2524 expers
2714 2459 2803 2510 est
2849 2456 3158 2528 denuoque
3203 2457 3310 2512 soli
3359 2461 3667 2530 conjuncta
3699 2461 3838 2516 redi-

2211 2545 2338 2600 viva
2395 2543 2718 2614 consurgit,
2773 2548 2828 2600 et
2879 2545 3354 2618 redintegratur:
3403 2551 3556 2620 quod
3627 2555 3830 2606 certum

2213 2629 2592 2703 proculdubio
2653 2633 3092 2688 resurrectionis
3141 2639 3354 2692 nostra
3407 2643 3830 2694 monumentum

2213 2724 2320 2776 est.
2357 2724 2557 2790 Itaque
2589 2717 2832 2788 singulis
2892 2721 3062 2778 annis
3120 2723 3246 2779 dies
3313 2727 3582 2783 undecim
3619 2729 3720 2784 soli
3747 2741 3830 2782 re-

2214 2809 2432 2881 pendit,
2467 2810 2546 2864 ita
2578 2813 2638 2864 ut
2671 2809 2930 2866 Hebraeis
2963 2811 3127 2866 tertio
3159 2829 3390 2886 quoque
3432 2833 3582 2872 anno
3637 2816 3828 2874 mensis

2215 2893 2543 2972 ἐμϐόλιμος,
2580 2915 2678 2955 seu
2733 2900 3114 2968 intercalaris,
3169 2909 3496 2963 conﬂatur:
3553 2919 3828 2977 annosque

2215 2989 2358 3044 adeo
2393 2988 2489 3044 ille
2524 2988 2799 3046 tredecim
2832 2990 3152 3058 mensibus,
3183 3010 3252 3048 ex
3307 2997 3570 3054 undecim
3623 2997 3812 3052 dierum

2217 3076 2561 3150 adiectione,
2595 3083 2861 3134 constare
2893 3079 3385 3150 deprehendatur.

2869 3205 3023 3261 CAP.
3056 3207 3194 3263 XIV.

2300 3307 2466 3374 Solis,
2499 3306 2652 3362 (una?
2683 3311 2736 3362 et
2763 3307 3050 3362 stellarum
3083 3311 3340 3379 materia,
3373 3314 3514 3384 igni:
3537 3315 3731 3366 natura.

2281 3397 2656 3467 Perspicuum
2681 3401 2875 3453 autem
2909 3406 3016 3465 est,
3043 3399 3248 3465 solem,
3299 3402 3496 3458 lunam
3550 3405 3604 3457 et
3649 3395 3828 3454 stellas

2211 3503 2278 3544 ex
2307 3486 2462 3542 lunae
2482 3487 2655 3557 globo
2682 3491 2970 3544 constare.
3017 3487 3300 3545 Vesorum
3349 3492 3502 3546 enim
3545 3489 3727 3545 instar
3753 3485 3835 3541 lu-

2215 3593 2346 3634 men
2383 3575 2496 3630 sibi
2533 3579 2729 3647 postea
2760 3577 3232 3648 superadjectum
3265 3577 3846 3658 execperuntﬁoruni

2215 3667 2474 3743 profecto
2505 3665 2839 3736 cujusmodi
2873 3669 3084 3722 natura
3114 3669 3203 3734 sit,
3233 3667 3538 3722 nescimus.
3567 3665 3714 3722 Sunt
3745 3663 3850 3736 qul

2217 3761 2412 3833 ignem
2443 3757 2556 3813 nisi
2591 3756 2648 3812 in
2677 3759 2981 3813 materiam
3015 3758 3272 3830 aliquam
3301 3762 3452 3830 agat,
3475 3755 3848 3829 conspicuum

2217 3865 2346 3906 esse
2379 3853 2590 3919 negent
2635 3861 2648 3900 :
2711 3845 2862 3902 unde
2911 3845 2996 3916 ﬁt,
3055 3851 3122 3902 ut
3175 3846 3492 3903 exstinctus
3539 3847 3850 3902 evanescat.

2222 3938 2334 3996 Alii
2365 3937 2720 3994 exstinctum
2751 3935 2811 3990 in
2843 3951 3036 3992 aerem
3071 3937 3285 3993 mutari
3317 3937 3697 3995 contendunt.

2889 4051 3042 4108 CAP.
3077 4053 3198 4108 XV.

2439 4161 2514 4217 De
2539 4159 2782 4224 zodiaca,
2811 4157 3273 4230 planetaramque
3311 4159 3582 4227 domibus,
3611 4165 3662 4215 et

2831 4230 3254 4286 elevationibus.

2299 4323 2524 4396 Zodiari
2558 4353 2729 4410 porro
2760 4336 2960 4392 circuli
3001 4339 3197 4392 motus
3243 4335 3517 4408 obliquus
3573 4341 3678 4406 est,
3709 4338 3856 4406 atque

2231 4430 2290 4485 in
2315 4429 2600 4485 sectiones
2624 4425 2926 4482 duodecim
2950 4425 3244 4495 dividitur,
3288 4441 3416 4498 qum
3460 4427 3673 4499 vulgus
3711 4418 3858 4493 ζώδια

473 4523 529 4574 et
557 4517 757 4576 lunam
793 4519 978 4574 nubes
1010 4519 1285 4574 aethereus
1311 4519 1746 4578 inflammatas:
1779 4522 1877 4578 alii
1933 4523 2112 4580 solem
2148 4517 2192 4581 D
2233 4535 2335 4577 seu
2369 4517 2536 4588 signa
2563 4519 2766 4572 vocat:
2800 4531 3040 4587 quorum
3102 4515 3336 4587 singula
3393 4516 3656 4572 denariis
3697 4514 3860 4571 tribus

468 4608 662 4681 ipsum
697 4625 946 4666 massam
977 4607 1376 4664 candefactum
1411 4626 1538 4666 esse
1587 4611 1874 4668 dixerunt.
1907 4614 2116 4670 Verum

471 4701 764 4755 enimvero
823 4713 956 4754 cum
1011 4697 1188 4752 Mosis
1243 4696 1486 4754 historia
1543 4699 1748 4769 solem,
1815 4702 2013 4758 lunam
2063 4707 2122 4760 et

472 4787 670 4844 stellas
699 4805 730 4843 a
763 4785 968 4842 mundi
1003 4785 1209 4858 opiﬁce
1241 4789 1354 4842 Deo
1385 4788 1644 4860 primum
1677 4791 1985 4847 creationis
2007 4793 2120 4848 ini-

471 4876 622 4932 tium
653 4877 932 4933 habuisse
955 4875 1229 4942 dicimus,
1264 4893 1376 4932 non
1412 4879 1566 4949 quod
1601 4877 1698 4934 ille
1746 4879 1857 4935 alio
1898 4880 2122 4937 lumine

471 4971 686 5035 egeret,
727 4967 827 5020 sed
865 4983 934 5022 ne
965 4965 1160 5022 lumen
1193 4965 1334 5022 illud
1369 4967 1522 5024 iners
1571 4968 1943 5041 otiosumque
1999 4987 2122 5027 ma-

472 5055 818 5122 neret,quod
839 5055 1055 5110 idcirco
1081 5056 1268 5127 primo
1292 5059 1490 5113 statim
1526 5059 1619 5113 die
1663 5059 1895 5114 creavit.
1932 5061 2126 5132 lnquit

471 5142 626 5196 enim
653 5141 968 5210 Scriptura,
1012 5145 1168 5200 Dixit
1216 5163 1428 5218 quoque
1481 5148 1666 5204 Deus:
1723 5149 1848 5203 Fiat
1901 5151 2020 5219 lux,
2077 5157 2130 5207 et

473 5231 618 5290 [acta
647 5237 730 5285 est
759 5230 860 5286 lux
889 5231 930 5285 ⁸.
965 5233 1242 5290 Caeterum
1279 5235 1423 5290 nihil
1457 5235 1612 5291 aliud
1649 5238 1802 5310 ignis
1823 5243 2126 5310 est,quam

473 5317 673 5376 lumen
706 5319 925 5390 ipsum.
983 5321 1318 5379 Luminaria
1368 5341 1506 5382 vero
1555 5343 1672 5382 non
1728 5331 1870 5384 sunt
1923 5327 2125 5386 lumen

473 5403 695 5478 ipsum,
728 5409 829 5466 sed
861 5409 1104 5467 luminis
1131 5414 1511 5484 receptacula.

549 5623 574 5664 ⁵
603 5628 746 5685 Gen.
779 5643 820 5699 ι,
851 5627 907 5684 3.

2229 4608 2593 4680 trigintaque
2625 4605 2892 4678 partibus
2922 4609 3213 4662 constant.
3246 4605 3387 4661 Pars
3445 4611 3643 4662 autem
3697 4601 3864 4676 quaeli-

2230 4699 2328 4754 bet
2358 4713 2457 4753 sex
2487 4695 2732 4752 minutis
2767 4693 3196 4766 complectitur,
3231 4695 3310 4748 ita
3343 4699 3404 4750 ut
3449 4695 3662 4751 coelum
3695 4695 3860 4764 partes

2231 4805 2334 4845 seu
2369 4785 2704 4842 mansiones
2735 4788 3022 4840 trecentas
3055 4783 3358 4856 sexaginta
3403 4783 3642 4842 habeat.
3703 4777 3864 4838 Hemi-

2233 4875 2492 4951 sphterii,
2525 4875 2679 4948 quod
2713 4889 2890 4946 supra
2919 4878 3132 4930 terram
3175 4879 3386 4942 exstat,
3441 4879 3682 4930 centum
3727 4875 3862 4928 octo-

2233 4971 2413 5040 ginta,
2447 4966 2810 5036 totidemque
2843 4965 2968 5035 ejus
2999 4963 3156 5036 quod
3193 4963 3302 5019 sub
3351 4967 3510 5019 terra
3551 4969 3661 5032 est,
3697 4965 3865 5035 partes

2233 5058 2670 5114 enumerantur.
2704 5057 2982 5108 Caeterum
3017 5053 3382 5125 planetarum
3421 5053 3639 5110 domus
3661 5053 3746 5108 he
3768 5055 3866 5104 tra—

2235 5147 2478 5214 duntur,
2513 5144 2670 5199 Aries
2701 5149 2757 5198 et
2787 5143 3063 5213 Scorpius
3094 5143 3315 5198 Martis.
3350 5141 3585 5198 Taurus
3617 5147 3676 5196 et
3719 5137 3868 5195 Libra

2235 5235 2495 5292 Veneris.
2529 5233 2754 5288 Gemint
2785 5235 2842 5288 et
2873 5233 3048 5304 Virgo
3079 5231 3360 5288 Mercurii.
3413 5232 3636 5288 Cancer
3693 5231 3867 5286 Lente.

2237 5327 2344 5383 Leo
2395 5323 2565 5380 Solis.
2627 5322 2973 5393 Sagittarius
3027 5325 3085 5377 et
3143 5321 3345 5377 Piscea
3397 5321 3580 5378 Jovis.
3645 5311 3871 5375 Saturni

2240 5415 2490 5488 denique
2547 5412 2937 5486 Capricornus
3007 5415 3064 5466 et
3142 5411 3455 5482 Aquarius.
3529 5407 3872 5467 Elevationes
