4090 6298
278 393 435 456 1113

1619 381 2019 444 THESAURI
2061 381 2218 440 LIB.
2264 382 2314 441 l.

3527 375 3685 436 11H

277 523 617 582 eorumdem
659 521 742 578 sic
763 521 1012 576 habent:
1047 517 1199 574 Solis
1225 518 1404 574 Aries.
1440 517 1615 572 Lunae
1664 516 1917 571 Taurus.
1949 521 2002 587 Α
2034 512 2385 584 dispertiens
2425 528 2494 567 ex
2523 512 2666 568 solis
2710 511 2952 568 orientis
3008 508 3198 566 medio
3257 506 3637 564 constituitur
3672 522 3685 575 ;

276 619 433 674 Jovis
462 621 698 671 Cancer.
733 611 1000 670 Mercurii
1032 611 1228 682 Virgo.
1265 609 1500 666 Saturni
1529 606 1926 664 Libra.Martis
2029 600 2195 671 justa
2226 602 2505 672 temperie
2557 599 2857 672 praeditum
2915 605 3024 669 est,
3086 601 3429 672 sanguinem
3490 599 3686 668 auget,

275 709 679 779 Capricornus.
711 703 951 759 Veneris
973 703 1188 757 Pisces.

943 811 1090 868 CAP.
1129 811 1266 867 XVI.

755 923 825 979 De
856 923 1001 978 luna
1031 921 1225 993 ﬁguris
1253 921 1455 976 decem.

351 1035 527 1089 Luna;
561 1047 794 1104 quoque
826 1032 1044 1103 ﬁguras
1075 1030 1157 1086 sic
1215 1030 1441 1084 habeto.
1511 1027 1779 1098 Synodus
1823 1041 1925 1080 seu

277 1125 608 1196 conjunctio
639 1128 748 1190 est,
792 1139 923 1179 cum
955 1124 1011 1178 in
1045 1139 1112 1178 ea
1146 1127 1306 1194 parte
1345 1120 1533 1188 fuerit,
1597 1135 1774 1190 quam
1837 1114 1924 1171 sol

275 1219 560 1286 occupat:
609 1213 929 1285 Conceptio
987 1227 1121 1269 cum
1183 1227 1217 1265 a
1274 1209 1393 1265 sole
1467 1209 1535 1263 ad
1597 1205 1926 1278 quindecim

278 1309 472 1376 partes
503 1301 1113 1371 abscesseritzOrtus,
1146 1317 1278 1356 cum
1318 1294 1643 1370 μηνοειδής,
1686 1297 1793 1351 hoc
1843 1299 1932 1350 est

279 1392 508 1458 falcata,
539 1392 807 1448 lunatave
837 1391 1094 1447 secundo
1126 1389 1478 1461 apparuerit,
1521 1386 1611 1444 vel
1666 1403 1796 1442 cum
1857 1385 1928 1439 ad

281 1499 381 1538 sex
410 1487 702 1553 septemve
735 1486 929 1552 partes
981 1480 1368 1547 abscesserit;
1418 1475 1720 1549 Διχότομοι
1780 1476 1928 1541 duas,

280 1573 390 1627 hoc
421 1575 511 1626 est
540 1571 809 1635 dividuaa,
855 1587 986 1625 cum
1052 1570 1121 1624 ad
1186 1567 1539 1639 nonaginta:
1598 1565 1932 1640 ἀμφίκυρτα

291 1661 442 1730 duae,
481 1660 584 1714 hoc
614 1663 702 1714 est
733 1659 1002 1730 utrinque
1033 1658 1310 1728 gibbosaz,
1343 1673 1474 1712 cum
1509 1657 1578 1711 ad
1612 1656 1934 1726 vigintisu—

285 1766 390 1820 pra
422 1753 656 1803 centum
689 1765 702 1802 :
737 1744 1066 1823 πλησιφαεῖς
1097 1747 1204 1802 hoc
1235 1753 1325 1802 est
1383 1744 1778 1817 plenilunares
1828 1759 1929 1798 seu

293 1837 698 1908 pet-luminosae
731 1839 878 1903 dum,
914 1853 1045 1892 cum
1081 1837 1149 1891 ad
1184 1840 1417 1891 centum
1473 1833 1931 1904 quinquaginta,

286 1922 624 1992 πανσέϐηνος
643 1944 743 1983 seu
768 1927 1155 1998 plenilunium
1182 1926 1520 1995 integraque
1553 1923 1703 1978 lunas
1737 1920 1930 1988 facies,
1967 1897 2011 1961 Β

285 2035 417 2076 cum
454 2020 524 2073 ad
561 2025 790 2073 centum
825 2017 1122 2090 octOginta
1153 2021 1352 2089 partes
1412 2013 1747 2070 abcesserit.
1783 2018 1932 2068 Duas

283 2113 480 2164 autem
513 2108 792 2175 diximus,
823 2107 930 2162 hoc
954 2112 1044 2162 est
1065 2123 1238 2162 unam
1262 2123 1388 2176 quae
1411 2111 1655 2171 crescat,
1689 2103 1930 2158 alteram

276 2214 403 2268 quae
435 2199 687 2253 deﬁciat.
723 2197 980 2252 Duorum
1041 2212 1210 2266 porro
1269 2195 1498 2249 dierum
1558 2197 1615 2247 et
1666 2189 1932 2246 semissis

275 2288 464 2358 spatio
499 2288 800 2358 signorum
833 2287 1302 2357 unumquodque
1333 2283 1483 2338 lunae
1518 2281 1821 2354 percurrit.

919 2411 1068 2466 CAP.
1111 2409 1284 2465 XVII.

284 2521 356 2574 De
381 2527 588 2590 septem
616 2520 966 2589 planetarum
1004 2520 1147 2590 zonis
1178 2526 1230 2572 et
1259 2533 1445 2581 cursu,
1498 2533 1609 2590 una
1656 2533 1779 2571 cum
1827 2516 1932 2571 Icci

359 2587 624 2645 Davidici
647 2591 853 2645 Psalm.
885 2607 1004 2655 Vill,
1039 2588 1062 2622 ⁸
1096 2606 1107 2639 :
1142 2590 1363 2645 Lunam
1395 2594 1452 2643 et
1477 2587 1676 2643 stellas
1708 2605 1832 2658 quae
1866 2595 1928 2642 tu

353 2664 408 2716 fu
422 2680 451 2715 n
463 2663 609 2717 dasti
621 2706 635 2731 ,
670 2661 1054 2732 explicatione.

356 2770 433 2824 Ex
460 2769 587 2840 ipsa
607 2767 930 2824 cmlestium
966 2769 1273 2840 globorum
1300 2766 1673 2824 universitate
1709 2770 1928 2839 septem

291 2859 556 2930 planetas
587 2875 713 2914 esse
744 2858 909 2912 aiunt
942 2857 1080 2928 :qui
1149 2863 1306 2913 motu
1368 2874 1400 2912 a
1457 2855 1672 2911 cmlesti
1704 2856 1928 2911 diverso

283 2953 622 3004 moventur:
657 2964 771 3020 qua
803 2952 1022 3004 ratione
1055 2947 1420 3019 planetarum
1456 2961 1684 3017 quoque
1716 2960 1927 3001 nomen

279 3037 473 3108 adepti
506 3043 665 3093 sunt.
701 3037 843 3092 Nam
877 3053 1009 3092 cum
1043 3037 1246 3092 caelum
1281 3036 1352 3091 ab
1384 3035 1615 3091 Oriente
1655 3037 1722 3090 ad
1776 3033 1932 3088 Occi-

289 3127 521 3182 dentem
584 3132 882 3182 moveatur
934 3143 948 3182 :
1010 3125 1094 3180 illi
1147 3131 1346 3180 contra
1395 3126 1465 3180 ab
1523 3124 1830 3180 Occidente
1869 3123 1926 3178 in

286 3215 580 3270 Orientem
615 3215 956 3287 rapiuntur;
991 3214 1322 3287 ccslumque
1355 3216 1498 3270 adeo
1530 3213 1723 3286 ipsum
1777 3215 1927 3284 rapi-

2038 690 2211 747 calidi
2242 697 2298 747 et
2332 691 2556 746 humidi
2593 691 3098 764 partieeps,hiemi
3121 690 3371 762 denique
3393 694 3449 744 et
3497 687 3687 742 testati

2038 780 2296 834 medium
2329 781 2681 852 interjacet:
2741 781 2843 835 illa
2899 781 3133 851 quidem
3194 779 3439 833 calidius
3496 782 3554 832 et
3580 776 3689 831 sic-

2039 869 2186 934 cius,
2219 869 2327 926 bac
2360 887 2492 925 vero
2525 870 2813 942 frigidius.
2847 875 2928 924 Ea
2961 887 3130 940 porro
3190 868 3324 923 anni
3384 883 3519 938 pars
3551 883 3582 920 a
3605 865 3684 918 vi-

2039 961 2256 1015 cesimo
2289 967 2474 1030 primo
2503 962 2598 1016 die
2619 961 2802 1016 Martii
2839 963 2906 1016 ad
2939 960 3098 1016 Junii
3131 959 3473 1014 vicesimum
3510 971 3685 1028 quar-

2039 1055 2186 1105 tum.
2221 1050 2440 1104 Deinde
2475 1049 2614 1105 solis
2643 1054 2771 1105 ortu
2806 1049 3042 1121 paulum
3076 1047 3351 1114 exaltato,
3403 1046 3482 1099 ita
3537 1049 3600 1098 ut
3631 1044 3688 1097 in

2040 1139 2554 1208 septentrionalem
2587 1139 2817 1210 plagam
2875 1143 3096 1210 vergat,
3154 1137 3409 1208 tropicus
3457 1133 3691 1188 aestivus

2041 1229 2324 1295 succedit,
2356 1244 2450 1283 ver
2507 1233 2563 1284 et
2613 1235 2965 1284 autumnum
3026 1227 3254 1282 medius
3302 1226 3686 1292 intersecans,

2039 1317 2195 1371 etab
2236 1317 2332 1372 illo
2360 1317 2633 1384 calorem,
2688 1318 2760 1372 ab
2819 1316 2928 1372 hoc
2988 1317 3171 1386 frigus
3229 1313 3492 1386 percipit,
3557 1329 3687 1366 nam

2041 1406 2262 1461 calidus
2293 1410 2350 1461 et
2379 1407 2570 1462 siccus
2629 1411 2738 1475 est,
2799 1406 3006 1462 ﬂavam
3062 1404 3237 1460 bilem
3297 1409 3492 1475 auget.
3546 1403 3687 1472 Ejus

2043 1510 2213 1564 porro
2238 1496 2528 1551 maximus
2553 1496 2677 1551 dies
2702 1495 2860 1552 boris
2896 1494 3250 1567 quindecim,
3285 1510 3396 1548 nox
3449 1491 3690 1546 minima

2045 1600 2245 1640 novem
2279 1585 2555 1642 horarum
2592 1585 2923 1642 interstitiis
2955 1584 3290 1640 absolvitur.
3327 1584 3452 1655 Ipse
3492 1586 3686 1637 autem

2043 1674 2260 1729 aJunii
2312 1675 2590 1732 vicesima
2648 1683 2858 1747 quarta
2910 1674 2983 1730 ad
3041 1674 3366 1730 vicesimam
3422 1673 3686 1742 quintam

2042 1763 2399 1835 Septembris
2427 1767 2721 1834 procedit:
2749 1777 2874 1820 tum
2899 1764 3108 1820 deinde
3131 1764 3236 1818 sub
3261 1762 3518 1818 mediam
3549 1760 3688 1814 solis

2045 1852 2114 1906 ad
2150 1869 2253 1907 nos
2277 1853 2571 1908 redeuntis
2603 1866 2789 1909 ortum
2815 1855 3073 1926 tropicus
3115 1851 3472 1907 autumnalis
3506 1849 3683 1904 vicem

2041 1941 2260 2010 mstivo,
2296 1947 2518 1997 retenta
2558 1946 2810 2015 quadam
2844 1943 3035 2015 frigidi
3068 1956 3118 1997 et
3170 1941 3363 2009 calidi,
3432 1940 3687 2010 itemque

2041 2030 2179 2085 sicci
2215 2037 2270 2085 et
2293 2031 2520 2087 humidi
2554 2035 2973 2098 moderatione,
3007 2034 3271 2102 rependit
3300 2049 3314 2086 :
3366 2039 3531 2100 atque
3591 2046 3691 2083 aes-

2040 2119 2155 2174 tivo
2189 2119 2424 2191 quidem
2461 2122 2821 2194 hibernoque
2887 2123 3129 2195 tr0picis
3179 2119 3565 2188 intermedits,
3618 2119 3688 2173 ab

2040 2208 2139 2264 illo
2172 2209 2446 2279 calorem,
2481 2211 2553 2266 ab
2585 2212 2692 2267 hoc
2727 2212 3104 2283 frigiditatem
3165 2217 3501 2265 mutuatur:
3551 2225 3685 2262 nant

2041 2299 2288 2371 frigidus
2318 2306 2376 2356 et
2405 2301 2596 2358 siccus
2627 2308 2738 2366 est,
2799 2310 3103 2374 atramque
3155 2301 3327 2356 bilem
3362 2303 3554 2370 auget.
3582 2298 3688 2355 llic

2041 2388 2188 2445 alter
2246 2391 2674 2462 aequinoctialis
2731 2395 2988 2464 tropious
3050 2391 3274 2446 diurnis
3332 2389 3492 2444 horis
3547 2389 3659 2443 duo

2039 2479 2247 2549 decim,
2307 2481 2669 2553 totidemque
2729 2481 3032 2538 nocturnis
3091 2483 3338 2546 constat,
3423 2484 3598 2548 atque
3655 2494 3688 2532 a

2037 2567 2390 2638 Septembris
2421 2570 2697 2626 vicesima
2726 2571 2936 2641 quinta
2975 2570 3044 2624 ad
3090 2569 3426 2625 Decembris
3486 2567 3686 2622 vicesi-

2039 2671 2193 2711 mam
2229 2657 2492 2728 quinlam
2527 2660 2902 2730 protrahitur.
2935 2663 3076 2714 Cum
3110 2673 3241 2713 vero
3274 2655 3359 2710 sol
3404 2655 3474 2711 ad
3509 2655 3683 2709 mini.

2037 2761 2198 2800 mum
2235 2747 2618 2818 intimumque
2650 2747 2760 2806 hoc
2791 2752 2880 2803 est
2912 2748 3296 2802 meridianum
3331 2751 3522 2800 ortum
3549 2760 3681 2813 pro-

2038 2836 2236 2905 lapsus
2291 2843 2401 2906 est,
2451 2839 2687 2894 tandem
2747 2840 3004 2910 tropicus
3065 2839 3344 2893 hibernus
3417 2837 3683 2905 emergit,

2036 2926 2286 2998 frigidus
2309 2928 2542 2999 quidem
2569 2930 2664 2984 ille
2688 2935 2743 2985 et
2765 2929 3065 2998 humidus,
3099 2929 3316 3001 quique
3361 2923 3692 2982 autumnali

2041 3020 2294 3073 etverno
2328 3019 2555 3074 medius
2590 3021 2912 3090 interjacet,
2969 3019 3125 3075 illius
3182 3017 3418 3090 quidem
3472 3015 3695 3085 frigidi-

2041 3111 2238 3175 tatem,
2271 3107 2448 3178 hujus
2501 3125 2630 3163 vero
2679 3109 2927 3164 calorem
2951 3125 3020 3164 ex
3050 3125 3212 3178 aequo
3236 3109 3513 3162 referens.
3546 3104 3687 3159 Tro-

2044 3195 2157 3266 pici
2189 3196 2368 3268 hujus
2401 3199 2525 3254 dies
2558 3199 2804 3255 minima
2863 3216 3066 3254 novem
3126 3199 3421 3263 horarum,
3468 3212 3695 3268 noxque

944 3267 956 3283 ,
996 3267 1317 3287 --μ----γ-

291 3305 537 3360 dissimo
577 3321 682 3360 suo
731 3313 888 3360 motu
943 3310 1160 3376 septem
1224 3305 1486 3375 planetas
1534 3303 1933 3370 circumvehit,

2050 3286 2304 3341 maxima
2324 3288 2653 3355 quindecim
2675 3291 2864 3360 spatio
2887 3289 3176 3344 decurrit:
3204 3288 3472 3360 pituitam
3506 3267 3694 3353 auget,

292 3411 419 3465 quae
451 3394 545 3449 his
576 3394 748 3463 vulgo
783 3394 1125 3450 nominibus
1173 3399 1523 3449 censentur:
1578 3393 1695 3460 Sol,
1754 3398 1938 3459 Luna,

288 3481 538 3555 Jupiter,
573 3482 918 3550 Mercurius,
951 3484 1123 3552 Mars,
1159 3483 1370 3553 Venus,
1402 3483 1785 3538 Saturnus.ln
1819 3482 1942 3538 sin-

289 3572 445 3644 gulis
489 3578 686 3629 autem
716 3573 844 3629 coeli
876 3575 1036 3628 zonis
1063 3590 1215 3628 unus
1247 3573 1459 3645 aliquis
1487 3591 1517 3630 e
1546 3578 1767 3646 septem
1826 3573 1942 3646 pla-

291 3664 443 3717 netis
471 3661 753 3719 volvitur:
787 3663 844 3718 in
881 3663 1067 3734 prima
1098 3663 1354 3734 quidem,
1384 3682 1508 3736 qua:
1559 3668 1616 3719 et
1644 3680 1940 3735 suprema,

290 3753 626 3809 Saturnus:
663 3754 719 3809 in
757 3754 1277 3826 secunda,JUpiter
1300 3773 1313 3812 ε
1339 3755 1396 3810 in
1424 3756 1614 3820 tertia,
1647 3755 1801 3812 Mars
1835 3772 1847 3810 :
1883 3755 1942 3810 in

291 3847 527 3914 quarta,
560 3843 644 3900 sol
681 3862 694 3900 :
729 3843 787 3899 in
813 3845 1041 3916 quinta,
1077 3848 1310 3900 Venus:
1369 3845 1427 3900 in
1487 3850 1670 3912 sexta,
1720 3850 1944 3900 Mercu-

291 3932 454 3987 rius:
491 3933 550 3987 in
585 3933 851 4005 septima,
877 3951 1006 4004 quae
1037 3935 1300 3989 omnium
1336 3951 1567 4006 quoque
1600 3935 1803 3989 inﬁma
1832 3939 1940 4001 est,

287 4022 454 4078 luna.
486 4023 806 4096 Irrequieto
866 4027 1061 4097 itaque
1115 4031 1170 4082 et
1228 4027 1581 4083 indesinenti
1631 4044 1810 4084 cursu
1842 4027 1944 4084 de-

293 4117 635 4179 currunt,eo
659 4115 958 4183 nimirum,
995 4132 1169 4186 quem
1218 4117 1302 4173 eis
1335 4119 1540 4173 mundi
1583 4119 1780 4190 Opifex
1807 4131 1946 4190 prae‘

297 4199 508 4269 ﬁnivit,
539 4207 596 4257 et
624 4210 796 4274 prout
828 4204 959 4260 illos
990 4205 1272 4274 fundavit,
1309 4212 1372 4261 ut
1418 4207 1652 4263 divinus
1704 4207 1802 4263 ille
1833 4210 1945 4264 Da—

293 4289 456 4346 vides
482 4291 784 4359 exclamat,
815 4294 1028 4348 Lunam
1059 4298 1110 4348 et
1139 4295 1346 4362 stellas,
1373 4313 1492 4364 qua:
1524 4304 1586 4352 tu
1614 4297 1869 4369 fundasti
1889 4300 1939 4354 3:

293 4394 360 4433 eo
393 4379 548 4435 enim
579 4381 728 4452 quod
786 4380 1036 4451 fundasti
1083 4382 1244 4450 dixit,
1334 4384 1683 4442 soliditatem
1742 4387 1941 4458 utique

295 4466 789 4524 nulliobnoxiam
851 4469 1178 4539 mutationi,
1237 4471 1501 4528 ordinem
1561 4480 1858 4546 praeterea,
1884 4479 1942 4531 et

293 4553 488 4629 εἱρμὸν
517 4575 618 4614 seu
653 4558 1133 4614 consecutionem
1167 4558 1326 4615 illam
1358 4561 1670 4632 signiﬁcat,
1705 4581 1877 4636 quam
1906 4584 1938 4622 a

295 4619 406 4702 Deo
440 4654 807 4720 acceperunt.
842 4646 979 4705 Illas
1009 4649 1161 4704 enim
1198 4649 1256 4705 in
1308 4619 1588 4721 tempore,
1637 4619 1692 4706 in
1725 4619 1937 4729 signa,
1967 4619 2014 4684 Β

291 4744 349 4796 et
381 4741 438 4796 in
472 4757 656 4796 annos
689 4738 997 4812 disposuit.

927 4847 1079 4902 CAP.
1112 4848 1310 4906 XVII-1.

605 4955 678 5010 De
706 4958 944 5026 quatuor
972 4957 1198 5027 tropicz's
1226 4956 1339 5012 sive
1371 4957 1633 5014 solstitiis.

369 5062 854 5132 Quandoquidem
885 5061 1139 5119 solstitia
1169 5070 1423 5136 quatuor
1455 5081 1558 5136 per
1594 5066 1772 5123 solem
1807 5085 1943 5124 con-

299 5153 641 5218 stituuntur,
676 5149 924 5220 primum
959 5153 1194 5221 quidem
1226 5169 1494 5222 vernum,
1526 5155 1584 5210 in
1647 5173 1762 5228 quo
1798 5163 1945 5215 Deus

296 5243 570 5298 universa
603 5240 839 5304 creavit,
873 5240 1040 5308 cujus
1101 5243 1338 5312 quidem
1399 5244 1475 5299 rei
1537 5244 1705 5302 flores
1763 5247 1820 5302 in
1880 5265 1946 5304 eo

294 5336 621 5390 etiamnum
648 5335 1010 5402 emergentes
1033 5337 1088 5386 et
1110 5333 1468 5404 pullulantes
1522 5345 1673 5392 certo
1731 5337 1944 5394 indicio

296 5429 454 5490 sunt,
480 5423 592 5479 alio
626 5423 864 5478 nomine
895 5419 1221 5478 solstitium
1255 5425 1659 5496 aequinoctiale
1715 5427 1948 5496 dicitur,

302 5515 456 5584 quod
489 5520 642 5572 certe
664 5512 779 5571 diei
805 5510 1078 5584 noctique
1119 5514 1422 5572 duodecim
1471 5516 1646 5574 horas
1685 5533 1753 5573 ex
1785 5535 1949 5592 aequo

371 5699 392 5738 ⁸
417 5699 582 5760 Ven.
612 5700 670 5759 5.

2048 3391 2081 3429 a
2121 3375 2572 3448 Decembrisque
2602 3378 2881 3434 vicesima
2910 3379 3114 3448 quinta
3141 3377 3213 3434 ad
3255 3375 3444 3432 Martii
3491 3375 3697 3430 vicesi-

2050 3479 2202 3519 mam
2231 3466 2470 3533 primam
2506 3468 2854 3524 extenditur.
2888 3468 3190 3539 Sapienter
3243 3467 3395 3521 enim
3437 3466 3506 3520 ab
3567 3465 3697 3535 ipso

2050 3554 2251 3606 mundi
2283 3553 2500 3624 Opiﬁce
2533 3555 2827 3625 provisum
2889 3561 2999 3624 est,
3060 3571 3131 3610 ne
3183 3555 3252 3608 ab
3310 3561 3563 3608 extremo
3604 3549 3696 3605 vel

2051 3641 2239 3697 calore
2270 3642 2352 3696 vel
2399 3643 2630 3715 frigore,
2690 3643 2779 3699 vel
2837 3644 3119 3711 siccitate,
3175 3642 3262 3696 vel
3322 3640 3696 3706 humiditatc,

2051 3731 2110 3785 in
2141 3736 2456 3786 extremam
2488 3732 2914 3787 contrariarum
2949 3731 3296 3802 qualitatum
3322 3727 3572 3798 aliquam
3597 3729 3700 3782 de-

2049 3822 2178 3889 lati,
2212 3821 2271 3875 in
2321 3822 2610 3892 graviores
2669 3821 2895 3893 aliquot
2951 3821 3184 3877 morbos
3243 3819 3694 3874 incurreremus.

2051 3913 2198 3971 Nam
2223 3912 2536 3985 repentinae
2569 3912 2915 3966 mutationes
2973 3908 3314 3983 periculosae
3361 3912 3418 3963 et
3457 3907 3695 3963 lubricas

2050 4002 2223 4074 vulgo
2255 4002 2542 4058 feruntur.
2575 4001 2692 4058 Hoc
2722 4001 2922 4073 itaque
2980 4005 3148 4072 pacto
3207 3998 3292 4056 sol
3333 3996 3609 4069 tropicos,
3643 4003 3701 4052 et

2052 4110 2154 4166 per
2184 4109 2284 4150 eos
2336 4109 2580 4160 annum,
2609 4093 2735 4148 dies
2783 4091 3034 4162 denique
3079 4094 3392 4159 noctesque
3440 4085 3699 4159 digerit;

2052 4183 2182 4239 illos
2211 4183 2446 4256 quidem
2481 4186 2604 4237 ortu
2639 4198 2746 4236 suo
2774 4196 3065 4252 supraque
3091 4184 3303 4236 terram
3331 4183 3552 4243 vectus,
3587 4177 3695 4232 bas

2049 4290 2178 4330 vero
2210 4290 2342 4329 cum
2367 4272 2750 4328 subterranea
2781 4271 2904 4326 loca
2935 4274 3206 4341 permeat,
3236 4269 3479 4340 aliisque
3513 4265 3691 4322 lumi-

2052 4365 2312 4431 naribus,
2345 4363 2515 4434 lunae,
2546 4362 2811 4434 inquam,
2871 4366 2929 4416 et
2985 4361 3189 4428 stellis,
3249 4361 3533 4432 fulgorem
3578 4358 3691 4414 im-

2046 4456 2239 4529 pertit.

2696 4561 2850 4616 CAP.
2894 4558 3038 4614 XIX.

2401 4679 2595 4748 Signa,
2623 4694 2837 4734 menses
2865 4685 2915 4733 et
2938 4663 3335 4750 προῩνωστικᾶ.

2117 4800 2388 4856 leestia
2419 4816 2590 4871 porro
2621 4799 2790 4871 signa
2819 4813 2888 4852 ex
2942 4795 3130 4851 stellis
3169 4798 3226 4850 et
3273 4793 3403 4865 ipsa
3450 4790 3700 4849 conﬂata

2048 4894 2482 4962 esse,motuque
2514 4888 2643 4956 soli,
2687 4888 2861 4953 lunae,
2893 4889 2951 4941 et
2979 4884 3218 4955 reliquis
3276 4882 3533 4955 quinque
3574 4880 3700 4952 pla-

2049 4978 2199 5034 netis
2235 4977 2521 5034 contrario
2554 4975 2770 5031 moveri
2804 4975 2994 5040 aiunt,
3055 4976 3254 5045 utpote
3307 4988 3433 5043 qua:
3480 4975 3700 5041 septem

2048 5065 2162 5138 ipsi
2191 5066 2433 5138 planetas
2466 5068 2827 5138 percurrent.
2865 5065 3066 5135 Itaque
3103 5062 3189 5119 sol
3231 5065 3286 5119 in
3350 5077 3700 5134 unoquoque

2051 5157 2214 5228 signo
2245 5175 2506 5214 mensem
2540 5160 2831 5228 integrum
2878 5157 3245 5219 immoratur,
3275 5155 3700 5224 duodecimque

2052 5248 2354 5304 mensibus
2403 5250 2570 5318 signa
2591 5249 2832 5304 totidem
2861 5247 3164 5319 percurrit,
3187 5261 3434 5317 quorum
3462 5245 3698 5316 quidem

2052 5347 2223 5409 atque
2249 5339 2536 5393 mensium
2563 5337 2681 5393 illis
2706 5336 3088 5408 peculiarium
3122 5336 3243 5390 haec
3266 5336 3502 5391 nomina
3525 5337 3698 5388 sunt:

2051 5429 2213 5484 Aries
2247 5427 2412 5483 Marii
2445 5427 2662 5484 mentis
2684 5426 2962 5483 vicesima
2977 5426 3090 5497 die,
3140 5426 3370 5481 Taurus
3428 5430 3703 5481 vicesima

2057 5519 2227 5576 tertia
2259 5517 2498 5593 Aprilis,
2529 5518 2754 5576 Gemini
2787 5516 3062 5573 vicesima
3091 5515 3264 5572 tertia
3299 5514 3458 5582 Maii,
3489 5518 3705 5570 Cancer
