4090 6298
449 385 606 443 1115

1747 373 2062 437 ΝῙΟΕΤΕ
2107 371 2408 432 Οἰ-ΙΟΝΙΑ
2419 371 2542 432 ΤίΕ

3724 365 3880 426 1116

451 515 730 571 vicesima
761 517 970 586 quarta
998 512 1186 579 Junii,
1221 511 1328 567 Leo
1358 510 1633 566 vicesima
1673 509 1878 581 quinta
1933 505 2098 574 Julii,
2129 507 2174 571 Α
2213 504 2410 565 vidua,
2443 512 2497 559 et
2527 501 2864 578 ἀμφίκυρτος
2891 501 3160 571 utrinque
3188 497 3436 572 gibbosa
3495 503 3552 554 et
3611 499 3880 568 repanda

455 604 628 674 Virgo
671 604 948 658 vicesima
1006 605 1202 674 quinta
1263 601 1528 673 Augusti,
1597 599 1769 655 Libra
1825 596 2100 651 vicesima

457 694 660 764 quinta
699 693 1072 761 Septembris,
1118 693 1369 762 Scorpus
1419 688 1692 744 vicesima
1750 686 1953 757 quinta
1992 687 2097 738 Oc-

455 783 662 850 tobris,
719 782 1060 853 Sagittarius
1116 781 1391 835 vicesima
1475 783 1678 849 quinta
1737 772 2097 830 Novembris.

453 872 842 942 Capricornus
873 870 1147 926 vicesima
1177 870 1380 941 quinta
1424 867 1775 931 Decembris,
1809 863 2100 934 Aquarius

453 961 735 1016 vicesima
764 961 1048 1027 Januarii,
1107 961 1304 1015 Pisces
1363 959 1613 1028 denique
1671 954 1948 1010 vicesima
1999 951 2100 1006 Fe-

459 1051 678 1106 bruarii
711 1050 888 1106 solem
916 1049 1230 1120 excipiunt.
1275 1049 1536 1120 Singulis
1565 1053 1756 1102 autem
1801 1041 2100 1098 mensibus

455 1140 597 1194 luna
628 1139 936 1194 duodecim
985 1137 1212 1193 Zodiaci
1267 1137 1438 1207 signa
1499 1133 1804 1205 percurrit,
1865 1134 1925 1185 ut
1979 1144 2102 1200 qua

458 1227 630 1302 longe
657 1227 773 1284 illis
801 1228 1042 1284 inferior
1071 1236 1123 1283 et
1153 1229 1500 1284 citatissimo
1559 1228 1686 1297 ipsa
1733 1238 1906 1278 cursu
1957 1235 2102 1291 prae-

459 1321 808 1376 tervehatur.
844 1320 1344 1386 Quemadmodum
1402 1318 1557 1373 enim
1617 1315 1664 1370 si
1723 1310 1938 1368 circulo
1988 1309 2102 1364 cir-

457 1411 652 1467 culum
714 1412 960 1476 inseras,
1021 1411 1263 1466 interior
1309 1411 1586 1465 exteriore
1665 1409 1852 1461 minor
1909 1406 2105 1475 depre-

457 1501 758 1566 henditur,
793 1502 870 1556 ita
901 1505 954 1556 et
987 1501 1157 1566 lunae,
1189 1507 1468 1572 tanquam
1529 1496 1842 1560 inferioris,
1905 1509 2104 1548 rursus

460 1589 641 1644 multo
675 1591 1028 1645 contractior
1058 1597 1168 1658 est,
1202 1589 1553 1658 citatiusque
1579 1587 1757 1640 multo
1777 1581 2100 1638 conficitur.

457 1683 588 1738 Jam
619 1699 686 1738 ex
717 1691 1005 1736 astrorum
1075 1679 1411 1750 bujusmodi
1470 1685 1599 1734 ortu
1659 1681 1714 1730 et
1749 1689 1978 1742 occasu,
2010 1687 2100 1726 ac-

462 1775 720 1828 cessibus
743 1776 800 1827 et
830 1769 1181 1834 recessibus,
1213 1769 1330 1823 imo
1389 1768 1560 1823 etiam
1597 1761 2104 1837 progressionibus

2205 601 2313 648 est.
2344 595 2486 649 Nam
2524 595 2610 649 vel
2647 593 2890 648 dimidia
2933 592 3150 662 minus,
3183 591 3271 645 vel
3305 588 3675 656 dimidia,vel
3699 590 3872 644 etiam

2207 683 2340 755 plus
2375 701 2552 755 quam
2589 685 2834 740 dimidia
2863 685 2955 738 sui
2989 689 3152 754 parte
3193 681 3575 737 illuminatur.

2864 821 3018 876 CAP.
3053 819 3198 875 XXI.

2890 943 2970 992 De
3000 951 3191 992 vacuo.

2281 1053 2772 1124 Philosophorum
2811 1058 3086 1123 praeterea
3117 1049 3382 1106 nonnulli
3407 1067 3660 1106 vacuum
3689 1051 3868 1122 quod-

2209 1141 2345 1196 dam
2379 1143 2558 1197 etiam
2590 1141 3059 1210 introduxerunt,
3100 1141 3276 1212 idque
3331 1156 3572 1210 corpore
3635 1155 3870 1210 prorsus

2209 1231 2581 1302 destitutum,
2613 1230 2782 1302 quai
2817 1232 3115 1302 quoddam
3173 1229 3352 1284 chaos
3409 1229 3718 1284 infinitum
3777 1229 3868 1283 de-

2212 1327 2569 1386 monstrant,
2600 1321 2881 1392 idemque
2912 1325 3044 1376 ante
3078 1321 3363 1374 mundnm
3401 1319 3581 1375 fuisse
3639 1325 3868 1373 conten-

2211 1413 2356 1466 dunt
2389 1427 2401 1464 :
2437 1410 2646 1466 creatis
2679 1409 2893 1465 deinde
2933 1409 3238 1464 elementis
3296 1408 3570 1463 universa
3629 1423 3864 1480 corpora

2211 1501 2436 1556 ambitu
2463 1507 2520 1555 et
2551 1498 3038 1556 circumvectione
3077 1498 3206 1552 οωΙὶ
3251 1497 3694 1564 concluserunt,
3727 1496 3860 1551 nihil

2212 1589 2456 1645 interius
2487 1590 2650 1644 vacui
2686 1589 3104 1659 relinquentes.
3148 1587 3311 1654 Quod
3357 1593 3552 1641 autem
3614 1586 3860 1640 exterius

2211 1683 2319 1744 est,
2355 1685 2528 1750 atque
2560 1683 2700 1733 adeo
2731 1675 2892 1732 extra
2923 1678 3108 1749 ipsam
3143 1677 3269 1732 cmli
3295 1675 3852 1740 circumvectionem,

2211 1769 2267 1824 id
2301 1775 2538 1823 demum
2568 1783 2734 1822 omne
2761 1783 3010 1823 vacuum
3041 1782 3193 1834 esse,
3227 1771 3283 1821 et
3322 1766 3647 1832 inﬁnitum,
3681 1781 3852 1835 quan-

459 1871 515 1919 et
547 1861 1004 1932 regressionibus
1061 1859 1460 1914 Chaldaeorum
1523 1861 1580 1910 et
1618 1854 1968 1916 Graecorum,
2002 1851 2100 1906 in-
2134 1865 2180 1930 Β
2212 1863 2338 1914 tum
2371 1858 2504 1929 quia
2535 1857 2598 1914 in
2630 1857 2856 1914 inﬁnito
2887 1857 3012 1912 loco
3045 1855 3350 1928 imaginari
3387 1855 3594 1927 possit,

457 1968 632 2024 super
661 1955 719 2006 et
750 1951 1066 2021 impiorum
1099 1946 1523 2018 astrologorum
1574 1943 1652 2016 (2)
1710 1941 1808 1996 alii
1867 1940 2102 2010 quidem

458 2057 550 2098 res
580 2039 868 2094 humanas
901 2038 1020 2106 regi
1078 2041 1134 2091 et
1187 2034 1522 2108 gubernari,
1555 2032 1652 2086 alii
1695 2047 1852 2096 vero,
1887 2029 1992 2100 qui
2048 2032 2106 2083 et

463 2130 864 2191 modestiores,
923 2125 1357 2182 Cbristianismi
1415 2121 1634 2178 scilicet
1699 2123 1977 2192 prmtextu
2037 2135 2106 2173 ex

459 2219 670 2275 iisdem
705 2221 1034 2272 futurorum
1071 2213 1236 2284 signa
1263 2213 1392 2268 elici
1416 2209 1898 2268 afﬁrmanLUnde
1929 2209 2104 2264 etiam

457 2308 872 2376 Arietinorum,
905 2304 1316 2368 Taurinorum,
1349 2305 1404 2358 et
1445 2307 1781 2356 caeterorum
1834 2298 1890 2352 id
1923 2313 2106 2365 genus

461 2399 701 2454 nomina
725 2397 932 2468 priscis
965 2394 1326 2463 temporibus
1359 2399 1578 2446 ratione
1619 2390 1899 2460 cujusque
1957 2387 2106 2458 signi

459 2487 676 2556 habita,
705 2503 818 2558 quo
851 2485 1103 2557 quisque
1135 2481 1425 2554 perruptis
1458 2480 1568 2536 alvi
1609 2484 1885 2534 maternas
1943 2477 2105 2534 clau-

461 2578 600 2634 stris
631 2575 814 2632 solem
844 2575 1136 2646 objectum
1169 2573 1430 2640 haberet,
1461 2569 1846 2625 inoleverunt.

1129 2690 1286 2746 CAP.
1318 2688 1434 2745 XX.

709 2825 786 2876 De
816 2819 1111 2876 stellarum
1139 2821 1310 2873 motu.
1343 2819 1582 2888 Itemque
1611 2815 1676 2870 de
1701 2815 1856 2870 luna.

537 2946 782 3012 Quidam
801 2944 1275 3018 philosophorum
1299 2943 1415 2996 haec
1438 2957 1666 3012 quoque
1706 2941 1777 2996 de
1807 2937 2110 2994 stellistra-

462 3036 948 3104 diderunt.Atque
979 3035 1307 3088 inerrantes
1337 3031 1572 3101 quidem
1631 3027 1832 3083 stellas
1889 3029 2107 3084 Aristo-

463 3123 604 3178 teles
635 3139 884 3192 eumque
916 3120 1122 3188 secuti,
1155 3119 1295 3176 ccelo
1327 3119 1528 3174 afﬁxas
1558 3133 1709 3182 esse,
1741 3122 1798 3171 et
1848 3115 1930 3172 ita
1977 3133 2106 3172 cum

2851 2001 3009 2056 CAP.
3044 2001 3210 2058 XXII.

2461 2117 2684 2190 Ecquod
2713 2118 3040 2174 elementum
3071 2119 3248 2190 primo
3275 2115 3631 2188 productum.

2283 2235 2366 2289 Ad
2400 2235 2521 2290 haec
2549 2234 2739 2290 Moses
2767 2233 3029 2305 quidem,
3079 2233 3172 2290 cui
3227 2249 3290 2288 se
3351 2234 3500 2288 Deus
3547 2231 3838 2287 videndum

2214 2323 2480 2395 praebuit,
2511 2323 2571 2378 in
2602 2329 2732 2379 ortu
2765 2321 2970 2378 mundi
3001 2321 3142 2377 coelo
3172 2325 3230 2376 et
3257 2325 3423 2376 terrae
3455 2320 3677 2392 primas
3709 2319 3841 2374 assi-

2215 2417 2375 2486 gnat.
2409 2411 2740 2468 Graacorum
2773 2428 2907 2467 vero
2933 2412 3228 2482 sapientes
3260 2409 3374 2466 alia
3403 2409 3464 2464 in
3497 2409 3698 2466 haeresi
3729 2410 3834 2463 fue-

2215 2507 2355 2558 runt
2385 2517 2400 2556 :
2434 2518 2685 2572 quorum
2719 2499 2818 2556 alii
2877 2505 3092 2557 terram
3156 2499 3342 2572 primo
3399 2497 3548 2568 loco,
3579 2504 3834 2570 tanquam

2215 2591 2466 2648 cceleatis
2493 2591 2652 2647 orbis
2675 2599 2938 2646 centrum
2962 2595 3248 2646 statuunt.
3283 2588 3756 2660 Quandoquidem
3786 2587 3832 2640 in

2215 2680 2400 2737 solido
2431 2681 2647 2736 circulo
2673 2685 2935 2736 centrum
2967 2681 3130 2751 prius
3161 2684 3218 2735 et
3253 2679 3558 2749 antiquius
3612 2686 3709 2733 est.
3737 2675 3830 2730 Alii

2217 2787 2348 2827 vero
2367 2770 2570 2825 mundi
2601 2769 3040 2825 universitatem
3083 2769 3144 2824 in
3195 2771 3446 2839 quatuor
3491 2767 3756 2823 elementa
3781 2767 3826 2818 et

2217 2859 2486 2930 quintum
2521 2875 2732 2929 corpus
2763 2857 2994 2914 caeleste
3035 2858 3345 2913 dividunt:
3404 2856 3820 2913 elementorum-

2216 2964 2329 3020 que
2361 2948 2667 3015 tetradem,
2702 2965 2803 3003 seu
2837 2948 3308 3018 quaternionem,
3337 2949 3408 3002 ab
3469 2946 3592 3018 ipso
3644 2944 3818 3000 aethere

2218 3035 2431 3090 moveri
2477 3039 2806 3090 autumant.
2867 3035 3119 3090 lEtheris
3179 3051 3350 3106 porro
3410 3033 3802 3106 pulcherrimam

2217 3131 2438 3196 partem
2471 3123 2678 3180 caelum
2737 3139 2887 3191 esse,
2945 3125 3096 3194 quod
3157 3125 3348 3194 primo
3403 3123 3564 3178 etiam
3613 3121 3710 3174 loco
3743 3114 3792 3167 in

459 3211 561 3266 illo
618 3210 969 3266 circumvehi
1018 3213 1312 3306 asserunt,
1372 3213 1436 3261 ut
1493 3206 1562 3261 ab
1611 3205 1712 3260 illo
1771 3203 1962 3260 divelli
2003 3221 2099 3260 ne-
2142 3239 2185 3306 ρ
2219 3231 2412 3270 rerum
2449 3221 2718 3271 naturam
2753 3215 3103 3286 productum
3137 3210 3792 3277 arbitrantur-Quicunque

464 3304 699 3370 queant.
731 3298 928 3368 Itaque
947 3312 1076 3352 cum
1095 3295 1302 3352 malum
1328 3296 1398 3351 ab
1417 3299 1546 3351 ortu
1597 3295 1670 3349 ad
1715 3310 1983 3350 occasum
2021 3297 2100 3350 fe-

465 3393 649 3454 ratur,
682 3387 884 3442 eodem
917 3387 1086 3442 etiam
1119 3384 1249 3440 illas
1271 3401 1400 3440 cum
1444 3381 1659 3439 ccelesli
1706 3399 1945 3454 corpore
1978 3400 2104 3439 mo-

463 3478 1050 3533 verizerrantesvero
1073 3475 1272 3530 divina
1319 3472 1700 3529 moderatrice
1748 3473 2108 3544 providentia

464 3569 750 3626 contrario
782 3575 964 3638 motu,
1011 3567 1250 3640 parique
1304 3565 1462 3621 velut
1520 3565 1868 3621 libramento
1925 3567 2104 3622 obfir-

463 3663 650 3716 matas
681 3667 880 3714 contra
911 3657 1016 3714 nlti
1049 3674 1062 3712 :
1097 3673 1170 3712 ne
1211 3657 1354 3712 forte
1411 3656 1994 3712 circumvectionibus
2050 3661 2106 3713 et

464 3747 1082 3804 circumvolutionibus
1109 3745 1365 3801 assiduis
1391 3745 1859 3817 confringantur,
1885 3745 2104 3817 proprii

466 3839 869 3909 uaturalisque
901 3841 1096 3893 motus
1129 3836 1371 3904 ratione,
1396 3851 1511 3906 quo
1565 3835 1635 3890 ab
1697 3837 2006 3892 Occidente
2045 3837 2104 3892 in

465 3927 762 3984 Orientem
792 3926 1123 3999 rapiuntur,
1155 3941 1479 3996 rursusque
1501 3926 1574 3980 ab
1595 3925 1829 3981 Oriente
1861 3925 1920 3980 in
1945 3924 2103 3981 Occi-

465 4018 697 4074 dentem
732 4031 846 4070 una
877 4032 1006 4070 cum
1040 4013 1183 4070 coelo
1241 4015 1608 4070 revehuntur.
1668 4013 1746 4068 Ex
1802 4031 1918 4085 quo
1957 4015 2104 4082 fieri,

465 4111 533 4161 ut
558 4105 644 4162 sol
677 4117 833 4160 motu
868 4105 1102 4176 proprio
1129 4119 1286 4158 nunc
1318 4104 1388 4158 ad
1431 4104 1918 4173 Septentrionem,
1953 4121 2107 4162 nunc

467 4196 535 4250 ad
573 4193 866 4250 Meridiem
899 4209 1145 4264 vergens
1177 4201 1424 4263 quatuor
1469 4193 1606 4248 anni
1655 4202 1915 4266 tempora
1945 4209 2110 4250 com-

468 4285 621 4356 pleat
651 4299 665 4336 :
698 4285 794 4354 qui
828 4283 980 4337 idem
1021 4299 1156 4338 cum
1189 4281 1330 4337 coelo
1363 4282 1435 4337 ab
1465 4281 1698 4338 Oriente
1729 4285 1786 4337 in
1834 4283 2108 4340 Occiden-

469 4375 584 4429 tem
616 4371 844 4428 delatus
875 4371 1098 4428 dierum
1129 4377 1185 4427 et
1229 4369 1491 4427 noctium
1540 4372 1884 4428 discrimina
1941 4373 2109 4446 parit.

469 4460 855 4517 Inerrantium
893 4477 1060 4532 porro
1089 4459 1388 4514 stellarum
1437 4459 1656 4514 nullam
1704 4475 1852 4530 esse,
1887 4459 2110 4516 nullam

469 4567 702 4624 quoque
732 4551 1076 4615 errantium,
1139 4547 1279 4602 luna
1335 4547 1614 4602 duntaxat
1667 4554 1925 4620 excepta,
1983 4567 2109 4621 quae

465 4640 870 4696 lumenasole
938 4643 1276 4694 mutuetur:
1337 4641 1683 4706 quapropter
1741 4638 1915 4692 etiam
1977 4655 2108 4708 pars

467 4731 590 4802 ejus
641 4728 933 4786 illustrata
1017 4725 1200 4782 solem
1269 4740 1502 4795 semper
1556 4725 1862 4780 adversum
1925 4725 2111 4783 habet.

468 4819 667 4891 Neque
699 4835 830 4875 vero
861 4832 1118 4889 unquam
1153 4815 1294 4869 luna
1333 4829 1571 4884 prorsus
1619 4813 1860 4870 luminis
1907 4832 2115 4888 eXpers

468 4915 576 4977 est,
607 4911 706 4964 sed
741 4905 1082 4965 semilunari
1129 4903 1352 4958 lumine
1390 4918 1621 4974 semper
1667 4903 1884 4959 illucet.
1929 4906 2112 4977 Igitur

469 4996 530 5051 in
570 4999 832 5068 synodis,
863 5013 962 5052 seu
995 4991 1507 5066 conjunctionibus
1564 4993 1779 5064 gibbus
1834 4997 1960 5064 ejus
2016 4994 2114 5052 ille

465 5085 635 5141 nobis
665 5087 929 5155 objectus
990 5083 1213 5139 lumine
1273 5086 1464 5138 caret:
1525 5087 1720 5138 vertex
1775 5100 1908 5140 vero
1941 5101 2111 5154 supe-

467 5173 948 5228 riorluminosus
1005 5177 1110 5228 est.
1173 5173 1232 5226 In
1291 5170 1624 5243 pleniluniis
1681 5177 1874 5228 autem
1927 5178 2110 5230 totum

463 5264 724 5333 ejusdem
760 5263 912 5334 quod
943 5267 998 5316 in
1026 5279 1130 5317 nos
1151 5260 1818 5332 vergitbemispbaarium
1843 5263 2110 5320 collucet.

463 5367 568 5407 nec
609 5351 880 5423 superius
911 5351 1057 5406 lucis
1111 5366 1310 5406 exsors
1366 5355 1474 5407 est.
1518 5350 1621 5406 Illo
1665 5369 1797 5407 vero
1853 5359 2113 5426 tempore

462 5442 614 5496 uuod
649 5441 1124 5511 conjunctionem
1147 5446 1204 5494 et
1235 5438 1621 5509 plenilunium
1655 5441 2110 5516 interjacet,pro-

461 5533 525 5584 ut
556 5531 740 5588 aeole
792 5529 992 5599 distat,
1057 5522 1352 5601 μηνοειδὴς
1416 5531 1639 5598 lunata,
1673 5526 1976 5608 διχότομος
2024 5532 2109 5588 di-

2216 3311 2408 3362 autem
2441 3304 2763 3376 ingenitum
2797 3319 2925 3359 esse
2957 3305 3242 3359 mundum
3277 3303 3642 3364 asseruerunt,
3667 3294 3802 3349 idem

2213 3411 2446 3466 quoque
2477 3411 2546 3449 ex
2574 3393 2992 3465 consequentia
3023 3393 3092 3448 de
3131 3393 3259 3464 ipsa
3315 3390 3668 3448 universitate
3701 3399 3812 3439 sen-

2214 3490 2435 3541 serunt.
2467 3485 2660 3540 Potior
2691 3501 2821 3539 vero
2853 3483 3138 3539 sententia
3169 3482 3316 3538 mihi
3363 3483 3607 3548 videtur,
3631 3481 3688 3532 ut
3721 3491 3818 3529 caa-

2213 3573 2334 3629 lum
2365 3579 2646 3645 tanquam
2681 3589 2891 3644 corpus
2925 3571 3300 3646 praestantius
3317 3576 3376 3628 et
3393 3563 3822 3639 nobilius,quod-

2213 3680 2326 3734 que
2358 3662 2582 3718 ambitu
2612 3679 2717 3719 suo
2748 3669 2954 3718 catera
2986 3661 3428 3734 complectatur,
3487 3659 3668 3732 primo
3709 3667 3824 3726 quo-

2215 3770 2327 3826 que
2353 3753 2478 3810 loco
2509 3755 2856 3825 productum
2887 3752 3078 3808 fuerit.

2841 3887 2998 3944 CAP.
3029 3887 3226 3943 XXIII.

2213 4005 2288 4060 De
2318 4004 2558 4074 comatis,
2591 4013 2642 4060 et
2667 4005 2987 4076 fulgoribus
3019 4005 3152 4074 illis,
3186 4002 3282 4075 qui
3311 3997 3618 4062 διάττοντες
3647 3995 3837 4070 ἀστέρες

2895 4076 3175 4131 dicuntur.

2283 4193 2350 4249 Ut
2375 4198 2570 4250 autem
2601 4191 2890 4265 perceptis
2917 4191 3035 4248 illis
3055 4207 3291 4264 quoque
3339 4189 3718 4262 pasionibus
3753 4199 3841 4240 seu

2215 4283 2641 4352 affectionibus,
2673 4284 2887 4355 quibus
2925 4283 3137 4338 malum
3169 4281 3322 4338 afﬁci
3381 4280 3842 4354 philosophorum

2217 4377 2598 4428 monumenta
2630 4373 2885 4441 tradunt,
2920 4371 3234 4428 multarum
3270 4369 3405 4426 inde
3461 4385 3660 4426 rerum
3703 4379 3848 4436 expe-

2216 4462 2690 4534 rientiam,atque
2711 4478 2910 4517 eorum
2934 4463 3106 4516 etiam
3133 4477 3260 4532 quae
3288 4464 3428 4516 sunt
3475 4458 3846 4530 cognitionem

2219 4552 2321 4606 tibi
2342 4567 2666 4623 compares,
2701 4557 2958 4606 cometas
2990 4550 3112 4604 fieri
3156 4549 3344 4614 aiunt,
3379 4563 3510 4604 cum
3553 4544 3849 4602 exhalatio-

2219 4641 2310 4696 nis
2342 4657 2476 4711 pars
2507 4640 2704 4710 aliqua
2736 4641 3148 4695 inflammatur.
3181 4638 3322 4693 Nam
3371 4640 3415 4691 si
3447 4635 3738 4692 concretio
3769 4632 3853 4687 illa

2223 4733 2452 4785 tenuior
2475 4729 2732 4800 sit,qu0d
2755 4745 3066 4784 accensum
3089 4737 3172 4782 est
3202 4727 3370 4782 celeri
3409 4743 3586 4781 cursu
3625 4725 3850 4796 rapitur,

2222 4817 2391 4890 isque
2420 4819 2613 4874 evadit
2642 4819 2744 4888 qui
2773 4816 2945 4888 vulgo
2969 4815 3199 4870 διάττων
3253 4814 3420 4888 ἀστὴρ
3466 4813 3704 4881 dicitur,
3763 4813 3852 4867 hoc

2221 4913 2306 4963 est
2349 4907 2520 4963 stella
2577 4907 2870 4977 trajiciens
2929 4923 3059 4978 quae
3118 4905 3262 4960 nihil
3317 4904 3474 4959 aliud
3533 4909 3648 4972 est,
3695 4913 3852 4974 quam

2221 4995 2374 5067 ignis
2397 4996 2686 5065 trajectio,
2721 5011 2822 5050 seu
2845 4995 3036 5066 fulgor
3056 4993 3310 5049 caelestis
3331 4993 3593 5049 emicans
3619 5010 3632 5047 :
3659 4992 3708 5048 si
3737 5003 3851 5044 vero

2222 5085 2476 5141 crassior
2507 5084 2743 5140 materia
2773 5084 3126 5150 subsederit,
3171 5083 3248 5138 ibi
3299 5081 3522 5138 scilicet
3568 5078 3854 5138 candentis

2221 5174 2376 5246 ignis
2405 5173 2626 5230 semina
2657 5174 2941 5240 foveatur,
2975 5179 3382 5242 cometamque
3437 5187 3540 5226 seu
3603 5171 3853 5227 crinitam

2222 5264 2450 5320 stellam
2482 5264 2814 5318 eﬂ‘ormant.
2839 5265 3204 5317 Cometarum
3238 5277 3409 5333 porro
3429 5261 3633 5332 ﬁgure
3679 5256 3852 5320 varie,

2221 5369 2324 5424 pro
2355 5353 2513 5408 varia
2545 5354 2799 5407 materiis
2853 5349 3335 5418 inﬂammatione,
3397 5351 3680 5405 feruntur.
3725 5347 3854 5404 Nam

2219 5441 2306 5497 vel
2337 5441 2464 5498 sola
2494 5442 2584 5496 sui
2615 5439 2978 5511 longitudine
3041 5438 3282 5495 materia
3340 5438 3686 5507 exardescit,
3718 5431 3857 5491 unde

2218 5538 2444 5589 cometa
2474 5531 2752 5606 gignitur,
2785 5547 2959 5604 quem
2991 5530 3164 5603 vulgo
3195 5523 3398 5600 δοκίαν,
3449 5528 3558 5585 hoc
3605 5533 3696 5586 est
3749 5529 3856 5582 tra-

527 5685 607 5764 (2)
635 5681 1057 5758 EthnOpIu-ona:
1086 5684 1249 5742 vocat
1267 5680 1421 5738 infra
1446 5681 1551 5738 lib.
1583 5697 1660 5753 iv,
1692 5699 1744 5739 ο.
1777 5685 1867 5756 42,
1895 5685 2300 5760 haereticisque
2328 5688 2618 5745 acoenset.
