4090 6298
253 361 409 424 111τ

1597 365 1997 428 THESAURI
2043 367 2195 428 LIB.
2240 370 2288 428 Ι.

3503 366 3656 428 1118

247 497 379 552 bcm
407 494 638 566 igneam
672 497 913 550 vocant:
945 493 1032 549 vel
1063 493 1424 566 longitudine
1475 505 1645 570 atque
1691 497 1890 553 latitu-
1923 504 1978 571 Α
2012 504 2124 555 tem
2170 504 2432 556 revocet:
2468 503 2968 572 quemadmodum
3002 503 3128 574 ipse
3159 517 3390 572 quoque
3412 500 3660 557 Davides

250 586 406 653 dine,
430 588 487 639 et
519 589 660 640 tunc
692 582 772 649 fit,
807 583 906 654 qui
939 585 1168 654 proprie
1221 594 1444 642 cometa
1501 587 1756 642 dicitur:
1811 593 1898 648 vel

257 677 329 732 ab
362 675 620 730 inferiori
656 677 812 742 parte
845 674 1110 746 quadam
1143 674 1300 730 velut
1334 678 1614 732 micantes
1633 676 1899 734 scintilla:

258 768 626 835 promuntur,
664 768 918 833 tuncque
985 765 1221 820 demum
1291 763 1603 838 πωγωνίας,
1665 765 1774 822 hoc
1813 770 1902 821 est

259 853 536 907 barbatus
577 857 830 908 cometes
887 852 1233 924 appellatur.
1290 860 1477 926 Atque
1534 855 1604 911 de
1659 855 1900 912 cometis

253 940 557 998 hactenus.

885 1060 1036 1116 CAP.
1071 1060 1276 1117 XXIV.

285 1176 360 1232 De
383 1176 597 1247 pluvia,
629 1176 777 1247 nive,
809 1178 1099 1248 grandine,
1129 1183 1179 1234 el
1210 1195 1328 1249 quae
1365 1195 1437 1233 ea:
1465 1195 1666 1250 vapore
1695 1180 1858 1249 ﬁunt.

317 1291 510 1364 Vapor
540 1297 758 1363 autem,
795 1310 926 1348 cum
963 1295 1042 1349 sit
1099 1294 1323 1349 humidi
1372 1294 1664 1366 calidique
1720 1295 1898 1366 parti-

249 1398 406 1453 ceps,
440 1382 791 1454 simulatque
841 1383 1142 1455 superiora
1201 1384 1365 1454 petit,
1426 1389 1706 1451 mutatur,
1753 1391 1810 1439 et
1841 1385 1898 1439 in

250 1486 464 1540 aquam
498 1471 867 1543 colliquescit
906 1489 918 1528 :
951 1478 1004 1527 et
1035 1474 1328 1544 siquidem
1389 1473 1678 1545 copiosior
1726 1473 1898 1545 paulo

257 1561 610 1631 densiorque
642 1562 951 1624 deferatur,
972 1562 1224 1634 pluviam
1259 1562 1308 1618 si
1343 1579 1473 1617 vero
1534 1563 1736 1628 rarior,
1772 1562 1896 1616 stil-

252 1649 371 1704 lam
409 1656 707 1721 procreat:
731 1651 887 1722 quod
910 1651 958 1706 si
996 1661 1345 1718 concrescat,
1381 1651 1440 1705 in
1498 1653 1708 1720 nivem,
1744 1651 1832 1707 sin
1867 1669 1900 1706 a

260 1739 576 1795 mutatione
594 1741 786 1794 statim
812 1741 1104 1796 concretio
1128 1741 1247 1808 ﬁat,
1280 1742 1336 1796 in
1381 1742 1726 1812 grandinem
1769 1757 1898 1796 eva-

258 1829 558 1900 dit.Atque
588 1829 708 1884 hac
736 1830 967 1900 quidem
1002 1835 1158 1896 sunt,
1193 1848 1319 1900 quae
1371 1847 1549 1901 vapor
1605 1831 1662 1884 in
1722 1847 1895 1901 supe-

255 1917 404 1973 riore
428 1918 575 1973 aeris
601 1919 828 1989 regione
853 1919 1136 1990 levigatus
1157 1919 1369 1974 efﬁcit:
1395 1919 1569 1990 quisi
1599 1920 1894 1985 deorsum,

257 2023 359 2064 seu
391 2007 450 2062 in
483 2007 686 2062 infima
715 2012 995 2079 terraeque
1051 2009 1321 2080 proxima
1382 2013 1544 2081 parte
1601 2008 1752 2064 aeris
1784 2025 1899 2080 praa

255 2097 647 2152 crassitudine
678 2114 780 2153 seu
814 2098 1104 2153 densitate
1159 2099 1406 2166 restitet,
1439 2103 1541 2153 aut
1597 2099 1655 2152 in
1710 2113 1898 2152 rorem

258 2191 538 2257 mutatur,
573 2191 674 2241 aut
705 2187 761 2240 in
795 2186 926 2258 gelu
977 2190 1316 2242 concrescit.
1375 2187 1656 2242 Caeterum
1710 2202 1803 2241 ros
1833 2202 1898 2242 eo

254 2276 630 2348 potissimum
661 2281 942 2346 tempore,
986 2293 1100 2346 quo
1147 2276 1359 2330 cmlum
1411 2292 1683 2332 serenum
1719 2285 1770 2330 et
1802 2291 1897 2330 su-

253 2369 390 2422 dum
415 2373 521 2431 est,
541 2372 714 2437 atque
741 2367 796 2420 in
825 2365 964 2422 locis
1007 2367 1258 2422 maxime
1293 2365 1624 2437 tepentibus
1645 2383 1664 2420 :
1691 2365 1901 2437 pruina

250 2473 384 2510 vero
416 2457 475 2509 in
522 2454 919 2526 frigidioribus
970 2456 1263 2521 coalescit,
1298 2465 1470 2526 atque
1523 2471 1618 2510 ros
1660 2455 1900 2526 quidem

253 2560 384 2599 cum
419 2543 890 2598 meridionalium
926 2549 1230 2599 ventorum
1259 2560 1272 2598 :
1305 2544 1516 2616 pruina
1569 2560 1726 2612 vero,
1760 2559 1897 2599 cum

255 2631 797 2703 septentrionalium
839 2632 1008 2687 ﬂatus
1064 2635 1352 2703 praevalet.
1412 2633 1640 2688 Grando
1701 2639 1894 2687 autem

255 2721 518 2793 partibus
549 2720 687 2777 anni
746 2722 1147 2791 calidioribus,
1208 2739 1336 2778 vere
1386 2722 1663 2776 nimirum
1717 2726 1774 2776 et
1803 2739 1898 2776 au-

250 2817 478 2876 tumno,
514 2827 665 2881 sirpe
687 2813 863 2866 etiam
883 2815 1084 2866 astate
1107 2813 1537 2868 condensatur:
1592 2819 1899 2882 propterea

252 2901 403 2970 quod
437 2899 692 2954 calidum
737 2907 797 2955 et
846 2901 1122 2972 frigidum
1177 2902 1256 2954 ita
1315 2905 1520 2957 natura
1564 2904 1900 2970 comparata

249 2993 478 3054 sunt,ut
511 3005 572 3044 se
603 2994 807 3044 mutuo
828 2989 1218 3061 comprimant
1268 2995 1323 3043 et
1365 2997 1700 3046 coerceant:
1755 2989 1898 3042 adeo

252 3082 316 3132 ut
347 3079 394 3133 si
428 3079 710 3133 exteriora
733 3077 889 3135 calor
911 3086 1174 3150 occupet,
1206 3080 1262 3133 in
1288 3078 1663 3134 interioribus
1711 3077 1898 3148 frigus

247 3167 568 3235 delitescat,
602 3173 659 3224 et
689 3174 909 3224 contra.
939 3171 1133 3240 Itaque
1186 3170 1238 3222 in
1282 3167 1547 3239 partibus
1577 3167 1716 3222 anni
1751 3166 1894 3222 cali-

245 3256 510 3311 dioribus
541 3256 722 3328 frigus
754 3257 943 3314 calido
973 3237 1332 3313 extrinsecus
1379 3257 1673 3327 objectum
1721 3271 1890 3327 gran-
1929 3237 1980 3304 Ο

242 3345 438 3400 dinem
475 3344 710 3401 conﬁat.

883 3464 1040 3520 CAP.
1082 3463 1246 3520 XXV.

475 3581 552 3634 De
584 3580 749 3646 iride,
779 3579 1003 3646 halone,
1034 3580 1284 3651 pareliz’s,
1315 3583 1370 3634 el
1401 3579 1652 3651 virgulis.

317 3707 479 3772 Quod
513 3708 579 3760 ad
618 3706 728 3762 irin
763 3708 1031 3780 pertinet,
1066 3707 1165 3778 qui
1217 3725 1250 3763 a
1283 3707 1481 3763 multis
1503 3723 1673 3763 arcus
1693 3705 1895 3777 appel-

245 3796 426 3862 latur,
460 3797 714 3852 naturali
742 3798 1332 3868 quidemsubstantia
1352 3797 1595 3869 praadita
1631 3813 1746 3852 non
1784 3797 1892 3861 ost,

248 3887 462 3958 quippe
481 3903 609 3958 quae
624 3888 1001 3944 simulacrum
1019 3888 1310 3958 quoddam
1326 3888 1897 3960 inane,phantasma—

251 3992 366 4045 que
397 3977 492 4040 sit,
526 3977 681 4046 quod
720 3977 1047 4033 videntium
1070 3977 1250 4032 oculis
1271 3984 1411 4034 tunc
1434 3977 1728 4048 objicitur,
1761 3991 1892 4030 cum

255 4063 397 4118 solis
428 4065 571 4118 radii
593 4065 762 4133 quasi
783 4067 974 4135 procid
988 4072 1091 4121 unt
1112 4071 1167 4120 et
1181 4065 1578 4133 reﬂectuntur,
1608 4079 1894 4136 arcusque

253 4151 399 4204 adeo
431 4167 682 4220 speetem
719 4169 834 4222 prae
866 4169 928 4208 se
977 4154 1188 4210 ferunt.
1240 4161 1413 4210 Porro
1471 4155 1745 4226 quaelibet
1790 4154 1892 4209 iris

247 4238 469 4308 triplici
499 4238 690 4294 colore
720 4241 997 4296 distincta
1026 4246 1132 4296 est.
1161 4243 1302 4313 Ejus
1348 4244 1504 4298 enim
1561 4259 1708 4298 zona
1753 4241 1896 4297 inte-

250 4328 390 4397 rior,
423 4327 704 4397 punicea:
730 4330 1008 4396 secunda,
1042 4331 1245 4386 viridis
1269 4349 1291 4385 .°
1337 4333 1509 4388 tertia
1555 4331 1802 4388 caerulea
1837 4335 1894 4386 et

250 4417 416 4487 quasi
453 4432 744 4488 purpurea
775 4421 877 4470 est.
911 4417 1223 4490 Consurgit
1252 4425 1447 4475 autem
1478 4437 1548 4476 ex
1593 4419 1891 4492 inaequali-

251 4510 368 4560 tale
398 4508 456 4560 et
477 4505 978 4561 dissimulitudine
1000 4507 1267 4562 nubium.
1299 4510 1372 4563 At
1400 4509 1641 4566 halones
1671 4525 1772 4566 seu
1805 4527 1894 4566 co-

2012 591 2203 646 canit:
2238 591 2343 659 Qui
2371 591 2599 660 despicit
2629 593 2686 645 in
2719 602 2944 658 terram,
2981 596 3031 646 et
3077 593 3314 646 concutit
3355 607 3492 646 eam.
3531 588 3660 644 Phi-

2009 679 2239 752 losophi
2277 697 2410 736 vero
2450 697 2687 736 causam
2720 679 2952 737 illorum
2995 699 3028 736 a
3064 683 3254 736 ventis
3294 685 3580 751 repetunt,
3606 679 3656 735 si

2013 769 2158 825 forte
2189 786 2319 824 cum
2353 787 2384 825 e
2415 776 2566 826 terra
2634 787 2867 826 sursum
2923 772 3206 838 feruntur,
3240 771 3557 841 contingat,
3593 775 3659 826 ut

2013 858 2185 913 ﬂatus
2225 859 2440 931 aliquis
2470 860 2626 915 velut
2665 861 2986 915 extrinscca
3026 860 3294 930 quaedam
3343 860 3657 928 exhalatio,

2012 950 2412 1005 subterraneis
2447 950 2661 1005 reﬂans
2693 965 2818 1006 sese
2860 950 3151 1005 meatibus
3211 949 3508 1004 insinuet:
3542 966 3660 1019 qua

2012 1038 2186 1093 etiam
2221 1039 2291 1093 de
2321 1055 2500 1094 causa
2532 1055 2737 1094 serena
2770 1043 3115 1110 tempestate
3136 1045 3302 1094 terrae
3328 1043 3524 1094 motus
3565 1055 3660 1093 ac-

2011 1129 2223 1200 cidere,
2255 1146 2434 1200 eaque
2465 1130 2606 1185 adeo
2649 1131 3008 1201 frequentius
3063 1128 3191 1185 loca
3235 1129 3508 1185 infestare
3563 1147 3662 1186 so-

2010 1217 2152 1281 lcnt,
2186 1218 2240 1272 in
2298 1219 2513 1289 quibus
2591 1235 2746 1274 mare
2814 1219 3075 1290 rapidius
3151 1218 3303 1285 ﬂuit,
3371 1218 3660 1289 tellusque

2012 1306 2204 1361 mollis
2272 1315 2324 1362 et
2383 1306 2512 1362 laxa
2596 1308 2858 1363 cavernis
2949 1315 3005 1364 et
3088 1306 3374 1364 cuniculis
3452 1313 3655 1364 scatet.

2012 1398 2189 1451 Porro
2220 1396 2400 1451 solem
2444 1397 2637 1467 ipsum
2681 1403 3052 1454 terrasmotus
3093 1405 3346 1468 tempore
3414 1397 3661 1451 tenebri-

2009 1501 2210 1540 cosum
2234 1490 2290 1540 et
2321 1487 2640 1540 obscurum
2699 1503 2829 1542 esse
2895 1487 3228 1541 affirmant:
3292 1485 3430 1556 quia
3488 1485 3659 1540 nimi-

2011 1591 2139 1627 rum
2172 1580 2472 1630 ventorum
2508 1581 2647 1629 tunc
2689 1574 2747 1629 in
2781 1580 2997 1630 terram
3042 1592 3298 1630 remeare
3356 1574 3528 1629 ﬂatus
3567 1575 3653 1629 in-

2009 1663 2171 1733 cipit,
2212 1680 2244 1718 a
2277 1679 2392 1734 quo
2414 1663 2691 1734 liquidior
2729 1681 2823 1720 aer
2864 1664 3098 1718 interim
3129 1670 3197 1735 ,et
3249 1663 3508 1718 serenior
3540 1663 3659 1716 elfi-

2009 1752 2178 1807 citur.

2623 1868 2776 1925 CAP.
2816 1868 3040 1924 XXVII.

2688 1996 2760 2051 De
2788 1997 2979 2051 ventis.

2080 2108 2596 2164 Verumenimvcro
2620 2110 2690 2164 de
2711 2110 2898 2166 ventis
2938 2111 3091 2165 idem
3127 2127 3356 2180 quoque
3406 2111 3655 2166 Davides

2010 2197 2089 2252 ita
2110 2199 2262 2252 canit
2286 2215 2298 2252 :
2326 2198 2430 2265 Qui
2456 2198 2638 2253 educit
2667 2204 2853 2254 ventos
2875 2199 2938 2253 de
2969 2197 3250 2254 thesauris
3283 2201 3419 2255 suis.
3475 2198 3657 2253 Prisci

2010 2302 2140 2342 vero
2181 2286 2512 2358 philosophi
2547 2294 2746 2344 ventos
2788 2288 2842 2342 in
2875 2287 3208 2344 universum
3243 2298 3488 2358 quatuor
3529 2303 3657 2342 esse

2010 2376 2326 2442 affirmant,
2369 2377 2788 2444 Subsolanum,
2821 2377 3170 2450 Zephyrum,
3202 2378 3438 2442 Notum,
3471 2376 3656 2432 etBo-

2009 2481 2191 2534 ream,
2226 2482 2470 2536 quorum
2511 2466 2878 2521 Subsolanus
2942 2470 2999 2521 et
3056 2466 3352 2538 Zephyrus
3422 2483 3534 2520 non
3576 2465 3657 2520 ita

2007 2553 2380 2609 vehementes
2412 2555 2553 2621 sint,
2588 2555 2774 2612 Notus
2812 2572 2944 2610 vero
2985 2560 3043 2608 et
3100 2554 3310 2609 Boreas
3352 2554 3657 2609 infestissi-

2009 2658 2164 2696 mam
2200 2642 2566 2714 tyrannidem
2599 2647 2921 2697 exerceant.
2956 2643 3090 2704 Quae
3121 2657 3225 2695 cur
3251 2641 3420 2706 ﬁant,
3445 2641 3531 2695 bis
3564 2658 3654 2696 ra-

2005 2731 2269 2788 tionibus
2301 2732 2657 2798 innituntur,
2707 2735 2856 2802 quod
2911 2731 2996 2786 sol
3053 2747 3160 2786 nec
3226 2729 3513 2786 australes
3554 2747 3659 2786 nec

2008 2819 2496 2892 septentrionales
2523 2822 2725 2891 plagas
2764 2819 3094 2875 calefaciat:
3129 2819 3268 2890 quia
3291 2836 3394 2874 nec
3437 2821 3493 2874 in
3527 2836 3655 2874 arc-

2008 2911 2123 2964 tico
2160 2925 2264 2965 nec
2305 2910 2362 2962 in
2397 2909 2714 2964 antarctico
2747 2909 2877 2980 polo
2909 2925 3140 2980 semper
3187 2915 3452 2964 versatur
3482 2909 3658 2977 (unde

2009 3001 2094 3067 ﬁt,
2132 3007 2196 3056 ut
2223 3003 2444 3072 frigidae
2476 3018 2545 3057 ex
2580 3018 2745 3073 aequo
2781 3007 2837 3056 et
2867 3001 3120 3056 humidae
3162 3001 3301 3066 sint,
3337 3001 3656 3070 multisque

2007 3092 2150 3148 adeo
2193 3092 2480 3147 imbribus
2540 3091 2791 3148 indicem
2861 3091 3097 3160 exortis,
3143 3090 3363 3146 multus
3422 3105 3655 3161 quoque

2006 3200 2206 3256 vapor,
2239 3183 2408 3256 isque
2476 3184 2739 3240 fumosus
2791 3188 3227 3254 consequatur:
3296 3197 3423 3253 qua:
3465 3199 3556 3237 res
3595 3181 3653 3236 in

2008 3291 2185 3330 causa
2212 3278 2323 3340 est,
2358 3277 2421 3328 ut
2456 3274 2664 3330 Boreas
2695 3279 2752 3329 et
2783 3276 2961 3329 Notus
3011 3279 3131 3329 tam
3183 3271 3525 3344 impetuosis
3557 3271 3657 3326 ﬂa-

2005 3365 2162 3420 tibus
2197 3364 2497 3433 ferantur).
2531 3363 2748 3419 Contra
2793 3379 2928 3418 vero
2997 3378 3132 3418 cum
3195 3361 3255 3416 in
3300 3360 3653 3432 regionibus,

2005 3469 2132 3524 quae
2164 3451 2248 3508 vel
2284 3452 2342 3507 in
2373 3453 2666 3510 Orientem
2718 3452 2806 3509 vel
2858 3454 2918 3508 in
2973 3452 3346 3508 Occidentem
3389 3456 3654 3523 vergunt,

2005 3542 2091 3598 sol
2124 3539 2341 3597 crebris
2374 3541 2736 3598 anfractibus
2770 3549 3095 3611 moveatur,
3129 3541 3381 3596 multum
3415 3540 3494 3594 ibi
3547 3539 3653 3594 fri-

2004 3632 2161 3702 goris
2189 3630 2443 3686 suboriri
2476 3647 2591 3686 non
2624 3630 2784 3687 sinit.

2607 3766 2763 3819 CAP.
2797 3764 3040 3820 XXVIII.

2146 3881 2218 3934 De
2241 3878 2502 3950 fulmine,
2539 3880 2778 3950 turbine,
2810 3879 3067 3946 tonitrui,
3098 3879 3358 3950 procella,
3399 3884 3498 3936 etc.

2077 3996 2318 4051 Fulmen
2353 4012 2525 4067 porro
2557 3996 2777 4051 nullam
2808 3997 2866 4051 in
2900 4013 2962 4052 se
2992 3996 3513 4052 inﬂammationem
3547 3995 3647 4050 ha-

2007 4085 2354 4157 bet,quippe
2387 4087 2538 4156 quod
2569 4102 2763 4141 aerem
2823 4086 3082 4158 ingenita
3149 4087 3260 4142 sibi
3318 4085 3545 4141 levitate
3593 4087 3650 4140 et

2005 4175 2284 4230 tenuitate
2317 4178 2546 4229 referat.
2582 4173 2745 4230 Unde
2779 4174 2837 4229 id
2869 4175 3044 4230 etiam
3097 4175 3352 4230 nominis
3376 4175 3647 4232 sortitum

2002 4269 2110 4332 est,
2135 4264 2293 4319 utsit
2326 4262 2600 4336 κεραυνὸς,
2643 4265 2808 4334 quasi
2850 4263 3103 4338 εὐκραής,
3141 4267 3278 4336 quia
3318 4283 3432 4337 pra}
3459 4268 3648 4320 levore

2002 4369 2110 4407 suo
2143 4351 2385 4407 minime
2407 4353 2635 4408 adurat.
2673 4352 2896 4409 Prester
2916 4371 3070 4422 vero,
3106 4355 3212 4409 hoc
3233 4361 3320 4409 est
3358 4353 3528 4409 turbo
3560 4367 3650 4408 ac-

2003 4457 2232 4508 census,
2251 4458 2384 4496 cum
2412 4457 2481 4497 ex
2498 4443 2651 4497 nube
2675 4443 3068 4498 substantiam
3114 4442 3358 4498 materia
3387 4440 3648 4497 crasissi-

2005 4548 2098 4587 ma
2129 4538 2492 4588 constantem
2529 4533 2752 4598 habeat,
2778 4549 3024 4606 eamque
3053 4532 3392 4588 incendatet
3417 4531 3649 4586 inﬂam-

252 4612 414 4651 ronae
441 4612 689 4668 quarum
718 4595 969 4650 rotunda
999 4611 1230 4666 semper
1263 4597 1464 4668 ﬁgura,
1525 4615 1628 4654 nec
1685 4599 1895 4656 iridum

2011 4627 2144 4689 met,
2178 4622 2312 4676 inde
2335 4622 2422 4686 ﬁt,
2457 4626 2520 4678 ut
2543 4595 2831 4678 incendiis
2852 4595 3480 4692 etconﬂagrationibus
3531 4619 3648 4673 ido-

248 4684 389 4741 orbe
414 4687 603 4742 minor
624 4689 881 4757 apparet,
914 4685 1067 4741 circa
1090 4685 1287 4741 lunam
1312 4701 1466 4758 saepe
1512 4693 1709 4756 noctu,
1742 4704 1894 4760 saepe

246 4774 423 4829 etiam
455 4773 707 4830 interdiu
741 4773 1199 4845 conspiciuntur.
1250 4776 1489 4831 Addunt
1545 4776 1891 4849 physiologi,

248 4864 468 4933 quique
499 4867 716 4918 naturae
747 4881 962 4919 arcana
993 4869 1356 4932 scrutantur,
1385 4872 1438 4920 et
1471 4865 1739 4934 parelios,
1791 4883 1892 4922 seu

251 4950 390 5005 solis
423 4951 734 5021 imagines,
766 4959 821 5007 et
861 4947 1114 5024 ῥάϐδους,
1151 4956 1255 5010 hoc
1283 4959 1373 5010 est
1401 4955 1695 5027 virgulas:
1721 4961 1895 5027 atque

256 5040 364 5095 has
389 5040 627 5111 quidem
659 5057 728 5096 ex
758 5042 1003 5098 nubium
1050 5044 1442 5115 inaequalitate
1490 5046 1632 5114 fieri,
1663 5047 1896 5101 tricolo-

254 5145 484 5200 resque,
520 5134 583 5184 ut
612 5134 670 5184 et
698 5129 897 5196 iridas,
933 5148 1060 5188 esse
1091 5151 1103 5189 :
1155 5134 1403 5205 parelios
1455 5146 1649 5192 autem
1709 5135 1894 5206 albos,

256 5223 322 5274 ut
352 5226 408 5275 et
438 5219 700 5288 halonas,
733 5225 1023 5277 asserunt.

876 5365 1029 5419 CAP.
1062 5367 1262 5422 XXVI.

375 5478 695 5535 Christiana
724 5483 775 5534 et
803 5479 1178 5552 philosogznica
1205 5488 1544 5540 lerrasmotus
1573 5501 1760 5540 causa.

324 5596 601 5652 Ceterum
625 5600 992 5654 terremotus
1012 5615 1045 5654 a
1070 5604 1184 5655 Deo
1205 5600 1332 5657 ideo
1356 5601 1480 5658 ﬁeri
1531 5601 1802 5667 dicimus,
1834 5605 1900 5658 ut

253 5681 594 5742 hominibus
615 5691 895 5745 terrorem
915 5687 1182 5761 incutiat,
1215 5694 1272 5748 et
1317 5691 1391 5749 ad
1416 5691 1707 5750 saniorem
1730 5706 1896 5750 men-

2007 4710 2715 4767 neusevadat.Presterem
2735 4717 2929 4768 autem
2946 4713 3148 4766 ventus
3161 4712 3331 4766 etiam
3352 4707 3644 4781 prazcedit,

2003 4801 2172 4872 cujus
2204 4801 2281 4855 rei
2313 4806 2465 4855 certo
2497 4801 2554 4855 id
2585 4801 2799 4856 indicio
2831 4807 2940 4865 est,
2974 4801 3126 4872 quod
3189 4799 3432 4854 fulmine
3483 4799 3646 4870 jam-

2000 4891 2119 4960 jam
2152 4891 2509 4960 tangendum
2540 4896 2647 4955 est,
2682 4889 2817 4959 quia
2867 4891 3029 4959 prius
3079 4897 3243 4945 vento
3289 4890 3642 4946 concutitur.

2005 4981 2283 5036 Presteris
2315 4980 2470 5034 enim
2503 4984 2710 5035 ventus
2743 4980 2934 5048 ferire,
2971 4980 3106 5052 quia
3163 4979 3541 5052 sulphureas,
3591 4983 3648 5034 et

2004 5074 2312 5126 concutere
2330 5068 2497 5122 solet.
2525 5067 2724 5139 Neque
2747 5085 2875 5123 vero
2899 5076 3110 5126 ventus
3135 5069 3231 5125 ille
3270 5079 3518 5138 prestera
3550 5087 3644 5126 so-

2006 5157 2306 5212 lummodo
2341 5157 2629 5228 precedit,
2666 5158 2766 5212 sed
2797 5158 2974 5213 etiam
3008 5159 3318 5214 comitatnr
3346 5165 3404 5214 et
3433 5159 3645 5214 subse-

2005 5247 2224 5318 quitur,
2255 5245 2672 5318 dispersusque
2694 5252 2750 5301 et
2767 5247 2826 5301 in
2849 5247 3179 5304 levissimos
3203 5249 3375 5305 ﬂatus
3398 5250 3646 5304 diﬂ‘usus

2003 5335 2258 5391 tonitrus
2286 5338 2343 5390 et
2373 5333 2650 5404 fulgetras
2689 5335 2936 5394 excitat:
2970 5343 3048 5403 et,
3082 5339 3130 5394 si
3159 5339 3649 5410 quideminﬂam-

2005 5430 2218 5490 inetur,
2249 5422 2338 5479 vel
2373 5424 2613 5493 fulmen,
2645 5425 2732 5480 vel
2787 5425 3002 5499 fulgur,
3033 5421 3142 5484 'vcl
3203 5435 3499 5501 prestera:
3555 5429 3646 5483 sin

2006 5529 2200 5580 secus,
2229 5511 2474 5588 ’sxvscplav
2534 5517 2592 5568 et
2648 5516 2887 5590 τυφῶνα,
2948 5516 3057 5572 hoc
3115 5523 3202 5574 est
3238 5519 3546 5590 procellam
3589 5521 3647 5572 et

2005 5603 2277 5663 Vorticem
2301 5603 2430 5658 ciet.
2463 5605 2640 5658 Porro
2662 5602 2784 5658 haec
2805 5607 3004 5662 omnia
3025 5607 3096 5663 ad
3126 5607 3646 5666 inﬂammationem

2006 5700 2059 5750 et
2089 5690 2455 5750 adustionem
2489 5691 2828 5752 referantur.
