4090 6298
460 309 615 370 1119

1091 445 1242 501 CAP.
1275 445 1466 502 XXIX.

664 589 742 641 De
769 603 1062 659 corporum
1093 591 1492 644 resurrectione
1519 597 1570 646 et
1599 591 1918 646 animorum

1065 663 1506 718 immertatitate.

536 763 616 818 De
646 781 952 837 corporum
979 770 1401 824 resurrectione
1431 769 1594 824 nulla
1623 769 1952 825 Graecorum
1987 765 2111 837 pla-

467 855 599 918 cita,
623 855 694 911 de
716 857 894 911 animi
921 858 1360 914 immortalitate
1385 858 1670 930 permulta
1717 857 2108 928 reperiuntur.

465 942 554 998 Illi
577 943 734 999 enim
768 951 824 1001 et
858 964 1054 1016 poenas
1078 949 1232 1020 apud
1259 950 1474 1004 inferos
1497 965 1599 1022 pro
1628 947 1698 1002 iis
1743 964 1870 1018 quas
1909 945 1968 999 in
1997 945 2112 998 vita

465 1033 615 1088 male
637 1035 770 1105 quis
796 1037 1057 1106 gesserit,
1091 1042 1145 1092 et
1186 1033 1459 1108 λειμῶνας
1503 1032 1853 1114 ἀσφιδελοὺς,
1886 1035 1993 1090 hoc
2023 1035 2112 1089 est

464 1127 628 1191 prata
657 1121 976 1192 asphodelo
1025 1123 1294 1194 virentia,
1335 1129 1392 1180 et.
1437 1125 1661 1197 Elysios
1709 1139 1946 1192 campos
2005 1121 2110 1176 fin-

463 1215 647 1280 gunt:
683 1211 900 1282 quibus
933 1213 1014 1267 illi
1053 1225 1183 1284 post
1213 1219 1460 1270 mortem
1493 1213 1804 1282 donentur,
1829 1212 1928 1283 qui
1961 1227 2104 1284 prae-

464 1299 614 1356 clare
647 1317 708 1357 se
739 1301 795 1356 in
829 1302 939 1358 hac
987 1304 1105 1360 vita
1161 1307 1470 1377 gesserint.
1525 1307 1714 1376 Atque
1772 1301 2107 1358 Graecorum

464 1390 696 1461 quidem
725 1393 795 1447 de
819 1393 890 1448 iis
914 1411 1040 1464 quae
1059 1399 1198 1450 sunt
1217 1395 1273 1448 in
1299 1410 1492 1449 rerum
1529 1402 1737 1449 natura
1785 1394 2104 1458 sententias,

465 1480 654 1549 quoad
679 1497 747 1535 ex
771 1482 972 1538 multis
999 1499 1211 1555 paucas
1230 1499 1498 1539 sermone
1535 1497 1866 1554 percurrere
1919 1480 2104 1546 licuit,

461 1569 542 1622 ita
573 1586 633 1625 se
667 1569 901 1627 habent.

1101 1683 1259 1740 CAP.
1301 1683 1461 1740 XXX.

901 1799 976 1854 De
1013 1799 1298 1856 Juduismi
1326 1799 1660 1856 auctoribus.

535 1914 796 1970 Judaism
811 1933 878 1970 us
897 1921 1088 1972 autem
1114 1919 1185 1974 ab
1204 1919 1532 1975 Abrahamo
1548 1917 2110 1990 originem,circum-

465 2005 1078 2074 cisionisinterventu,
1113 2010 1298 2065 duxit.
1359 2011 1532 2064 Auxit
1578 2011 1850 2065 eumdem
1901 2014 2110 2078 Moses,

471 2095 568 2165 qui
591 2097 878 2165 septimus
909 2099 982 2152 ab
1001 2099 1326 2155 Abrahamo
1351 2098 1612 2154 Judairis
1637 2099 1812 2154 rebus
1862 2099 2112 2170 przefuit,

472 2181 618 2254 legis
647 2185 951 2254 beneficio,
985 2205 1162 2258 quam
1214 2205 1247 2242 a
1303 2193 1414 2244 Deo
1445 2188 1501 2242 in
1551 2187 1689 2243 Bina
1725 2193 1920 2243 monte
1951 2203 2114 2244 acce-

469 2277 653 2344 perat.
687 2273 924 2330 Ornavit
957 2281 1157 2346 postea
1193 2277 1432 2332 Davides
1461 2293 1530 2332 ex
1568 2277 1722 2332 tribu
1787 2277 2114 2347 Benjamin,

471 2361 572 2416 ubi
603 2362 858 2431 primum
891 2363 1048 2418 Sauli
1081 2365 1382 2434 successit,
1420 2381 1672 2436 cumque
1714 2367 1838 2435 jam
1875 2367 2119 2436 quadra-

470 2452 632 2524 ginta
659 2468 844 2508 annos
875 2453 1096 2510 Judaais
1127 2453 1492 2525 imperasset,
1541 2453 1752 2510 virtute
1801 2453 2022 2510 scilicet
2063 2459 2120 2510 et

477 2542 765 2606 sapientia
797 2542 1148 2612 praecellens,
1191 2544 1407 2614 quippe
1463 2543 1564 2614 qui
1623 2543 1864 2600 numine
1925 2544 2118 2599 divino

477 2629 712 2686 afﬂatus
761 2635 938 2696 esset,
998 2647 1238 2686 suorum
1289 2633 1573 2688 terminos
1631 2632 1914 2690 dilatavit.
1979 2632 2118 2702 Ejus

475 2722 632 2778 enim
670 2739 914 2779 manum
945 2723 1101 2780 Deus
1131 2723 1192 2778 in
1227 2723 1370 2778 mari
1427 2723 1704 2790 extendit,
1749 2730 1806 2780 et
1851 2725 1910 2780 in
1945 2723 2119 2780 ﬂuvio

476 2813 769 2868 dexteram
803 2813 949 2885 eius.

1097 2905 1252 2962 CAP.
1283 2903 1493 2960 XXXI.

639 2994 937 3048 Haereseon
975 2995 1024 3046 el
1047 2993 1374 3048 seditionum
1405 2994 1762 3050 Iudaicarum
1792 2993 1964 3066 Origo.

550 3083 693 3139 Cum
727 3097 862 3152 ergo
908 3097 973 3136 eo
1013 3081 1294 3137 claritatis
1342 3083 1647 3138 Iudaicum
1710 3099 1898 3154 genus
1931 3097 2120 3138 excre-

1763 313 2064 376 NICETIE
2105 311 2531 375 CHONIATE

2137 453 2188 516 Α
2223 444 2688 512 interﬂuxerunt,
2719 462 2754 501 a
2780 461 2916 501 vero
2949 445 3047 502 Dei
3079 447 3240 504 cultu
3302 448 3648 505 aberrantes
3707 450 3890 508 Israel

3729 309 3896 380 ’1120

2223 533 2336 588 litae
2369 534 2482 588 diis
2513 535 2721 590 alienis
2749 551 2914 590 sacra
2945 535 3223 591 fecerunt.
3255 541 3398 594 Cum
3435 539 3696 608 primum
3733 543 3890 598 enim

2221 621 2546 679 conﬂatiles
2579 639 2720 679 auro
2749 639 2958 679 vaccas
3007 625 3232 695 ignavis
3291 631 3348 680 et
3389 625 3714 684 hebetibus
3747 631 3888 686 ado-

2223 713 2438 768 randus
2465 712 2853 768 Jeroboamus
2883 715 3204 785 proposuit,
3267 731 3400 770 mox
3458 717 3638 772 etiam
3697 719 3762 772 in
3795 721 3891 774 ob-

2221 803 2412 856 scuris
2443 801 2588 858 locis
2620 805 2676 856 et
2705 800 2854 856 lucis
2902 801 3170 857 victimas
3229 803 3449 860 multas
3507 807 3887 878 obtulerunt,

2222 890 2573 962 Baalamque
2603 893 2874 961 tanquam
2910 889 3086 946 Deum
3121 891 3306 948 colere
3337 901 3668 966 coeperunt.

2822 998 2979 1056 CAP.
3011 999 3264 1056 XXXIII.

2223 1114 2541 1188 Captivitas.
2575 1113 2770 1188 Esdras
2799 1113 3091 1188 Babylone
3119 1116 3180 1170 in
3201 1115 3518 1188 Samariam
3549 1117 3878 1174 idololatria

2681 1185 3102 1241 inhabitabilem
3131 1186 3398 1242 mittitur.

2285 1285 2480 1342 Verlm
2506 1285 2802 1341 enimvero
2825 1301 2962 1341 cum
3011 1283 3428 1358 Hierosolymis
3487 1289 3868 1361 expugnatis,

2219 1375 2556 1448 temploque
2607 1375 2840 1430 incenso
2883 1374 3422 1432 Nabuchodonosor
3465 1377 3654 1434 victor
3686 1396 3871 1452 popu-

2216 1465 2362 1531 lum,
2397 1470 2674 1536 regnante
2705 1471 2845 1520 tunc
2874 1465 3178 1535 Jecbonia,
3212 1467 3505 1537 captivum
3557 1469 3672 1523 sibi
3709 1487 3868 1526 man-

2218 1555 2492 1626 cipasset,
2523 1554 2712 1610 Judaei
2745 1571 2847 1626 per
2881 1556 3094 1620 legatos
3146 1573 3178 1608 a
3233 1557 3688 1625 Babyloniorum
3745 1576 3869 1632 rege

2217 1649 2550 1714 exorarunt,
2586 1649 2651 1698 ut
2679 1660 2748 1698 ex
2779 1643 2904 1698 suis
2942 1644 3166 1714 aliquot
3229 1646 3286 1698 in
3349 1647 3738 1703 Israeliticam
3791 1667 3864 1704 re-

2215 1739 2445 1802 gionem
2481 1738 2750 1804 mitteret,
2785 1755 2856 1793 ne
2897 1738 3039 1792 forte
3093 1739 3313 1793 diutius
3365 1739 3592 1796 deserta
3659 1747 3718 1796 et
3767 1759 3862 1796 ne-

2137 1823 2182 1887 B
2213 1825 2399 1898 glerta
2424 1825 2777 1892 silvesceret,
2810 1833 2984 1896 atque
3011 1827 3144 1881 feris
3177 1833 3399 1881 tantum
3452 1827 3702 1884 latibula
3733 1848 3862 1900 pra:-

2221 1915 2507 1970 beret.Il1e
2531 1916 2726 1986 itaque
2749 1915 3005 1986 gentium
3039 1915 3150 1970 sibi
3177 1916 3548 1972 subditarum
3595 1925 3858 1990 quatuor,

2221 2003 2500 2060 nimirum
2559 2005 2848 2070 Cuthteus,
2915 2004 3223 2072 Cuddaaos,
3290 2005 3750 2078 Sepbarvereos,
3807 2013 3858 2064 et

2225 2099 2648 2164 Anegoganaaos
2667 2110 2733 2148 eo
2755 2093 2992 2150 colonos
3009 2095 3304 2159 misit.0ui
3331 2095 3508 2151 simul
3533 2103 3710 2168 atque
3739 2115 3856 2154 cum

2223 2181 2572 2238 tutelaribus
2603 2181 2774 2237 idolis
2803 2185 2861 2236 in
2921 2183 3250 2238 Samariam
3307 2191 3719 2256 pervenerunt,
3759 2185 3856 2242 ibi-

2225 2274 2475 2344 demque
2507 2271 2616 2326 sibi
2642 2273 2845 2328 domos
2867 2278 3298 2342 exstruxerunt,
3331 2290 3366 2330 a
3416 2275 3554 2330 feris
3577 2275 3858 2347 absumpti

2227 2365 2384 2417 sunt.
2420 2361 2701 2426 Quocirca
2723 2361 3068 2434 perlegatos
3093 2361 3165 2416 ab
3201 2363 3574 2434 Assyriorum
3621 2380 3748 2430 rege
3773 2381 3856 2436 pe-

2227 2453 2466 2518 tierunt,
2497 2457 2598 2506 aut
2629 2453 2700 2507 ad
2765 2451 3018 2506 ferarum
3077 2452 3534 2509 internecionem
3588 2455 3850 2511 auxilium

2229 2543 2615 2612 mitteret,aut
2635 2541 2860 2598 colonia
2893 2543 3167 2600 excedere
3215 2543 3328 2599 sibi
3371 2561 3506 2600 cum
3561 2547 3710 2602 bona
3747 2547 3852 2616 ejus

2229 2634 2396 2688 venia
2427 2636 2904 2705 permitteretur;
2936 2633 3324 2689 admiratione
3365 2634 3600 2690 interim
3645 2651 3848 2690 summa

2231 2723 2414 2785 ducti,
2445 2723 2544 2791 qui
2577 2721 2698 2777 fieri
2758 2724 3007 2794 potuerit
3067 2729 3132 2778 ut
3203 2723 3517 2794 quisquam
3577 2723 3844 2781 retroactis

2231 2811 2597 2884 temporibus
2621 2813 2939 2866 Samariam
2977 2811 3274 2868 incoleret.
3299 2811 3416 2866 Rex
3439 2827 3579 2885 ergo
3609 2814 3672 2868 iis
3699 2814 3756 2868 ad
3787 2827 3837 2865 se

2229 2901 2550 2966 accersitis,
2584 2899 2682 2970 qui
2723 2899 2877 2954 inter
2935 2899 3205 2956 Hebraeos
3263 2901 3542 2957 excellere
3595 2903 3832 2957 videban-

2231 2999 2348 3062 tur,
2383 2989 2762 3060 interrogavit
2820 2989 2958 3058 quid
3019 3006 3212 3044 cauare
3269 2995 3442 3056 esset,
3475 2994 3619 3062 quod
3660 2992 3818 3044 Sama-

2233 3083 2318 3139 ria
2347 3085 2432 3136 tot
2461 3098 2494 3135 a
2527 3079 2661 3134 teris
2688 3079 3082 3146 infestaretur,
3117 3087 3290 3150 atque.
3327 3083 3470 3136 adeo
3491 3079 3666 3142 coloni,
3693 3089 3808 3146 quos

479 3169 1270 3241 visset,Hierosolymamque
1292 3171 1536 3226 Davides
1559 3177 1614 3226 et
1655 3172 1930 3226 Salomon
1979 3188 2124 3226 moa-
2157 3163 2202 3227 C
2234 3171 2333 3228 illo
2365 3173 2624 3228 miserat.
2659 3175 2776 3222 tam
2839 3171 3051 3224 misere
3107 3168 3379 3239 perirent.
3437 3165 3813 3240 Responderunt

482 3260 656 3313 nibus
685 3257 1027 3324 cinxissent,
1053 3265 1226 3328 atque
1253 3261 1559 3330 aggeribus
1585 3261 1714 3331 ipsa
1761 3261 1978 3316 moenia
2007 3261 2123 3316 cir—

482 3345 962 3408 cumvallassent,
997 3347 1274 3418 templum
1318 3349 1568 3420 denique
1625 3349 1814 3404 ubivis
1858 3353 2122 3418 gentium

483 3433 810 3507 percelebre
828 3433 1100 3490 Salomon
1133 3436 1500 3498 aedificasset,
1522 3437 1756 3506 quidam
1795 3453 1902 3492 sua
1950 3437 2125 3493 Sione

484 3523 724 3580 minime
756 3526 1034 3592 contenti,
1069 3525 1416 3582 Hebraicum
1451 3527 1760 3597 imperium
1823 3527 2120 3598 propalam

483 3613 872 3670 seditionibus
895 3615 1022 3670 suis
1045 3615 1450 3670 adulterarunt
1477 3633 1490 3670 :
1519 3621 1582 3672 ut
1606 3619 1792 3688 major
1813 3615 1868 3670 in
1889 3615 2120 3672 illorum

481 3720 600 3774 rep.
637 3703 992 3776 perturbatio
1025 3706 1226 3777 primis
1261 3704 1378 3760 illis
1395 3707 1756 3778 temporibus
1781 3723 1896 3762 non
1931 3707 2121 3770 fuerit,

485 3793 700 3865 quibus
741 3793 1020 3850 nimirum
1078 3794 1312 3851 Judices
1369 3795 1642 3852 tribubus
1689 3795 1948 3854 Judaicis
1988 3797 2126 3867 jura

483 3883 777 3938 dicebant.

1093 3979 1247 4036 CAP.
1281 3979 1512 4038 XXXII.

483 4097 772 4154 Duodectm
823 4097 1070 4150 tribuum
1125 4097 1374 4222 inddur-s
1429 4099 1657 4156 ducatus
1709 4097 1808 4154 sub
1857 4099 2128 4154 Roboamo

1227 4185 1412 4222 ιυῑειο.

1227 4185 1412 4226 ιυῑειο.

556 4285 782 4338 Mortuo
813 4281 1011 4352 itaque
1043 4281 1352 4340 Salomone
1391 4283 1696 4340 duodecim
1757 4283 1968 4350 tribus,
2002 4299 2130 4354 quis

488 4371 666 4428 unius
692 4375 860 4427 antea
897 4370 1144 4442 imperio
1175 4373 1550 4444 rogebantur,
1583 4373 1640 4428 in
1685 4373 1836 4427 duos
1883 4373 2129 4427 ducatus

2237 3260 2452 3318 Hebraei
2489 3261 2572 3312 fas
2605 3274 2720 3312 non
2753 3273 2902 3322 esse,
2939 3265 2990 3311 ut
3033 3259 3191 3328 regio
3241 3259 3340 3314 illa
3371 3259 3663 3314 idololatria
3683 3254 3827 3310 cccle-

2236 3357 2342 3412 ret.
2365 3349 2536 3418 cujus
2565 3345 2766 3400 incolte
2799 3345 3032 3416 pristini
3086 3347 3400 3402 Mosaicam
3459 3348 3634 3418 legem
3673 3345 3835 3400 obser-

2233 3440 2513 3496 vaverint.
2551 3435 2673 3490 Illis
2707 3435 2901 3506 itaque
2959 3453 3058 3490 rex
3113 3435 3406 3506 integrum
3468 3439 3618 3498 iecit,
3659 3440 3714 3489 ut
3750 3431 3838 3488 ali-

2235 3547 2408 3603 quem
2443 3530 2501 3582 in
2532 3527 2852 3581 Samariam
2891 3525 3202 3590 mitterent,
3235 3527 3332 3596 qui
3381 3528 3554 3582 Musis
3583 3525 3654 3580 ibi
3683 3523 3840 3592 legem

2237 3619 2620 3692 profiteretur.
2660 3614 2801 3670 Illuc
2845 3632 2980 3682 ergo
3037 3614 3278 3686 quidam
3324 3616 3616 3684 sacerdos,
3661 3612 3844 3668 Esdras

2237 3709 2491 3770 nomine,
2525 3723 2724 3762 secum
2769 3705 2909 3772 legis
2966 3705 3264 3776 exemplar
3318 3705 3670 3777 exscriplum
3722 3701 3850 3757 defc-

2236 3815 2394 3866 rens,
2426 3795 2656 3852 circiter
2685 3811 2902 3852 annum
2935 3811 2969 3849 a
2993 3795 3324 3866 captivitate
3379 3795 3749 3860 tricesimum,
3799 3804 3850 3845 se

2236 3889 2505 3948 contulit.

2841 3975 2990 4032 CAP.
3033 3975 3278 4032 XXXIV.

2687 4084 3162 4142 Samaritanm'um
3195 4085 3438 4142 haeresis.

2310 4195 2486 4250 Porro
2515 4191 2883 4259 Samaritani,
2943 4193 2988 4248 si
3047 4191 3182 4264 quis
3241 4191 3680 4262 interpretetur,
3729 4189 3859 4244 idem

2242 4286 2398 4358 quod
2428 4285 2703 4341 custodes
2723 4284 3074 4356 signiﬁcant.
3111 4283 3297 4354 Hique
3337 4285 3484 4338 adeo
3507 4283 3684 4355 primi
3705 4277 3860 4338 exorti

2239 4379 2399 4438 sunt.
2425 4373 2760 4447 quiJudaais
2787 4373 3166 4430 consentanei
3201 4381 3390 4428 essent
3434 4373 3491 4427 in
3531 4373 3632 4440 iis,
3663 4389 3784 4444 quis
3810 4367 3865 4422 de

483 4462 682 4520 divisas
711 4467 868 4517 sunt.
894 4465 1030 4516 Cum
1057 4461 1212 4517 enim
1261 4462 1588 4518 Salomonis
1617 4461 1772 4516 {ilius
1793 4461 2127 4518 Rolioamus
2147 4532 2177 4536 _
2237 4465 2354 4523 Deo
2385 4467 2537 4536 apud
2569 4463 2702 4520 illos
2731 4461 3242 4519 circumferuntur.
3269 4462 3468 4518 Solum
3499 4467 3700 4517 autem
3744 4460 3864 4514 Pen-

481 4562 710 4612 mortuo
740 4556 886 4628 patri
907 4553 966 4608 in
999 4553 1312 4624 imperium
1335 4550 1714 4608 successisset
1736 4551 1998 4622 dirique
2023 4567 2116 4606 se-
2145 4532 2192 4597 Ῑ)
2229 4532 2573 4612 tateucbum
2607 4553 2944 4608 admittunt.
2975 4556 3332 4608 Mortuorum
3393 4551 3864 4607 resurrectionem

483 4645 747 4702 uioribus
769 4649 825 4700 et
849 4659 1080 4699 morosa
1108 4657 1390 4712 responsa
1438 4641 1624 4708 daret,
1653 4639 1753 4711 qui
1789 4639 1989 4712 populi
2021 4656 2129 4696 no-

486 4737 676 4794 mines
707 4733 1000 4806 supplices
1027 4733 1100 4788 ad
1133 4729 1298 4786 illum
1333 4731 1736 4801 confugerant,
1766 4729 1962 4784 divisas
1993 4733 2132 4784 sunt

488 4825 694 4880 tribus.
727 4825 913 4895 Atque
935 4823 1045 4878 sub
1067 4821 1194 4892 ejus
1223 4820 1465 4890 imperio
1509 4819 1716 4874 ultima
1764 4818 1992 4890 quidem
2030 4818 2132 4873 tri-

487 4912 598 4968 bus
615 4914 1019 4983 perseveravit.
1055 4911 1336 4968 Undecim
1379 4925 1515 4965 vero
1547 4908 1782 4980 reliquas
1803 4911 2126 4978 apostatam

485 5001 922 5072 Jernboamum,
955 5001 1054 5074 qui
1087 5017 1116 5056 e
1147 4997 1774 5057 SamariainJudasam
1813 4996 2126 5066 invaserat,

487 5095 700 5144 secutae
733 5093 1081 5159 sunt.Atque
1107 5089 1190 5144 illi
1224 5087 1458 5160 quidem
1487 5089 1586 5158 qui
1631 5085 1958 5142 Salomonis
2008 5085 2128 5142 ﬁlio

488 5191 710 5232 morem
736 5193 933 5246 gerere
963 5181 1362 5248 perrexerunt,
1409 5175 1608 5232 Judas:
1661 5175 1759 5246 qui
1818 5190 1944 5229 vero
1974 5173 2130 5230 Jero-

485 5265 762 5321 boamum
821 5263 1028 5320 Nabati
1083 5267 1269 5321 tilium
1323 5281 1515 5338 regem
1578 5265 1686 5318 sibi
1761 5266 2128 5329 creaverunt,

486 5353 719 5411 Israelis
765 5353 1002 5410 nomine
1047 5355 1186 5410 dicti
1243 5359 1400 5411 sunt.
1459 5357 1734 5410 Caeterum
1798 5353 2130 5410 Roboamus

485 5441 901 5517 septemdecim
922 5443 1094 5500 annis
1116 5443 1318 5500 Israeli
1341 5443 1592 5516 praefuit,
1625 5443 1904 5499 nimirum
1947 5457 2131 5513 usque

483 5535 558 5592 ad
585 5532 883 5591 Jechoniae
910 5536 1190 5606 tempore,
1223 5531 1326 5604 qui
1378 5539 1432 5589 et
1487 5531 1755 5589 Bedecias
1801 5530 2130 5604 appellatus

481 5623 990 5698 oet.Temporibus
1017 5629 1212 5680 autem
1259 5619 1382 5700 illis
1421 5621 1526 5694 qui
1575 5634 1768 5692 regem
1808 5625 2126 5696 utrumque

2241 4646 2593 4718 improbant.
2621 4643 2898 4714 Spiritum
2931 4647 3199 4698 sanctum
3245 4639 3474 4696 nullum
3535 4640 3864 4696 admittunt.

2239 4737 2308 4792 Et
2337 4733 2605 4806 quamvis
2639 4732 2956 4788 IdOIOlalf‘tB
2987 4747 3046 4786 re
3077 4747 3207 4786 vera
3237 4731 3375 4798 sint,
3407 4745 3648 4786 summa
3683 4737 3860 4786 tamen

2239 4825 2377 4894 illis,
2411 4841 2482 4880 ne
2509 4823 2654 4880 tales
2681 4823 3008 4886 videantur,
3053 4821 3244 4876 cautio
3300 4825 3410 4876 est.
3466 4817 3866 4889 Hierosolymis

2241 4915 2396 4971 enim
2429 4929 2542 4967 una
2576 4927 2706 4966 cum
2750 4909 2978 4966 cceteris
3001 4909 3258 4965 Hebrmis
3290 4909 3534 4964 adorare
3563 4905 3867 4980 dedignati,

2241 5004 2300 5058 in
2333 5007 2530 5058 monte
2559 5001 2783 5057 Garizin
2812 5005 2868 5054 et
2899 5015 3063 5054 sacra
3093 4998 3336 5064 faciunt,
3363 5003 3422 5053 et
3467 5005 3656 5054 orant.
3696 4999 3770 5053 Eo
3821 4995 3869 5048 in

2241 5093 2367 5148 loco
2399 5097 2653 5162 quatuor
2683 5089 3010 5154 nationum,
3040 5105 3170 5159 qum
3199 5087 3286 5158 (ut
3334 5087 3460 5155 jam
3521 5083 3870 5150 monuimus)

2239 5182 2342 5238 illo
2372 5182 2660 5236 coloniam
2695 5195 2760 5235 ex
2819 5179 3060 5250 Assyria
3121 5177 3496 5242 deduxerant,
3553 5176 3710 5232 idola
3758 5171 3874 5230 deli-

2239 5277 2456 5330 tescere
2487 5271 2700 5327 ferunt.

2856 5357 3004 5412 CAP.
3039 5354 3258 5412 XXXV.

2239 5455 2304 5511 In
2331 5455 2527 5527 quibus
2556 5453 2794 5524 quatuor
2821 5447 3304 5574 Samaritanorum
3343 5449 3508 5503 secta
3537 5443 3870 5506 conveniant,

2829 5537 2892 5574 ιη
2929 5535 3022 5574 σαι
3061 5534 3122 5574 us
3149 5533 3282 5574 non.

2829 5537 2892 5575 ιη
2929 5533 3122 5593 guwus
3149 5533 3282 5574 non.

2311 5615 2390 5673 Ex
2419 5613 2514 5671 his
2543 5615 2738 5672 autem
2769 5609 2994 5676 Essent,
3024 5605 3270 5680 Sabaei,
3306 5603 3639 5678 Sorotheni,
3669 5608 3726 5663 et
3767 5607 3870 5660 Do-
