  <div class='ocr_page' id='page_1' title='image "/cluster/home/n/w/nwhite01/storage/ocr_20150623/139/mdp.39015078384214/572.png"; bbox 0 0 4090 6298; ppageno 0'>
   <div class='ocr_carea' id='block_1_1' title="bbox 230 402 378 466">
    <p class='ocr_par' dir='ltr' id='par_1_1' title="bbox 230 402 378 466">
     <span class='ocr_line' id='line_1_1' title="bbox 230 402 378 466; baseline 0 0"><span class='ocrx_word' id='word_1_1' title='bbox 230 402 378 466; x_wconf 75' lang='grc'><strong>1121</strong></span> 
     </span>
    </p>
   </div>
   <div class='ocr_carea' id='block_1_2' title="bbox 1575 389 2265 452">
    <p class='ocr_par' dir='ltr' id='par_1_2' title="bbox 1575 389 2265 452">
     <span class='ocr_line' id='line_1_2' title="bbox 1575 389 2265 452; baseline 0 -1"><span class='ocrx_word' id='word_1_2' title='bbox 1575 389 1976 452; x_wconf 74' lang='lat' dir='ltr'><strong>THESAURI</strong></span> <span class='ocrx_word' id='word_1_3' title='bbox 2021 389 2170 451; x_wconf 90' lang='lat' dir='ltr'><strong>LIB.</strong></span> <span class='ocrx_word' id='word_1_4' title='bbox 2218 390 2265 451; x_wconf 87' lang='grc'><strong>1.</strong></span> 
     </span>
    </p>
   </div>
   <div class='ocr_carea' id='block_1_3' title="bbox 3471 388 3631 451">
    <p class='ocr_par' dir='ltr' id='par_1_3' title="bbox 3471 388 3631 451">
     <span class='ocr_line' id='line_1_3' title="bbox 3471 388 3631 451; baseline 0.006 -1"><span class='ocrx_word' id='word_1_5' title='bbox 3471 388 3631 451; x_wconf 77' lang='grc'><strong>1122</strong></span> 
     </span>
    </p>
   </div>
   <div class='ocr_carea' id='block_1_4' title="bbox 229 527 3632 609">
    <p class='ocr_par' dir='ltr' id='par_1_4' title="bbox 229 527 3632 609">
     <span class='ocr_line' id='line_1_4' title="bbox 229 527 3632 609; baseline -0.004 -9"><span class='ocrx_word' id='word_1_6' title='bbox 229 540 394 602; x_wconf 89' lang='lat' dir='ltr'><strong>sithei</strong></span> <span class='ocrx_word' id='word_1_7' title='bbox 424 539 483 595; x_wconf 88' lang='lat' dir='ltr'><strong>in</strong></span> <span class='ocrx_word' id='word_1_8' title='bbox 516 535 868 609; x_wconf 84' lang='lat' dir='ltr'><strong>quibusdam</strong></span> <span class='ocrx_word' id='word_1_9' title='bbox 900 531 1194 605; x_wconf 81' lang='lat' dir='ltr'><strong>dogmatis</strong></span> <span class='ocrx_word' id='word_1_10' title='bbox 1221 528 1617 597; x_wconf 78' lang='lat' dir='ltr'><strong>consentanei,</strong></span> <span class='ocrx_word' id='word_1_11' title='bbox 1641 529 1698 584; x_wconf 87' lang='lat' dir='ltr'><strong>in</strong></span> <span class='ocrx_word' id='word_1_12' title='bbox 1732 527 1866 599; x_wconf 88' lang='lat' dir='ltr'><strong>qui-</strong></span> <span class='ocrx_word' id='word_1_13' title='bbox 1896 535 1950 602; x_wconf 74' lang='grc' dir='ltr'><strong>Α</strong></span> <span class='ocrx_word' id='word_1_14' title='bbox 1984 533 2246 584; x_wconf 87' lang='lat' dir='ltr'><strong>mentum</strong></span> <span class='ocrx_word' id='word_1_15' title='bbox 2279 529 2406 602; x_wconf 92' lang='lat' dir='ltr'><strong>ipso</strong></span> <span class='ocrx_word' id='word_1_16' title='bbox 2440 528 2695 600; x_wconf 81' lang='lat' dir='ltr'><strong>periurio</strong></span> <span class='ocrx_word' id='word_1_17' title='bbox 2731 527 2987 584; x_wconf 87' lang='lat' dir='ltr'><strong>deterius</strong></span> <span class='ocrx_word' id='word_1_18' title='bbox 3031 528 3464 585; x_wconf 77' lang='lat' dir='ltr'><strong>existimabant.</strong></span> <span class='ocrx_word' id='word_1_19' title='bbox 3499 533 3632 587; x_wconf 86' lang='lat' dir='ltr'><strong>Om-</strong></span> 
     </span>
    </p>
   </div>
   <div class='ocr_carea' id='block_1_5' title="bbox 231 618 1870 692">
    <p class='ocr_par' dir='ltr' id='par_1_5' title="bbox 231 618 1870 692">
     <span class='ocr_line' id='line_1_5' title="bbox 231 618 1870 692; baseline -0.012 -2"><span class='ocrx_word' id='word_1_20' title='bbox 231 633 474 690; x_wconf 84' lang='lat' dir='ltr'><strong>busdam</strong></span> <span class='ocrx_word' id='word_1_21' title='bbox 523 634 725 684; x_wconf 90' lang='lat' dir='ltr'><strong>contra</strong></span> <span class='ocrx_word' id='word_1_22' title='bbox 780 623 1137 680; x_wconf 87' lang='lat' dir='ltr'><strong>dissentanei</strong></span> <span class='ocrx_word' id='word_1_23' title='bbox 1199 625 1608 692; x_wconf 81' lang='lat' dir='ltr'><strong>provenerunt.</strong></span> <span class='ocrx_word' id='word_1_24' title='bbox 1675 618 1870 673; x_wconf 83' lang='lat' dir='ltr'><strong>Esseni</strong></span> 
     </span>
    </p>
   </div>
   <div class='ocr_carea' id='block_1_6' title="bbox 232 707 1878 790">
    <p class='ocr_par' dir='ltr' id='par_1_6' title="bbox 232 707 1878 790">
     <span class='ocr_line' id='line_1_6' title="bbox 232 707 1878 790; baseline -0.011 -11"><span class='ocrx_word' id='word_1_25' title='bbox 232 725 383 779; x_wconf 89' lang='lat' dir='ltr'><strong>enim</strong></span> <span class='ocrx_word' id='word_1_26' title='bbox 417 723 673 790; x_wconf 81' lang='lat' dir='ltr'><strong>Augusto</strong></span> <span class='ocrx_word' id='word_1_27' title='bbox 707 731 903 770; x_wconf 68' lang='lat' dir='ltr'><strong>mense</strong></span> <span class='ocrx_word' id='word_1_28' title='bbox 933 716 1147 782; x_wconf 79' lang='lat' dir='ltr'><strong>Azyma</strong></span> <span class='ocrx_word' id='word_1_29' title='bbox 1195 711 1276 781; x_wconf 85' lang='lat' dir='ltr'><strong>(in</strong></span> <span class='ocrx_word' id='word_1_30' title='bbox 1310 726 1424 780; x_wconf 90' lang='lat' dir='ltr'><strong>quo</strong></span> <span class='ocrx_word' id='word_1_31' title='bbox 1457 724 1589 764; x_wconf 91' lang='lat' dir='ltr'><strong>cum</strong></span> <span class='ocrx_word' id='word_1_32' title='bbox 1617 707 1878 762; x_wconf 72' lang='lat' dir='ltr'><strong>Sabuaais</strong></span> 
     </span>
    </p>
   </div>
   <div class='ocr_carea' id='block_1_7' title="bbox 234 798 1878 879">
    <p class='ocr_par' dir='ltr' id='par_1_7' title="bbox 234 798 1878 879">
     <span class='ocr_line' id='line_1_7' title="bbox 234 798 1878 879; baseline -0.01 -11"><span class='ocrx_word' id='word_1_33' title='bbox 234 808 1025 879; x_wconf 81' lang='lat' dir='ltr'><strong>conveniunt).8cen0pegian</strong></span> <span class='ocrx_word' id='word_1_34' title='bbox 1056 820 1207 861; x_wconf 86' lang='lat' dir='ltr'><strong>vero.</strong></span> <span class='ocrx_word' id='word_1_35' title='bbox 1241 819 1371 856; x_wconf 87' lang='lat' dir='ltr'><strong>cum</strong></span> <span class='ocrx_word' id='word_1_36' title='bbox 1414 809 1629 872; x_wconf 79' lang='lat' dir='ltr'><strong>Azyma</strong></span> <span class='ocrx_word' id='word_1_37' title='bbox 1670 798 1878 867; x_wconf 70' lang='lat' dir='ltr'><strong>Judaei,</strong></span> 
     </span>
    </p>
   </div>
   <div class='ocr_carea' id='block_1_8' title="bbox 235 890 1880 964">
    <p class='ocr_par' dir='ltr' id='par_1_8' title="bbox 235 890 1880 964">
     <span class='ocr_line' id='line_1_8' title="bbox 235 890 1880 964; baseline -0.01 -5"><span class='ocrx_word' id='word_1_38' title='bbox 235 904 605 959; x_wconf 77' lang='lat' dir='ltr'><strong>Pentecosten</strong></span> <span class='ocrx_word' id='word_1_39' title='bbox 641 897 887 964; x_wconf 75' lang='lat' dir='ltr'><strong>denique</strong></span> <span class='ocrx_word' id='word_1_40' title='bbox 917 895 975 948; x_wconf 90' lang='lat' dir='ltr'><strong>in</strong></span> <span class='ocrx_word' id='word_1_41' title='bbox 1011 897 1295 946; x_wconf 86' lang='lat' dir='ltr'><strong>autumno</strong></span> <span class='ocrx_word' id='word_1_42' title='bbox 1325 890 1637 946; x_wconf 75' lang='lat' dir='ltr'><strong>celebrant.</strong></span> <span class='ocrx_word' id='word_1_43' title='bbox 1669 892 1742 943; x_wconf 90' lang='lat' dir='ltr'><strong>At</strong></span> <span class='ocrx_word' id='word_1_44' title='bbox 1782 894 1880 943; x_wconf 82' lang='lat' dir='ltr'><strong>Se-</strong></span> 
     </span>
    </p>
   </div>
   <div class='ocr_carea' id='block_1_9' title="bbox 237 978 1883 1054">
    <p class='ocr_par' dir='ltr' id='par_1_9' title="bbox 237 978 1883 1054">
     <span class='ocr_line' id='line_1_9' title="bbox 237 978 1883 1054; baseline -0.009 -7"><span class='ocrx_word' id='word_1_45' title='bbox 237 991 375 1047; x_wconf 80' lang='lat' dir='ltr'><strong>busei</strong></span> <span class='ocrx_word' id='word_1_46' title='bbox 410 989 610 1044; x_wconf 89' lang='lat' dir='ltr'><strong>eodem</strong></span> <span class='ocrx_word' id='word_1_47' title='bbox 643 988 753 1038; x_wconf 90' lang='lat' dir='ltr'><strong>ritu</strong></span> <span class='ocrx_word' id='word_1_48' title='bbox 789 1001 899 1054; x_wconf 66' lang='grc' dir='ltr'><strong>φο</strong></span> <span class='ocrx_word' id='word_1_49' title='bbox 934 984 1134 1037; x_wconf 81' lang='lat' dir='ltr'><strong>Esseni</strong></span> <span class='ocrx_word' id='word_1_50' title='bbox 1179 988 1235 1035; x_wconf 90' lang='lat' dir='ltr'><strong>et</strong></span> <span class='ocrx_word' id='word_1_51' title='bbox 1290 979 1593 1035; x_wconf 79' lang='lat' dir='ltr'><strong>Sorotbeni</strong></span> <span class='ocrx_word' id='word_1_52' title='bbox 1652 979 1776 1033; x_wconf 88' lang='lat' dir='ltr'><strong>dies</strong></span> <span class='ocrx_word' id='word_1_53' title='bbox 1811 978 1883 1032; x_wconf 86' lang='lat' dir='ltr'><strong>fe-</strong></span> 
     </span>
    </p>
   </div>
   <div class='ocr_carea' id='block_1_10' title="bbox 235 1068 1882 1144">
    <p class='ocr_par' dir='ltr' id='par_1_10' title="bbox 235 1068 1882 1144">
     <span class='ocr_line' id='line_1_10' title="bbox 235 1068 1882 1144; baseline -0.009 -7"><span class='ocrx_word' id='word_1_54' title='bbox 235 1089 354 1138; x_wconf 88' lang='lat' dir='ltr'><strong>stos</strong></span> <span class='ocrx_word' id='word_1_55' title='bbox 383 1079 605 1144; x_wconf 88' lang='lat' dir='ltr'><strong>colunt,</strong></span> <span class='ocrx_word' id='word_1_56' title='bbox 639 1094 668 1129; x_wconf 87' lang='lat' dir='ltr'><strong>a</strong></span> <span class='ocrx_word' id='word_1_57' title='bbox 705 1075 992 1128; x_wconf 61' lang='lat' dir='ltr'><strong>DOrlthelS</strong></span> <span class='ocrx_word' id='word_1_58' title='bbox 1039 1083 1233 1126; x_wconf 87' lang='lat' dir='ltr'><strong>autem</strong></span> <span class='ocrx_word' id='word_1_59' title='bbox 1289 1069 1666 1125; x_wconf 76' lang='lat' dir='ltr'><strong>dissentiunt.</strong></span> <span class='ocrx_word' id='word_1_60' title='bbox 1709 1068 1882 1123; x_wconf 86' lang='lat' dir='ltr'><strong>Soro-</strong></span> 
     </span>
    </p>
   </div>
   <div class='ocr_carea' id='block_1_11' title="bbox 235 1159 1886 1225">
    <p class='ocr_par' dir='ltr' id='par_1_11' title="bbox 235 1159 1886 1225">
     <span class='ocr_line' id='line_1_11' title="bbox 235 1159 1886 1225; baseline -0.009 0"><span class='ocrx_word' id='word_1_61' title='bbox 235 1170 392 1225; x_wconf 88' lang='lat' dir='ltr'><strong>theni</strong></span> <span class='ocrx_word' id='word_1_62' title='bbox 427 1173 491 1223; x_wconf 92' lang='lat' dir='ltr'><strong>ut</strong></span> <span class='ocrx_word' id='word_1_63' title='bbox 520 1168 576 1221; x_wconf 90' lang='lat' dir='ltr'><strong>in</strong></span> <span class='ocrx_word' id='word_1_64' title='bbox 612 1165 832 1220; x_wconf 72' lang='lat' dir='ltr'><strong>caeteris</strong></span> <span class='ocrx_word' id='word_1_65' title='bbox 857 1181 989 1219; x_wconf 90' lang='lat' dir='ltr'><strong>cum</strong></span> <span class='ocrx_word' id='word_1_66' title='bbox 1017 1162 1250 1216; x_wconf 78' lang='lat' dir='ltr'><strong>Essenis</strong></span> <span class='ocrx_word' id='word_1_67' title='bbox 1298 1166 1354 1214; x_wconf 92' lang='lat' dir='ltr'><strong>et</strong></span> <span class='ocrx_word' id='word_1_68' title='bbox 1404 1159 1662 1214; x_wconf 66' lang='lat' dir='ltr'><strong>Sebuaeis</strong></span> <span class='ocrx_word' id='word_1_69' title='bbox 1686 1171 1886 1212; x_wconf 84' lang='lat' dir='ltr'><strong>conve-</strong></span> 
     </span>
    </p>
   </div>
   <div class='ocr_carea' id='block_1_12' title="bbox 237 1245 1888 1326">
    <p class='ocr_par' dir='ltr' id='par_1_12' title="bbox 237 1245 1888 1326">
     <span class='ocr_line' id='line_1_12' title="bbox 237 1245 1888 1326; baseline -0.01 -12"><span class='ocrx_word' id='word_1_70' title='bbox 237 1263 421 1326; x_wconf 89' lang='lat' dir='ltr'><strong>niant,</strong></span> <span class='ocrx_word' id='word_1_71' title='bbox 456 1260 723 1312; x_wconf 53' lang='lat' dir='ltr'><strong>eumdem</strong></span> <span class='ocrx_word' id='word_1_72' title='bbox 756 1259 908 1308; x_wconf 83' lang='lat' dir='ltr'><strong>certe</strong></span> <span class='ocrx_word' id='word_1_73' title='bbox 968 1253 1146 1305; x_wconf 92' lang='lat' dir='ltr'><strong>ritum</strong></span> <span class='ocrx_word' id='word_1_74' title='bbox 1210 1251 1266 1302; x_wconf 91' lang='lat' dir='ltr'><strong>in</strong></span> <span class='ocrx_word' id='word_1_75' title='bbox 1326 1248 1491 1303; x_wconf 88' lang='lat' dir='ltr'><strong>festis</strong></span> <span class='ocrx_word' id='word_1_76' title='bbox 1523 1245 1888 1301; x_wconf 83' lang='lat' dir='ltr'><strong>celebrandis</strong></span> 
     </span>
    </p>
   </div>
   <div class='ocr_carea' id='block_1_13' title="bbox 237 1335 1890 1420">
    <p class='ocr_par' dir='ltr' id='par_1_13' title="bbox 237 1335 1890 1420">
     <span class='ocr_line' id='line_1_13' title="bbox 237 1335 1890 1420; baseline -0.01 -16"><span class='ocrx_word' id='word_1_77' title='bbox 237 1364 407 1420; x_wconf 87' lang='lat' dir='ltr'><strong>quem</strong></span> <span class='ocrx_word' id='word_1_78' title='bbox 457 1346 715 1402; x_wconf 79' lang='lat' dir='ltr'><strong>Dosithei</strong></span> <span class='ocrx_word' id='word_1_79' title='bbox 771 1345 1105 1397; x_wconf 81' lang='lat' dir='ltr'><strong>observant.</strong></span> <span class='ocrx_word' id='word_1_80' title='bbox 1167 1338 1470 1394; x_wconf 65' lang='lat' dir='ltr'><strong>Festorum</strong></span> <span class='ocrx_word' id='word_1_81' title='bbox 1530 1337 1686 1391; x_wconf 87' lang='lat' dir='ltr'><strong>enim</strong></span> <span class='ocrx_word' id='word_1_82' title='bbox 1747 1335 1890 1390; x_wconf 88' lang='lat' dir='ltr'><strong>cele-</strong></span> 
     </span>
    </p>
   </div>
   <div class='ocr_carea' id='block_1_14' title="bbox 238 1425 1890 1499">
    <p class='ocr_par' dir='ltr' id='par_1_14' title="bbox 238 1425 1890 1499">
     <span class='ocr_line' id='line_1_14' title="bbox 238 1425 1890 1499; baseline -0.01 -4"><span class='ocrx_word' id='word_1_83' title='bbox 238 1439 592 1495; x_wconf 89' lang='lat' dir='ltr'><strong>brandorum</strong></span> <span class='ocrx_word' id='word_1_84' title='bbox 624 1434 737 1488; x_wconf 87' lang='lat' dir='ltr'><strong>illis</strong></span> <span class='ocrx_word' id='word_1_85' title='bbox 770 1431 1226 1499; x_wconf 81' lang='lat' dir='ltr'><strong>Sorotlienisque</strong></span> <span class='ocrx_word' id='word_1_86' title='bbox 1256 1433 1312 1482; x_wconf 90' lang='lat' dir='ltr'><strong>et</strong></span> <span class='ocrx_word' id='word_1_87' title='bbox 1344 1426 1638 1481; x_wconf 84' lang='lat' dir='ltr'><strong>Dositheis</strong></span> <span class='ocrx_word' id='word_1_88' title='bbox 1688 1425 1890 1480; x_wconf 88' lang='lat' dir='ltr'><strong>eadem</strong></span> 
     </span>
    </p>
   </div>
   <div class='ocr_carea' id='block_1_15' title="bbox 238 1515 1895 1602">
    <p class='ocr_par' dir='ltr' id='par_1_15' title="bbox 238 1515 1895 1602">
     <span class='ocr_line' id='line_1_15' title="bbox 238 1515 1895 1602; baseline -0.01 -18"><span class='ocrx_word' id='word_1_89' title='bbox 238 1546 362 1602; x_wconf 69' lang='lat' dir='ltr'><strong>qua:</strong></span> <span class='ocrx_word' id='word_1_90' title='bbox 393 1522 862 1582; x_wconf 70' lang='lat' dir='ltr'><strong>caeterisJudmis</strong></span> <span class='ocrx_word' id='word_1_91' title='bbox 911 1520 1058 1574; x_wconf 81' lang='lat' dir='ltr'><strong>ratio</strong></span> <span class='ocrx_word' id='word_1_92' title='bbox 1116 1525 1223 1573; x_wconf 91' lang='lat' dir='ltr'><strong>est.</strong></span> <span class='ocrx_word' id='word_1_93' title='bbox 1284 1515 1544 1572; x_wconf 89' lang='lat' dir='ltr'><strong>Dosithei</strong></span> <span class='ocrx_word' id='word_1_94' title='bbox 1597 1520 1770 1583; x_wconf 91' lang='lat' dir='ltr'><strong>certe,</strong></span> <span class='ocrx_word' id='word_1_95' title='bbox 1829 1518 1895 1568; x_wconf 90' lang='lat' dir='ltr'><strong>ut</strong></span> 
     </span>
    </p>
   </div>
   <div class='ocr_carea' id='block_1_16' title="bbox 239 1606 1893 1678">
    <p class='ocr_par' dir='ltr' id='par_1_16' title="bbox 239 1606 1893 1678">
     <span class='ocr_line' id='line_1_16' title="bbox 239 1606 1893 1678; baseline -0.01 -2"><span class='ocrx_word' id='word_1_96' title='bbox 239 1616 726 1676; x_wconf 79' lang='lat' dir='ltr'><strong>resurrectionem</strong></span> <span class='ocrx_word' id='word_1_97' title='bbox 753 1615 1064 1678; x_wconf 73' lang='lat' dir='ltr'><strong>fateantur,</strong></span> <span class='ocrx_word' id='word_1_98' title='bbox 1087 1610 1223 1664; x_wconf 90' lang='lat' dir='ltr'><strong>etin</strong></span> <span class='ocrx_word' id='word_1_99' title='bbox 1251 1609 1530 1663; x_wconf 90' lang='lat' dir='ltr'><strong>festorum</strong></span> <span class='ocrx_word' id='word_1_100' title='bbox 1555 1606 1893 1661; x_wconf 87' lang='lat' dir='ltr'><strong>celebritate</strong></span> 
     </span>
    </p>
   </div>
   <div class='ocr_carea' id='block_1_17' title="bbox 239 1693 1890 1776">
    <p class='ocr_par' dir='ltr' id='par_1_17' title="bbox 239 1693 1890 1776">
     <span class='ocr_line' id='line_1_17' title="bbox 239 1693 1890 1776; baseline -0.011 -11"><span class='ocrx_word' id='word_1_101' title='bbox 239 1707 580 1766; x_wconf 89' lang='lat' dir='ltr'><strong>Sorothenis</strong></span> <span class='ocrx_word' id='word_1_102' title='bbox 607 1699 979 1776; x_wconf 77' lang='lat' dir='ltr'><strong>cpnsentanei</strong></span> <span class='ocrx_word' id='word_1_103' title='bbox 1034 1699 1171 1764; x_wconf 82' lang='lat' dir='ltr'><strong>sint,</strong></span> <span class='ocrx_word' id='word_1_104' title='bbox 1207 1695 1474 1768; x_wconf 82' lang='lat' dir='ltr'><strong>privatim</strong></span> <span class='ocrx_word' id='word_1_105' title='bbox 1528 1699 1684 1750; x_wconf 86' lang='lat' dir='ltr'><strong>certe</strong></span> <span class='ocrx_word' id='word_1_106' title='bbox 1735 1693 1890 1765; x_wconf 89' lang='lat' dir='ltr'><strong>apud</strong></span> 
     </span>
    </p>
   </div>
   <div class='ocr_carea' id='block_1_18' title="bbox 238 1784 1896 1867">
    <p class='ocr_par' dir='ltr' id='par_1_18' title="bbox 238 1784 1896 1867">
     <span class='ocr_line' id='line_1_18' title="bbox 238 1784 1896 1867; baseline -0.01 -15"><span class='ocrx_word' id='word_1_107' title='bbox 238 1797 370 1853; x_wconf 92' lang='lat' dir='ltr'><strong>illos</strong></span> <span class='ocrx_word' id='word_1_108' title='bbox 396 1795 658 1867; x_wconf 76' lang='lat' dir='ltr'><strong>plerique</strong></span> <span class='ocrx_word' id='word_1_109' title='bbox 692 1794 762 1845; x_wconf 92' lang='lat' dir='ltr'><strong>ab</strong></span> <span class='ocrx_word' id='word_1_110' title='bbox 795 1789 1190 1844; x_wconf 88' lang='lat' dir='ltr'><strong>animatorum</strong></span> <span class='ocrx_word' id='word_1_111' title='bbox 1227 1802 1355 1849; x_wconf 89' lang='lat' dir='ltr'><strong>esu,</strong></span> <span class='ocrx_word' id='word_1_112' title='bbox 1388 1800 1489 1838; x_wconf 81' lang='lat' dir='ltr'><strong>nec</strong></span> <span class='ocrx_word' id='word_1_113' title='bbox 1532 1784 1834 1854; x_wconf 89' lang='lat' dir='ltr'><strong>pauciores</strong></span> <span class='ocrx_word' id='word_1_114' title='bbox 1863 1799 1896 1836; x_wconf 91' lang='lat' dir='ltr'><strong>a</strong></span> 
     </span>
    </p>
   </div>
   <div class='ocr_carea' id='block_1_19' title="bbox 238 1872 2852 1958">
    <p class='ocr_par' dir='ltr' id='par_1_19' title="bbox 238 1872 2852 1958">
     <span class='ocr_line' id='line_1_19' title="bbox 238 1872 2852 1958; baseline -0.005 -16"><span class='ocrx_word' id='word_1_115' title='bbox 238 1884 464 1958; x_wconf 85' lang='lat' dir='ltr'><strong>nuptiis</strong></span> <span class='ocrx_word' id='word_1_116' title='bbox 499 1889 628 1956; x_wconf 90' lang='lat' dir='ltr'><strong>post</strong></span> <span class='ocrx_word' id='word_1_117' title='bbox 659 1881 871 1934; x_wconf 88' lang='lat' dir='ltr'><strong>liberos</strong></span> <span class='ocrx_word' id='word_1_118' title='bbox 895 1875 1076 1933; x_wconf 90' lang='lat' dir='ltr'><strong>semel</strong></span> <span class='ocrx_word' id='word_1_119' title='bbox 1099 1879 1402 1946; x_wconf 81' lang='lat' dir='ltr'><strong>susceptos</strong></span> <span class='ocrx_word' id='word_1_120' title='bbox 1436 1872 1753 1939; x_wconf 82' lang='lat' dir='ltr'><strong>abstinent,</strong></span> <span class='ocrx_word' id='word_1_121' title='bbox 1791 1887 1894 1926; x_wconf 91' lang='lat' dir='ltr'><strong>nec</strong></span> <span class='ocrx_word' id='word_1_122' title='bbox 1924 1875 1970 1940; x_wconf 88' lang='lat' dir='ltr'><strong>B</strong></span> <span class='ocrx_word' id='word_1_123' title='bbox 2005 1878 2250 1929; x_wconf 89' lang='lat' dir='ltr'><strong>tortores</strong></span> <span class='ocrx_word' id='word_1_124' title='bbox 2304 1874 2466 1945; x_wconf 92' lang='lat' dir='ltr'><strong>ipsos</strong></span> <span class='ocrx_word' id='word_1_125' title='bbox 2531 1873 2852 1928; x_wconf 89' lang='lat' dir='ltr'><strong>irridebant</strong></span> 
     </span>
    </p>
   </div>
   <div class='ocr_carea' id='block_1_20' title="bbox 241 1960 1890 2044">
    <p class='ocr_par' dir='ltr' id='par_1_20' title="bbox 241 1960 1890 2044">
     <span class='ocr_line' id='line_1_20' title="bbox 241 1960 1890 2044; baseline -0.011 -14"><span class='ocrx_word' id='word_1_126' title='bbox 241 1977 454 2030; x_wconf 87' lang='lat' dir='ltr'><strong>desunt</strong></span> <span class='ocrx_word' id='word_1_127' title='bbox 484 1971 583 2044; x_wconf 88' lang='lat' dir='ltr'><strong>qui</strong></span> <span class='ocrx_word' id='word_1_128' title='bbox 611 1968 999 2036; x_wconf 66' lang='lat' dir='ltr'><strong>virginitatem</strong></span> <span class='ocrx_word' id='word_1_129' title='bbox 1060 1964 1461 2036; x_wconf 85' lang='lat' dir='ltr'><strong>profiteantur.</strong></span> <span class='ocrx_word' id='word_1_130' title='bbox 1495 1960 1682 2031; x_wconf 82' lang='lat' dir='ltr'><strong>Hujus</strong></span> <span class='ocrx_word' id='word_1_131' title='bbox 1723 1965 1890 2014; x_wconf 68' lang='lat' dir='ltr'><strong>sectae</strong></span> 
     </span>
    </p>
   </div>
   <div class='ocr_carea' id='block_1_21' title="bbox 247 2049 1896 2125">
    <p class='ocr_par' dir='ltr' id='par_1_21' title="bbox 247 2049 1896 2125">
     <span class='ocr_line' id='line_1_21' title="bbox 247 2049 1896 2125; baseline -0.012 -4"><span class='ocrx_word' id='word_1_132' title='bbox 247 2062 565 2121; x_wconf 89' lang='lat' dir='ltr'><strong>Dositheus</strong></span> <span class='ocrx_word' id='word_1_133' title='bbox 588 2061 791 2115; x_wconf 83' lang='lat' dir='ltr'><strong>auctor</strong></span> <span class='ocrx_word' id='word_1_134' title='bbox 817 2056 992 2111; x_wconf 78' lang='lat' dir='ltr'><strong>fuisse</strong></span> <span class='ocrx_word' id='word_1_135' title='bbox 1016 2051 1486 2125; x_wconf 89' lang='lat' dir='ltr'><strong>perhibetur,qui</strong></span> <span class='ocrx_word' id='word_1_136' title='bbox 1513 2049 1790 2104; x_wconf 75' lang='lat' dir='ltr'><strong>Hebraeus</strong></span> <span class='ocrx_word' id='word_1_137' title='bbox 1804 2064 1896 2120; x_wconf 89' lang='lat' dir='ltr'><strong>ge-</strong></span> 
     </span>
    </p>
   </div>
   <div class='ocr_carea' id='block_1_22' title="bbox 245 2138 1897 2221">
    <p class='ocr_par' dir='ltr' id='par_1_22' title="bbox 245 2138 1897 2221">
     <span class='ocr_line' id='line_1_22' title="bbox 245 2138 1897 2221; baseline -0.012 -12"><span class='ocrx_word' id='word_1_138' title='bbox 245 2169 405 2217; x_wconf 85' lang='lat' dir='ltr'><strong>nere,</strong></span> <span class='ocrx_word' id='word_1_139' title='bbox 425 2148 829 2221; x_wconf 82' lang='lat' dir='ltr'><strong>singularique</strong></span> <span class='ocrx_word' id='word_1_140' title='bbox 857 2145 1136 2214; x_wconf 65' lang='lat' dir='ltr'><strong>praeditus</strong></span> <span class='ocrx_word' id='word_1_141' title='bbox 1159 2141 1483 2196; x_wconf 88' lang='lat' dir='ltr'><strong>eruditione</strong></span> <span class='ocrx_word' id='word_1_142' title='bbox 1500 2154 1634 2194; x_wconf 90' lang='lat' dir='ltr'><strong>cum</strong></span> <span class='ocrx_word' id='word_1_143' title='bbox 1681 2138 1897 2192; x_wconf 86' lang='lat' dir='ltr'><strong>frustra</strong></span> 
     </span>
    </p>
   </div>
   <div class='ocr_carea' id='block_1_23' title="bbox 246 2227 1895 2307">
    <p class='ocr_par' dir='ltr' id='par_1_23' title="bbox 246 2227 1895 2307">
     <span class='ocr_line' id='line_1_23' title="bbox 246 2227 1895 2307; baseline -0.012 -8"><span class='ocrx_word' id='word_1_144' title='bbox 246 2244 666 2307; x_wconf 82' lang='lat' dir='ltr'><strong>contendisset,</strong></span> <span class='ocrx_word' id='word_1_145' title='bbox 700 2247 760 2292; x_wconf 91' lang='lat' dir='ltr'><strong>ut</strong></span> <span class='ocrx_word' id='word_1_146' title='bbox 797 2237 854 2290; x_wconf 90' lang='lat' dir='ltr'><strong>in</strong></span> <span class='ocrx_word' id='word_1_147' title='bbox 888 2237 959 2289; x_wconf 90' lang='lat' dir='ltr'><strong>iis</strong></span> <span class='ocrx_word' id='word_1_148' title='bbox 991 2249 1135 2304; x_wconf 84' lang='lat' dir='ltr'><strong>quas</strong></span> <span class='ocrx_word' id='word_1_149' title='bbox 1170 2227 1518 2304; x_wconf 78' lang='grc' dir='ltr'><strong>δευτερώσεις</strong></span> <span class='ocrx_word' id='word_1_150' title='bbox 1553 2228 1632 2282; x_wconf 90' lang='lat' dir='ltr'><strong>illi</strong></span> <span class='ocrx_word' id='word_1_151' title='bbox 1665 2230 1895 2291; x_wconf 85' lang='lat' dir='ltr'><strong>vocant,</strong></span> 
     </span>
    </p>
   </div>
   <div class='ocr_carea' id='block_1_24' title="bbox 246 2317 1900 2404">
    <p class='ocr_par' dir='ltr' id='par_1_24' title="bbox 246 2317 1900 2404">
     <span class='ocr_line' id='line_1_24' title="bbox 246 2317 1900 2404; baseline -0.011 -18"><span class='ocrx_word' id='word_1_152' title='bbox 246 2335 464 2404; x_wconf 84' lang='lat' dir='ltr'><strong>primas</strong></span> <span class='ocrx_word' id='word_1_153' title='bbox 506 2332 984 2397; x_wconf 89' lang='lat' dir='ltr'><strong>consequeretur,</strong></span> <span class='ocrx_word' id='word_1_154' title='bbox 1045 2324 1112 2376; x_wconf 86' lang='lat' dir='ltr'><strong>ad</strong></span> <span class='ocrx_word' id='word_1_155' title='bbox 1174 2321 1574 2374; x_wconf 74' lang='lat' dir='ltr'><strong>Samaritanos</strong></span> <span class='ocrx_word' id='word_1_156' title='bbox 1630 2317 1900 2383; x_wconf 86' lang='lat' dir='ltr'><strong>descivit,</strong></span> 
     </span>
    </p>
   </div>
   <div class='ocr_carea' id='block_1_25' title="bbox 245 2405 1898 2492">
    <p class='ocr_par' dir='ltr' id='par_1_25' title="bbox 245 2405 1898 2492">
     <span class='ocr_line' id='line_1_25' title="bbox 245 2405 1898 2492; baseline -0.012 -15"><span class='ocrx_word' id='word_1_157' title='bbox 245 2427 421 2492; x_wconf 90' lang='lat' dir='ltr'><strong>atque</strong></span> <span class='ocrx_word' id='word_1_158' title='bbox 457 2418 633 2486; x_wconf 87' lang='lat' dir='ltr'><strong>hujus</strong></span> <span class='ocrx_word' id='word_1_159' title='bbox 668 2417 950 2469; x_wconf 76' lang='lat' dir='ltr'><strong>haereseos</strong></span> <span class='ocrx_word' id='word_1_160' title='bbox 981 2418 1178 2464; x_wconf 85' lang='lat' dir='ltr'><strong>auctor</strong></span> <span class='ocrx_word' id='word_1_161' title='bbox 1211 2409 1340 2462; x_wconf 87' lang='lat' dir='ltr'><strong>fuit.</strong></span> <span class='ocrx_word' id='word_1_162' title='bbox 1383 2405 1898 2460; x_wconf 88' lang='lat' dir='ltr'><strong>Verumeuimvero</strong></span> 
     </span>
    </p>
   </div>
   <div class='ocr_carea' id='block_1_26' title="bbox 251 2494 1901 2577">
    <p class='ocr_par' dir='ltr' id='par_1_26' title="bbox 251 2494 1901 2577">
     <span class='ocr_line' id='line_1_26' title="bbox 251 2494 1901 2577; baseline -0.012 -10"><span class='ocrx_word' id='word_1_163' title='bbox 251 2528 384 2568; x_wconf 89' lang='lat' dir='ltr'><strong>cum</strong></span> <span class='ocrx_word' id='word_1_164' title='bbox 419 2508 601 2564; x_wconf 93' lang='lat' dir='ltr'><strong>nimio</strong></span> <span class='ocrx_word' id='word_1_165' title='bbox 635 2501 1014 2577; x_wconf 77' lang='lat' dir='ltr'><strong>philosophiae</strong></span> <span class='ocrx_word' id='word_1_166' title='bbox 1071 2515 1268 2554; x_wconf 85' lang='lat' dir='ltr'><strong>amore</strong></span> <span class='ocrx_word' id='word_1_167' title='bbox 1326 2503 1640 2562; x_wconf 88' lang='lat' dir='ltr'><strong>teneretur,</strong></span> <span class='ocrx_word' id='word_1_168' title='bbox 1671 2494 1729 2549; x_wconf 88' lang='lat' dir='ltr'><strong>in</strong></span> <span class='ocrx_word' id='word_1_169' title='bbox 1791 2510 1901 2548; x_wconf 87' lang='lat' dir='ltr'><strong>an-</strong></span> 
     </span>
    </p>
   </div>
   <div class='ocr_carea' id='block_1_27' title="bbox 248 2584 1905 2669">
    <p class='ocr_par' dir='ltr' id='par_1_27' title="bbox 248 2584 1905 2669">
     <span class='ocr_line' id='line_1_27' title="bbox 248 2584 1905 2669; baseline -0.011 -13"><span class='ocrx_word' id='word_1_170' title='bbox 248 2607 407 2655; x_wconf 84' lang='lat' dir='ltr'><strong>trum</strong></span> <span class='ocrx_word' id='word_1_171' title='bbox 441 2597 731 2669; x_wconf 87' lang='lat' dir='ltr'><strong>quoddam</strong></span> <span class='ocrx_word' id='word_1_172' title='bbox 764 2593 1025 2656; x_wconf 83' lang='lat' dir='ltr'><strong>secessit,</strong></span> <span class='ocrx_word' id='word_1_173' title='bbox 1059 2589 1155 2644; x_wconf 92' lang='lat' dir='ltr'><strong>ubi</strong></span> <span class='ocrx_word' id='word_1_174' title='bbox 1208 2589 1348 2642; x_wconf 91' lang='lat' dir='ltr'><strong>dum</strong></span> <span class='ocrx_word' id='word_1_175' title='bbox 1392 2584 1635 2656; x_wconf 84' lang='lat' dir='ltr'><strong>jejuniis</strong></span> <span class='ocrx_word' id='word_1_176' title='bbox 1683 2591 1905 2639; x_wconf 88' lang='lat' dir='ltr'><strong>temere</strong></span> 
     </span>
    </p>
   </div>
   <div class='ocr_carea' id='block_1_28' title="bbox 260 2673 1904 2746">
    <p class='ocr_par' dir='ltr' id='par_1_28' title="bbox 260 2673 1904 2746">
     <span class='ocr_line' id='line_1_28' title="bbox 260 2673 1904 2746; baseline -0.011 -1"><span class='ocrx_word' id='word_1_177' title='bbox 260 2691 414 2746; x_wconf 90' lang='lat' dir='ltr'><strong>vires</strong></span> <span class='ocrx_word' id='word_1_178' title='bbox 447 2691 710 2743; x_wconf 78' lang='lat' dir='ltr'><strong>attenuat</strong></span> <span class='ocrx_word' id='word_1_179' title='bbox 732 2688 788 2737; x_wconf 90' lang='lat' dir='ltr'><strong>et</strong></span> <span class='ocrx_word' id='word_1_180' title='bbox 816 2682 1093 2746; x_wconf 79' lang='lat' dir='ltr'><strong>infirmat,</strong></span> <span class='ocrx_word' id='word_1_181' title='bbox 1125 2676 1360 2731; x_wconf 87' lang='lat' dir='ltr'><strong>tandem</strong></span> <span class='ocrx_word' id='word_1_182' title='bbox 1409 2673 1574 2745; x_wconf 86' lang='lat' dir='ltr'><strong>panis</strong></span> <span class='ocrx_word' id='word_1_183' title='bbox 1634 2678 1690 2728; x_wconf 91' lang='lat' dir='ltr'><strong>et</strong></span> <span class='ocrx_word' id='word_1_184' title='bbox 1742 2690 1904 2744; x_wconf 74' lang='lat' dir='ltr'><strong>aquae</strong></span> 
     </span>
    </p>
   </div>
   <div class='ocr_carea' id='block_1_29' title="bbox 261 2762 1909 2851">
    <p class='ocr_par' dir='ltr' id='par_1_29' title="bbox 261 2762 1909 2851">
     <span class='ocr_line' id='line_1_29' title="bbox 261 2762 1909 2851; baseline -0.012 -17"><span class='ocrx_word' id='word_1_185' title='bbox 261 2778 510 2851; x_wconf 84' lang='lat' dir='ltr'><strong>penuria</strong></span> <span class='ocrx_word' id='word_1_186' title='bbox 541 2775 809 2828; x_wconf 88' lang='lat' dir='ltr'><strong>moritur.</strong></span> <span class='ocrx_word' id='word_1_187' title='bbox 869 2768 1086 2824; x_wconf 87' lang='lat' dir='ltr'><strong>Omnes</strong></span> <span class='ocrx_word' id='word_1_188' title='bbox 1144 2766 1336 2836; x_wconf 85' lang='lat' dir='ltr'><strong>itaque</strong></span> <span class='ocrx_word' id='word_1_189' title='bbox 1393 2763 1798 2832; x_wconf 87' lang='lat' dir='ltr'><strong>hujuscemodi</strong></span> <span class='ocrx_word' id='word_1_190' title='bbox 1831 2762 1909 2816; x_wconf 86' lang='lat' dir='ltr'><strong>vi-</strong></span> 
     </span>
    </p>
   </div>
   <div class='ocr_carea' id='block_1_30' title="bbox 263 2855 1909 2926">
    <p class='ocr_par' dir='ltr' id='par_1_30' title="bbox 263 2855 1909 2926">
     <span class='ocr_line' id='line_1_30' title="bbox 263 2855 1909 2926; baseline -0.01 0"><span class='ocrx_word' id='word_1_191' title='bbox 263 2877 383 2926; x_wconf 91' lang='lat' dir='ltr'><strong>tam</strong></span> <span class='ocrx_word' id='word_1_192' title='bbox 417 2883 582 2923; x_wconf 90' lang='lat' dir='ltr'><strong>suam</strong></span> <span class='ocrx_word' id='word_1_193' title='bbox 617 2865 696 2918; x_wconf 89' lang='lat' dir='ltr'><strong>ita</strong></span> <span class='ocrx_word' id='word_1_194' title='bbox 739 2861 1141 2924; x_wconf 87' lang='lat' dir='ltr'><strong>instituerunt,</strong></span> <span class='ocrx_word' id='word_1_195' title='bbox 1199 2863 1263 2911; x_wconf 90' lang='lat' dir='ltr'><strong>ut</strong></span> <span class='ocrx_word' id='word_1_196' title='bbox 1318 2857 1470 2912; x_wconf 90' lang='lat' dir='ltr'><strong>circa</strong></span> <span class='ocrx_word' id='word_1_197' title='bbox 1519 2871 1609 2910; x_wconf 92' lang='lat' dir='ltr'><strong>res</strong></span> <span class='ocrx_word' id='word_1_198' title='bbox 1658 2855 1909 2926; x_wconf 85' lang='lat' dir='ltr'><strong>agendas</strong></span> 
     </span>
    </p>
   </div>
   <div class='ocr_carea' id='block_1_31' title="bbox 263 2953 1044 3030">
    <p class='ocr_par' dir='ltr' id='par_1_31' title="bbox 263 2953 1044 3030">
     <span class='ocr_line' id='line_1_31' title="bbox 263 2953 1044 3030; baseline -0.017 -16"><span class='ocrx_word' id='word_1_199' title='bbox 263 2957 438 3030; x_wconf 87' lang='lat' dir='ltr'><strong>paulo</strong></span> <span class='ocrx_word' id='word_1_200' title='bbox 472 2953 798 3010; x_wconf 77' lang='lat' dir='ltr'><strong>sulertiores</strong></span> <span class='ocrx_word' id='word_1_201' title='bbox 829 2956 1044 3006; x_wconf 90' lang='lat' dir='ltr'><strong>essent.</strong></span> 
     </span>
    </p>
   </div>
   <div class='ocr_carea' id='block_1_32' title="bbox 866 3056 1305 3116">
    <p class='ocr_par' dir='ltr' id='par_1_32' title="bbox 866 3056 1305 3116">
     <span class='ocr_line' id='line_1_32' title="bbox 866 3056 1305 3116; baseline -0.014 0"><span class='ocrx_word' id='word_1_202' title='bbox 866 3061 1023 3116; x_wconf 89' lang='lat' dir='ltr'><strong>CAP.</strong></span> <span class='ocrx_word' id='word_1_203' title='bbox 1056 3056 1305 3113; x_wconf 80' lang='lat' dir='ltr'><strong>XXXVI.</strong></span> 
     </span>
    </p>
   </div>
   <div class='ocr_carea' id='block_1_33' title="bbox 758 3173 1404 3242">
    <p class='ocr_par' dir='ltr' id='par_1_33' title="bbox 758 3173 1404 3242">
     <span class='ocr_line' id='line_1_33' title="bbox 758 3173 1404 3242; baseline -0.011 -8"><span class='ocrx_word' id='word_1_204' title='bbox 758 3181 832 3235; x_wconf 79' lang='lat' dir='ltr'><strong>De</strong></span> <span class='ocrx_word' id='word_1_205' title='bbox 862 3177 1080 3234; x_wconf 80' lang='lat' dir='ltr'><strong>Essenis</strong></span> <span class='ocrx_word' id='word_1_206' title='bbox 1121 3177 1181 3228; x_wconf 78' lang='lat' dir='ltr'><strong>in</strong></span> <span class='ocrx_word' id='word_1_207' title='bbox 1208 3173 1404 3242; x_wconf 81' lang='lat' dir='ltr'><strong>specie.</strong></span> 
     </span>
    </p>
   </div>
   <div class='ocr_carea' id='block_1_34' title="bbox 334 3286 1910 3368">
    <p class='ocr_par' dir='ltr' id='par_1_34' title="bbox 334 3286 1910 3368">
     <span class='ocr_line' id='line_1_34' title="bbox 334 3286 1910 3368; baseline -0.011 -12"><span class='ocrx_word' id='word_1_208' title='bbox 334 3299 534 3356; x_wconf 90' lang='lat' dir='ltr'><strong>Esseni</strong></span> <span class='ocrx_word' id='word_1_209' title='bbox 567 3297 809 3368; x_wconf 90' lang='lat' dir='ltr'><strong>insuper</strong></span> <span class='ocrx_word' id='word_1_210' title='bbox 837 3309 1036 3350; x_wconf 89' lang='lat' dir='ltr'><strong>amore</strong></span> <span class='ocrx_word' id='word_1_211' title='bbox 1093 3289 1327 3344; x_wconf 89' lang='lat' dir='ltr'><strong>virtutis</strong></span> <span class='ocrx_word' id='word_1_212' title='bbox 1384 3305 1418 3344; x_wconf 89' lang='lat' dir='ltr'><strong>a</strong></span> <span class='ocrx_word' id='word_1_213' title='bbox 1449 3286 1694 3358; x_wconf 87' lang='lat' dir='ltr'><strong>nuptiis,</strong></span> <span class='ocrx_word' id='word_1_214' title='bbox 1723 3286 1802 3340; x_wconf 87' lang='lat' dir='ltr'><strong>ita</strong></span> <span class='ocrx_word' id='word_1_215' title='bbox 1848 3287 1910 3339; x_wconf 89' lang='lat' dir='ltr'><strong>ut</strong></span> 
     </span>
    </p>
   </div>
   <div class='ocr_carea' id='block_1_35' title="bbox 259 3375 1912 3464">
    <p class='ocr_par' dir='ltr' id='par_1_35' title="bbox 259 3375 1912 3464">
     <span class='ocr_line' id='line_1_35' title="bbox 259 3375 1912 3464; baseline -0.011 -17"><span class='ocrx_word' id='word_1_216' title='bbox 259 3393 364 3464; x_wconf 92' lang='lat' dir='ltr'><strong>qui</strong></span> <span class='ocrx_word' id='word_1_217' title='bbox 401 3389 669 3452; x_wconf 79' lang='lat' dir='ltr'><strong>maxime,</strong></span> <span class='ocrx_word' id='word_1_218' title='bbox 704 3383 1092 3449; x_wconf 88' lang='lat' dir='ltr'><strong>abstinebant,</strong></span> <span class='ocrx_word' id='word_1_219' title='bbox 1121 3377 1358 3434; x_wconf 85' lang='lat' dir='ltr'><strong>divitias</strong></span> <span class='ocrx_word' id='word_1_220' title='bbox 1421 3393 1521 3448; x_wconf 89' lang='lat' dir='ltr'><strong>pro</strong></span> <span class='ocrx_word' id='word_1_221' title='bbox 1579 3375 1764 3431; x_wconf 88' lang='lat' dir='ltr'><strong>nihilo</strong></span> <span class='ocrx_word' id='word_1_222' title='bbox 1805 3375 1912 3430; x_wconf 89' lang='lat' dir='ltr'><strong>du-</strong></span> 
     </span>
    </p>
   </div>
   <div class='ocr_carea' id='block_1_36' title="bbox 261 3465 1914 3545">
    <p class='ocr_par' dir='ltr' id='par_1_36' title="bbox 261 3465 1914 3545">
     <span class='ocr_line' id='line_1_36' title="bbox 261 3465 1914 3545; baseline -0.012 -7"><span class='ocrx_word' id='word_1_223' title='bbox 261 3483 494 3545; x_wconf 87' lang='lat' dir='ltr'><strong>cebant,</strong></span> <span class='ocrx_word' id='word_1_224' title='bbox 530 3495 646 3533; x_wconf 88' lang='lat' dir='ltr'><strong>una</strong></span> <span class='ocrx_word' id='word_1_225' title='bbox 703 3474 957 3545; x_wconf 85' lang='lat' dir='ltr'><strong>denique</strong></span> <span class='ocrx_word' id='word_1_226' title='bbox 1014 3473 1419 3525; x_wconf 88' lang='lat' dir='ltr'><strong>vescebantur.</strong></span> <span class='ocrx_word' id='word_1_227' title='bbox 1475 3465 1702 3522; x_wconf 86' lang='lat' dir='ltr'><strong>Privata</strong></span> <span class='ocrx_word' id='word_1_228' title='bbox 1757 3465 1914 3520; x_wconf 92' lang='lat' dir='ltr'><strong>enim</strong></span> 
     </span>
    </p>
   </div>
   <div class='ocr_carea' id='block_1_37' title="bbox 263 3552 1917 3644">
    <p class='ocr_par' dir='ltr' id='par_1_37' title="bbox 263 3552 1917 3644">
     <span class='ocr_line' id='line_1_37' title="bbox 263 3552 1917 3644; baseline -0.011 -17"><span class='ocrx_word' id='word_1_229' title='bbox 263 3571 536 3644; x_wconf 88' lang='lat' dir='ltr'><strong>publicos</strong></span> <span class='ocrx_word' id='word_1_230' title='bbox 567 3569 626 3622; x_wconf 93' lang='lat' dir='ltr'><strong>in</strong></span> <span class='ocrx_word' id='word_1_231' title='bbox 661 3581 804 3620; x_wconf 87' lang='lat' dir='ltr'><strong>usus</strong></span> <span class='ocrx_word' id='word_1_232' title='bbox 836 3558 1303 3632; x_wconf 89' lang='lat' dir='ltr'><strong>comportabant,</strong></span> <span class='ocrx_word' id='word_1_233' title='bbox 1336 3562 1505 3626; x_wconf 89' lang='lat' dir='ltr'><strong>turpe</strong></span> <span class='ocrx_word' id='word_1_234' title='bbox 1537 3555 1646 3610; x_wconf 90' lang='lat' dir='ltr'><strong>rati</strong></span> <span class='ocrx_word' id='word_1_235' title='bbox 1697 3555 1743 3609; x_wconf 94' lang='lat' dir='ltr'><strong>si</strong></span> <span class='ocrx_word' id='word_1_236' title='bbox 1785 3552 1917 3624; x_wconf 87' lang='lat' dir='ltr'><strong>quis</strong></span> 
     </span>
    </p>
   </div>
   <div class='ocr_carea' id='block_1_38' title="bbox 264 3645 1919 3736">
    <p class='ocr_par' dir='ltr' id='par_1_38' title="bbox 264 3645 1919 3736">
     <span class='ocr_line' id='line_1_38' title="bbox 264 3645 1919 3736; baseline -0.011 -19"><span class='ocrx_word' id='word_1_237' title='bbox 264 3660 538 3736; x_wconf 84' lang='lat' dir='ltr'><strong>privatim</strong></span> <span class='ocrx_word' id='word_1_238' title='bbox 573 3657 713 3730; x_wconf 91' lang='lat' dir='ltr'><strong>quid</strong></span> <span class='ocrx_word' id='word_1_239' title='bbox 760 3653 1097 3711; x_wconf 83' lang='lat' dir='ltr'><strong>divitiarum</strong></span> <span class='ocrx_word' id='word_1_240' title='bbox 1153 3648 1500 3719; x_wconf 83' lang='lat' dir='ltr'><strong>possideret,</strong></span> <span class='ocrx_word' id='word_1_241' title='bbox 1560 3645 1713 3736; x_wconf 79' lang='lat' dir='ltr'><strong>apud</strong></span> <span class='ocrx_word' id='word_1_242' title='bbox 1775 3659 1919 3715; x_wconf 90' lang='lat' dir='ltr'><strong>quos</strong></span> 
     </span>
    </p>
   </div>
   <div class='ocr_carea' id='block_1_39' title="bbox 265 3734 1916 3809">
    <p class='ocr_par' dir='ltr' id='par_1_39' title="bbox 265 3734 1916 3809">
     <span class='ocr_line' id='line_1_39' title="bbox 265 3734 1916 3809; baseline -0.013 0"><span class='ocrx_word' id='word_1_243' title='bbox 265 3734 494 3809; x_wconf 79' lang='lat' dir='ltr'><strong>scilicet</strong></span> <span class='ocrx_word' id='word_1_244' title='bbox 517 3745 896 3804; x_wconf 79' lang='lat' dir='ltr'><strong>fraternitatis</strong></span> <span class='ocrx_word' id='word_1_245' title='bbox 931 3740 1164 3796; x_wconf 89' lang='lat' dir='ltr'><strong>nomine</strong></span> <span class='ocrx_word' id='word_1_246' title='bbox 1189 3739 1340 3794; x_wconf 87' lang='lat' dir='ltr'><strong>bona</strong></span> <span class='ocrx_word' id='word_1_247' title='bbox 1369 3734 1916 3797; x_wconf 88' lang='lat' dir='ltr'><strong>commiscebantur,</strong></span> 
     </span>
    </p>
   </div>
   <div class='ocr_carea' id='block_1_40' title="bbox 267 3823 1922 3901">
    <p class='ocr_par' dir='ltr' id='par_1_40' title="bbox 267 3823 1922 3901">
     <span class='ocr_line' id='line_1_40' title="bbox 267 3823 1922 3901; baseline -0.013 -3"><span class='ocrx_word' id='word_1_248' title='bbox 267 3850 331 3898; x_wconf 91' lang='lat' dir='ltr'><strong>et</strong></span> <span class='ocrx_word' id='word_1_249' title='bbox 361 3853 706 3897; x_wconf 87' lang='lat' dir='ltr'><strong>communes</strong></span> <span class='ocrx_word' id='word_1_250' title='bbox 736 3835 797 3890; x_wconf 91' lang='lat' dir='ltr'><strong>in</strong></span> <span class='ocrx_word' id='word_1_251' title='bbox 834 3849 973 3888; x_wconf 89' lang='lat' dir='ltr'><strong>usus</strong></span> <span class='ocrx_word' id='word_1_252' title='bbox 1005 3828 1522 3901; x_wconf 90' lang='lat' dir='ltr'><strong>depromebantur.</strong></span> <span class='ocrx_word' id='word_1_253' title='bbox 1581 3823 1751 3895; x_wconf 89' lang='lat' dir='ltr'><strong>Apud</strong></span> <span class='ocrx_word' id='word_1_254' title='bbox 1803 3838 1922 3878; x_wconf 91' lang='lat' dir='ltr'><strong>eos-</strong></span> 
     </span>
    </p>
   </div>
   <div class='ocr_carea' id='block_1_41' title="bbox 268 3913 1919 4000">
    <p class='ocr_par' dir='ltr' id='par_1_41' title="bbox 268 3913 1919 4000">
     <span class='ocr_line' id='line_1_41' title="bbox 268 3913 1919 4000; baseline -0.013 -13"><span class='ocrx_word' id='word_1_255' title='bbox 268 3934 406 3987; x_wconf 93' lang='lat' dir='ltr'><strong>dem</strong></span> <span class='ocrx_word' id='word_1_256' title='bbox 443 3927 733 4000; x_wconf 84' lang='lat' dir='ltr'><strong>squaloris</strong></span> <span class='ocrx_word' id='word_1_257' title='bbox 765 3923 960 3980; x_wconf 91' lang='lat' dir='ltr'><strong>studio</strong></span> <span class='ocrx_word' id='word_1_258' title='bbox 993 3936 1136 3976; x_wconf 90' lang='lat' dir='ltr'><strong>usus</strong></span> <span class='ocrx_word' id='word_1_259' title='bbox 1167 3917 1275 3973; x_wconf 90' lang='lat' dir='ltr'><strong>olei</strong></span> <span class='ocrx_word' id='word_1_260' title='bbox 1332 3913 1533 3970; x_wconf 88' lang='lat' dir='ltr'><strong>nullus</strong></span> <span class='ocrx_word' id='word_1_261' title='bbox 1588 3920 1708 3967; x_wconf 87' lang='lat' dir='ltr'><strong>erat</strong></span> <span class='ocrx_word' id='word_1_262' title='bbox 1736 3929 1749 3968; x_wconf 90' lang='lat'><strong>:</strong></span> <span class='ocrx_word' id='word_1_263' title='bbox 1781 3928 1919 3967; x_wconf 87' lang='lat' dir='ltr'><strong>can-</strong></span> 
     </span>
    </p>
   </div>
   <div class='ocr_carea' id='block_1_42' title="bbox 269 4000 1922 4076">
    <p class='ocr_par' dir='ltr' id='par_1_42' title="bbox 269 4000 1922 4076">
     <span class='ocr_line' id='line_1_42' title="bbox 269 4000 1922 4076; baseline -0.011 -2"><span class='ocrx_word' id='word_1_264' title='bbox 269 4021 448 4076; x_wconf 90' lang='lat' dir='ltr'><strong>didus</strong></span> <span class='ocrx_word' id='word_1_265' title='bbox 481 4017 598 4071; x_wconf 88' lang='lat' dir='ltr'><strong>illis</strong></span> <span class='ocrx_word' id='word_1_266' title='bbox 653 4015 815 4070; x_wconf 93' lang='lat' dir='ltr'><strong>color</strong></span> <span class='ocrx_word' id='word_1_267' title='bbox 871 4010 1205 4065; x_wconf 82' lang='lat' dir='ltr'><strong>arridebat:</strong></span> <span class='ocrx_word' id='word_1_268' title='bbox 1267 4009 1483 4060; x_wconf 77' lang='lat' dir='ltr'><strong>vestem</strong></span> <span class='ocrx_word' id='word_1_269' title='bbox 1534 4005 1635 4057; x_wconf 86' lang='lat' dir='ltr'><strong>aut</strong></span> <span class='ocrx_word' id='word_1_270' title='bbox 1699 4000 1922 4057; x_wconf 81' lang='lat' dir='ltr'><strong>calceos</strong></span> 
     </span>
    </p>
   </div>
   <div class='ocr_carea' id='block_1_43' title="bbox 271 4091 1920 4170">
    <p class='ocr_par' dir='ltr' id='par_1_43' title="bbox 271 4091 1920 4170">
     <span class='ocr_line' id='line_1_43' title="bbox 271 4091 1920 4170; baseline -0.013 -6"><span class='ocrx_word' id='word_1_271' title='bbox 271 4111 536 4164; x_wconf 87' lang='lat' dir='ltr'><strong>recentes</strong></span> <span class='ocrx_word' id='word_1_272' title='bbox 595 4121 709 4159; x_wconf 89' lang='lat' dir='ltr'><strong>non</strong></span> <span class='ocrx_word' id='word_1_273' title='bbox 772 4101 888 4156; x_wconf 89' lang='lat' dir='ltr'><strong>nisi</strong></span> <span class='ocrx_word' id='word_1_274' title='bbox 945 4097 1240 4170; x_wconf 81' lang='lat' dir='ltr'><strong>prioribus</strong></span> <span class='ocrx_word' id='word_1_275' title='bbox 1297 4093 1526 4149; x_wconf 85' lang='lat' dir='ltr'><strong>detritis</strong></span> <span class='ocrx_word' id='word_1_276' title='bbox 1581 4091 1920 4146; x_wconf 83' lang='lat' dir='ltr'><strong>induebant.</strong></span> 
     </span>
    </p>
   </div>
   <div class='ocr_carea' id='block_1_44' title="bbox 272 4182 1927 4252">
    <p class='ocr_par' dir='ltr' id='par_1_44' title="bbox 272 4182 1927 4252">
     <span class='ocr_line' id='line_1_44' title="bbox 272 4182 1927 4252; baseline -0.011 -2"><span class='ocrx_word' id='word_1_277' title='bbox 272 4195 464 4250; x_wconf 87' lang='lat' dir='ltr'><strong>Unum</strong></span> <span class='ocrx_word' id='word_1_278' title='bbox 499 4199 598 4248; x_wconf 85' lang='lat' dir='ltr'><strong>aut</strong></span> <span class='ocrx_word' id='word_1_279' title='bbox 626 4191 804 4245; x_wconf 89' lang='lat' dir='ltr'><strong>etiam</strong></span> <span class='ocrx_word' id='word_1_280' title='bbox 835 4189 1078 4242; x_wconf 88' lang='lat' dir='ltr'><strong>alterum</strong></span> <span class='ocrx_word' id='word_1_281' title='bbox 1131 4186 1190 4238; x_wconf 88' lang='lat' dir='ltr'><strong>in</strong></span> <span class='ocrx_word' id='word_1_282' title='bbox 1237 4197 1547 4239; x_wconf 88' lang='lat' dir='ltr'><strong>commune</strong></span> <span class='ocrx_word' id='word_1_283' title='bbox 1586 4182 1927 4252; x_wconf 89' lang='lat' dir='ltr'><strong>procurato-</strong></span> 
     </span>
    </p>
   </div>
   <div class='ocr_carea' id='block_1_45' title="bbox 273 4268 1926 4342">
    <p class='ocr_par' dir='ltr' id='par_1_45' title="bbox 273 4268 1926 4342">
     <span class='ocr_line' id='line_1_45' title="bbox 273 4268 1926 4342; baseline -0.01 -3"><span class='ocrx_word' id='word_1_284' title='bbox 273 4299 400 4340; x_wconf 89' lang='lat' dir='ltr'><strong>rsm</strong></span> <span class='ocrx_word' id='word_1_285' title='bbox 433 4281 745 4336; x_wconf 88' lang='lat' dir='ltr'><strong>habebant.</strong></span> <span class='ocrx_word' id='word_1_286' title='bbox 778 4277 987 4331; x_wconf 88' lang='lat' dir='ltr'><strong>Nullus</strong></span> <span class='ocrx_word' id='word_1_287' title='bbox 1016 4275 1174 4328; x_wconf 87' lang='lat' dir='ltr'><strong>inter</strong></span> <span class='ocrx_word' id='word_1_288' title='bbox 1202 4272 1335 4326; x_wconf 89' lang='lat' dir='ltr'><strong>illos</strong></span> <span class='ocrx_word' id='word_1_289' title='bbox 1391 4269 1696 4342; x_wconf 89' lang='lat' dir='ltr'><strong>emptioni,</strong></span> <span class='ocrx_word' id='word_1_290' title='bbox 1725 4268 1926 4323; x_wconf 90' lang='lat' dir='ltr'><strong>nullus</strong></span> 
     </span>
    </p>
   </div>
   <div class='ocr_carea' id='block_1_46' title="bbox 274 4357 1928 4431">
    <p class='ocr_par' dir='ltr' id='par_1_46' title="bbox 274 4357 1928 4431">
     <span class='ocr_line' id='line_1_46' title="bbox 274 4357 1928 4431; baseline -0.01 -4"><span class='ocrx_word' id='word_1_291' title='bbox 274 4369 592 4427; x_wconf 81' lang='lat' dir='ltr'><strong>venditioni</strong></span> <span class='ocrx_word' id='word_1_292' title='bbox 621 4367 806 4431; x_wconf 90' lang='lat' dir='ltr'><strong>locus,</strong></span> <span class='ocrx_word' id='word_1_293' title='bbox 840 4367 936 4420; x_wconf 85' lang='lat' dir='ltr'><strong>sed</strong></span> <span class='ocrx_word' id='word_1_294' title='bbox 970 4361 1246 4431; x_wconf 85' lang='lat' dir='ltr'><strong>expositis</strong></span> <span class='ocrx_word' id='word_1_295' title='bbox 1276 4361 1466 4430; x_wconf 85' lang='lat' dir='ltr'><strong>egenti</strong></span> <span class='ocrx_word' id='word_1_296' title='bbox 1498 4359 1624 4414; x_wconf 91' lang='lat' dir='ltr'><strong>suis</strong></span> <span class='ocrx_word' id='word_1_297' title='bbox 1649 4357 1928 4413; x_wconf 88' lang='lat' dir='ltr'><strong>omnibus</strong></span> 
     </span>
    </p>
   </div>
   <div class='ocr_carea' id='block_1_47' title="bbox 275 4444 1929 4534">
    <p class='ocr_par' dir='ltr' id='par_1_47' title="bbox 275 4444 1929 4534">
     <span class='ocr_line' id='line_1_47' title="bbox 275 4444 1929 4534; baseline -0.009 -21"><span class='ocrx_word' id='word_1_298' title='bbox 275 4459 528 4534; x_wconf 88' lang='lat' dir='ltr'><strong>quilibet</strong></span> <span class='ocrx_word' id='word_1_299' title='bbox 558 4458 612 4510; x_wconf 90' lang='lat' dir='ltr'><strong>id</strong></span> <span class='ocrx_word' id='word_1_300' title='bbox 641 4457 713 4510; x_wconf 89' lang='lat' dir='ltr'><strong>ab</strong></span> <span class='ocrx_word' id='word_1_301' title='bbox 770 4452 868 4508; x_wconf 92' lang='lat' dir='ltr'><strong>illo</strong></span> <span class='ocrx_word' id='word_1_302' title='bbox 926 4451 1182 4504; x_wconf 89' lang='lat' dir='ltr'><strong>vicissim</strong></span> <span class='ocrx_word' id='word_1_303' title='bbox 1240 4448 1568 4516; x_wconf 83' lang='lat' dir='ltr'><strong>recipiebat,</strong></span> <span class='ocrx_word' id='word_1_304' title='bbox 1614 4447 1767 4518; x_wconf 89' lang='lat' dir='ltr'><strong>quod</strong></span> <span class='ocrx_word' id='word_1_305' title='bbox 1817 4444 1929 4501; x_wconf 88' lang='lat' dir='ltr'><strong>sibi</strong></span> 
     </span>
    </p>
   </div>
   <div class='ocr_carea' id='block_1_48' title="bbox 277 4534 1928 4607">
    <p class='ocr_par' dir='ltr' id='par_1_48' title="bbox 277 4534 1928 4607">
     <span class='ocr_line' id='line_1_48' title="bbox 277 4534 1928 4607; baseline -0.01 -3"><span class='ocrx_word' id='word_1_306' title='bbox 277 4553 500 4604; x_wconf 87' lang='lat' dir='ltr'><strong>deerat.</strong></span> <span class='ocrx_word' id='word_1_307' title='bbox 536 4548 655 4600; x_wconf 93' lang='lat' dir='ltr'><strong>imo</strong></span> <span class='ocrx_word' id='word_1_308' title='bbox 685 4559 816 4598; x_wconf 89' lang='lat' dir='ltr'><strong>vero</strong></span> <span class='ocrx_word' id='word_1_309' title='bbox 849 4539 1056 4596; x_wconf 87' lang='lat' dir='ltr'><strong>alienis</strong></span> <span class='ocrx_word' id='word_1_310' title='bbox 1088 4538 1172 4592; x_wconf 92' lang='lat' dir='ltr'><strong>uti</strong></span> <span class='ocrx_word' id='word_1_311' title='bbox 1205 4537 1428 4606; x_wconf 89' lang='lat' dir='ltr'><strong>absque</strong></span> <span class='ocrx_word' id='word_1_312' title='bbox 1463 4543 1668 4590; x_wconf 87' lang='lat' dir='ltr'><strong>mutua</strong></span> <span class='ocrx_word' id='word_1_313' title='bbox 1708 4534 1928 4607; x_wconf 48' lang='lat' dir='ltr'><strong>gratiﬁ.</strong></span> 
     </span>
    </p>
   </div>
   <div class='ocr_carea' id='block_1_49' title="bbox 1986 617 3629 690">
    <p class='ocr_par' dir='ltr' id='par_1_49' title="bbox 1986 617 3629 690">
     <span class='ocr_line' id='line_1_49' title="bbox 1986 617 3629 690; baseline 0.003 -18"><span class='ocrx_word' id='word_1_314' title='bbox 1986 634 2085 672; x_wconf 91' lang='lat' dir='ltr'><strong>nes</strong></span> <span class='ocrx_word' id='word_1_315' title='bbox 2141 617 2474 690; x_wconf 79' lang='lat' dir='ltr'><strong>Scripturas</strong></span> <span class='ocrx_word' id='word_1_316' title='bbox 2525 618 2884 683; x_wconf 88' lang='lat' dir='ltr'><strong>evolvebant,</strong></span> <span class='ocrx_word' id='word_1_317' title='bbox 2943 636 3040 673; x_wconf 84' lang='lat' dir='ltr'><strong>eas</strong></span> <span class='ocrx_word' id='word_1_318' title='bbox 3092 635 3223 675; x_wconf 86' lang='lat' dir='ltr'><strong>vero</strong></span> <span class='ocrx_word' id='word_1_319' title='bbox 3281 622 3530 676; x_wconf 84' lang='lat' dir='ltr'><strong>maxime</strong></span> <span class='ocrx_word' id='word_1_320' title='bbox 3560 639 3629 677; x_wconf 84' lang='lat' dir='ltr'><strong>ex</strong></span> 
     </span>
    </p>
   </div>
   <div class='ocr_carea' id='block_1_50' title="bbox 1988 706 3628 780">
    <p class='ocr_par' dir='ltr' id='par_1_50' title="bbox 1988 706 3628 780">
     <span class='ocr_line' id='line_1_50' title="bbox 1988 706 3628 780; baseline 0.004 -20"><span class='ocrx_word' id='word_1_321' title='bbox 1988 706 2202 778; x_wconf 82' lang='lat' dir='ltr'><strong>quibus</strong></span> <span class='ocrx_word' id='word_1_322' title='bbox 2224 715 2506 780; x_wconf 67' lang='lat' dir='ltr'><strong>praecepta</strong></span> <span class='ocrx_word' id='word_1_323' title='bbox 2538 709 2609 762; x_wconf 92' lang='lat' dir='ltr'><strong>ad</strong></span> <span class='ocrx_word' id='word_1_324' title='bbox 2643 710 2870 763; x_wconf 90' lang='lat' dir='ltr'><strong>animos</strong></span> <span class='ocrx_word' id='word_1_325' title='bbox 2928 709 3094 763; x_wconf 86' lang='lat' dir='ltr'><strong>bonis</strong></span> <span class='ocrx_word' id='word_1_326' title='bbox 3156 711 3419 766; x_wconf 86' lang='lat' dir='ltr'><strong>moribus</strong></span> <span class='ocrx_word' id='word_1_327' title='bbox 3446 712 3628 766; x_wconf 88' lang='lat' dir='ltr'><strong>infor-</strong></span> 
     </span>
    </p>
   </div>
   <div class='ocr_carea' id='block_1_51' title="bbox 1991 797 3634 871">
    <p class='ocr_par' dir='ltr' id='par_1_51' title="bbox 1991 797 3634 871">
     <span class='ocr_line' id='line_1_51' title="bbox 1991 797 3634 871; baseline 0.003 -21"><span class='ocrx_word' id='word_1_328' title='bbox 1991 799 2236 853; x_wconf 88' lang='lat' dir='ltr'><strong>mandos</strong></span> <span class='ocrx_word' id='word_1_329' title='bbox 2269 798 2432 852; x_wconf 86' lang='lat' dir='ltr'><strong>utilia</strong></span> <span class='ocrx_word' id='word_1_330' title='bbox 2464 797 2828 853; x_wconf 76' lang='lat' dir='ltr'><strong>elicerentur.</strong></span> <span class='ocrx_word' id='word_1_331' title='bbox 2861 801 2942 850; x_wconf 88' lang='lat' dir='ltr'><strong>Ad</strong></span> <span class='ocrx_word' id='word_1_332' title='bbox 2978 814 3039 852; x_wconf 90' lang='lat' dir='ltr'><strong>se</strong></span> <span class='ocrx_word' id='word_1_333' title='bbox 3097 801 3380 856; x_wconf 85' lang='lat' dir='ltr'><strong>adeuntes</strong></span> <span class='ocrx_word' id='word_1_334' title='bbox 3424 802 3634 871; x_wconf 88' lang='lat' dir='ltr'><strong>proba-</strong></span> 
     </span>
    </p>
   </div>
   <div class='ocr_carea' id='block_1_52' title="bbox 1993 888 3633 960">
    <p class='ocr_par' dir='ltr' id='par_1_52' title="bbox 1993 888 3633 960">
     <span class='ocr_line' id='line_1_52' title="bbox 1993 888 3633 960; baseline 0.005 -18"><span class='ocrx_word' id='word_1_335' title='bbox 1993 889 2156 954; x_wconf 89' lang='lat' dir='ltr'><strong>bant,</strong></span> <span class='ocrx_word' id='word_1_336' title='bbox 2205 903 2420 960; x_wconf 84' lang='lat' dir='ltr'><strong>eosque</strong></span> <span class='ocrx_word' id='word_1_337' title='bbox 2474 888 2705 942; x_wconf 86' lang='lat' dir='ltr'><strong>tandem</strong></span> <span class='ocrx_word' id='word_1_338' title='bbox 2772 889 3126 945; x_wconf 68' lang='lat' dir='ltr'><strong>fortitudinis</strong></span> <span class='ocrx_word' id='word_1_339' title='bbox 3183 895 3238 944; x_wconf 90' lang='lat' dir='ltr'><strong>et</strong></span> <span class='ocrx_word' id='word_1_340' title='bbox 3291 897 3633 950; x_wconf 79' lang='lat' dir='ltr'><strong>constantiae</strong></span> 
     </span>
    </p>
   </div>
   <div class='ocr_carea' id='block_1_53' title="bbox 1994 977 3633 1048">
    <p class='ocr_par' dir='ltr' id='par_1_53' title="bbox 1994 977 3633 1048">
     <span class='ocr_line' id='line_1_53' title="bbox 1994 977 3633 1048; baseline 0.005 -17"><span class='ocrx_word' id='word_1_341' title='bbox 1994 977 2314 1048; x_wconf 85' lang='lat' dir='ltr'><strong>specimine</strong></span> <span class='ocrx_word' id='word_1_342' title='bbox 2372 977 2622 1032; x_wconf 65' lang='lat' dir='ltr'><strong>celrbres</strong></span> <span class='ocrx_word' id='word_1_343' title='bbox 2675 978 2735 1032; x_wconf 90' lang='lat' dir='ltr'><strong>in</strong></span> <span class='ocrx_word' id='word_1_344' title='bbox 2795 981 3151 1035; x_wconf 86' lang='lat' dir='ltr'><strong>consortium</strong></span> <span class='ocrx_word' id='word_1_345' title='bbox 3241 981 3386 1036; x_wconf 91' lang='lat' dir='ltr'><strong>ultro</strong></span> <span class='ocrx_word' id='word_1_346' title='bbox 3458 1002 3633 1039; x_wconf 86' lang='lat' dir='ltr'><strong>suum</strong></span> 
     </span>
    </p>
   </div>
   <div class='ocr_carea' id='block_1_54' title="bbox 1997 1067 3638 1144">
    <p class='ocr_par' dir='ltr' id='par_1_54' title="bbox 1997 1067 3638 1144">
     <span class='ocr_line' id='line_1_54' title="bbox 1997 1067 3638 1144; baseline 0.005 -22"><span class='ocrx_word' id='word_1_347' title='bbox 1997 1068 2378 1122; x_wconf 85' lang='lat' dir='ltr'><strong>asciscebant.</strong></span> <span class='ocrx_word' id='word_1_348' title='bbox 2415 1067 2477 1122; x_wconf 93' lang='lat' dir='ltr'><strong>In</strong></span> <span class='ocrx_word' id='word_1_349' title='bbox 2498 1067 2739 1138; x_wconf 89' lang='lat' dir='ltr'><strong>judiciis</strong></span> <span class='ocrx_word' id='word_1_350' title='bbox 2771 1071 3310 1141; x_wconf 59' lang='lat' dir='ltr'><strong>exactistimijuxta</strong></span> <span class='ocrx_word' id='word_1_351' title='bbox 3336 1081 3391 1128; x_wconf 89' lang='lat' dir='ltr'><strong>et</strong></span> <span class='ocrx_word' id='word_1_352' title='bbox 3430 1075 3638 1144; x_wconf 82' lang='lat' dir='ltr'><strong>justis-</strong></span> 
     </span>
    </p>
   </div>
   <div class='ocr_carea' id='block_1_55' title="bbox 1998 1157 3638 1233">
    <p class='ocr_par' dir='ltr' id='par_1_55' title="bbox 1998 1157 3638 1233">
     <span class='ocr_line' id='line_1_55' title="bbox 1998 1157 3638 1233; baseline 0.004 -21"><span class='ocrx_word' id='word_1_353' title='bbox 1998 1157 2221 1213; x_wconf 62' lang='lat' dir='ltr'><strong>simLIn</strong></span> <span class='ocrx_word' id='word_1_354' title='bbox 2255 1158 2667 1228; x_wconf 75' lang='lat' dir='ltr'><strong>congressibus</strong></span> <span class='ocrx_word' id='word_1_355' title='bbox 2698 1163 2754 1213; x_wconf 89' lang='lat' dir='ltr'><strong>et</strong></span> <span class='ocrx_word' id='word_1_356' title='bbox 2786 1158 3087 1230; x_wconf 84' lang='lat' dir='ltr'><strong>colloquiis</strong></span> <span class='ocrx_word' id='word_1_357' title='bbox 3109 1162 3326 1216; x_wconf 82' lang='lat' dir='ltr'><strong>mutuis</strong></span> <span class='ocrx_word' id='word_1_358' title='bbox 3357 1179 3638 1233; x_wconf 83' lang='lat' dir='ltr'><strong>exspuere</strong></span> 
     </span>
    </p>
   </div>
   <div class='ocr_carea' id='block_1_56' title="bbox 2001 1247 3640 1319">
    <p class='ocr_par' dir='ltr' id='par_1_56' title="bbox 2001 1247 3640 1319">
     <span class='ocr_line' id='line_1_56' title="bbox 2001 1247 3640 1319; baseline 0.004 -18"><span class='ocrx_word' id='word_1_359' title='bbox 2001 1247 2116 1302; x_wconf 88' lang='lat' dir='ltr'><strong>illis</strong></span> <span class='ocrx_word' id='word_1_360' title='bbox 2149 1248 2348 1318; x_wconf 77' lang='lat' dir='ltr'><strong>religio</strong></span> <span class='ocrx_word' id='word_1_361' title='bbox 2379 1253 2516 1302; x_wconf 85' lang='lat' dir='ltr'><strong>erat.</strong></span> <span class='ocrx_word' id='word_1_362' title='bbox 2552 1247 2613 1302; x_wconf 87' lang='lat' dir='ltr'><strong>ln</strong></span> <span class='ocrx_word' id='word_1_363' title='bbox 2648 1248 2852 1319; x_wconf 86' lang='lat' dir='ltr'><strong>primis</strong></span> <span class='ocrx_word' id='word_1_364' title='bbox 2885 1256 3077 1304; x_wconf 90' lang='lat' dir='ltr'><strong>autem</strong></span> <span class='ocrx_word' id='word_1_365' title='bbox 3129 1251 3283 1305; x_wconf 86' lang='lat' dir='ltr'><strong>mala</strong></span> <span class='ocrx_word' id='word_1_366' title='bbox 3332 1252 3640 1309; x_wconf 85' lang='lat' dir='ltr'><strong>obﬁrmato</strong></span> 
     </span>
    </p>
   </div>
   <div class='ocr_carea' id='block_1_57' title="bbox 2001 1335 3649 1411">
    <p class='ocr_par' dir='ltr' id='par_1_57' title="bbox 2001 1335 3649 1411">
     <span class='ocr_line' id='line_1_57' title="bbox 2001 1335 3649 1411; baseline 0.004 -19"><span class='ocrx_word' id='word_1_367' title='bbox 2001 1337 2197 1392; x_wconf 89' lang='lat' dir='ltr'><strong>animo</strong></span> <span class='ocrx_word' id='word_1_368' title='bbox 2229 1335 2394 1391; x_wconf 89' lang='lat' dir='ltr'><strong>nihili</strong></span> <span class='ocrx_word' id='word_1_369' title='bbox 2430 1336 2736 1405; x_wconf 77' lang='lat' dir='ltr'><strong>faciebant,</strong></span> <span class='ocrx_word' id='word_1_370' title='bbox 2771 1345 2946 1410; x_wconf 86' lang='lat' dir='ltr'><strong>atque</strong></span> <span class='ocrx_word' id='word_1_371' title='bbox 2994 1338 3221 1395; x_wconf 89' lang='lat' dir='ltr'><strong>dolores</strong></span> <span class='ocrx_word' id='word_1_372' title='bbox 3268 1341 3490 1411; x_wconf 87' lang='lat' dir='ltr'><strong>quidem</strong></span> <span class='ocrx_word' id='word_1_373' title='bbox 3532 1359 3649 1398; x_wconf 87' lang='lat' dir='ltr'><strong>me-</strong></span> 
     </span>
    </p>
   </div>
   <div class='ocr_carea' id='block_1_58' title="bbox 2002 1427 3645 1500">
    <p class='ocr_par' dir='ltr' id='par_1_58' title="bbox 2002 1427 3645 1500">
     <span class='ocr_line' id='line_1_58' title="bbox 2002 1427 3645 1500; baseline 0.004 -19"><span class='ocrx_word' id='word_1_374' title='bbox 2002 1427 2386 1481; x_wconf 89' lang='lat' dir='ltr'><strong>ditationibus</strong></span> <span class='ocrx_word' id='word_1_375' title='bbox 2418 1427 2792 1497; x_wconf 83' lang='lat' dir='ltr'><strong>superabant.</strong></span> <span class='ocrx_word' id='word_1_376' title='bbox 2813 1433 2967 1484; x_wconf 81' lang='lat' dir='ltr'><strong>Mors</strong></span> <span class='ocrx_word' id='word_1_377' title='bbox 3000 1427 3114 1484; x_wconf 83' lang='lat' dir='ltr'><strong>illis</strong></span> <span class='ocrx_word' id='word_1_378' title='bbox 3147 1446 3273 1500; x_wconf 65' lang='lat' dir='ltr'><strong>qua)</strong></span> <span class='ocrx_word' id='word_1_379' title='bbox 3304 1447 3438 1486; x_wconf 89' lang='lat' dir='ltr'><strong>cum</strong></span> <span class='ocrx_word' id='word_1_380' title='bbox 3470 1430 3645 1487; x_wconf 87' lang='lat' dir='ltr'><strong>laude</strong></span> 
     </span>
    </p>
   </div>
   <div class='ocr_carea' id='block_1_59' title="bbox 2003 1515 3647 1590">
    <p class='ocr_par' dir='ltr' id='par_1_59' title="bbox 2003 1515 3647 1590">
     <span class='ocr_line' id='line_1_59' title="bbox 2003 1515 3647 1590; baseline 0.003 -19"><span class='ocrx_word' id='word_1_381' title='bbox 2003 1521 2060 1571; x_wconf 88' lang='lat' dir='ltr'><strong>et</strong></span> <span class='ocrx_word' id='word_1_382' title='bbox 2091 1515 2277 1588; x_wconf 83' lang='lat' dir='ltr'><strong>gloria</strong></span> <span class='ocrx_word' id='word_1_383' title='bbox 2308 1516 2582 1580; x_wconf 87' lang='lat' dir='ltr'><strong>obiretur,</strong></span> <span class='ocrx_word' id='word_1_384' title='bbox 2619 1517 3060 1573; x_wconf 83' lang='lat' dir='ltr'><strong>immortalitate</strong></span> <span class='ocrx_word' id='word_1_385' title='bbox 3096 1519 3222 1590; x_wconf 86' lang='lat' dir='ltr'><strong>ipsa</strong></span> <span class='ocrx_word' id='word_1_386' title='bbox 3272 1521 3460 1590; x_wconf 90' lang='lat' dir='ltr'><strong>potior</strong></span> <span class='ocrx_word' id='word_1_387' title='bbox 3501 1526 3647 1576; x_wconf 90' lang='lat' dir='ltr'><strong>erat.</strong></span> 
     </span>
    </p>
   </div>
   <div class='ocr_carea' id='block_1_60' title="bbox 2004 1607 3644 1682">
    <p class='ocr_par' dir='ltr' id='par_1_60' title="bbox 2004 1607 3644 1682">
     <span class='ocr_line' id='line_1_60' title="bbox 2004 1607 3644 1682; baseline 0.004 -22"><span class='ocrx_word' id='word_1_388' title='bbox 2004 1610 2186 1673; x_wconf 84' lang='lat' dir='ltr'><strong>Quare</strong></span> <span class='ocrx_word' id='word_1_389' title='bbox 2220 1607 2386 1661; x_wconf 92' lang='lat' dir='ltr'><strong>multi</strong></span> <span class='ocrx_word' id='word_1_390' title='bbox 2419 1607 2469 1661; x_wconf 84' lang='lat' dir='ltr'><strong>si</strong></span> <span class='ocrx_word' id='word_1_391' title='bbox 2500 1607 2730 1675; x_wconf 83' lang='lat' dir='ltr'><strong>quando</strong></span> <span class='ocrx_word' id='word_1_392' title='bbox 2765 1619 2996 1679; x_wconf 80' lang='lat' dir='ltr'><strong>prapter</strong></span> <span class='ocrx_word' id='word_1_393' title='bbox 3046 1609 3234 1678; x_wconf 83' lang='lat' dir='ltr'><strong>legem</strong></span> <span class='ocrx_word' id='word_1_394' title='bbox 3281 1610 3480 1682; x_wconf 88' lang='lat' dir='ltr'><strong>ﬂagris</strong></span> <span class='ocrx_word' id='word_1_395' title='bbox 3537 1629 3644 1666; x_wconf 72' lang='lat' dir='ltr'><strong>cie-</strong></span> 
     </span>
    </p>
   </div>
   <div class='ocr_carea' id='block_1_61' title="bbox 2005 1694 3651 1772">
    <p class='ocr_par' dir='ltr' id='par_1_61' title="bbox 2005 1694 3651 1772">
     <span class='ocr_line' id='line_1_61' title="bbox 2005 1694 3651 1772; baseline 0.004 -22"><span class='ocrx_word' id='word_1_396' title='bbox 2005 1696 2282 1751; x_wconf 87' lang='lat' dir='ltr'><strong>derentur</strong></span> <span class='ocrx_word' id='word_1_397' title='bbox 2312 1713 2329 1750; x_wconf 89' lang='lat'><strong><em>:</em></strong></span> <span class='ocrx_word' id='word_1_398' title='bbox 2363 1712 2546 1766; x_wconf 90' lang='lat' dir='ltr'><strong>neque</strong></span> <span class='ocrx_word' id='word_1_399' title='bbox 2578 1694 2805 1751; x_wconf 87' lang='lat' dir='ltr'><strong>lorariis</strong></span> <span class='ocrx_word' id='word_1_400' title='bbox 2862 1695 3412 1766; x_wconf 86' lang='lat' dir='ltr'><strong>adblandiebantur,</strong></span> <span class='ocrx_word' id='word_1_401' title='bbox 3463 1717 3651 1772; x_wconf 88' lang='lat' dir='ltr'><strong>neque</strong></span> 
     </span>
    </p>
   </div>
   <div class='ocr_carea' id='block_1_62' title="bbox 2005 1784 3656 1857">
    <p class='ocr_par' dir='ltr' id='par_1_62' title="bbox 2005 1784 3656 1857">
     <span class='ocr_line' id='line_1_62' title="bbox 2005 1784 3656 1857; baseline 0.003 -17"><span class='ocrx_word' id='word_1_402' title='bbox 2005 1785 2480 1857; x_wconf 81' lang='lat' dir='ltr'><strong>lacrymabantur</strong></span> <span class='ocrx_word' id='word_1_403' title='bbox 2511 1800 2523 1839; x_wconf 89' lang='lat'>:</span> <span class='ocrx_word' id='word_1_404' title='bbox 2558 1784 2675 1839; x_wconf 91' lang='lat' dir='ltr'><strong>imo</strong></span> <span class='ocrx_word' id='word_1_405' title='bbox 2710 1802 2845 1841; x_wconf 85' lang='lat' dir='ltr'><strong>vero</strong></span> <span class='ocrx_word' id='word_1_406' title='bbox 2895 1791 2951 1841; x_wconf 91' lang='lat' dir='ltr'><strong>et</strong></span> <span class='ocrx_word' id='word_1_407' title='bbox 2989 1788 3225 1843; x_wconf 89' lang='lat' dir='ltr'><strong>verbera</strong></span> <span class='ocrx_word' id='word_1_408' title='bbox 3274 1788 3557 1854; x_wconf 87' lang='lat' dir='ltr'><strong>ridebant,</strong></span> <span class='ocrx_word' id='word_1_409' title='bbox 3597 1794 3656 1845; x_wconf 91' lang='lat' dir='ltr'><strong>et</strong></span> 
     </span>
    </p>
   </div>
   <div class='ocr_carea' id='block_1_63' title="bbox 2909 1876 3654 1949">
    <p class='ocr_par' dir='ltr' id='par_1_63' title="bbox 2909 1876 3654 1949">
     <span class='ocr_line' id='line_1_63' title="bbox 2909 1876 3654 1949; baseline 0.007 -20"><span class='ocrx_word' id='word_1_410' title='bbox 2909 1891 2923 1930; x_wconf 88' lang='lat'><strong>:</strong></span> <span class='ocrx_word' id='word_1_411' title='bbox 2997 1876 3224 1932; x_wconf 89' lang='lat' dir='ltr'><strong>animas</strong></span> <span class='ocrx_word' id='word_1_412' title='bbox 3300 1878 3654 1949; x_wconf 86' lang='lat' dir='ltr'><strong>profundere</strong></span> 
     </span>
    </p>
   </div>
   <div class='ocr_carea' id='block_1_64' title="bbox 1999 1964 3649 2038">
    <p class='ocr_par' dir='ltr' id='par_1_64' title="bbox 1999 1964 3649 2038">
     <span class='ocr_line' id='line_1_64' title="bbox 1999 1964 3649 2038; baseline 0.002 -19"><span class='ocrx_word' id='word_1_413' title='bbox 1999 1965 2206 2035; x_wconf 86' lang='lat' dir='ltr'><strong>parati,</strong></span> <span class='ocrx_word' id='word_1_414' title='bbox 2241 1980 2308 2020; x_wconf 87' lang='lat' dir='ltr'><strong>ac</strong></span> <span class='ocrx_word' id='word_1_415' title='bbox 2339 1965 2387 2018; x_wconf 85' lang='lat' dir='ltr'><strong>si</strong></span> <span class='ocrx_word' id='word_1_416' title='bbox 2419 1964 2609 2019; x_wconf 89' lang='lat' dir='ltr'><strong>denuo</strong></span> <span class='ocrx_word' id='word_1_417' title='bbox 2636 1965 2870 2020; x_wconf 90' lang='lat' dir='ltr'><strong>easdem</strong></span> <span class='ocrx_word' id='word_1_418' title='bbox 2907 1967 3193 2036; x_wconf 89' lang='lat' dir='ltr'><strong>recepturi</strong></span> <span class='ocrx_word' id='word_1_419' title='bbox 3239 1973 3460 2031; x_wconf 88' lang='lat' dir='ltr'><strong>essent.</strong></span> <span class='ocrx_word' id='word_1_420' title='bbox 3486 1968 3649 2038; x_wconf 89' lang='lat' dir='ltr'><strong>Apud</strong></span> 
     </span>
    </p>
   </div>
   <div class='ocr_carea' id='block_1_65' title="bbox 1999 2052 3653 2126">
    <p class='ocr_par' dir='ltr' id='par_1_65' title="bbox 1999 2052 3653 2126">
     <span class='ocr_line' id='line_1_65' title="bbox 1999 2052 3653 2126; baseline 0 -17"><span class='ocrx_word' id='word_1_421' title='bbox 1999 2053 2160 2126; x_wconf 89' lang='lat' dir='ltr'><strong>ipsos</strong></span> <span class='ocrx_word' id='word_1_422' title='bbox 2195 2053 2350 2108; x_wconf 90' lang='lat' dir='ltr'><strong>enim</strong></span> <span class='ocrx_word' id='word_1_423' title='bbox 2385 2052 2694 2116; x_wconf 77' lang='lat' dir='ltr'><strong>obfirmata</strong></span> <span class='ocrx_word' id='word_1_424' title='bbox 2727 2053 2846 2108; x_wconf 82' lang='lat' dir='ltr'><strong>haec</strong></span> <span class='ocrx_word' id='word_1_425' title='bbox 2892 2055 3088 2124; x_wconf 85' lang='lat' dir='ltr'><strong>Opinio</strong></span> <span class='ocrx_word' id='word_1_426' title='bbox 3145 2056 3492 2123; x_wconf 86' lang='lat' dir='ltr'><strong>invaluerat,</strong></span> <span class='ocrx_word' id='word_1_427' title='bbox 3526 2072 3653 2111; x_wconf 85' lang='lat' dir='ltr'><strong>cor-</strong></span> 
     </span>
    </p>
   </div>
   <div class='ocr_carea' id='block_1_66' title="bbox 2004 2142 3655 2216">
    <p class='ocr_par' dir='ltr' id='par_1_66' title="bbox 2004 2142 3655 2216">
     <span class='ocr_line' id='line_1_66' title="bbox 2004 2142 3655 2216; baseline 0.002 -19"><span class='ocrx_word' id='word_1_428' title='bbox 2004 2159 2141 2216; x_wconf 89' lang='lat' dir='ltr'><strong>pora</strong></span> <span class='ocrx_word' id='word_1_429' title='bbox 2168 2142 2403 2212; x_wconf 89' lang='lat' dir='ltr'><strong>quidem</strong></span> <span class='ocrx_word' id='word_1_430' title='bbox 2439 2142 2791 2212; x_wconf 90' lang='lat' dir='ltr'><strong>corruptioni</strong></span> <span class='ocrx_word' id='word_1_431' title='bbox 2827 2143 3076 2198; x_wconf 86' lang='lat' dir='ltr'><strong>obnoxia</strong></span> <span class='ocrx_word' id='word_1_432' title='bbox 3117 2161 3267 2213; x_wconf 90' lang='lat' dir='ltr'><strong>esse,</strong></span> <span class='ocrx_word' id='word_1_433' title='bbox 3299 2145 3655 2216; x_wconf 88' lang='lat' dir='ltr'><strong>perituram-</strong></span> 
     </span>
    </p>
   </div>
   <div class='ocr_carea' id='block_1_67' title="bbox 2003 2232 3653 2302">
    <p class='ocr_par' dir='ltr' id='par_1_67' title="bbox 2003 2232 3653 2302">
     <span class='ocr_line' id='line_1_67' title="bbox 2003 2232 3653 2302; baseline 0.001 -16"><span class='ocrx_word' id='word_1_434' title='bbox 2003 2248 2116 2302; x_wconf 89' lang='lat' dir='ltr'><strong>que</strong></span> <span class='ocrx_word' id='word_1_435' title='bbox 2145 2232 2447 2287; x_wconf 84' lang='lat' dir='ltr'><strong>materiam</strong></span> <span class='ocrx_word' id='word_1_436' title='bbox 2481 2248 2598 2302; x_wconf 89' lang='lat' dir='ltr'><strong>qua</strong></span> <span class='ocrx_word' id='word_1_437' title='bbox 2654 2238 2921 2286; x_wconf 91' lang='lat' dir='ltr'><strong>conslant</strong></span> <span class='ocrx_word' id='word_1_438' title='bbox 2983 2250 2996 2288; x_wconf 88' lang='lat'><strong>:</strong></span> <span class='ocrx_word' id='word_1_439' title='bbox 3050 2233 3279 2288; x_wconf 89' lang='lat' dir='ltr'><strong>animas</strong></span> <span class='ocrx_word' id='word_1_440' title='bbox 3338 2241 3535 2291; x_wconf 89' lang='lat' dir='ltr'><strong>autem</strong></span> <span class='ocrx_word' id='word_1_441' title='bbox 3591 2233 3653 2289; x_wconf 87' lang='lat' dir='ltr'><strong>in</strong></span> 
     </span>
    </p>
   </div>
   <div class='ocr_carea' id='block_1_68' title="bbox 2005 2322 3656 2393">
    <p class='ocr_par' dir='ltr' id='par_1_68' title="bbox 2005 2322 3656 2393">
     <span class='ocr_line' id='line_1_68' title="bbox 2005 2322 3656 2393; baseline 0.002 -18"><span class='ocrx_word' id='word_1_442' title='bbox 2005 2337 2188 2375; x_wconf 65' lang='lat' dir='ltr'><strong>aevum</strong></span> <span class='ocrx_word' id='word_1_443' title='bbox 2225 2322 2646 2388; x_wconf 78' lang='lat' dir='ltr'><strong>sempiternum</strong></span> <span class='ocrx_word' id='word_1_444' title='bbox 2674 2336 3030 2392; x_wconf 87' lang='lat' dir='ltr'><strong>permanere,</strong></span> <span class='ocrx_word' id='word_1_445' title='bbox 3086 2338 3212 2393; x_wconf 67' lang='lat' dir='ltr'><strong>qua:</strong></span> <span class='ocrx_word' id='word_1_446' title='bbox 3270 2331 3423 2378; x_wconf 88' lang='lat' dir='ltr'><strong>certe</strong></span> <span class='ocrx_word' id='word_1_447' title='bbox 3459 2324 3656 2379; x_wconf 87' lang='lat' dir='ltr'><strong>nescio</strong></span> 
     </span>
    </p>
   </div>
   <div class='ocr_carea' id='block_1_69' title="bbox 2009 2409 3660 2482">
    <p class='ocr_par' dir='ltr' id='par_1_69' title="bbox 2009 2409 3660 2482">
     <span class='ocr_line' id='line_1_69' title="bbox 2009 2409 3660 2482; baseline 0.003 -19"><span class='ocrx_word' id='word_1_448' title='bbox 2009 2427 2120 2482; x_wconf 89' lang='lat' dir='ltr'><strong>quo</strong></span> <span class='ocrx_word' id='word_1_449' title='bbox 2192 2415 2414 2464; x_wconf 65' lang='lat' dir='ltr'><strong>natura:</strong></span> <span class='ocrx_word' id='word_1_450' title='bbox 2472 2409 2784 2479; x_wconf 90' lang='lat' dir='ltr'><strong>lenocinio,</strong></span> <span class='ocrx_word' id='word_1_451' title='bbox 2872 2413 3161 2482; x_wconf 86' lang='lat' dir='ltr'><strong>quibusve</strong></span> <span class='ocrx_word' id='word_1_452' title='bbox 3246 2411 3535 2469; x_wconf 88' lang='lat' dir='ltr'><strong>illecebris</strong></span> <span class='ocrx_word' id='word_1_453' title='bbox 3587 2414 3660 2468; x_wconf 90' lang='lat' dir='ltr'><strong>ab</strong></span> 
     </span>
    </p>
   </div>
   <div class='ocr_carea' id='block_1_70' title="bbox 2009 2497 3662 2572">
    <p class='ocr_par' dir='ltr' id='par_1_70' title="bbox 2009 2497 3662 2572">
     <span class='ocr_line' id='line_1_70' title="bbox 2009 2497 3662 2572; baseline 0.002 -18"><span class='ocrx_word' id='word_1_454' title='bbox 2009 2499 2219 2555; x_wconf 84' lang='lat' dir='ltr'><strong>aethere</strong></span> <span class='ocrx_word' id='word_1_455' title='bbox 2251 2497 2562 2568; x_wconf 84' lang='lat' dir='ltr'><strong>purissimo</strong></span> <span class='ocrx_word' id='word_1_456' title='bbox 2594 2499 2857 2565; x_wconf 71' lang='lat' dir='ltr'><strong>divulsus,</strong></span> <span class='ocrx_word' id='word_1_457' title='bbox 2918 2507 3088 2572; x_wconf 89' lang='lat' dir='ltr'><strong>atque</strong></span> <span class='ocrx_word' id='word_1_458' title='bbox 3145 2503 3204 2557; x_wconf 90' lang='lat' dir='ltr'><strong>in</strong></span> <span class='ocrx_word' id='word_1_459' title='bbox 3264 2519 3503 2572; x_wconf 86' lang='lat' dir='ltr'><strong>corpora</strong></span> <span class='ocrx_word' id='word_1_460' title='bbox 3559 2504 3662 2558; x_wconf 89' lang='lat' dir='ltr'><strong>de—</strong></span> 
     </span>
    </p>
   </div>
   <div class='ocr_carea' id='block_1_71' title="bbox 2013 2587 3662 2660">
    <p class='ocr_par' dir='ltr' id='par_1_71' title="bbox 2013 2587 3662 2660">
     <span class='ocr_line' id='line_1_71' title="bbox 2013 2587 3662 2660; baseline 0.002 -17"><span class='ocrx_word' id='word_1_461' title='bbox 2013 2590 2227 2654; x_wconf 80' lang='lat' dir='ltr'><strong>missae,</strong></span> <span class='ocrx_word' id='word_1_462' title='bbox 2284 2587 2402 2640; x_wconf 91' lang='lat' dir='ltr'><strong>illis</strong></span> <span class='ocrx_word' id='word_1_463' title='bbox 2458 2592 2735 2658; x_wconf 86' lang='lat' dir='ltr'><strong>tanquam</strong></span> <span class='ocrx_word' id='word_1_464' title='bbox 2823 2591 3155 2646; x_wconf 89' lang='lat' dir='ltr'><strong>carceribus</strong></span> <span class='ocrx_word' id='word_1_465' title='bbox 3239 2600 3662 2660; x_wconf 86' lang='lat' dir='ltr'><strong>coercerentur,</strong></span> 
     </span>
    </p>
   </div>
   <div class='ocr_carea' id='block_1_72' title="bbox 2012 2678 3666 2749">
    <p class='ocr_par' dir='ltr' id='par_1_72' title="bbox 2012 2678 3666 2749">
     <span class='ocr_line' id='line_1_72' title="bbox 2012 2678 3666 2749; baseline 0.002 -16"><span class='ocrx_word' id='word_1_466' title='bbox 2012 2679 2248 2733; x_wconf 79' lang='lat' dir='ltr'><strong>tandem</strong></span> <span class='ocrx_word' id='word_1_467' title='bbox 2282 2693 2412 2732; x_wconf 83' lang='lat' dir='ltr'><strong>vero</strong></span> <span class='ocrx_word' id='word_1_468' title='bbox 2471 2678 2697 2732; x_wconf 90' lang='lat' dir='ltr'><strong>carneis</strong></span> <span class='ocrx_word' id='word_1_469' title='bbox 2756 2678 2909 2734; x_wconf 89' lang='lat' dir='ltr'><strong>hisce</strong></span> <span class='ocrx_word' id='word_1_470' title='bbox 2959 2679 3208 2735; x_wconf 86' lang='lat' dir='ltr'><strong>vinculis</strong></span> <span class='ocrx_word' id='word_1_471' title='bbox 3257 2681 3554 2749; x_wconf 76' lang='lat' dir='ltr'><strong>exsolutze,</strong></span> <span class='ocrx_word' id='word_1_472' title='bbox 3608 2685 3666 2738; x_wconf 89' lang='lat' dir='ltr'><strong>et</strong></span> 
     </span>
    </p>
   </div>
   <div class='ocr_carea' id='block_1_73' title="bbox 2015 2765 3666 2839">
    <p class='ocr_par' dir='ltr' id='par_1_73' title="bbox 2015 2765 3666 2839">
     <span class='ocr_line' id='line_1_73' title="bbox 2015 2765 3666 2839; baseline 0.003 -18"><span class='ocrx_word' id='word_1_473' title='bbox 2015 2767 2183 2839; x_wconf 87' lang='lat' dir='ltr'><strong>quasi</strong></span> <span class='ocrx_word' id='word_1_474' title='bbox 2243 2765 2520 2820; x_wconf 90' lang='lat' dir='ltr'><strong>diuturna</strong></span> <span class='ocrx_word' id='word_1_475' title='bbox 2567 2766 2846 2822; x_wconf 90' lang='lat' dir='ltr'><strong>servitute</strong></span> <span class='ocrx_word' id='word_1_476' title='bbox 2906 2767 3186 2834; x_wconf 66' lang='lat' dir='ltr'><strong>liberatis,</strong></span> <span class='ocrx_word' id='word_1_477' title='bbox 3253 2776 3390 2824; x_wconf 88' lang='lat' dir='ltr'><strong>tunc</strong></span> <span class='ocrx_word' id='word_1_478' title='bbox 3459 2771 3666 2839; x_wconf 90' lang='lat' dir='ltr'><strong>utique</strong></span> 
     </span>
    </p>
   </div>
   <div class='ocr_carea' id='block_1_74' title="bbox 2016 2854 3666 2930">
    <p class='ocr_par' dir='ltr' id='par_1_74' title="bbox 2016 2854 3666 2930">
     <span class='ocr_line' id='line_1_74' title="bbox 2016 2854 3666 2930; baseline 0.002 -20"><span class='ocrx_word' id='word_1_479' title='bbox 2016 2855 2422 2928; x_wconf 87' lang='lat' dir='ltr'><strong>gauderent,et</strong></span> <span class='ocrx_word' id='word_1_480' title='bbox 2444 2854 2498 2909; x_wconf 91' lang='lat' dir='ltr'><strong>in</strong></span> <span class='ocrx_word' id='word_1_481' title='bbox 2526 2854 2777 2910; x_wconf 88' lang='lat' dir='ltr'><strong>sublime</strong></span> <span class='ocrx_word' id='word_1_482' title='bbox 2826 2856 3131 2912; x_wconf 83' lang='lat' dir='ltr'><strong>ferrentur.</strong></span> <span class='ocrx_word' id='word_1_483' title='bbox 3163 2861 3352 2930; x_wconf 85' lang='lat' dir='ltr'><strong>Atque</strong></span> <span class='ocrx_word' id='word_1_484' title='bbox 3385 2862 3446 2913; x_wconf 88' lang='lat' dir='ltr'><strong>ut</strong></span> <span class='ocrx_word' id='word_1_485' title='bbox 3479 2859 3666 2915; x_wconf 91' lang='lat' dir='ltr'><strong>bono-</strong></span> 
     </span>
    </p>
   </div>
   <div class='ocr_carea' id='block_1_75' title="bbox 2018 2943 3665 3021">
    <p class='ocr_par' dir='ltr' id='par_1_75' title="bbox 2018 2943 3665 3021">
     <span class='ocr_line' id='line_1_75' title="bbox 2018 2943 3665 3021; baseline 0.002 -23"><span class='ocrx_word' id='word_1_486' title='bbox 2018 2960 2148 2998; x_wconf 90' lang='lat' dir='ltr'><strong>rum</strong></span> <span class='ocrx_word' id='word_1_487' title='bbox 2184 2944 2419 3014; x_wconf 88' lang='lat' dir='ltr'><strong>quidem</strong></span> <span class='ocrx_word' id='word_1_488' title='bbox 2456 2943 2664 2999; x_wconf 67' lang='lat' dir='ltr'><strong>animaa</strong></span> <span class='ocrx_word' id='word_1_489' title='bbox 2688 2945 2828 3016; x_wconf 89' lang='lat' dir='ltr'><strong>(qua</strong></span> <span class='ocrx_word' id='word_1_490' title='bbox 2859 2945 2915 3000; x_wconf 91' lang='lat' dir='ltr'><strong>in</strong></span> <span class='ocrx_word' id='word_1_491' title='bbox 2937 2963 2995 3000; x_wconf 83' lang='lat' dir='ltr'><strong>re.</strong></span> <span class='ocrx_word' id='word_1_492' title='bbox 3016 2946 3228 3002; x_wconf 70' lang='lat' dir='ltr'><strong>Graecis</strong></span> <span class='ocrx_word' id='word_1_493' title='bbox 3271 2947 3665 3021; x_wconf 88' lang='lat' dir='ltr'><strong>consentiunt)</strong></span> 
     </span>
    </p>
   </div>
   <div class='ocr_carea' id='block_1_76' title="bbox 2019 3034 3669 3110">
    <p class='ocr_par' dir='ltr' id='par_1_76' title="bbox 2019 3034 3669 3110">
     <span class='ocr_line' id='line_1_76' title="bbox 2019 3034 3669 3110; baseline 0.002 -20"><span class='ocrx_word' id='word_1_494' title='bbox 2019 3051 2250 3090; x_wconf 79' lang='lat' dir='ltr'><strong>amoena</strong></span> <span class='ocrx_word' id='word_1_495' title='bbox 2279 3035 2542 3104; x_wconf 68' lang='lat' dir='ltr'><strong>qnaadam</strong></span> <span class='ocrx_word' id='word_1_496' title='bbox 2576 3034 2700 3090; x_wconf 86' lang='lat' dir='ltr'><strong>loca</strong></span> <span class='ocrx_word' id='word_1_497' title='bbox 2755 3051 2933 3106; x_wconf 87' lang='lat' dir='ltr'><strong>supra</strong></span> <span class='ocrx_word' id='word_1_498' title='bbox 2989 3036 3285 3092; x_wconf 85' lang='lat' dir='ltr'><strong>Oceanum</strong></span> <span class='ocrx_word' id='word_1_499' title='bbox 3332 3039 3669 3110; x_wconf 84' lang='lat' dir='ltr'><strong>incolerent,</strong></span> 
     </span>
    </p>
   </div>
   <div class='ocr_carea' id='block_1_77' title="bbox 2023 3123 3673 3198">
    <p class='ocr_par' dir='ltr' id='par_1_77' title="bbox 2023 3123 3673 3198">
     <span class='ocr_line' id='line_1_77' title="bbox 2023 3123 3673 3198; baseline 0.003 -21"><span class='ocrx_word' id='word_1_500' title='bbox 2023 3139 2152 3194; x_wconf 63' lang='lat' dir='ltr'><strong>quae</strong></span> <span class='ocrx_word' id='word_1_501' title='bbox 2180 3139 2370 3194; x_wconf 91' lang='lat' dir='ltr'><strong>neque</strong></span> <span class='ocrx_word' id='word_1_502' title='bbox 2403 3123 2714 3191; x_wconf 89' lang='lat' dir='ltr'><strong>imbribus,</strong></span> <span class='ocrx_word' id='word_1_503' title='bbox 2751 3140 2935 3196; x_wconf 91' lang='lat' dir='ltr'><strong>neque</strong></span> <span class='ocrx_word' id='word_1_504' title='bbox 2967 3125 3221 3194; x_wconf 89' lang='lat' dir='ltr'><strong>nivibus,</strong></span> <span class='ocrx_word' id='word_1_505' title='bbox 3275 3142 3460 3198; x_wconf 88' lang='lat' dir='ltr'><strong>neque</strong></span> <span class='ocrx_word' id='word_1_506' title='bbox 3517 3127 3673 3182; x_wconf 88' lang='lat' dir='ltr'><strong>calo—</strong></span> 
     </span>
    </p>
   </div>
   <div class='ocr_carea' id='block_1_78' title="bbox 1941 3212 3674 3310">
    <p class='ocr_par' dir='ltr' id='par_1_78' title="bbox 1941 3212 3674 3310">
     <span class='ocr_line' id='line_1_78' title="bbox 1941 3212 3674 3310; baseline 0.002 -43"><span class='ocrx_word' id='word_1_507' title='bbox 1941 3243 1984 3310; x_wconf 75' lang='lat' dir='ltr'>C</span> <span class='ocrx_word' id='word_1_508' title='bbox 2025 3214 2188 3268; x_wconf 89' lang='lat' dir='ltr'><strong>ribus</strong></span> <span class='ocrx_word' id='word_1_509' title='bbox 2222 3212 2660 3284; x_wconf 89' lang='lat' dir='ltr'><strong>inlestarentur,</strong></span> <span class='ocrx_word' id='word_1_510' title='bbox 2718 3214 2817 3268; x_wconf 92' lang='lat' dir='ltr'><strong>sed</strong></span> <span class='ocrx_word' id='word_1_511' title='bbox 2872 3215 3088 3286; x_wconf 87' lang='lat' dir='ltr'><strong>quibus</strong></span> <span class='ocrx_word' id='word_1_512' title='bbox 3144 3216 3217 3270; x_wconf 88' lang='lat' dir='ltr'><strong>ab</strong></span> <span class='ocrx_word' id='word_1_513' title='bbox 3275 3219 3501 3270; x_wconf 83' lang='lat' dir='ltr'><strong>Oceano</strong></span> <span class='ocrx_word' id='word_1_514' title='bbox 3533 3215 3674 3271; x_wconf 83' lang='lat' dir='ltr'><strong>levis</strong></span> 
     </span>
    </p>
   </div>
   <div class='ocr_carea' id='block_1_79' title="bbox 2025 3300 3677 3372">
    <p class='ocr_par' dir='ltr' id='par_1_79' title="bbox 2025 3300 3677 3372">
     <span class='ocr_line' id='line_1_79' title="bbox 2025 3300 3677 3372; baseline 0.002 -16"><span class='ocrx_word' id='word_1_515' title='bbox 2025 3317 2164 3356; x_wconf 89' lang='lat' dir='ltr'><strong>aura</strong></span> <span class='ocrx_word' id='word_1_516' title='bbox 2191 3300 2423 3372; x_wconf 80' lang='lat' dir='ltr'><strong>zephyri</strong></span> <span class='ocrx_word' id='word_1_517' title='bbox 2455 3303 2772 3372; x_wconf 88' lang='lat' dir='ltr'><strong>aspiraret:</strong></span> <span class='ocrx_word' id='word_1_518' title='bbox 2809 3306 3092 3358; x_wconf 91' lang='lat' dir='ltr'><strong>malorum</strong></span> <span class='ocrx_word' id='word_1_519' title='bbox 3126 3321 3259 3360; x_wconf 90' lang='lat' dir='ltr'><strong>vero</strong></span> <span class='ocrx_word' id='word_1_520' title='bbox 3292 3305 3363 3360; x_wconf 90' lang='lat' dir='ltr'><strong>ad</strong></span> <span class='ocrx_word' id='word_1_521' title='bbox 3427 3305 3677 3361; x_wconf 84' lang='lat' dir='ltr'><strong>tenebri-</strong></span> 
     </span>
    </p>
   </div>
   <div class='ocr_carea' id='block_1_80' title="bbox 2026 3389 3674 3465">
    <p class='ocr_par' dir='ltr' id='par_1_80' title="bbox 2026 3389 3674 3465">
     <span class='ocr_line' id='line_1_80' title="bbox 2026 3389 3674 3465; baseline 0.002 -20"><span class='ocrx_word' id='word_1_522' title='bbox 2026 3407 2158 3446; x_wconf 87' lang='lat' dir='ltr'><strong>cosa</strong></span> <span class='ocrx_word' id='word_1_523' title='bbox 2189 3395 2244 3444; x_wconf 91' lang='lat' dir='ltr'><strong>et</strong></span> <span class='ocrx_word' id='word_1_524' title='bbox 2275 3389 2529 3461; x_wconf 84' lang='lat' dir='ltr'><strong>hyberno</strong></span> <span class='ocrx_word' id='word_1_525' title='bbox 2563 3391 2774 3462; x_wconf 87' lang='lat' dir='ltr'><strong>frigore</strong></span> <span class='ocrx_word' id='word_1_526' title='bbox 2826 3391 3092 3463; x_wconf 82' lang='lat' dir='ltr'><strong>rigentia,</strong></span> <span class='ocrx_word' id='word_1_527' title='bbox 3148 3392 3399 3465; x_wconf 88' lang='lat' dir='ltr'><strong>denique</strong></span> <span class='ocrx_word' id='word_1_528' title='bbox 3452 3392 3674 3465; x_wconf 87' lang='lat' dir='ltr'><strong>suppli-</strong></span> 
     </span>
    </p>
   </div>
   <div class='ocr_carea' id='block_1_81' title="bbox 2026 3481 3674 3552">
    <p class='ocr_par' dir='ltr' id='par_1_81' title="bbox 2026 3481 3674 3552">
     <span class='ocr_line' id='line_1_81' title="bbox 2026 3481 3674 3552; baseline 0.002 -17"><span class='ocrx_word' id='word_1_529' title='bbox 2026 3481 2132 3536; x_wconf 91' lang='lat' dir='ltr'><strong>ciis</strong></span> <span class='ocrx_word' id='word_1_530' title='bbox 2157 3496 2330 3536; x_wconf 90' lang='lat' dir='ltr'><strong>omne</strong></span> <span class='ocrx_word' id='word_1_531' title='bbox 2360 3495 2546 3551; x_wconf 87' lang='lat' dir='ltr'><strong>genus</strong></span> <span class='ocrx_word' id='word_1_532' title='bbox 2578 3497 2875 3552; x_wconf 87' lang='lat' dir='ltr'><strong>nunquam</strong></span> <span class='ocrx_word' id='word_1_533' title='bbox 2907 3483 3187 3537; x_wconf 89' lang='lat' dir='ltr'><strong>desituris</strong></span> <span class='ocrx_word' id='word_1_534' title='bbox 3235 3484 3516 3538; x_wconf 87' lang='lat' dir='ltr'><strong>scatentia</strong></span> <span class='ocrx_word' id='word_1_535' title='bbox 3553 3485 3674 3539; x_wconf 90' lang='lat' dir='ltr'><strong>loca</strong></span> 
     </span>
    </p>
   </div>
   <div class='ocr_carea' id='block_1_82' title="bbox 2026 3571 3675 3643">
    <p class='ocr_par' dir='ltr' id='par_1_82' title="bbox 2026 3571 3675 3643">
     <span class='ocr_line' id='line_1_82' title="bbox 2026 3571 3675 3643; baseline 0.003 -19"><span class='ocrx_word' id='word_1_536' title='bbox 2026 3571 2526 3643; x_wconf 87' lang='lat' dir='ltr'><strong>protruderentur.</strong></span> <span class='ocrx_word' id='word_1_537' title='bbox 2586 3571 2654 3626; x_wconf 87' lang='lat' dir='ltr'><strong>Et</strong></span> <span class='ocrx_word' id='word_1_538' title='bbox 2712 3573 2855 3627; x_wconf 88' lang='lat' dir='ltr'><strong>mihi</strong></span> <span class='ocrx_word' id='word_1_539' title='bbox 2915 3574 3148 3643; x_wconf 89' lang='lat' dir='ltr'><strong>quidem</strong></span> <span class='ocrx_word' id='word_1_540' title='bbox 3235 3574 3413 3628; x_wconf 79' lang='lat' dir='ltr'><strong>Graeci</strong></span> <span class='ocrx_word' id='word_1_541' title='bbox 3477 3575 3675 3629; x_wconf 89' lang='lat' dir='ltr'><strong>eodem</strong></span> 
     </span>
    </p>
   </div>
   <div class='ocr_carea' id='block_1_83' title="bbox 2029 3658 3679 3732">
    <p class='ocr_par' dir='ltr' id='par_1_83' title="bbox 2029 3658 3679 3732">
     <span class='ocr_line' id='line_1_83' title="bbox 2029 3658 3679 3732; baseline 0.002 -19"><span class='ocrx_word' id='word_1_542' title='bbox 2029 3659 2272 3715; x_wconf 89' lang='lat' dir='ltr'><strong>consilio</strong></span> <span class='ocrx_word' id='word_1_543' title='bbox 2306 3659 2552 3714; x_wconf 88' lang='lat' dir='ltr'><strong>fortibus</strong></span> <span class='ocrx_word' id='word_1_544' title='bbox 2593 3658 2735 3715; x_wconf 88' lang='lat' dir='ltr'><strong>viris</strong></span> <span class='ocrx_word' id='word_1_545' title='bbox 2791 3660 2962 3732; x_wconf 91' lang='lat' dir='ltr'><strong>(quos</strong></span> <span class='ocrx_word' id='word_1_546' title='bbox 3021 3661 3222 3716; x_wconf 87' lang='lat' dir='ltr'><strong>heroas</strong></span> <span class='ocrx_word' id='word_1_547' title='bbox 3279 3666 3336 3716; x_wconf 90' lang='lat' dir='ltr'><strong>et</strong></span> <span class='ocrx_word' id='word_1_548' title='bbox 3388 3661 3679 3717; x_wconf 85' lang='lat' dir='ltr'><strong>semideos</strong></span> 
     </span>
    </p>
   </div>
   <div class='ocr_carea' id='block_1_84' title="bbox 2027 3749 3683 3822">
    <p class='ocr_par' dir='ltr' id='par_1_84' title="bbox 2027 3749 3683 3822">
     <span class='ocr_line' id='line_1_84' title="bbox 2027 3749 3683 3822; baseline 0.002 -18"><span class='ocrx_word' id='word_1_549' title='bbox 2027 3750 2114 3804; x_wconf 87' lang='lat' dir='ltr'><strong>illi</strong></span> <span class='ocrx_word' id='word_1_550' title='bbox 2184 3749 2407 3819; x_wconf 84' lang='lat' dir='ltr'><strong>vocant)</strong></span> <span class='ocrx_word' id='word_1_551' title='bbox 2498 3749 2944 3805; x_wconf 86' lang='lat' dir='ltr'><strong>Fortunatorum</strong></span> <span class='ocrx_word' id='word_1_552' title='bbox 3007 3751 3231 3805; x_wconf 85' lang='lat' dir='ltr'><strong>insulas</strong></span> <span class='ocrx_word' id='word_1_553' title='bbox 3287 3767 3683 3822; x_wconf 81' lang='lat' dir='ltr'><strong>consecrasse,</strong></span> 
     </span>
    </p>
   </div>
   <div class='ocr_carea' id='block_1_85' title="bbox 2029 3837 3678 3911">
    <p class='ocr_par' dir='ltr' id='par_1_85' title="bbox 2029 3837 3678 3911">
     <span class='ocr_line' id='line_1_85' title="bbox 2029 3837 3678 3911; baseline 0.003 -19"><span class='ocrx_word' id='word_1_554' title='bbox 2029 3837 2346 3908; x_wconf 88' lang='lat' dir='ltr'><strong>impiorum</strong></span> <span class='ocrx_word' id='word_1_555' title='bbox 2381 3843 2586 3892; x_wconf 84' lang='lat' dir='ltr'><strong>contra</strong></span> <span class='ocrx_word' id='word_1_556' title='bbox 2616 3839 2842 3893; x_wconf 88' lang='lat' dir='ltr'><strong>animas</strong></span> <span class='ocrx_word' id='word_1_557' title='bbox 2875 3839 3020 3895; x_wconf 90' lang='lat' dir='ltr'><strong>Orco</strong></span> <span class='ocrx_word' id='word_1_558' title='bbox 3060 3840 3211 3911; x_wconf 60' lang='lat' dir='ltr'><strong>(quae</strong></span> <span class='ocrx_word' id='word_1_559' title='bbox 3266 3839 3678 3897; x_wconf 79' lang='lat' dir='ltr'><strong>sceleratorum</strong></span> 
     </span>
    </p>
   </div>
   <div class='ocr_carea' id='block_1_86' title="bbox 2032 3926 3680 4002">
    <p class='ocr_par' dir='ltr' id='par_1_86' title="bbox 2032 3926 3680 4002">
     <span class='ocr_line' id='line_1_86' title="bbox 2032 3926 3680 4002; baseline 0.001 -18"><span class='ocrx_word' id='word_1_560' title='bbox 2032 3928 2199 3984; x_wconf 81' lang='lat' dir='ltr'><strong>sedes</strong></span> <span class='ocrx_word' id='word_1_561' title='bbox 2230 3928 2336 3992; x_wconf 88' lang='lat' dir='ltr'><strong>est)</strong></span> <span class='ocrx_word' id='word_1_562' title='bbox 2367 3926 2665 3982; x_wconf 81' lang='lat' dir='ltr'><strong>addixisse</strong></span> <span class='ocrx_word' id='word_1_563' title='bbox 2699 3927 2984 3991; x_wconf 82' lang='lat' dir='ltr'><strong>videntur,</strong></span> <span class='ocrx_word' id='word_1_564' title='bbox 3021 3929 3114 3983; x_wconf 90' lang='lat' dir='ltr'><strong>ubi</strong></span> <span class='ocrx_word' id='word_1_565' title='bbox 3167 3929 3340 3984; x_wconf 87' lang='lat' dir='ltr'><strong>etiam</strong></span> <span class='ocrx_word' id='word_1_566' title='bbox 3378 3929 3680 4002; x_wconf 82' lang='lat' dir='ltr'><strong>Sisypbos,</strong></span> 
     </span>
    </p>
   </div>
   <div class='ocr_carea' id='block_1_87' title="bbox 2033 4019 3686 4092">
    <p class='ocr_par' dir='ltr' id='par_1_87' title="bbox 2033 4019 3686 4092">
     <span class='ocr_line' id='line_1_87' title="bbox 2033 4019 3686 4092; baseline 0.002 -18"><span class='ocrx_word' id='word_1_567' title='bbox 2033 4019 2587 4085; x_wconf 74' lang='lat' dir='ltr'><strong>Tantnlostionas,</strong></span> <span class='ocrx_word' id='word_1_568' title='bbox 2618 4023 2676 4075; x_wconf 92' lang='lat' dir='ltr'><strong>et</strong></span> <span class='ocrx_word' id='word_1_569' title='bbox 2705 4019 2899 4092; x_wconf 75' lang='lat' dir='ltr'><strong>Tityos</strong></span> <span class='ocrx_word' id='word_1_570' title='bbox 2931 4022 3212 4092; x_wconf 89' lang='lat' dir='ltr'><strong>quosdam</strong></span> <span class='ocrx_word' id='word_1_571' title='bbox 3246 4022 3470 4077; x_wconf 87' lang='lat' dir='ltr'><strong>meritis</strong></span> <span class='ocrx_word' id='word_1_572' title='bbox 3527 4023 3686 4079; x_wconf 81' lang='lat' dir='ltr'><strong>affici</strong></span> 
     </span>
    </p>
   </div>
   <div class='ocr_carea' id='block_1_88' title="bbox 2035 4108 3686 4182">
    <p class='ocr_par' dir='ltr' id='par_1_88' title="bbox 2035 4108 3686 4182">
     <span class='ocr_line' id='line_1_88' title="bbox 2035 4108 3686 4182; baseline 0.002 -18"><span class='ocrx_word' id='word_1_573' title='bbox 2035 4109 2220 4180; x_wconf 71' lang='lat' dir='ltr'><strong>pinnis</strong></span> <span class='ocrx_word' id='word_1_574' title='bbox 2252 4108 2311 4162; x_wconf 90' lang='lat' dir='ltr'><strong>in</strong></span> <span class='ocrx_word' id='word_1_575' title='bbox 2345 4109 2555 4163; x_wconf 86' lang='lat' dir='ltr'><strong>fabulis</strong></span> <span class='ocrx_word' id='word_1_576' title='bbox 2584 4115 2690 4164; x_wconf 91' lang='lat' dir='ltr'><strong>est.</strong></span> <span class='ocrx_word' id='word_1_577' title='bbox 2727 4109 2982 4164; x_wconf 86' lang='lat' dir='ltr'><strong>Primum</strong></span> <span class='ocrx_word' id='word_1_578' title='bbox 3015 4110 3204 4182; x_wconf 82' lang='lat' dir='ltr'><strong>itaque</strong></span> <span class='ocrx_word' id='word_1_579' title='bbox 3248 4125 3530 4181; x_wconf 89' lang='lat' dir='ltr'><strong>perennes</strong></span> <span class='ocrx_word' id='word_1_580' title='bbox 3557 4113 3686 4168; x_wconf 90' lang='lat' dir='ltr'><strong>ani-</strong></span> 
     </span>
    </p>
   </div>
   <div class='ocr_carea' id='block_1_89' title="bbox 2036 4200 3691 4273">
    <p class='ocr_par' dir='ltr' id='par_1_89' title="bbox 2036 4200 3691 4273">
     <span class='ocr_line' id='line_1_89' title="bbox 2036 4200 3691 4273; baseline 0.002 -19"><span class='ocrx_word' id='word_1_581' title='bbox 2036 4216 2164 4254; x_wconf 89' lang='lat' dir='ltr'><strong>mas</strong></span> <span class='ocrx_word' id='word_1_582' title='bbox 2195 4214 2322 4256; x_wconf 90' lang='lat' dir='ltr'><strong>esse</strong></span> <span class='ocrx_word' id='word_1_583' title='bbox 2353 4204 2709 4268; x_wconf 89' lang='lat' dir='ltr'><strong>supponunt,</strong></span> <span class='ocrx_word' id='word_1_584' title='bbox 2749 4200 2958 4255; x_wconf 87' lang='lat' dir='ltr'><strong>deinde</strong></span> <span class='ocrx_word' id='word_1_585' title='bbox 2990 4204 3056 4255; x_wconf 91' lang='lat' dir='ltr'><strong>ad</strong></span> <span class='ocrx_word' id='word_1_586' title='bbox 3093 4203 3366 4258; x_wconf 90' lang='lat' dir='ltr'><strong>virtutum</strong></span> <span class='ocrx_word' id='word_1_587' title='bbox 3421 4219 3691 4273; x_wconf 84' lang='lat' dir='ltr'><strong>persecu-</strong></span> 
     </span>
    </p>
   </div>
   <div class='ocr_carea' id='block_1_90' title="bbox 2038 4289 3687 4359">
    <p class='ocr_par' dir='ltr' id='par_1_90' title="bbox 2038 4289 3687 4359">
     <span class='ocr_line' id='line_1_90' title="bbox 2038 4289 3687 4359; baseline 0.002 -13"><span class='ocrx_word' id='word_1_588' title='bbox 2038 4291 2257 4346; x_wconf 91' lang='lat' dir='ltr'><strong>tionem</strong></span> <span class='ocrx_word' id='word_1_589' title='bbox 2281 4289 2667 4359; x_wconf 89' lang='lat' dir='ltr'><strong>vitiorumque</strong></span> <span class='ocrx_word' id='word_1_590' title='bbox 2727 4292 2916 4358; x_wconf 80' lang='lat' dir='ltr'><strong>fugam</strong></span> <span class='ocrx_word' id='word_1_591' title='bbox 2979 4291 3319 4347; x_wconf 87' lang='lat' dir='ltr'><strong>hominibus</strong></span> <span class='ocrx_word' id='word_1_592' title='bbox 3378 4309 3687 4350; x_wconf 86' lang='lat' dir='ltr'><strong>concessas</strong></span> 
     </span>
    </p>
   </div>
   <div class='ocr_carea' id='block_1_91' title="bbox 2039 4379 3687 4454">
    <p class='ocr_par' dir='ltr' id='par_1_91' title="bbox 2039 4379 3687 4454">
     <span class='ocr_line' id='line_1_91' title="bbox 2039 4379 3687 4454; baseline 0.002 -19"><span class='ocrx_word' id='word_1_593' title='bbox 2039 4379 2356 4444; x_wconf 84' lang='lat' dir='ltr'><strong>affirmant,</strong></span> <span class='ocrx_word' id='word_1_594' title='bbox 2388 4385 2684 4450; x_wconf 85' lang='lat' dir='ltr'><strong>propterea</strong></span> <span class='ocrx_word' id='word_1_595' title='bbox 2741 4381 2891 4450; x_wconf 88' lang='lat' dir='ltr'><strong>quod</strong></span> <span class='ocrx_word' id='word_1_596' title='bbox 2948 4380 3058 4435; x_wconf 88' lang='lat' dir='ltr'><strong>viri</strong></span> <span class='ocrx_word' id='word_1_597' title='bbox 3116 4383 3273 4445; x_wconf 89' lang='lat' dir='ltr'><strong>boni,</strong></span> <span class='ocrx_word' id='word_1_598' title='bbox 3304 4384 3568 4454; x_wconf 88' lang='lat' dir='ltr'><strong>quandiu</strong></span> <span class='ocrx_word' id='word_1_599' title='bbox 3604 4385 3687 4438; x_wconf 91' lang='lat' dir='ltr'><strong>vi-</strong></span> 
     </span>
    </p>
   </div>
   <div class='ocr_carea' id='block_1_92' title="bbox 2039 4466 3692 4540">
    <p class='ocr_par' dir='ltr' id='par_1_92' title="bbox 2039 4466 3692 4540">
     <span class='ocr_line' id='line_1_92' title="bbox 2039 4466 3692 4540; baseline 0.001 -16"><span class='ocrx_word' id='word_1_600' title='bbox 2039 4472 2204 4531; x_wconf 84' lang='lat' dir='ltr'><strong>vunt,</strong></span> <span class='ocrx_word' id='word_1_601' title='bbox 2240 4466 2506 4523; x_wconf 88' lang='lat' dir='ltr'><strong>meliores</strong></span> <span class='ocrx_word' id='word_1_602' title='bbox 2562 4470 2828 4535; x_wconf 80' lang='lat' dir='ltr'><strong>evadunt,</strong></span> <span class='ocrx_word' id='word_1_603' title='bbox 2889 4478 3044 4524; x_wconf 89' lang='lat' dir='ltr'><strong>certa</strong></span> <span class='ocrx_word' id='word_1_604' title='bbox 3094 4485 3197 4540; x_wconf 88' lang='lat' dir='ltr'><strong>spe</strong></span> <span class='ocrx_word' id='word_1_605' title='bbox 3253 4471 3510 4538; x_wconf 84' lang='lat' dir='ltr'><strong>adducti,</strong></span> <span class='ocrx_word' id='word_1_606' title='bbox 3572 4472 3692 4526; x_wconf 88' lang='lat' dir='ltr'><strong>fore</strong></span> 
     </span>
    </p>
   </div>
   <div class='ocr_carea' id='block_1_93' title="bbox 2043 4557 3685 4628">
    <p class='ocr_par' dir='ltr' id='par_1_93' title="bbox 2043 4557 3685 4628">
     <span class='ocr_line' id='line_1_93' title="bbox 2043 4557 3685 4628; baseline 0.002 -16"><span class='ocrx_word' id='word_1_607' title='bbox 2043 4561 2105 4612; x_wconf 93' lang='lat' dir='ltr'><strong>ut</strong></span> <span class='ocrx_word' id='word_1_608' title='bbox 2126 4564 2249 4628; x_wconf 88' lang='lat' dir='ltr'><strong>post</strong></span> <span class='ocrx_word' id='word_1_609' title='bbox 2280 4557 2504 4612; x_wconf 89' lang='lat' dir='ltr'><strong>obitum</strong></span> <span class='ocrx_word' id='word_1_610' title='bbox 2541 4557 2598 4612; x_wconf 89' lang='lat' dir='ltr'><strong>in</strong></span> <span class='ocrx_word' id='word_1_611' title='bbox 2635 4557 2850 4614; x_wconf 87' lang='lat' dir='ltr'><strong>honore</strong></span> <span class='ocrx_word' id='word_1_612' title='bbox 2883 4557 3227 4623; x_wconf 82' lang='lat' dir='ltr'><strong>habeantur,</strong></span> <span class='ocrx_word' id='word_1_613' title='bbox 3277 4559 3685 4615; x_wconf 84' lang='lat' dir='ltr'><strong>sceleratorum</strong></span> 
     </span>
    </p>
   </div>
   <div class='ocr_carea' id='block_1_94' title="bbox 275 4619 1909 4720">
    <p class='ocr_par' dir='ltr' id='par_1_94' title="bbox 275 4624 1909 4708">
     <span class='ocr_line' id='line_1_94' title="bbox 275 4624 1909 4708; baseline -0.012 -12"><span class='ocrx_word' id='word_1_614' title='bbox 275 4638 508 4696; x_wconf 83' lang='lat' dir='ltr'><strong>catione</strong></span> <span class='ocrx_word' id='word_1_615' title='bbox 541 4637 822 4708; x_wconf 90' lang='lat' dir='ltr'><strong>poterant.</strong></span> <span class='ocrx_word' id='word_1_616' title='bbox 874 4632 1019 4684; x_wconf 89' lang='lat' dir='ltr'><strong>Ante</strong></span> <span class='ocrx_word' id='word_1_617' title='bbox 1077 4625 1218 4682; x_wconf 89' lang='lat' dir='ltr'><strong>solis</strong></span> <span class='ocrx_word' id='word_1_618' title='bbox 1275 4629 1466 4679; x_wconf 92' lang='lat' dir='ltr'><strong>ortum</strong></span> <span class='ocrx_word' id='word_1_619' title='bbox 1525 4641 1758 4680; x_wconf 89' lang='lat' dir='ltr'><strong>summa</strong></span> <span class='ocrx_word' id='word_1_620' title='bbox 1813 4624 1909 4678; x_wconf 77' lang='lat' dir='ltr'><strong>illi:</strong></span> 
     </span>
    </p>
   </div>
   <div class='ocr_carea' id='block_1_95' title="bbox 2018 4619 3692 4720">
    <p class='ocr_par' dir='ltr' id='par_1_95' title="bbox 2041 4619 3692 4720">
     <span class='ocr_line' id='line_1_95' title="bbox 2041 4619 3692 4720; baseline 0.002 -18"><span class='ocrx_word' id='word_1_621' title='bbox 2041 4619 2240 4703; x_wconf 76' lang='lat' dir='ltr'><strong>contra</strong></span> <span class='ocrx_word' id='word_1_622' title='bbox 2271 4647 2513 4702; x_wconf 70' lang='lat' dir='ltr'><strong>allectus</strong></span> <span class='ocrx_word' id='word_1_623' title='bbox 2545 4648 2625 4702; x_wconf 89' lang='lat' dir='ltr'><strong>ita</strong></span> <span class='ocrx_word' id='word_1_624' title='bbox 2657 4654 2809 4704; x_wconf 90' lang='lat' dir='ltr'><strong>metu</strong></span> <span class='ocrx_word' id='word_1_625' title='bbox 2855 4619 3291 4720; x_wconf 69' lang='lat' dir='ltr'><strong>praepediuntur,</strong></span> <span class='ocrx_word' id='word_1_626' title='bbox 3353 4652 3414 4703; x_wconf 90' lang='lat' dir='ltr'><strong>ut</strong></span> <span class='ocrx_word' id='word_1_627' title='bbox 3455 4649 3692 4706; x_wconf 89' lang='lat' dir='ltr'><strong>etiamsi</strong></span> 
     </span>
    </p>
   </div>
   <div class='ocr_carea' id='block_1_96' title="bbox 273 4714 1931 4794">
    <p class='ocr_par' dir='ltr' id='par_1_96' title="bbox 273 4714 1931 4794">
     <span class='ocr_line' id='line_1_96' title="bbox 273 4714 1931 4794; baseline -0.011 -7"><span class='ocrx_word' id='word_1_628' title='bbox 273 4730 471 4787; x_wconf 83' lang='lat' dir='ltr'><strong>cautio</strong></span> <span class='ocrx_word' id='word_1_629' title='bbox 499 4731 642 4793; x_wconf 87' lang='lat' dir='ltr'><strong>erat,</strong></span> <span class='ocrx_word' id='word_1_630' title='bbox 670 4741 740 4780; x_wconf 90' lang='lat' dir='ltr'><strong>ne</strong></span> <span class='ocrx_word' id='word_1_631' title='bbox 772 4719 996 4794; x_wconf 86' lang='lat' dir='ltr'><strong>profani</strong></span> <span class='ocrx_word' id='word_1_632' title='bbox 1030 4716 1169 4791; x_wconf 92' lang='lat' dir='ltr'><strong>quid</strong></span> <span class='ocrx_word' id='word_1_633' title='bbox 1230 4714 1546 4770; x_wconf 79' lang='lat' dir='ltr'><strong>effutirent.</strong></span> <span class='ocrx_word' id='word_1_634' title='bbox 1588 4714 1672 4769; x_wconf 86' lang='lat' dir='ltr'><strong>Ad</strong></span> <span class='ocrx_word' id='word_1_635' title='bbox 1727 4714 1931 4769; x_wconf 90' lang='lat' dir='ltr'><strong>horam</strong></span> 
     </span>
    </p>
   </div>
   <div class='ocr_carea' id='block_1_97' title="bbox 271 4801 1930 4890">
    <p class='ocr_par' dir='ltr' id='par_1_97' title="bbox 271 4801 1930 4890">
     <span class='ocr_line' id='line_1_97' title="bbox 271 4801 1930 4890; baseline -0.011 -14"><span class='ocrx_word' id='word_1_636' title='bbox 271 4835 471 4890; x_wconf 88' lang='lat' dir='ltr'><strong>usque</strong></span> <span class='ocrx_word' id='word_1_637' title='bbox 527 4816 788 4887; x_wconf 88' lang='lat' dir='ltr'><strong>quintam</strong></span> <span class='ocrx_word' id='word_1_638' title='bbox 849 4809 1260 4881; x_wconf 89' lang='lat' dir='ltr'><strong>operabantur.</strong></span> <span class='ocrx_word' id='word_1_639' title='bbox 1321 4803 1536 4859; x_wconf 89' lang='lat' dir='ltr'><strong>Deinde</strong></span> <span class='ocrx_word' id='word_1_640' title='bbox 1612 4801 1670 4856; x_wconf 93' lang='lat' dir='ltr'><strong>in</strong></span> <span class='ocrx_word' id='word_1_641' title='bbox 1751 4817 1930 4859; x_wconf 89' lang='lat' dir='ltr'><strong>unum</strong></span> 
     </span>
    </p>
   </div>
   <div class='ocr_carea' id='block_1_98' title="bbox 270 4891 1936 4972">
    <p class='ocr_par' dir='ltr' id='par_1_98' title="bbox 270 4891 1936 4972">
     <span class='ocr_line' id='line_1_98' title="bbox 270 4891 1936 4972; baseline -0.012 -6"><span class='ocrx_word' id='word_1_642' title='bbox 270 4907 727 4972; x_wconf 88' lang='lat' dir='ltr'><strong>conveniebant,</strong></span> <span class='ocrx_word' id='word_1_643' title='bbox 764 4901 1012 4971; x_wconf 88' lang='lat' dir='ltr'><strong>totisque</strong></span> <span class='ocrx_word' id='word_1_644' title='bbox 1052 4894 1265 4968; x_wconf 86' lang='lat' dir='ltr'><strong>frigida</strong></span> <span class='ocrx_word' id='word_1_645' title='bbox 1313 4891 1590 4948; x_wconf 88' lang='lat' dir='ltr'><strong>manibus</strong></span> <span class='ocrx_word' id='word_1_646' title='bbox 1640 4891 1696 4945; x_wconf 89' lang='lat' dir='ltr'><strong>in</strong></span> <span class='ocrx_word' id='word_1_647' title='bbox 1748 4908 1936 4947; x_wconf 85' lang='lat' dir='ltr'><strong>coena-</strong></span> 
     </span>
    </p>
   </div>
   <div class='ocr_carea' id='block_1_99' title="bbox 269 4993 1933 5057">
    <p class='ocr_par' dir='ltr' id='par_1_99' title="bbox 269 4993 1933 5057">
     <span class='ocr_line' id='line_1_99' title="bbox 269 4993 1933 5057; baseline -0.01 -2"><span class='ocrx_word' id='word_1_648' title='bbox 269 4996 417 5056; x_wconf 91' lang='lat' dir='ltr'><strong>culo</strong></span> <span class='ocrx_word' id='word_1_649' title='bbox 448 4993 921 5052; x_wconf 87' lang='lat' dir='ltr'><strong>convivabantur.</strong></span> <span class='ocrx_word' id='word_1_650' title='bbox 954 4993 1204 5044; x_wconf 88' lang='lat' dir='ltr'><strong>Promus</strong></span> <span class='ocrx_word' id='word_1_651' title='bbox 1236 4997 1687 5057; x_wconf 79' lang='lat' dir='ltr'><strong>panes,coquus</strong></span> <span class='ocrx_word' id='word_1_652' title='bbox 1719 4997 1787 5036; x_wconf 82' lang='lat' dir='ltr'><strong>ex</strong></span> <span class='ocrx_word' id='word_1_653' title='bbox 1818 4997 1933 5038; x_wconf 92' lang='lat' dir='ltr'><strong>uno</strong></span> 
     </span>
    </p>
   </div>
   <div class='ocr_carea' id='block_1_100' title="bbox 266 5072 1936 5148">
    <p class='ocr_par' dir='ltr' id='par_1_100' title="bbox 266 5072 1936 5148">
     <span class='ocr_line' id='line_1_100' title="bbox 266 5072 1936 5148; baseline -0.011 -2"><span class='ocrx_word' id='word_1_654' title='bbox 266 5094 334 5148; x_wconf 91' lang='lat' dir='ltr'><strong>et</strong></span> <span class='ocrx_word' id='word_1_655' title='bbox 367 5086 571 5143; x_wconf 90' lang='lat' dir='ltr'><strong>eodem</strong></span> <span class='ocrx_word' id='word_1_656' title='bbox 603 5083 796 5139; x_wconf 88' lang='lat' dir='ltr'><strong>edulio</strong></span> <span class='ocrx_word' id='word_1_657' title='bbox 830 5080 1137 5142; x_wconf 89' lang='lat' dir='ltr'><strong>ferculum,</strong></span> <span class='ocrx_word' id='word_1_658' title='bbox 1199 5079 1492 5147; x_wconf 68' lang='lat' dir='ltr'><strong>praaeunte</strong></span> <span class='ocrx_word' id='word_1_659' title='bbox 1537 5072 1805 5143; x_wconf 89' lang='lat' dir='ltr'><strong>precibus</strong></span> <span class='ocrx_word' id='word_1_660' title='bbox 1851 5089 1936 5128; x_wconf 82' lang='lat' dir='ltr'><strong>sa-</strong></span> 
     </span>
    </p>
   </div>
   <div class='ocr_carea' id='block_1_101' title="bbox 265 5163 1930 5245">
    <p class='ocr_par' dir='ltr' id='par_1_101' title="bbox 265 5163 1930 5245">
     <span class='ocr_line' id='line_1_101' title="bbox 265 5163 1930 5245; baseline -0.013 -6"><span class='ocrx_word' id='word_1_661' title='bbox 265 5181 531 5245; x_wconf 84' lang='lat' dir='ltr'><strong>cerdote,</strong></span> <span class='ocrx_word' id='word_1_662' title='bbox 587 5173 834 5245; x_wconf 89' lang='lat' dir='ltr'><strong>singulis</strong></span> <span class='ocrx_word' id='word_1_663' title='bbox 891 5168 1235 5241; x_wconf 88' lang='lat' dir='ltr'><strong>apponebat.</strong></span> <span class='ocrx_word' id='word_1_664' title='bbox 1297 5165 1423 5220; x_wconf 90' lang='lat' dir='ltr'><strong>Non</strong></span> <span class='ocrx_word' id='word_1_665' title='bbox 1477 5163 1727 5219; x_wconf 88' lang='lat' dir='ltr'><strong>clamore</strong></span> <span class='ocrx_word' id='word_1_666' title='bbox 1757 5164 1930 5234; x_wconf 71' lang='lat' dir='ltr'><strong>mdes,</strong></span> 
     </span>
    </p>
   </div>
   <div class='ocr_carea' id='block_1_102' title="bbox 263 5253 1935 5329">
    <p class='ocr_par' dir='ltr' id='par_1_102' title="bbox 263 5253 1935 5329">
     <span class='ocr_line' id='line_1_102' title="bbox 263 5253 1935 5329; baseline -0.011 -2"><span class='ocrx_word' id='word_1_667' title='bbox 263 5286 398 5329; x_wconf 85' lang='lat' dir='ltr'><strong>non</strong></span> <span class='ocrx_word' id='word_1_668' title='bbox 458 5264 715 5323; x_wconf 88' lang='lat' dir='ltr'><strong>tumultu</strong></span> <span class='ocrx_word' id='word_1_669' title='bbox 775 5259 1302 5316; x_wconf 85' lang='lat' dir='ltr'><strong>confundebantur.</strong></span> <span class='ocrx_word' id='word_1_670' title='bbox 1361 5254 1617 5309; x_wconf 84' lang='lat' dir='ltr'><strong>Alternis</strong></span> <span class='ocrx_word' id='word_1_671' title='bbox 1675 5253 1828 5308; x_wconf 90' lang='lat' dir='ltr'><strong>inter</strong></span> <span class='ocrx_word' id='word_1_672' title='bbox 1871 5269 1935 5309; x_wconf 90' lang='lat' dir='ltr'><strong>se</strong></span> 
     </span>
    </p>
   </div>
   <div class='ocr_carea' id='block_1_103' title="bbox 262 5343 1933 5435">
    <p class='ocr_par' dir='ltr' id='par_1_103' title="bbox 262 5343 1933 5435">
     <span class='ocr_line' id='line_1_103' title="bbox 262 5343 1933 5435; baseline -0.012 -19"><span class='ocrx_word' id='word_1_673' title='bbox 262 5375 499 5435; x_wconf 86' lang='lat' dir='ltr'><strong>perque</strong></span> <span class='ocrx_word' id='word_1_674' title='bbox 520 5357 674 5410; x_wconf 88' lang='lat' dir='ltr'><strong>vices</strong></span> <span class='ocrx_word' id='word_1_675' title='bbox 704 5349 1205 5420; x_wconf 89' lang='lat' dir='ltr'><strong>colloquebantur.</strong></span> <span class='ocrx_word' id='word_1_676' title='bbox 1237 5349 1355 5435; x_wconf 77' lang='lat' dir='ltr'><strong>sua</strong></span> <span class='ocrx_word' id='word_1_677' title='bbox 1374 5359 1507 5435; x_wconf 88' lang='lat' dir='ltr'><strong>vero</strong></span> <span class='ocrx_word' id='word_1_678' title='bbox 1550 5343 1933 5435; x_wconf 30' lang='lat' dir='ltr'><strong>absque‘pro-</strong></span> 
     </span>
    </p>
   </div>
   <div class='ocr_carea' id='block_1_104' title="bbox 263 5431 1931 5507">
    <p class='ocr_par' dir='ltr' id='par_1_104' title="bbox 263 5431 1931 5507">
     <span class='ocr_line' id='line_1_104' title="bbox 263 5431 1931 5507; baseline -0.011 -1"><span class='ocrx_word' id='word_1_679' title='bbox 263 5431 616 5507; x_wconf 71' lang='lat' dir='ltr'><strong>curatorum</strong></span> <span class='ocrx_word' id='word_1_680' title='bbox 650 5454 889 5498; x_wconf 87' lang='lat' dir='ltr'><strong>assensu</strong></span> <span class='ocrx_word' id='word_1_681' title='bbox 930 5441 987 5492; x_wconf 90' lang='lat' dir='ltr'><strong>et</strong></span> <span class='ocrx_word' id='word_1_682' title='bbox 1017 5433 1326 5507; x_wconf 80' lang='lat' dir='ltr'><strong>praesentia</strong></span> <span class='ocrx_word' id='word_1_683' title='bbox 1350 5431 1568 5487; x_wconf 88' lang='lat' dir='ltr'><strong>nemini</strong></span> <span class='ocrx_word' id='word_1_684' title='bbox 1596 5432 1931 5503; x_wconf 85' lang='lat' dir='ltr'><strong>erogabant.</strong></span> 
     </span>
    </p>
   </div>
   <div class='ocr_carea' id='block_1_105' title="bbox 267 5519 1930 5604">
    <p class='ocr_par' dir='ltr' id='par_1_105' title="bbox 267 5519 1930 5604">
     <span class='ocr_line' id='line_1_105' title="bbox 267 5519 1930 5604; baseline -0.01 -11"><span class='ocrx_word' id='word_1_685' title='bbox 267 5539 390 5594; x_wconf 75' lang='lat' dir='ltr'><strong>Irze</strong></span> <span class='ocrx_word' id='word_1_686' title='bbox 421 5540 484 5590; x_wconf 93' lang='lat' dir='ltr'><strong>ut</strong></span> <span class='ocrx_word' id='word_1_687' title='bbox 514 5531 808 5604; x_wconf 90' lang='lat' dir='ltr'><strong>promi,ita</strong></span> <span class='ocrx_word' id='word_1_688' title='bbox 836 5521 1328 5583; x_wconf 65' lang='lat' dir='ltr'><strong>excandescentia</strong></span> <span class='ocrx_word' id='word_1_689' title='bbox 1378 5521 1547 5576; x_wconf 91' lang='lat' dir='ltr'><strong>condi</strong></span> <span class='ocrx_word' id='word_1_690' title='bbox 1585 5519 1930 5591; x_wconf 67' lang='lat' dir='ltr'><strong>aequissimi.</strong></span> 
     </span>
    </p>
   </div>
   <div class='ocr_carea' id='block_1_106' title="bbox 267 5608 1935 5682">
    <p class='ocr_par' dir='ltr' id='par_1_106' title="bbox 267 5608 1935 5682">
     <span class='ocr_line' id='line_1_106' title="bbox 267 5608 1935 5682; baseline -0.01 0"><span class='ocrx_word' id='word_1_691' title='bbox 267 5624 446 5682; x_wconf 91' lang='lat' dir='ltr'><strong>Fidei</strong></span> <span class='ocrx_word' id='word_1_692' title='bbox 477 5624 766 5678; x_wconf 89' lang='lat' dir='ltr'><strong>doctores.</strong></span> <span class='ocrx_word' id='word_1_693' title='bbox 801 5617 967 5673; x_wconf 87' lang='lat' dir='ltr'><strong>Pacis</strong></span> <span class='ocrx_word' id='word_1_694' title='bbox 998 5610 1275 5669; x_wconf 86' lang='lat' dir='ltr'><strong>ministri.</strong></span> <span class='ocrx_word' id='word_1_695' title='bbox 1317 5608 1610 5681; x_wconf 83' lang='lat' dir='ltr'><strong>Quidquid</strong></span> <span class='ocrx_word' id='word_1_696' title='bbox 1669 5609 1935 5666; x_wconf 82' lang='lat' dir='ltr'><strong>dixerant</strong></span> 
     </span>
    </p>
   </div>
   <div class='ocr_carea' id='block_1_107' title="bbox 269 5699 1932 5783">
    <p class='ocr_par' dir='ltr' id='par_1_107' title="bbox 269 5699 1932 5783">
     <span class='ocr_line' id='line_1_107' title="bbox 269 5699 1932 5783; baseline -0.011 -9"><span class='ocrx_word' id='word_1_697' title='bbox 269 5711 531 5782; x_wconf 69' lang='lat' dir='ltr'><strong>majoris</strong></span> <span class='ocrx_word' id='word_1_698' title='bbox 562 5725 740 5783; x_wconf 87' lang='lat' dir='ltr'><strong>quam</strong></span> <span class='ocrx_word' id='word_1_699' title='bbox 776 5704 1197 5781; x_wconf 79' lang='lat' dir='ltr'><strong>jusjurandum</strong></span> <span class='ocrx_word' id='word_1_700' title='bbox 1257 5699 1528 5772; x_wconf 87' lang='lat' dir='ltr'><strong>ponderis</strong></span> <span class='ocrx_word' id='word_1_701' title='bbox 1585 5701 1724 5756; x_wconf 89' lang='lat' dir='ltr'><strong>erat.</strong></span> <span class='ocrx_word' id='word_1_702' title='bbox 1769 5700 1932 5756; x_wconf 78' lang='lat' dir='ltr'><strong>Iura-</strong></span> 
     </span>
    </p>
   </div>
   <div class='ocr_carea' id='block_1_108' title="bbox 2041 4735 3688 4806">
    <p class='ocr_par' dir='ltr' id='par_1_108' title="bbox 2041 4735 3688 4806">
     <span class='ocr_line' id='line_1_108' title="bbox 2041 4735 3688 4806; baseline 0.001 -14"><span class='ocrx_word' id='word_1_703' title='bbox 2041 4738 2100 4792; x_wconf 90' lang='lat' dir='ltr'><strong>in</strong></span> <span class='ocrx_word' id='word_1_704' title='bbox 2133 4736 2244 4791; x_wconf 83' lang='lat' dir='ltr'><strong>vita</strong></span> <span class='ocrx_word' id='word_1_705' title='bbox 2273 4735 2508 4804; x_wconf 86' lang='lat' dir='ltr'><strong>lateant,</strong></span> <span class='ocrx_word' id='word_1_706' title='bbox 2551 4745 2676 4806; x_wconf 89' lang='lat' dir='ltr'><strong>post</strong></span> <span class='ocrx_word' id='word_1_707' title='bbox 2737 4747 2982 4794; x_wconf 90' lang='lat' dir='ltr'><strong>mortem</strong></span> <span class='ocrx_word' id='word_1_708' title='bbox 3040 4743 3234 4795; x_wconf 88' lang='lat' dir='ltr'><strong>tamen</strong></span> <span class='ocrx_word' id='word_1_709' title='bbox 3293 4744 3516 4794; x_wconf 90' lang='lat' dir='ltr'><strong>certum</strong></span> <span class='ocrx_word' id='word_1_710' title='bbox 3576 4739 3688 4795; x_wconf 86' lang='lat' dir='ltr'><strong>sibi</strong></span> 
     </span>
    </p>
   </div>
   <div class='ocr_carea' id='block_1_109' title="bbox 2042 4826 2657 4897">
    <p class='ocr_par' dir='ltr' id='par_1_109' title="bbox 2042 4826 2657 4897">
     <span class='ocr_line' id='line_1_109' title="bbox 2042 4826 2657 4897; baseline 0 -16"><span class='ocrx_word' id='word_1_711' title='bbox 2042 4826 2285 4881; x_wconf 84' lang='lat' dir='ltr'><strong>exitium</strong></span> <span class='ocrx_word' id='word_1_712' title='bbox 2308 4830 2657 4897; x_wconf 80' lang='lat' dir='ltr'><strong>exspectent.</strong></span> 
     </span>
    </p>
   </div>
   <div class='ocr_carea' id='block_1_110' title="bbox 2635 4978 3104 5037">
    <p class='ocr_par' dir='ltr' id='par_1_110' title="bbox 2635 4978 3104 5037">
     <span class='ocr_line' id='line_1_110' title="bbox 2635 4978 3104 5037; baseline 0.009 -4"><span class='ocrx_word' id='word_1_713' title='bbox 2635 4978 2790 5034; x_wconf 89' lang='lat' dir='ltr'><strong>CAP.</strong></span> <span class='ocrx_word' id='word_1_714' title='bbox 2823 4981 3104 5037; x_wconf 84' lang='lat' dir='ltr'><strong>XXXVII.</strong></span> 
     </span>
    </p>
   </div>
   <div class='ocr_carea' id='block_1_111' title="bbox 2315 5132 3404 5205">
    <p class='ocr_par' dir='ltr' id='par_1_111' title="bbox 2315 5132 3404 5205">
     <span class='ocr_line' id='line_1_111' title="bbox 2315 5132 3404 5205; baseline 0.003 -17"><span class='ocrx_word' id='word_1_715' title='bbox 2315 5132 2635 5190; x_wconf 69' lang='lat' dir='ltr'><strong>Iudaeorum</strong></span> <span class='ocrx_word' id='word_1_716' title='bbox 2664 5135 2725 5188; x_wconf 79' lang='lat' dir='ltr'><strong>in</strong></span> <span class='ocrx_word' id='word_1_717' title='bbox 2753 5141 2950 5205; x_wconf 78' lang='lat' dir='ltr'><strong>septem</strong></span> <span class='ocrx_word' id='word_1_718' title='bbox 2974 5142 3158 5193; x_wconf 74' lang='lat' dir='ltr'><strong>sectas</strong></span> <span class='ocrx_word' id='word_1_719' title='bbox 3187 5137 3404 5194; x_wconf 74' lang='lat' dir='ltr'><strong>divisio.</strong></span> 
     </span>
    </p>
   </div>
   <div class='ocr_carea' id='block_1_112' title="bbox 2119 5251 3693 5326">
    <p class='ocr_par' dir='ltr' id='par_1_112' title="bbox 2119 5251 3693 5326">
     <span class='ocr_line' id='line_1_112' title="bbox 2119 5251 3693 5326; baseline 0.006 -20"><span class='ocrx_word' id='word_1_720' title='bbox 2119 5253 2197 5306; x_wconf 85' lang='lat' dir='ltr'><strong>Ex</strong></span> <span class='ocrx_word' id='word_1_721' title='bbox 2226 5251 2562 5322; x_wconf 85' lang='lat' dir='ltr'><strong>hujusmodi</strong></span> <span class='ocrx_word' id='word_1_722' title='bbox 2599 5253 2941 5310; x_wconf 78' lang='lat' dir='ltr'><strong>Essenorum</strong></span> <span class='ocrx_word' id='word_1_723' title='bbox 2975 5254 3201 5312; x_wconf 77' lang='lat' dir='ltr'><strong>vivendi</strong></span> <span class='ocrx_word' id='word_1_724' title='bbox 3250 5258 3386 5326; x_wconf 90' lang='lat' dir='ltr'><strong>ritu,</strong></span> <span class='ocrx_word' id='word_1_725' title='bbox 3447 5259 3508 5314; x_wconf 89' lang='lat' dir='ltr'><strong>ni</strong></span> <span class='ocrx_word' id='word_1_726' title='bbox 3567 5274 3693 5316; x_wconf 89' lang='lat' dir='ltr'><strong>mea</strong></span> 
     </span>
    </p>
   </div>
   <div class='ocr_carea' id='block_1_113' title="bbox 2045 5340 3694 5420">
    <p class='ocr_par' dir='ltr' id='par_1_113' title="bbox 2045 5340 3694 5420">
     <span class='ocr_line' id='line_1_113' title="bbox 2045 5340 3694 5420; baseline 0.003 -23"><span class='ocrx_word' id='word_1_727' title='bbox 2045 5358 2137 5397; x_wconf 89' lang='lat' dir='ltr'><strong>me</strong></span> <span class='ocrx_word' id='word_1_728' title='bbox 2168 5340 2314 5396; x_wconf 88' lang='lat' dir='ltr'><strong>fallit</strong></span> <span class='ocrx_word' id='word_1_729' title='bbox 2343 5341 2560 5410; x_wconf 79' lang='lat' dir='ltr'><strong>Opinio,</strong></span> <span class='ocrx_word' id='word_1_730' title='bbox 2622 5347 2907 5399; x_wconf 87' lang='lat' dir='ltr'><strong>nostrates</strong></span> <span class='ocrx_word' id='word_1_731' title='bbox 2961 5346 3211 5401; x_wconf 63' lang='grc' dir='ltr'><strong>Νείκενωὶ</strong></span> <span class='ocrx_word' id='word_1_732' title='bbox 3267 5347 3544 5420; x_wconf 86' lang='lat' dir='ltr'><strong>pleraque</strong></span> <span class='ocrx_word' id='word_1_733' title='bbox 3583 5364 3694 5404; x_wconf 91' lang='lat' dir='ltr'><strong>sua</strong></span> 
     </span>
    </p>
   </div>
   <div class='ocr_carea' id='block_1_114' title="bbox 2043 5433 3696 5511">
    <p class='ocr_par' dir='ltr' id='par_1_114' title="bbox 2043 5433 3696 5511">
     <span class='ocr_line' id='line_1_114' title="bbox 2043 5433 3696 5511; baseline 0.003 -21"><span class='ocrx_word' id='word_1_734' title='bbox 2043 5433 2311 5490; x_wconf 88' lang='lat' dir='ltr'><strong>instituta</strong></span> <span class='ocrx_word' id='word_1_735' title='bbox 2340 5433 2846 5502; x_wconf 77' lang='lat' dir='ltr'><strong>deprompserunt,</strong></span> <span class='ocrx_word' id='word_1_736' title='bbox 2882 5438 3146 5506; x_wconf 85' lang='lat' dir='ltr'><strong>quamvis</strong></span> <span class='ocrx_word' id='word_1_737' title='bbox 3196 5442 3254 5494; x_wconf 89' lang='lat' dir='ltr'><strong>et</strong></span> <span class='ocrx_word' id='word_1_738' title='bbox 3308 5439 3406 5497; x_wconf 86' lang='lat' dir='ltr'><strong>illa</strong></span> <span class='ocrx_word' id='word_1_739' title='bbox 3437 5443 3696 5511; x_wconf 85' lang='lat' dir='ltr'><strong>tempore</strong></span> 
     </span>
    </p>
   </div>
   <div class='ocr_carea' id='block_1_115' title="bbox 2042 5522 3698 5585">
    <p class='ocr_par' dir='ltr' id='par_1_115' title="bbox 2042 5522 3698 5585">
     <span class='ocr_line' id='line_1_115' title="bbox 2042 5522 3698 5585; baseline 0.003 -7"><span class='ocrx_word' id='word_1_740' title='bbox 2042 5522 2470 5579; x_wconf 89' lang='lat' dir='ltr'><strong>interciderent.</strong></span> <span class='ocrx_word' id='word_1_741' title='bbox 2503 5523 2786 5578; x_wconf 80' lang='lat' dir='ltr'><strong>Caeterum</strong></span> <span class='ocrx_word' id='word_1_742' title='bbox 2819 5526 3049 5582; x_wconf 88' lang='lat' dir='ltr'><strong>tandem</strong></span> <span class='ocrx_word' id='word_1_743' title='bbox 3079 5525 3425 5584; x_wconf 86' lang='lat' dir='ltr'><strong>Judaismus</strong></span> <span class='ocrx_word' id='word_1_744' title='bbox 3477 5528 3536 5585; x_wconf 91' lang='lat' dir='ltr'><strong>in</strong></span> <span class='ocrx_word' id='word_1_745' title='bbox 3589 5529 3698 5585; x_wconf 87' lang='lat' dir='ltr'><strong>Sa-</strong></span> 
     </span>
    </p>
   </div>
   <div class='ocr_carea' id='block_1_116' title="bbox 2043 5611 3696 5689">
    <p class='ocr_par' dir='ltr' id='par_1_116' title="bbox 2043 5611 3696 5689">
     <span class='ocr_line' id='line_1_116' title="bbox 2043 5611 3696 5689; baseline 0.003 -22"><span class='ocrx_word' id='word_1_746' title='bbox 2043 5613 2295 5677; x_wconf 76' lang='lat' dir='ltr'><strong>ducaeos,</strong></span> <span class='ocrx_word' id='word_1_747' title='bbox 2325 5611 2576 5680; x_wconf 87' lang='lat' dir='ltr'><strong>Scribas,</strong></span> <span class='ocrx_word' id='word_1_748' title='bbox 2611 5611 2949 5682; x_wconf 67' lang='lat' dir='ltr'><strong>Phariam-os,</strong></span> <span class='ocrx_word' id='word_1_749' title='bbox 2997 5614 3549 5689; x_wconf 85' lang='lat' dir='ltr'><strong>Hemerobaptistas,</strong></span> <span class='ocrx_word' id='word_1_750' title='bbox 3578 5617 3696 5672; x_wconf 90' lang='lat' dir='ltr'><strong>Na-</strong></span> 
     </span>
    </p>
   </div>
   <div class='ocr_carea' id='block_1_117' title="bbox 2043 5699 3390 5769">
    <p class='ocr_par' dir='ltr' id='par_1_117' title="bbox 2043 5699 3390 5769">
     <span class='ocr_line' id='line_1_117' title="bbox 2043 5699 3390 5769; baseline 0.001 -13"><span class='ocrx_word' id='word_1_751' title='bbox 2043 5714 2269 5767; x_wconf 77' lang='lat' dir='ltr'><strong>zarseos,</strong></span> <span class='ocrx_word' id='word_1_752' title='bbox 2302 5701 2542 5769; x_wconf 71' lang='lat' dir='ltr'><strong>Essasos,</strong></span> <span class='ocrx_word' id='word_1_753' title='bbox 2575 5706 2629 5757; x_wconf 93' lang='lat' dir='ltr'><strong>et</strong></span> <span class='ocrx_word' id='word_1_754' title='bbox 2659 5699 3014 5760; x_wconf 87' lang='lat' dir='ltr'><strong>Herodiauos</strong></span> <span class='ocrx_word' id='word_1_755' title='bbox 3041 5704 3257 5762; x_wconf 84' lang='lat' dir='ltr'><strong>divisus</strong></span> <span class='ocrx_word' id='word_1_756' title='bbox 3285 5709 3390 5762; x_wconf 88' lang='lat' dir='ltr'><strong>est.</strong></span> 
     </span>
    </p>
   </div>
  </div>
