4090 6298
461 381 618 444 H23

1036 511 1191 570 CAP.
1227 511 1542 568 XXXVIII.

1081 631 1156 685 De
1184 629 1486 686 Seducm's.

527 759 595 811 Et
627 753 1028 810 Dositheorum
1053 756 1205 806 certe
1229 749 1382 805 velut
1414 747 1639 804 avulsio
1673 747 1938 818 quendam
2007 745 2118 799 fra.

457 848 832 917 gmentumve
861 841 1126 896 Saducaei
1183 844 1348 896 sunt.
1404 839 1665 893 Saducaei
1725 841 1918 891 autem
1946 832 2115 906 quasi

451 934 596 1005 justi
631 935 924 988 dicuntur.
955 933 1138 986 Sadoc
1169 931 1322 984 enim
1357 929 1612 983 Hebraeis
1636 930 1837 997 justus
1899 931 2011 980 est.
2049 921 2115 978 lli

455 1040 626 1096 porro
661 1025 1024 1076 mortuorum
1085 1020 1569 1076 resurrectionem
1625 1015 1976 1086 improbant,
2011 1029 2112 1068 an-

456 1113 612 1184 gelos
643 1126 752 1166 non
791 1111 1134 1175 admittunt,
1167 1107 1449 1181 Spiritum
1503 1115 1768 1161 sanctum
1823 1105 2112 1174 ignorant.

460 1204 524 1258 In
553 1199 773 1256 caeteris
801 1199 1072 1255 omnibus
1103 1215 1236 1254 cum
1271 1197 1561 1252 Dositheis
1591 1195 1967 1250 conveniunt.

1070 1314 1222 1369 CAP.
1255 1313 1496 1369 XXXIX.

1099 1445 1176 1498 De
1210 1441 1440 1498 Scribis.

527 1563 737 1618 Scribis
772 1567 966 1616 autem
1007 1560 1154 1632 legis
1213 1554 1558 1632 δευτερωταὶ,
1591 1555 1702 1611 hoc
1755 1557 1840 1610 est:
1898 1569 2114 1610 secun-

455 1649 602 1706 darii
632 1650 1106 1714 denominantur,
1133 1647 1250 1703 sive
1274 1645 1360 1701 illi
1384 1647 1485 1717 qui
1535 1643 1885 1700 traditiones
1916 1647 1970 1696 et
2000 1656 2110 1694 cae-

1769 373 2080 438 NICETJE
2121 373 2554 437 CHONIATJE

2143 513 2200 580 Α
2228 510 2724 568 immortalitatem
2755 511 3098 583 tribuerent,
3127 511 3408 570 bonorum
3443 520 3600 572 certe
3653 519 3904 574 tantum

3745 381 3912 443 1124

2224 602 2448 658 animas
2505 601 2565 656 in
2627 600 2739 657 alia
2795 602 3044 658 transire
3101 619 3359 673 corpora,
3422 604 3717 662 malorum
3773 625 3908 664 vero

2225 691 2452 748 aeternis
2483 691 2674 747 addici
2707 691 3009 762 suppliciis
3041 691 3346 749 docebant.

2744 804 2813 859 De
2843 804 3346 875 Hemerobaptistis.

2885 911 3033 966 CAP.
3068 911 3208 968 XLI.

2295 1026 2801 1098 Hemcrobaptistae
2826 1027 2882 1082 in
2915 1027 3024 1084 hoc
3057 1029 3338 1084 duntaxat
3397 1046 3430 1084 a
3487 1030 3812 1086 Pharisaeis
3843 1043 3894 1088 et

2225 1116 2442 1171 Scribis
2475 1117 2840 1186 differebant,
2875 1117 3026 1187 quod
3063 1118 3188 1172 fieri
3221 1135 3334 1172 non
3383 1135 3553 1188 posse
3601 1120 3899 1188 dicerent,

2225 1213 2284 1258 ut
2316 1205 2615 1276 quisquam
2649 1205 2845 1261 salvus
2876 1209 3160 1272 evaderet,
3193 1207 3304 1262 nisi
3335 1208 3432 1278 qui
3481 1209 3746 1280 singulis
3777 1211 3898 1266 die-

2225 1295 2332 1350 bus
2359 1311 2520 1352 sacro
2547 1297 2890 1368 baptismate
2920 1298 3260 1366 tingeretur.

2837 1416 2908 1468 De
2937 1416 3254 1471 Nazaraeis.

2863 1521 3019 1577 CAP.
3053 1522 3220 1578 XLII.

2291 1630 2561 1698 Nazarazi,
2594 1629 2696 1700 qui
2748 1629 2818 1700 (si
2871 1631 3135 1686 vocabuli
3197 1631 3310 1686 vim
3351 1631 3790 1704 interpretari)
3827 1633 3892 1688 ii.

455 1740 748 1797 remonias
783 1740 852 1794 ad
879 1738 1062 1810 legem
1087 1715 1454 1807 adjiciebant.
1475 1734 1776 1806 Siquidem
1810 1730 2108 1787 seniorum

2226 1720 2350 1774 dem
2383 1723 2518 1774 sunt
2549 1719 2650 1791 qui
2679 1723 2734 1774 et
2763 1715 3106 1794 ἆφηνιασταὶ,
3141 1721 3194 1774 id
3230 1727 3336 1789 est,
3371 1721 3636 1788 rebelles,
3703 1724 3886 1792 patri-

459 1829 798 1885 ιι-ωιίιίοῃρε
859 1807 1206 1900 δειξτερώσεις
1267 1823 1726 1897 appellabantur,
1783 1821 1873 1888 Hi,
1935 1823 1999 1874 ut
2049 1819 2108 1873 in
2218 1807 2420 1900 archus
2450 1823 2672 1875 omnes,
2705 1824 2955 1878 quorum
2987 1808 3046 1862 in
3099 1807 3296 1864 Bibliis
3347 1809 3614 1865 Mosaicis
3671 1811 3884 1866 mentio

455 1919 677 1975 ert-teris
710 1933 840 1974 cum
871 1919 1209 1972 Judzeorum
1261 1915 1428 1986 vulgo
1475 1913 1876 1976 convenirent,
1907 1925 2104 1980 super-

2226 1897 2680 1969 fit,Mosemque
2739 1897 2882 1954 adeo
2943 1897 3138 1969 ipsum
3198 1898 3506 1970 recipiunt.
3570 1904 3884 1956 Pentateu-

457 2007 592 2064 ﬂuis
620 2013 812 2063 tamen
846 2005 1041 2062 nescio
1071 2005 1286 2076 quibus
1318 1985 1819 2058 observationibus
1869 1996 2105 2066 addicti,
2217 1985 2394 2040 Chum
2429 2001 2559 2040 vero
2611 1985 2964 2058 improbant,
3025 1991 3194 2058 atque
3253 1987 3425 2043 aliam
3485 1988 3634 2044 Mosi
3697 1988 3880 2060 legem

455 2114 690 2164 urceos,
723 2095 948 2168 pocula,
985 2095 1231 2166 patinas,
1257 2099 1314 2148 et
1345 2097 1550 2146 caetera
1607 2091 1664 2144 id
1713 2105 1896 2160 genus
1947 2103 2110 2142 men-

459 2189 602 2242 satia
632 2199 1124 2256 Vasa,pugnoque
1178 2184 1324 2236 facto
1381 2197 1515 2236 suas
1574 2181 1835 2250 ipsorum
1901 2191 2110 2231 manus

462 2275 774 2332 eurinsiore
805 2271 1212 2342 superstitione
1239 2270 1568 2325 abluebant.
1601 2267 1846 2323 Vascula
1869 2267 2112 2334 insuper

458 2373 588 2420 ante
623 2362 1072 2434 perpurgabant,
1136 2375 1312 2431 quam
1364 2359 1522 2413 cii-os
1573 2373 1642 2412 ex
1673 2356 1788 2411 illis
1811 2359 2107 2427 caperent.

458 2452 819 2518 Dalmaticis,
854 2467 980 2522 qua
1017 2465 1172 2504 nunc
1202 2449 1428 2505 colobia
1485 2450 1778 2514 dicuntur,
1827 2462 2112 2518 purpura-

459 2559 571 2617 que
605 2545 1016 2613 praatexuntur,
1045 2537 1257 2602 induti,
1291 2537 1644 2610 phylacteria
1699 2553 1806 2592 sua
1863 2539 2115 2592 ostenta-

468 2632 627 2698 bant,
669 2629 866 2684 breves
925 2628 1200 2682 nimirum
1255 2625 1527 2694 Cartuias,
1582 2625 1792 2695 quibus
1842 2625 2115 2695 inscripta

456 2721 550 2777 lex
577 2725 717 2788 erat,
753 2735 900 2790 quas
931 2716 1019 2772 illi
1079 2717 1350 2786 pretiosis
1409 2715 1603 2770 fasciis
1659 2720 1909 2786 ornatas,
1951 2731 2119 2770 auro-

465 2828 577 2884 que
607 2811 934 2878 distinclas,
971 2817 1242 2877 tanquam
1274 2805 1604 2862 Judaeorum
1645 2805 1927 2877 magistri,
1961 2805 2119 2861 defe-

465 2902 688 2958 rebant.
751 2897 1022 2955 Fimbriae
1081 2900 1356 2968 praeterea
1413 2895 1482 2950 ab
1563 2895 1796 2950 illorum
1863 2895 2119 2950 vestibus

467 2989 980 3064 promittebantur,
1014 2990 1374 3057 quatuorque
1421 2983 1577 3039 stolis
1637 2985 1970 3039 earumdem
2009 2983 2118 3039 alis

461 3080 621 3134 aurci
657 3077 932 3148 corymbi,
969 3075 1252 3129 maiorum
1311 3072 1653 3144 punicorum
1716 3071 2116 3140 similitudine,

461 3168 620 3225 affixi
651 3171 838 3230 erant,
872 3181 988 3235 quo
1021 3167 1283 3233 tempore
1311 3162 1550 3216 illorum
1591 3161 1884 3232 quispiam
1933 3163 2118 3218 conti-

461 3257 656 3321 nebat,
689 3263 785 3308 aut
813 3250 1200 3322 virginitatem
1233 3249 1549 3304 exercebat.

1113 3366 1274 3424 CAP.
1307 3363 1420 3420 XL.

1067 3485 1144 3538 De
1173 3481 1492 3538 Phariszcis.

537 3610 609 3661 At
649 3601 922 3660 Pharisaei
979 3600 1140 3656 cultu
1191 3599 1495 3672 religionis
1551 3599 1829 3656 exteriore
1885 3601 2115 3658 Scribas

456 3697 626 3770 longe
659 3694 1037 3766 superabant,
1073 3707 1320 3762 quorum
1354 3689 1452 3746 alii
1511 3689 1741 3746 tabulas
1802 3691 1918 3746 sibi
1978 3691 2114 3748 lati-

456 3785 659 3842 tudine
692 3781 1044 3854 bipalmares
1075 3780 1486 3852 subjiciebaut,
1519 3785 1584 3834 ut
1639 3781 1689 3835 si
1749 3781 1971 3851 quando
2002 3781 2112 3837 sub

455 3878 682 3932 noctem
715 3887 922 3928 somno
951 3869 1086 3926 victi
1118 3871 1178 3925 in
1208 3869 1601 3940 pavimentum
1641 3869 2108 3939 procumberent,

454 3963 759 4022 confestim
817 3960 1195 4032 expergefacti
1251 3957 1482 4014 Numen
1541 3967 1932 4029 precarentur.
1993 3949 2112 4014 Alii

454 4052 712 4111 calculos
745 4053 846 4106 aut
881 4049 1078 4118 spinas
1105 4047 1216 4104 sibi
1249 4047 1832 4116 substernebant,alii
1864 4049 1930 4104 ad
1965 4066 2107 4121 prae-

456 4141 688 4196 finitum
721 4145 952 4209 tempus
981 4137 1042 4192 in
1073 4135 1402 4208 virginitate
1461 4136 1768 4208 degebant,
1810 4141 1986 4207 atque
2029 4139 2109 4194 ita

455 4229 552 4286 alii
583 4229 652 4282 ad
683 4227 999 4292 decimum,
1031 4223 1127 4280 alii
1164 4226 1230 4280 ad
1263 4229 1556 4294 octavum,
1589 4225 1686 4281 alii
1719 4226 1788 4281 ad
1833 4231 2106 4298 quartum

455 4333 644 4388 usque
675 4329 892 4370 annum
925 4315 1392 4384 perseverabant,
1435 4314 1620 4371 donec
1673 4315 1734 4370 in
1787 4315 2002 4371 somnis
2034 4317 2104 4372 ad

454 4406 697 4462 Veneris
729 4405 881 4459 furta
935 4403 1390 4458 stimularentur.
1447 4403 1544 4458 Bis
1602 4403 1661 4458 in
1708 4403 1979 4472 Sabbato,
2013 4423 2104 4461 se-

447 4497 635 4554 cunda
667 4495 948 4550 nimirum
979 4497 1036 4548 et
1057 4493 1260 4562 quinta
1288 4491 1450 4559 feria,
1501 4492 1869 4562 jejunabant.
1931 4495 2104 4553 Porro

443 4588 868 4645 Pharisaeorum
901 4601 1102 4639 nomen
1139 4584 1358 4652 indepti
1391 4591 1550 4648 sunt,
1581 4587 1641 4638 ut
1694 4584 1789 4652 qui
1849 4585 1920 4641 ab
1950 4585 2098 4654 aliis,

445 4695 560 4751 prae
616 4675 1020 4747 hujuscemodi
1103 4672 1483 4743 philosophiae
1565 4673 1782 4741 studio,
1859 4675 2110 4746 sejuncti

451 4769 812 4823 cssent.Nam
849 4763 1063 4818 Phares
1085 4760 1340 4816 Hebraeis
1391 4761 1542 4816 idem
1579 4767 1683 4824 est,
1741 4763 1840 4833 qui
1895 4767 2105 4822 Graecis

448 4855 846 4931 ἀφωρισμένος,
881 4857 936 4908 et
985 4851 1208 4906 Latinis
1265 4854 1614 4921 segregatus.
1675 4851 1764 4906 Illi
1825 4859 2105 4924 praeterea

453 4951 811 5000 mortuorum
847 4941 1350 5006 resurrectionem,
1406 4938 1648 5011 angelos
1706 4945 1762 4995 et
1821 4942 2100 5014 Spiritum

451 5038 942 5096 sanctum,contra
961 5031 1368 5086 Saducmorum
1394 5029 1624 5100 dogma,
1654 5030 2098 5088 confitebantur.

449 5119 632 5174 Iidem
666 5120 778 5173 fato
810 5123 866 5173 et
889 5118 1258 5176 astronomiae
1293 5117 1498 5172 intenti
1531 5135 1564 5172 a
1603 5119 1853 5190 gravidis
1901 5124 2098 5194 conju-

451 5208 623 5279 gibus
655 5206 1051 5273 abstinebant,
1115 5223 1230 5278 quo
1287 5207 1432 5262 facto
1481 5223 1540 5262 se
1579 5223 1692 5262 non
1728 5208 2096 5268 fruendarum

449 5295 838 5365 voluptatum,
870 5299 970 5350 sed
1007 5296 1317 5350 liberorum
1361 5295 1868 5365 suscipiendorum
1913 5302 2100 5372 gratia

451 5399 656 5440 uxores
701 5383 934 5440 duxisse
993 5384 1421 5455 signiﬁcabant.
1483 5384 1697 5441 Balnea
1757 5389 1908 5458 apud
1967 5391 2098 5448 illos

451 5472 686 5526 feminis
717 5470 937 5542 velatis,
967 5473 1460 5544 quemadmodum
1520 5481 1574 5528 et
1627 5474 1762 5531 viris
1813 5479 2095 5552 subligari

451 5561 793 5633 praecinctis,
854 5564 1353 5635 permittebantur.
1409 5561 1483 5618 Ut
1559 5565 1769 5621 animis
1823 5571 2096 5630 omnibus

515 5685 538 5722 τ
567 5689 708 5744 Gen.
742 5687 904 5758 nix,
938 5687 1024 5745 10.

2135 4638 2188 4704 D

2219 2077 2414 2134 datam
2451 2076 2629 2130 fuisse
2655 2077 3040 2142 contendunt,
3074 2093 3189 2150 quo
3249 2077 3313 2131 ﬁt
3371 2081 3434 2132 ut
3489 2077 3562 2132 ab
3597 2078 3876 2133 animatis

2219 2165 2494 2220 omnibus
2539 2164 2894 2234 abstineant,
2957 2166 3250 2236 nullisque
3309 2168 3566 2222 cruentis
3628 2167 3877 2223 victimis

2220 2254 2280 2309 in
2313 2255 2618 2310 sacrificiis
2650 2259 2912 2311 utantur.

2863 2363 3013 2419 CAP.
3045 2363 3226 2420 XLIII.

2221 2477 2294 2532 De
2321 2476 2544 2545 Essacis,
2575 2485 2627 2532 et
2669 2477 2833 2532 ELcai
2887 2478 3372 2548 pseudoprophcla,
3427 2487 3478 2534 et
3524 2481 3648 2548 eius

2411 2483 2544 2545 sacis,
2575 2485 2627 2532 et
2669 2483 2833 2532 ELcai
2887 2483 3372 2548 pseudOprophcla,
3427 2487 3478 2534 et
3524 2483 3648 2548 eius
3701 2483 3863 2550 fratre

2411 2550 2584 2606 Ιεχῶο
2613 2565 2737 2604 cum
2765 2549 3043 2605 sororibus
3065 2551 3269 2606 Martha
3291 2555 3340 2607 et
3371 2551 3678 2607 Marthana.

2295 2655 2472 2711 Essaei
2505 2661 2716 2712 cuncta
2769 2673 2834 2712 ex
2890 2656 3038 2729 legis
3098 2657 3431 2729 praescripto
3489 2662 3775 2730 gerentes,
3807 2663 3862 2713 ut

2224 2761 2402 2817 supra
2431 2745 2711 2816 dixi,aliis
2743 2761 2972 2818 quoque
3008 2750 3212 2818 praeter
3242 2746 3426 2816 legem
3463 2747 3696 2818 scriptis
3745 2755 3856 2802 ute-

2225 2835 2455 2890 bantur.
2518 2835 2957 2905 Abjectissimos
3015 2835 3072 2890 id
3131 2836 3388 2892 nominis
3438 2841 3496 2892 et
3562 2835 3852 2891 vilissimas

2225 2923 2541 2995 signiﬁcat.
2601 2922 2721 2978 Illis
2787 2923 2948 2979 Elxai
3029 2924 3266 2995 quidam
3343 2924 3846 2997 pseudopropheta,

2225 3028 2540 3085 rerumque
2571 3012 2957 3069 laudabilium
2991 3019 3320 3085 corruptor,
3379 3015 3603 3086 Trajani
3653 3014 3834 3068 Rema-

2227 3118 2434 3158 norum
2465 3102 2829 3173 imperatoris
2883 3103 3246 3174 temporibus
3307 3118 3369 3158 se
3409 3103 3696 3174 conjunxit,
3729 3098 3821 3167 qui

2225 3191 2440 3246 Christi
2460 3191 2520 3246 in
2545 3207 2718 3248 carne
2739 3191 3053 3246 adventum
3078 3191 3813 3265 negabat,virginitatemque

2153 3267 2195 3334 C
2225 3285 2282 3336 et
2305 3281 2724 3337 continentiam
2755 3282 3087 3337 detestatus
3115 3281 3191 3336 ad
3234 3283 3468 3353 nuptias
3515 3277 3824 3335 exhortaba-

2229 3376 2345 3427 tur.
2381 3373 2534 3428 Eixai
2563 3372 2701 3428 huic
2735 3373 2969 3428 fratrem
3021 3373 3201 3428 fuisse
3259 3372 3444 3444 aiunt,
3501 3371 3598 3444 qui
3645 3369 3839 3425 lezeus

2232 3461 2540 3532 diceretur,
2583 3467 2919 3534 posteaque,
2977 3462 3173 3534 magni
3231 3462 3456 3519 scilicet
3509 3455 3843 3516 Constantini

2225 3551 2607 3623 temporibus,
2641 3569 2758 3608 una
2789 3568 2922 3608 cum
2955 3552 3186 3608 duabus
3204 3553 3502 3608 sororibus
3525 3549 3840 3613 innotuerit,

2227 3658 2354 3712 quae
2384 3643 2584 3697 eodem
2620 3658 2731 3712 quo
2780 3641 2878 3697 ille
2934 3657 3145 3714 genere
3203 3647 3494 3714 prognatae
3557 3641 3848 3700 ferrentur,

2226 3731 2449 3787 Martho
2479 3730 2696 3788 scilicet
2721 3736 2780 3788 et
2815 3731 3139 3800 Marthana,
3199 3731 3416 3802 quibus
3475 3747 3669 3786 errore
3725 3727 3858 3784 deli-

2226 3820 2350 3874 buti
2382 3819 2673 3892 homine,
2705 3829 2982 3893 tanquam
3015 3821 3236 3877 deabus
3270 3837 3302 3876 a
3331 3820 3536 3875 divinu
3590 3819 3750 3875 Elxai
3777 3835 3858 3874 se-

2225 3911 2382 3966 mine
2414 3910 2734 3982 prognatis,
2765 3909 3028 3966 divinum
3063 3910 3286 3966 cultum
3345 3909 3710 3966 exhiberent.
3749 3908 3860 3964 Cae-

2221 4003 2409 4056 terum
2443 4001 2598 4055 Elxai
2627 3999 2942 4071 potentiam
2973 4000 3264 4056 occultam
3290 4003 3348 4055 et
3377 4015 3656 4055 arcanam
3687 3999 3859 4068 signi-

2222 4088 2376 4145 ﬁcat.
2409 4089 2476 4146 El
2507 4089 2662 4144 enim
2694 4088 2952 4146 Hebraeis
2983 4089 3259 4161 potentia,
3294 4089 3399 4145 Xai
3447 4088 3684 4146 occulta
3727 4087 3864 4143 diei-

2219 4179 2336 4231 tur.

2849 4283 3002 4338 CAP.
3037 4281 3230 4339 XLIV.

2818 4392 2889 4446 De
2921 4381 3261 4448 Herodian'z's.

2291 4501 2598 4556 Ilerodiani
2633 4499 2704 4556 ab
2729 4500 2950 4555 Herode
3007 4499 3292 4572 Antipatri
3349 4498 3472 4554 ﬁlio
3533 4516 3759 4556 nomen
3791 4513 3870 4554 ac-

2217 4597 2514 4662 ceperunt.
2563 4589 2870 4660 Antipater
2921 4588 3079 4644 enim
3137 4587 3504 4646 Ascalonites
3563 4605 3600 4642 a
3659 4589 3872 4646 Judaeis

2221 4684 2428 4752 captus
2455 4683 2512 4734 et
2539 4679 2827 4734 abductus
2863 4679 3148 4734 Herodem
3215 4678 3382 4734 illum
3439 4680 3732 4751 suscepit,
3785 4677 3874 4750 qui

2222 4768 2432 4824 Christi
2467 4767 2827 4838 temporibus
2857 4783 3066 4838 pueros
3100 4766 3406 4824 interfecit.
3467 4767 3742 4824 Tandem
3789 4772 3876 4821 De-

2217 4859 2423 4914 metrio
2455 4856 2918 4912 familiarissime
2968 4857 3340 4928 conjunctus,
3395 4855 3700 4926 Judaeque
3753 4873 3871 4928 pro-

2213 4951 2446 5004 curator
2475 4946 2739 5010 eti‘ectus,
2771 4946 3026 5012 aeipsum
3058 4962 3190 5000 eum
3211 4945 3436 5002 Herode
3469 4944 3592 4999 ﬁlio
3628 4946 3874 5002 circum-

2211 5037 2523 5092 cidendum
2558 5037 2802 5094 curavit.
2831 5037 2933 5091 Hic
2961 5038 3218 5093 Herodes
3271 5044 3471 5106 postea
3522 5051 3668 5092 cum
3723 5035 3870 5092 Julio

2209 5124 2442 5194 Caesari,
2475 5125 2746 5194 Antonio,
2781 5131 2838 5180 et
2875 5127 3136 5196 Augusto
3197 5123 3580 5192 innotuisset,
3647 5125 3876 5181 Judmo-

2211 5230 2340 5269 rum
2373 5229 2550 5286 regno
2581 5213 2888 5284 praefectus
2920 5219 3024 5268 est.
3059 5212 3330 5270 Nonnulli
3357 5228 3492 5282 ergo
3539 5210 3722 5267 illum
3756 5225 3872 5267 esse

2207 5305 2507 5361 Christum
2541 5305 3000 5369 arbitrabantur,
3057 5304 3258 5360 Jacobi
3319 5303 3544 5358 scilicet
3591 5299 3872 5359 vaticinia

2207 5395 2463 5460 adducti,
2501 5395 2652 5466 quod
2685 5395 2764 5450 ita
2819 5394 3012 5450 canit:
3073 5395 3192 5452 Non
3246 5393 3456 5463 deﬁciet
3519 5391 3646 5447 diu:
3705 5402 3874 5462 neque

2205 5486 2459 5555 princeps
2489 5483 2550 5540 de
2577 5485 2786 5553 femore
2815 5484 2958 5554 ejus,
2989 5483 3160 5539 donec
3189 5481 3376 5540 ueniat
3425 5483 3518 5536 cui
3565 5484 3876 5553 repositum

2204 5583 2285 5632 est
2310 5572 2353 5644 ⁷,
2385 5573 2599 5632 idcirco
2631 5573 2943 5630 Herodiani
2977 5573 3379 5628 nominantur.

2895 5703 2926 5720 in

4018 2055 4020 2196 Ὺ

4018 2255 4020 2382 t
