4090 6298
245 372 402 444 1125

870 498 1022 556 CAP.
1056 497 1216 553 XLV.

727 617 887 673 Libri
914 612 1094 686 primi
1121 612 1397 684 Epilogus.

306 745 496 812 Atque
556 737 640 791 hae
694 734 930 806 quidem
991 734 1128 786 sunt
1185 729 1433 784 haereses
1490 739 1617 796 quae
1674 720 1887 778 Christi

241 834 298 889 in
335 847 510 889 carne
542 829 850 884 adventum
886 829 1318 895 praecesserunt,
1338 835 1441 873 nec
1463 823 1656 871 tamen
1682 829 1889 869 omnes

243 923 585 994 improbata:
626 922 783 984 sunt,
805 923 891 970 ast
924 914 1037 968 illa:
1071 915 1460 980 tantumque
1494 906 1669 962 Mosis
1700 904 1885 975 legem

238 1011 630 1082 antiquabant
662 1007 902 1077 ejusque
937 1001 1165 1074 placitis
1202 1001 1677 1055 adversabantur.
1712 996 1886 1051 Porro

239 1102 663 1159 Pharisaeorum
722 1101 779 1151 et
834 1094 1167 1150 Scribarum
1229 1091 1594 1153 traditiones,
1636 1088 1686 1142 si
1753 1101 1887 1141 cum

233 1191 378 1262 legis
408 1186 664 1246 oraculis
695 1186 1167 1247 observarentur,
1201 1179 1344 1236 nihil
1404 1177 1724 1250 praajudicii
1783 1193 1887 1248 pa—

240 1280 488 1335 riebant.
523 1275 669 1331 Nam
703 1274 840 1344 quid
866 1271 1083 1342 alioqui
1109 1269 1443 1325 detrimenti
1466 1284 1534 1323 ex
1583 1282 1888 1322 urccorum

239 1366 569 1440 baptismis,
606 1379 887 1419 manuum
923 1360 1340 1428 ablutionihus,
1362 1356 1890 1413 tintinnabulorum

239 1461 458 1521 sonitu,
521 1453 935 1524 corymborum
1015 1465 1327 1505 aureorum
1409 1447 1889 1520 appensiunibus,

239 1546 578 1617 tabulisque
610 1540 1038 1612 hipalmaribus
1083 1539 1155 1594 ad
1216 1553 1484 1593 somnum
1547 1536 1890 1608 capiendum

242 1635 590 1698 substratis,
645 1629 1002 1700 ejuscemodi
1085 1626 1551 1682 Observationum
1625 1626 1891 1682 studioso

243 1722 480 1779 conﬂari
509 1720 797 1792 potuisset
825 1719 852 1773 ‘?
885 1718 1047 1772 Idem
1106 1717 1177 1771 de
1229 1714 1452 1786 jejunio
1503 1715 1890 1785 judicandum

1568 347 1965 413 THESAURI
2015 342 2165 404 LIB.
2211 339 2289 403 II.

1901 485 1956 552 Α
1993 493 2194 552 preces
2217 475 2426 532 mediis
2455 475 2514 531 in
2540 472 2747 546 plateis
2778 471 2945 540 (usae,
2978 470 3334 542 privatorum
3387 472 3616 546 deniqu

3495 337 3652 402 1126

2001 567 2412 622 mandatorum
2472 580 2584 636 prae
2651 561 2866 618 divinis
2916 561 3260 630 observatio,
3288 565 3460 634 atque
3510 565 3650 619 adeo

2001 653 2512 712 accuratissimum
2548 653 2884 723 dogmatum
2937 667 3181 705 suorum
3237 667 3352 722 prae
3390 651 3485 707 Dei
3515 669 3652 724 pm.

2000 745 2181 816 ceplis
2212 744 2500 807 studium,
2531 747 2847 797 extremam
2884 739 3263 811 proculdubio
3314 741 3527 796 animis
3556 742 3658 796 ho-

2000 836 2228 889 minum
2265 832 2578 904 perniciem
2611 831 2968 899 exitiumque
3021 828 3312 883 aﬁ‘erunt:
3374 836 3440 884 ut
3507 833 3654 886 satis

1998 924 2118 979 hinc
2140 939 2434 994 superque
2457 917 2850 991 Thcanthropi
2885 919 3055 972 verba
3097 918 3385 973 indicant:
3430 923 3531 975 Vae
3559 936 3655 975 v0-

2001 1013 2106 1080 bis,
2161 1012 2440 1068 Pharisaei
2487 1007 2810 1079 hypocritae,
2869 1008 2999 1078 quia
3046 1006 3329 1061 mundatis
3375 1007 3654 1063 exteriora

1996 1103 2186 1157 salicis
2235 1110 2286 1155 et
2340 1098 2684 1166 parapsidis,
2737 1096 3011 1151 interiora
3057 1105 3241 1150 autem
3300 1097 3469 1166 plena
3523 1101 3656 1151 sunt

1998 1193 2196 1260 rapina
2234 1196 2288 1244 et
2319 1188 2823 1258 iniustitiu.‘ltem,
2864 1186 2944 1238 Vae
2978 1185 3145 1249 vobis,
3187 1184 3389 1240 Scriba
3430 1191 3484 1238 et
3515 1187 3656 1240 Pha-

1997 1282 2157 1336 risaei
2186 1278 2506 1350 hypocritaz,
2541 1279 2672 1348 quia
2701 1277 2999 1330 decimatis
3029 1274 3338 1345 mentitam,
3373 1277 3656 1345 anethum,

1999 1377 2051 1425 et
2077 1367 2361 1440 cyminum
2381 1382 2400 1421 ,ο
2431 1373 2482 1422 et
2516 1364 2818 1437 reliquistis
2874 1380 2992 1435 qua
3040 1365 3303 1432 graviora
3342 1368 3472 1418 sunt
3501 1365 3658 1435 legis,

2000 1445 2288 1526 iudicium,
2317 1461 2369 1511 et
2398 1455 2864 1521 misericordiam,
2897 1457 2945 1508 et
3002 1453 3185 1523 ﬁdem.
3237 1455 3360 1508 Haec
3415 1456 3659 1519 oportuit

1999 1548 2202 1616 facere,
2233 1551 2282 1602 et
2307 1546 2412 1601 illa
2438 1561 2546 1601 non
2578 1544 2832 1600 omittere
2861 1542 2904 1596 θ.
2963 1545 3150 1614 Atque
3206 1542 3328 1598 haec
3377 1547 3542 1609 sunt,
3571 1545 3658 1600 in-

2001 1650 2201 1705 quam,
2234 1633 2292 1688 in
2328 1633 2548 1704 quibus
2578 1637 2712 1688 ante
2763 1631 2979 1687 Christi
3044 1632 3101 1686 in
3136 1646 3311 1688 carne
3342 1633 3656 1688 adventum

2005 1740 2038 1777 a
2067 1721 2192 1795 lege
2217 1722 2416 1778 divina
2461 1723 2790 1777 aberratum
2821 1724 2927 1790 est,
2959 1723 3228 1776 caeterum
3277 1726 3659 1792 posteaquam

244 1816 347 1880 est,
402 1815 458 1866 et
512 1809 732 1865 caeteris
791 1807 1008 1878 quibus
1062 1805 1384 1860 Pharisaeus
1450 1803 1889 1876 designabatur,
1931 1852 1979 1919 Β
2018 1810 2115 1866 ille
2145 1827 2351 1882 corpus
2382 1810 2705 1866 humanum
2765 1811 3104 1880 assumpsit,
3165 1827 3199 1864 a
3247 1810 3498 1865 mortuis
3530 1827 3663 1866 sur-

255 1905 415 1919 ,n_,,__
455 1898 647 1919 ﬁ-_!l_-
682 1896 765 1919 ---ἱ
803 1895 995 1919 -..ΑΑηὶ
1062 1898 1410 1919 -.ι--..Αλιη-
1474 1894 1873 1919 ξυι-..κιιι-ΑΑΙ-..ι
2012 1899 2153 1919 ---ξι
2211 1900 2261 1919 Ξ--
2310 1899 2478 1919 --,ι--
2516 1899 2774 1919 -----,]ξι
2833 1897 3074 1919 _____1_I:
3142 1899 3382 1919 .l-_:.___-
3430 1915 3524 1919 ____
3559 1899 3626 1919 ι-

248 1905 423 1972 atque
455 1898 656 1954 Scriba
682 1896 769 1953 vel
801 1895 998 1968 procul
1058 1898 1411 1966 conspectus
1474 1894 1898 1962 innotescebat,

249 1989 464 2062 quibus
497 1987 780 2043 hactenus
812 1985 1044 2058 ignotus
1102 1983 1327 2039 fuisset.
1389 1983 1552 2048 Quod
1613 1987 1898 2053 superest,

247 2095 383 2135 vera
411 2094 536 2134 esse
567 2093 694 2149 quae
719 2077 868 2139 dico,
902 2073 1172 2130 Christus
1217 2074 1358 2144 ipse,
1392 2073 1493 2144 qui
1535 2074 1744 2127 veritas
1774 2071 1904 2143 ipsa

246 2173 357 2234 est,
392 2167 482 2222 his
513 2166 704 2221 verbis
737 2167 908 2236 plane
943 2165 1133 2234 arguit
1167 2179 1177 2216 :
1216 2163 1340 2216 Dico
1369 2165 1519 2217 enim
1579 2164 1750 2227 vobis,
1789 2159 1905 2216 nisi

245 2257 781 2328 superabundaverit
837 2255 1050 2319 iustitia
1101 2261 1277 2306 vestra
1334 2252 1456 2320 plus
1525 2268 1689 2320 quam
1749 2251 1905 2305 Scri—

247 2346 443 2400 barum
472 2355 525 2400 et
559 2345 992 2407 Pharisworum,
1054 2357 1162 2395 non
1220 2339 1506 2393 intrabitis
1560 2341 1617 2393 in
1679 2355 1904 2409 regnum

245 2436 501 2492 oculorum
527 2433 593 2488 ⁸⁵.
629 2432 1030 2505 Hypocriticus
1070 2445 1242 2501 porro
1286 2429 1661 2484 traditinnum
1687 2435 1906 2497 cultus,

249 2524 572 2595 primorum
609 2521 982 2577 accubituum
1018 2534 1200 2587 amor,
1236 2517 1434 2589 primae
1464 2518 1618 2574 sedis
1641 2518 1904 2588 ambitio,

322 2698 371 2733 ⁸⁵
401 2697 610 2754 Matth.
645 2714 696 2768 ν,
727 2698 818 2752 20.
895 2697 916 2730 ⁸
943 2696 1144 2754 Matth.
1189 2712 1352 2764 χχιιι,
1386 2695 1474 2752 13.

2011 1899 2178 1968 rexit,
2211 1900 2271 1953 in
2303 1899 2480 1954 caelos
2512 1899 2798 1966 ascendit,
2831 1897 3079 1970 apostoli
3136 1899 3387 1969 denique
3427 1915 3527 1969 per
3559 1899 3661 1955 ho-

2008 1992 2227 2044 minum
2257 1987 2524 2043 nationes
2547 1987 2795 2056 dispersi
2821 1991 2979 2054 sunt,
3002 1987 3327 2043 innumerae
3361 1987 3664 2060 opiniones

2010 2078 2082 2133 ab
2113 2076 2444 2132 crthodoxaa
2480 2076 2612 2131 ﬁdei
2647 2075 2845 2147 regula
2878 2077 3140 2140 diversae,
3166 2077 3356 2132 studio
3400 2077 3528 2148 ejus
3561 2079 3662 2149 qui

2009 2164 2235 2220 zizania
2290 2165 2674 2219 disseminsre
2733 2164 2900 2231 solet,
2974 2170 3184 2220 exortae
3257 2170 3413 2221 sunt.
3471 2169 3660 2234 Operm

2013 2263 2208 2309 autem
2246 2253 2494 2324 pretium
2533 2269 2625 2307 me
2658 2253 2945 2308 facturum
2979 2254 3268 2320 existimo,
3320 2254 3370 2308 si
3411 2254 3663 2325 primum

2018 2342 2088 2396 de
2115 2352 2316 2397 sancta
2344 2341 2627 2395 Trinitate
2660 2342 2975 2410 disseram,
3006 2347 3131 2397 tum
3163 2342 3373 2398 deinde
3420 2340 3669 2397 haereses

2014 2429 2204 2501 ipsam
2238 2436 2516 2498 attexam,
2551 2446 2666 2484 una
2699 2447 2832 2485 cum
2866 2431 2937 2486 iis
2991 2447 3116 2501 quas
3167 2432 3447 2487 adversus
3477 2429 3610 2486 illas
3637 2448 3670 2486 a

2023 2535 2108 2576 me
2139 2521 2467 2591 conscripta
2499 2525 2659 2575 sunt.

964 2949 1792 3194 NICET/E
1869 3025 2952 3194 CHONIAT/E

669 3289 1529 3462 THESAURI
1622 3289 2728 3414 ORDHODOXXE
2815 3293 3263 3419 FIDEI

1382 3502 1770 3597 LIBER
1839 3501 2534 3596 SECUNDUS.
3375 3502 3377 3504 ’

1277 3669 1360 3725 De
1391 3671 1587 3724 sancta
1615 3665 1922 3734 Trinitate,
1951 3665 2185 3737 Angelis
2216 3674 2267 3723 et
2299 3665 2660 3724 hominibus.

947 3929 1103 3984 CAP.
1137 3928 1180 3984 Ι.

361 4021 512 4090 Quod
543 4020 814 4077 divinitas
845 4017 1240 4090 trishypostala
1269 4016 1363 4079 sit,
1406 4014 1505 4071 hoc
1532 4023 1608 4071 est
1645 4013 1824 4069 tribus

838 4091 1097 4160 personis
1119 4095 1347 4146 constet.

341 4196 482 4250 Inde
517 4199 670 4250 certe
700 4196 941 4250 dicendi
1001 4196 1342 4268 praeludium
1403 4193 1706 4261 faciemus,
1766 4193 1920 4248 unde

267 4283 654 4338 dubitationis
678 4284 1038 4338 occasionem
1061 4283 1350 4354 plerisque
1399 4283 1694 4338 subortam
1729 4280 1918 4349 video,

265 4371 546 4428 nimirum
584 4371 725 4441 quid
757 4370 1069 4440 obstiterit,
1097 4373 1412 4442 quominus
1473 4388 1536 4426 se
1585 4380 1793 4428 natura
1818 4369 1916 4426 illa

263 4477 460 4519 rerum
493 4461 756 4516 omnium
790 4459 1126 4515 fabricatrix
1154 4459 1225 4515 ab
1256 4461 1419 4515 initio
1453 4461 1669 4516 trinam
1717 4464 1916 4516 osten-

266 4549 548 4615 derit,sed
577 4557 698 4603 tum
731 4549 995 4615 demum,
1028 4549 1264 4618 quando
1313 4566 1344 4601 a
1391 4547 1581 4603 Verbo
1639 4565 1770 4604 caro
1821 4565 1919 4604 as-

267 4642 510 4712 sumpta
538 4641 648 4707 est,
680 4637 936 4710 idipsum
995 4637 1104 4692 stbi
1163 4636 1388 4707 placere
1437 4637 1804 4707 perspicuum
1847 4637 1921 4692 fe-

267 4729 431 4784 cerit.
485 4729 932 4800 Respondemus
989 4727 1184 4798 itaque
1251 4727 1617 4798 perapposita
1702 4727 1755 4780 id
1818 4742 1920 4798 pro

265 4818 473 4874 divinae
507 4817 955 4884 magniﬁcentiae
991 4817 1270 4889 dignitate
1321 4815 1532 4870 factum
1588 4814 1670 4870 ita
1723 4815 1918 4871 fuisse.

262 4906 368 4962 Illa
391 4906 541 4962 enim
567 4923 699 4962 cum
727 4908 992 4962 homines
1015 4925 1045 4961 a
1069 4904 1433 4971 monarchia,
1462 4920 1558 4960 seu
1610 4904 1710 4959 Dei
1746 4903 1920 4960 unius

266 4995 424 5050 cultu
453 4995 674 5051 alienos
694 5005 748 5050 et
768 4997 837 5051 ad
863 4997 1103 5052 deorum
1139 4994 1524 5066 pluralitatem
1579 5011 1920 5065 propensos,

266 5090 668 5142 creaturarum
696 5083 883 5153 potius
909 5102 1087 5156 quam
1111 5085 1396 5141 Creatoris
1438 5082 1620 5139 cultui
1662 5084 1920 5139 addictos

265 5188 394 5229 esse
421 5171 667 5234 videret.
701 5177 841 5227 tunc
889 5175 1168 5244 temporis
1211 5192 1274 5230 se
1330 5172 1504 5245 vulgo
1548 5172 1777 5240 celavit,
1815 5188 1918 5227 nec

271 5264 555 5354 unitatem
589 5261 748 5354 illam
814 5259 945 5333 quae
997 5262 1268 5354 Trinitati
1327 5278 1708 5334 personarum
1742 5262 1914 5330 inest,
1947 5289 1993 5354 Β

268 5353 456 5408 cuivis
489 5352 855 5423 perspicuam
914 5355 971 5406 et
1014 5352 1379 5422 explanatam
1439 5367 1566 5408 esse
1614 5351 1796 5407 voluit
1854 5359 1918 5408 ut

268 5441 571 5497 imbecillas
629 5457 1037 5513 perversurum
1081 5441 1399 5510 cognitioni
1479 5447 1756 5512 parceret,
1819 5441 1918 5513 qui

271 5545 408 5584 sane
432 5530 515 5585 vel
549 5531 722 5586 nullis
792 5529 1197 5602 hujuscemodi
1258 5530 1568 5602 propositis
1612 5531 1916 5602 exemplis,

272 5615 414 5673 alias
442 5617 728 5694 ἀναρχίαν,
763 5621 872 5677 hoc
901 5626 990 5676 est
1045 5618 1270 5674 nullum
1332 5637 1571 5686 prorsus
1613 5625 1811 5692 Deum,
1843 5638 1922 5678 re-

1939 3921 1981 3988 ρ
2019 3919 2387 3988 verebantur,
2421 3917 2564 3975 alias
2592 3923 2659 3992 τῇ
2699 3921 2997 4001 μοναρχίᾳ,
3055 3923 3164 3980 hoc
3212 3933 3294 3981 est
3354 3927 3522 3984 unius
3577 3930 3680 3986 Dei

2026 4007 2230 4075 cultui,
2262 4010 2502 4064 deorum
2536 4011 2924 4081 pluralitatem
2958 4014 3354 4084 praeferebant.
3389 4017 3674 4075 Caeterum

2028 4100 2181 4169 apud
2213 4099 2328 4155 Deo
2359 4099 2737 4156 charissimos
2768 4106 2969 4159 Patres
3002 4107 3226 4162 unitate
3282 4124 3384 4164 sua
3425 4109 3680 4166 Trinitas

2031 4205 2144 4243 non
2203 4190 2413 4257 caruit,
2468 4189 2586 4246 imo
2639 4205 2770 4247 vero
2825 4193 3198 4254 Abrahamus
3250 4214 3367 4270 quo
3420 4203 3682 4272 tempore

2029 4277 2262 4347 angelos
2293 4277 2547 4348 hospitio
2606 4279 2852 4351 excepit,
2903 4284 3213 4340 obscurius
3279 4285 3439 4342 illam
3472 4289 3688 4343 tacitus

2025 4383 2226 4423 secum
2261 4370 2570 4438 reputavit.
2594 4370 2923 4438 expressius
2973 4383 3162 4429 autem
3195 4377 3488 4446 specimen
3522 4377 3680 4433 illius

2029 4457 2233 4520 edidit,
2268 4471 2400 4511 cum
2429 4456 2616 4510 ﬁlium
2678 4457 2943 4514 Isaacum
3001 4464 3304 4534 supposito
3363 4467 3562 4530 ariete,
3595 4466 3677 4518 vi-

2026 4550 2250 4600 ventem
2287 4561 2318 4601 e
2345 4545 2632 4602 sacriﬁcio
2663 4548 2897 4620 recepit.
2932 4549 3012 4604 Ex
3043 4553 3111 4606 iis
3168 4552 3324 4607 enim
3376 4568 3502 4623 quae
3539 4558 3679 4608 tunc

2027 4635 2367 4703 vidit,Verbi
2415 4634 2872 4692 incarnationem
2901 4639 3177 4695 ariolatus
3233 4646 3342 4708 est,
3378 4642 3678 4696 futurum-

2029 4741 2135 4796 que
2164 4725 2402 4792 adeo,ut
2433 4725 2705 4780 divinitas
2761 4727 3001 4784 minime
3056 4733 3369 4798 pateretur,
3403 4731 3499 4785 sed
3543 4747 3676 4786 caro

2031 4815 2170 4881 sola,
2205 4830 2375 4884 quam
2431 4813 2489 4868 in
2524 4815 2726 4869 mundi
2778 4817 2956 4872 tutius
3008 4819 3396 4889 expiationem
3459 4837 3684 4876 assum-

2029 4914 2236 4975 pturus
2266 4908 2434 4960 esset.
2462 4907 2636 4959 Porro
2660 4904 2826 4970 Mosi,
2855 4910 2988 4962 dum
3016 4911 3072 4963 in
3102 4913 3297 4964 monte
3317 4909 3681 4979 obambulat,

2029 5010 2178 5047 nova
2210 4991 2309 5046 illa
2339 4991 2482 5046 visio
2504 4993 2730 5062 objecta
2759 5001 2864 5049 est.
2905 4997 2968 5051 Et
3015 4997 3272 5054 Jacobus
3325 4998 3459 5054 ﬁliis
3509 5000 3678 5056 bene-

2028 5083 2228 5136 dicens
2261 5081 2611 5137 vaticinatus
2641 5089 2726 5137 est
2757 5083 3043 5152 futurum,
3076 5092 3141 5140 ut
3172 5088 3221 5143 is
3278 5091 3518 5160 quicum
3570 5089 3682 5146 col-

2027 5168 2282 5223 luctatus
2327 5179 2493 5224 nocte
2552 5170 2757 5240 luerat,
2821 5172 3158 5232 hominibus
3208 5179 3678 5250 conjungeretur,

2028 5269 2076 5314 et
2112 5257 2288 5312 veluti
2322 5257 2551 5312 catulus
2585 5260 2765 5316 leonis
2799 5279 2832 5317 a
2861 5279 3065 5320 somno
3109 5278 3456 5339 resurgeret.
3512 5269 3680 5333 Quis-

2030 5348 2162 5417 quis
2192 5346 2439 5418 denique
2469 5346 2666 5403 divino
2698 5351 2808 5405 fuit
2842 5353 3074 5409 afﬂatus
3107 5355 3365 5426 numine,
3397 5366 3682 5429 quantum

2029 5437 2138 5492 hoc
2170 5434 2254 5490 vel
2283 5434 2382 5488 illo
2414 5439 2577 5504 pacto
2609 5440 2815 5494 mentis
2849 5441 3052 5498 oculos
3112 5447 3461 5501 contendere
3501 5446 3689 5518 potuit

2030 5522 2331 5582 Trinitatis
2363 5525 2754 5594 cognitionem
2815 5531 3095 5601 tanquam
3152 5533 3209 5587 in
3262 5533 3500 5605 speculo
3548 5551 3684 5591 con-

2032 5614 2352 5689 templatus
2382 5619 2490 5668 est.
2530 5614 2763 5688 Alioqui
2796 5617 2882 5673 vel
2915 5619 3045 5693 ipsa
3075 5623 3146 5678 de
3192 5623 3308 5680 Deo
3358 5629 3522 5681 Patre
3571 5640 3680 5682 con
