4090 6298
457 361 616 426 1127

1769 339 2078 405 ΝῙΟΕΤᾹΞ
2120 339 2218 400 CH
2226 335 2545 400 ONIATIE

3733 327 3892 394 1128

459 499 624 568 cepta
673 491 856 558 notio,
915 489 1042 546 Filii
1095 501 1332 561 quoque
1387 487 1444 539 et
1495 479 1748 553 Spiritus
1800 473 2110 533 essentiam
2147 475 2193 540 Α
2228 472 2438 542 potest,
2472 487 2588 542 qua
2617 487 2708 525 res
2741 467 3112 541 expetendas,
3145 469 3202 522 et
3231 482 3374 522 suos
3425 465 3676 524 effectus
3709 482 3887 522 causa

459 567 878 642 commonstrat
921 584 978 636 et
1027 577 1348 633 conﬁrmat.
1409 573 1555 628 Nam
1612 568 1742 626 Filii
1799 568 1966 622 Pater
2023 567 2112 618 est

454 685 509 732 et
541 676 728 731 Patris
763 671 963 738 Filius,
995 681 1208 738 eosque
1242 681 1360 720 una
1390 667 1444 718 et
1475 661 1677 716 eadem
1713 661 1920 712 natura
1939 654 2105 708 effor-

459 761 878 834 mat.Spiritus
921 757 1118 812 itidem
1180 751 1420 810 alterius
1475 747 1806 819 cuiuspiam
1865 741 2110 814 spiritus

457 859 566 918 est,
596 831 724 920 ejus
751 850 1030 904 nimirum
1089 847 1254 912 cujus
1310 847 1368 898 et
1425 839 1657 894 dicitur.
1693 837 1767 890 Iis
1815 833 2010 904 itaque
2040 831 2108 884 de

456 942 647 998 causis
679 940 1143 1008 Trishypostata,
1179 933 1284 986 hoc
1316 935 1423 994 est,
1455 928 1645 982 tribus
1693 930 1964 980 constans
1991 935 2113 990 per-

461 1031 622 1087 sonis
675 1027 958 1082 Divinitas
1013 1025 1206 1078 animo
1266 1037 1334 1076 ex
1382 1016 1668 1090 symbolis
1725 1015 1982 1084 primum
2038 1009 2108 1064 ab

457 1122 575 1178 illis
603 1122 879 1188 concepta
910 1119 1018 1184 est,
1055 1114 1153 1184 qui
1181 1125 1370 1166 rerum
1396 1108 1722 1162 divinarum
1747 1099 2110 1174 praescientia

457 1212 832 1266 claruerunt:
863 1204 1050 1276 palam
1086 1217 1217 1256 vero
1241 1205 1298 1255 et
1321 1197 1627 1272 perspicue
1671 1199 1795 1248 tum
1845 1192 2106 1258 demum,

457 1317 590 1357 cum
615 1315 682 1353 ex
712 1295 1014 1352 Trinitatis
1046 1291 1315 1366 personis
1349 1304 1464 1342 una
1495 1285 1797 1341 nobiscum
1839 1281 1897 1336 in
1932 1294 2107 1334 carne

455 1393 685 1446 versata
705 1391 814 1444 est.

1147 1501 1306 1554 CAP.
1343 1495 1410 1552 II.

461 1624 570 1680 Cur
629 1621 930 1678 Trinitatis
983 1617 1306 1689 mysterium
1348 1609 1669 1689 ministerio
1719 1607 1873 1689 Verbi
1927 1603 2110 1676 posuit

717 1709 883 1766 quam
909 1681 1146 1746 hominis
1175 1684 1484 1757 cuiuspiam
1516 1681 1838 1738 innotuerit.

527 1817 812 1870 Caeterum
846 1809 1028 1866 Verbo
1061 1806 1321 1862 muneris
1353 1803 1410 1858 id
1442 1798 1844 1863 conveniebat,
1879 1797 1948 1849 ut
1981 1791 2108 1846 Tri-

459 1905 663 1960 nitatis
723 1899 1067 1974 mysterium
1129 1896 1344 1952 mundo
1405 1891 1769 1962 patefaceret,
1803 1889 1867 1940 ut
1925 1882 2109 1938 homi-

459 2011 561 2049 nes
592 2011 624 2048 a
654 1992 768 2048 Deo
788 1969 867 2046 'ea
897 2006 1022 2060 quas
1057 1987 1158 2041 Dei
1217 1987 1357 2040 sunt
1413 1979 1620 2045 edocti,
1655 1976 1810 2032 haud
1870 1969 2106 2028 dubiam

458 2085 530 2138 de
555 2083 627 2137 iis
660 2081 995 2152 opinionem
1031 2074 1418 2144 conciperent.
1454 2069 1596 2124 Nam
1632 2067 1680 2120 si
1709 2081 1742 2119 a
1775 2060 2107 2118 mortalium

460 2172 658 2242 aliquo
700 2149 1015 2224 ‘traditum
1077 2164 1309 2226 fuisset,
1367 2173 1672 2229 nunquam
1739 2154 1794 2208 id
1839 2149 2108 2224 ponderis

462 2261 615 2331 apud
677 2274 869 2313 rerum
930 2253 1256 2310 divinarum
1313 2249 1609 2304 studiosos
1667 2242 1985 2305 habuisset,
2048 2243 2110 2293 ut

457 2351 626 2406 facile
681 2345 1123 2417 suscipiendum
1185 2341 1477 2394 videretur
1533 2352 1546 2390 :
1613 2331 2105 2405 quemadmodum

461 2439 616 2494 verbi
654 2438 861 2508 gratia,
923 2431 1194 2487 Mosaicis
1247 2425 1479 2496 scriptis
1537 2420 1880 2478 usuvenisse
1945 2435 2106 2490 syco-

463 2507 696 2598 phanta:
729 2525 1018 2579 afﬁrmare
1053 2520 1176 2575 ausi
1211 2523 1350 2572 sunt
1379 2515 1484 2586 (3),
1517 2527 1763 2584 quorum
1823 2509 1934 2566 alia
1981 2507 2106 2578 qui-

459 2619 590 2672 dem
626 2635 655 2670 a
689 2619 800 2669 Deo
835 2613 1184 2684 legislatore,
1218 2607 1330 2662 alia
1359 2621 1491 2660 vero
1523 2621 1554 2658 a
1586 2603 1743 2657 Mose
1795 2598 2110 2670 p0pulique

459 2705 794 2762 senioribus
827 2699 1193 2774 promulgata
1224 2698 1514 2751 dixerunt.
1554 2697 1741 2763 Atque
1791 2690 1970 2758 hujus
2003 2704 2106 2758 po-

459 2795 722 2851 sterioris
751 2791 1044 2864 opinionis
1076 2804 1234 2860 ergo,
1278 2801 1348 2840 ne
1404 2783 1551 2856 legis
1601 2781 1839 2854 quidem
1901 2777 2108 2832 divinas

461 2885 684 2940 cultum
721 2879 1058 2952 hujusmodi
1117 2875 1353 2948 scriptis
1414 2871 1820 2928 exhibuerunt.
1881 2867 2024 2924 Nam
2058 2866 2108 2920 si

461 2978 842 3046 posteaquam
875 2970 1000 3040 ipse
1031 2965 1294 3022 Christus
1351 2959 1704 3029 theologiam
1765 2956 1926 3011 illam
1977 2969 2106 3026 pro-

455 3043 649 3120 i'essus
680 3066 789 3130 est,
847 3075 978 3130 quae
1034 3063 1090 3112 et
1147 3056 1206 3112 in
1267 3051 1488 3108 unitate
1548 3047 1900 3112 Divinitatis,
1935 3047 1990 3100 et
2047 3043 2106 3097 in

453 3153 714 3208 trinitate
771 3161 1148 3219 personarum
1218 3141 1513 3204 elucescit,
1601 3135 1891 3201 nonnulli,
1949 3131 2107 3187 velut

459 3239 800 3296 adulterinas
833 3236 1100 3307 quasdam
1125 3230 1408 3286 daemonis
1429 3231 1700 3292 monetae,
1731 3223 1908 3280 exorti
1943 3225 2101 3287 sunt,

457 3328 560 3400 qui
591 3325 692 3382 Dei
728 3325 1092 3395 majestatem
1151 3318 1312 3374 nullo
1373 3317 1543 3372 modo
1603 3313 1852 3379 reveriti,
1905 3327 1938 3368 a
1989 3311 2100 3366 iide

455 3414 800 3472 diverticula
857 3409 1426 3473 subintroducerent,
1486 3421 1518 3460 a
1585 3403 1825 3475 quibus,
1881 3417 2096 3472 quaeso,

451 3506 645 3562 verbis
677 3503 788 3560 sibi
823 3503 1246 3572 temperassent
1279 3494 1565 3560 homines,
1599 3493 1649 3548 si
1690 3491 2098 3548 abstrusarum

450 3611 670 3663 rerum,
704 3592 952 3649 necdum
986 3607 1020 3645 a
1053 3603 1351 3661 quoquam
1403 3587 1782 3640 tractatarum
1835 3581 2099 3636 doctores

449 3685 743 3743 fuissent?

1114 3797 1274 3852 CAP.
1313 3795 1411 3849 lli.

439 3922 762 3975 Incarnatio
794 3913 1006 3972 Christi
1024 3913 1399 3969 certissimum
1427 3908 1630 3963 divinae
1661 3923 1791 3976 erga
1840 3919 1936 3958 nos
1964 3917 2094 3974 pro-

915 3989 1186 4042 uidentiae
1215 3991 1620 4052 argumentum.

515 4105 619 4160 Dei
677 4120 848 4175 porro
911 4099 1238 4171 majestatis
1296 4093 1852 4152 excellentissimum
1924 4105 2094 4161 opus,

440 4192 821 4262 ejusdemque
887 4188 1258 4261 providentia
1325 4201 1460 4257 erga
1519 4199 1623 4238 nos
1681 4184 2092 4252 argumentum

439 4281 918 4336 efﬁcacissimum
953 4277 1090 4334 inde
1121 4275 1403 4340 innotuit,
1436 4275 1588 4346 quod
1646 4271 1827 4326 Filius
1859 4284 2092 4323 carnem

442 4369 852 4441 assumpserit,
887 4380 941 4422 et
973 4382 1156 4438 usque
1187 4367 1256 4420 ad
1284 4368 1526 4419 mortem
1561 4361 1750 4416 crucis
1804 4375 1932 4414 sese
1975 4357 2090 4412 exi-

442 4461 752 4518 naniverit.
781 4462 922 4513 Cum
957 4456 1114 4512 enim
1147 4455 1242 4510 ille
1308 4454 1400 4508 Dei
1455 4451 1648 4522 imago
1705 4445 2092 4502 immutabilis

436 4555 492 4606 et
523 4547 808 4604 naturalis
838 4552 1010 4612 esset,
1047 4557 1272 4614 nosque
1325 4539 1601 4610 imaginis
1656 4535 1813 4591 illius
1856 4535 2088 4599 divinae,

438 4639 512 4695 ad
543 4653 716 4710 quam
747 4633 1032 4691 etI'ormati
1093 4633 1386 4685 lueramus
1433 4626 1828 4681 characterem
1887 4639 2081 4678 corru-

435 4725 914 4801 pissemus,idem
939 4723 1037 4778 ille
1055 4722 1152 4794 qui
1184 4725 1244 4774 ut
1263 4719 1321 4772 in
1343 4733 1534 4772 rerum
1561 4719 1766 4769 natura
1790 4728 2076 4778 essemus,

431 4819 720 4884 effecerat,
752 4817 1030 4870 creatura:
1057 4827 1174 4864 suae
1209 4805 1691 4862 restaurationem
1743 4801 1802 4856 in
1836 4817 1896 4856 se
1929 4815 2077 4855 recev

434 4909 536 4978 pit,
572 4913 748 4977 atque
779 4904 923 4960 adeo
953 4898 1312 4955 ἒνυπόστατον
1372 4893 1536 4961 illud,
1571 4893 1679 4946 hoc
1735 4896 1842 4958 est,
1888 4906 1985 4961 per
2015 4904 2078 4943 se

436 4977 770 5048 sulnsistcns
809 4991 906 5045 Dei
940 4989 1218 5054 Verbum,
1277 4986 1440 5040 Patre
1497 4980 1792 5054 propriam
1832 4977 2075 5050 gloriam

436 5099 552 5138 non
579 5084 846 5148 exueste,
878 5081 1247 5136 incarnatum
1282 5075 1341 5130 in
1374 5071 1545 5129 terris
1574 5069 1864 5142 apparuit,
1897 5073 1953 5123 et
1981 5084 2079 5122 eos

433 5171 603 5242 quia
660 5167 882 5222 ratione
939 5168 1312 5231 deﬂexerant,
1372 5162 1440 5218 ad
1496 5164 1846 5230 brutamque
1903 5157 2080 5212 vitam

437 5263 813 5325 diverterant,
846 5259 1031 5314 denuo
1063 5259 1134 5314 ad
1168 5256 1408 5312 rationis
1439 5257 1494 5308 et
1523 5253 1858 5308 intellectus
1890 5248 2081 5320 digni-

433 5355 614 5405 tatem
639 5347 941 5416 revocavit,
1003 5348 1166 5402 Pater
1225 5350 1421 5399 autem
1484 5341 1690 5398 ordine
1735 5339 1968 5402 Filium,
1999 5337 2082 5390 Fi-

430 5437 664 5513 liusque
719 5435 1003 5506 Spiritum
1055 5435 1378 5508 praecedere
1432 5433 1635 5487 eadem
1697 5428 1925 5484 ratione
1965 5426 2082 5483 dici

2217 561 2510 633 praecedit,
2544 561 2644 632 qui
2681 571 2870 616 tamen
2899 559 3142 614 diversas
3171 561 3423 626 naturas,
3478 557 3882 628 posteriores-

2215 670 2326 726 que
2355 658 2617 723 tempore
2649 669 2764 706 non
2793 650 2936 716 sint,
2969 651 3068 706 sed
3125 655 3338 704 aeterna
3401 649 3597 720 potius
3649 653 3884 704 coaeter-

2218 759 2428 798 norum
2462 741 2775 798 effectuum
2808 756 2987 795 causa
3019 739 3116 807 sit,
3177 738 3440 808 ejusdem
3503 737 3878 804 substantiae,

2215 833 2340 890 sola
2373 833 2726 904 proprietate
2760 831 3014 898 dempta,
3061 828 3370 899 particeps.
3426 827 3669 883 Primus
3723 827 3874 881 enim

2215 927 2396 994 pater,
2457 922 2747 976 secundus
2800 917 3327 991 genitura,tertius
3381 915 3684 986 processio
3731 917 3870 971 dici-

2213 1014 2328 1068 tur.

2897 1097 3048 1154 CAP.
3077 1097 3172 1152 IV.

2213 1195 2346 1249 Cum
2381 1189 2642 1246 divinitas
2681 1188 2984 1258 ineffabilis
3039 1189 3115 1242 sit
3171 1190 3222 1240 et
3267 1185 3868 1255 incomprehensibilis,

2283 1265 2382 1346 qui
2409 1262 2598 1346 βε,ρῆ
2623 1277 2692 1346 ¹αΔ
2727 1257 2942 1346 Christo
2999 1263 3058 1314 in
3115 1259 3358 1326 Patrem,
3391 1258 3600 1312 Filium
3661 1263 3718 1312 et
3751 1257 3866 1330 Spi-

2283 1333 2452 1390 ritum
2482 1333 2764 1389 dividatur
2780 1336 2805 1386 .9

2283 1451 2443 1516 Quod
2477 1451 2526 1506 si
2575 1467 2697 1505 rem
2748 1449 2934 1520 ipsam
2985 1445 3160 1503 altius
3216 1449 3392 1519 atque
3451 1445 3865 1502 convenienter

2215 1546 2325 1596 Deo
2357 1540 2778 1612 disquiramus,
2838 1543 3046 1594 natura
3099 1537 3298 1592 divina
3354 1535 3506 1592 omni
3567 1552 3641 1590 ex
3705 1540 3862 1608 parte

2212 1633 2523 1690 inetiabilis
2555 1635 2664 1696 est,
2695 1633 2753 1686 et
2787 1627 3425 1700 incomprehensibilis,
3457 1641 3566 1683 nec
3597 1627 3654 1682 id
3719 1627 3864 1698 quod

2214 1742 2273 1781 re
2304 1725 2434 1796 ipsa
2461 1727 2548 1778 est
2579 1727 2679 1776 aut
2711 1721 2968 1775 humana
2995 1719 3120 1788 capi
3181 1719 3408 1774 ratione
3474 1734 3540 1772 ac
3601 1717 3859 1784 revelari,

2140 1845 2186 1910 Β
2216 1817 2312 1910 aut
2343 1812 2598 1869 oratione
2631 1809 2751 1865 ulla
2785 1807 3030 1881 exprimi
3063 1811 3276 1880 potest.
3310 1807 3380 1861 Et
3429 1807 3711 1878 quamvis
3742 1807 3858 1862 Tri-

2221 1903 2484 1970 nitatem,
2532 1900 2800 1972 quamvis
2854 1898 3154 1964 unitatem,
3207 1895 3474 1966 quamvis
3521 1898 3756 1950 Patrem
3809 1899 3858 1948 et

2218 1991 2448 2057 Filium,
2481 1997 2536 2046 et
2557 1989 2860 2061 Spiritum,
2895 1984 3164 2059 quamvis
3193 1985 3444 2056 denique
3491 1983 3853 2039 Divinitatem

2220 2081 2379 2138 illam
2413 2077 3154 2150 incomprehensibilem,et
3185 2079 3454 2129 naturam
3506 2073 3852 2129 ineﬁ'abilem

2216 2172 2304 2228 vel
2336 2171 2533 2226 animo
2565 2163 3090 2238 concipiamus,vel
3126 2164 3347 2220 ratione
3393 2163 3852 2232 pronuntiemus,

2219 2261 2317 2316 illa
2349 2277 2464 2315 non
2495 2259 2567 2313 iis
2599 2258 2793 2324 rebus,
2819 2255 2921 2311 scd
2953 2270 3128 2326 supra
3161 2268 3259 2308 eas
3290 2251 3584 2308 consistit.
3637 2251 3712 2306 Ex
3752 2267 3851 2322 quo

2219 2354 2305 2414 ﬁt,
2351 2357 2416 2406 ut
2463 2347 2669 2404 divina:
2719 2351 2939 2401 naturae
2999 2358 3187 2414 neque
3245 2343 3399 2414 prior
3455 2341 3622 2398 locus
3679 2357 3848 2412 neque

2221 2439 2508 2514 posterior
2539 2433 2962 2493 accommodari
2995 2433 3294 2488 commode
3345 2432 3554 2502 possit,
3590 2431 3688 2487 sed
3735 2447 3843 2484 om-

2221 2532 2381 2587 nium
2443 2543 2758 2599 supremus
2805 2527 3110 2590 duntaxat,
3168 2527 3364 2592 utpote
3441 2538 3570 2592 qua:
3630 2535 3840 2575 omnem

2222 2634 2528 2678 numerum
2561 2621 2618 2672 et
2649 2616 2944 2670 unitatum
3002 2611 3482 2682 excogitationem
3535 2609 3770 2676 excedit,
3797 2607 3836 2663 si

2220 2710 2426 2766 saltem
2453 2722 2734 2762 numerus
2757 2710 2812 2759 et
2839 2704 3034 2758 unitas
3057 2701 3211 2758 circa
3236 2699 3606 2754 substantias
3626 2713 3830 2754 versen-

2217 2807 2334 2866 tur,
2369 2800 2520 2854 Deus
2549 2800 2744 2851 autem
2779 2809 2960 2864 supra
2989 2790 3384 2846 substantiam
3439 2789 3538 2844 sit.
3593 2792 3830 2844 Servatur

2217 2894 2412 2946 tamen
2448 2894 2660 2953 noster,
2695 2889 2759 2938 ut
2791 2881 3124 2938 nominibus
3156 2883 3210 2934 et
3243 2879 3416 2934 rebus
3477 2877 3639 2934 nobis
3683 2875 3820 2930 fami-

2217 2979 2462 3036 liaribus
2496 2976 2566 3030 ad
2599 2991 2664 3030 ea
2695 2989 2802 3028 nos
2833 2971 3167 3036 deduceret,
3199 2985 3326 3040 qua
3377 2985 3558 3039 supra
3585 2971 3812 3022 naturam

2217 3067 2406 3141 posita
2437 3071 2596 3132 sunt,
2653 3061 2984 3132 divinisque
3035 3059 3178 3114 adeo
3238 3057 3527 3128 mysteriis
3579 3054 3798 3112 initiaret,

2215 3159 2473 3214 oratione
2506 3173 2610 3210 sua
2669 3152 2823 3208 Patri
2881 3150 3158 3222 primum,
3213 3148 3357 3202 Filio
3419 3145 3650 3206 alterum,
3690 3139 3793 3207 Spi-

2217 3246 2468 3316 rituique
2499 3239 2964 3299 sanctotertium
3027 3238 3211 3292 locum
3265 3233 3538 3298 attribuit,
3587 3243 3700 3284 cum
3731 3225 3802 3279 sic

2208 3333 2530 3407 discipulos
2583 3347 2721 3387 suos
2770 3327 3088 3399 alloquitur
3129 3341 3142 3380 :
3203 3329 3403 3380 Euntes
3451 3323 3618 3378 docete
3657 3329 3812 3374 omnes

2205 3406 2410 3499 gentes,
2444 3425 2784 3494 baptizantes
2811 3433 2978 3474 casm
3007 3417 3230 3472 nomine
3273 3415 3486 3482 Patris,
3523 3419 3573 3467 et
3613 3406 3746 3474 Filii,
3775 3411 3817 3458 et

2206 3516 2453 3588 Spiritus
2483 3512 2667 3568 sancti
2693 3508 2736 3564 ⁷.

2899 3598 3049 3652 CAP.
3091 3595 3153 3652 V.

2208 3724 2639 3780 Censentaneum
2679 3716 2871 3784 fuisse.
2929 3715 2988 3768 ut
3046 3711 3142 3767 Dei
3170 3710 3344 3766 Filius
3366 3707 3606 3784 hominis
3640 3715 3822 3784 quoque

2274 3773 2784 3854 liii-insidiaretur,
2817 3785 3042 3858 ﬁerique
3099 3799 3208 3858 non.
3261 3781 3504 3858 potuisse
3536 3788 3596 3835 ut
3650 3773 3824 3833 ret’ab

2274 3864 2500 3921 homine
2529 3853 2789 3926 humano,
2817 3853 2907 3914 ὐει
2944 3853 3012 3911 ab
3041 3853 3237 3927 angelo
3267 3856 3602 3908 servaretur.

2280 3986 2392 4039 [loc
2423 3983 2612 4036 autem
2642 3993 2826 4048 neque
2856 3974 3013 4030 Patri
3043 3990 3078 4027 a
3109 3975 3316 4028 natura
3344 3971 3616 4038 insitum,
3663 3979 3832 4036 neque

2204 4073 2400 4129 divino
2449 4071 2584 4124 item
2645 4066 2888 4138 Spiritui
2949 4066 3405 4118 consentaneum
3466 4061 3612 4126 erat,
3671 4060 3732 4112 ut
3783 4054 3834 4107 in

2203 4169 2355 4219 terra
2413 4160 2729 4222 videretur,
2788 4159 2846 4209 et
2915 4153 3222 4208 nobiseum
3309 4147 3686 4204 coalesceret.
3745 4141 3838 4207 Qui

2203 4253 2358 4310 enim
2419 4247 2542 4303 fieri
2603 4247 2820 4316 posset,
2879 4247 2944 4298 ut
3005 4241 3104 4312 qui
3165 4238 3342 4295 nullis
3429 4254 3546 4292 non
3634 4231 3842 4292 seaculi

2201 4342 2432 4400 insitam
2513 4335 2624 4390 sibi
2710 4331 3118 4404 paternitatem
3209 4326 3584 4399 praedicabat,
3681 4322 3844 4380 Filius

2205 4431 2460 4490 hominis
2490 4425 2766 4485 audiret?
2791 4423 2878 4478 vel
2913 4423 3086 4478 etiam
3119 4420 3375 4492 Spiritus
3405 4418 3502 4473 ille
3549 4418 3848 4488 coadjutor

2201 4531 2258 4582 et
2297 4522 2602 4596 perfector,
2644 4527 2965 4584 eorumque
3027 4510 3428 4574 conﬁrmator,
3485 4523 3624 4578 quas
3681 4506 3846 4561 Filius

2199 4633 2268 4671 ex
2299 4610 2484 4668 nihilo
2515 4608 2584 4663 ad
2643 4606 2700 4660 id
2747 4604 2898 4676 quod
2961 4606 3050 4656 est
3108 4600 3168 4655 in
3213 4615 3405 4654 rerum
3469 4601 3688 4653 natura
3735 4611 3846 4667 pro-

2186 4703 2373 4766 duxit,
2411 4703 2584 4773 prout
2616 4693 2882 4767 plerique
2911 4688 3151 4760 scriptis
3215 4688 3340 4743 suis
3405 4686 3849 4750 assueruerunt,

2189 4796 2307 4853 imo
2335 4791 2425 4847 vel
2458 4790 2583 4861 ipse
2611 4785 2887 4841 Servator
2930 4780 2989 4834 in
3049 4776 3400 4849 Evangeliis,
3437 4777 3497 4831 in
3538 4776 3764 4846 quibus
3790 4773 3850 4826 de

2185 4885 2405 4960 Spiritu
2437 4881 2640 4935 sancto
2671 4873 2972 4927 disserens
3004 4865 3331 4939 discipulos
3363 4866 3456 4921 his
3481 4865 3686 4921 verbis
3717 4861 3848 4918 allo-

2187 4959 2437 5050 quitur:
2490 4965 2812 5024 Paracletus
2859 4969 3046 5016 autem
3100 4960 3347 5029 Spiritus
3395 4959 3644 5024 sanctus,
3705 4967 3850 5026 quem

2186 5043 2370 5122 mittet
2397 5063 2558 5116 Patet
2587 5059 2648 5111 in
2679 5051 2905 5108 nomine
2937 5065 3075 5118 mea,
3119 5047 3227 5103 ille
3254 5063 3344 5102 vos
3373 5043 3596 5101 docebit
3639 5045 3845 5104 omnia,

2191 5161 2245 5212 et
2267 5153 2520 5225 suggeret
2548 5145 2696 5202 vobis
2725 5155 3058 5214 quacunque
3088 5137 3212 5192 dixi
3239 5137 3392 5192 vobis
3419 5134 3462 5190 ⁸.
3512 5135 3690 5203 Item,
3725 5133 3848 5188 Cum

2189 5219 2616 5302 autem—venerit
2648 5231 2996 5297 Paraelctus,
3055 5243 3215 5298 quem
3271 5241 3367 5296 ego
3423 5223 3656 5279 mittam
3689 5219 3845 5286 vobis,

2189 5333 2438 5402 Spiritus
2467 5325 2742 5388 veritatis,
2781 5321 2874 5391 qui
2931 5334 2972 5373 α
3027 5317 3194 5372 Patre
3231 5312 3502 5386 procedit,
3553 5311 3659 5368 itte
3706 5309 3848 5368 testi-

2189 5397 2435 5482 monium
2467 5418 2608 5490 feret
2638 5413 2702 5469 de
2743 5427 2829 5468 me
2859 5409 2900 5462 ο.
2935 5407 3047 5464 Sed
3085 5405 3197 5462 hoc
3236 5421 3270 5460 a
3327 5404 3550 5459 ratione
3599 5418 3720 5458 non
3751 5397 3846 5455 ab-

505 5594 526 5631 ⁷
555 5590 756 5652 Matth.
789 5605 982 5659 xxvm,
1015 5589 1104 5646 49.
1179 5585 1206 5621 ⁸
1227 5587 1394 5643 Joan.
1427 5599 1544 5652 xiv,
1572 5584 1668 5638 26.
1745 5581 1769 5616 9
1796 5585 1970 5638 Joan.
2002 5597 2098 5647 xv,
2127 5579 2221 5634 26.

509 5722 586 5798 (3)
616 5719 964 5780 Ptolemaeus
995 5717 1056 5775 in
1087 5712 1293 5790 primis
1323 5711 1461 5769 intr.
1495 5709 1596 5766 tib.
1632 5725 1708 5778 ιν,
1741 5725 1792 5766 c.
1815 5709 1870 5763 Β.
