4090 6298
241 400 395 457 1129

1585 393 1982 455 THESAURI
2027 395 2177 456 LIB.
2226 398 2301 458 ll.

3492 415 3648 473 1130

236 529 532 593 horrebat,
568 531 631 581 ut
663 527 763 596 qui
788 526 883 581 Dei
938 525 1120 580 Filius
1153 529 1330 592 esset,
1366 522 1622 579 hominis
1656 539 1890 594 quoque
1921 534 1970 600 Α
2005 529 2288 584 unitatem
2338 533 2807 601 supernaturalis
2859 537 2985 605 ejus
3017 538 3527 610 impartibilitatis,
3569 559 3654 598 ra-

239 618 423 675 Filius
455 619 762 679 evaderet;
788 620 842 672 et
874 614 1373 687 quemadmodum
1414 612 1591 668 vitam
1641 612 1896 667 homini-

240 709 351 763 bus
383 708 632 778 largitus
682 710 825 772 erat,
875 705 956 760 ita
1008 704 1176 760 nobis
1228 719 1460 775 quoque
1505 719 1623 756 non
1661 705 1889 756 tantum

239 799 442 862 vitam,
476 798 575 851 sed
611 797 820 850 bonam
869 794 1047 850 etiam
1096 793 1278 849 vitam
1326 791 1578 846 adventu
1619 806 1726 845 suo
1774 788 1891 844 lar.

241 887 483 955 giretur,
511 885 686 940 salvis
714 885 1000 939 ambabus
1055 883 1320 938 naturis:
1361 882 1580 948 divina,
1624 879 1892 950 inquam,

245 994 371 1045 quae
423 975 624 1030 eadem
667 975 858 1044 prima
888 978 995 1044 est,
1029 978 1087 1028 et
1143 971 1403 1028 hominis
1451 974 1687 1041 captum
1727 973 1888 1022 tran-

246 1064 500 1130 scendit;
545 1079 771 1117 necnon
823 1062 1102 1128 humana,
1136 1077 1313 1130 quam
1376 1063 1614 1129 propter
1660 1073 1767 1110 nos
1820 1056 1894 1110 ad

243 1157 466 1222 tempus
516 1150 755 1222 speciali
805 1152 1056 1222 quadam
1125 1149 1476 1221 proprietate
1550 1143 1892 1216 assumpsit.

244 1241 573 1296 Praesertim
617 1239 752 1310 quia
800 1240 1055 1294 hominis
1099 1238 1272 1309 culpa
1322 1238 1540 1292 factum
1589 1235 1801 1301 fuerat,
1835 1237 1896 1287 ut

243 1330 419 1384 homo
475 1329 659 1384 salute
699 1327 1121 1394 excluderetur,
1155 1327 1245 1381 cui
1295 1322 1716 1394 consequentiae
1747 1320 1896 1375 nihil

243 1420 494 1474 Mosaica
543 1424 654 1484 lex,
699 1417 846 1471 nihil
897 1416 1246 1488 propheticis
1301 1413 1712 1486 praedictiones
1773 1427 1898 1481 pro-

244 1509 412 1562 desse
458 1511 786 1578 potuerant,
835 1505 978 1560 nihil
1029 1505 1282 1576 denique
1347 1501 1691 1574 angelorum
1745 1499 1899 1571 quis-

244 1598 401 1668 piam
433 1597 602 1652 nobis
634 1597 742 1651 hac
800 1596 858 1650 in
918 1613 978 1650 re
1036 1597 1292 1667 proferre
1342 1608 1512 1664 posse
1569 1591 1895 1646 videretur:

245 1687 483 1741 tametsi
534 1686 639 1740 hoc
692 1685 806 1740 Deo
861 1702 1040 1754 snpra
1097 1686 1337 1738 modum
1389 1679 1708 1747 arrisisset,
1743 1679 1896 1749 quod

247 1777 422 1830 rebus
456 1775 760 1830 hominum
795 1773 1110 1845 deploralis
1142 1788 1395 1844 praesens
1455 1767 1784 1824 remedium
1843 1777 1902 1820 et

248 1882 314 1919 ac
347 1865 802 1934 recuperandam
835 1863 1081 1919 salutem
1115 1859 1587 1916 efficacissimum
1640 1855 1891 1910 afferret.

249 1955 357 2019 Qui
399 1953 552 2008 enim
595 1953 719 2008 ﬁeri
772 1955 1071 2026 potuisset,
1123 1956 1186 2006 ut
1238 1948 1488 2020 simplex
1540 1947 1737 2012 homo,
1790 1959 1894 1998 nec

251 2043 422 2098 ullius
455 2043 774 2098 divinitatis
834 2043 1146 2114 particeps,
1181 2056 1358 2095 unam
1409 2036 1792 2104 eamdemque
1836 2033 1894 2086 in

249 2135 424 2191 fidem
483 2140 687 2207 gentes
745 2136 1144 2205 congregaret,
1223 2130 1456 2200 illisque
1535 2121 1896 2180 caeremoniis

248 2229 426 2282 tinem
480 2225 825 2296 imponeret,
885 2224 1101 2293 quibus
1151 2219 1243 2274 lex
1294 2216 1576 2273 obnoxios
1636 2229 1741 2267 nos
1772 2210 1899 2266 efﬁ-

247 2314 477 2371 ciebat?
501 2314 588 2369 vel
635 2315 806 2366 etiam
840 2313 1045 2366 eadem
1101 2312 1387 2380 potestate
1441 2304 1521 2358 uti
1582 2302 1891 2372 potuisset,

250 2422 367 2476 qua
396 2403 662 2458 Christus
683 2400 988 2467 utitur,his
1027 2398 1218 2453 verbis
1245 2398 1390 2451 :Lex
1418 2393 1646 2465 quidem
1665 2389 1900 2456 ait,Non

248 2492 646 2549 niteo/laberis:
679 2506 771 2561 ego
796 2487 1384 2554 autem,Nemulierem
1413 2482 1632 2554 quidem
1647 2477 1898 2550 aspicies,

253 2587 322 2641 ad
349 2580 836 2652 concupiscendam
889 2595 1010 2634 eam
1062 2578 1128 2645 1°,
1161 2582 1217 2632 et
1264 2593 1392 2647 quae
1436 2575 1789 2643 sequuntur,
1835 2584 1901 2621 eo

254 2674 488 2746 quidem
523 2687 691 2726 sensu
716 2667 1073 2740 accipienda,
1099 2671 1163 2722 ut
1189 2669 1255 2721 ad
1288 2665 1430 2735 legis
1463 2659 1898 2732 perfectionem,

258 2781 373 2818 non
407 2767 598 2817 autem
635 2760 706 2814 ad
734 2758 1188 2814 destructionem
1249 2754 1406 2809 dicta
1451 2757 1508 2806 et
1555 2749 1768 2804 tradita
1810 2747 1901 2800 in-

260 2853 620 2922 telligantur.
663 2850 771 2904 Sed
831 2865 901 2902 ne
960 2847 1246 2902 malorum
1304 2844 1541 2915 quidem
1584 2842 1901 2913 spirituum

258 2945 413 2999 vires
445 2943 741 2998 inﬁrmare
783 2939 1070 3011 potuisset
1099 2937 1362 3009 angelus,
1395 2934 1720 3006 praesertim
1769 2948 1902 2988 cum

257 3033 564 3103 Scriptura
616 3048 722 3086 nos
783 3036 1035 3093 moneat,
1096 3025 1433 3082 Michaelem
1487 3021 1906 3093 archangelum

254 3140 387 3178 cum
451 3120 682 3176 diabolo
743 3119 983 3190 quidem
1042 3133 1218 3188 super
1249 3115 1428 3171 Mosis
1476 3130 1716 3185 corpore
1766 3129 1902 3167 con-

254 3212 535 3276 tendisse,
587 3225 652 3265 eo
695 3214 885 3264 tamen
919 3206 1170 3262 audacia:
1217 3220 1587 3275 nequaquam
1622 3201 1898 3267 evasisse,

2003 615 2160 671 tione
2215 619 2382 689 cujus
2431 625 2716 693 tanquam
2779 625 3005 680 uniﬁcaa
3065 629 3356 696 potentiae,
3392 631 3650 698 unimur,

2004 706 2376 779 dividuisque
2425 711 2609 765 nostri
2686 713 3144 785 diversitatibus,
3207 734 3387 788 supra
3445 723 3656 778 mundi

2001 794 2178 864 hujus
2235 799 2655 869 conditionem,
2719 802 3109 874 complicatis,
3172 807 3226 859 in
3302 809 3649 867 Deiformem

2004 890 2338 954 monadem,
2372 903 2617 959 eamque
2665 892 2945 946 unitatem
2986 893 3335 964 colligimur,
3393 914 3519 968 quae
3561 901 3650 954 di-

2003 971 2197 1027 vinam
2220 973 2380 1029 illam
2413 977 2704 1035 imitetur:
2751 984 2961 1050 partim
3018 999 3169 1049 vero,
3199 984 3334 1055 quia
3393 986 3652 1042 Trinitas

2004 1060 2100 1126 sit,
2149 1063 2328 1118 trium
2390 1064 2624 1120 illarum
2688 1085 3068 1135 personarum
3117 1073 3360 1140 ratione,
3397 1091 3527 1144 quae
3585 1093 3654 1132 ex

2004 1149 2355 1207 fecunditate
2404 1156 2956 1225 supersubstantiali
3015 1159 3371 1226 elucescunt,
3417 1179 3486 1218 ex
3539 1181 3656 1235 qua

2005 1238 2257 1295 ccslestis
2280 1242 2474 1298 omnis
2499 1243 2724 1300 familia
2755 1250 2810 1300 et
2834 1251 2923 1302 est
2952 1251 3009 1302 et
3040 1249 3652 1319 denominaturltem,

2007 1328 2294 1385 Divinitas
2329 1331 2448 1400 illa,
2483 1350 2614 1404 quae
2646 1351 2843 1390 rerum
2876 1337 3140 1392 omnium
3175 1356 3411 1412 praeses,
3439 1346 3494 1396 et
3526 1345 3653 1397 uni-

2007 1419 2094 1470 tas
2126 1422 2182 1470 et
2208 1418 2464 1476 Trinitas
2486 1422 2960 1480 celebri'nomine
3015 1427 3250 1497 dicitur,
3283 1446 3396 1484 non
3449 1448 3517 1486 ea
3568 1437 3654 1488 est

2007 1505 2201 1561 unitas
2241 1514 2297 1562 et
2323 1508 2600 1579 Trinitas,
2632 1530 2759 1583 quae
2790 1513 2877 1569 vel
2911 1515 3103 1584 nobis,
3128 1516 3215 1572 vel
3251 1517 3350 1572 alii
3375 1521 3653 1591 cuiquam

2007 1611 2207 1650 eorum
2240 1614 2370 1668 qum
2395 1605 2536 1655 sunt
2567 1601 2914 1670 innotescat,
2953 1606 3051 1659 sed
3111 1611 3171 1658 ut
3229 1607 3415 1677 ipsius
3449 1611 3652 1664 unita-

2010 1686 2125 1738 tem
2178 1686 2397 1742 unitate
2445 1690 2603 1744 omni
2661 1691 3043 1760 superiorem,
3097 1695 3523 1767 Deigenamque
3572 1701 3656 1754 fe-

2012 1775 2370 1831 cunditatem
2428 1795 2558 1834 vere
2619 1779 2944 1850 laudemus,
3002 1783 3163 1839 illam
3225 1785 3378 1841 trina
3435 1792 3492 1843 ot
3545 1806 3659 1844 una

2015 1862 2340 1920 Divinitatis
2381 1868 2768 1938 appellatione
2827 1873 3322 1929 denominamus:
3385 1893 3520 1930 cum
3569 1882 3659 1932 ta-

2011 1966 2142 2005 men
2203 1953 2399 2008 omnia
2453 1957 2692 2012 nomina
2740 1960 3131 2028 transcendat,
3168 1967 3225 2016 et
3281 1978 3482 2017 eorum
3533 1981 3658 2034 quae

2008 2043 2142 2093 sunt
2208 2043 2525 2098 essentiam
2583 2051 2912 2117 exsuperet.
2973 2048 3146 2104 Nulla
3199 2067 3370 2121 porro
3437 2054 3656 2122 unitas,

2009 2132 2110 2182 aut
2145 2128 2424 2198 Trinitas,
2456 2136 2559 2188 aut
2589 2134 2790 2189 nullus
2822 2153 3105 2192 numerus
3157 2144 3259 2194 aut
3306 2141 3518 2203 unitas,
3553 2146 3656 2197 aut

2011 2217 2357 2285 fecunditas,
2391 2221 2620 2278 nullum
2654 2224 2908 2296 denique
2940 2225 3101 2281 aliud
3132 2244 3199 2282 ex
3224 2228 3295 2282 iis
3348 2246 3476 2299 quae
3493 2238 3652 2295 sunt,

2011 2309 2164 2376 quod
2211 2311 2446 2380 quidem
2477 2313 2791 2384 cognitioni
2828 2315 3201 2387 scientiaque
3252 2323 3460 2388 pateat,
3491 2338 3650 2375 arca-

2013 2413 2150 2452 num
2185 2400 2329 2455 illud
2360 2403 2519 2457 nulla
2553 2405 2815 2459 oratione
2867 2405 3145 2478 nulloque
3203 2408 3503 2466 intellectu
3554 2429 3649 2466 ex-

2012 2487 2296 2559 plicabile,
2331 2497 2585 2563 retegere
2615 2500 2819 2564 pctesl,
2872 2497 3025 2567 quod
3067 2496 3126 2551 in
3177 2514 3244 2553 ea
3294 2515 3468 2570 super
3503 2500 3656 2554 Diri-

2013 2579 2191 2633 nitate
2223 2579 2391 2646 inest,
2426 2598 2552 2652 quae
2585 2584 2913 2639 substantia
2943 2603 3046 2640 sua
3079 2587 3303 2642 nullam
3365 2606 3479 2644 non
3513 2592 3654 2645 sub-

2013 2669 2291 2724 stantiam
2326 2671 2524 2726 multis
2574 2674 2915 2744 parasangis
2973 2685 3300 2746 exsuperat.
3337 2680 3470 2747 Ipsa
3527 2696 3659 2734 vero

2014 2773 2205 2827 neque
2237 2758 2353 2815 ullo
2387 2761 2636 2830 nomine,
2670 2778 2856 2832 neque
2913 2763 3031 2819 ulla
3085 2766 3328 2836 ratione,
3378 2775 3477 2822 aut
3524 2785 3655 2824 ora-

2015 2849 2170 2902 tione
2202 2850 2442 2920 exprimi
2469 2857 2680 2921 potest,
2714 2853 2815 2907 sed
2848 2855 2905 2908 in
2938 2854 3084 2923 ipsis
3141 2856 3448 2926 adytorum
3483 2874 3661 2929 pene—

2015 2935 2283 3008 tralibus,
2318 2939 2486 3009 quasi
2516 2941 2587 2995 de
2619 2941 2808 2998 medio
2840 2941 3072 2998 sublata
3119 2943 3424 3001 delitescit.

2680 3030 2832 3086 CAP.
2867 3031 2986 3086 Vll.

2013 3114 2195 3188 Magni
2248 3117 2453 3193 Basilii
2481 3121 2838 3193 eerpz'stola
2895 3120 2966 3174 ad
3023 3121 3365 3190 Gregorium
3402 3126 3657 3193 fratrem,

2094 3205 2219 3266 quae
2246 3191 2340 3266 ide
2386 3190 2642 3266 essentia
2688 3196 2739 3246 et
2793 3192 3131 3263 hypostaseos
3195 3190 3514 3266 differentia
3561 3190 3656 3252 in;

841 3293 1251 3365 hlasphemum
1307 3261 1745 3352 condemnaret,
1797 3261 1897 3343 sed
1939 3264 1982 3330 (ἶ
2080 3264 2349 3367 ξδίίην
2379 3261 2473 3362 (⁵);

248 3390 346 3445 his
395 3391 674 3442 duntaxat
725 3383 913 3440 verbis
972 3399 1142 3437 usum
1209 3397 1368 3448 esse;
1419 3382 1660 3449 Increpet
1710 3382 1761 3433 te
1800 3378 1900 3431 Do-

250 3483 457 3534 minus.
493 3477 637 3542 Quin
664 3479 719 3530 et
747 3473 938 3544 angeli
969 3472 1026 3526 in
1062 3472 1295 3542 angelos
1349 3471 1679 3538 insurgunt,
1706 3483 1904 3538 quem-

253 3569 572 3625 admodum
619 3564 705 3619 vir
757 3562 853 3616 ille
911 3559 1331 3615 desideriorum
1381 3563 1438 3613 et
1485 3557 1902 3628 prophetarum

256 3652 809 3730 perspicacissimus
870 3651 1069 3705 Daniel
1167 3648 1289 3703 suis
1356 3645 1589 3717 scriptis
1633 3643 1900 3715 explicat.

256 3745 540 3812 Quocirca
586 3745 758 3811 prout
815 3737 1139 3808 oportebat,
1173 3734 1254 3789 ita
1309 3734 1484 3788 etiam
1536 3738 1728 3786 creata
1767 3733 1906 3784 sunt

259 3837 477 3901 omnia,
511 3837 703 3890 creata
741 3846 872 3886 vero
907 3831 963 3883 et
994 3827 1142 3882 facta
1172 3828 1310 3881 sunt
1341 3823 1422 3878 ita
1479 3826 1542 3876 ut
1597 3825 1654 3876 et
1684 3819 1904 3874 mundo

253 3926 574 3990 salutifera,
632 3938 736 3977 nec
808 3921 924 3975 Deo
981 3917 1224 3988 indigna
1276 3917 1493 3970 essent.
1546 3913 1728 3981 Atque
1785 3909 1904 3962 haec

251 4017 561 4076 hactenus,
595 4010 822 4066 etiamsi
857 4009 1004 4064 citra
1026 4022 1264 4063 omnem
1317 4001 1598 4058 orationis
1630 4002 1902 4055 ornatum

253 4104 404 4158 dicta
439 4102 576 4155 sint.
609 4100 740 4154 Jam
772 4098 1036 4167 quaedam
1062 4094 1293 4164 scriptis
1331 4091 1666 4147 mandanda
1708 4102 1908 4158 super-

255 4195 418 4256 sunt,
442 4205 510 4242 ex
537 4188 751 4259 quibus
784 4182 1145 4238 sanctissimi
1177 4183 1373 4236 Patres
1408 4188 1460 4234 et
1509 4176 1760 4248 theologi
1801 4191 1906 4229 nos

257 4281 601 4347 docuerunt,
626 4276 906 4347 quidnam
947 4275 1017 4328 de
1049 4270 1600 4343 supersubstanliali
1629 4267 1908 4323 Trinitate

255 4367 632 4427 sentiendum
664 4364 760 4418 sit.

937 4476 1090 4532 CAP.
1135 4475 1230 4531 VI.

2080 3351 2423 3421 Ubicunque
2453 3351 2512 3404 in
2553 3356 2755 3406 sancta
2811 3353 3093 3408 Trinitate
3151 3355 3376 3410 Patrem
3425 3355 3658 3412 intelle-

2010 3451 2102 3496 ctu
2137 3441 2495 3512 assequitur,
2531 3458 2645 3496 una
2676 3443 2876 3497 eadem
2911 3459 3086 3514 opera
3119 3450 3172 3499 et
3215 3443 3411 3515 ipsum
3471 3463 3572 3516 per
3601 3463 3664 3501 se

2011 3536 2240 3590 Patrem
2300 3533 2596 3604 intelligit,
2630 3538 2687 3589 et
2719 3535 2931 3590 Filium
2990 3536 3343 3608 cogitatione
3393 3553 3662 3609 compre-

2011 3623 2232 3679 hendit.
2255 3623 2358 3687 Qui
2389 3627 2583 3676 autem
2618 3623 2829 3678 Filium
2875 3629 3057 3692 tenet,
3091 3624 3370 3693 Spiritum
3424 3642 3660 3697 quoque

2012 3711 2433 3782 complectitur,
2468 3715 2522 3764 et
2557 3716 2984 3781 consequenter
3042 3713 3277 3783 quidem
3335 3713 3661 3770 secundum

2012 3800 2299 3863 ordinem,
2367 3799 2680 3868 conjuncte
2744 3815 2878 3854 vero
2964 3802 3288 3855 secundum
3363 3807 3659 3870 naturam,

2013 3889 2194 3944 trium
2221 3889 2281 3942 in
2341 3887 2532 3959 seipso
2588 3889 2890 3943 confusam
2941 3893 2999 3944 et
3047 3890 3420 3946 commistam
3481 3891 3656 3948 fidem

2013 3976 2319 4048 expressit.
2395 3974 2676 4046 Spiritum
2782 3976 2922 4031 item
3020 3977 3209 4032 solum
3301 3979 3403 4050 qui
3487 3979 3654 4046 dixit,

2014 4064 2353 4136 hujusmodi
2413 4065 2777 4121 confessione
2864 4081 2998 4120 eum
3068 4083 3322 4136 quoque,
3380 4068 3552 4138 cujus
3608 4072 3667 4124 et

2014 4154 2260 4226 Spiritus
2293 4158 2399 4223 est,
2426 4170 2634 4225 nempe
2667 4153 2988 4222 Christum,
3022 4162 3074 4210 et
3098 4171 3231 4210 eum
3265 4173 3332 4211 ex
3357 4174 3471 4228 quo
3517 4174 3656 4228 pro-

2015 4243 2187 4312 cedit,
2225 4260 2428 4316 nempe
2453 4244 2681 4312 ,Deum,
2718 4247 2782 4299 ut
2833 4243 3148 4315 Apostolus
3192 4245 3292 4314 ait,
3327 4245 3665 4316 complexus

2015 4333 2634 4397 est.Quemadmodum
2666 4336 2858 4388 autem
2890 4334 2950 4387 in
2982 4334 3336 4406 cietena,qui
3368 4335 3659 4390 annulum

2018 4437 2200 4476 unum
2261 4421 2514 4491 attingit,
2568 4421 2741 4476 simul
2806 4422 2982 4477 etiam
3035 4422 3286 4478 alterum
3341 4429 3667 4479 extremum

2017 4511 2278 4578 attrahit,
2310 4512 2393 4567 ita
2424 4512 2760 4583 quicunque
2809 4511 3093 4582 Spiritum
3125 4513 3329 4578 trahit,
3362 4517 3423 4567 ut
3461 4516 3669 4568 auctor

261 4611 325 4662 Β.
350 4595 984 4685 ωεξηελδῆ,ο1ινιςίξὶῃίξ9ἰικζ
1010 4608 1218 4685 (iac'cap.
1236 4589 1900 4685 Sequatur.“

2019 4605 2106 4656 est
2145 4601 2450 4672 propheta,
2476 4601 2525 4656 is
2591 4617 2717 4656 vero
2775 4617 2874 4672 per
2916 4601 3094 4656 istum
3145 4599 3276 4655 Filii
3322 4616 3556 4671 quoque
3613 4604 3673 4655 et

292 4659 589 4741 theologia,
623 4672 692 4725 de
723 4659 905 4733 Patre,
936 4659 986 4721 et
1018 4659 1175 4720 Filio
1216 4667 1268 4717 et
1299 4661 1516 4730 Spiritu
1555 4668 1741 4714 sancto
1774 4659 1870 4729 (4).

333 4794 556 4847 Patrem
591 4787 825 4858 quidem
885 4783 1102 4837 fontem
1155 4775 1476 4834 divinitatis
1506 4790 1656 4842 esse,
1703 4773 1909 4828 Filium

259 4886 452 4938 autem
518 4882 573 4931 et
602 4874 887 4944 Spiritum
952 4869 1216 4941 Deigenze
1262 4863 1589 4921 divinitatis
1620 4861 1945 4934 germina,-

259 4980 326 5027 ut
355 4970 437 5023 ita
467 4967 679 5031 dicam,
711 4961 991 5017 divinitus
1024 4954 1374 5030 pullulantia
1433 4957 1489 5008 et
1519 4951 1685 5024 quasi
1718 4951 1909 5019 ﬂores,

260 5050 973 5128 supersuhstantialiaque
1023 5047 1264 5111 lumina,
1300 5043 1483 5101 sacris
1542 5058 1608 5097 ex
1661 5039 1912 5096 oraculis

262 5145 632 5217 accepimus;
667 5147 720 5195 at
755 5153 1010 5209 quonam
1042 5135 1100 5191 id
1138 5135 1373 5190 tandem
1435 5135 1599 5203 pacto
1653 5130 1775 5196 fiat,
1809 5143 1912 5184 nec

262 5235 527 5293 oratione
560 5228 894 5302 quisquam,
928 5241 1033 5281 nec
1064 5223 1360 5279 intellectu
1393 5219 1668 5291 consequi
1701 5221 1910 5291 potest.

260 5332 434 5393 Item,
468 5319 710 5393 proinde
741 5316 801 5371 in
834 5314 994 5370 omni
1027 5314 1142 5368 fere
1173 5311 1490 5380 theologica
1520 5308 1915 5379 disputatione

265 5430 513 5472 summas
546 5403 880 5465 Divinitatis
912 5419 1112 5459 sacras
1145 5400 1345 5456 laudes
1371 5397 1912 5468 intuemur,parlim

267 5503 526 5572 quidem,
563 5499 701 5570 quia
733 5493 930 5551 unitas
961 5493 1041 5547 sit
1071 5493 1307 5562 propter
1365 5486 1801 5558 simplicitatem
1859 5488 1916 5540 et

339 5617 386 5652 ¹⁰
417 5614 631 5670 Matth.
665 5631 697 5668 v
726 5613 818 5679 28,
851 5611 941 5664 29.

340 5712 416 5783 (4)
447 5711 590 5766 Vide
619 5707 964 5778 Patr-alogias
992 5711 1193 5762 Grecae
1221 5707 1362 5758 tom.
1389 5701 1484 5769 IlI,
1504 5699 1612 5756 col.
1645 5699 1767 5754 674.

589 5840 856 5897 PATROL.
905 5839 1014 5897 Gn.
1063 5832 1384 5895 CXXXIX.

2018 4689 2207 4744 Patris
2241 4707 2479 4760 compos
2511 4690 2700 4744 factus
2731 4694 2838 4744 est.
2891 4689 3053 4754 Quod
3087 4688 3134 4744 si
3168 4689 3298 4759 quis
3331 4688 3656 4758 apprehen-

2021 4779 2139 4845 dat,
2173 4778 2246 4833 ab
2268 4783 2515 4849 utroque
2547 4780 2803 4848 ejusdem
2840 4779 3039 4848 latere,
3084 4778 3190 4832 hoc
3223 4777 3460 4849 quidem
3505 4778 3667 4847 ejus-

2019 4869 2152 4923 dem
2178 4869 2424 4934 Patrem,
2457 4869 2556 4924 illo
2586 4885 2717 4924 vero
2750 4869 3050 4940 proprium
3084 4869 3348 4938 ejusdem
3381 4867 3666 4939 Spiritum

2021 4960 2221 5013 eadem
2249 4958 2356 5013 hac
2383 4958 2720 5012 inductione
2751 4956 2862 5010 sibi
2893 4955 3307 5026 conciliaverit.
3340 4956 3454 5010 Nec
3508 4955 3664 5010 enim

2022 5047 2144 5103 ﬁeri
2179 5047 2408 5120 poterit,
2443 5055 2501 5100 ut
2541 5048 2588 5101 is
2641 5063 2674 5101 a
2715 5051 2880 5101 Patre
2939 5053 3257 5117 separetur,
3309 5045 3408 5116 qui
3443 5061 3670 5116 semper

2021 5136 2080 5190 in
2131 5136 2299 5192 Patre
2332 5139 2548 5202 manet,
2587 5137 2688 5188 aut
2743 5151 2776 5188 a
2839 5134 3072 5205 proprio
3126 5150 3388 5205 unquam
3444 5133 3668 5205 Spiritu

2023 5226 2420 5298 disjungatur,
2452 5225 2547 5295 qui
2582 5224 2773 5280 omnia
2804 5223 2863 5278 in
2898 5224 3025 5296 ipso
3056 5225 3196 5296 agit.
3232 5224 3477 5279 Proinde
3509 5222 3674 5278 nulla

2024 5331 2266 5387 prorsus
2298 5315 2476 5370 sectio
2524 5316 2625 5368 aut
2678 5312 2887 5368 divisio
2932 5313 3244 5384 excogitari
3303 5316 3512 5384 potest,
3558 5326 3677 5382 qua

2022 5405 2110 5462 vel
2146 5405 2319 5461 Pater
2350 5405 2477 5459 sine
2509 5404 2673 5471 Filio,
2706 5404 2793 5459 vel
2862 5402 3040 5459 Filius
3076 5402 3202 5457 sine
3248 5401 3467 5473 Spiritu
3498 5398 3674 5454 intel-

2024 5497 2260 5567 ligatur.
2295 5499 2416 5551 Imo
2475 5511 2607 5551 vero
2656 5494 2813 5549 eain
2873 5494 2946 5548 iis
2977 5491 3313 5564 conjunctio
3363 5495 3418 5546 et
3477 5488 3682 5544 divisio

2101 5697 2178 5770 (ὅ)
2207 5694 2354 5750 Vide
2375 5699 2518 5751 tom.
2543 5690 2774 5760 XXXII,
2806 5689 2916 5747 col.
2949 5690 3076 5745 331.

3282 5813 3359 5872 36
