4090 6298
512 411 658 474 1131

1824 378 2143 450 ΝΙΟΕΤιλΕ
2184 375 2614 440 ΟΗΟΝΙΑΊἸΕ

3766 380 3910 440 1131

503 549 612 610 est,
645 555 776 613 qua
806 539 968 594 nulla
1022 535 1283 594 oratione
1329 529 1627 603 explicari,
1659 523 1938 594 nulloque
1971 517 2142 574 intel-
2175 517 2227 584 Α
2256 511 2306 566 hi
2339 511 2592 613 fuerunt.
2613 510 2723 613 Sic
2748 602 2762 613 ἶ
2784 527 2922 583 ergo
2975 512 3052 613 de
3069 511 3282 613 “Filio,
3342 511 3428 613 sic
3488 519 3545 572 et
3591 516 3665 573 de
3708 519 3913 590 Spiritu

504 633 656 690 lectu
688 625 1097 700 comprehendi
1147 629 1351 694 queat:
1399 637 1531 676 cum
1591 613 1909 689 praesertim
1963 622 2150 700 neque

503 697 890 792 hypostaseon
922 713 1248 771 differentia
1291 709 1734 768 continuitatem
1779 705 1997 759 natura:
2031 697 2150 752 dis-

508 810 717 875 trahat,
750 823 855 862 nec
886 804 1156 861 essentias
1184 799 1515 872 conjunctio
1557 794 1966 869 proprietatem
2019 803 2152 859 per-

508 914 802 965 sonarum,
861 895 1034 966 quasi
1080 892 1358 948 fatiscens
1403 893 1459 944 et
1497 887 1792 959 perﬂuens
1847 879 2150 937 effundat:

507 990 589 1045 ita
619 992 684 1043 ut
705 985 958 1041 mirabili
989 985 1243 1054 quadarn
1262 979 1485 1036 ratione
1507 977 1566 1032 in
1621 975 1714 1030 his
1761 977 1819 1028 et
1839 969 2154 1040 conjuncta

511 1078 833 1142 distinctio,
863 1079 922 1129 et
949 1073 1222 1128 distincta
1271 1067 1604 1139 coniunctio
1651 1064 2046 1135 dignoseatur.
2083 1055 2154 1112 Ut

509 1175 708 1228 autem
740 1166 920 1236 hujus
950 1162 1031 1219 rei
1061 1159 1401 1217 obscuritati
1431 1155 1676 1212 luminis
1725 1151 1945 1223 aliquid
1991 1163 2155 1236 ecce-

513 1259 631 1328 dat,
680 1264 779 1314 aut
828 1235 1030 1326 potius
1085 1251 1294 1308 veritas
1363 1246 1766 1310 adumbretur,
1825 1235 2156 1328 multicolor

512 1349 610 1404 ille
664 1346 917 1403 ccclestis
973 1359 1165 1412 arcus,
1215 1356 1387 1412 quem
1444 1336 1656 1408 vulgus
1704 1332 1820 1388 Irin
1881 1327 2152 1402 appellat,

515 1435 763 1508 exempli
789 1433 974 1506 gratia
995 1434 1371 1503 proponatur.
1405 1424 1678 1482 Omnium
1704 1421 1862 1478 enim
1894 1417 2154 1474 colorum

518 1529 648 1597 ejus
681 1505 1022 1597 splendores
1044 1525 1101 1577 et
1130 1517 1390 1576 distincti
1420 1515 1712 1604 videntur,
1733 1510 1873 1583 quia
1928 1505 2158 1604 eminus

515 1615 732 1681 lucent,
800 1619 856 1668 et
916 1607 1228 1680 conjuncti,
1294 1607 1428 1676 quia
1476 1602 1813 1658 mistionum
1875 1601 2160 1654 terminos

519 1721 635 1761 non
690 1703 977 1770 videmus,
1010 1699 1224 1770 quibus
1281 1697 1539 1751 colorum
1595 1691 1905 1746 varietates
1958 1683 2160 1740 distin-

520 1797 816 1868 guuntur:
848 1795 913 1846 ut
939 1791 1268 1845 discernere
1297 1784 1536 1840 omnino
1563 1796 1819 1852 nequeas
1869 1779 2162 1849 quatenus

2260 606 2462 656 sancto
2499 600 2869 656 sentiendum
2903 605 3012 656 est.
3069 602 3327 660 Rursum
3388 603 3770 676 interrogato
3820 627 3915 678 me,

2261 695 2324 746 ut
2355 707 2598 746 rursum
2629 708 2862 762 quoque
2893 691 3000 746 tibi
3035 693 3444 764 respondeam.
3481 697 3728 760 Quando
3754 699 3915 756 Filius

2260 781 2493 853 genitus
2525 789 2610 838 est
2634 781 2662 836 ?
2687 781 2976 840 Nimirum
3015 784 3259 854 quando
3299 788 3468 840 Pater
3511 787 3754 858 genitus
3809 807 3908 845 non

2258 875 2368 926 est.
2401 872 2642 936 Quando
2672 872 2925 944 denique
2987 873 3236 944 Spiritus
3294 877 3628 946 processit?
3675 879 3906 944 Quando

2261 961 2546 1016 nimirum
2606 961 2790 1018 Filius
2841 979 2957 1018 non
3002 962 3302 1034 processit.
3360 965 3471 1020 Sed
3539 967 3777 1036 genitus
3839 974 3913 1024 est

2264 1051 2426 1107 nullo
2455 1057 2736 1124 tempore,
2771 1069 3056 1126 supraque
3086 1071 3264 1125 quam
3297 1056 3431 1127 quis
3471 1057 3704 1114 ratione
3727 1076 3910 1115 conse-

2265 1142 2367 1212 qui
2400 1141 2686 1214 possit.Et
2717 1143 2766 1199 si
2798 1161 2976 1214 supra
3006 1147 3240 1216 tempus
3270 1145 3416 1200 nihil
3450 1147 3782 1220 quidquam
3803 1156 3911 1206 sla-

2261 1235 2424 1287 tuers
2456 1249 2792 1306 possumus,
2828 1235 3154 1306 quamlibet
3188 1235 3570 1307 temporalem
3623 1237 3900 1310 signiﬁca-

2261 1319 2478 1376 tionem
2515 1323 3013 1396 subterfugiamus
3070 1325 3228 1396 (nam
3277 1340 3447 1381 voces
3503 1326 3613 1392 hae,
3679 1329 3900 1399 quando,

2265 1416 2456 1478 antea,
2491 1421 2685 1484 postea
2712 1417 2769 1468 et
2803 1413 2872 1468 ab
2910 1413 3099 1484 initio,
3137 1415 3420 1486 temporis
3475 1421 3748 1487 expertes
3803 1435 3898 1473 non

2264 1505 2429 1578 sunt)
2471 1503 2706 1561 etiamsi
2779 1503 2869 1560 vel
2929 1503 3182 1559 maxime
3256 1503 3612 1572 adnitamur,
3687 1507 3900 1578 vimque

2264 1596 2457 1653 verbis
2500 1595 2856 1660 auferamus,
2897 1593 3008 1648 nisi
3039 1593 3177 1664 quia
3226 1593 3482 1665 spatium
3535 1595 3712 1664 illud,
3767 1597 3898 1667 quod

2267 1690 2465 1745 eadem
2517 1703 2647 1743 cum
2701 1685 3074 1757 sempiternis
3149 1685 3456 1742 durationc
3537 1688 3898 1756 protenditur,

2270 1778 2547 1850 nulloque
2581 1781 2740 1832 motu
2775 1781 2876 1832 aut
2899 1776 3038 1831 solis
3070 1792 3242 1831 cursu
3261 1775 3559 1847 dividitur,
3597 1782 3704 1832 aut
3757 1794 3902 1832 men-

523 1862 928 1947 EXtendantur,
961 1883 1064 1934 aut
1092 1878 1245 1932 unde
1276 1874 1508 1930 initium
1552 1873 1746 1936 ducat,
1780 1865 1867 1922 vel
1927 1862 2160 1932 rutilus,
2196 1893 2244 1958 Β
2274 1867 2531 1924 surabile
2555 1865 2834 1938 temporis
2866 1865 3054 1921 instar
3083 1869 3190 1933 est,
3211 1864 3491 1920 saeculum
3525 1866 3901 1938 appellamus:

519 1973 608 2028 vei
657 1969 1092 2040 smaragdinus,
1143 1964 1231 2021 vel
1284 1963 1526 2034 glaucus
1576 1957 1818 2014 luminis
1869 1952 2162 2024 splendor.

523 2064 646 2127 Quo
689 2061 921 2133 quidem
955 2063 1181 2113 naturae
1220 2051 1481 2122 exemplo
1514 2065 1620 2104 nos
1651 2047 1796 2102 ratio
1828 2047 2044 2106 monet,
2097 2056 2168 2094 ne

522 2130 799 2208 novitatis
829 2149 964 2203 vitio
996 2147 1328 2202 laboremus
1360 2142 1436 2213 (6)
1482 2140 1541 2194 in
1602 2139 1942 2207 dogmatum
2002 2130 2171 2186 ratio-

524 2242 700 2296 nibus
733 2237 1123 2310 exquirendis,
1154 2235 1204 2290 si
1263 2233 1492 2302 quando
1551 2227 1849 2284 difficilem
1910 2223 2165 2294 aliquem

525 2333 746 2390 nodum
781 2327 1154 2398 disquirendo
1189 2322 1361 2388 nacti,
1395 2321 1453 2376 in
1512 2323 1696 2375 utram
1735 2315 1900 2372 nobis
1944 2318 2165 2385 partem

523 2419 922 2478 inclinandum
1047 2415 1142 2484 sit,
1253 2409 1684 2467 addubitamus.
1787 2405 2172 2472 Quemadmo-

525 2513 665 2567 dum
692 2507 848 2564 enim
901 2523 967 2563 ea
998 2520 1128 2574 quae
1187 2504 1296 2557 sub
1356 2503 1658 2571 aspectum
1717 2495 1932 2552 cadunt
1971 2492 2169 2565 qualia

523 2602 642 2657 sint
723 2595 994 2668 experiri,
1063 2607 1237 2664 quam
1315 2590 1388 2644 iis
1479 2593 1694 2644 temere
1778 2583 2170 2640 contradicere

524 2693 778 2764 praestat,
847 2686 929 2741 ita
987 2684 1164 2740 etiam
1235 2682 1293 2736 in
1352 2678 1643 2750 dogmatis
1704 2675 1842 2744 illis,
1899 2689 2025 2744 quae
2100 2674 2170 2728 de

527 2781 703 2836 rebus
732 2775 933 2832 arduis
952 2773 1363 2838 instituuntur,
1397 2769 1486 2823 illi
1523 2764 1862 2838 cognitioni,
1897 2779 2024 2834 quae
2073 2779 2170 2816 ra-

524 2863 1001 2925 tiocinationibus
1019 2879 1144 2918 com
1157 2863 1353 2934 paratu
1365 2858 1561 2928 r,ﬁdes
1583 2853 1890 2910 antecellat
1919 2855 2165 2923 oportet.

1187 2978 1343 3033 CAP.
1372 2975 1517 3032 VIII.

533 3083 717 3156 Magni
749 3076 1302 3156 GregoriihTIteologi
1346 3075 1426 3156 .de
1458 3075 1640 3156 Patre,
1673 3069 1916 3156 etfz'tic,

594 3141 710 3210 ritu
745 3141 960 3217 sancto,
997 3141 1264 3204 distincta
1307 3145 1474 3217 simul
1512 3147 1564 3198 et
1592 3143 1909 3217 poli-iuncta
1954 3141 2172 3194 Divini-

594 3229 730 3282 tatis
750 3225 918 3278 ratio.
948 3211 1034 3276 Et:
1066 3221 1310 3274 oratione
1338 3216 1522 3286 prima
1569 3214 1634 3268 de
1662 3211 1800 3268 Filio
1823 3211 1920 3284 (7).

595 3341 712 3396 Nos
761 3340 947 3392 autem
997 3334 1176 3390 unius
1254 3331 1352 3386 Dei
1426 3329 1818 3400 principatum
1896 3325 2168 3385 colimus.

526 3423 1346 3496 Principatum,inquam,non
1379 3435 1497 3475 una
1527 3417 2176 3488 circumscriptumper-

527 3533 672 3572 sona
697 3514 842 3585 (ﬁeri
871 3511 1028 3569 enim
1057 3513 1266 3582 potest,
1285 3510 1348 3564 ut
1375 3523 1558 3562 unum
1591 3523 1624 3561 a
1653 3504 1845 3576 seipso
1867 3504 2172 3581 dissideat,

527 3611 584 3664 et
613 3606 675 3662 in
707 3603 890 3662 multa
921 3602 1148 3668 evadat)
1179 3598 1281 3671 qui
1331 3595 1538 3669 aequali
1597 3599 1818 3651 naturae
1867 3595 2170 3666 dignitate,

527 3695 733 3752 eodem
792 3691 966 3749 animi
1013 3701 1323 3756 consensu,
1354 3685 1558 3742 eadem
1617 3685 1890 3755 motione,
1935 3689 1992 3742 et
2047 3701 2174 3741 om-

530 3783 690 3840 nium
723 3798 855 3854 quae
885 3781 958 3836 ab
982 3795 1097 3834 uno
1124 3775 1400 3846 ﬂuunt,in
1433 3791 1617 3830 unum
1639 3790 1926 3832 concursu
1955 3774 2173 3831 consti-

528 3879 728 3930 tuatur
784 3869 963 3942 (quod
1017 3865 1253 3939 quidem
1310 3865 1370 3919 in
1431 3867 1639 3920 natura
1702 3868 2004 3934 procreata
2051 3861 2176 3919 ﬁeri

538 3962 700 4022 nullo
725 3975 963 4031 prorsus
987 3957 1158 4012 modo
1191 3953 1404 4026 potest)
1437 3953 1518 4007 ita
1549 3956 1614 4008 ut
1669 3952 1900 4009 etiamsi
1931 3969 2176 4010 numero

537 4051 783 4118 differat,
843 4046 1112 4104 essentia
1168 4048 1361 4098 tamen
1421 4041 1642 4097 ratione
1698 4058 1813 4096 non
1862 4041 2174 4098 dividatur.

536 4139 758 4196 Idcirco
800 4136 996 4192 unitas
1041 4134 1112 4190 ab
1143 4133 1308 4188 initio
1366 4133 1422 4186 in
1486 4129 1780 4186 binarium
1839 4147 2177 4188 excrescens

535 4228 598 4284 in
653 4224 906 4282 ternario
963 4221 1342 4292 conquiescit.
1372 4221 1438 4276 Et
1482 4219 1591 4276 hoc
1631 4219 1800 4275 nobis
1856 4228 1942 4274 est
1986 4220 2176 4290 Pater,

536 4322 596 4374 et
624 4314 825 4385 Filius,
857 4317 915 4368 et.
943 4311 1191 4381 Spiritus
1237 4316 1492 4366 sanctus.
1526 4308 1625 4364 Ille
1657 4297 1895 4380 quidem
1948 4309 2180 4380 genitor

535 4408 592 4462 et
619 4405 868 4460 emissor
897 4401 1076 4473 (quod
1101 4401 1256 4456 'circa
1309 4398 1602 4464 aﬂ'ectum,
1651 4400 1902 4470 tempus,
1937 4402 1996 4452 et
2051 4414 2176 4456 cor-

537 4512 646 4568 pus
674 4492 985 4566 intelligo),
1021 4490 1232 4546 horum
1264 4505 1396 4545 vero
1421 4487 1669 4544 alterum
1717 4487 2004 4560 genitura,
2036 4487 2178 4544 alte-

535 4601 664 4642 rum
718 4586 914 4639 autem
970 4578 1210 4636 emissio
1253 4575 1482 4632 dicitur.
1537 4575 1769 4646 Alioqui
1820 4575 2014 4632 nescio
2063 4592 2178 4646 quo

534 4677 632 4734 illa
684 4675 921 4732 nomine
964 4671 1211 4728 dicenda
1266 4668 1405 4736 sint,
1467 4683 1600 4722 cum
1647 4668 1717 4723 ab
1764 4667 1837 4723 iis
1886 4685 2011 4738 quis
2069 4670 2178 4726 sub

537 4769 824 4837 aspectum
854 4761 1074 4818 cadunt
1111 4759 1404 4813 abstracta
1451 4755 1684 4811 fuerint.
1720 4756 1786 4809 Et
1814 4756 1982 4825 paulo
2015 4761 2172 4828 post:

535 4855 817 4922 Quocirca
844 4850 1062 4909 nostris
1093 4865 1200 4904 nos
1233 4847 1292 4901 in
1323 4844 1538 4901 finibus
1585 4844 1972 4911 continentes,
1998 4861 2178 4905 unum

535 4945 888 5015 ingenitum,
937 4939 1188 4996 alterum
1220 4936 1510 5009 genitum,
1542 4935 1781 4990 tertium
1833 4951 1865 4990 a
1909 4935 2077 4991 Patre
2125 4942 2179 4992 et

535 5030 678 5085 Filio
762 5030 1082 5100 procedens
1172 5023 1618 5094 introducimus,
1681 5024 2175 5094 quemadmodum

533 5117 660 5188 ipse
712 5118 864 5174 Deus
919 5125 972 5174 et
1011 5117 1260 5175 Verbum
1340 5119 1586 5170 testatur
1653 5112 1888 5170 alicubi.
1933 5115 2175 5179 Quando

533 5205 732 5274 igitur,
770 5205 1006 5274 objiciet
1033 5205 1346 5276 quispiam,
1378 5203 1580 5258 hiesse
1629 5203 1966 5274 coeperunt?
1995 5203 2176 5260 Nimi-

533 5310 659 5351 rum
693 5300 997 5362 antequam
1024 5295 1143 5350 ulla
1179 5292 1454 5365 temporis
1510 5292 1830 5348 observatio
1874 5293 2056 5364 ﬁeret,
2116 5299 2174 5352 et

532 5383 582 5438 si
612 5383 753 5453 quid
779 5382 1117 5452 juveniliter
1140 5384 1565 5439 enuntiandum
1593 5386 1700 5449 est,
1735 5383 1970 5454 quando
2003 5388 2173 5442 Pater

529 5471 677 5543 ipse.
711 5474 952 5538 Quando
984 5477 1177 5542 autem
1209 5478 1379 5530 Pater
1412 5490 1526 5528 non
1573 5473 1726 5528 fuit?
1774 5475 2015 5540 Quando
2065 5493 2170 5532 nec

599 5589 677 5662 (6)
735 5591 812 5662 μὴ
860 5591 1230 5646 καινοπαθεῖν.
1293 5592 1584 5663 Interpres
1633 5591 1935 5663 Euthymii
1995 5593 2169 5651 habet

527 5659 831 5785 ne'eftius‘tra
861 5665 1197 5728 laboremus,
1231 5665 1296 5716 ut
1324 5659 1536 5731 legisse
1593 5659 1854 5718 videatur
1887 5663 1962 5734 μὴ
2023 5685 2166 5720 κενο-

525 5750 600 5787 πα
635 5750 702 5790 ει.

2275 1959 2401 2013 Jam
2432 1973 2480 2012 ει
2503 1955 2773 2012 coaeterni
2803 1955 2943 2022 sint,
2976 1954 3230 2026 inquies,
3275 1954 3376 2026 qui
3425 1955 3508 2022 ﬁt,
3555 1959 3619 2010 ut
3659 1953 3902 2027 principii

2277 2046 2452 2104 etiam
2486 2063 2602 2101 una
2623 2061 2758 2100 cum
2789 2045 2951 2100 Patre
2983 2060 3096 2098 non
3124 2043 3242 2099 sint
3291 2048 3557 2115 expertes
3577 2045 3608 2099 ?
3668 2045 3805 2112 Quia
3832 2044 3900 2099 ni-

2279 2137 2493 2192 mirum
2525 2153 2594 2192 ex
2621 2133 2722 2190 illo
2745 2136 2906 2200 sunt,
2939 2133 3213 2205 quamvis
3245 2137 3376 2204 post
3406 2132 3574 2188 illum
3609 2149 3725 2190 non
3785 2133 3900 2188 sint.

2279 2228 2433 2293 Quod
2467 2224 2625 2282 enim
2659 2223 2942 2297 principio
2987 2227 3164 2290 caret,
3197 2223 3350 2280 idem
3399 2227 3456 2278 et
3485 2227 3757 2279 aeternum
3807 2227 3894 2288 est,

2279 2315 2434 2387 quod
2486 2329 2620 2370 vero
2657 2317 2940 2369 aeternum
2991 2316 3101 2380 est,
3163 2329 3278 2368 non
3332 2312 3573 2367 omnino
3635 2310 3892 2384 principio

2279 2403 2734 2474 c'1ret,quandiu
2785 2401 2988 2458 saltem
3038 2403 3108 2456 ad
3171 2401 3526 2473 principium
3581 2418 3767 2470 suum,
3801 2400 3890 2455 hoc

2278 2497 2366 2550 est
2398 2492 2648 2563 Patrem,
2700 2492 3004 2546 referatur.
3048 2490 3229 2546 Filius
3285 2507 3422 2562 ergo
3472 2492 3527 2546 et
3561 2491 3818 2560 Spiritus,
3862 2487 3899 2542 si

2281 2583 2351 2638 ad
2383 2597 2623 2638 causam
2655 2582 2741 2636 sui
2776 2583 3141 2650 revocentur,
3179 2579 3446 2652 principii
3501 2584 3756 2652 expertes
3799 2594 3887 2632 non

2279 2677 2435 2740 sunt,
2465 2673 2714 2742 (constat
2743 2675 2934 2726 tamen
2971 2685 3206 2726 causam
3244 2687 3357 2724 non
3390 2670 3620 2724 omnino
3651 2669 3720 2725 iis
3762 2667 3887 2723 anti-

2279 2763 2543 2834 quiorem
2569 2777 2714 2831 esse,
2751 2778 2994 2834 quorum
3024 2777 3204 2817 causa
3252 2764 3358 2816 est.
3392 2759 3508 2816 Nec
3538 2761 3689 2816 enim
3733 2757 3880 2814 solem

2279 2851 2408 2906 luce
2439 2849 2831 2922 antiquiorem
2894 2849 3151 2908 dixeris:
3186 2872 3214 2900 »
3278 2866 3342 2904 ac
3400 2849 3449 2905 si
3501 2849 3764 2921 temporis
3809 2845 3888 2900 ha-

2280 2941 2487 2996 beatur
2530 2940 2696 3006 ratio,
2729 2941 2855 2995 sine
2905 2939 3193 3011 principio
3247 2944 3420 2995 sunt:
3483 2935 3786 3012 quamlibet
3823 2940 3872 2988 tu

2282 3029 2707 3102 simpliciorum
2733 3029 2962 3085 animos
2977 3029 3289 3101 praestigih
3315 3028 3432 3084 tuis
3457 3023 3820 3100 perterrefacia
3833 3038 3871 3074 ε.

2279 3122 2391 3176 Nec
2422 3119 2575 3174 enim
2608 3119 2848 3191 tempori
2893 3118 3310 3189 subjiciuntur,
3345 3135 3378 3174 a
3437 3119 3630 3191 quibus
3669 3121 3861 3181 tempus

2211 3251 2256 3319 α
2283 3209 2480 3281 ipsum
2509 3211 2807 3282 dependet.

2959 3317 3112 3374 CAP.
3162 3318 3255 3374 IX.

2463 3423 2744 3495 Ejusdem,
2777 3441 2848 3480 ea:
2881 3426 3132 3480 oratione
3163 3427 3240 3481 De
3270 3425 3522 3494 dogmate
3540 3423 3730 3479 etstatu

2862 3498 3237 3570 episcoporum
3265 3497 3362 3568 (8).

2357 3605 2443 3660 Ita
2469 3603 2648 3676 igitur
2695 3609 2945 3672 Patrem,
2980 3607 3036 3660 et
3097 3603 3328 3671 Filium,
3361 3605 3418 3658 et
3465 3601 3738 3674 Spiritum
3779 3609 3892 3651 san-

2286 3697 2442 3750 ctum
2476 3694 2812 3762 adoramus,
2849 3701 2908 3748 ut
2951 3692 3152 3750 divisis
3211 3691 3668 3766 pruprietatibus
3701 3682 3894 3744 Divini-

2283 3785 2460 3838 tatem
2519 3782 2707 3853 ipsam
2764 3781 3214 3854 conjungamus,
3275 3783 3392 3838 Nec
3450 3800 3586 3842 vero
3633 3783 3691 3838 in
3744 3794 3896 3835 unum

2287 3871 2398 3927 tria
2427 3871 2842 3942 contrahimus,
2875 3887 2946 3926 ne
2989 3871 3219 3928 Sabellii
3280 3873 3484 3928 morbo
3531 3870 3902 3943 corripiamur,

2289 3977 2394 4016 nec
2423 3968 2624 4017 contra
2683 3977 2866 4016 unum
2917 3962 2975 4016 in
3009 3962 3141 4028 tria,
3174 3963 3403 4020 diversa
3451 3963 3688 4034 quidem
3737 3959 3820 4014 illa
3859 3961 3906 4012 et

2289 4047 2478 4106 aliena
2525 4047 2884 4119 diducimus,
2913 4067 2985 4106 ne
3044 4068 3176 4107 cum
3209 4053 3344 4108 Ario
3395 4052 3776 4108 insaniamus.
3811 4049 3903 4104 Cur

2287 4138 2470 4205 enim,
2502 4155 2715 4210 quaeso,
2743 4137 2953 4210 plantae
2999 4140 3059 4196 in
3107 4141 3346 4198 alteram
3399 4146 3630 4214 partem
3678 4135 3907 4211 vergenti
4000 4157 4001 4206 ξ

2289 4233 2346 4284 et
2385 4245 2620 4302 prorsus
2678 4229 2989 4286 incurvatus
3035 4230 3281 4294 similes,
3333 4231 3386 4286 vi
3447 4231 3804 4288 contrariam
3863 4227 3906 4280 in
4000 4255 4001 4278 ξ

2289 4322 2511 4388 partem
2555 4317 3051 4390 distorqueamus,
3091 4324 3149 4374 et
3201 4320 3648 4390 perversitatem
3713 4333 3907 4392 perver-
4000 4319 4001 4384 ξ

2289 4406 2457 4461 sitate
2534 4407 2918 4478 corrigamus,
2966 4424 3031 4463 ac
3100 4425 3214 4464 non
3270 4409 3470 4479 potius
3545 4411 3619 4464 ad
3689 4407 3909 4464 medium

2288 4496 2629 4564 aspirantes,
2653 4497 2801 4552 intra
2832 4496 3038 4551 divinae
3063 4497 3293 4567 pictatis
3324 4497 3470 4553 fines
3493 4495 3912 4555 consistamus?

2212 4623 2258 4688 Β
2289 4584 2704 4640 Mediocritatis
2735 4601 2904 4658 porro
2934 4586 3169 4641 nomine
3189 4587 3490 4642 veritatem
3533 4587 3736 4659 ipsam
3775 4582 3912 4642 intel-

2288 4673 2426 4746 ligo,
2461 4675 2528 4729 ad
2563 4691 2738 4745 quam
2772 4674 2820 4729 si
2858 4675 3274 4746 spectabimus,
3327 4693 3442 4731 non
3490 4677 3913 4735 aberrabimus:
3999 4673 4001 4720 ἲ

2287 4765 2342 4819 id
2406 4769 2603 4820 autem
2646 4765 2762 4832 ﬁet,
2815 4765 2861 4821 si
2920 4782 3024 4821 nec
3085 4765 3363 4836 improbas
3411 4765 3496 4824 illi
3532 4763 3914 4828 contractioni,

2289 4871 2393 4911 nec
2424 4871 2492 4910 ea
2522 4855 2694 4927 longe
2741 4855 3073 4912 absurdiori
3132 4856 3409 4914 divisioni
3469 4857 3914 4916 subscribamus.

2289 4946 2374 5001 Ita
2435 4949 2498 5000 ut
2538 4960 2728 5016 neque
2777 4945 3014 5001 nomine
3069 4944 3261 5002 verbis
3319 4946 3378 5002 in
3432 4962 3613 5004 unam
3651 4948 3919 5006 contracts

2286 5050 2598 5106 personam
2631 5033 2974 5105 multiplicis
3003 5033 3325 5093 divinitatis
3355 5039 3544 5102 metu,
3580 5039 3756 5096 nuda
3785 5031 3921 5096 nobis

2287 5121 2710 5193 relinquamus,
2747 5123 2878 5178 dum
2930 5123 3206 5180 eumdem
3253 5127 3489 5196 Patrem
3523 5129 3584 5184 et
3625 5126 3839 5184 Filium
3886 5123 3926 5176 ei

2285 5209 2562 5282 Spiritum
2628 5215 2896 5268 sanctum
2971 5212 3401 5283 existimamus,
3455 5229 3565 5270 nec
3629 5215 3829 5288 potius
3883 5209 3927 5264 in

2286 5317 2470 5356 unum
2511 5300 2711 5356 omnia
2737 5300 3000 5368 conﬂari,
3024 5317 3204 5374 quam
3235 5318 3438 5360 eorum
3474 5303 3928 5376 unumquodque

2284 5388 2514 5446 nullum
2560 5406 2802 5460 prorsus
2842 5405 2971 5447 esse
3031 5391 3348 5448 deﬁnimus
3398 5383 3757 5465 (designant
3798 5389 3932 5447 enim

2285 5479 2443 5550 quod
2494 5482 2652 5547 sunt,
2707 5479 2759 5534 si
2797 5478 3043 5536 alternis
3108 5481 3222 5538 sibi
3283 5483 3519 5548 cedant,
3591 5482 3829 5555 aliaque
3886 5478 3935 5532 in

2355 5598 2433 5668 (7)
2459 5599 2625 5653 Tom.
2669 5597 2915 5666 XXXVI,
2950 5599 3055 5654 col.
3086 5601 3178 5654 75.

2353 5669 2426 5738 (8)
2463 5669 2602 5726 Vide
2629 5673 2770 5727 tom.
2806 5669 3030 5738 XXXV,
3062 5671 3170 5730 col.
3207 5671 3360 5730 1072.
