4090 6298
251 396 402 464 U33.

1588 389 1998 460 THRSAURI
2042 387 2190 454 LIB.
2235 387 2310 456 II.

3499 390 3656 452 H34

246 528 486 584 aliorum
547 526 740 580 locum
796 523 1143 594 transeant),
1193 539 1382 595 neque
1429 527 1635 584 contra.
1683 522 1742 578 in
1772 525 1892 582 tres
1924 524 1974 590 Α
2005 521 2260 578 doctoris
2302 536 2440 580 voce
2487 519 2816 586 institutus,
2869 519 3194 591 discipulus
3235 519 3490 576 infidelis
3522 537 3656 576 eva-

245 621 484 672 naturas
546 613 631 669 vel
698 611 1058 688 peregrinae,
1119 610 1460 677 dissimiles,
1522 617 1578 666 et
1637 611 1788 666 inter
1837 628 1898 666 se

253 705 555 770 dissectas,
606 718 733 756 eam
786 717 962 770 quam
999 701 1131 770 jure
1179 700 1398 772 optimo
1428 699 1718 759 insaniam
1754 699 1894 766 dixi,

245 792 556 865 amplexa'ti
592 808 604 846 :
641 789 725 844 vel
761 789 1048 861 principio
1087 795 1140 843 et
1172 790 1373 846 ordine
1407 793 1696 855 carentes,
1730 793 1898 856 atque

248 888 309 938 ut
338 883 422 936 ita
451 881 667 948 dicam,
720 877 1011 933 divinitati
1071 878 1415 938 contrarias.
1468 879 1546 932 Eo
1578 877 1732 948 quod
1764 876 1898 930 hinc

250 975 303 1026 in
344 971 602 1026 Judaicae
668 969 984 1040 paucitatis
1037 970 1342 1039 angustias
1391 967 1813 1033 contrahimur,
1849 965 1894 1022 si

249 1062 352 1116 soli
402 1059 666 1130 Ingenito
721 1058 1088 1114 divinitatem
1131 1057 1548 1114 ascribamus:
1600 1056 1735 1110 inde
1767 1071 1897 1112 vero

249 1152 305 1204 in
361 1147 716 1203 contrarium
771 1147 1030 1217 quidem,
1084 1147 1182 1200 sed
1220 1161 1383 1216 aeque
1416 1144 1658 1212 malum,
1692 1144 1895 1204 vitium

249 1238 628 1301 incurrimus,
658 1236 704 1290 si
739 1235 852 1289 tria
879 1235 1187 1305 principia,
1214 1240 1401 1289 tresve
1426 1235 1564 1288 deos
1590 1249 1897 1303 ponamus,

255 1329 403 1398 quod
431 1326 666 1397 quidem
691 1323 985 1396 praedictis
1011 1325 1181 1394 longe
1204 1323 1518 1378 absurdius
1543 1323 1901 1377 estPraestat

254 1420 409 1474 enim
444 1415 492 1470 si
526 1431 712 1486 neque
745 1415 971 1468 Patrem
1006 1412 1243 1482 quidam
1276 1413 1356 1466 ita
1411 1410 1898 1482 complectantur,

253 1513 315 1562 ut
344 1523 472 1561 eum
507 1503 596 1559 vel
633 1504 817 1558 Patris
845 1502 1079 1557 nomine
1113 1501 1479 1569 dei‘raudent,
1522 1502 1683 1570 (nam
1729 1502 1899 1570 cujus

249 1596 482 1655 tandem
517 1594 681 1650 Pater
712 1592 824 1652 dici
861 1595 1057 1663 queat,
1094 1592 1143 1646 si
1194 1591 1440 1650 diversae
1486 1596 1706 1646 natura:
1759 1605 1897 1648 cen-

253 1690 464 1750 seatur,
526 1687 582 1738 et
637 1681 919 1738 creaturis
973 1684 1352 1737 accenseatur
1381 1681 1426 1750 ‘?)
1487 1695 1677 1750 neque
1733 1679 1899 1734 Chri~

253 1779 401 1833 stum
435 1776 729 1842 tantopere
753 1776 1040 1838 ament,ut
1065 1788 1198 1832 eum
1220 1771 1344 1830 Filii
1367 1771 1600 1826 nomine
1621 1769 1896 1841 spoliant,

252 1866 418 1934 cujus
442 1863 620 1928 enim,
656 1879 872 1932 quaeso,
929 1861 1106 1918 Filius
1131 1861 1351 1927 audiat,
1385 1860 1500 1915 nisi
1531 1861 1599 1914 ad
1633 1875 1894 1925 causam,

254 1953 474 2009 scilicet
524 1957 752 2008 Patrem
805 1951 1085 2010 referatur
1116 1950 1161 2021 ?)
1218 1966 1406 2020 neque
1446 1951 1500 2005 in
1537 1953 1703 2002 Patre
1731 1947 1890 2019 prin-

251 2043 389 2113 cipii
443 2042 786 2112 dignitatem
836 2039 1122 2106 minuant,
1177 2057 1293 2111 qua
1340 2039 1617 2096 nimirum
1655 2041 1810 2106 pater
1839 2039 1896 2090 et

252 2135 478 2202 genitor
535 2131 834 2188 asseritur.
886 2131 1100 2187 Rerum
1170 2131 1325 2186 enim
1404 2131 1564 2200 parvi
1622 2127 1892 2184 momenti

252 2242 354 2280 nec
377 2241 438 2280 se
460 2225 790 2294 dignarum,
823 2220 1177 2291 principium
1207 2219 1400 2287 fuerit,
1434 2219 1549 2276 nisi
1573 2218 1892 2274 divinitatis

250 2317 398 2383 ejus,
455 2329 580 2382 quae
639 2310 699 2366 in
762 2309 901 2364 Filio
958 2314 1015 2363 et
1066 2307 1283 2377 Spiritu
1340 2307 1616 2370 cernitur,
1692 2310 1893 2362 auctor

251 2401 514 2455 exsistat.
549 2396 1031 2466 Quandoquidem
1062 2403 1116 2452 et
1147 2412 1329 2452 unum
1363 2395 1542 2451 Deum
1576 2396 1782 2461 colere,
1832 2398 1890 2448 et

251 2490 364 2540 tres
393 2486 737 2556 hypostases
771 2500 868 2538 seu
899 2500 1200 2554 personas,
1238 2482 1662 2555 atqueillarum
1687 2499 1889 2554 quam-

252 2575 394 2630 libet
426 2591 534 2630 sua
565 2572 914 2644 proprietate
939 2572 1244 2643 praeditam
1276 2573 1536 2630 confiteri
1569 2576 1814 2643 oportet.

931 2693 1088 2747 CAP.
1139 2690 1200 2746 X.

250 2789 526 2859 Ejusdem,
587 2804 657 2844 es;
713 2790 961 2844 oratione
999 2789 1059 2843 in
1103 2788 1359 2855 Arianae,
1424 2792 1474 2842 et
1549 2803 1646 2858 pro
1715 2789 1890 2857 seipso

322 2863 589 2930 [Patrem
636 2859 863 2926 Filium,
909 2865 964 2914 et
1009 2861 1282 2930 Spiritum
1337 2862 1615 2914 conimuni
1668 2860 1892 2914 nomine

322 2937 500 2987 Deum
542 2932 671 2999 dici,
711 2948 942 3002 quorum
989 2947 1247 3002 expressa
1295 2933 1703 3002 comprehensio
1756 2946 1891 2987 vera

318 3003 556 3071 demum,
591 3005 706 3070 hoc,
731 3007 811 3058 est
849 3005 1088 3060 caelestis
1112 3005 1352 3073 felicitas
1372 3006 1442 3060 sit
1484 3004 1606 3076 (9).]

318 3117 391 3168 At
446 3129 578 3168 vero
639 3129 745 3168 nos
807 3113 1056 3179 Patrem,
1111 3120 1164 3169 et
1225 3112 1461 3178 Filium,
1520 3115 1578 3166 et
1608 3111 1890 3183 Spiritum

250 3206 519 3257 sanctum
569 3202 900 3268 adoramus,
950 3206 1124 3272 atque
1174 3203 1404 3257 Patrem
1448 3207 1650 3266 Deum,
1683 3200 1889 3255 Filium

254 3296 460 3361 Deum,
493 3291 778 3363 Spiritum
811 3295 1081 3348 sanctum
1114 3291 1362 3361 denique
1391 3290 1598 3357 Deum,
1622 3289 1733 3344 nisi
1766 3305 1894 3344 mon

251 3381 395 3437 leste
428 3381 597 3451 feras,
635 3397 808 3438 unam
844 3380 1070 3436 scilicet
1098 3381 1484 3450 eamdemque
1534 3384 1802 3434 naturam
1834 3378 1894 3432 in

257 3470 440 3526 tribus
476 3469 950 3541 proprietatibus,
975 3488 1104 3542 quae
1136 3469 1431 3533 intellectu
1469 3469 1894 3541 percipiuntur,

253 3559 517 3631 perfectae
549 3563 707 3628 sunt,
765 3576 863 3630 per
913 3561 1138 3631 seipsas
1190 3559 1542 3626 consistunt,
1574 3563 1631 3613 et
1653 3574 1898 3613 numero

250 3665 367 3704 non
421 3648 726 3705 divinitate
778 3649 1136 3705 dividuntur.
1195 3649 1300 3704 His
1352 3648 1494 3703 mihi
1545 3647 1784 3703 vocibus
1813 3648 1898 3702 uti

250 3754 353 3808 per
391 3742 448 3793 te
481 3737 674 3806 liceat,
706 3738 1041 3809 quicunque
1073 3738 1249 3794 minis
1275 3755 1380 3793 nos
1425 3737 1596 3792 hodie
1628 3738 1857 3792 territas
1884 3751 1898 3791 :

254 3832 490 3883 caeteras
545 3843 678 3882 vero
743 3831 1134 3899 persequatur
1187 3827 1287 3898 qui
1344 3827 1518 3888 volet.
1579 3826 1727 3881 Fieri
1781 3841 1899 3880 non

263 3921 477 3986 potest,
514 3922 576 3972 ut
599 3920 770 3972 Pater
799 3918 1101 3986 subsistat,
1136 3917 1186 3972 si
1209 3916 1336 3972 Filii
1367 3918 1653 3986 iacturam
1677 3913 1854 3974 faciat
1885 3929 1900 3980 ι

260 4020 365 4059 nec
391 4003 647 4071 Filius,si
677 4005 890 4075 Spiritu
950 4011 1150 4062 sancto
1199 4007 1476 4077 privetur.
1509 4004 1775 4060 Privatur
1801 4018 1908 4058 au-

268 4096 408 4160 tem,
442 4092 490 4146 si
515 4092 826 4161 aliquando
849 4111 977 4150 esse
998 4095 1254 4166 coeperit,
1290 4096 1458 4165 sique
1505 4099 1768 4148 creatura
1811 4091 1906 4147 sit.

271 4179 557 4234 Creatura
603 4181 760 4235 enim
816 4186 966 4237 Deus
1014 4199 1128 4237 non
1179 4187 1289 4251 est,
1328 4184 1684 4254 baptismum
1737 4196 1909 4253 porro

264 4267 555 4323 imminui
615 4285 719 4324 nec
778 4287 882 4342 ego
927 4272 1166 4342 quidem
1212 4272 1378 4332 fero:
1437 4276 1581 4330 Unus
1627 4275 1910 4340 Dominus,

266 4374 382 4413 una
415 4357 589 4420 ﬁdes;
643 4375 814 4414 unum
876 4361 1157 4430 baptisma
1196 4360 1262 4417 ίί.
1318 4362 1479 4425 Quod
1514 4363 1659 4417 mihi
1691 4361 1737 4417 si
1771 4378 1909 4417 con-

262 4446 484 4502 feratur
518 4446 774 4517 irritum,
833 4448 952 4515 ubi,
999 4465 1217 4518 quaeso,
1265 4450 1510 4506 alterum
1547 4453 1853 4508 nanciscar
1885 4449 1912 4504 τ

264 4536 426 4599 Quod
463 4535 654 4591 dicitis
686 4536 712 4590 ‘I
746 4537 897 4592 Heus
925 4552 1028 4592 vos
1051 4537 1153 4608 qui
1177 4539 1534 4608 baptismum
1563 4541 1910 4608 pervertitis,

2007 611 2165 665 dam.
2201 609 2515 666 Veritatem
2570 609 2876 666 confessus
2927 625 3078 679 sum,
3133 627 3247 668 non
3281 609 3653 666 mendacium

2006 716 2119 754 non
2180 699 2572 766 committam,
2636 703 2700 753 ut
2758 699 2859 769 qui
2917 699 3209 769 baptismo
3261 700 3653 772 perficiendus

2004 789 2287 855 venerim,
2347 789 2744 858 imperfectior
2809 789 3008 844 abeam
3061 805 3074 843 :
3133 788 3230 860 qui
3290 797 3353 844 ut
3406 790 3655 846 viverem

2008 877 2339 947 baptizatus
2398 893 2553 941 sum,
2601 875 2658 934 in
2695 893 2847 948 aqua
2878 876 3116 944 moriar,
3151 878 3652 947 quemadmodum

2005 965 2109 1024 illa
2139 984 2266 1036 quae
2302 967 2360 1022 in
2418 967 2546 1038 ipso
2601 971 2766 1039 partu
2821 971 3093 1037 pereunt,
3144 971 3504 1036 mortemque
3540 985 3658 1024 una

2007 1071 2137 1113 cum
2169 1059 2296 1112 ortu
2329 1055 2730 1126 experiuntur.
2763 1056 2880 1112 Cur
2913 1073 3022 1123 me,
3076 1072 3294 1125 quaeso,
3332 1056 3568 1111 beatum
3599 1061 3657 1112 et

2007 1143 2301 1212 miserum,
2327 1161 2527 1204 recens
2552 1144 2951 1204 illuminatum
2975 1148 3031 1200 et
3061 1143 3301 1200 luminis
3333 1149 3652 1216 expertem,

2008 1232 2272 1290 divinum
2325 1239 2382 1288 et
2421 1234 2693 1304 impium,
2747 1235 2949 1290 eodem
3023 1235 3305 1304 temporis
3356 1243 3650 1290 momento

2008 1321 2150 1378 facis
2180 1322 2207 1376 ?
2234 1323 2525 1384 Numnam
2570 1327 2633 1378 ut
2674 1323 2783 1378 hoc
2835 1324 3161 1393 naufragio,
3205 1323 3293 1377 vel
3334 1339 3438 1393 spe
3469 1323 3653 1378 refor-

2007 1412 2286 1467 mationis
2315 1414 2580 1474 excidam
2612 1413 2639 1468 ?
2672 1413 2744 1470 Ut
2777 1430 2894 1470 rem
2931 1414 3134 1484 paucis
3165 1413 3484 1484 absolvam,
3511 1415 3650 1484 quid

2007 1502 2311 1561 confessus
2345 1503 2448 1570 sis,
2482 1502 2968 1560 reminiscitor.ln
2996 1519 3166 1572 quem
3196 1502 3520 1572 baptizatus
3544 1519 3604 1558 cs
3629 1503 3656 1558 ?

2006 1594 2068 1646 In
2130 1593 2382 1648 Patrem.
2446 1594 2610 1650 Recte
2663 1593 2771 1648 hoc
2829 1593 3089 1664 quidem,
3151 1593 3254 1648 sed
3306 1592 3642 1649 Judaicum.

2007 1682 2223 1736 Deinde
2281 1683 2338 1737 in
2395 1682 2626 1738 Filium.
2685 1683 2856 1738 Recte
2900 1687 2956 1738 et
3003 1683 3133 1749 hoc,
3168 1687 3227 1738 at
3259 1682 3525 1752 quamvis
3553 1683 3655 1737 Ju-

2006 1771 2236 1827 daicum
2309 1788 2423 1826 non
2483 1772 2580 1838 sit,
2634 1773 2895 1826 nondum
2964 1777 3157 1827 tamen
3194 1771 3516 1842 perfectum
3545 1777 3653 1828 est.

1931 1880 1977 1950 Β
2009 1860 2073 1916 Et
2102 1860 2159 1914 in
2191 1861 2473 1931 Spiritum
2525 1866 2813 1917 sanctum.
2870 1862 3098 1933 Optime
3156 1861 3265 1916 hoc
3310 1866 3488 1928 certe,
3519 1879 3653 1916 nam

2011 1950 2325 2020 perfectum
2377 1959 2480 2006 est.
2529 1957 2649 2022 Age
2705 1969 2860 2020 vero,
2896 1969 3182 2007 numnam
3215 1951 3559 2022 simpliciter
3590 1952 3650 2006 in

2008 2038 2346 2108 hujusmodi
2391 2040 2627 2096 nomine
2675 2040 3001 2110 baptizatus
3038 2057 3121 2108 es,
3179 2057 3249 2094 an
3283 2039 3461 2096 etiam
3493 2057 3654 2095 com-

2009 2145 2182 2184 mune
2240 2127 2472 2199 aliquod
2533 2128 2739 2184 horum
2810 2145 3022 2186 nomen
3073 2129 3284 2183 nosti?
3323 2131 3648 2184 Commune

2004 2223 2160 2272 certe
2191 2217 2343 2274 novi.
2379 2217 2749 2287 Ecquodnam
2783 2218 2924 2272 est?
2958 2217 3248 2272 Nimirum
3282 2217 3382 2272 Dei
3405 2234 3643 2273 nomen.

2008 2307 2066 2362 In
2101 2306 2210 2363 hoc
2243 2322 2552 2363 commune
2583 2323 2795 2363 nomen
2829 2307 3063 2375 credito,
3100 2323 3334 2378 gressus
3379 2305 3640 2380 dirigito,

2004 2399 2060 2452 et
2103 2399 2360 2467 regnate.
2409 2396 2539 2452 Jam
2598 2412 2666 2450 ex
2715 2396 2820 2452 hoc
2871 2398 3089 2452 mundo
3112 2399 3182 2452 ad
3217 2397 3638 2452 beatitudinem

2004 2486 2165 2546 illam
2197 2485 2485 2542 caelestem
2536 2486 2992 2556 transmigrasti.
3051 2485 3150 2542 illa
3180 2503 3372 2557 porro,
3409 2490 3472 2541 ut
3505 2503 3634 2541 mea

2000 2576 2111 2630 fert
2139 2574 2359 2645 opinio,
2393 2573 2540 2630 nihil
2572 2574 2731 2630 aliud
2757 2579 2866 2644 eet,
2899 2591 3074 2646 quam
3108 2576 3435 2646 expressior
3463 2577 3639 2646 [quaa-

2001 2662 2156 2732 dam]
2189 2661 2398 2720 horum
2432 2661 2892 2733 comprehensio.

2676 2778 2830 2834 CAP.
2857 2779 2958 2834 XI.

2003 2895 2063 2949 D.
2098 2891 2364 2964 Maximi,
2415 2893 2478 2948 de
2536 2893 2697 2948 Patre
2755 2901 2810 2947 et
2867 2891 3026 2964 Filio,
3080 2896 3132 2947 et
3176 2892 3388 2964 Spiritu
3437 2903 3644 2960 sancto,

2074 2963 2332 3019 distincta
2404 2964 2571 3018 simul
2627 2975 2680 3020 et
2748 2963 3042 3034 conjuncta
3105 2963 3425 3020 Divinitatis
3481 2968 3645 3021 ratio.

2078 3037 2290 3107 [Patris
2339 3038 2390 3089 et
2434 3036 2566 3089 Filii
2613 3041 2664 3107 et
2705 3034 2942 3105 Spiritus
2967 3038 3226 3092 eamdem
3257 3038 3648 3106 substantiam,

2071 3106 2398 3180 potentiam,
2431 3115 2480 3161 et
2512 3106 2783 3162 actionem
2811 3108 2968 3177 esse]

1933 3247 1975 3320 α
2077 3224 2128 3277 1.
2162 3223 2310 3320 Deus
2369 3239 2522 3320 upus
2572 3225 2680 3287 est,
2725 3221 3166 3320 quia‘divinitas
3193 3238 3338 3320 una,
3370 3219 3641 3320 principii

2005 3329 2230 3384 expers,
2256 3311 2527 3384 simplex,
2553 3312 3166 3384 supersubstantialis,
3191 3311 3565 3382 impartibiiis
3589 3314 3644 3366 et

2003 3400 2400 3458 indlvisibilis.
2459 3402 2670 3456 Eadem
2729 3401 2928 3457 unitas
2984 3405 3041 3456 et
3087 3401 3343 3457 Trinitas
3389 3420 3400 3457 :
3443 3402 3646 3456 eadem

2003 3496 2123 3546 tota
2158 3491 2376 3558 unitas,
2407 3494 2464 3546 et
2490 3495 2610 3545 tota
2637 3490 2895 3546 Trinitas
2932 3507 2944 3544 :
2977 3491 3180 3545 eadem
3214 3494 3334 3545 tota
3366 3489 3644 3553 unitas,si

2007 3582 2293 3649 essentiaa,
2319 3580 2521 3634 eadem
2544 3583 2667 3634 tota
2696 3579 2973 3647 Trinitas,
3008 3580 3056 3633 si
3089 3594 3466 3649 personarum
3504 3577 3648 3633 ratio

2007 3671 2312 3726 habeatur.
2360 3673 2530 3724 Pater
2578 3673 2636 3723 et
2676 3668 2860 3722 Filius
2893 3675 2950 3722 et
2979 3667 3232 3739 Spiritus
3265 3670 3523 3730 sanctus,
3557 3667 3646 3720 Di-

2009 3759 2221 3814 vinitas
2267 3757 2491 3814 eadem.
2539 3756 2792 3827 Quaeque
2847 3757 3001 3811 Patri
3051 3760 3106 3810 et
3137 3755 3278 3810 Filio
3309 3759 3366 3810 et
3406 3754 3650 3826 Spiritui

2011 3851 2212 3904 sancto
2261 3846 2534 3900 divinitas
2582 3845 2758 3912 inest,
2799 3844 2998 3900 eadem
3045 3848 3163 3898 tota
3210 3843 3269 3898 in
3311 3843 3479 3898 Patre
3505 3847 3649 3909 toto,

2013 3942 2186 4006 atque
2207 3934 2465 3990 vicissim
2482 3932 2667 3988 eidem
2695 3933 2794 3988 toti
2838 3933 3002 3988 Pater
3040 3936 3198 3987 totus
3230 3931 3403 3987 inest.
3440 3933 3653 3986 Eadem

2016 4029 2134 4080 tota
2159 4025 2216 4079 in
2250 4027 2368 4079 toto
2403 4020 2565 4089 Filio,
2600 4024 2773 4090 atque
2795 4024 2952 4075 totus
2974 4020 3035 4075 in
3067 4021 3270 4075 eadem
3301 4023 3424 4076 tota
3452 4019 3654 4074 Filius.

2018 4114 2229 4169 Eadem
2262 4117 2383 4167 tota
2412 4111 2470 4165 in
2503 4113 2620 4165 toto
2643 4109 2858 4179 Spiritu
2895 4112 3116 4177 sancto,
3171 4112 3345 4180 atque
3393 4112 3548 4164 totus
3601 4107 3661 4162 in

2019 4203 2220 4258 eadem
2258 4203 2374 4256 tota
2413 4198 2660 4272 Spiritus
2701 4202 2965 4255 sanctus.
3020 4198 3220 4270 Neque
3265 4215 3333 4254 ex
3387 4204 3547 4270 parte
3601 4196 3662 4252 in

2019 4296 2185 4348 Patre
2233 4287 2513 4344 Divinitas
2574 4290 2682 4354 est,
2716 4285 2804 4344 vel
2845 4303 2912 4342 ex
2945 4293 3104 4354 parte
3145 4291 3314 4342 Pater
3353 4293 3508 4348 Deus
3557 4294 3665 4351 est,

2022 4396 2210 4450 neque
2234 4395 2302 4433 ex
2357 4380 2516 4448 parte
2576 4375 2858 4430 Divinitas
2901 4375 3043 4429 Filio
3077 4376 3250 4441 inest,
3284 4375 3371 4429 vel
3405 4392 3472 4430 ex
3507 4378 3664 4446 parte

2025 4467 2204 4523 Filius
2261 4465 2412 4520 Deus
2469 4468 2579 4530 est,
2642 4477 2830 4534 neque
2879 4478 2946 4516 ex
3006 4465 3168 4535 parte
3230 4461 3383 4514 inest
3424 4460 3666 4536 Spiritui

2027 4558 2224 4610 sancto
2283 4551 2587 4620 Divinitas,
2647 4550 2734 4605 vel
2791 4567 2858 4606 ex
2913 4554 3075 4621 parte
3137 4549 3388 4618 Spiritus
3431 4555 3667 4604 sanctus

266 4641 369 4682 seu
399 4625 806 4696 rebaptizatisl
852 4627 1055 4682 ﬁerine
1094 4631 1304 4698 potest,
1338 4632 1400 4683 ut
1433 4627 1564 4698 quis
1595 4628 1913 4700 spiritualis
1944 4626 1988 4689 D
2020 4647 2175 4697 Deus
2222 4645 2329 4695 est.
2385 4639 2500 4697 Nec
2547 4639 2703 4694 enim
2768 4637 3064 4707 partitioni
3101 4633 3384 4690 Divinitas
3415 4634 3667 4690 obnoxia

267 4715 395 4770 sine
439 4715 657 4787 Spiritu
704 4716 932 4772 dicatur
959 4716 987 4772 7
1037 4721 1124 4771 An
1164 4732 1296 4772 vero
1327 4717 1580 4788 Spiritus
1617 4717 1909 4788 particeps

263 4803 362 4859 ille
394 4804 493 4870 sit,
523 4807 623 4876 qui
669 4805 952 4877 Spiritum
1001 4823 1114 4862 non
1166 4809 1478 4861 veneratur
1505 4805 1532 4860 ‘t
1581 4806 1710 4861 Isne
1741 4822 1911 4876 porro

263 4893 546 4963 Spiritum
577 4898 908 4962 veneratur,
944 4895 1045 4966 qui
1090 4895 1148 4951 in
1206 4898 1486 4953 creatura
1532 4894 1914 4966 conservique

265 4981 503 5037 nomine
535 4983 866 5054 baptizatus
891 4987 980 5044 est
1005 4985 1032 5040 ?
1064 4985 1380 5057 Nunquam
1411 4985 1916 5056 certe,quamlibet

267 5069 458 5126 multa
488 5070 666 5139 dicas,
703 5089 1007 5144 nunquam
1051 5075 1110 5130 id
1138 5075 1545 5147 persuadebis.
1577 5074 1702 5130 Non
1734 5079 1788 5132 te
1813 5075 1918 5130 fal-

267 5160 408 5224 lam,
447 5176 478 5214 o
538 5159 808 5232 principii
852 5179 1054 5233 expers
1091 5164 1275 5222 Pater.
1328 5168 1454 5219 Non
1497 5167 1555 5220 te
1606 5164 1828 5230 fallam,
1880 5181 1912 5219 ο

271 5248 644 5320 unigenitum
703 5249 983 5305 Verbum.
1043 5252 1169 5307 Non
1228 5257 1284 5308 te
1338 5252 1555 5320 fallam,
1602 5252 1916 5325 oSpiritus

268 5343 492 5394 sancte.
525 5339 656 5394 Scio
679 5337 819 5410 quid
849 5339 1152 5396 confessus
1178 5341 1312 5410 sim,
1345 5358 1379 5396 a
1410 5358 1518 5412 quo
1553 5343 1919 5410 desciverim,

271 5439 445 5493 quem
479 5429 716 5482 secutus
749 5427 884 5482 sim.
919 5425 1047 5482 Non
1080 5427 1442 5484 committam
1478 5434 1542 5484 ut
1571 5431 1700 5484 viva
1729 5429 1918 5485 ﬁdelis

347 5556 389 5590 ¹¹
418 5558 563 5628 Eph.
598 5576 675 5626 1v,
706 5561 760 5613 5.

348 5699 426 5774 (9)
458 5701 626 5757 Tom.
660 5705 912 5774 XXXVI,
949 5705 1056 5761 col.
1090 5706 1216 5760 236.

2021 4736 2128 4787 est.
2163 4730 2361 4801 Neque
2401 4729 2570 4784 Pater
2617 4734 2717 4784 aut
2770 4727 2973 4796 Filius,
3008 4729 3107 4780 aut
3137 4722 3391 4795 Spiritus
3422 4729 3666 4778 sanctus

2027 4822 2176 4876 Deus
2220 4822 2308 4873 est
2358 4817 2758 4887 imperfectus.
2807 4815 2918 4869 Sed
2968 4817 3086 4870 tota
3140 4811 3344 4868 eadem
3415 4811 3668 4884 perfecta

2023 4910 2279 4982 perfecte
2335 4906 2492 4962 Patri
2551 4904 2852 4976 perfecto:
2915 4906 3031 4957 tota
3104 4902 3362 4973 perfecta
3419 4899 3668 4972 perfecte

2026 4999 2170 5055 Filio
2197 4997 2448 5070 perfecto
2482 5013 2493 5050 :
2530 4998 2654 5050 tota
2681 4993 2934 5064 denique
2981 4992 3238 5064 perfecta
3290 4991 3561 5062 perlecte,
3617 4994 3675 5044 et

2026 5089 2225 5143 eadem
2271 5083 2515 5157 Spiritui
2560 5085 2757 5138 sancto
2804 5081 3057 5153 perfecto
3091 5080 3262 5135 inest.
3301 5081 3485 5135 Totus
3517 5078 3673 5134 enim

2026 5178 2130 5232 toti
2195 5175 2332 5230 Filio
2374 5178 2431 5228 et
2475 5172 2717 5244 Spiritui
2768 5174 2970 5226 sancto
3006 5171 3259 5242 perfecte
3308 5169 3476 5224 Pater
3503 5168 3674 5223 inest.

2030 5269 2173 5323 Item
2229 5270 2387 5321 totus
2426 5263 2529 5318 toti
2581 5261 2738 5316 Patri
2792 5265 2848 5316 et
2892 5260 3133 5333 Spiritui
3181 5262 3380 5314 sancto
3424 5260 3674 5330 perfecto

2032 5356 2213 5411 Filius
2246 5354 2415 5408 inest.
2444 5354 2620 5406 Totus
2658 5349 2908 5421 denique
2955 5349 3058 5403 toti
3102 5348 3250 5403 Patri
3283 5352 3340 5403 et
3371 5346 3509 5402 Filio
3547 5362 3677 5415 per-

2032 5448 2178 5502 facte
2214 5443 2467 5516 Spiritus
2509 5444 2749 5496 sanctus
2801 5439 2973 5495 inest.
3032 5437 3157 5493 Una
3205 5439 3355 5493 enim
3387 5441 3443 5492 et
3483 5437 3684 5494 eadem
