4090 6298
473 415 628 476 1135

1789 399 2095 460 ΝΙΟΕΤΛΕ
2137 397 2556 460 ῧΗΟΝῙΑΤᾹί

3735 389 3886 450 1186

473 545 666 602 Patris
697 546 754 598 et
785 539 914 597 Filii
946 542 1002 593 et
1030 536 1282 608 Spiritus
1315 533 1500 590 sancti
1531 530 1805 600 essentia,
1836 529 2114 600 potentia,
2145 533 2206 598 Α
2233 546 2366 585 vero
2397 530 2692 585 internum
2743 542 2977 599 quoque
3025 525 3262 581 dicitur.
3313 523 3576 578 Tertium
3633 521 3886 592 denique

478 639 534 690 et
572 632 720 688 actio
751 635 860 686 est.
892 629 1006 684 Nec
1047 642 1247 681 eorum
1299 622 1612 695 quisquam
1665 620 1884 690 absque
1944 617 2122 674 altero

485 740 613 778 esse
655 725 756 776 aut
787 717 1030 782 intelligi
1065 718 1274 786 potest.

549 813 601 865 2.
637 808 930 880 Ejusdem.
965 804 1069 860 Illa
1085 802 1340 858 universi
1373 800 1564 871 opifex
1595 802 1804 854 sanctae
1825 795 2130 852 Trinitatis

486 899 740 958 essentia
767 895 888 951 sola
919 894 1188 965 simplex,
1221 888 1725 957 uniformis,nulla
1757 905 1814 944 re
1839 903 2040 959 egens,
2073 889 2132 941 et

483 985 876 1045 immutabilis
909 987 1016 1039 est.
1051 981 1256 1037 Omnis
1285 983 1478 1036 autem
1511 983 1780 1034 creatura
1803 976 2128 1046 composita

487 1084 595 1145 est,
623 1092 746 1148 quas
781 1074 1060 1130 nimirum
1092 1088 1160 1125 ex
1191 1069 1522 1124 substantia
1551 1073 1606 1123 et
1659 1067 1952 1122 accidente
1995 1082 2130 1120 con-

489 1171 626 1234 stet,
682 1164 886 1220 divinaa
943 1160 1322 1234 providentiae
1393 1157 1607 1214 auxilio
1665 1173 1894 1228 semper
1951 1158 2133 1228 egeat,

491 1257 949 1325 haudquaquam
987 1250 1330 1306 mutationis
1363 1263 1585 1319 expers.
1619 1247 1868 1301 Proinde
1899 1261 2006 1300 nec
2047 1261 2136 1299 ac-

501 1346 701 1400 cidens
747 1345 878 1412 Deo,
929 1357 1034 1396 nec
1097 1339 1348 1411 qualitas
1397 1337 1782 1392 attribuenda.
1817 1339 1951 1389 Haec
1981 1336 2134 1389 enim

501 1435 675 1490 rebus
732 1430 1073 1503 compositis
1131 1434 1188 1484 et
1241 1425 1548 1482 mutationi
1600 1424 1865 1482 obnoxiis
1897 1424 2136 1480 attribui

505 1523 712 1578 solent.
771 1522 1140 1588 Quaecunque
1197 1521 1390 1572 autem
1449 1520 1558 1570 Deo
1637 1516 1860 1584 insunt,
1929 1525 2141 1568 natura

501 1613 726 1676 insunt,
760 1627 873 1664 non
906 1613 1188 1678 tanquam
1221 1606 1508 1677 acquisita
1540 1609 1596 1660 et
1625 1604 1960 1660 adventitia.

570 1700 622 1753 3.
669 1696 966 1767 Ejusdem.
1023 1694 1104 1748 Ne
1153 1693 1388 1748 habitus
1437 1697 1494 1747 et
1524 1691 1879 1762 aptitudines
1910 1692 1967 1744 in
2001 1691 2142 1745 sim-

500 1787 638 1860 plici
669 1791 726 1840 et
756 1785 990 1839 infinita
1035 1789 1248 1838 sanctae
1295 1781 1597 1835 Trinitatis
1640 1781 1894 1836 essentia
1933 1781 2142 1850 quaesi-

2239 619 2546 688 profertur.
2605 617 2860 688 Spiritus
2911 616 3084 670 etiam
3149 611 3455 682 multiplex
3486 619 3570 666 est
3605 611 3886 682 acceptio.

2237 705 2383 760 Nam
2415 713 2470 762 et
2497 705 2750 777 Spiritus
2782 709 3023 760 sanctus
3055 705 3143 757 est
3175 717 3190 770 ;
3226 705 3282 755 et
3325 699 3664 770 spirituales
3721 699 3890 754 facul«

2239 800 2385 850 tates
2415 795 2729 866 spirituum
2783 795 3020 850 nomine
3060 791 3461 862 designantur.
3515 788 3774 858 Spiritus
3805 789 3885 842 in-

2239 901 2412 954 super
2433 901 2535 956 pro
2559 885 2765 956 angelo
2791 882 3110 950 bono,item
3133 884 3189 935 et
3221 896 3322 951 pro
3346 879 3608 934 daemone
3637 879 3884 949 capitur.

2239 973 2491 1044 Spiritus
2523 973 2658 1028 item
2695 972 2893 1028 anima
2921 975 3032 1027 est.
3087 969 3416 1040 Aliquando
3449 968 3624 1022 etiam
3665 966 3882 1022 intelleo

2242 1069 2391 1133 ctus,
2423 1069 2658 1132 ventus,
2689 1079 2805 1131 aer,
2838 1067 2894 1116 et
2923 1065 3128 1116 caetera
3156 1058 3213 1112 id
3255 1073 3442 1130 genus
3494 1055 3748 1127 spiritus
3794 1073 3883 1126 ap-

2245 1151 2558 1222 pellantur.

2881 1265 3037 1322 CAP.
3090 1263 3246 1319 XIII.

2245 1384 2450 1438 Eadem
2507 1384 2578 1438 de
2615 1400 2699 1448 re,
2751 1384 2844 1436 Ea:
2897 1379 3070 1435 variis
3123 1377 3398 1432 Pati-ibus.
3481 1376 3778 1448 [Perfecta
3837 1377 3884 1427 in

2409 1445 2966 1524 Trinitate'personae,
3001 1451 3062 1505 in
3091 1466 3148 1505 se
3173 1448 3425 1504 vicissim
3447 1445 3740 1516 singula]

2323 1591 2372 1644 1.
2399 1588 2722 1644 Exduabus
2747 1587 3016 1659 perfectis
3040 1583 3588 1658 hypostasibus,seu
3611 1580 3882 1650 personis,

2251 1677 2597 1746 compositio
2629 1675 2752 1730 ﬁeri
2784 1692 2898 1730 non
2941 1679 3156 1745 potest.
3197 1672 3446 1728 Proinde
3487 1671 3741 1740 speciem
3797 1683 3880 1722 ne-

2255 1781 2552 1836 quaquam
2579 1781 2648 1820 ex
2679 1763 2968 1836 personis,
3003 1762 3103 1817 sed
3135 1761 3196 1815 in
3227 1759 3496 1832 personis
3523 1759 3794 1813 dicimus.
3819 1757 3882 1810 Ex

501 1848 648 1932 veris
681 1892 694 1929 :
735 1891 807 1929 ne
839 1875 983 1928 forte
1039 1872 1423 1943 compositam
1481 1869 1640 1924 illam
1689 1848 2036 1939 proﬁtearis,
2087 1871 2145 1922 et
2175 1899 2220 1962 Β
2255 1873 2368 1927 quo
2403 1857 2489 1923 ﬁt,
2523 1855 2924 1962 “inperfectas
2975 1853 3214 1924 quidem
3245 1858 3468 1962 “sancta
3619 1848 3882 1962 Tr‘i‘nitate

501 1966 677 2021 rebus
709 1961 920 2018 creatis
951 1975 1279 2018 accenseas.

573 2055 623 2109 4.
659 2053 952 2120 Ejusdem.
1017 2053 1096 2105 Ex
1155 2051 1226 2104 iis
1263 2067 1392 2120 quae
1425 2057 1581 2116 sunl,
1610 2064 1810 2102 eorum
1845 2064 1970 2118 quae
2006 2051 2145 2103 sunt

503 2159 743 2198 causam
841 2139 1236 2212 dignoscimus
1335 2137 1640 2208 [nimirum
1721 2137 1990 2207 Patrem],
2077 2153 2147 2191 ex

505 2248 705 2286 eorum
741 2235 937 2286 autem
993 2245 1116 2298 quae
1176 2231 1314 2282 sunt
1371 2228 1714 2293 differentia,
1767 2226 1864 2280 illa
1894 2228 2144 2297 enhypo-

505 2324 681 2386 stata,
715 2318 824 2372 hoc
881 2321 992 2380 est,
1039 2333 1141 2387 per
1199 2331 1260 2370 se
1318 2315 1668 2381 consistens,
1715 2317 1840 2385 ejus
1869 2315 2024 2385 quod
2059 2315 2176 2370 est'

504 2409 813 2481 sapientia,
845 2424 1050 2478 nempe
1082 2407 1285 2474 Filius,
1311 2406 1478 2462 nobis
1501 2407 1827 2462 innotescit.
1861 2409 1941 2460 Ex
1973 2410 2145 2461 natu-

507 2499 612 2554 rali
645 2499 892 2568 denique
920 2513 1120 2553 eorum
1153 2515 1280 2567 quas
1313 2501 1452 2552 sunt
1483 2500 1663 2564 motu,
1698 2497 2144 2568 enhypostatam

505 2604 738 2660 quoque
763 2604 862 2642 seu
899 2603 1002 2658 per
1031 2603 1092 2641 se
1123 2586 1538 2641 consistentem
1589 2603 1788 2640 eorum
1835 2602 1963 2656 quae
2012 2589 2150 2641 sunt

503 2680 728 2746 vitam,-
766 2683 822 2733 st
877 2677 1162 2733 vivificam
1223 2693 1420 2732 eorum
1474 2695 1602 2748 quae
1635 2685 1772 2733 sunt
1805 2679 2144 2750 potentiam,

503 2784 712 2839 nempe
743 2767 1021 2839 Spiritum
1051 2771 1320 2822 sanctum
1346 2766 1753 2837 intelligimus.

573 2861 625 2912 5.
663 2859 958 2928 Ejusdem.
991 2857 1046 2911 Si
1074 2857 1329 2913 Verbum
1355 2874 1556 2912 eorum
1589 2875 1714 2928 quae
1746 2863 1886 2912 sunt
1913 2873 2149 2928 genera-

505 2948 650 3002 tioni
683 2951 908 3017 prmest,
945 2946 1171 3000 nullum
1225 2963 1486 3016 unquam
1538 2945 1646 3000 hoc
1685 2946 1873 3002 Verbo
1903 2948 2146 3002 verbum

505 3037 808 3108 antiquius
841 3037 968 3104 fuit,
1005 3035 1328 3090 futurumve
1357 3039 1466 3091 est.
1498 3035 1748 3089 Verbum
1800 3041 1992 3090 autem
2041 3053 2146 3092 nec

507 3125 720 3180 mentis
754 3141 974 3190 exsors,
1029 3140 1134 3178 nec
1191 3125 1320 3177 vitm
1377 3129 1483 3188 est,
1533 3124 1635 3178 sed
1682 3124 1894 3178 mentis
1933 3129 1991 3178 et
2021 3125 2146 3180 vita:

505 3213 814 3284 particeps.
865 3212 1248 3266 Generantem
1282 3213 1438 3266 enim
1471 3217 1727 3266 mentem
1762 3212 1956 3281 habet,
1989 3229 2144 3284 quie-
2177 3252 2219 3319 Β

505 3319 618 3372 que
649 3300 740 3356 sui
771 3301 1024 3356 essentia
1045 3303 1327 3356 consistat
1357 3300 1635 3354 nimirum
1665 3302 1896 3356 Patrem
1931 3303 2146 3358 :habet

505 3393 563 3442 et
585 3387 758 3442 vitam
781 3387 874 3440 sui
896 3386 1150 3440 essentia
1165 3387 1602 3454 consistentem,
1620 3387 1841 3442 scilicet
1861 3387 2144 3458 Spiritum

507 3479 796 3532 sanctum.

1165 3575 1315 3626 CAP.
1353 3571 1476 3627 XII.

509 3659 854 3726 Damasceni,
913 3675 985 3714 ex
1041 3662 1288 3730 oratione
1347 3660 1416 3714 De
1472 3660 1637 3714 Patre
1682 3665 1732 3714 et
1772 3659 1913 3715 Filio
1941 3663 1992 3715 et
2020 3660 2143 3730 Spi-

577 3730 696 3785 ritu
715 3739 920 3798 sancto,
951 3729 1216 3786 distincta
1243 3731 1410 3785 simul
1431 3737 1484 3786 et
1500 3732 1792 3802 conjuncta
1823 3729 2146 3788 Divinitutis

577 3805 716 3857 ratio
747 3801 880 3874 (10).

577 3902 732 3956 Deus
791 3909 843 3957 et
892 3905 1060 3957 Pater
1109 3905 1218 3968 est,
1280 3901 1376 3972 qui
1437 3919 1666 3972 semper
1706 3903 2003 3974 ingenitus
2036 3907 2143 3970 est,

506 3991 723 4062 quippe
783 3990 884 4061 qui
946 4008 978 4046 a
1038 3991 1199 4046 nullo
1257 3991 1492 4062 genitus
1542 3997 1892 4047 coaeternum
1931 3992 2145 4046 Filium

503 4080 791 4150 genuerit.
846 4083 994 4134 Deus
1039 4083 1095 4133 et
1131 4079 1309 4134 Filius
1360 4086 1470 4145 est,
1514 4081 1613 4150 qui
1646 4097 1776 4134 cum
1806 4081 1968 4135 Patre
2001 4097 2148 4136 sem-

505 4185 610 4238 per
639 4173 747 4236 est,
773 4169 842 4222 ab
876 4167 1093 4238 illoque
1143 4169 1268 4224 sine
1317 4173 1578 4240 tempore
1609 4173 1986 4240 sempiterno,
2022 4170 2148 4225 sine

509 4255 667 4310 ﬂuxu
723 4256 1165 4326 imperturbate,
1221 4265 1272 4312 et
1322 4258 1447 4312 sine
1497 4257 1854 4328 sejunctione
1895 4259 1966 4313 ab
1999 4259 2146 4329 ipso,

506 4344 762 4416 genitus.
811 4346 962 4400 Deus
1011 4345 1259 4416 denique
1315 4346 1571 4418 Spiritus
1641 4351 1904 4412 sanctus,
1965 4347 2145 4402 virtus

505 4435 906 4500 sanctificans,
941 4451 1066 4506 quae
1097 4451 1196 4505 per
1226 4452 1287 4490 se
1319 4435 1608 4502 subsistit,
1653 4451 1686 4490 a
1720 4435 1884 4490 Patre
1915 4440 1971 4489 et
2006 4435 2147 4490 Filio

506 4524 785 4594 procedit,
844 4527 900 4579 et
953 4525 1010 4578 in
1069 4523 1212 4579 Filio
1259 4525 1643 4595 conquiescit,
1705 4524 1966 4594 ejusdem
2009 4541 2144 4580 cum

2255 1962 2534 2016 personas
2565 1944 2854 2008 dicamus,
2886 1959 2956 1998 ne
3006 1941 3345 2012 compositio
3395 1941 3454 1994 in
3498 1939 3620 1995 illis
3651 1937 3761 1992 ulla
3791 1953 3880 1990 co-

2254 2034 2490 2104 gitetur.
2543 2033 2658 2088 Has
2707 2037 2896 2088 autem
2940 2032 2997 2086 in
3045 2047 3106 2086 se
3151 2029 3410 2084 vicissim
3443 2027 3734 2099 singulas,
3765 2041 3882 2097 pro-

2253 2128 2380 2192 pter
2411 2127 2684 2177 mutuum
2717 2137 2920 2177 earum
2955 2119 3218 2174 habitum
3250 2117 3407 2174 inter
3440 2133 3502 2172 se
3542 2123 3720 2186 atque
3759 2113 3882 2169 rela-

2254 2212 2470 2267 tionem
2521 2211 2866 2266 asserimus.
2909 2209 3055 2272 Quia
3109 2207 3285 2263 etiam
3329 2223 3435 2261 nec
3467 2201 3874 2264 circumscribi,

2253 2315 2359 2356 nec
2390 2300 2514 2356 loco
2549 2299 2828 2355 contineri
2882 2301 3151 2369 possunt,
3197 2297 3336 2367 quia
3367 2293 3624 2365 denique
3655 2309 3766 2347 una
3791 2307 3870 2345 eo-

2255 2407 2384 2444 rum
2417 2391 2734 2459 eademque
2759 2387 3042 2444 Divinitas
3073 2393 3180 2442 est.

2321 2480 2377 2534 2.
2411 2478 2471 2532 In
2507 2478 2783 2532 omnibus
2813 2477 2988 2531 rebus
3009 2475 3241 2540 creatis,
3269 2489 3651 2545 personarum
3685 2469 3862 2526 divisio

2253 2585 2314 2622 re
2371 2568 2498 2638 ipsa
2554 2565 3030 2638 deprehenditur.
3089 2563 3233 2620 Nam
3297 2579 3358 2618 re
3411 2563 3540 2632 ipsa
3579 2559 3804 2615 Michael
3839 2574 3865 2610 a

2255 2655 2540 2724 Gabriele,
2571 2659 2778 2711 Petrus
2809 2671 2842 2710 a
2872 2654 3051 2708 Paulo
3083 2654 3384 2723 sejunctus
3431 2655 3538 2714 est.
3587 2653 3644 2705 et
3691 2653 3860 2703 caetera

2253 2746 2456 2800 eodem
2491 2746 2677 2800 modo.
2713 2744 2872 2807 Quod
2905 2760 3038 2798 vero
3070 2757 3382 2798 commune
3412 2740 3471 2794 in
3503 2739 3596 2794 his
3627 2743 3679 2793 et
3709 2751 3857 2792 unum

2255 2835 2428 2900 est,id
2453 2834 2805 2905 cogitatione
2825 2829 3356 2903 dignoscitur.Sola
3377 2829 3536 2884 enim
3551 2825 3856 2898 cogitatione

2257 2922 2654 2994 angelitatem,
2687 2921 2844 2977 verbi
2875 2920 3082 2992 gratia,
3107 2924 3164 2973 et
3184 2917 3633 2986 humanitatem,
3655 2915 3747 2969 hoc
3765 2916 3850 2975 est,

2256 3027 2626 3067 communem
2650 3012 2990 3082 angelorum
3025 3017 3078 3063 et
3104 3009 3410 3063 hominum
3459 3006 3722 3062 notionem
3763 3015 3843 3052 co-

2255 3102 2612 3174 gnoscimus.
2673 3101 2750 3155 At
2805 3101 2863 3154 in
2921 3099 3120 3153 divina
3167 3096 3452 3152 Trinitate
3501 3111 3650 3150 secus
3683 3106 3734 3142 se
3757 3101 3829 3139 res

2257 3191 2452 3246 habet.
2506 3189 2666 3254 Quod
2715 3188 2870 3244 enim
2931 3188 2988 3242 in
3044 3201 3112 3242 ea
3137 3201 3456 3243 commune
3481 3189 3528 3238 et
3555 3193 3704 3235 unum
3730 3177 3823 3238 est,

2258 3283 2317 3338 id
2377 3299 2438 3336 re
2495 3281 2625 3352 ipsa
2671 3280 3042 3353 perspicitur.
3105 3279 3249 3336 Nam
3295 3293 3356 3333 re
3409 3278 3527 3348 ipsa
3547 3279 3652 3328 tres
3676 3281 3832 3324 unum

2255 3373 2458 3438 Deum,
2519 3387 2696 3426 unam
2747 3375 2804 3425 et
2861 3369 3127 3425 eamdem
3187 3368 3246 3422 in
3305 3367 3497 3422 tribus
3537 3366 3772 3419 naturam
3797 3359 3846 3409 et

2255 3461 2565 3524 actionem,
2617 3475 2796 3514 unam
2843 3459 3095 3528 denique
3151 3460 3208 3512 et
3239 3457 3504 3512 eamdem
3535 3452 3850 3508 voluntatem

2255 3567 2383 3606 esse
2411 3555 2568 3606 certo
2599 3549 2841 3604 scimus.
2877 3548 3268 3602 Personarum
3305 3549 3498 3600 autem
3531 3540 3721 3597 divisio
3741 3535 3854 3592 sim-

2255 3639 2392 3711 plici
2449 3641 2505 3694 et
2555 3638 2712 3692 nuda
2763 3636 3110 3708 cogitatione
3160 3633 3530 3704 intelligitur.
3589 3630 3698 3688 Nec
3725 3624 3854 3681 enim

2256 3745 2384 3784 eam
2453 3725 3082 3797 circumscriptionem,
3147 3740 3261 3794 qua
3335 3737 3597 3794 personis
3656 3719 3864 3773 circum-

2257 3817 2430 3873 cribi
2461 3817 2670 3884 solent,
2705 3831 2895 3886 neque
2924 3812 3320 3876 intervallum,
3353 3827 3470 3882 quo
3517 3809 3683 3866 locus
3709 3825 3740 3861 a
3766 3806 3870 3859 loco

2259 3906 2634 3976 disjungilur,
2665 3921 2769 3959 nec
2799 3903 2974 3959 aliam
3009 3901 3188 3957 ullam
3221 3917 3290 3957 ex
3313 3900 3388 3956 iis
3421 3895 3870 3971 proprietatibus,

2256 3995 2466 4064 quibus
2497 3993 2728 4064 singula
2758 3993 2880 4048 suis
2903 3992 3070 4063 quasi
3101 3991 3318 4046 ﬁnibus
3355 3990 3752 4052 continentur,
3797 3981 3876 4038 hic

2256 4083 2582 4154 intelligere
2627 4085 2728 4136 aut
2771 4081 3030 4152 cogitare
3077 4081 3382 4134 audemus.
3455 4078 3674 4132 Praeter
3721 4075 3879 4145 pater-

2257 4173 2519 4238 nitatem,
2589 4170 2955 4236 ﬁliationem,
3014 4172 3070 4223 et
3123 4167 3578 4238 processionem,
3645 4181 3745 4220 seu
3798 4175 3880 4214 no-

2257 4261 2444 4316 tiones
2475 4276 2592 4326 eas,
2663 4259 2876 4330 quibus
2934 4257 3102 4312 Pater
3149 4255 3396 4328 genitor,
3433 4253 3623 4310 Filius
3655 4251 3881 4324 genitus.

2257 4355 2316 4407 et
2371 4350 2626 4422 Spiritus
2676 4349 2995 4420 procedens
3077 4345 3440 4416 intelligitur.
3515 4345 3716 4416 Atque
3785 4341 3882 4395 haec

2256 4439 2490 4510 quidem
2535 4437 2945 4508 hujuscemodi
2997 4436 3218 4492 ratione
3269 4434 3440 4500 fiunt,
3475 4449 3608 4504 quae
3645 4437 3886 4488 naturam

2257 4533 2315 4584 et
2343 4527 2660 4583 essentiam
2712 4541 3130 4596 quamcunque
3163 4521 3328 4578 facile
3358 4525 3626 4591 superat.
3663 4517 3882 4577 Proinde

505 4617 673 4668 Patre
731 4612 991 4683 Filioque
1045 4611 1407 4666 substantia.
1485 4610 1738 4666 Verbum
1815 4620 1922 4678 est,
1994 4615 2146 4684 quod
2179 4624 2224 4688 Ι)
2261 4618 2440 4672 Deum
2473 4631 2655 4671 unum
2687 4632 2784 4670 eos
2816 4631 2944 4670 esse
2966 4613 3378 4680 dicimus,cum
3406 4610 3532 4665 fieri
3563 4628 3687 4666 non
3713 4607 3890 4682 possit,

505 4701 966 4758 substantialiter
993 4699 1144 4755 Patri
1189 4715 1416 4770 semper
1455 4701 1639 4755 adest.
1691 4699 1944 4755 Verbum
2004 4703 2140 4756 item

506 4797 614 4862 est,
677 4790 964 4846 naturalis
1027 4793 1244 4858 motus,
1305 4805 1420 4859 quo
1480 4789 1716 4844 animus
1773 4789 1900 4860 ipse
1949 4807 2144 4846 move-

503 4883 619 4946 tur,
682 4879 979 4952 intelligit,
1045 4883 1101 4934 et
1149 4877 1384 4950 cogitat,
1445 4877 1584 4948 quia
1633 4879 1911 4932 nimirum
1959 4879 2145 4950 ipsius

505 4968 675 5038 quasi
733 4969 824 5022 lex
874 4973 928 5022 et
977 4967 1252 5039 splendor
1303 4967 1547 5023 exsistit.
1581 4965 1834 5022 Verbum
1869 4973 2148 5038 praeterea

505 5055 916 5120 est,internum
938 5073 1170 5129 quoque
1192 5056 1522 5128 illud,quod
1547 5056 1604 5110 in
1629 5057 1801 5112 corde
1827 5057 2145 5128 loquimur.

505 5142 742 5208 Adhaec,
774 5145 1012 5199 verbum
1043 5151 1150 5212 est,
1186 5147 1366 5202 animi
1398 5145 1664 5214 nuntius,
1697 5146 1943 5202 Verbum
1971 5147 2148 5218 igitur

509 5233 659 5284 Deus
714 5233 969 5286 essentia
1014 5251 1122 5289 sua
1173 5239 1230 5290 et
1259 5235 1559 5307 hypostasi
1593 5235 1826 5306 propria
1856 5235 2145 5292 consistit.

504 5321 724 5374 Caetera
775 5320 885 5374 tria
954 5323 1130 5379 verba
1209 5323 1511 5380 facultates
1573 5323 1754 5378 animi
1801 5329 1958 5392 sunt,
2020 5342 2147 5396 quas

507 5407 744 5476 propria
777 5407 834 5461 in
855 5407 1150 5479 hypostasi
1183 5412 1646 5484 haudquaquam
1678 5414 2145 5471 considerantur.

507 5495 765 5559 Quorum
799 5497 1052 5566 primum
1085 5501 1267 5555 animi
1301 5501 1559 5556 naturale
1591 5517 1830 5572 germen
1853 5509 1962 5569 est,
1996 5505 2147 5574 quod

508 5599 742 5655 semper
790 5587 860 5641 ab
913 5587 1041 5658 ipso
1099 5589 1446 5644 naturaliter
1503 5589 1758 5660 proﬂuit.
1809 5592 2149 5649 Secundum

577 5703 692 5774 (10)
722 5702 880 5760 Tom.
917 5703 1114 5774 XCIV,
1146 5705 1255 5760 col.
1287 5704 1412 5758 856.

2259 4711 2322 4762 ut
2367 4706 2619 4778 perfecte
2658 4709 2828 4774 atque
2883 4720 2942 4759 re
2989 4703 3115 4774 ipsa
3137 4718 3338 4757 eorum
3367 4717 3659 4772 personas
3691 4697 3890 4755 divida-

2259 4812 2414 4864 mus,
2447 4811 2576 4866 quas
2627 4795 2752 4848 sine
2799 4791 3085 4847 divisione
3135 4789 3495 4854 dividuntur,
3537 4795 3602 4844 et
3623 4789 3751 4845 sine
3783 4801 3892 4842 con-

2251 4884 2558 4955 junctione
2609 4882 3071 4952 conjunguntur,
3150 4884 3390 4951 propter
3465 4877 3783 4934 divisionis
3849 4875 3890 4927 et

2257 4972 2690 5043 conjunctionis
2721 4987 2926 5027 eorum
2953 4971 3260 5036 rationem,
3293 4985 3421 5040 quae
3451 4985 3519 5024 ea
3551 4973 3672 5036 est,
3721 4975 3782 5023 ut
3811 4981 3892 5020 na—

2259 5067 2392 5117 tura
2421 5077 2774 5132 quacunque
2803 5063 2860 5115 et
2889 5059 3148 5115 essentia
3177 5057 3348 5129 longe
3393 5059 3778 5128 prestantior
3820 5053 3894 5109 sit.

2332 5153 2384 5206 3.
2417 5151 2875 5222 Distinguuntur
2926 5149 3294 5221 hypostases,
3349 5163 3463 5202 non
3517 5147 3792 5203 essentia:
3821 5159 3896 5198 ra-

2261 5241 2438 5306 tione,
2485 5241 2585 5296 sed
2641 5238 3245 5295 characteristicarum
3307 5235 3762 5308 proprietatum,
3815 5234 3900 5288 hoc

2260 5335 2350 5387 est
2380 5335 2674 5398 notarum,
2723 5345 2851 5401 quis
2900 5329 3160 5400 personis
3199 5327 3424 5382 insunt.
3483 5326 3564 5382 Ex
3595 5345 3720 5398 quo
3747 5327 3828 5390 fit,
3855 5327 3904 5376 ut

2261 5437 2328 5475 ex
2359 5421 2537 5475 rebus
2571 5419 2797 5486 creatis,
2839 5434 2966 5488 qua:
3011 5417 3090 5472 sit
3121 5415 3307 5472 Patris
3329 5419 3386 5469 et
3405 5414 3538 5468 Filii
3565 5421 3627 5470 et
3661 5414 3903 5486 Spiritus

2261 5509 2471 5575 sancti,
2510 5525 2608 5563 seu
2642 5507 3011 5579 propriarum
3047 5511 3340 5574 notarum,
3375 5503 3720 5561 differentia
3747 5499 3910 5558 resci-

2260 5611 2518 5666 scamus,
2555 5599 2891 5651 naturarum
2967 5609 3064 5650 ero
3095 5609 3209 5650 non
3242 5593 3406 5650 item.
