4090 6298
267 398 425 455 1137

931 527 1081 582 CAP.
1123 527 1258 583 XIV.

269 647 532 704 Essentz’ee
555 654 798 711 naturae,
831 660 1074 715 generis,
1123 645 1349 714 speciei,
1381 648 1433 698 et
1488 648 1726 715 forma;
1776 644 1922 715 item

339 720 709 806 ζιῃροδᾳιδεοδ,
740 714 1004 787 personae,
1035 716 1393 782 characteris,
1425 719 1478 770 et
1508 714 1784 770 individui
1807 714 1919 766 ἰσο-

341 788 591 860 δὺὐαιμία.

337 910 388 961 4.
425 907 712 972 Essentia,
745 909 971 973 natura,
1031 921 1234 974 genus,
1297 907 1542 977 species,
1602 909 1659 960 et
1711 905 1916 968 forma,

267 999 365 1052 ubi
397 999 467 1051 de
499 996 613 1051 Deo
645 996 860 1067 agitur,
893 994 1050 1051 idem
1074 997 1430 1067 signiﬁcant,
1467 1001 1529 1050 ut
1557 995 1778 1050 sanctis
1809 999 1916 1048 Pa-

267 1084 453 1139 tribus
487 1084 693 1155 placet.
733 1083 877 1138 Item
927 1083 1281 1155 hypostasis,
1324 1100 1636 1156 prosopon,
1687 1083 1797 1137 hoc
1828 1084 1917 1136 est

265 1190 530 1245 persona,
565 1173 865 1228 character
897 1189 999 1228 seu
1035 1179 1191 1238 nota,
1226 1174 1574 1243 proprietas,
1607 1178 1662 1228 et
1702 1171 1912 1225 indivi-

264 1263 443 1317 duum
475 1279 576 1332 pro
637 1263 838 1317 eodem
893 1267 1228 1316 sumuntur.
1282 1268 1468 1332 Atque
1501 1262 1751 1316 essentia
1783 1261 1910 1330 qui-

261 1353 389 1406 dem
417 1357 471 1405 et
495 1356 704 1406 natura
735 1351 805 1405 dc
832 1351 1106 1405 omnibus
1129 1368 1196 1405 ex
1222 1368 1384 1420 mquo
1423 1351 1703 1420 subjectis
1722 1367 1910 1404 enun-

262 1439 677 1495 tianlur.Unde
702 1439 853 1508 lit,ut
874 1456 1074 1494 omnes
1097 1439 1270 1494 unius
1288 1438 1550 1495 essentias
1573 1443 1913 1509 naturaeque

265 1529 399 1584 sint.
439 1529 775 1600 Hypostasis
801 1532 991 1583 autem
1045 1545 1314 1599 persona,
1344 1533 1402 1583 et
1429 1527 1820 1593 individuum,
1852 1527 1909 1580 id

266 1617 537 1687 cst,quod
577 1619 803 1687 prOprie
837 1634 937 1688 per
967 1633 1146 1688 seque
1179 1617 1475 1683 subsistit,
1524 1633 1630 1672 nec
1671 1617 1908 1671 divisio-

269 1724 400 1760 nem
431 1708 578 1760 citra
611 1707 860 1776 subjecti
893 1706 1321 1778 corruptionem
1363 1708 1667 1762 admittere
1700 1710 1905 1777 potest.

333 1798 386 1849 5.
441 1796 673 1867 Species
721 1801 777 1850 et
844 1796 1026 1852 forma
1073 1797 1133 1851 in
1205 1801 1407 1852 sancta
1465 1797 1748 1851 Trinitate
1808 1812 1908 1864 pro

263 1887 462 1940 eodem
495 1885 824 1956 capiuntur,
885 1889 941 1940 et
988 1886 1176 1940 ambae
1235 1887 1513 1940 denotant
1567 1886 1903 1942 essentiam.
1937 1895 1984 1957 Β

259 1975 352 2029 Ait
383 1975 562 2039 enim,
590 1975 695 2042 Qui
727 1976 870 2030 videt
897 1991 1004 2045 me,
1058 1975 1199 2030 videt
1227 1982 1280 2030 et
1331 1979 1558 2030 Patrem
1591 1975 1635 2008 ¹²
1662 1992 1674 2030 :
1701 1992 1816 2044 quo
1849 1974 1908 2028 in

256 2064 381 2118 loco
416 2064 574 2119 visus
617 2065 979 2135 praescientia
1007 2069 1065 2118 et
1111 2064 1440 2133 cognitione
1469 2063 1834 2132 intelligitur.

329 2155 380 2207 6.
401 2153 664 2208 Essentia
690 2153 922 2223 quidem
951 2169 1336 2223 personarum
1363 2154 1904 2224 conjungendarum

259 2243 372 2297 vim
406 2243 603 2297 habet.
633 2247 986 2314 Hypostases
1021 2247 1213 2296 autem
1230 2242 1906 2297 vicharacteristicarum

260 2333 706 2402 proprietatum,
763 2347 863 2386 seu
897 2337 1165 2385 notarum
1206 2347 1448 2385 suarum
1474 2331 1787 2386 essentiam
1818 2331 1903 2385 di-

257 2421 595 2490 stinguunt.

325 2511 381 2564 7.
411 2507 678 2562 Essentia
709 2509 944 2578 quidem
991 2525 1294 2579 nunquam
1336 2508 1408 2563 de
1441 2508 1615 2563 rebus
1667 2509 1904 2572 dicitur,

259 2614 381 2666 ques
432 2613 546 2651 non
607 2600 858 2662 exstant,
919 2614 952 2651 a
1001 2601 1212 2652 natura
1270 2597 1612 2668 sepissime.
1658 2598 1786 2652 Haec
1817 2601 1906 2652 est

262 2687 442 2756 enim,
475 2687 667 2756 inquit
698 2686 815 2750 ille,
851 2688 1140 2743 mendacii
1201 2693 1428 2744 natura.
1464 2693 1626 2755 Item,
1688 2690 1905 2744 Ductus

263 2791 462 2846 aequae,
495 2775 707 2846 inquit,
752 2776 967 2831 fontem
1019 2777 1275 2832 ostendit
1333 2793 1556 2832 suum:
1617 2779 1905 2832 sermonis

261 2871 455 2920 autem
489 2870 699 2918 natura
719 2881 838 2929 cor,
866 2882 899 2920 a
930 2882 1044 2936 quo
1079 2867 1384 2936 processit,
1419 2866 1661 2922 indicat.

331 2957 384 3007 8.
418 2954 473 3008 Si
509 2970 634 3024 qua:
676 2955 1011 3009 communia
1042 2959 1099 3009 et
1132 2955 1403 3010 universa
1434 2965 1594 3025 sunt,
1653 2971 1720 3010 ea
1787 2961 1907 3012 tota

263 3047 317 3097 et
350 3043 573 3114 integre
603 3044 674 3098 de
702 3043 951 3114 singulis
983 3043 1096 3098 sibi
1160 3044 1442 3114 subjectis
1495 3045 1902 3110 enuntiantur,

249 3135 405 3186 certe
435 3130 769 3186 Divinitatis
805 3148 1040 3203 quoque
1086 3136 1295 3186 natura
1341 3135 1464 3186 tota
1493 3137 1549 3186 et
1579 3132 1803 3203 integra
1833 3133 1902 3187 de

254 3220 655 3292 singularibus
703 3221 829 3277 suis
885 3221 1152 3293 personis
1209 3221 1562 3277 enuntiatur.
1597 3221 1897 3292 Siquidem

253 3327 565 3366 commune
597 3312 738 3382 quid
772 3316 828 3366 et
877 3311 1241 3381 universum,
1276 3315 1487 3366 natura
1543 3315 1599 3366 et
1626 3311 1902 3383 [essentia

251 3400 664 3471 est,sin-gu1are
698 3405 891 3456 autem
928 3400 1262 3471 hypostasis
1285 3404 1340 3455 et
1375 3416 1623 3472 persona
1655 3417 1668 3454 :
1701 3401 1899 3471 singu-

253 3488 788 3560 lare,inquam,non
809 3490 963 3561 quod
999 3493 1220 3544 natura:
1245 3493 1468 3559 partem
1494 3489 1727 3558 habeat,
1763 3507 1897 3561 par-

250 3583 364 3634 tem
401 3594 535 3633 vero
567 3595 681 3634 non
715 3579 1053 3647 habeat,sed
1080 3578 1219 3648 quia
1249 3577 1620 3632 individuum
1666 3581 1762 3634 sit.

321 3669 375 3724 9.
411 3673 600 3740 Atque
620 3669 871 3724 essentia
891 3668 1125 3740 quidem
1152 3685 1465 3724 commune
1489 3668 1625 3739 quid
1652 3671 1899 3739 est,quia

251 3759 321 3812 de
353 3757 618 3828 pluribus
655 3759 996 3813 enuntiatur
1029 3775 1042 3811 :
1070 3757 1439 3813 individuum
1472 3762 1665 3815 autem
1696 3758 1897 3829 singu—

248 3847 390 3915 lare,
417 3848 554 3918 quia
588 3847 864 3904 nimirum
898 3848 968 3902 de
999 3864 1114 3902 uno
1138 3847 1262 3902 solo
1314 3847 1679 3917 praedicatur.

921 3962 1072 4016 CAP.
1127 3961 1250 4016 XV.

246 4063 475 4112 Natum
507 4063 554 4114 et
587 4060 930 4128 hypostaseos
983 4060 1320 4129 differentia,
1371 4075 1443 4112 ea:
1503 4059 1732 4129 Cyrillo,
1768 4059 1898 4114 Dio-

319 4129 496 4195 nysiis
544 4130 810 4198 Areopag.
872 4135 926 4184 et
985 4130 1402 4196 Alexandrina,
1441 4129 1599 4199 Greg.
1659 4132 1792 4186 Nata.
1844 4141 1894 4185 et

323 4199 658 4254 Theodoreto.

326 4317 410 4370 10.
443 4315 658 4369 Natura
680 4323 731 4370 et
767 4315 1120 4386 hypostasis,
1151 4333 1219 4370 ex
1247 4317 1517 4374 Ecclesiae
1550 4319 1893 4374 deﬁnitione

250 4409 306 4460 et
337 4405 482 4474 lege,
531 4419 645 4458 non
697 4403 849 4458 idem
911 4403 1249 4474 significant
1287 4424 1300 4461 :
1337 4423 1451 4477 quo
1509 4407 1662 4463 enim
1722 4409 1891 4464 modo

249 4509 560 4549 commune
585 4510 614 4547 a
639 4492 892 4564 proprio,
911 4492 1245 4547 universum
1270 4511 1302 4547 a
1324 4495 1575 4566 singulo,
1595 4498 1890 4552 infinitum

247 4584 502 4654 denique
534 4602 565 4638 a
597 4583 860 4648 definito,
893 4581 1094 4636 eodem
1119 4599 1349 4652 quoque
1372 4589 1582 4639 natura
1613 4587 1684 4639 ab
1708 4587 1890 4658 hypo—

246 4674 384 4729 stasi
419 4673 627 4728 ditIert.
663 4676 904 4726 Beatum
930 4677 1118 4726 tamen
1143 4670 1420 4742 Cyrillum
1448 4677 1504 4726 et
1526 4672 1670 4729 alios
1693 4675 1890 4730 Patres

246 4768 495 4834 utroque
517 4761 752 4817 nomine
775 4762 842 4816 ad
871 4759 1126 4816 divinam
1150 4759 1309 4814 illam
1337 4761 1890 4834 carnisassumptio-

247 4869 377 4907 nem
411 4851 883 4922 signiﬁcandam,
908 4849 1057 4906 citra
1117 4849 1300 4904 ullum
1359 4849 1695 4920 discrimen,
1730 4870 1886 4920 usos,

246 4941 706 5010 haudquaquam
783 4939 1165 5011 ambigimus.
1228 4939 1476 4995 Abusive
1533 4939 1685 4996 enim
1745 4941 1890 4998 alias

245 5029 586 5100 hypostasin
647 5044 750 5098 pro
785 5028 1061 5093 essentia,
1093 5029 1238 5084 alias
1266 5028 1407 5083 item
1439 5030 1755 5086 essentiam
1788 5049 1888 5102 pro

247 5117 548 5190 hypostasi
605 5121 998 5186 usurparunt:
1062 5133 1176 5172 non
1235 5119 1386 5187 quod
1448 5120 1600 5173 idem
1634 5137 1735 5175 eas
1764 5137 1889 5176 esse

243 5208 668 5274 existimarent,
701 5219 902 5258 verum
937 5206 1075 5274 quia
1119 5223 1232 5260 non
1292 5207 1602 5280 Scriptura:
1660 5215 1886 5266 tantum

241 5313 443 5363 sacrae,
504 5294 602 5348 sed
666 5291 1188 5348 ecclesiasticorum
1243 5295 1542 5350 doctorum
1611 5314 1738 5352 mos
1797 5298 1890 5353 hic

231 5387 358 5456 jam
390 5384 533 5439 olim
567 5380 826 5448 inolevit,
861 5385 926 5434 ut
957 5379 1156 5435 multis
1198 5381 1255 5436 in
1285 5385 1460 5440 rebus
1495 5385 1637 5441 citra
1679 5386 1889 5442 discri-

242 5491 373 5530 men
410 5473 768 5544 quibusdam
798 5469 1152 5525 dictionibus
1178 5475 1455 5528 utantur:
1481 5492 1628 5545 quas
1650 5476 1890 5532 abusive

244 5563 561 5631 aliquando
596 5563 907 5631 usurpant,
941 5558 1192 5614 scientes
1245 5562 1419 5617 verba
1478 5564 1624 5619 nihil
1685 5565 1889 5620 afferre

318 5681 362 5717 ¹²
387 5679 557 5734 Joan.
592 5695 704 5743 xiv,
736 5682 788 5733 9.

1616 388 2010 451 THESAURI
2059 387 2210 446 LlB.
2259 386 2330 446 ll.

1950 527 1999 589 Α
2030 519 2387 575 incommodi
2419 520 2507 589 (ut
2537 519 2730 591 Cyrilli
2761 524 2948 578 verbis
2977 530 3148 596 utar),
3194 547 3324 586 cum
3386 550 3478 589 res
3511 537 3680 593 aliter

3525 403 3682 465 1138

2030 624 2091 664 se
2125 609 2400 663 habeant.
2435 607 2855 679 Hierophantes
2906 630 3153 687 quoque,
3217 636 3318 674 seu
3378 640 3674 683 sacrarum

2025 716 2218 755 rerum
2251 701 2708 769 demonstrator,
2744 701 3053 774 Dionysius
3087 714 3289 764 auctor
3319 720 3426 779 est,
3461 717 3672 774 rationi

2025 788 2461 843 dissentaneum
2489 788 2598 842 hoc
2618 795 2946 862 esse,atque
2968 795 3108 849 adeo
3137 805 3553 874 praeposteriju
3581 809 3669 862 di.

2021 876 2094 932 cii
2129 882 2564 948 argumentum,
2595 877 2643 933 si
2675 878 2806 948 quis
2839 881 2889 935 vi
2921 887 2975 936 et
3006 900 3180 952 scopo
3215 904 3396 944 rerum
3431 899 3670 964 postpo-

2021 968 2173 1034 sitis,
2206 984 2236 1019 a
2268 966 2574 1022 verborum
2607 967 3032 1038 significatione
3078 973 3418 1045 dependeat.
3452 981 3664 1054 Diony-

2021 1057 2146 1111 sius
2171 1071 2397 1127 quoque
2457 1055 2885 1112 Alexandrinus
2947 1060 3041 1115 ille
3073 1063 3268 1119 rhetor
3315 1067 3370 1121 in
3424 1072 3664 1140 scholis,

2021 1161 2145 1215 quas
2177 1144 2235 1198 in
2270 1143 2380 1198 sibi
2443 1144 2847 1215 cognominem
2880 1152 3263 1222 Areopagiten
3297 1155 3500 1225 edidit,
3563 1163 3664 1228 ait,

2019 1231 2343 1301 ingenitum
2378 1231 2534 1301 apud
2564 1241 2827 1287 externos
2859 1253 2958 1290 seu
2987 1240 3258 1307 profanos
3291 1243 3667 1316 phi1030phos

2019 1337 2248 1376 omnem
2308 1325 2575 1375 naturam
2610 1323 2962 1393 signiﬁcare,
3012 1346 3135 1397 qua:
3196 1333 3304 1386 sub
3363 1344 3662 1406 aspectum

2018 1427 2132 1464 non
2159 1409 2335 1465 cadit.
2373 1409 2585 1465 Adheec
2628 1413 2914 1467 essentias
2965 1433 3195 1488 quoque
3226 1424 3375 1492 apud
3429 1428 3662 1482 eosdem

2017 1514 2121 1568 pro
2155 1499 2568 1570 hypostasibus
2624 1502 2934 1571 usurpari:
2970 1509 3025 1557 ct
3080 1505 3248 1562 infra.
3311 1510 3661 1582 Hujusmodi

2037 1593 2189 1642 certe
2245 1603 2413 1642 voces
2462 1589 2616 1658 apud
2675 1592 3104 1661 Areopagitam,
3160 1595 3398 1666 Nazian,
3433 1618 3667 1674 quoque

2016 1677 2256 1731 abusive
2280 1685 2587 1748 usurpatas
2612 1679 3459 1758 deprehendamus.Gregorius
3491 1693 3664 1748 etiam

2017 1766 2350 1833 Theologus
2380 1767 2456 1819 ita
2488 1767 2691 1821 scribit
2724 1785 2734 1822 :
2790 1769 2986 1840 Neque
3047 1789 3174 1828 vero
3208 1778 3304 1846 qui
3348 1779 3416 1832 de
3473 1782 3665 1837 verbis

2017 1854 2436 1925 digladientur,
2468 1854 2526 1910 id
2556 1857 2693 1911 vitio
2728 1859 2893 1913 nobis
2919 1867 3167 1932 vertant,
3191 1869 3362 1934 quasi
3388 1870 3657 1938 pietatem

2019 1943 2380 2011 nominibus,
2411 1952 2467 1998 at
2500 1962 2613 2000 non
2647 1948 2820 2002 rebus
2840 1949 3221 2008 ascribamus.
3257 1956 3421 2021 Item,
3448 1960 3660 2016 veritas

2019 2034 2188 2088 nobis
2235 2049 2349 2089 non
2407 2036 2767 2106 nominibus,
2823 2044 2880 2091 at
2931 2041 3104 2095 rebus
3159 2042 3349 2099 inesse
3415 2046 3672 2105 videtur.

2017 2122 2265 2178 Proinde
2298 2140 2422 2194 quae
2456 2123 2695 2180 abusive
2742 2125 3036 2196 dicuntur,
3095 2146 3158 2183 ea
3219 2149 3405 2204 neque
3437 2139 3668 2207 proprie

2017 2211 2072 2265 id
2107 2217 2268 2280 sunt,
2294 2215 2446 2283 quod
2484 2214 2781 2282 dicuntur,
2818 2217 2956 2286 quia
3001 2217 3279 2275 nimirum
3333 2239 3402 2277 ne
3435 2228 3668 2295 proprie

2015 2300 2251 2370 quidem
2284 2301 2339 2355 id
2375 2302 2650 2357 dicuntur
2698 2303 2851 2373 quod
2919 2310 3101 2361 sunt:
3146 2325 3332 2379 neque
3363 2327 3391 2366 e
3441 2313 3667 2372 diverso

2013 2387 2155 2443 talia
2184 2388 2617 2460 intelliguntur,
2652 2391 2848 2461 qualia
2878 2409 2985 2448 vox
3017 2393 3143 2464 ipsa
3175 2398 3463 2470 designat.

2082 2477 2212 2532 Jam
2249 2494 2380 2532 vero
2407 2495 2540 2534 cum
2573 2479 2819 2548 Cyrillus
2855 2481 3265 2553 hypostaseon,
3297 2481 3663 2560 conjunctio-

2013 2565 2126 2634 nis,
2157 2566 2520 2635 diﬂ‘erentiac,
2565 2576 2622 2622 et
2669 2569 3041 2640 proprietatis
3093 2575 3448 2634 mentionem
3500 2582 3662 2646 facit,

2014 2661 2148 2708 tunc
2179 2653 2572 2725 hypostaseon
2601 2673 2812 2712 nomen
2841 2675 2942 2728 pro
2972 2663 3243 2718 essentiis
3277 2670 3660 2738 usurpat,hac

2012 2758 2146 2797 voce
2170 2745 2512 2812 conjunctas
2536 2749 2776 2802 naturas
2835 2764 2936 2817 per
2968 2765 3029 2802 se
3061 2751 3384 2809 subsistere
3415 2757 3661 2812 demon-

2013 2834 2233 2896 strans,
2286 2834 2459 2900 atque
2535 2832 2749 2887 docens
2829 2836 3118 2905 ejusmodi
3181 2841 3650 2910 conjunctionem

2014 2919 2468 2989 haudquaquam
2518 2919 2969 2979 similitudinum
3015 2931 3406 2996 quarumdam
3438 2934 3653 2990 forma-

2014 3023 2264 3077 rumque
2314 3025 2416 3079 per
2463 3025 2525 3063 se
2574 3009 2813 3065 minime
2858 3015 3304 3072 consistentium
3351 3021 3494 3088 ﬁeri,
3556 3027 3655 3079 sed

2013 3111 2214 3150 earum
2243 3113 2437 3151 rerum
2469 3099 3134 3168 qumsubsistnntﬂuod
3161 3109 3225 3160 ut
3247 3107 3328 3162 ita
3351 3125 3413 3163 se
3444 3110 3655 3168 habere

2015 3189 2258 3254 constet,
2297 3187 2447 3241 idem
2481 3186 2607 3257 ipse
2638 3187 2695 3242 in
2730 3189 2919 3259 prima
2951 3193 3229 3264 Apologia
3285 3197 3458 3267 primi
3500 3218 3651 3256 ana-

1931 3256 1973 3322 C
2012 3274 2374 3330 thematismi
2427 3256 2704 3333 adversus
2730 3256 3102 3337 theodoreti
3139 3256 3654 3360 reprehensiones,

2006 3365 2088 3420 sic
2135 3367 2252 3422 ait:
2307 3367 2506 3423 Discat
2542 3385 2676 3425 vero
2725 3371 2932 3440 obiter,
2989 3376 3145 3444 quod
3184 3377 3233 3432 si
3285 3381 3418 3435 solae
3466 3399 3568 3454 per
3597 3400 3655 3439 se

2004 3454 2164 3525 ipsas
2196 3456 2268 3510 ab
2301 3455 2713 3528 bypostasibus
2744 3462 3023 3531 sejunctm
3066 3466 3265 3522 forma:
3296 3474 3653 3530 oeconomica

2004 3542 2103 3596 illa
2126 3544 2320 3600 carnis
2342 3552 2658 3618 assumptae
2683 3551 3256 3620 conjunctioneintor
3278 3571 3336 3611 se
3390 3562 3652 3630 coierint,

2003 3637 2158 3686 certe
2191 3650 2382 3689 rerum
2418 3651 2650 3707 quoque
2681 3637 2962 3708 ipsarum,
2985 3642 3030 3696 si
3054 3643 3287 3712 quidem
3309 3647 3654 3718 etbyposta...

2001 3737 2162 3786 seon,
2197 3739 2548 3778 concursum
2583 3725 2797 3780 tactum
2827 3744 2974 3782 esse.
3010 3731 3417 3787 Cmterumsibi
3453 3735 3649 3791 diver-

2003 3824 2127 3861 sam
2160 3825 2391 3879 quoque
2416 3819 2632 3866 natura:
2656 3817 2712 3867 et
2743 3813 3122 3885 bypostaseos
3155 3820 3645 3890 significationem

2001 3911 2113 3950 non
2147 3895 2506 3968 incognitam
2558 3899 2759 3967 fuisse,
2807 3901 2962 3958 idem
3015 3905 3139 3976 ipse
3171 3907 3230 3961 in
3282 3913 3542 3966 secunda
3573 3916 3644 3969 ad

1998 3987 2332 4041 Nestorium
2356 3989 2606 4059 epistola
2628 3991 2719 4046 his
2746 3993 2937 4048 verbis
2965 3999 3277 4052 attestatur
3304 4017 3316 4054 :
3354 4001 3650 4074 Evangeli~

1999 4092 2096 4131 cas
2128 4079 2447 4134 Servatoris
2479 4081 2662 4136 nostri
2693 4099 2880 4149 voces,
2908 4101 3093 4154 neque
3124 4088 3351 4144 duabus
3375 4091 3646 4162 hyposta-

1913 4183 1932 4205 ε
1997 4165 2181 4232 sibus,
2219 4183 2404 4238 neque
2435 4174 2588 4223 certe
2647 4173 2915 4241 personis
2949 4176 3322 4234 ascribimus.
3387 4183 3525 4237 Item
3583 4183 3642 4238 in

1997 4255 2242 4326 epistola
2275 4257 2346 4310 ad
2380 4257 2741 4314 Orientales:
2802 4261 3296 4335 Evangelicarum,
3331 4270 3536 4341 inquit,
3587 4278 3644 4328 et

1998 4343 2451 4413 apostolicarum
2485 4349 2552 4402 de
2582 4347 2829 4405 Domino
2865 4367 3063 4408 vocum
3092 4357 3453 4413 nonnullasa
3485 4361 3643 4415 theo-

1995 4429 2143 4502 logis
2174 4430 2314 4486 viris
2361 4433 2442 4488 ita
2497 4437 2886 4492 communiter
2942 4441 3128 4512 accipi
3188 4446 3470 4515 novimus,
3515 4453 3643 4503 tan-

1998 4535 2174 4590 quam
2207 4521 2276 4574 de
2315 4538 2429 4576 una
2461 4538 2708 4594 persona
2733 4527 2969 4598 prolatae
2991 4529 3142 4584 sint:
3170 4533 3482 4588 nonnullas
3505 4535 3643 4591 item

1923 4607 1967 4670 D
2001 4608 2201 4679 dividi,
2237 4616 2514 4682 tanquam
2567 4617 2635 4669 de
2685 4619 2914 4672 duabus
2972 4620 3194 4674 naturis
3250 4624 3640 4691 prouuntiatae

2001 4698 2238 4753 iuerint.
2276 4701 2432 4756 Idem
2469 4703 2604 4759 alibi
2637 4707 2721 4762 sic
2751 4708 2863 4763 ait:
2899 4708 3118 4780 Duplex
3141 4727 3254 4766 non
3286 4717 3374 4767 est
3401 4730 3553 4769 unus
3585 4721 3642 4770 et

2000 4787 2161 4843 solus
2224 4788 2509 4860 Christus,
2572 4795 2786 4865 quibus
2848 4798 3035 4852 verbis
3111 4816 3252 4854 usus
3317 4806 3406 4856 est
3463 4805 3639 4860 unius

2000 4875 2384 4948 hypostaseos
2416 4883 2655 4939 ratione.
2706 4886 2850 4940 Nam
2901 4887 2949 4942 si
2982 4896 3318 4945 naturarum
3362 4892 3507 4948 ratio
3540 4893 3642 4950 ha-

2000 4963 2226 5034 beatur,
2260 4968 2467 5040 duplex
2505 4988 2735 5043 quoque
2769 4974 2882 5028 dici
2907 4979 3116 5046 potest.

2078 5065 2240 5115 Certe
2270 5077 2402 5114 cum
2439 5062 2789 5134 simpliciter
2819 5069 2874 5118 et
2905 5066 3043 5120 citra
3094 5068 3481 5128 differentiam
3516 5091 3647 5142 pro-

2001 5150 2154 5204 cedit
2183 5150 2383 5217 oratio,
2409 5167 2519 5205 non
2543 5150 2734 5206 solum
2759 5153 2977 5224 Patres,
3004 5156 3101 5209 sed
3127 5157 3380 5215 divinam
3414 5178 3647 5234 quoque

2003 5239 2390 5310 Scripturam,
2439 5239 2617 5295 libere
2669 5242 2973 5298 vocabulis
3042 5249 3098 5299 et
3156 5247 3503 5318 simpliciter
3560 5252 3644 5306 uti

2001 5326 2517 5397 deprehendimus.
2552 5329 2760 5384 Beatus
2820 5332 2974 5386 enim
3024 5336 3334 5405 Aposlolus
3364 5338 3640 5395 interiora

1997 5415 2278 5483 hominis,
2304 5415 2622 5487 hominem,
2675 5419 3056 5492 ejusdemque
3112 5427 3410 5495 exteriora,
3446 5428 3635 5483 homi-

2000 5521 2131 5561 nem
2186 5521 2391 5560 rursus
2445 5507 2734 5579 appellat:
2791 5511 3053 5580 partibus
3125 5514 3399 5570 nimirum
3458 5518 3638 5573 totius

1998 5593 2450 5666 appellationem
2503 5597 2792 5653 tribuens.
2844 5599 3145 5672 Prophetas
3192 5607 3383 5658 autem
3417 5611 3635 5673 contra,
