4090 6298
419 440 575 504 1139

1740 424 2048 493 NICETIS
2088 416 2508 491 decumus

3675 422 3839 489 1140

421 593 578 634 nunc
610 576 827 642 carnis,
861 586 1016 628 nunc
1049 569 1257 625 animae
1282 568 1517 623 nomine
1539 562 1838 623 hominem
1860 563 2072 621 intelli-
2100 570 2160 635 Α
2189 565 2534 635 Masachem,
2568 562 2678 619 hoc
2699 572 2785 619 est
2837 576 3009 630 onus,
3068 561 3303 616 dicitur.
3372 562 3518 616 Item
3551 578 3655 633 pro
3686 563 3835 633 cibo,

422 668 603 738 gunt:
639 660 889 736 partium
926 658 1374 732 appellationem
1409 657 1512 712 toti
1552 657 1898 711 tribuentes.
1923 654 2069 708 Cum

420 771 555 810 vero
579 761 807 825 tempus
832 748 888 805 id
922 747 1199 822 postulat,
1231 746 1481 820 prepriis
1514 749 1761 802 utuntur
1811 742 2072 817 appella-

426 843 706 898 tionibus.
740 838 816 895 Eo
847 855 982 895 vero
1015 854 1190 893 sensu
1224 852 1396 907 quem
1452 830 1684 907 praedixi
1741 827 2074 904 Theologus

425 928 523 987 ille
556 945 789 1005 quoque
809 927 1070 984 Joannes
1127 925 1244 994 ait;
1276 926 1344 980 Et
1391 925 1622 980 Verbum
1677 939 1809 978 caro
1864 926 2076 992 factum

424 1022 503 1077 est
543 1014 605 1086 ‘3,
639 1036 763 1091 pro,
795 1017 969 1073 homo
1003 1017 1222 1071 factum
1274 1019 1382 1070 est.
1418 1009 1510 1069 Nil
1541 1018 1737 1067 tamen
1769 1011 1878 1067 hac
1909 1006 1979 1066 de
2017 1025 2075 1064 re

427 1104 838 1178 digladiamur.
886 1110 1005 1160 Hoc
1047 1104 1225 1171 enim,
1279 1108 1340 1158 ut
1384 1118 1633 1174 magnus
1682 1094 1778 1156 ille
1826 1101 2078 1155 testatur

430 1196 761 1269 Dionysius,
789 1211 989 1250 eorum
1025 1198 1115 1248 est
1166 1193 1488 1264 proprium,
1526 1207 1640 1245 non
1691 1189 1787 1259 qui
1820 1187 1891 1244 ad
1925 1184 2076 1243 divi-

429 1302 637 1343 narum
664 1301 858 1340 rerum
904 1281 1295 1354 cognitionem
1329 1281 1611 1352 aspirant,
1645 1276 1745 1336 sed
1779 1275 1877 1349 qui
1902 1293 2077 1332 sonos

430 1374 734 1447 simplices
767 1375 1156 1444 aucupentur,
1206 1369 1650 1440 impensiusque
1680 1366 1939 1439 gaudent
1962 1364 2079 1421 ele-

430 1465 939 1539 mentis,syllabis,
973 1462 1029 1520 et
1057 1458 1407 1519 dictionibus
1457 1460 1791 1533 incognitis,
1852 1475 1975 1528 qua:
2006 1457 2076 1511 ad

436 1555 619 1614 animi
651 1556 741 1611 sui
786 1559 1032 1627 partem,
1066 1552 1267 1609 cuivis
1298 1546 1662 1622 intelligendi
1684 1549 1855 1619 inest,
1889 1544 2079 1602 haud-

433 1662 728 1718 quaquam
754 1647 1080 1716 penetrant,
1099 1641 1202 1697 sed
1216 1640 1573 1696 extrinsecus
1608 1638 1859 1695 summis
1877 1653 2079 1693 eorum

430 1733 612 1789 labris
641 1738 699 1789 et
728 1731 979 1789 summis
1026 1731 1263 1786 auribus
1307 1729 1593 1784 inhaerent
1621 1732 1679 1783 et
1711 1727 2078 1783 circumstre-

432 1829 602 1897 punt.
633 1821 968 1894 IIyposlasis
1018 1820 1234 1892 duplex
1288 1824 1413 1875 est:
1471 1817 1615 1874 alios
1674 1817 1826 1873 enim
1869 1815 2083 1871 dicitur

2183 654 2302 710 sive
2358 666 2629 709 annona:
2687 657 2751 708 ut
2804 652 2863 706 in
2914 651 3061 707 libro
3119 650 3399 707 Judicum
3442 651 3514 707 de
3568 650 3828 709 Judais:

2184 744 2463 817 quoniam
2497 740 2825 801 Madianitae
2882 736 3254 813 diripuerunt
3304 741 3528 797 fruetus
3559 746 3745 807 terrae,
3778 747 3834 799 et

2185 835 2575 891 substantiam
2609 850 2832 889 eorum.
2866 832 3148 887 Hebraice
3178 830 3333 886 enim
3386 849 3489 903 pro
3522 849 3646 902 spe,
3678 834 3829 890 unde

2185 927 2244 982 in
2278 924 2426 981 libro
2452 926 2608 981 Ruth
2628 924 2724 980 his
2742 923 2934 979 verbis
2958 923 3144 979 utitur
3168 920 3408 979 Noemi:
3442 924 3560 980 Non
3590 928 3672 980 est
3694 924 3832 981 mihi

2186 1016 2339 1085 ﬁlius
2370 1020 2466 1071 aut
2494 1025 2611 1087 spes
2643 1012 2706 1072 ³⁸.
2762 1012 3044 1069 Hebraice
3091 1013 3250 1069 enim
3283 1012 3568 1069 Thicouia
3596 1014 3832 1087 legitur,

2188 1105 2297 1161 hoc
2326 1110 2414 1161 est
2444 1114 2579 1176 spes
2611 1104 2828 1161 sobolis
2861 1104 3270 1175 propagandae.
3331 1103 3476 1159 Item
3513 1120 3613 1175 pro
3650 1106 3831 1176 pretio

2188 1193 2307 1250 sive
2338 1196 2627 1261 mercede,
2658 1198 2724 1249 ut
2754 1193 2943 1265 primo
2974 1192 3221 1263 Regum,
3283 1192 3355 1247 de
3385 1193 3653 1249 mercede
3684 1193 3831 1248 fabri

2187 1283 2393 1339 aerarii.
2426 1284 2510 1338 Ad
2557 1282 2845 1338 securim:
2901 1281 3120 1352 inquit,
3174 1286 3233 1336 et
3296 1295 3428 1354 quae
3485 1286 3836 1353 sequuntur,

2188 1372 2296 1427 hoc
2327 1377 2415 1427 est
2437 1387 2680 1427 merces.
2713 1372 2855 1427 Item
2891 1385 2993 1442 pro
3018 1369 3249 1436 castris,
3284 1374 3347 1425 ut
3371 1370 3429 1424 in
3455 1371 3659 1427 eodem
3692 1370 3837 1427 libro

2187 1462 2473 1518 Jonathas
2530 1459 2818 1531 armigero
2878 1476 2984 1515 suo
3043 1459 3125 1515 ita
3154 1460 3387 1531 inquit:
3442 1459 3603 1529 Veni,
3654 1476 3840 1516 ascen-

2187 1548 2381 1606 damus
2410 1551 2471 1605 in
2500 1559 2679 1606 eaStra
2708 1549 3143 1606 Palatinarum
3191 1547 3257 1604 ιδ.
3311 1549 3626 1606 Hebraicus
3683 1550 3837 1606 enim

2190 1640 2369 1694 codex
2400 1642 2627 1695 Mataan
2660 1637 2855 1705 habet,
2886 1654 3001 1708 quo
3041 1637 3270 1693 nomine
3288 1640 3482 1692 castra
3497 1636 3833 1708 signiﬁcan-

2193 1734 2304 1786 tur.
2340 1729 2483 1784 Item
2517 1744 2619 1799 pro
2654 1727 2786 1783 i‘asce
2819 1726 2939 1798 illa,
2975 1743 3101 1797 quas
3133 1726 3189 1780 in
3223 1726 3399 1781 rebus
3428 1725 3672 1798 liquidis
3706 1728 3840 1783 sub-

2192 1818 2367 1887 sistit,
2404 1818 2468 1873 ut
2512 1832 2644 1873 cum
2697 1817 2877 1872 urinae
2929 1814 3316 1871 substantiam
3372 1816 3642 1873 dicimus.
3697 1818 3834 1873 Item

433 1909 793 1983 hypostasis,
822 1908 876 1963 id
903 1909 1057 1981 quod
1090 1908 1324 1980 quidem
1378 1907 1522 1962 citra
1575 1902 2078 1961 characteristicas
2119 1924 2166 1988 Β
2194 1923 2297 1979 pro
2330 1905 2695 1973 facultate,ut
2726 1904 2893 1971 illud,
2953 1906 3019 1959 Ει
3073 1903 3381 1959 substantia
3427 1920 3549 1959 mea
3573 1913 3844 1976 tanquam

433 2002 836 2074 proprietates,
870 2016 972 2055 seu
1002 2002 1194 2065 notas,
1219 1997 1648 2054 consideratur:
1701 1995 1845 2051 alias
1878 2011 2078 2066 perso-

438 2108 534 2159 na,
569 2107 694 2162 quaa
728 2106 830 2162 per
855 2105 939 2154 se,
984 2087 1073 2144 vel
1118 2103 1248 2143 cum
1284 2084 1575 2158 praedictis
1633 2082 2084 2157 proprietatibus

442 2179 732 2235 subsistit.
767 2180 900 2243 Quae
928 2176 1083 2231 enim
1125 2175 1422 2251 individua
1469 2170 1833 2244 Peripatetici
1886 2188 2085 2228 vocare

439 2267 649 2339 solent,
681 2268 739 2323 in
773 2285 896 2340 quas
927 2266 1152 2340 generis
1188 2269 1244 2321 et
1282 2262 1490 2336 speciei
1524 2263 1729 2319 divisio
1760 2260 1993 2333 desinit,
2022 2266 2087 2318 ut

437 2374 565 2429 quis
599 2362 877 2430 praeterea
909 2355 1083 2411 dividi
1116 2372 1232 2411 non
1265 2354 1494 2425 possint
1550 2355 1705 2425 (nam
1740 2352 1993 2408 hominis
2023 2346 2083 2406 ln

440 2447 699 2502 animam
730 2451 789 2502 et
833 2462 1049 2517 corpus
1079 2442 1289 2499 divisio
1324 2440 1621 2499 interitum
1653 2442 1861 2496 ali‘erre
1893 2434 2082 2509 solet),

438 2551 506 2591 ea
535 2532 870 2591 doctoribus
900 2530 1312 2590 ecclesiasticis
1354 2548 1630 2604 personas
1656 2536 1713 2586 et
1745 2529 2084 2603 hypostases

441 2626 734 2699 appellare
787 2626 1024 2697 placuit.
1077 2624 1428 2696 Hypostases
1478 2639 1648 2695 porro
1709 2622 1875 2677 dicta
1925 2623 2083 2689 sunt,

439 2715 575 2788 quia
600 2716 657 2771 in
692 2715 765 2771 iis
789 2732 1004 2788 genera
1035 2718 1092 2769 et
1134 2713 1379 2786 species,
1432 2727 1557 2783 quae
1611 2711 1947 2767 communia
1979 2726 2085 2765 nec

440 2804 887 2877 circumscripta
919 2808 1079 2870 sunt,
1108 2802 1277 2874 quasi
1303 2803 1510 2874 pedem
1529 2800 1714 2873 ﬁgunt
1743 2803 1797 2855 et
1828 2800 2083 2855 circum-

438 2893 1081 2959 scribuntur.Quamvis
1095 2894 1250 2949 enim
1268 2889 1495 2947 animali
1513 2896 1569 2946 et
1583 2889 1807 2945 homini
1820 2889 2085 2945 essentia:

438 2985 585 3039 ratio
613 2983 848 3056 propria
872 2981 1225 3054 sit,quorum
1246 2978 1391 3035 illud
1416 2978 1725 3052 genus,hic
1738 2978 1959 3049 species
1974 2981 2084 3046 est,

439 3072 823 3128 nihilominus
844 3077 1042 3128 tamen
1056 3070 1114 3126 in
1132 3069 1369 3135 atomis,
1387 3072 1528 3142 puta
1541 3068 1710 3124 Petro
1725 3066 1966 3123 etPaulo
1980 3066 2083 3136 hy-

437 3165 696 3235 postasin
713 3162 951 3232 habent,
972 3177 1073 3217 seu
1100 3160 1454 3219 subsistunt,
1471 3158 1617 3214 citra
1637 3172 1787 3229 quos
1801 3157 2086 3213 subsiste-

436 3268 499 3307 re
516 3268 630 3307 non
657 3252 928 3323 possunt.
960 3249 1066 3304 Sed
1100 3250 1169 3303 de
1197 3248 1496 3320 hypostasi
1524 3247 1760 3318 quidem
1780 3247 2083 3302 hactenus.

509 3338 779 3394 Vicissim
812 3353 1045 3409 quoque
1066 3335 1450 3405 ὲνυπόστατον,
1482 3352 1584 3390 seu
1617 3336 1673 3389 id
1707 3336 1861 3406 quod
1894 3336 1948 3391 vi
1982 3350 2087 3391 sua

441 3426 734 3498 subsistit,
770 3428 980 3500 duplex
997 3432 1087 3483 est
1105 3444 1118 3484 :
1148 3426 1438 3498 signiﬁcat
1450 3425 1606 3481 enim
1630 3426 1685 3481 id
1703 3427 1853 3498 quod
1869 3425 2087 3497 simpli-

441 3519 586 3576 citer
641 3523 750 3589 est,
810 3534 926 3589 quo
985 3515 1321 3589 signiﬁcatu
1380 3532 1489 3571 non
1522 3514 1712 3570 solum
1746 3515 2083 3583 essentiam,

442 3625 617 3680 quam
679 3605 1054 3681 αὐθύπαρκτον
1112 3611 1170 3662 et
1217 3602 1642 3671 αὗτυπόστατον,
1701 3604 1811 3661 hoc
1868 3613 1954 3661 est
1984 3621 2086 3677 per

441 3717 503 3757 se
535 3699 706 3771 vique
729 3715 838 3755 sua
857 3698 1304 3765 subsistentem,
1328 3712 1521 3752 rerum
1555 3696 1887 3767 hujusmodi
1915 3696 2082 3768 periti

436 3790 659 3855 dicunt,
692 3804 799 3844 nos
836 3803 1064 3860 quoque
1122 3784 1480 3839 ἐνυπόστατον
1516 3786 1789 3853 dicimus,
1823 3780 1961 3857 quia
1989 3785 2081 3840 ni-

436 3879 651 3935 mirum
685 3876 1027 3947 simpliciter
1066 3877 1141 3932 sit
1166 3880 1222 3932 et
1246 3875 1572 3942 subsistat;
1607 3875 1707 3931 sed
1763 3874 2084 3931 accidentia

433 3968 598 4025 etiam
630 3965 985 4033 ἐνυπόστατα,
1020 3966 1126 4022 hoc
1146 3971 1258 4035 est,
1288 3964 1342 4022 vi
1372 3981 1478 4020 sua
1497 3964 1883 4021 subsistentia
1903 3966 2081 4021 deno-

430 4058 754 4125 minamus,
786 4056 927 4128 quia
973 4054 1033 4110 in
1066 4055 1200 4119 alio,
1234 4054 1517 4110 nimirum
1551 4055 1609 4109 in
1658 4054 1932 4121 essentia,
1965 4070 2081 4109 non

433 4152 628 4204 autem
662 4146 722 4200 in
755 4162 817 4200 se
850 4143 1015 4216 ipsis,
1050 4144 1169 4200 sint
1197 4148 1255 4199 et
1293 4144 1651 4199 subsistant:
1702 4160 1825 4214 quas
1883 4146 2080 4198 tamen
2129 4183 2158 4210 .

432 4235 651 4291 rectius
682 4231 1135 4306 ὲτεροϋπόστατα,
1165 4232 1276 4288 hoc
1303 4237 1393 4288 est
1423 4232 1481 4287 in
1528 4232 1642 4288 alio
1697 4231 2083 4287 subsistentia.

429 4325 862 4394 nuncupantur.
888 4320 1190 4392 Signiﬁcat
1218 4321 1388 4377 etiam
1419 4321 1477 4376 id
1511 4322 1665 4393 quod
1697 4336 1797 4392 per
1818 4320 2080 4392 seipsum

426 4415 621 4482 est,et
652 4406 1021 4464 ἰδιοσύστατον
1072 4426 1175 4481 per
1224 4426 1286 4466 se
1332 4410 1562 4482 proprie
1594 4409 1904 4466 consistit:
1965 4426 2082 4482 quo

423 4502 485 4557 in
505 4500 836 4573 signiﬁcatu
856 4499 1154 4555 individua
1175 4514 1409 4572 quoque
1447 4495 1781 4551 ἐνυπόστατα
1808 4498 2080 4567 dicimus,

427 4607 551 4663 quas
583 4588 815 4660 proprie
846 4587 1195 4660 hyposlases
1250 4585 1446 4657 potius
1477 4589 1536 4640 et
1586 4590 1724 4640 sunt
1753 4588 1810 4640 et
1840 4585 2081 4656 dignos—

2193 1996 2435 2051 nihilum
2465 2008 2650 2050 coram
2684 1994 2996 2049 temltem
3030 2008 3132 2064 pro
3165 1993 3642 2061 fundamento,ut
3669 1993 3837 2048 illud:

2192 2087 2363 2141 Fixus
2383 2096 2503 2139 sum
2540 2086 2599 2139 in
2629 2083 2761 2139 timo
2773 2081 3061 2154 pro/undi,
3079 2090 3131 2137 et
3160 2096 3267 2138 non
3286 2089 3366 2138 est
3384 2082 3528 2137 mihi
3538 2082 3812 2138 subsisten
3829 2113 3844 2125 -

2192 2178 2269 2231 tia
2302 2173 2511 2229 17.1tem
2546 2190 2649 2246 pro
2675 2172 3088 2243 uegotio,unde
3107 2172 3394 2227 Jeremias
3422 2187 3436 2226 :
3489 2171 3851 2242 Cungregavt't

2192 2265 2530 2320 extrinsecus
2567 2263 2975 2318 subsistentiam
3005 2272 3184 2316 suam.
3244 2261 3313 2315 Et
3365 2272 3468 2331 pro
3520 2276 3752 2329 arcano,
3785 2264 3849 2315 ut

2192 2353 2346 2425 apud
2374 2353 2646 2408 eumdem
2680 2352 2749 2406 de
2781 2349 3347 2424 pseudoprophetis:
3406 2351 3548 2405 Etsi
3573 2349 3850 2405 stetissent

2193 2445 2252 2498 in
2278 2442 2587 2497 substantia
2616 2457 2761 2507 mea,
2793 2440 2915 2496 sive
2973 2442 3032 2494 in
3062 2455 3267 2494 arcano
3319 2454 3443 2494 meo
3469 2437 3535 2493 ι’.
3568 2441 3710 2494 Item
3744 2454 3845 2510 pro

2193 2530 2595 2596 fundamento,
2628 2531 2694 2584 ut
2726 2530 2874 2601 apud
2899 2526 3259 2583 Ezechielem
3289 2528 3360 2583 de
3385 2527 3585 2599 templi
3607 2528 3849 2583 aediﬁca-

2190 2620 2367 2688 tione,
2400 2619 2734 2676 describens
2767 2618 3007 2673 domum
3036 2625 3089 2673 et
3114 2621 3320 2673 caetera
3342 2634 3469 2689 quae
3495 2622 3841 2688 sequuntur,

2190 2710 2251 2764 in
2284 2708 2498 2780 quibus
2530 2708 2891 2781 hypostasim
2924 2724 3027 2779 pro
3059 2706 3447 2762 fundamento
3469 2705 3651 2777 ponit.
3699 2706 3841 2760 Item

2191 2815 2295 2870 pro
2321 2797 2513 2865 laude,
2547 2802 2608 2852 ut
2651 2797 2805 2868 apud
2850 2795 3211 2867 Apostolum,
3261 2796 3415 2863 Quod
3460 2796 3678 2866 loquor,
3733 2809 3839 2849 non

2190 2888 2489 2943 secundum
2517 2887 2830 2950 Dominum,
2867 2885 2957 2941 sed
2987 2893 3258 2955 tanquam
3286 2886 3343 2939 in
3373 2884 3615 2940 stultitia
3659 2886 3719 2938 in
3740 2884 3838 2937 hac

2191 2976 2495 3033 substantia
2523 2974 2876 3045 glariationis
2894 2974 2963 3032 ‘9.

2859 3120 3010 3175 CAP.
3042 3118 3183 3174 XVI.

2191 3244 2726 3316 Item,B.DDionysii
2748 3242 3093 3314 Areopagitae
3126 3243 3202 3298 De
3229 3243 3354 3299 Deo.
3389 3242 3604 3314 [Omnia
3632 3240 3695 3296 de
3726 3240 3832 3296 Deo

2262 3326 2316 3373 et
2343 3316 2722 3387 afﬁrmantur,
2758 3324 3021 3386 tanquam
3056 3316 3312 3370 omnium
3344 3330 3523 3371 causa:
3551 3316 3602 3367 et
3628 3328 3837 3382 negan-

2262 3392 2376 3455 tur,
2409 3391 2542 3460 quia
2569 3388 2825 3444 omnibus
2846 3387 3211 3443 excellentior
3230 3388 3354 3459 sit.]

2263 3520 2418 3578 Deus
2441 3534 2625 3591 neque
2649 3519 2748 3575 lux
2772 3523 2882 3587 est,
2917 3532 3106 3592 neque
3130 3518 3409 3575 tenebrae:
3442 3533 3626 3590 neque
3651 3517 3841 3589 cogni-

2191 3611 2293 3679 tio,
2328 3626 2518 3683 neque
2541 3610 2827 3681 ignoratio
2859 3625 2871 3666 :
2901 3624 3089 3681 neque
3120 3608 3354 3675 veritas,
3381 3622 3568 3679 neque
3605 3607 3842 3663 menda-

2192 3700 2370 3756 cium:
2396 3702 2544 3769 et,ut
2568 3699 2772 3771 paucis
2787 3692 3311 3764 concludam,nihil
3333 3700 3422 3753 est
3445 3697 3541 3752 ubi
3572 3700 3840 3768 ponatur,

2192 3794 2294 3845 aut
2325 3789 2479 3845 unde
2506 3790 2824 3846 auferatur.
2856 3788 3144 3843 Omnibus
3176 3788 3331 3843 enim
3357 3786 3627 3859 superior
3656 3790 3763 3855 est,
3786 3790 3844 3841 et

2191 3896 2318 3951 quas
2350 3896 2383 3934 a
2436 3876 2625 3947 nobis,
2674 3882 2731 3933 et
2777 3888 2902 3949 quae
2944 3877 3015 3932 ab
3078 3874 3149 3932 iis
3182 3890 3306 3947 quae
3337 3888 3519 3948 supra
3559 3890 3668 3931 nos
3708 3879 3844 3931 sunt

2191 3968 2543 4039 cogitantur.
2578 3966 3061 4038 Quandoquidem
3096 3970 3281 4031 Pater,
3315 3970 3371 4021 et
3400 3965 3605 4031 Filius,
3635 3970 3690 4020 et
3718 3964 3841 4035 Spi-

2190 4059 2340 4113 ritus
2372 4062 2635 4127 sanetus,
2668 4074 2784 4112 non
2818 4059 2867 4112 is
2898 4061 3006 4125 est,
3038 4072 3214 4128 quem
3247 4056 3591 4127 cogitamus,
3623 4056 3710 4110 vel
3743 4053 3845 4126 qui

2192 4158 2372 4218 supra
2392 4158 2500 4202 nos
2530 4150 2691 4214 sunt,
2725 4145 2823 4201 sed
2857 4144 2909 4199 is
2931 4149 3018 4200 est
3045 4145 3143 4215 qui
3179 4142 3340 4199 nulla
3372 4143 3597 4199 ratione
3627 4141 3840 4197 intelli-

2189 4235 2271 4306 gi,
2303 4240 2405 4291 aut
2435 4234 2695 4290 oratione
2736 4233 2980 4305 exprimi
3043 4237 3237 4303 queat.
3300 4231 3626 4287 Positiones
3685 4231 3842 4287 enim

2190 4329 2248 4380 et
2278 4323 2625 4395 ablationes,
2658 4324 2716 4378 et
2744 4321 3004 4391 habitus,
3035 4325 3091 4376 et
3122 4321 3480 4392 privationes
3530 4321 3603 4376 iis
3637 4333 3839 4376 accen-

2190 4419 2415 4479 sentur,
2447 4429 2573 4484 quis
2607 4417 2740 4483 post
2769 4411 2952 4467 Deum
2982 4415 3144 4466 sunt.

2260 4505 2313 4558 2.
2346 4503 2647 4573 Ejusdem.
2680 4507 2834 4558 Deus
2863 4507 2955 4557 est
2986 4517 3187 4557 eorum
3221 4517 3352 4571 quis
3394 4504 3533 4557 sunt
3560 4500 3843 4567 essentia,

2189 4592 2407 4664 quippe
2442 4591 2542 4663 qui
2572 4606 2769 4647 earum
2802 4589 3157 4662 principium
3192 4594 3247 4646 et
3276 4605 3453 4646 causa
3487 4589 3584 4645 sit.
3646 4589 3845 4645 Saecu-

423 4687 658 4737 cuntur.
679 4678 790 4734 Sed
828 4677 897 4732 de
918 4675 1307 4747 enhypostato
1341 4673 1581 4745 quidem
1604 4672 1727 4729 haec
1758 4674 2079 4729 sufﬁciant.
2113 4675 2157 4739 D
2189 4680 2310 4736 lum
2347 4684 2541 4736 autem
2573 4679 2937 4748 seculorum,
2971 4682 3035 4733 ut
3082 4678 3183 4751 qui
3213 4679 3405 4749 magis
3464 4678 3700 4751 proprie
3748 4677 3843 4743 sit,

497 4770 622 4829 Non
651 4764 910 4826 absimili
938 4766 1156 4822 ratione
1199 4763 1652 4837 anhypostatum
1701 4781 1935 4836 quoque
1967 4765 2072 4820 du-

424 4860 550 4931 plex
602 4862 711 4916 est.
761 4862 878 4913 Nec
935 4855 1091 4912 enim
1161 4854 1613 4927 anhypostatum
1687 4854 1969 4909 duntaxat
2013 4852 2073 4908 id

425 4947 662 5014 dicitur,
694 4947 848 5017 quod
879 4943 1040 5001 nullo
1070 4960 1317 5015 usquam
1352 4944 1521 5000 modo
1553 4943 1647 5012 sit,
1681 4943 1781 4999 sed
1807 4943 1865 4998 id
1896 4943 2071 4999 etiam

426 5035 581 5106 quod
614 5033 726 5089 alio
755 5032 1045 5102 subsistit,
1110 5031 1310 5103 qualia
1351 5036 1490 5088 sunt
1548 5031 1911 5088 accidentia:
1945 5047 2071 5103 qua:

420 5125 549 5194 ipsa
582 5136 683 5191 per
723 5137 783 5175 se
815 5122 1136 5179 subsistere
1170 5138 1284 5178 non
1318 5126 1588 5194 possunt.

491 5208 600 5275 Qui
623 5206 901 5265 subtilius
933 5210 1055 5265 haec
1086 5209 1283 5267 rimari
1316 5209 1593 5280 voluerit,
1648 5210 1925 5285 pleraque
1956 5211 2074 5268 alia

417 5300 804 5374 hypostaseos
836 5298 1169 5371 signiﬁcata
1199 5300 1618 5371 deprehendet.
1681 5299 1825 5358 Nam
1861 5306 2072 5373 praeter

416 5406 505 5455 ea,
540 5403 670 5458 quae
719 5402 901 5457 supra
950 5386 1107 5443 dicta
1158 5397 1314 5455 sunt,
1365 5389 1699 5461 hypostasis
1730 5390 1904 5446 etiam
1968 5407 2069 5461 pro

416 5492 593 5534 onere
612 5472 874 5548 capitur:
908 5480 971 5531 ut
1002 5475 1061 5530 in
1090 5476 1559 5536 Deuteronomio:
1595 5479 1869 5548 Quomodo
1887 5489 2069 5550 potero

418 5582 521 5634 ego
551 5564 698 5618 solus
726 5579 863 5620 onus
889 5570 1127 5621 vestrum
1160 5566 1428 5623 sustinere
1449 5567 1494 5602 1⁸
1515 5567 1542 5623 ?
1597 5568 1878 5624 Hebraice
1906 5569 2065 5625 enim

496 5659 542 5740 ξε
579 5660 748 5718 ποαη,
776 5677 817 5732 ι⁷
852 5665 962 5740 14,Δ
1015 5661 1259 5740 “Pent:
1291 5678 1328 5728 ι,
1363 5665 1452 5721 10.
1499 5664 1584 5740 -έδ
1616 5665 1792 5724 Ruth.
1824 5683 1861 5735 ι,
1891 5669 1946 5726 6.
2024 5667 2067 5703 ¹⁶

2192 5684 2286 5740 eg.
2318 5685 2437 5737 κη’,
2464 5669 2514 5723 1.

420 5731 466 5766 ¹⁸
496 5730 709 5790 Jerem.
742 5730 900 5805 xxiii,
934 5735 988 5789 3.
1068 5731 1113 5766 ¹⁹
1141 5731 1189 5785 ΙΙ
1219 5732 1345 5793 Cor.
1376 5750 1456 5805 x1,
1490 5736 1582 5793 17.

2185 4786 2365 4842 quam
2398 4768 2629 4825 saecula.
2687 4768 2940 4839 Tempus
2970 4783 3128 4832 vero,
3164 4767 3303 4838 quia
3348 4767 3428 4823 sit
3457 4783 3687 4835 eorum,
3719 4783 3845 4837 qua

2184 4864 2322 4915 sunt
2344 4874 2624 4915 mensura
2650 4873 2665 4925 ;
2699 4873 2833 4913 nam
2856 4858 3199 4913 earumdem
3219 4857 3512 4928 terminus
3534 4857 3711 4913 etiam
3734 4863 3837 4924 est,

2183 4950 2374 5020 utqui
2407 4949 2493 5006 eis
2520 4949 2759 5005 modum
2803 4953 2859 5004 et
2904 4948 3080 5005 ﬁnem
3113 4947 3400 5020 imponat.
3461 4945 3838 5019 Quandoqui-

2183 5036 2315 5092 dem
2346 5053 2417 5092 ea
2442 5038 2618 5093 etiam
2648 5053 2776 5108 quas
2807 5036 3167 5108 sempiterna
3198 5040 3357 5104 sunt,
3387 5037 3636 5108 ipsaque
3658 5050 3839 5091 saecu-

2181 5124 2372 5181 lorum
2406 5126 2589 5182 series
2612 5125 2846 5180 inﬁnita
2890 5123 3051 5179 illius
3082 5123 3371 5180 inﬁnitate
3422 5124 3835 5187 terminantur,

2182 5215 2281 5288 qui
2335 5213 2648 5287 [inﬁnitus]
2698 5213 2981 5269 inﬁnities
3040 5212 3265 5268 inﬁnite
3312 5214 3440 5283 ipsa
3500 5209 3838 5286 complecti-

2180 5308 2296 5361 tur.
2357 5303 2668 5359 Gsneratio
2698 5308 2919 5368 autem,
2969 5306 3036 5357 ut
3094 5302 3199 5373 qui
3258 5319 3326 5359 ea
3374 5319 3613 5376 quoque
3665 5306 3839 5361 modo

2179 5394 2330 5449 ﬁunt
2353 5393 2411 5448 in
2445 5408 2641 5448 rerum
2673 5396 2947 5447 naturam
2983 5392 3286 5462 producat.
3324 5397 3531 5462 Locus,
3557 5395 3700 5466 quia
3719 5412 3841 5451 om-

2181 5482 2273 5537 nia
2306 5481 2621 5537 contineat.
2654 5480 2860 5535 Omnia
2916 5479 3179 5549 denique,
3210 5484 3321 5548 est,
3372 5481 3513 5552 quia
3557 5485 3836 5540 omnibus

2178 5585 2460 5641 superior.

2611 5667 2676 5703 ιδ’
2704 5666 2855 5723 Psal.
2890 5683 3121 5737 xxxvm,
3154 5667 3209 5723 6.
3288 5666 3334 5703 1⁷
3361 5668 3515 5726 Psal.
3549 5686 3749 5740 vant,
3780 5670 3838 5726 3.
