4090 6298
263 423 419 486 1141

378 553 660 612 Privanli‘a
691 550 968 607 conti-aiio
1002 546 1158 605 modo
1190 551 1258 606 de
1292 550 1394 607 Deo
1423 550 1810 606 enuntianmr.

338 677 390 733 3.
429 675 725 746 Ejusdem.
752 676 901 727 Deus
928 673 984 725 et
1014 686 1213 725 eorum
1240 686 1369 743 quae
1391 672 1527 723 sunt
1560 667 1851 723 terminus
1869 671 1925 723 et

264 760 779 820 inﬁnitasdicitur.
804 759 1115 817 Terminus
1140 758 1395 829 quidem,
1421 757 1519 829 qui
1539 770 1606 812 ea
1630 756 1920 812 terminet.

264 853 530 909 Inﬁnitas
562 867 717 918 vero,
742 851 840 921 qui
866 865 1044 920 supra
1076 864 1142 903 ea
1172 848 1572 918 protendatur.
1596 845 1733 917 Ejus
1764 843 1918 900 enim

265 944 547 1012 inﬁnitas,
568 957 695 1013 quae
719 944 929 995 cuncta
950 935 1509 1006 terminat,inﬁnitis
1534 934 1719 990 modis
1742 939 1916 1007 patet.

336 1052 387 1106 4.
423 1049 723 1120 Ejusdem.
761 1050 822 1100 Et
854 1061 1132 1117 magnum
1183 1048 1241 1099 et
1271 1059 1513 1115 parvum
1548 1043 1617 1097 de
1651 1047 1783 1107 Deo,
1819 1042 1919 1115 qui

265 1158 460 1198 rerum
512 1139 776 1195 omnium
811 1154 987 1192 causa
1031 1139 1139 1204 est,
1183 1133 1491 1189 contrariis
1542 1132 1729 1186 modis
1780 1132 1919 1185 cll‘e-

265 1237 493 1288 runtur.
530 1230 801 1299 Magan
852 1227 1112 1298 quidem,
1160 1223 1451 1296 plerisque
1499 1222 1807 1293 Scriptura;
1860 1219 1918 1274 in

260 1320 425 1376 locis.
464 1321 711 1376 Parvum
762 1320 957 1371 autem
1004 1314 1096 1369 his
1129 1330 1196 1368 ex
1226 1312 1438 1377 verbis,
1471 1315 1538 1367 In
1567 1326 1710 1365 aura
1737 1311 1916 1374 tenui,

258 1409 577 1482 colligitur.
603 1408 850 1478 Magnus
881 1408 1034 1460 certe
1066 1401 1536 1472 dicitur,quippe
1556 1400 1652 1470 qui
1689 1399 1921 1469 magni-

258 1499 524 1555 tudinem
559 1498 731 1553 rebus
781 1496 1019 1560 tribuat,
1070 1492 1240 1562 cujus
1287 1490 1519 1546 inlinita
1575 1487 1918 1559 magnitudo

257 1589 359 1657 sit,
392 1588 492 1659 qui
524 1587 777 1656 denique
820 1582 1284 1655 magnitudinem
1317 1596 1552 1635 omnem
1587 1584 1915 1648 exsuperet,

261 1676 439 1746 cujus
472 1673 812 1747 magnitudo
845 1670 1209 1744 quantitatis,
1244 1684 1531 1724 mensurae
1564 1666 1918 1737 terminique

255 1783 506 1837 prorsus
536 1781 743 1835 expers
773 1763 1030 1818 exsistat.
1072 1765 1320 1815 Parvum
1349 1763 1547 1814 autem
1579 1756 1700 1811 sive
1723 1761 1915 1823 tenue,

251 1857 308 1911 id
355 1856 412 1911 in
470 1856 589 1911 Deo
624 1854 988 1925 praedicatur,
1020 1852 1176 1923 quod
1223 1850 1284 1906 in
1337 1849 1567 1905 nullum
1620 1851 1911 1902 tumorem

249 1945 549 2001 molemve
601 1944 901 2010 excrescit,
954 1942 1102 2012 quod
1151 1939 1311 1995 nullo
1365 1938 1555 2011 spatio
1607 1935 1906 1999 deﬁnitur,

244 2036 414 2109 quod
449 2034 628 2089 libere
658 2049 761 2105 per
791 2032 991 2088 omnia
1022 2034 1306 2103 penetrat,
1338 2034 1394 2084 et
1434 2044 1621 2099 usque
1654 2027 1724 2082 ad
1759 2024 1911 2079 divi-

241 2127 482 2182 sionem
523 2124 734 2179 animae
780 2127 837 2178 et
885 2121 1129 2193 spiritus
1161 2120 1462 2192 pertingit,
1516 2126 1681 2188 atque
1733 2117 1908 2172 etiam

248 2215 666 2287 conceptiones
683 2216 739 2268 et
760 2211 1141 2284 cogitationes
1164 2210 1379 2276 cordis,
1395 2210 1513 2264 imo
1537 2224 1604 2264 ea
1622 2225 1747 2279 quae
1773 2210 1911 2262 sunt

254 2305 460 2361 omnia
490 2303 788 2370 discernit,
818 2300 979 2356 nulla
1000 2301 1157 2355 enim
1182 2316 1271 2354 res
1302 2302 1605 2369 procreata
1627 2296 1678 2351 ei
1704 2296 1910 2352 obscu-

256 2413 321 2451 ra
352 2402 460 2452 est.
493 2394 561 2449 Et
605 2408 847 2465 parvum
879 2390 1114 2462 quidem
1163 2388 1270 2444 hoc
1300 2386 1649 2459 quantitatis
1681 2400 1907 2456 expers,

254 2486 614 2540 immensum
638 2486 694 2537 et
726 2480 1023 2535 infinitum
1055 2482 1170 2533 est:
1198 2482 1370 2549 atque
1394 2476 1528 2531 licet
1559 2474 1717 2530 nullo
1751 2491 1911 2529 com—

254 2573 540 2647 prehendi
573 2572 744 2627 modo
776 2575 971 2643 queat,
997 2568 1192 2624 omnia
1214 2571 1411 2624 tamen
1444 2564 1906 2637 comprehendit.

325 2684 384 2739 5.
418 2682 576 2735 Idem
606 2680 846 2750 insuper
870 2680 928 2732 et
958 2677 1253 2731 diversum
1285 2675 1355 2729 de
1388 2679 1499 2729 Deo
1542 2673 1909 2746 praedicatur.

255 2772 407 2829 lllud
440 2771 674 2841 quidem
706 2785 772 2823 eo
805 2769 863 2823 in
897 2767 1042 2833 loco,
1069 2768 1139 2821 Tu
1170 2769 1355 2820 autem
1390 2764 1529 2819 idem
1558 2766 1676 2831 ipse
1705 2779 1778 2831 es,
1803 2764 1910 2817 hoc

262 2865 463 2917 autem
500 2860 559 2913 in
594 2858 713 2923 illo,
749 2858 1002 2923 Domine,
1027 2857 1271 2917 Domine,
1306 2855 1428 2925 quis
1457 2854 1661 2907 similis
1687 2852 1790 2906 tibi
1820 2851 1913 2906 ὀἳ

264 2952 429 3006 idem
460 2963 595 3021 ergo
624 2947 860 3016 dicitur,
893 2947 1028 3019 quia
1060 2962 1173 3002 non
1207 2947 1575 3010 immutatur,
1608 2943 1726 2998 imo
1758 2960 1915 3000 sem-

264 3055 371 3111 per
421 3038 621 3093 eodem
673 3053 735 3091 se
768 3035 937 3092 modo
984 3040 1042 3091 et
1095 3034 1481 3091 consimiliter
1524 3032 1722 3101 habet,
1771 3032 1910 3088 item

258 3128 404 3200 quia
464 3143 576 3181 non
632 3125 930 3191 miscetur,
964 3142 1079 3181 non
1140 3128 1290 3197 eget,
1350 3140 1463 3177 non
1511 3122 1741 3192 crescit,
1796 3138 1909 3177 non

260 3214 660 3285 imminuitur,
696 3214 835 3286 quia
866 3212 1117 3283 denique
1164 3210 1233 3268 iis
1265 3229 1389 3284 quae
1422 3214 1562 3266 sunt
1594 3208 1815 3281 tribuit,
1850 3214 1915 3266 ut

257 3307 462 3363 eadem
514 3304 803 3360 dicantur.
867 3304 1174 3359 Diversum
1238 3318 1390 3370 vero,
1443 3300 1579 3372 quia
1636 3317 1751 3373 pris
1812 3298 1913 3356 illo

257 3395 424 3452 nulla
458 3411 549 3450 res
597 3394 693 3451 sit.
746 3394 958 3449 Omnia
1007 3392 1163 3448 enim
1198 3408 1324 3465 quae
1377 3394 1536 3460 sunt,
1570 3390 1643 3446 ab
1673 3407 1759 3460 eo,
1813 3391 1913 3462 qui

219 3541 235 3558 ,
256 3503 463 3542 revera
494 3488 602 3552 est,
639 3486 827 3540 creata
860 3488 1034 3538 sunt:
1086 3485 1143 3537 et
1174 3481 1299 3553 ipse
1331 3481 1596 3553 superior
1641 3478 1914 3537 omnibus

257 3580 368 3646 est,
432 3577 490 3628 et
520 3573 592 3629 ab
647 3571 921 3628 omnibus
961 3571 1042 3626 ita
1091 3568 1372 3638 diversus,
1407 3573 1470 3625 ut
1518 3569 1660 3625 nulli
1711 3587 1911 3626 eorum

256 3662 458 3721 ordini
484 3660 776 3717 accenseri
800 3660 995 3733 queat,
1020 3660 1292 3732 praeterea
1323 3677 1475 3729 vero,
1502 3659 1640 3732 quia
1669 3676 1734 3715 ea
1754 3677 1913 3716 crea-

252 3756 424 3826 verit,
466 3771 591 3825 qum
625 3752 849 3807 diversa
878 3756 935 3807 et
966 3750 1293 3806 differentia
1324 3752 1485 3806 sunt.

321 3865 377 3921 6.
410 3861 642 3919 Dicitur
690 3861 865 3916 etiam
907 3859 1142 3916 similis.
1175 3859 1273 3914 Ait
1300 3859 1479 3925 enim,
1513 3860 1617 3930 Ego
1678 3858 1913 3914 visiones

247 3954 658 4027 multiplicavi,
680 3957 731 4007 et
759 3953 818 4006 in
850 3950 1109 4006 manibus
1137 3950 1539 4021 praphetarum
1570 3950 1913 4003 assimilatas

245 4063 372 4101 sum
402 4042 478 4110 ²¹,
511 4043 650 4115 quia
702 4039 980 4096 nimirum
1036 4038 1354 4110 apparebat
1393 4037 1476 4092 eis
1531 4036 1640 4092 hac
1672 4037 1759 4092 vel
1812 4036 1915 4092 illa

251 4138 465 4204 forma,
515 4134 806 4203 rebusque
837 4130 1049 4186 similis
1102 4129 1276 4183 ﬁebat
1331 4144 1454 4199 quas
1485 4128 1597 4182 sub
1653 4124 1907 4198 speciem

254 4226 502 4291 cadunt,
564 4223 633 4278 ad
689 4222 811 4276 hzec
869 4219 1070 4287 etiam,
1112 4217 1249 4289 quia
1302 4218 1417 4272 vim
1476 4215 1633 4271 illam
1688 4216 1913 4282 tribuit,

257 4330 377 4384 qua
408 4309 733 4367 similitudo
766 4310 958 4365 inesse
1010 4307 1256 4363 videtur.
1289 4304 1386 4361 Ait
1416 4308 1594 4373 enim,
1628 4305 1915 4360 Faciamus

259 4400 547 4457 hominem
584 4399 651 4453 ad
684 4397 985 4470 imaginem
1028 4402 1079 4452 et
1110 4395 1540 4451 similitudinem
1578 4404 1817 4449 nostram
1845 4393 1911 4447 93.

256 4489 572 4546 Sciendum
608 4506 773 4560 porro
805 4489 1005 4543 eadem
1041 4487 1155 4542 Deo
1188 4490 1243 4541 ct
1273 4486 1489 4542 similia
1520 4489 1575 4541 et
1604 4486 1917 4542 dissimilia

259 4579 398 4635 dici.
435 4576 659 4633 Similia
691 4578 949 4649 quidem,
985 4576 1125 4648 quia
1158 4576 1345 4646 quoad
1379 4576 1502 4647 ejus
1536 4575 1657 4631 lieri
1704 4580 1914 4647 potest,

256 4687 394 4727 eum
430 4668 759 4734 imitantur,
785 4668 883 4739 qui
915 4671 1002 4723 est
1025 4665 1412 4723 inimitabilis.
1438 4664 1760 4722 Dissimilia
1783 4682 1915 4722 vero
1948 4634 1992 4702 Β

255 4763 399 4836 quia
436 4761 676 4817 effectus
709 4778 742 4815 a
773 4759 897 4815 suis
930 4756 1124 4814 causis
1160 4756 1411 4812 multum
1444 4755 1684 4827 distant,
1718 4764 1773 4812 et
1806 4757 1915 4813 itu-

256 4852 486 4910 mensis
518 4850 839 4907 intervallis
871 4850 1316 4921 disjunguntur.

330 4959 388 5008 7.
413 4954 590 5019 Quies
614 4954 853 5025 insuper
884 4959 939 5009 et
962 4958 1156 5009 motus
1190 4953 1248 5007 in
1280 4957 1393 5008 Deo
1424 4952 1718 5008 dicuntur.
1743 4954 1918 5019 Quies

256 5046 527 5120 quidem,
560 5045 700 5114 quia
747 5044 806 5098 in
838 5043 1030 5115 seipso
1062 5043 1216 5099 Deus
1271 5047 1489 5109 manet,
1524 5041 1920 5114 immotusque

256 5138 512 5212 perstat,
546 5132 686 5204 quia
714 5132 891 5188 etiam
922 5133 1167 5204 aseipso
1199 5131 1648 5188 transferri‘alio
1672 5150 1787 5188 non
1820 5150 1918 5203 po-

252 5235 396 5297 test,
431 5223 567 5295 quia
598 5223 853 5293 denique
895 5223 1069 5279 rebus
1107 5225 1380 5280 omnibus
1426 5223 1581 5280 velut
1627 5239 1920 5294 expensus

254 5319 525 5377 incubat.
560 5317 750 5369 Motus
775 5315 993 5382 autem,
1018 5329 1129 5367 non
1163 5329 1229 5368 eo
1260 5314 1519 5385 quidem,
1554 5318 1704 5383 quod
1735 5313 1920 5369 motui

256 5406 501 5473 montis,
535 5407 634 5460 aut
678 5402 913 5470 animae,
946 5405 1048 5457 aut
1094 5406 1339 5469 naturae,
1372 5407 1475 5458 aut
1503 5402 1635 5469 loci,
1689 5409 1787 5457 aut
1819 5402 1921 5457 ulli

254 5498 516 5568 denique
561 5501 830 5550 motuum
890 5489 1160 5559 illorum,
1217 5493 1317 5564 qui
1373 5492 1544 5565 vulgo
1600 5491 1918 5561 dicuntur,

1625 410 2027 478 THESAUBI
2071 414 2222 478 LlB.
2272 410 2349 479 Il.

3534 418 3689 480 1142

1949 551 2005 615 Α
2034 550 2322 606 obnoxius
2352 555 2460 621 est,
2486 553 2579 607 sed
2612 548 3151 623 comprehensionis
3184 552 3341 606 illius
3373 568 3532 624 ergo,
3556 569 3682 624 quae

2036 640 2281 694 detineri
2344 647 2445 696 aut
2503 640 2752 696 coerceri
2812 640 2970 695 nullo
3034 642 3211 695 modo.
3256 645 3484 711 potest:
3542 643 3681 698 item

2036 728 2425 785 immobilium
2461 727 2695 784 illorum
2732 742 3143 800 progressuum
3197 730 3435 798 ratione,
3470 731 3678 802 quibus

2038 818 2185 871 Deus
2219 818 2577 889 providentia
2610 836 2716 873 sua
2749 819 2821 872 iis
2854 835 2977 890 quas
3012 823 3150 873 sunt
3179 818 3529 889 infunditur,
3556 819 3682 875 illa-

2032 922 2163 960 rum
2224 908 2470 977 denique
2527 908 2822 963 actionum
2862 909 3106 975 ratione,
3139 926 3266 979 quae
3327 908 3504 964 nullis
3561 927 3676 965 non

2033 996 2363 1052 actionibus
2397 996 2833 1053 excellentiores
2866 1002 3024 1053 sunt.

2105 1096 2157 1149 8.
2192 1097 2490 1166 Ejusdem.
2520 1096 3026 1160 Quemadmodum
3059 1098 3246 1153 sancti
3278 1097 3546 1154 homines
3576 1100 3679 1155 do-

2032 1205 2166 1244 mus
2214 1187 2316 1242 Dei
2368 1186 2680 1241 dicuntur:
2734 1186 2812 1241 ait
2842 1186 3020 1254 enim,
3077 1188 3340 1242 Habitabo
3372 1191 3433 1242 in
3470 1190 3568 1254 eis,
3627 1195 3679 1246 ei

2029 1276 2390 1334 inambulubo
2421 1276 2464 1310 ²³
2493 1292 2504 1330 :
2541 1275 2620 1330 ita
2647 1276 2822 1331 etiam
2857 1282 3196 1331 sanctorum
3243 1277 3542 1334 hominum
3576 1281 3676 1334 do-

2032 1385 2164 1424 mus
2197 1368 2349 1422 Deus
2379 1371 2488 1421 est.
2515 1365 2761 1421 Davides
2794 1365 2950 1420 enim
2982 1366 3081 1430 ait,
3107 1369 3228 1421 Esto
3252 1368 3393 1423 mihi
3420 1370 3482 1422 in
3506 1370 3677 1424 Deum

2028 1462 2404 1528 protectorem,
2436 1460 2491 1512 et
2522 1455 2583 1510 in
2620 1456 2842 1511 domum
2872 1457 3099 1526 i'e/ugii,
3133 1462 3193 1512 ut
3220 1458 3432 1512 salvum
3470 1474 3557 1514 me
3582 1461 3677 1530 [a-

2027 1549 2141 1602 cias
2161 1546 2227 1601 ³4.
2259 1549 2442 1616 Atque
2467 1544 2651 1616 ipsius
2669 1544 2904 1615 quidem
2929 1546 3158 1601 Domini
3182 1546 3302 1602 haec
3320 1547 3493 1603 verba
3513 1551 3672 1614 sunt,

2036 1637 2128 1692 Vos
2175 1638 2237 1690 in
2266 1651 2353 1691 me
2379 1637 2531 1703 estis,
2563 1640 2616 1690 et
2649 1651 2745 1703 ego
2795 1637 2856 1690 in
2888 1636 3035 1690 vobis
3085 1636 3149 1691 2⁸.
3187 1636 3251 1691 Et
3294 1638 3672 1707 quemadmo-

2028 1727 2168 1780 dum
2200 1726 2279 1779 ita
2300 1725 2360 1780 in
2391 1724 2507 1780 illis
2533 1724 2682 1779 Deus
2716 1728 2821 1791 eet,
2850 1732 2913 1780 ut
2947 1741 3132 1796 neque
3157 1725 3463 1794 contineri,
3486 1743 3672 1798 neque

2028 1815 2425 1871 circumscribi
2458 1818 2665 1885 queat:
2700 1815 2784 1870 sic
2816 1816 2985 1870 etiam
3020 1815 3125 1887 ipsi
3162 1816 3242 1871 ita
3273 1816 3331 1871 in
3362 1817 3477 1871 Deo
3509 1821 3667 1887 sunt,

1943 1896 1989 1965 B
2026 1909 2089 1959 ut
2118 1921 2251 1959 cum
2284 1905 2406 1972 ejus
2437 1903 2692 1958 essentia
2740 1920 3109 1975 nequaquam
3161 1904 3539 1974 misceantur,
3570 1911 3672 1962 aut

2018 1994 2477 2049 confundantur.

2090 2095 2141 2148 9.
2181 2095 2481 2165 Ejusdem.
2506 2096 2847 2165 Quanquam
2871 2095 3173 2165 qualitatis
3206 2098 3397 2151 omnis
3430 2097 3667 2168 quanti-

2018 2186 2273 2256 tatisque
2307 2184 2459 2239 Deus
2506 2200 2713 2255 expers
2755 2189 2864 2253 est,
2905 2186 3002 2240 Dei
3050 2190 3244 2241 tamen
3275 2186 3524 2242 latitudo
3572 2188 3670 2243 in-

2020 2273 2308 2344 telligitur
2351 2272 2470 2328 lata
2500 2272 2598 2327 illa
2648 2272 2977 2343 progressio
3008 2290 3123 2345 qua
3168 2275 3343 2330 rebus
3392 2275 3668 2331 omnibus

2022 2362 2298 2431 providet,
2351 2361 2653 2433 longitudo
2716 2365 2930 2427 autem,
2986 2363 3073 2419 vis
3124 2363 3222 2417 illa
3280 2363 3493 2429 divina,
3539 2379 3669 2434 qum

2020 2468 2200 2523 supra
2230 2452 2428 2506 omnia
2477 2453 3022 2523 superextenditur:
3075 2453 3443 2524 profunditas
3501 2454 3667 2508 deni-

2021 2557 2156 2612 que,
2188 2540 2492 2596 occultatio
2542 2540 2662 2608 illa,
2697 2557 2812 2611 qua
2844 2542 2929 2606 ﬁt,
2964 2546 3027 2595 ut
3056 2540 3153 2597 ille
3183 2543 3255 2597 ab
3300 2559 3500 2598 eorum
3537 2558 3664 2613 quae

2020 2635 2160 2686 sunt
2194 2630 2353 2685 nullo
2386 2628 2602 2700 percipi
2634 2630 2975 2700 cognoscive
3004 2638 3197 2701 queat.

2094 2721 2178 2774 10.
2213 2719 2510 2788 Ejusdem.
2544 2719 2697 2774 Deus
2742 2719 2801 2774 in
2833 2720 3015 2775 sacris
3066 2721 3445 2792 mysticarum
3486 2721 3665 2778 visio-

2022 2824 2161 2863 num
2200 2808 2297 2863 Doi
2338 2808 2800 2879 apparitionibus
2832 2825 3015 2864 canus
3045 2814 3101 2864 et
3137 2810 3371 2879 juvenis
3404 2809 3662 2881 ﬁngitur,

2021 2903 2077 2952 et
2136 2913 2317 2953 canus
2374 2897 2629 2968 quidem,
2665 2897 3010 2969 antiquum:
3061 2899 3295 2969 juvenis
3325 2914 3460 2955 vero
3502 2900 3663 2957 senio

2023 2986 2267 3042 minime
2317 2988 2631 3042 obnoxium
2681 2987 3008 3058 signiﬁcat:
3066 2988 3153 3042 vel
3198 2988 3435 3057 juvenis
3487 2989 3664 3044 etiam

2022 3076 2245 3132 ratione
2302 3076 2671 3132 arithmetica
2721 3076 3126 3148 antiquitatem
3175 3076 3432 3133 divinam
3484 3078 3668 3133 deno-

2021 3170 2127 3222 tat.
2180 3165 2381 3222 Unitas
2431 3166 2611 3231 enim,
2644 3177 2698 3221 et
2747 3183 2871 3238 quae
2923 3172 3059 3222 sunt
3108 3167 3315 3223 unitati
3360 3168 3664 3239 adjuncta,

1943 3268 1989 3335 α
2020 3256 2352 3326 antiquiora
2374 3263 2512 3311 sunt
2541 3255 2635 3324 iis,
2659 3272 2782 3327 quis
2813 3255 2913 3311 illa
2936 3270 3177 3312 numero
3204 3255 3377 3329 longe
3407 3256 3668 3313 diffusio-

2023 3360 2084 3399 re
2118 3351 2420 3417 superant.

2096 3435 2181 3489 11.
2228 3434 2383 3489 Deus
2415 3434 2652 3505 quidem
2686 3436 2960 3492 omnibus
2992 3437 3195 3492 adest:
3237 3448 3342 3492 nec
3371 3436 3527 3493 enim
3562 3438 3664 3492 uni

2021 3524 2147 3580 loco
2175 3523 2256 3578 ita
2285 3529 2374 3579 est
2396 3524 2685 3593 addictus,
2714 3530 2777 3579 ut
2808 3527 2880 3580 ab
2912 3525 3023 3581 allo
3054 3526 3206 3580 absit
3232 3548 3245 3582 :
3267 3530 3366 3581 sed
3393 3528 3666 3583 universa

2022 3613 2464 3684 complectitur:
2498 3618 2558 3668 at
2582 3628 2696 3669 non
2730 3615 2922 3669 omnia
2956 3614 3036 3669 illi
3069 3615 3317 3669 adsunt:
3350 3616 3451 3669 sed
3506 3630 3664 3686 quae-

2022 3719 2253 3774 cunqus
2286 3704 2465 3774 digna
2522 3708 2679 3771 sunt,
2714 3722 2840 3774 quae
2872 3707 2943 3759 ad
3002 3704 3372 3759 Divinitatem
3426 3705 3667 3776 propius

2022 3790 2319 3847 accedant.
2370 3791 2484 3845 Nos
2515 3796 2708 3846 autem
2758 3793 2843 3847 illi
2896 3800 3017 3847 tum
3066 3794 3304 3847 demum
3356 3794 3664 3862 adsumus,

2023 3896 2156 3935 cum
2197 3880 2366 3934 illum
2425 3880 2771 3936 castissiuiis
2830 3881 2975 3935 votis
3028 3881 3389 3949 invocamus,
3425 3882 3532 3937 hoc
3579 3888 3669 3938 est

2024 3973 2219 4024 mente
2268 3966 2448 4023 nullis
2478 3969 2753 4024 sordibus
2786 3970 3112 4039 inquinata,
3154 3973 3329 4039 atque
3362 3970 3442 4024 ita
3472 3974 3536 4024 ut
3566 3972 3664 4041 qui

2024 4062 2094 4116 ad
2138 4060 2319 4115 Deum
2351 4060 2720 4126 accedamus,
2757 4060 2949 4115 idonei
2981 4075 3343 4116 censeamur.
3380 4063 3670 4128 Quemad-

2025 4150 2264 4206 modum
2300 4154 2517 4215 autem,
2551 4150 2599 4204 si
2654 4153 2857 4204 catena
2905 4150 3106 4205 multis
3137 4153 3402 4206 contexta
3432 4149 3672 4206 lumini-

2025 4241 2155 4305 bus,
2185 4244 2242 4294 et
2271 4239 2397 4294 ccsli
2427 4238 2638 4293 vertice
2669 4253 2957 4311 suspensa
2988 4240 3059 4294 ad
3092 4256 3199 4295 nos
3233 4256 3419 4313 usque
3451 4241 3670 4310 pertin-

2026 4334 2145 4400 gat,
2216 4344 2320 4383 nos
2396 4322 2632 4384 alternis
2689 4344 2816 4383 eam
2898 4329 3165 4385 iiianibus
3241 4331 3669 4402 apprehensum

2026 4421 2298 4473 deorsum
2333 4417 2567 4490 quidem
2613 4418 2841 4473 trahere
2888 4417 3175 4483 videmur,
3210 4434 3268 4473 re
3300 4424 3489 4474 autem
3539 4434 3672 4474 vera

2026 4510 2295 4563 deorsum
2346 4525 2474 4563 eam
2526 4524 2639 4563 non
2690 4508 3001 4576 trahimus,
3056 4522 3188 4561 cum
3238 4510 3439 4563 eadem
3492 4525 3671 4578 supra

2025 4598 2293 4668 infraque
2318 4600 2692 4670 propendeat,
2717 4598 2833 4653 imo
2863 4596 3055 4668 potius
3078 4612 3183 4652 nos
3210 4597 3280 4651 ab
3308 4595 3405 4651 illa
3431 4610 3669 4651 sursum

2026 4687 2097 4740 ad
2132 4686 2505 4742 sublimiores
2537 4688 2663 4756 ejus
2696 4686 2886 4742 radios
2919 4685 3238 4740 trahimur:
3263 4684 3370 4748 vel,
3393 4686 3672 4756 quemad-

2028 4776 2268 4831 modum
2329 4776 2377 4832 si
2429 4793 2630 4831 navem
2681 4776 3168 4839 conscendamus,
3213 4777 3270 4828 et
3323 4774 3668 4831 rudentibus

2025 4865 2368 4934 innitamur,
2386 4866 2483 4935 qui
2511 4865 2676 4919 nobis
2697 4864 2937 4934 aliquos
2958 4863 3196 4934 scopulo
3217 4865 3668 4935 protenduntur,

2028 4954 2196 5025 quasi
2228 4971 2297 5009 ex
2329 4955 2586 5025 professo
2637 4955 3031 5025 porriguntur,
3066 4957 3127 5008 ut
3156 4966 3254 5010 eos
3285 4954 3667 5025 comprehen-

2028 5046 2260 5110 damus,
2281 5042 2586 5113 scopulum
2610 5057 2979 5114 nequaquam
2996 5043 3068 5097 ad
3084 5045 3326 5110 nos,sed
3351 5058 3452 5099 nos
3477 5046 3671 5116 potius

2029 5134 2189 5205 ipsos
2222 5148 2336 5187 una
2367 5148 2499 5186 cum
2527 5132 2657 5186 navi
2692 5132 2931 5203 propius
2963 5132 3032 5186 ad
3058 5132 3367 5204 scopulum
3400 5135 3669 5190 admove-

2028 5224 2263 5277 bimus:
2318 5221 2399 5276 ita
2429 5220 2697 5291 precibus
2747 5238 2982 5293 quoque
3030 5224 3244 5277 nostris
3298 5240 3670 5296 nequaquam

2031 5314 2210 5367 Deum
2270 5311 2343 5365 ad
2404 5326 2509 5365 nos
2581 5309 2955 5379 attrahimus,
3015 5310 3115 5382 qui
3190 5312 3406 5383 ubique
3483 5316 3669 5382 adest,

2030 5403 2129 5457 sed
2163 5416 2267 5456 nos
2299 5400 2456 5471 ipsos
2487 5401 2559 5456 ad
2592 5399 2760 5456 illum
2793 5400 2991 5456 divina
3020 5402 3147 5471 ejus
3168 5407 3673 5461 commemoratio-

2032 5508 2102 5548 ne
2132 5495 2189 5546 et
2218 5491 2582 5546 inwcatione
2613 5490 2990 5547 sublevamus
3021 5495 3079 5546 et
3109 5491 3431 5549 evehimus.

325 5668 376 5704 ²⁰
404 5667 559 5723 Psai.
591 5670 858 5733 Lxxxvin,
910 5665 966 5722 9.
1043 5666 1088 5702 ²¹
1121 5665 1250 5721 Ose.
1284 5681 1384 5735 xu,
1418 5666 1502 5720 10.
1587 5665 1635 5700 ἐ
1683 5669 1889 5721 Genes.

2032 5667 2118 5722 26.
2196 5663 2241 5697 ’³
2271 5663 2319 5719 II
2379 5663 2507 5721 Cor.
2540 5680 2618 5734 γι,
2654 5663 2740 5719 16.
2819 5664 2865 5699 ²⁴
2894 5661 3021 5718 Psal
3080 5679 3214 5732 xxx,
3246 5666 3299 5720 3.
3377 5665 3422 5700 ³⁸
3466 5666 3659 5735 Joan.,

258 5757 356 5808 xv,
393 5741 449 5792 4-
