4090 6298
421 359 577 418 1143

1066 487 1219 540 CAP.
1261 483 1428 538 XVII.

423 620 484 672 ι).
533 618 780 680 Maximi,
829 613 893 668 de
943 614 1044 667 Deo
1095 609 1474 665 communiter.
1531 605 1844 680 [Genuian
1886 604 2072 658 nomi-

657 676 788 741 num
819 701 1028 752 sensus,
1063 683 1257 752 quibus
1288 683 1426 735 Deus
1457 676 1846 750 appellamus]

497 807 628 861 Haec
661 805 898 860 nomina
928 803 1064 868 Eos,
1110 802 1329 867 Bonus,
1369 801 1538 864 Deus,
1569 801 1826 854 Creator.
1860 794 2077 862 Super-

426 892 855 960 substantialis,
889 892 1244 954 Immensus,
1281 885 1661 952 Immortalis,
1695 888 1752 938 et
1782 887 1987 936 caetera
2019 879 2077 934 id

427 1001 632 1057 genus,
665 984 722 1038 in
755 982 870 1037 Deo
917 979 1270 1034 differentias
1303 973 1720 1034 substantiales
1771 971 2082 1050 haudquat

427 1055 604 1144 quam
619 1071 972 1135 dicimus,ne
985 1068 1372 1137 compositum
1387 1080 1520 1119 eum
1535 1061 1726 1118 verbis
1741 1055 2078 1130 hujusmod1

430 1161 804 1233 protiteamur
831 1177 843 1212 :
879 1158 978 1213 sed
1003 1155 1440 1227 appellationes,
1467 1153 1682 1223 quibus
1707 1165 1909 1204 eorum
1931 1163 2079 1202 non-

431 1249 596 1306 nulla
625 1250 1019 1312 innotescunt,
1049 1263 1174 1316 quae
1207 1244 1360 1300 circa
1392 1244 1587 1313 ipsum
1613 1239 2076 1305 considerantur,

429 1339 514 1394 ita
556 1343 772 1404 tamen,
809 1342 872 1390 ut
921 1351 1123 1389 eorum
1179 1349 1306 1403 quas
1357 1331 1426 1384 ad
1483 1330 1609 1398 ejus
1660 1327 1974 1382 essentiam
2025 1327 2083 1378 et

431 1434 700 1484 naturam
749 1427 1062 1499 pertinent,
1097 1425 1240 1478 nihil
1287 1437 1486 1477 eorum
1539 1417 1891 1491 significent.
1925 1417 2082 1482 Quo-

431 1519 706 1572 rumdam
739 1517 894 1571 enim
945 1514 1157 1568 divinae
1212 1517 1430 1566 naturae
1482 1506 1946 1564 convenientium
1999 1503 2083 1558 si-

433 1603 870 1676 gniﬁcationem
920 1602 1157 1668 habent,
1189 1599 1376 1670 ipsius
1425 1601 1618 1653 autem
1649 1599 1870 1650 natura;
1921 1591 2082 1647 nullo

435 1696 630 1757 modo,
665 1693 823 1765 quod
853 1693 1094 1764 quidem
1122 1687 1609 1746 substantialibus
1641 1703 1742 1742 seu
1767 1684 2081 1742 essentiam

436 1783 934 1840 constituentibus
965 1781 1258 1852 proprium
1289 1783 1397 1835 est.

509 1875 561 1928 2.
596 1873 894 1943 Ejusdem.
929 1868 1286 1925 Indivisibile
1308 1867 1545 1938 quidem
1578 1865 1804 1920 Numen
1829 1863 2087 1933 est,quia

443 1963 791 2034 quantitatis
822 1977 1024 2030 expers
1050 1975 1062 2013 :
1097 1957 1442 2028 quantitatis
1472 1959 1666 2010 autem
1699 1967 1924 2022 expers,
1948 1950 2085 2021 quia

445 2057 502 2109 et
524 2051 824 2123 qualitatis
843 2065 857 2104 :
875 2047 1176 2119 qualitatis
1197 2044 1490 2116 vero,quia
1515 2042 1762 2114 simplex
1785 2057 1798 2096 :
1819 2039 2083 2109 simplex,

446 2143 580 2211 quia
623 2138 1106 2202 interminatam;
1155 2135 1617 2201 interminatum,
1651 2131 1787 2202 quia
1835 2130 2087 2184 immen-

443 2247 576 2286 sum
607 2246 620 2284 :
657 2229 1037 2294 immensum,
1070 2224 1210 2295 quia
1257 2222 1594 2288 immobile;
1629 2217 1926 2274 immobile
1953 2217 2087 2286 quia

443 2316 726 2389 principio
765 2319 920 2371 caret
949 2315 1163 2385 (neque
1206 2312 1358 2366 enim
1391 2310 1712 2382 quidquam
1761 2311 1898 2362 ante
1927 2321 2084 2371 eum,

437 2423 574 2464 eove
613 2407 804 2476 majus
834 2409 940 2471 est,
991 2419 1176 2473 neque
1228 2401 1551 2473 quidquam
1605 2415 1740 2454 cum
1799 2413 1886 2464 eo,
1919 2396 2088 2465 eique

440 2497 683 2568 aequale,
707 2510 894 2565 neque
925 2492 1242 2564 quidquam
1275 2493 1406 2561 post
1436 2493 1627 2558 eum);
1665 2485 1951 2557 principio
1983 2501 2087 2538 au-

435 2589 558 2642 tem
607 2587 783 2653 caret,
817 2583 957 2654 quia
1005 2580 1334 2649 ingenitum
1385 2583 1510 2633 est:
1557 2576 1882 2648 ingenitum
1932 2589 2086 2640 vero,

444 2673 584 2746 quia
615 2689 796 2728 unum
833 2675 890 2726 et
937 2669 1189 2725 maxime
1229 2667 1526 2740 singulare
1561 2681 1572 2720 :
1607 2681 1792 2720 unum
1839 2663 2090 2733 denique

457 2763 824 2833 maximeque
852 2760 1169 2832 singulare,
1215 2759 1352 2830 quia
1381 2756 1542 2812 omni
1593 2769 1832 2827 prorsus
1885 2752 2086 2807 habitu

441 2859 617 2924 caret,
679 2869 862 2924 eaque
911 2853 982 2906 de
1031 2866 1210 2905 causa
1259 2846 1416 2902 nullo
1472 2861 1712 2917 prorsus
1757 2843 1928 2898 modo
1977 2842 2089 2896 dici

441 2943 788 3014 cognoscive
819 2944 1027 3012 potest.
1062 2943 1126 2994 ut
1174 2937 1268 2992 cui
1301 2936 1475 2991 unica
1505 2934 1606 2990 illa
1655 2949 1786 2989 vera
1817 2931 1960 2986 insit
1989 2947 2086 2986 co-

442 3033 646 3105 gnitio,
681 3030 838 3101 quod
867 3047 982 3085 non
1015 3031 1418 3099 cognoscatur.

514 3123 568 3177 3.
602 3122 900 3192 Ejusdem.
937 3118 1299 3172 Immensum
1329 3115 1550 3170 Numen
1595 3119 1702 3179 est,
1748 3127 1862 3166 non
1895 3109 2087 3165 solum

445 3211 586 3281 quia
617 3207 902 3279 principio
924 3213 980 3260 et
1011 3207 1126 3260 ﬁne
1150 3209 1327 3270 caret,
1353 3203 1454 3258 sed
1487 3203 1628 3273 quia
1657 3217 1726 3256 ea
1742 3205 1830 3256 est
1855 3200 1984 3269 ejus
2011 3215 2094 3252 es-

443 3298 656 3363 sentia,
690 3312 756 3349 ea
785 3295 988 3359 virtus,
1013 3309 1077 3348 ea
1109 3292 1387 3362 operatio.
1421 3289 1688 3345 Essentia
1719 3288 1957 3359 quidem
1983 3286 2096 3342 tale

445 3389 559 3450 est,
591 3387 656 3438 ut
683 3383 811 3452 ejus
861 3397 1042 3452 capax
1082 3379 1225 3434 nihil
1257 3395 1383 3434 esse
1440 3381 1634 3448 queat.
1671 3378 1888 3431 Virtute
1938 3389 2094 3443 vero,

445 3479 504 3530 et
533 3472 868 3544 operatione
905 3471 1045 3538 tale,
1079 3473 1142 3524 ut
1175 3467 1338 3524 nullo
1372 3467 1580 3524 mentis
1614 3465 1794 3520 ullius
1826 3463 2098 3519 acumine

446 3561 866 3634 comprehendi
915 3560 1120 3632 possit,
1153 3567 1348 3630 atque,
1381 3563 1446 3612 ut
1475 3559 1667 3612 verius
1699 3557 1854 3626 quod
1886 3571 1978 3610 res
2009 3557 2096 3609 est

447 3657 662 3726 dicam,
711 3653 872 3709 omni
921 3658 979 3708 et
1011 3651 1232 3708 ratione
1289 3655 1348 3704 et
1381 3649 1586 3716 modo;
1643 3648 1940 3703 infinitum
1987 3645 2096 3699 hoc

448 3745 604 3802 enim
639 3743 872 3816 proprie
893 3742 1172 3812 est,quod
1205 3741 1560 3795 immensum
1587 3737 1858 3794 dicimus.
1891 3736 2100 3799 Quem-

452 3835 772 3892 admodum
831 3833 988 3888 enim
1035 3831 1230 3886 unitas
1281 3843 1467 3900 neque
1508 3844 1789 3883 numerus
1837 3829 1943 3892 est,
1993 3839 2098 3880 ne-

453 3941 566 3996 que
597 3925 704 3980 sub
737 3937 1050 3977 numerum
1095 3919 1268 3985 cadit,
1304 3935 1490 3988 neque
1533 3921 1712 3973 totum
1755 3920 1868 3984 est,
1911 3929 2097 3984 neque

451 4031 608 4086 pars,
643 4028 828 4082 neque
856 4011 1134 4066 habitus:
1169 4009 1268 4064 sed
1316 4007 1668 4078 principium
1715 4006 1953 4076 quidem
1985 4008 2098 4069 est,

451 4105 744 4173 quatenus
801 4100 1064 4154 omnium
1113 4113 1496 4152 numerorum
1545 4111 1760 4151 causa:
1810 4091 2096 4164 principio

449 4195 642 4246 autem
691 4196 866 4256 caret,
899 4187 1114 4258 quippe
1163 4203 1288 4256 quae
1323 4185 1556 4241 nullum
1612 4183 2002 4254 antiquiorem
2037 4197 2099 4236 se

453 4294 765 4334 numerum
817 4277 1044 4346 habeat,
1095 4277 1313 4347 quique
1366 4273 1605 4330 unitatis
1631 4271 1735 4328 sit:
1790 4272 1873 4327 sic
1923 4271 2098 4326 etiam

453 4369 629 4430 Deus,
663 4376 724 4422 ut
751 4367 850 4434 ita,
879 4381 1056 4438 parva
1075 4364 1230 4419 velut
1257 4364 1514 4434 imagine
1545 4362 1860 4433 proposita,
1885 4359 2099 4427 dicam,

455 4456 844 4530 quantitatem
903 4470 1156 4522 omnem,
1208 4453 1684 4523 qualitatemque,
1733 4453 1790 4505 et
1832 4448 2098 4504 habitum

1742 344 2053 408 NICETzE
2095 339 2516 401 CHONIATJE

2105 479 2156 541 Α
2189 490 2316 528 rum
2369 490 2496 544 qua:
2543 479 2846 528 moventur
2877 475 3039 525 ortus
3092 473 3200 526 est.
3253 470 3658 526 Generationis
3703 487 3838 526 vero

3677 339 3843 398 1144

2183 579 2407 630 eorum,
2441 579 2569 633 quin
2617 565 2891 634 generata
2921 567 3077 626 sunt,
3129 559 3483 630 principium
3519 560 3670 616 Deus
3723 567 3832 628 est,

2183 657 2463 724 tanquam
2493 650 2888 724 generationis
2921 653 3131 705 auctor.
3167 649 3358 704 Motus
3393 667 3564 722 porro
3599 656 3832 706 natura-

2181 746 2253 802 lis
2286 759 2486 800 eorum
2521 758 2650 808 quae
2682 743 2958 812 generata
2997 743 3138 794 sunt
3165 737 3322 809 ﬁnis,
3357 743 3545 794 status
3594 739 3692 794 ille
3720 745 3832 806 est,

2183 834 2283 906 qui
2317 850 2350 888 a
2379 830 2630 886 transitu
2664 845 2867 884 eorum
2898 845 3020 898 quae
3055 829 3416 883 transierunt
3445 829 3516 882 ab
3549 828 3652 883 illa
3701 829 3834 882 infi-

2185 923 2364 978 nitate
2396 923 2480 986 lit,
2515 921 2571 973 in
2607 935 2724 990 qua
2754 917 2890 988 quia
2923 915 3150 971 nullum
3183 919 3272 972 est
3301 917 3836 982 interstitium,om-

2187 1013 2278 1068 nis
2302 1014 2497 1066 motus
2519 1025 2720 1065 eorum
2751 1023 2876 1078 quae
2899 1005 3246 1062 naturaliter
3271 1011 3595 1076 moventur,
3621 1011 3834 1062 cessat.

2183 1103 2325 1158 Inde
2357 1101 2439 1165 ﬁt,
2483 1103 2544 1154 ut
2575 1098 2764 1153 omnis
2797 1095 3204 1166 generationis,
3237 1101 3294 1150 et
3335 1101 3531 1151 motus
3569 1101 3625 1152 et
3650 1101 3840 1152 status

2187 1207 2386 1246 eorum
2445 1205 2570 1259 quae
2617 1191 2754 1242 sunt
2811 1185 3187 1257 principium,
3249 1185 3504 1240 medium
3567 1189 3624 1240 et
3682 1186 3842 1256 finis,

2189 1280 2311 1351 ipse
2361 1279 2510 1332 Deus
2561 1277 2657 1342 sit,
2687 1280 2966 1347 tanquam
3018 1291 3220 1330 eorum
3254 1291 3378 1346 qua
3409 1292 3478 1330 ex
3533 1275 3660 1346 ipso
3717 1287 3844 1332 orta

2189 1371 2325 1438 sint,
2364 1383 2493 1438 qum
2525 1383 2625 1436 per
2675 1366 2870 1436 ipsum
2923 1369 3283 1429 moveantur,
3317 1381 3449 1436 quae
3498 1365 3750 1435 denique
3782 1367 3843 1419 in

2189 1458 2316 1529 ipso
2365 1455 2745 1526 conquietura
2793 1453 3050 1522 sint,'ut
3097 1454 3196 1525 qui
3229 1453 3318 1508 vel
3351 1471 3584 1508 omnem
3647 1465 3843 1509 motus

2190 1547 2492 1601 deﬁnitam
2529 1543 2873 1599 infinitatem
2903 1542 3144 1598 definiat
3173 1548 3230 1597 et
3260 1543 3621 1598 determinet.

2260 1637 2313 1689 5.
2349 1634 2625 1705 Ejusdem
2673 1633 2828 1688 Deus
2875 1647 3063 1703 neque
3097 1631 3442 1703 intelligere,
3493 1647 3682 1703 neque
3741 1634 3840 1688 in-

2191 1723 2374 1795 telligi
2407 1722 2634 1794 proprie
2667 1721 2899 1790 dicitur,
2953 1737 3024 1774 ne
3059 1721 3202 1774 forte
3233 1720 3590 1792 compositus
3640 1722 3845 1778 existi-

2116 1819 2406 1899 Bmetur.
2463 1815 2524 1868 Id
2576 1813 2729 1868 enim
2787 1811 2938 1882 quod
2998 1809 3293 1882 intelligit,
3349 1825 3415 1866 ea
3477 1812 3842 1884 intelligendi

2197 1904 2473 1960 facultate
2505 1901 2807 1974 praeditum
2841 1904 2947 1963 est,
2981 1915 3108 1969 quas
3143 1916 3258 1954 una
3289 1915 3422 1954 cum
3467 1899 3592 1969 ipso
3626 1901 3850 1955 intelli-

2196 1998 2310 2064 gat,
2365 1993 2514 2063 quod
2566 1993 2763 2045 autem
2813 1987 3178 2060 intelligitur,
3223 2004 3291 2042 ea
3345 1989 3396 2041 vi
3431 2005 3545 2058 qua
3595 1989 3850 2060 intelligi

2197 2084 2398 2156 possit.
2427 2081 2543 2135 Nec
2590 2084 2785 2134 tamen
2829 2075 3206 2149 intelligentia
3239 2077 3474 2132 dicitur.
3521 2077 3854 2150 Intelligen-

2196 2174 2292 2229 tiaa
2323 2171 2478 2226 enim
2513 2167 2856 2224 naturaliter
2879 2167 2968 2220 vis
2995 2167 3123 2236 ejus
3155 2166 3482 2236 susceptiva
3513 2167 3848 2238 subjicitur.

2196 2264 2468 2333 Superest
2497 2274 2633 2331 ergo
2665 2273 2842 2328 super
2867 2255 2988 2311 haec
3021 2257 3239 2322 omnia,
3275 2259 3339 2310 ut
3373 2257 3420 2311 si
3453 2257 3652 2327 ipsum
3681 2257 3850 2312 intel-

2195 2351 2498 2425 ligentiam
2520 2348 2709 2402 dicere
2741 2361 3118 2417 nequeamus,
3139 2361 3265 2400 eam
3289 2345 3498 2400 saltem
3521 2345 3852 2416 intelligen-

2201 2443 2338 2498 tiam
2375 2455 2503 2495 esse
2533 2438 2816 2503 dicamus,
2849 2452 2975 2506 quae
3006 2434 3260 2489 essentia
3293 2433 3440 2504 ipsa,
3475 2440 3532 2488 et
3563 2435 3848 2488 duntaxat

2201 2527 2590 2601 intelligentia
2648 2525 2744 2593 sit,
2787 2541 2972 2595 eaque
3023 2524 3164 2580 adeo
3224 2539 3346 2594 qua:
3399 2523 3846 2596 intelligentiam

2203 2635 2438 2676 omnem
2471 2619 2790 2686 exsuperet.

2833 2740 2988 2795 CAP.
3021 2738 3216 2794 XVIII.

2203 2866 2265 2919 B.
2301 2861 2546 2933 Gregorii
2581 2859 2850 2933 Theologi,
2883 2873 2953 2914 ea:
2982 2873 3192 2933 magna
3217 2858 3461 2933 oratione
3487 2859 3846 2933 Apologetica.

2276 2929 2476 3006 [Quam
2505 2931 2732 3002 difﬁcile
2773 2933 2956 3006 .sit,_ut
2982 2929 3049 3006 ab
3100 2929 3565 3006 homine_terreno
3615 2931 3846 2983 caiestia

2657 3000 3197 3072 comprehendantur
3237 3000 3394 3071 (11).]

2277 3121 2469 3178 Altum
2501 3127 2590 3176 est
2631 3117 2867 3184 coelum,
2898 3121 3054 3172 terra
3091 3133 3224 3172 vero
3259 3117 3526 3188 depressa
3555 3121 3606 3169 et
3647 3115 3834 3170 humi-

2123 3201 2166 3266 C
2207 3211 2320 3267 lis:
2353 3211 2555 3281 ecquis
2603 3208 2896 3274 ascendet,
2929 3222 3126 3262 eorum
3181 3205 3242 3260 in
3295 3207 3513 3278 primis,
3557 3205 3654 3275 qui
3705 3220 3843 3276 pec-

2203 3305 2329 3356 cato
2361 3301 2496 3354 inde
2549 3297 2754 3368 dejeeti
2787 3295 2970 3351 sunt?
2999 3295 3143 3359 Quis
3173 3295 3282 3350 hac
3315 3300 3540 3350 terrena
3568 3294 3846 3366 caligine,

2203 3389 2515 3459 carnisque
2573 3385 2838 3442 crassitie
2869 3385 3059 3440 adhuc
3122 3386 3429 3455 obductus,
3479 3389 3598 3439 tota
3651 3389 3846 3440 mente

2203 3495 2346 3552 pure
2373 3478 2618 3544 obtueri,
2653 3483 2822 3546 atque
2853 3477 2924 3530 iis
2958 3475 3193 3530 misceri
3241 3476 3472 3546 poterit,
3505 3491 3636 3546 quae
3673 3476 3862 3530 obtir-‘

2204 3573 2364 3624 mata
2387 3571 2627 3622 manent
2646 3565 3081 3636 invisibiliaque
3099 3567 3258 3632 sunt,
3279 3565 3540 3636 quandiu
3559 3566 3684 3636 ipse
3701 3566 3850 3620 inter

2203 3658 2304 3713 illa
2329 3657 2598 3722 manebit,
2615 3673 2742 3726 quae
2763 3656 2998 3710 inﬁrma
3019 3659 3156 3710 sunt
3177 3663 3229 3710 et
3248 3655 3432 3710 oculis
3451 3655 3852 3725 objiciuntur?

2203 3746 2314 3800 Vix
2343 3747 2523 3812 enim,
2553 3761 2617 3799 ac
2652 3761 2724 3798 ne
2753 3745 2840 3798 vix
2874 3744 3133 3815 quidem,
3167 3760 3368 3798 eorum
3397 3744 3718 3814 quispiam,
3753 3743 3850 3814 qui

2203 3835 2299 3890 hic
2331 3841 2674 3906 perpurgato
2709 3836 2765 3887 et
2797 3834 3075 3887 defaecato
3107 3832 3299 3887 animo
3345 3837 3507 3889 sunt.
3540 3833 3626 3887 vel
3663 3833 3848 3888 solum

2204 3925 2340 3980 boni
2373 3923 2593 3978 idolum
2643 3929 2846 3978 contra
2875 3923 3101 3978 obtueri
3133 3931 3320 3992 queat,
3355 3923 3850 3992 quemadmodum

2205 4014 2244 4068 ii
2277 4013 2376 4084 qui
2411 4013 2592 4068 solem
2625 4013 2684 4067 in
2717 4011 2889 4083 aquis
2921 4011 3420 4082 contemplantur.
3473 4011 3612 4076 Quis
3645 4027 3850 4081 aquam

2205 4119 2380 4157 manu
2407 4103 2706 4156 dimensus
2727 4105 2835 4166 est,
2869 4109 2920 4154 et
2939 4101 3148 4154 coelum
3179 4101 3464 4170 palmo,et
3481 4105 3694 4155 terram
3722 4100 3852 4154 uni-

2205 4207 2430 4246 versam
2449 4190 2668 4262 pugillo
2687 4189 2859 4260 ‘Iquis
2879 4193 3108 4244 montes
3136 4188 3623 4260 lance,vallesque
3643 4193 3852 4243 statera

2206 4279 2532 4352 appendit?
2563 4279 2692 4350 quis
2725 4279 2820 4332 ille
2852 4279 3013 4334 locus
3059 4279 3188 4346 erit,
3223 4279 3280 4332 in
3333 4295 3446 4349 quo
3479 4278 3850 4349 requiescet?

2205 4372 2415 4440 cuique
2446 4371 2588 4425 adeo
2621 4369 2680 4422 in
2713 4369 2820 4424 hac
2870 4383 3065 4424 rerum
3099 4369 3475 4423 universitate
3518 4368 3732 4424 similis
3765 4367 3848 4422 di-

2205 4459 2415 4515 cetur?
2445 4459 2585 4521 Quis
2616 4458 2815 4513 omnia
2859 4459 3034 4512 verbo
3066 4458 3302 4524 creavit,
3351 4457 3642 4528 sapientia
3671 4457 3849 4512 homi-

453 4549 784 4617 exsuperat,
829 4548 892 4598 ut
931 4541 1028 4612 qui
1063 4540 1328 4612 simplex,
1385 4539 1510 4594 sine
1571 4537 1873 4609 principio,
1923 4541 2090 4607 atque

2207 4565 2340 4606 nem
2359 4549 2715 4616 formavit,in
2741 4563 2922 4601 unum
2945 4563 3010 4602 ea
3029 4563 3153 4616 quae
3178 4547 3472 4616 disjuncta
3487 4547 3652 4618 prius
3670 4551 3850 4615 erant,

451 4637 628 4694 etiam
661 4651 860 4690 eorum
895 4649 1022 4703 quae
1055 4633 1196 4686 sunt
1227 4628 1577 4700 principium
1609 4628 1864 4682 exsistat.

521 4727 573 4780 4.
609 4724 904 4794 Ejusdem.
934 4719 1088 4776 Nihil
1121 4735 1322 4773 eorum
1349 4733 1473 4788 quae
1505 4721 1642 4771 sunt
1663 4733 1763 4788 per
1794 4732 1850 4771 se
1877 4716 2094 4770 factum

450 4821 558 4886 est,
592 4814 750 4885 quod
777 4817 970 4870 autem
1022 4825 1120 4881 per
1153 4825 1214 4862 se
1259 4807 1482 4861 factum
1517 4823 1632 4862 non
1663 4809 1872 4874 est,'ne
1921 4821 2098 4860 causa

453 4905 690 4974 quidem
721 4905 896 4966 caret,
920 4899 1074 4970 quod
1108 4901 1303 4952 autem
1337 4912 1514 4950 causa
1539 4911 1652 4949 non
1684 4899 1863 4960 caret,
1898 4895 2100 4948 immo-

455 4991 568 5044 bile
599 5007 714 5044 non
747 4996 854 5056 est,
889 4989 1044 5059 quod
1096 5002 1229 5040 vero
1263 4985 1562 5040 immobile
1595 5001 1710 5039 non
1759 4987 1867 5052 est,
1903 4999 2096 5037 move-

455 5087 552 5134 tur
589 5093 654 5132 ea
705 5094 942 5147 prorsus
997 5094 1212 5145 causa;
1260 5093 1387 5147 quae
1439 5079 1596 5130 motu
1651 5073 1906 5130 naturali
1951 5073 2015 5127 ﬁt
2067 5089 2100 5127 a

457 5182 630 5221 causa
713 5173 946 5236 propter
1001 5183 1200 5236 quam,
1281 5170 1337 5220 et
1421 5163 1496 5218 ad
1578 5180 1754 5233 quam
1835 5168 2101 5217 movetur

455 5255 764 5325 (siquidem
825 5269 1026 5308 eorum
1096 5271 1222 5322 quae
1283 5261 1582 5309 moventur
1649 5251 1793 5308 nihil
1863 5253 2100 5306 omnino

453 5345 538 5398 ita
587 5346 991 5412 comparatum
1052 5348 1160 5406 est,
1222 5350 1280 5396 ut
1335 5343 1460 5397 sine
1519 5358 1696 5396 causa
1757 5341 2096 5412 moveatur).

457 5430 661 5484 Omnis
719 5434 914 5484 autem
974 5430 1260 5484 naturalis
1323 5436 1514 5486 motus
1574 5431 1950 5502 principium,
2005 5447 2102 5485 eo-

528 5545 595 5578 ²⁵⁹
622 5546 774 5604 Eccl.
803 5565 878 5603 v11
910 5545 955 5580 ³⁸
987 5543 1138 5599 Eccl.
1171 5561 1209 5599 ι.

527 5667 638 5737 (lt)
667 5671 808 5728 Vide
842 5667 1190 5734 Patrologiw.
1221 5671 1362 5723 tom.
1396 5668 1618 5736 XXXV,
1653 5669 1763 5725 col.
1795 5671 1920 5724 481.

2207 4637 2467 4706 adduxit,
2519 4637 2728 4691 limum
2761 4636 3013 4706 spiritui,
3047 4651 3146 4690 seu
3179 4634 3322 4690 coelo
3369 4640 3585 4690 terram
3622 4635 3856 4691 commi-

2209 4729 2380 4794 scuit,
2413 4726 2628 4782 animal
2663 4725 2911 4796 denique
2951 4724 3180 4779 visibile
3211 4733 3264 4778 et
3294 4724 3588 4779 invisibile
3623 4725 3852 4780 mortale

2208 4821 2266 4872 et
2323 4814 2673 4880 immortale,
2723 4817 3017 4868 terrenum
3079 4819 3135 4868 et
3191 4811 3422 4868 caeleste
3479 4813 3852 4885 composuit?

2209 4906 2484 4976 quodque
2515 4905 2655 4958 adeo
2677 4903 2860 4958 Deum
2893 4903 3222 4973 attingeret,
3245 4919 3352 4957 nec
3377 4901 3848 4974 amplecteretur,

2209 4996 2563 5068 propiusque
2611 4994 2680 5047 ad
2730 5009 2864 5046 eum
2917 4993 3230 5055 accederet,
3281 4990 3483 5060 procul
3541 4997 3738 5048 tamen
3787 4993 3852 5046 ab

2210 5085 2414 5140 eodem
2448 5083 2854 5152 sejungeretur
2877 5081 2903 5134 ?
2934 5081 3058 5135 Dixi
3087 5098 3100 5136 :
3125 5080 3354 5150 Sapiens
3383 5080 3634 5150 evadam,
3667 5081 3856 5153 inquit

2212 5172 2508 5239 Salomon,
2553 5180 2603 5226 et
2635 5171 2758 5241 ipsa
2787 5169 2976 5240 procul
3013 5187 3048 5225 α
3103 5185 3190 5224 mc
3223 5169 3464 5236 recessit,
3501 5175 3667 5242 atque
3695 5175 3854 5227 etiam

2213 5265 2428 5333 longius
2479 5279 2642 5332 quam
2691 5263 2854 5314 antea
2889 5258 2978 5312 π’.
3011 5257 3236 5322 Quibus
3263 5259 3456 5314 verbis
3507 5261 3856 5330 sapientiam

2211 5350 2503 5420 intelligit.
2543 5350 2712 5419 Isque
2763 5363 2820 5402 re
2851 5363 3006 5416 vera,
3040 5349 3132 5418 qui
3177 5347 3467 5402 scientiam
3497 5351 3717 5418 adiicit,
3757 5349 3860 5402 ad-

2211 5441 2402 5510 jicitet
2432 5439 2670 5493 dolorem
2699 5436 2876 5490 25.1ta
2907 5440 2970 5490 ut
3001 5451 3112 5490 non
3150 5436 3338 5506 magis
3371 5435 3721 5504 oblectatur,
3757 5438 3860 5507 qui
