4090 6298
339 383 495 445 1145

1674 371 2074 432 THESAURI
2118 368 2268 429 LIB.
2312 369 2388 428 Il.

3584 361 3744 421 1146

325 534 453 574 eam
497 516 731 585 delegit,
786 529 961 582 quam
1015 509 1414 575 contristetur,
1448 508 1547 578 qui
1599 504 1986 576 praetermisit.
2020 506 2071 570 Α
2099 503 2163 556 Et
2195 501 2492 572 Seraphin:
2521 500 2744 554 stabant
2777 497 2835 551 in
2889 497 3132 550 circuitu
3180 495 3320 560 eius,
3342 510 3437 549 sex
3468 495 3576 550 αἰῶ
3612 511 3689 550 un
3716 535 3733 566 ,

331 611 490 676 Quod
541 609 775 680 quidem
827 605 898 661 iis
959 602 1268 658 usuvenire
1327 599 1492 668 solet,
1527 599 1740 669 quibus
1791 596 1978 652 adhuc

326 700 660 757 sitientibus
694 696 948 768 scyphus
970 710 1000 748 e
1028 691 1298 747 manibus
1318 694 1578 746 extortus
1610 693 1736 744 est:
1763 687 1849 742 vel
1885 687 1978 755 iis,

336 791 436 862 qui
469 786 737 860 quamvis
795 783 1092 841 continere
1142 780 1278 852 quid
1329 783 1641 851 nequeant,
1674 794 1735 832 se
1784 781 1979 832 tamen

333 881 548 934 habere
601 875 998 932 arbitrantur:
1051 875 1150 925 aut
1186 886 1334 940 quos
1387 869 1645 939 fulgetras
1703 865 1982 936 splendor

333 967 611 1034 deseruit,
636 980 768 1019 cum
795 962 1046 1034 primum
1081 958 1320 1013 aﬂ’ulsit.
1347 958 1474 1012 Haec
1505 972 1596 1011 me
1626 957 1978 1025 cogitantem

332 1057 477 1112 ratio
511 1053 758 1120 dimisit,
792 1050 1288 1122 abjectioremque
1320 1046 1592 1112 reddidit,
1626 1051 1800 1114 atque
1843 1044 1978 1098 effe-

327 1148 424 1211 cit,
458 1149 515 1200 ut
561 1143 704 1198 mihi
761 1140 1195 1213 persuaderetn,
1252 1151 1474 1191 mecum
1527 1134 1737 1189 melius
1786 1137 1978 1188 actum

323 1235 416 1301 iri,
452 1235 497 1289 si
552 1247 751 1287 vocem
787 1227 1138 1283 laudationis
1172 1225 1429 1289 audiam,
1465 1240 1643 1295 quam
1693 1223 1739 1278 si
1776 1237 1974 1276 eorum

330 1337 422 1378 me
454 1323 749 1376 doctorem
781 1317 1072 1389 proﬁtear,
1093 1331 1216 1384 quas
1242 1312 1390 1367 vires
1424 1328 1584 1366 meas
1603 1315 1972 1381 exsuperant.

330 1412 625 1481 Majestas,
669 1407 938 1471 altitudo,
989 1403 1262 1474 dignitas,
1300 1418 1455 1472 puras
1503 1401 1756 1471 denique
1808 1399 1974 1455 coale-

334 1505 571 1570 stesque
603 1502 828 1551 naturae
859 1494 952 1548 vix
982 1491 1346 1548 claritudinis
1377 1490 1476 1545 Dei
1518 1506 1758 1561 capaces
1816 1496 1974 1555 sunt,

325 1589 423 1659 qui
487 1587 696 1658 abysso
757 1583 1105 1652 contegitur,
1168 1581 1657 1650 tenebrarumque
1709 1576 1975 1633 latibulis

320 1677 629 1740 delitescit,
663 1689 795 1728 cum
840 1670 1224 1743 purissimum
1275 1669 1352 1723 sit
1403 1668 1601 1722 lumen
1655 1667 1973 1736 maiorique

319 1767 629 1822 hominum
661 1766 805 1836 parti
823 1765 1208 1818 inaccessum.
1228 1759 1527 1828 Siquidem
1549 1763 1601 1813 et
1622 1758 1756 1812 huic
1777 1775 1968 1812 rerum

2091 601 2142 646 et
2160 607 2256 646 sex
2303 591 2412 646 ala?
2441 589 2622 644 alteri.
2654 589 2899 655 Quarum
2957 585 3170 639 duabus
3201 585 3375 654 facies
3404 600 3530 638 sua:
3590 593 3734 656 tege-

2092 680 2242 746 bant,
2275 687 2326 734 et
2370 679 2579 734 duabus
2607 678 2798 748 pedes:
2853 675 3065 729 duabus
3117 673 3351 744 denique
3383 673 3654 742 volabant,
3690 684 3741 730 et

2092 771 2235 824 inter
2280 783 2337 823 se
2377 769 2713 832 clamabant,
2763 766 3020 830 Sanctus,
3054 763 3306 828 Sanctus,
3355 763 3607 830 Sanetus,
3642 765 3741 819 Do-

2090 857 2279 912 minus
2311 856 2548 911 Sabaoth
2567 852 2958 924 3’.Seraphim
2994 851 3191 907 oculos
3225 856 3516 920 avertunt,
3548 862 3603 907 et
3634 854 3740 907 du-

2091 945 2263 1017 plicis
2297 945 2448 1000 muri
2481 944 2604 999 loco
2636 942 2758 998 alas
2820 942 3225 1014 praetendunt:
3261 941 3404 1011 quia
3465 942 3744 998 nimirum

2089 1034 2463 1105 splendorem
2497 1032 2662 1088 illum
2700 1031 2848 1086 ferre
2890 1047 3001 1085 non
3037 1034 3309 1100 possunt,
3343 1029 3441 1100 qui
3496 1045 3565 1084 ex
3609 1029 3741 1084 solii

2090 1125 2298 1195 gloria,
2327 1122 2414 1178 vel
2449 1123 2518 1177 ad
2555 1126 2834 1176 terrorem
2879 1137 3086 1186 usque,
3121 1119 3394 1173 diradiat.
3429 1121 3619 1189 Atque
3648 1135 3740 1187 pe-

2091 1215 2192 1266 des
2225 1211 2528 1281 obtegunt,
2564 1226 2678 1280 pra!
2729 1213 2984 1279 stupore.
3021 1211 3104 1262 Ila
3158 1207 3311 1262 enim
3365 1212 3572 1261 natura
3632 1225 3736 1262 nos

2089 1316 2320 1372 quoque
2350 1300 2669 1371 comparati
2703 1314 2926 1362 sumus,
2959 1298 3006 1350 si
3038 1297 3271 1368 quando
3305 1313 3408 1351 nos
3448 1297 3736 1352 maximus

2087 1389 2300 1460 aliquis
2346 1394 2568 1459 stupor,
2605 1395 2699 1442 aut
2743 1386 3053 1441 admiratio
3111 1386 3367 1450 invadat,
3403 1390 3468 1440 ut
3525 1401 3736 1456 corpus

2086 1478 2344 1549 undique
2378 1477 2810 1534 contrahemus.
2848 1479 2970 1540 Quo
3002 1476 3240 1546 quidem
3302 1475 3578 1546 temporis
3613 1491 3735 1530 mo-

2087 1573 2281 1622 mento
2329 1567 2526 1622 anima
2553 1582 2785 1639 quoque
2829 1564 2983 1620 idem
3043 1580 3338 1636 perpessa,
3374 1573 3427 1618 et
3477 1565 3545 1618 ab
3606 1564 3739 1620 aliis

2081 1673 2206 1725 quae
2237 1656 2598 1710 extrinsecus
2630 1660 2687 1710 et
2719 1655 2778 1708 in
2811 1657 2939 1708 cute
2990 1659 3272 1723 apparent
3303 1653 3566 1708 actiones
3598 1670 3734 1708 suas

2082 1746 2458 1809 contrahens,
2483 1745 2553 1799 ad
2587 1745 2863 1800 interiora
2879 1743 3159 1813 confugit.
3215 1746 3462 1814 Ipsoque
3494 1759 3732 1813 corpore

327 1855 697 1912 universitate
729 1854 899 1918 inest,
934 1855 990 1905 et
1012 1856 1173 1904 extra
1204 1866 1397 1904 rerum
1426 1849 1861 1902 universitatem
1882 1863 1972 1901 ex-
2007 1861 2050 1924 Β
2083 1851 2196 1888 Ποῦ
2230 1850 2423 1924 Αεθουῆ
2468 1839 2642 1904 atque
2693 1832 3127 1904 Ρτορυεςηθουὶο
3178 1833 3428 1902 QUOdam
3480 1831 3727 1886 οίνουῐη·

328 1944 649 2007 currit.Qui
678 1942 904 1996 bonitas
925 1945 1013 1994 est
1035 1939 1324 2007 universa,
1343 1939 1457 1992 imo
1482 1937 1701 1991 nullam
1730 1952 1843 1989 non
1872 1936 1968 1990 bo-

323 2035 565 2088 nitatem
585 2033 914 2101 exsuperat.
939 2029 1047 2093 Qui
1081 2027 1263 2082 menti
1297 2027 1494 2082 lumen
1525 2025 1972 2096 suggerit,men-

316 2124 510 2192 tisque
539 2120 903 2196 velocitatem
936 2123 993 2172 et
1027 2116 1448 2172 sublimitatem
1479 2114 1703 2186 effugit,
1739 2118 1968 2168 tantum

313 2227 544 2282 semper
572 2210 870 2274 secedens,
905 2210 1190 2278 quantum
1227 2203 1766 2275 comprehenditur,
1799 2211 1969 2272 atque

315 2306 635 2355 amatorem
669 2299 740 2352 ad
774 2297 1080 2368 superiora
1113 2294 1389 2364 fugiendo
1421 2292 1757 2356 sublevans,
1790 2307 1968 2361 seque

315 2390 509 2461 ipsum
560 2387 728 2460 quasi
782 2385 982 2440 furtim
1017 2383 1396 2438 subducendo
1448 2381 1964 2450 comprehendens.

962 2495 1116 2546 CAP.
1175 2489 1322 2544 XIX.

318 2585 702 2658 Chrysostomi,
735 2599 804 2639 ea:
845 2581 1007 2658 libro,
1060 2580 1132 2633 De
1159 2595 1218 2633 eo
1249 2579 1410 2658 q_uod_
1430 2578 1814 2658 comprehendi
1857 2593 1967 2658 non

385 2650 574 2728 potest.
607 2656 693 2727 [Si
732 2651 1438 2728 sapientianeomprehendi
1482 2659 1743 2722 nequeat,
1792 2650 1964 2704 multo

387 2724 570 2784 minus
602 2724 812 2782 natura
835 2724 1082 2796 poterit]

391 2817 699 2882 Mirabilis,
732 2813 946 2884 inquit,
993 2814 1146 2882 facta
1176 2817 1256 2865 est
1283 2811 1521 2866 scientia
1578 2818 1674 2864 tua
1731 2825 1801 2865 ex
1856 2825 1964 2879 me,

317 2906 564 2962 exaltata
605 2912 707 2970 est,
739 2913 790 2957 et
841 2917 950 2955 non
996 2909 1178 2972 potero
1228 2899 1296 2954 ad
1343 2915 1465 2954 eam
1513 2899 1574 2953 '7.
1629 2902 1705 2953 Ea
1734 2906 1820 2954 est
1872 2916 1968 2954 sa-

316 2993 548 3066 pientia:
590 2992 793 3047 divinae
845 2989 1234 3062 profunditas,
1288 2990 1441 3043 utin
1475 3004 1542 3043 ea
1589 2989 1965 3059 exprimenda

317 3083 602 3154 Propheta
625 3080 904 3152 vertigine
937 3079 1190 3150 quadam
1221 3078 1482 3132 laborare
1514 3078 1790 3133 videatur.
1827 3077 1964 3142 Quis

311 3190 402 3238 eo,
445 3168 663 3242 quaeso,
697 3169 1042 3225 temeritatis
1088 3167 1395 3238 prolapsus
1445 3170 1553 3234 est,
1603 3171 1667 3220 ut
1699 3173 1957 3220 naturam

311 3261 410 3316 Dei
465 3260 576 3316 sibi
626 3258 915 3328 cognitam
973 3261 1030 3312 et
1078 3261 1437 3327 perspectam
1489 3255 1675 3310 dicere
1727 3255 1958 3323 audeat,

314 3350 602 3406 dicentis:
646 3351 855 3403 Incerta
907 3351 959 3401 et
991 3347 1196 3401 occulta
1246 3347 1540 3415 sapientiae
1571 3353 1677 3399 tua:
1724 3344 1962 3415 manife-

310 3442 440 3495 διαίί
495 3439 635 3493 mihi
671 3437 740 3470 27'
770 3436 798 3490 ?
851 3435 1174 3490 clamantis.
1227 3434 1525 3505 Sapientiae
1567 3436 1686 3504 ejus
1743 3450 1852 3488 non
1882 3439 1960 3488 est

309 3545 571 3583 numerus
622 3527 687 3592 2⁸,
723 3543 824 3580 seu
860 3524 1301 3595 comprehensio
1324 3523 1351 3577 ‘I
1379 3529 1435 3578 et
1483 3524 1540 3578 in
1575 3527 1790 3578 tantam
1827 3524 1957 3594 quis

309 3617 614 3673 audaciam
659 3619 1019 3687 prorumpat,
1055 3621 1114 3667 ut
1175 3613 1243 3668 de
1298 3620 1522 3681 natura,
1556 3630 1683 3683 quin
1715 3630 1748 3667 a
1797 3613 1957 3667 nullo

309 3705 729 3778 comprehendi
763 3709 973 3776 potest,
1021 3703 1338 3774 quidquam
1380 3702 1676 3757 afﬁrmare
1708 3703 1959 3756 audeat?

312 3797 459 3862 Quid
513 3796 599 3850 ais
626 3794 652 3848 ?
698 3794 920 3848 Fierine
973 3793 1202 3862 poterit,
1236 3796 1301 3845 ut
1339 3808 1473 3845 cum
1513 3791 1613 3845 Dei
1673 3791 1958 3860 sapientia

309 3883 724 3956 comprehendi
767 3900 876 3937 non
913 3882 1116 3952 possit,
1152 3881 1413 3950 ejusdem
1457 3885 1666 3934 natura
1697 3896 1955 3950 compre-

308 3973 646 4030 hendatur?
678 3972 953 4040 Majestas
985 3971 1109 4039 ejus
1140 3969 1371 4022 inﬁnita
1402 3973 1509 4036 est,
1545 3973 1601 4024 et
1642 3970 1954 4023 essentiam

308 4069 435 4135 ejus
468 4059 917 4118 circumscrib‘es
940 4060 966 4114 ?
1021 4059 1125 4114 hoc
1158 4061 1310 4113 certe
1344 4059 1493 4112 facto
1525 4061 1745 4112 certam
1797 4058 1956 4113 insa—

310 4154 469 4208 niam
503 4155 666 4205 tuam
702 4149 924 4220 prodis.

379 4243 434 4295 2.
493 4240 793 4309 Ejusdem.
850 4236 1054 4309 Angeli
1115 4240 1336 4291 tantum
1389 4234 1755 4307 gloriﬁcent,
1817 4235 1952 4307 alii,

313 4331 498 4386 Gloria
551 4328 611 4382 in
641 4327 866 4382 excelsis
901 4328 1010 4381 Deo
1041 4326 1105 4393 ’9,
1149 4325 1447 4380 dicentes:
1508 4324 1628 4394 alii,
1666 4325 1954 4381 Benedicta

305 4419 487 4491 gloria
531 4419 646 4485 eius
675 4433 742 4472 ex
774 4418 885 4472 loco
915 4419 1104 4470 sancto
1133 4416 1248 4486 ejus
1277 4414 1343 4480 ³ο,
1378 4415 1432 4469 id
1467 4418 1573 4483 est,
1623 4415 1954 4486 ubicunque

309 4511 386 4564 sit
418 4507 550 4562 ille:
582 4522 766 4577 neque
797 4505 952 4560 enim
986 4505 1100 4559 Deo
1133 4504 1295 4558 locus
1328 4503 1682 4575 assignatur,
1717 4520 1847 4558 cum
1875 4504 1954 4558 di-

2080 1922 2361 1978 munitur.
2395 1923 2519 1978 Jam
2569 1928 2819 1993 quatuor
2849 1921 3072 1976 alarum
3107 1938 3276 1975 usum
3327 1921 3477 1974 nosti
3510 1925 3726 1974 caetera}

2075 2012 2214 2082 quid
2249 2013 2358 2067 sibi
2393 2011 2592 2077 velint,
2639 2011 2872 2081 accipe:
2907 2010 3147 2075 Duabus,
3201 2010 3412 2080 inquit,
3447 2009 3722 2064 volabant.

2078 2102 2192 2155 Hoc
2224 2100 2439 2155 indicio
2473 2101 2544 2154 ad
2577 2099 2854 2154 sublimia
2884 2115 3115 2167 semper
3163 2098 3440 2168 aspirare,
3476 2115 3578 2152 nec
3613 2116 3720 2152 un-

2077 2207 2252 2260 quam
2305 2190 2580 2245 deorsum
2626 2188 2824 2243 oculos
2857 2189 3158 2242 deflectere
3204 2191 3448 2242 constat.
3482 2187 3720 2242 Alarum

2075 2281 2228 2335 enim
2263 2278 2560 2333 involucro
2609 2278 2880 2348 angelica:
2915 2285 3128 2330 naturae
3170 2275 3502 2330 sublimitas
3542 2281 3599 2330 et
3629 2292 3724 2330 ve-

2076 2368 2278 2423 locitas
2333 2368 2738 2438 designantur.
2775 2367 2875 2421 Est
2919 2383 3050 2421 vero
3103 2366 3217 2419 alia
3273 2382 3504 2436 quoque
3553 2366 3722 2420 ratio.

2075 2458 2239 2522 Quod
2258 2458 2411 2512 enim
2445 2455 2552 2511 alis
2576 2456 2804 2511 duabus
2835 2456 3394 2526 caput,duabusque
3418 2455 3587 2524 pedes
3621 2454 3722 2508 ob-

2075 2548 2368 2618 tegebant,
2425 2562 2490 2600 eo
2541 2545 2893 2617 principium
2948 2549 3002 2598 et
3035 2543 3210 2598 ﬁnem
3264 2543 3484 2598 nullius
3535 2543 3720 2599 oculis

2072 2642 2292 2706 patere,
2319 2635 2590 2705 nullaque
2618 2634 3028 2704 disquisitione
3052 2632 3313 2703 indagari
3347 2649 3517 2702 posse
3539 2632 3719 2704 signi-

2075 2725 2344 2780 ﬁcabant.
2367 2725 2690 2779 Mediarum
2714 2739 2881 2793 porro
2913 2724 3138 2776 alarum
3163 2721 3403 2792 remigio
3423 2719 3715 2787 volabant,

2075 2819 2138 2869 ut
2171 2813 2278 2869 hoc
2309 2813 2524 2869 indicio
2552 2814 2624 2868 de
2651 2811 2824 2866 rebus
2849 2811 3053 2866 mediis
3085 2810 3540 2881 disputationem
3566 2811 3722 2865 theo-

2073 2903 2320 2975 logicam
2368 2903 2679 2957 ineundam
2729 2917 2855 2956 esse
2889 2901 3182 2966 docerent,
3233 2899 3509 2954 nimirum
3563 2901 3717 2971 quod

2073 2993 2229 3048 Deus
2261 2994 2359 3061 sit,
2395 2992 2550 3063 quod
2604 2991 2860 3062 sapiens,
2895 2991 3047 3061 quod
3081 2990 3471 3061 omnipotens,
3521 2994 3580 3044 et
3610 3006 3718 3044 c.12-

2073 3086 2195 3136 tera
2226 3081 2280 3134 id
2314 3097 2521 3152 genus.
2555 3081 2623 3134 Et
2652 3079 2960 3134 clamabant
2989 3082 3136 3133 inter
3164 3094 3258 3133 se:
3292 3077 3542 3146 Sanetus,
3574 3079 3716 3133 San-

2071 3180 2202 3236 ctus,
2234 3170 2488 3237 Sanctus,
2543 3167 2803 3225 Dominus
2845 3168 3108 3225 Sabaoth.
3139 3172 3259 3222 Hoc
3301 3167 3500 3238 utique
3531 3167 3716 3221 admi-

2075 3261 2318 3317 rationis
2395 3260 2726 3332 symbolum
2785 3265 2892 3330 est,
2959 3259 3277 3330 praesertim
3337 3275 3470 3314 cum
3530 3275 3717 3329 neque

2074 3348 2275 3403 lumen
2357 3348 2576 3420 ipsum,
2637 3365 2826 3419 neque
2885 3348 3147 3403 divinam
3203 3355 3472 3402 naturam
3524 3347 3717 3402 intue-

2074 3443 2294 3493 rentur.
2329 3438 2440 3493 Sed
2493 3455 2560 3492 eo
2618 3437 2719 3492 illa
2781 3455 2909 3509 quas
2963 3437 3331 3502 videbantur,
3383 3454 3444 3492 se
3503 3437 3717 3491 demit-

2072 3527 2308 3581 tebant:
2344 3543 2447 3580 nec
2477 3529 2670 3580 tamen
2705 3525 2938 3581 illorum
2974 3543 3099 3596 qua
3131 3542 3196 3579 eo
3243 3541 3304 3579 se
3334 3525 3718 3580 demittebant

2073 3615 2315 3687 gloriam
2367 3617 2510 3670 ferre
2560 3619 2848 3686 poterant.
2885 3616 2958 3668 Eo
3008 3614 3160 3669 enim
3195 3629 3255 3668 se
3305 3613 3716 3682 demittebant,

2073 3704 2227 3774 quivd
2275 3704 2331 3758 in
2366 3720 2474 3757 sua
2523 3707 2736 3757 natura
2789 3721 2902 3758 non
2949 3703 3306 3768 viderentur,
3341 3702 3440 3756 sed
3494 3719 3596 3772 pro
3626 3719 3712 3757 rc-

2071 3793 2442 3864 spicientium
2472 3791 2890 3848 imbecillitatis
2925 3793 3160 3848 modulo
3183 3795 3273 3846 sui
3297 3792 3717 3846 manifestatio-

2071 3899 2202 3936 nem
2246 3881 2674 3935 dimetirentur.
2728 3881 2901 3936 Porro
2933 3888 3087 3952 quod
3121 3897 3185 3936 eo
3236 3897 3297 3935 se
3349 3881 3712 3951 demiserint,

2069 3969 2156 4024 vel
2187 3987 2253 4023 ex
2285 3970 2431 4040 ipsis
2466 3969 2776 4040 Scripturze
2802 3969 2996 4023 verbis
3032 3969 3399 4039 perspicuum
3433 3973 3558 4023 est:
3597 3970 3718 4025 Vidi

2069 4059 2249 4123 enim,
2283 4059 2386 4125 ait,
2424 4060 2745 4113 Dominum.
2773 4065 2847 4113 At
2879 4075 3007 4113 vero
3044 4064 3217 4113 Deum
3257 4074 3413 4113 nemo
3435 4058 3573 4112 vidit
3606 4075 3714 4112 uu-

2070 4166 2255 4220 quam,
2292 4148 2391 4220 qui
2427 4149 2738 4219 t'orma,qui
2764 4149 3107 4220 quantitate,
3137 4148 3236 4221 qui
3259 4149 3512 4220 denique
3534 4149 3716 4220 quali-

2072 4243 2183 4294 tate
2202 4246 2412 4294 careat.
2431 4237 2572 4301 Quis
2595 4237 2702 4292 hoc
2727 4239 2846 4293 ait?
2869 4239 3309 4310 Unigenitus,qui
3337 4239 3485 4294 sedet
3510 4241 3566 4294 in
3590 4243 3717 4294 sinu

2070 4330 2280 4396 Patris,
2304 4329 2415 4398 ipse
2445 4329 2729 4382 enarravit
2757 4327 2824 4383 ⁸³.
2859 4327 3077 4382 Deinde
3107 4328 3344 4398 subjicit
3368 4345 3380 4383 :
3408 4329 3713 4384 Sedentem.

2070 4421 2140 4472 At
2171 4434 2302 4473 vero
2358 4417 2511 4472 Deus
2567 4432 2757 4487 neque
2815 4417 2994 4482 sedet,
3031 4434 3214 4487 neque
3269 4424 3402 4473 stat.
3438 4418 3503 4472 Hi
3555 4419 3711 4472 enim

2069 4505 2305 4560 habitus
2333 4505 2676 4577 corporibus
2708 4509 3068 4575 competunt.
3103 4508 3247 4558 Tum
3283 4505 3611 4558 subinfert:
3646 4508 3712 4558 In

306 4597 520 4654 vinitas
578 4594 976 4652 circumscribi
1038 4609 1150 4648 non
1210 4593 1430 4664 possit:
1494 4592 1631 4662 alii,
1689 4595 1954 4662 Sanctus,
1995 4595 2225 4662 Dsolio,
2278 4601 2337 4649 at
2394 4595 2540 4649 solio
2573 4599 2726 4649 Deus
2785 4608 3153 4664 nequaquam
3206 4591 3712 4648 circumcluditur.

309 4688 561 4753 Sanctus,
595 4685 852 4749 Sanctus,
889 4683 1150 4737 Dominus
1180 4681 1418 4737 Sabaoth
1449 4682 1517 4736 3‘.
1552 4681 1829 4737 Homines
1862 4701 1959 4736 au-

304 4782 426 4833 tem
457 4776 516 4829 in
547 4774 709 4828 illius
741 4780 948 4827 natura
972 4770 1414 4843 pervestiganda
1442 4769 1573 4842 plus
1607 4787 1770 4842 aequo
1795 4771 1956 4826 solli-

308 4865 407 4920 citi
442 4870 596 4918 sunt.
633 4864 891 4926 Quantus
946 4862 1070 4929 ejus
1122 4860 1298 4916 timor
1327 4878 1526 4931 supra,
1578 4865 1775 4914 tantus
1806 4860 1960 4914 inl‘ra

306 4956 678 5021 contemptus
702 4954 810 5020 est,
828 4965 1012 5019 usque
1031 4949 1174 5004 adeo
1199 4949 1283 5004 illi
1302 4965 1511 5020 magna
1525 4966 1656 5004 cum
1678 4948 1957 5020 religione

303 5039 682 5104 benedicunt,
718 5037 772 5091 hi
806 5036 1118 5093 temeraria
1149 5039 1484 5094 curiositate
1517 5039 1802 5094 laborant.

373 5131 427 5186 3.
472 5127 758 5199 Ejusdem.
792 5127 920 5180 Alio
964 5126 1088 5182 loco
1121 5127 1300 5183 Isaias
1351 5127 1561 5199 inquit,
1615 5129 1736 5183 Vidi
1773 5129 1954 5183 Domi-

300 5239 436 5278 num
479 5217 752 5274 sedentem
783 5217 840 5270 in
872 5216 1012 5271 solio
1060 5218 1179 5272 alto
1218 5228 1380 5289 atque
1417 5221 1648 5288 excelso,
1683 5235 1749 5273 eo
1782 5218 1954 5272 nimi-

299 5329 428 5368 rum
463 5309 561 5381 qui
616 5305 1026 5378 comprehendi
1080 5321 1191 5361 non
1247 5313 1454 5378 potest.
1487 5309 1630 5362 Cum
1675 5324 1810 5378 ergo
1860 5325 1955 5362 so-

297 5403 443 5456 lium
503 5396 601 5453 Dei
662 5397 925 5450 humana
957 5400 1148 5450 mente
1197 5395 1510 5451 sublimius
1561 5397 1635 5452 sit
1669 5398 1764 5468 qui
1824 5397 1950 5452 ﬁeri

297 5493 489 5562 potest
519 5508 533 5556 ;
567 5490 632 5542 ut
662 5485 712 5541 is
745 5483 1298 5557 comprehendatur,
1331 5486 1430 5556 qui
1490 5485 1635 5541 solio
1686 5485 1953 5541 insidet?

2071 4683 2176 4746 Qui
2208 4683 2363 4738 enim
2417 4684 2523 4737 hoc
2556 4682 2673 4752 ﬁat,
2726 4698 2858 4736 cum
2891 4680 3286 4736 circumscribi
3320 4698 3432 4735 non
3485 4682 3716 4751 possit?

2067 4773 2195 4829 Jam
2229 4791 2359 4830 cum
2392 4773 2705 4844 Seraphin,
2737 4791 2864 4845 quae
2894 4775 3067 4829 Deum
3105 4772 3328 4843 ingenti
3360 4789 3572 4827 corona
3604 4774 3714 4828 cir-

2068 4867 2369 4918 cumstant
2426 4863 2598 4934 (quod
2659 4863 2892 4932 quidem
2954 4879 3068 4915 non
3134 4860 3326 4916 locum
3399 4861 3714 4934 signiﬁcat,

2067 4953 2166 5007 sed
2202 4951 2498 5023 singulare
2548 4950 2741 5005 nescio
2773 4949 2910 5020 quid
2945 4950 3098 5019 quod
3131 4967 3164 5004 a
3213 4950 3460 5020 puritate
3510 4969 3714 5010 conse-

2067 5041 2369 5111 quuntur),
2402 5056 2532 5095 cum
2566 5039 2874 5110 Seraphin,
2915 5038 3181 5110 inquam,
3217 5057 3287 5095 ne
3337 5040 3435 5096 Dei
3470 5043 3709 5113 quidem

2066 5144 2131 5184 eo
2170 5146 2232 5184 se
2271 5129 2629 5184 demittentis
2678 5127 2922 5199 gloriam
2973 5128 3216 5184 intentis
3249 5129 3435 5186 oculis
3484 5133 3710 5188 obtueri

2062 5217 2333 5272 valeant:
2368 5217 2654 5284 homines,
2707 5216 2946 5282 scilicet,
2981 5219 3245 5274 essentiaa
3277 5222 3408 5291 ejus
3461 5222 3710 5293 gloriam

2064 5307 2210 5363 nulli
2242 5306 2494 5378 perviam
2547 5306 2787 5361 intentis
2835 5307 3017 5362 oculis
3049 5309 3275 5363 obtueri
3325 5313 3708 5367 contendunt.

2062 5399 2318 5452 Tametsi
2344 5401 2504 5452 tanto
2528 5398 2600 5451 ab
2623 5396 2740 5452 illis
2763 5397 3076 5453 interstitio
3099 5399 3463 5471 differamus,
3489 5409 3708 5472 quanto

2062 5503 2250 5542 caecus
2281 5487 2352 5542 ab
2388 5502 2453 5542 eo
2483 5486 2581 5558 qui
2614 5485 2843 5542 videndi
2879 5503 3055 5542 sensu
3085 5490 3360 5559 praeditus
3392 5496 3500 5546 est.

368 5631 412 5664 τ’
442 5629 593 5702 Psal.
656 5646 895 5702 xxxm.“
931 5629 1000 5702 τί·
1060 5626 1320 5702 Psal.__r.,
1351 5627 1404 5682 8.
1481 5628 1529 5663 ³⁸
1559 5629 1710 5684 Psal.
1767 5647 1949 5699 CXLVI,

2137 5631 2182 5665 ’9
2236 5631 2371 5686 Luc.
2404 5645 2470 5698 ιι,
2505 5630 2588 5686 14.
2665 5629 2712 5663 ³ο
2740 5630 2940 5686 Ezech.
3004 5645 3090 5698 ιιι,
3123 5632 3207 5684 12.
3286 5631 3330 5667 ³¹
3391 5633 3501 5689 Isa.
3537 5652 3612 5702 v1,
3643 5637 3696 5688 3.

296 5702 346 5736 ³³
380 5701 525 5756 Ibid.
561 5701 584 5754 Ι
614 5716 778 5770 seqq.
856 5699 901 5734 ³³
931 5699 1099 5755 Joan.
1135 5715 1176 5765 ι,
1211 5699 1295 5751 18.
