4090 6298
383 406 539 466 1147

1703 397 2006 463 NlCE’l‘JE
2046 394 2476 462 ΟΗΟΝῙΑΤιΕ

3641 397 3803 461 1148

454 541 507 592 4.
539 537 840 608 Ejusdem.
875 535 1018 592 Cum
1054 535 1259 592 Daniel
1291 536 1418 608 ipse
1448 533 1730 610 propheta
1754 529 1942 606 angeli
1965 552 2031 591 eo
2061 539 2114 604 Α
2147 551 2392 608 prorsus
2425 550 2628 606 expers
2662 531 2767 588 est.
2805 533 3023 607 Πνεῦμα
3052 548 3244 604 porro,
3279 526 3387 587 hoc
3420 535 3510 588 est
3539 533 3803 605 Spiritus

382 643 446 682 se
469 626 835 684 demittentis
867 630 1167 696 aspectum
1204 642 1318 681 non
1347 622 1502 692 tulit,
1535 625 1632 680 sed
1676 619 1919 681 remissa
1944 626 2030 680 in-

383 717 645 772 tentione
677 717 735 772 in
771 716 971 772 faciem
1001 716 1239 772 cecidit:
1273 718 1340 774 Et
1394 732 1502 772 non
1555 719 1818 772 remansit
1861 717 1916 770 in
1948 732 2034 773 me

377 807 668 876 fortitudo,
698 805 917 878 inquit;
974 805 1065 862 sed
1093 810 1145 862 et
1173 805 1381 876 species
1438 821 1555 862 mea
1614 807 1906 862 immutata
1953 815 2033 862 est

383 897 444 951 in
482 911 581 963 me,
608 904 660 951 et
685 897 936 951 ξηιανεαί
963 894 1034 963 3‘,
1067 895 1177 951 hoc
1201 899 1310 962 est,
1343 895 1460 951 oris
1493 896 1606 950 mei
1664 893 2033 968 pulchritudo

382 984 576 1056 periit,
605 988 660 1040 et
690 985 749 1040 in
784 985 993 1040 mortui
1031 984 1307 1055 pallorem
1357 1001 1636 1042 conversa
1685 990 1807 1041 est:
1841 989 1898 1041 tu
1933 983 2032 1058 qui

385 1073 626 1129 Daniele
647 1077 810 1129 tanto
841 1073 1083 1130 inferior
1109 1091 1191 1142 es,
1218 1078 1433 1146 quanto
1456 1072 1553 1129 ille
1575 1073 1908 1146 angelo,qui
1948 1075 2032 1140 iit,

388 1167 450 1217 ut
481 1181 544 1217 os
574 1160 854 1232 attollere,
888 1167 944 1218 et
973 1163 1044 1218 de
1102 1163 1301 1219 divina
1358 1167 1568 1220 natura
1617 1159 1905 1218 curiosius
1945 1164 2033 1218 in-

387 1252 618 1323 quirere
647 1251 906 1308 audeas?
943 1251 1163 1319 Daniel,
1195 1253 1295 1324 qui
1323 1253 1381 1307 in
1409 1269 1650 1324 corpore
1680 1251 1938 1308 humano
1970 1269 2037 1309 ea

385 1340 582 1396 videre
605 1341 814 1412 potuit,
850 1357 1101 1413 quorum
1135 1341 1308 1396 homo
1339 1358 1522 1414 capax
1570 1359 1686 1397 non
1735 1347 1846 1410 est,
1897 1359 2038 1398 con-

388 1429 540 1484 servi
573 1445 638 1485 eo
670 1446 734 1485 se
773 1430 1138 1487 demittentis
1182 1431 1552 1503 splendorem
1609 1448 1722 1486 non
1777 1432 2034 1488 ferebat:

389 1523 446 1574 et
475 1523 542 1574 tu
591 1523 862 1575 naturam
914 1520 1075 1576 illam
1137 1521 1652 1594 comprehendisti,
1685 1538 1816 1593 quae
1863 1539 2036 1592 ange-

385 1607 576 1663 lorum
611 1609 927 1664 innumera
959 1608 1146 1664 millia
1197 1605 1490 1679 condidit;
1551 1627 1800 1683 quorum
1865 1611 2042 1670 unius

386 1701 688 1768 aspectum
724 1715 837 1754 non
866 1697 1470 1771 tulit~Daniel,utjam
1503 1700 1722 1756 dictum
1751 1701 2041 1766 est?Quis

387 1803 504 1842 non
539 1785 842 1842 indoleat‘?
873 1787 1006 1860 quis
1040 1795 1258 1844 tantum
1292 1794 1592 1862 stuporem
1624 1805 1738 1845 non
1797 1790 2043 1847 deﬂeat?

1056 1896 1210 1951 CAP.
1242 1896 1366 1952 XX.

393 2001 735 2058 Catechetiea
765 2003 1016 2074 quaedam
1043 2009 1364 2059 erotemata.
1397 2003 1678 2059 Nimirum
1737 2006 1895 2073 Deus,
1927 2007 2037 2062 Pa-

464 2078 564 2139 ter,
611 2075 784 2130 Filius
832 2082 883 2130 et
928 2075 1173 2145 Spiritus
1207 2079 1334 2145 quot
1378 2075 1552 2146 nterii:
1605 2079 1666 2131 in
1733 2077 2044 2146 Scriptum

463 2147 839 2215 accipiantur.
894 2147 1008 2201 Una
1039 2162 1165 2202 cum
1197 2161 1385 2202 eorum
1415 2145 1623 2218 ἐτύμῳ.
1668 2147 1810 2216 Quid
1855 2145 2044 2204 Trini-

463 2225 566 2271 tas.

461 2304 508 2358 1.
544 2303 895 2369 Quotmodis
927 2303 1274 2362 vocabulum
1305 2305 1461 2363 Deus
1483 2303 1542 2362 in
1561 2305 1857 2382 Scriptura
1879 2307 2042 2381 οιιρίο

385 2398 481 2450 tur
503 2394 531 2450 ?
563 2387 827 2462 Duobus,
860 2393 1140 2452 nimirum
1200 2400 1412 2453 natura
1463 2401 1519 2453 et
1550 2394 1779 2454 habitu.
1829 2401 2044 2458 Natura

391 2483 652 2555 quidem,
685 2489 750 2540 ut
780 2490 1026 2551 creator,
1059 2485 1259 2541 habitu
1293 2491 1489 2542 autem
1520 2493 1576 2543 et
1605 2486 1796 2560 gratia
1823 2505 1836 2546 :
1892 2487 2040 2561 justi

389 2591 504 2644 quo
527 2590 620 2643 iue
649 2571 916 2632 homines
947 2577 1185 2630 deorum
1219 2575 1456 2632 nomine
1485 2582 1819 2635 censentur.

459 2665 512 2718 2.
548 2659 735 2720 Dictio
772 2668 920 2720 Deus
947 2663 1368 2721 substantiaene
1389 2669 1498 2731 est,
1531 2684 1604 2722 an
1661 2683 1943 2739 personas,
1971 2685 2042 2724 an

389 2749 658 2821 actionis,
694 2768 764 2806 an
799 2753 1022 2823 figuras,
1057 2770 1128 2808 an
1190 2771 1322 2810 vero
1367 2748 1764 2828 metaphorm?
1810 2756 2041 2829 Perspi-

387 2858 567 2897 cuum
598 2847 687 2898 est
718 2841 964 2900 actionis
1024 2860 1174 2913 esse,
1207 2862 1312 2916 qua
1365 2842 1602 2916 quidem
1651 2863 1811 2904 suae:
1877 2849 2044 2904 nobis

381 2931 535 2988 Deus
567 2931 962 2990 substantiam
998 2931 1281 3006 impertit,
1313 2952 1441 3006 quas
1473 2932 1711 3008 quidem
1750 2937 1888 3008 quia
1946 2954 2045 2994 co-

380 3022 549 3095 gnitu
615 3019 1002 3095 impossibilis
1035 3028 1237 3095 est,eo
1297 3027 1381 3095 tit,
1430 3029 1493 3081 ut
1550 3027 1838 3083 actionem
1873 3045 2043 3084 suam

381 3112 536 3167 Deus
579 3113 702 3167 sola
750 3113 1244 3184 contemplatione
1296 3114 1465 3171 nobis
1518 3117 1762 3187 aperiat,
1791 3113 2044 3188 ideoque

385 3202 514 3262 Θεὸς
545 3199 652 3254 ἀπὸ
683 3198 780 3254 τοῦ
812 3199 972 3272 θέειν,
1005 3197 1113 3258 hoc
1147 3211 1234 3258 est
1276 3221 1310 3258 a
1349 3203 1773 3261 considerando
1824 3207 2041 3262 dictus-

2143 619 2558 692 diciturﬁzirb
2582 624 2656 684 ὡς
2677 625 2846 698 νεῦμα
2878 617 3040 695 ὀξέως
3067 625 3173 676 πᾶν
3202 620 3370 676 νεύειν
3404 620 3494 676 καὶ
3526 629 3798 688 κινεῖσθαι

2143 711 2252 770 hoc
2275 719 2381 783 est,
2417 713 2555 786 quia
2587 717 2868 786 tanquam
2902 719 3080 770 nutus
3109 724 3464 785 quocunque
3495 719 3712 770 annuat
3743 713 3803 771 et

2143 803 2692 862 moveatur.t)icitur
2722 816 2918 860 autem
2949 803 3197 876 Spiritus
3229 803 3284 858 in
3317 804 3622 876 Scriptura
3658 821 3804 876 qua-

2147 903 2276 952 tuor
2327 895 2544 951 modis.
2600 893 2850 966 Spiritus
2906 895 3166 960 sanctus,
3216 891 3470 966 Spiritus
3529 893 3803 966 angelus,

2143 983 2395 1057 Spiritus
2462 985 2692 1049 ventus,
2725 978 3022 1039 interdum
3080 979 3252 1038 etiam
3315 997 3484 1038 mens
3542 981 3802 1054 Spiritus

2146 1071 2536 1146 appellatione
2568 1069 2954 1144 signiﬁcatur.

2215 1161 2270 1218 6.
2303 1157 2556 1218 Trinitas
2588 1156 2725 1232 quid
2761 1160 2898 1216 est?
2953 1159 3228 1231 Trinitas,
3272 1161 3564 1232 siquidem
3626 1166 3796 1216 natu-

2147 1249 2282 1306 ralis
2313 1247 2538 1307 ordinis
2571 1251 2854 1306 rationem
2889 1248 3284 1318 habeas,nihil
3319 1249 3476 1306 aliud
3506 1258 3795 1323 est,quam

2151 1337 2442 1396 unitatum
2477 1339 2844 1412 compositio.
2879 1337 2936 1394 Si
2962 1355 3096 1394 vero
3115 1337 3374 1394 divinam
3409 1340 3800 1396 substantiam

2149 1429 2503 1496 consideres,
2560 1429 2811 1485 essentia
2863 1431 3134 1500 est,quae
3192 1444 3506 1484 numerum
3566 1446 3800 1485 omnem

2151 1523 2482 1591 exsuperat.

2219 1609 2274 1664 7.
2308 1603 2622 1665 Eternitas
2654 1601 2794 1682 quid
2845 1608 2981 1663 est?
3027 1607 3186 1674 Quod
3231 1607 3587 1680 principium
3653 1625 3807 1664 nun-

2153 1715 2328 1770 quam
2392 1697 2620 1765 habuit,
2677 1713 2782 1753 nec
2833 1697 3008 1752 ﬁnem
3068 1694 3186 1752 ullo
3236 1713 3495 1769 unquam
3544 1699 3808 1772 tempore

2152 1785 2492 1843 habiturum
2527 1791 2637 1842 est.
2669 1789 2953 1843 Cavterum
2982 1785 3266 1858 quidquid
3319 1803 3622 1858 nunquam
3655 1785 3808 1842 desi-

2159 1881 2358 1931 turum
2411 1879 2518 1941 est,
2573 1893 2685 1932 non
2739 1876 2940 1931 statim
3003 1873 3288 1947 principio
3337 1875 3596 1931 caruisse
3653 1877 3808 1932 recte

2159 1963 2416 2037 colligas.
2445 1964 2648 2037 Angeli
2680 1963 2835 2020 enim
2866 1967 2923 2020 et
2952 1963 3163 2020 animae
3194 1962 3546 2036 principium
3570 1965 3808 2035 quidem

2152 2055 2417 2110 essentia:
2479 2049 3029 2121 babuerunt,iinem
3072 2046 3305 2108 interim
3359 2053 3586 2110 nullum
3639 2051 3809 2109 babi-

2154 2141 2295 2200 turi.

2799 2261 2952 2317 CAP.
2996 2262 3150 2319 XXI.

2160 2393 2484 2466 Theoloyiea
2526 2391 2642 2450 alia
2717 2393 2780 2450 de
2845 2395 3122 2467 Trinitate
3182 2393 3571 2467 consideratio.
3629 2395 3804 2467 [Unus

2227 2485 2350 2523 cum
2368 2468 2460 2522 sit8
2492 2483 2590 2521 cur
2615 2473 2868 2534 Patrem,
2910 2466 3128 2523 Filium
3151 2469 3201 2522 et
3262 2466 3533 2538 Spiritum
3589 2466 3809 2524 invoce-

2227 2556 2368 2606 mus,
2402 2548 2592 2595 contra
2623 2538 2960 2609 Tritheuas].

2156 2672 2350 2742 Unum
2413 2677 2592 2730 Deum
2652 2689 2780 2730 esse
2848 2670 3166 2740 credimus,
3239 2673 3338 2746 qui
3416 2671 3805 2732 substantiam

2159 2765 2479 2838 quamlibet
2512 2769 2900 2836 naturamque
2921 2762 3232 2820 creaverit:
3263 2763 3384 2819 sive
3432 2765 3805 2837 aspectabilis

2157 2854 2255 2910 illa
2287 2854 2382 2924 sit,
2413 2854 2533 2910 sive
2565 2853 2676 2910 sub
2707 2857 3009 2925 aspectum
3071 2869 3186 2910 non
3218 2853 3406 2910 cadat.
3451 2854 3559 2920 Qui
3615 2855 3802 2910 diver-

2159 2961 2284 3002 sam
2338 2945 2410 3000 ab
2460 2943 2568 2999 hac
2653 2943 3002 3000 sententiam
3076 2942 3342 3014 sequitur
3408 2941 3629 3018 impius
3695 2952 3800 3003 est.

2159 3035 2440 3090 Eumdcm
2476 3032 2638 3089 illum
2685 3031 3072 3100 humanitate,
3098 3032 3352 3102 justitia,
3382 3032 3678 3104 sapientia,
3736 3035 3792 3088 et

2157 3123 2417 3179 bonitate
2465 3120 2751 3194 singulari
2811 3121 3121 3194 praaditum
3179 3136 3308 3178 esse
3349 3121 3512 3178 nobis
3559 3137 3783 3194 persua-

2160 3213 2391 3280 demus,
2442 3211 2780 3284 caeterisque
2849 3211 2990 3266 adeo
3051 3211 3247 3280 rebus,
3308 3227 3428 3283 quae
3468 3208 3673 3266 divinae
3727 3211 3787 3266 et

458 3289 510 3342 3.
535 3289 701 3344 Pater
732 3289 869 3360 quid
911 3287 1252 3360 significat?
1300 3297 1556 3364 quotque
1606 3295 1794 3350 modis
1851 3303 2040 3368 pater-
2073 3282 2114 3349 Ο
2155 3301 2336 3358 beatae
2383 3304 2602 3357 natura:
2653 3282 3026 3356 conveniunt.
3059 3299 3140 3355 Ne
3198 3282 3433 3372 singula
3486 3296 3788 3354 scribendo

388 3379 540 3432 nitas
581 3377 696 3432 Deo
747 3379 1066 3434 convenit?
1123 3379 1289 3435 Pater
1317 3382 1520 3453 utique
1578 3383 1810 3454 proprie
1859 3384 2036 3457 hypo-

382 3464 560 3522 stasis
590 3482 690 3522 seu
727 3483 977 3539 persona
1009 3467 1241 3534 dicitur,
1271 3486 1396 3541 quas
1429 3469 1587 3526 nulla
1609 3472 1724 3528 alia
1757 3489 1825 3529 ex
1855 3489 2037 3530 causa

383 3555 613 3627 pendet.
645 3555 753 3610 Sed
787 3555 1056 3628 quamvis
1079 3563 1335 3630 generet,
1371 3576 1405 3615 a
1437 3559 1594 3616 nullo
1629 3565 1822 3616 tamen
1855 3579 2035 3634 gene-

380 3649 562 3700 ratur.
599 3645 798 3716 Porro,
831 3650 1013 3718 πατὴρ
1037 3645 1234 3702 dictus
1265 3653 1373 3716 est,
1405 3649 1576 3721 quasi
1621 3649 1794 3704 πάντα
1823 3656 2036 3726 τηρῶν,

384 3735 492 3789 hoc
524 3739 632 3804 est,
666 3735 862 3792 omnia
893 3752 1266 3805 conservans,
1320 3737 1405 3794 vel
1440 3739 1602 3811 quasi
1635 3737 1766 3802 τοὺς
1800 3739 2035 3800 οἰκείους

387 3819 584 3888 παῖδας
612 3828 815 3898 τηρῶν,
849 3825 958 3883 hoc
1007 3832 1115 3896 est,
1150 3829 1419 3902 proprios
1451 3827 1600 3886 tilios
1661 3847 2035 3889 conservans.

390 3921 538 3970 Deus
571 3914 741 3972 Pater
769 3917 997 3972 duobus
1032 3910 1220 3973 modis
1251 3917 1487 3986 dicitur,
1529 3926 1736 3976 natura
1792 3922 2037 3991 scilicet,

383 4011 440 4059 ct
469 4005 694 4077 gratia:
730 4011 940 4061 natura
971 4007 1210 4077 quidem
1246 4009 1466 4080 proprii
1501 4009 1612 4066 sibi
1647 4011 2039 4067 consubstan-

381 4093 656 4164 tialisque
708 4096 802 4149 Dei
853 4096 1060 4163 Verbi;
1095 4098 1285 4168 gratia
1341 4115 1472 4154 vero
1519 4103 1719 4154 noster
1781 4117 2038 4173 quoque,

381 4182 538 4236 unde
596 4181 762 4248 illud,
795 4184 904 4251 Ego
961 4183 1106 4252 dixi,
1143 4186 1234 4241 Dii
1289 4187 1447 4254 estis,
1500 4197 1551 4244 et
1595 4188 1708 4259 ﬁlii
1763 4189 2040 4246 Altissimi

382 4287 568 4326 omnes
598 4269 665 4326 ³⁸.

452 4362 505 4418 4.
539 4362 686 4426 Quid
722 4362 954 4420 Filius?
984 4381 1102 4438 qua
1162 4369 1385 4424 ratione
1451 4368 1628 4424 Filius
1687 4369 1944 4426 dicitur?
1985 4375 2042 4428 et

383 4457 525 4526 qaut
583 4451 772 4508 modis
829 4451 1226 4527 intelligitur?
1281 4457 1464 4514 Filius
1540 4459 1771 4530 proprie
1831 4475 2042 4516 secun-

387 4546 550 4626 daria
586 4547 924 4618 hypostasis
949 4553 1040 4604 est
1076 4549 1134 4604 in
1166 4565 1282 4604 una
1313 4549 1632 4620 eademque
1690 4555 1921 4620 natura,
1955 4551 2048 4608 vel

2141 3407 2484 3462 persequar,
2519 3406 2726 3462 parum
2759 3387 2945 3457 abest,
2980 3387 3122 3462 quin
3153 3389 3358 3445 eadem
3389 3391 3447 3444 et
3503 3386 3704 3443 dicatis
3737 3391 3796 3444 et

2143 3480 2435 3537 sentiatis.
2494 3477 2610 3535 Vos
2665 3480 2822 3536 enim
2874 3480 3148 3536 audiente
3207 3495 3300 3536 me
3375 3479 3635 3536 Verbum
3693 3479 3790 3535 Dei

2141 3571 2478 3630 invocastis.
2511 3572 2580 3626 Et
2609 3586 2670 3627 re
2714 3587 2851 3626 vera
2879 3578 2986 3627 est.
3019 3569 3128 3634 Qui
3184 3569 3342 3625 enim
3401 3569 3528 3624 ﬁeri
3579 3577 3794 3640 posset,

2143 3666 2209 3716 ut
2239 3661 2394 3718 Deus
2423 3655 2598 3716 verbo
2631 3660 2895 3717 careret?
2922 3659 3209 3732 Spiritum
3269 3659 3406 3714 item
3433 3661 3675 3716 vocatis.
3701 3663 3795 3715 Est

2142 3767 2276 3808 vero
2307 3758 2360 3807 et
2383 3751 2656 3824 Spiritus.
2693 3749 2904 3806 Nullus
2933 3749 3088 3806 enim
3121 3750 3267 3806 citra
3295 3749 3571 3820 spiritum
3603 3765 3794 3805 sermo

2142 3841 2451 3897 articulate
2509 3840 2822 3910 procedere
2880 3842 3087 3911 potest.
3136 3838 3251 3895 Nos
3313 3855 3480 3910 porro
3535 3855 3672 3894 cum
3730 3855 3796 3894 ea

2142 3931 2380 3987 unicum
2439 3931 2508 3985 ad
2574 3935 2750 3985 Deum
2805 3929 3152 3995 referamus,
3209 3927 3427 3984 idcirco
3457 3929 3687 3984 Patrem
3739 3932 3797 3984 et

2144 4019 2352 4075 Filium
2403 4025 2458 4075 et
2513 4017 2796 4089 Spiritum
2889 4021 3160 4074 sanctum
3218 4016 3582 4086 invocamus,
3643 4034 3707 4073 ac
3746 4017 3794 4072 si

2143 4114 2420 4176 mentem,
2469 4107 2748 4175 Verbum,
2779 4111 2837 4161 et
2865 4105 3147 4178 Spiritum
3208 4105 3385 4162 simul
3435 4105 3792 4178 contempla-

2145 4213 2361 4253 remur.
2395 4196 2504 4253 Sed
2557 4196 2759 4252 eadem
2805 4211 3037 4267 quoque
3087 4210 3188 4266 per
3234 4211 3296 4250 se
3325 4193 3498 4266 vique
3549 4212 3657 4250 sua
3714 4211 3795 4250 as-

2145 4287 2414 4343 serimus.
2451 4285 2792 4341 Divinarum
2827 4283 2984 4338 enim
3017 4299 3214 4339 rerum
3277 4283 3438 4339 nulla
3467 4284 3595 4340 suis
3636 4287 3797 4340 caret

2143 4375 2390 4433 viribus.
2435 4374 2738 4446 Siquidem
2789 4373 3045 4429 Verbum
3099 4376 3298 4428 nostro
3357 4372 3549 4429 simile
3579 4372 3800 4428 intelli-

2145 4466 2397 4532 gendum
2433 4480 2548 4520 non
2601 4467 2713 4529 est,
2743 4462 2901 4536 quod
2943 4461 3188 4533 spiritus
3247 4462 3488 4533 quidem
3543 4461 3800 4518 admini-

2148 4553 2279 4610 culo
2320 4554 2630 4624 profertur,
2667 4559 2725 4607 at
2785 4551 2842 4607 in
2902 4567 3076 4606 auras
3130 4552 3469 4618 evanescit;
3520 4553 3622 4608 sed
3662 4568 3803 4608 con-

378 4653 765 4708 personarum
822 4635 1276 4706 incrementum,
1309 4639 1400 4693 vel
1462 4639 1762 4710 unigenita
1815 4642 2439 4715 naturmDvenienler
2494 4641 2630 4708 Deo,
2689 4640 3113 4711 sempiternum
3191 4639 3416 4696 scilicet
3472 4645 3642 4708 atque
3703 4656 3803 4712 per

377 4726 693 4797 processio,
737 4726 820 4783 vel
879 4728 1144 4796 cognatio
1211 4728 1467 4798 cognita,
1511 4727 1634 4792 Υἱὸς
1676 4735 1894 4799 autem,
1926 4731 2034 4788 hoe

377 4821 467 4872 est
523 4816 726 4882 Filius,
786 4816 1016 4890 proprie
1083 4816 1316 4884 dicitur,
1369 4819 1543 4890 quasi
1594 4817 1732 4888 οἶος,
1792 4820 1899 4876 hoc
1949 4824 2038 4876 est

383 4904 597 4975 qualis.
632 4906 833 4970 Qualis
855 4907 1012 4962 enim
1047 4910 1216 4964 Pater
1257 4907 1608 4975 substantia,
1641 4907 1777 4966 talis
1808 4916 1863 4965 et
1894 4911 2036 4965 uni-

385 4990 620 5063 genitus
649 4998 739 5060 est
771 4994 974 5050 Filius.
1009 4996 1141 5052 Sive
1173 5012 1241 5052 ex
1274 4995 1532 5052 increato
1571 4997 1886 5066 increatus,
1919 4997 2040 5054 sive

387 5097 455 5134 ex
483 5080 709 5136 mortali
741 5081 1025 5155 mortalis,
1054 5086 1430 5158 humanoque
1457 5086 1774 5142 humanus.
1799 5088 2040 5145 Duobus

390 5165 593 5223 itidem
619 5169 810 5224 modis
841 5169 898 5226 in
918 5177 1030 5228 Deo
1053 5173 1254 5230 tiliatio
1277 5174 1733 5231 dicitur.Natura
1755 5180 1812 5231 et
1828 5178 2038 5249 gratia.

389 5255 608 5312 Natura
664 5257 900 5329 quidem
963 5265 1109 5317 Deus
1159 5256 1437 5329 Verbum,
1483 5265 1669 5336 gratia
1707 5281 1842 5322 vero
1875 5267 2038 5337 iusti.

551 5347 698 5410 Quid
731 5345 979 5418 Spiritus
1001 5348 1029 5402 ?
1058 5367 1174 5420 qua
1217 5353 1441 5408 ratione
1472 5353 1734 5410 dicitur?
1780 5360 2042 5428 quotque

397 5434 582 5489 modis
615 5435 1219 5510 accipitur?Spiritus
1249 5445 1336 5495 est
1367 5443 1558 5500 tenuis
1591 5445 1859 5516 quaadam
1911 5463 2041 5518 pro-

399 5525 620 5582 cessiva
673 5527 1024 5598 substantia,
1089 5536 1142 5582 et
1226 5547 1356 5600 quae
1411 5531 1670 5588 materiai
1732 5535 2042 5608 formatque

467 5693 515 5731 ³⁴
541 5703 685 5758 Dan.
719 5718 778 5770 x,
805 5699 860 5757 8.
935 5699 985 5736 ³⁵
1014 5696 1168 5756 Psal.
1201 5715 1392 5766 LXXXI,
1421 5702 1476 5754 6.

2151 4748 2214 4788 se
2271 4731 2623 4787 subsistens.
2682 4729 2983 4800 Siquidem
3035 4745 3227 4785 rerum
3287 4729 3621 4784 divinarum
3665 4746 3801 4800 per-

2155 4819 2444 4878 functorie
2492 4818 2655 4874 nulla
2709 4819 2788 4874 fit.
2839 4819 2989 4874 Sunt
3045 4817 3198 4873 enim
3261 4816 3394 4886 illae,
3457 4824 3636 4892 atque
3688 4837 3804 4874 una

2150 4916 2308 4975 sunt,
2367 4925 2595 4981 suaque
2641 4909 2940 4981 hypostasi
2999 4912 3053 4963 et
3114 4908 3447 4964 substantia
3500 4914 3800 4976 constant,

2152 5000 2327 5056 unius
2349 5003 2405 5054 et
2435 4999 2704 5070 ejusdem
2739 5002 2986 5062 naturae,
3020 4997 3260 5054 honoris
3301 5003 3482 5070 atque
3513 5000 3808 5055 essentia.

2151 5095 2271 5146 Hoc
2329 5087 2500 5146 nobis
2547 5092 2638 5143 est
2683 5085 2960 5156 Trinitas,
3003 5103 3117 5143 non
3175 5086 3351 5153 Deus,
3407 5092 3465 5143 et
3517 5087 3696 5155 Deus,
3753 5093 3808 5143 et

2153 5185 2327 5236 Deus.
2368 5179 2595 5234 Abeant
2623 5177 2680 5232 in
2743 5175 2959 5234 malam
3009 5192 3154 5246 rem,
3211 5179 3311 5247 qui
3355 5175 3507 5234 hanc
3559 5177 3811 5236 circum-

2153 5269 2348 5325 ferunt
2385 5267 2654 5334 haeresin,
2697 5265 2806 5320 hac
2859 5263 3012 5320 enim
3063 5264 3160 5319 via
3199 5264 3508 5337 pluralitas
3567 5267 3810 5323 deorum

2152 5359 2643 5415 introduceretur.
2705 5356 2820 5411 Nos
2873 5370 3005 5410 vero
3073 5355 3220 5420 haec,
3268 5373 3398 5427 quae
3481 5359 3812 5430 proprieta-

2153 5448 2313 5506 tibus
2347 5447 2456 5502 tria
2486 5451 2645 5512 sunt,
2679 5461 2861 5502 unum
2889 5459 3019 5502 esse
3065 5445 3265 5512 Deum,
3294 5460 3472 5502 unam
3506 5451 3810 5515 naturam,

2155 5555 2329 5594 unam
2379 5536 2633 5607 denique
2676 5529 3066 5591 substantiam
3125 5534 3428 5590 docemus.
3484 5534 3603 5591 Hoc
3655 5542 3812 5595 certe
