4090 6298
277 385 437 447 1149

1619 374 2015 443 THESAURI
2059 372 2210 440 LIB.
2256 374 2338 440 II.

3543 372 3701 440 1150

263 522 468 578 credat
525 528 769 576 necesse
825 521 933 585 est,
986 515 1327 589 quicunque
1387 516 1565 588 sapit,
1625 516 1928 587 pietatem-
1960 519 2015 585 Α
2043 519 2150 585 est,
2179 515 2331 585 quod
2366 530 2492 581 nos,
2528 513 2626 585 qui
2657 512 2987 568 orthodoxae
3049 511 3182 566 ﬁdei
3225 515 3549 568 assertores
3582 530 3689 569 su~

267 629 346 683 qu
359 627 390 666 e
433 609 776 683 amplectitu
788 618 832 665 r.

930 697 1081 752 CAP.
1123 695 1294 754 XXII.

278 808 687 864 Demonstratio
762 822 832 861 ea:
888 805 1266 861 communibus
1339 802 1682 872 nationibus,
1760 814 1938 857 unum

740 880 800 933 in
833 874 1104 933 Trinitale
1137 877 1302 932 Deum
1331 888 1466 932 esse.

348 985 545 1043 Cuivis
604 984 854 1053 homini,
907 984 1007 1056 qui
1037 981 1293 1038 mentem
1352 976 1630 1038 divinitus
1695 974 1933 1038 insitam

276 1076 474 1142 habet,
534 1074 656 1130 hrec
714 1072 866 1128 ultro
926 1089 1159 1144 quoque
1198 1070 1444 1128 inhaeret
1500 1070 1717 1144 opinio,
1777 1072 1932 1143 quod

282 1160 434 1221 Deus
466 1161 800 1221 substantia
870 1162 965 1233 sit,
997 1180 1123 1233 qua:
1181 1158 1572 1217 substantiam
1602 1177 1837 1216 omnem
1881 1165 1937 1217 et

283 1252 565 1328 potentia,
614 1270 741 1326 quae
803 1252 1124 1325 potentiam
1176 1255 1460 1324 superet:
1494 1247 1643 1306 actio
1686 1244 1937 1321 denique

281 1346 445 1402 omni
503 1345 734 1401 actione
794 1340 1084 1416 superior,
1144 1340 1204 1399 ut
1253 1342 1356 1413 qui
1427 1358 1616 1413 neque
1668 1341 1934 1409 sectioni,

285 1454 479 1509 neque
513 1431 947 1508 compositioni,
1012 1450 1200 1506 neque
1251 1432 1509 1506 passioni
1560 1431 1667 1488 ulli
1717 1432 1793 1487 sit
1824 1430 1935 1487 ob-

282 1528 520 1583 noxius.
571 1524 687 1580 Nec
720 1529 919 1579 tamen
972 1540 1004 1577 a
1062 1518 1285 1578 ratione
1345 1518 1539 1577 minus
1596 1521 1647 1577 is
1680 1522 1934 1588 aberrat,

269 1616 379 1689 qui
411 1615 593 1671 Deum
630 1613 995 1681 substantiae,
1056 1613 1325 1684 potentias
1358 1614 1413 1667 et
1456 1604 1700 1667 actionis
1730 1627 1934 1683 exper-

274 1713 401 1764 tem
435 1720 565 1762 esse
623 1706 1177 1776 arbitratuijque
1204 1720 1339 1759 vero
1401 1698 1630 1758 aberrat
1689 1719 1722 1756 a
1780 1701 1934 1755 vrri—

2041 618 2172 659 mus
2204 619 2391 675 neque
2450 602 2634 658 alium
2679 603 2885 670 Deum,
2927 617 2995 656 ex
3048 618 3165 673 quo
3225 598 3412 657 Verbo
3472 606 3527 657 et
3558 602 3689 673 Spi-

2049 693 2195 747 ritus
2240 691 2587 764 procedunt,
2648 706 2836 762 neque
2894 690 3034 745 item
3095 690 3476 761 procedentes
3535 691 3696 762 ipsos

2041 782 2221 838 alium
2276 786 2334 838 et
2384 780 2566 838 alium
2626 798 2755 837 esse
2816 782 3096 837 docemus
3151 780 3320 836 :imo
3384 800 3566 859 unum
3622 800 3690 838 ex

2046 871 2235 928 tribus
2294 873 2473 927 Deum
2527 870 2703 926 unius
2765 872 3003 941 naturae,
3058 868 3394 940 voluntatis,
3440 868 3694 944 imperii,

2043 967 2100 1017 et
2130 956 2567 1017 dominationis.
2632 958 2776 1016 Hinc
2807 958 2963 1015 enim
2996 959 3232 1015 deorum
3288 957 3483 1014 unitas
3515 977 3699 1031 eaque

2043 1048 2346 1105 individua
2417 1050 2711 1105 elucescit.
2763 1047 2942 1118 Alias,
2999 1048 3099 1120 qui
3160 1046 3312 1103 fierit
3360 1053 3573 1121 potest,
3631 1057 3695 1105 ut

2044 1159 2172 1213 quas
2235 1140 2293 1194 in
2327 1157 2504 1195 unam
2553 1139 2937 1211 eamdemque
2986 1141 3274 1206 naturam,
3308 1134 3694 1206 voluntatem,

2043 1233 2101 1283 et
2152 1234 2495 1301 potestatem
2553 1228 2995 1301 conjunguntur
3050 1227 3430 1301 conjungenti
3490 1227 3697 1283 nobili-

2045 1322 2162 1374 tate
2191 1317 2611 1375 contumeliosa
2633 1317 2749 1374 sint
2777 1316 2804 1372 ?

2661 1467 2818 1517 CAP.
2863 1462 3075 1519 XXIII.

2098 1578 2375 1636 Adversus
2404 1592 2512 1647 eos,
2545 1581 2642 1650 qui
2669 1594 2768 1633 nos
2799 1580 2857 1633 in
2889 1586 2999 1633 tres
3029 1578 3153 1633 deos
3174 1577 3399 1633 credere
3422 1577 3632 1633 dicitur.

2114 1716 2491 1787 Nequaquam
2541 1715 2599 1770 in
2634 1718 2750 1770 tres
2803 1714 2943 1769 deos
2992 1714 3311 1781 credimus,
3346 1714 3453 1769 hoc
3486 1713 3641 1768 absit
3676 1711 3689 1768 Ι

276 1801 425 1866 tate,
484 1794 581 1868 qui
633 1796 814 1851 Deum
876 1788 1230 1863 substantia,
1291 1796 1346 1849 et
1395 1794 1494 1865 qui
1547 1792 1828 1866 potentia,
1882 1796 1929 1847 et

2046 1805 2238 1875 sedln
2296 1818 2477 1860 unum
2511 1804 2693 1859 Deum
2743 1803 3226 1874 omnipotentem,
3279 1803 3379 1873 qui
3412 1803 3602 1857 tribus
3634 1803 3691 1857 in

276 1888 379 1960 qui
444 1887 670 1941 actione
732 1883 944 1958 privat.
1015 1884 1413 1954 Quodcunque
1471 1882 1625 1937 enim
1683 1877 1929 1954 triplicis

2041 1896 2306 1967 personis
2359 1895 2745 1965 dignoscitur.
2796 1897 2983 1949 Unam
3026 1893 3085 1948 in
3144 1893 3331 1949 tribus
3391 1898 3685 1959 naturam,

278 1974 649 2049 cognationis
737 1974 989 2046 primum
1050 1966 1317 2028 divellere
1394 1971 1690 2045 quispiam
1753 1988 1935 2027 ausus

278 2062 479 2131 fuerit,
538 2080 603 2118 eo
657 2058 948 2134 duplicem
1010 2059 1436 2133 blasphemiam
1497 2061 1777 2116 adversus
1836 2060 1935 2116 Di-

280 2152 587 2210 vinitatem
620 2143 1027 2224 ejaculabitur.
1063 2144 1565 2217 Quemadmodum
1592 2148 1747 2205 enim
1783 2151 1935 2221 quod

276 2242 612 2299 substantia
658 2244 835 2308 caret,
886 2236 1075 2295 Deitas
1107 2256 1222 2294 non
1256 2236 1345 2294 est
1379 2255 1391 2292 :
1446 2239 1529 2294 ita
1561 2255 1747 2311 neque
1778 2238 1936 2310 quod

282 2341 388 2386 aut
421 2326 697 2399 potentia,
757 2330 858 2382 aut
906 2326 1133 2380 actione
1165 2324 1447 2396 privatur.
1498 2322 1642 2377 Nam
1678 2323 1777 2395 qui
1809 2322 1937 2379 fieri

279 2421 501 2491 potest,
538 2432 609 2471 ne
660 2414 716 2470 id
747 2408 1337 2487 supersubstantialis
1377 2410 1701 2466 substantia
1736 2412 1834 2482 sit,
1868 2428 1936 2467 ex

280 2525 401 2581 quo
434 2504 598 2561 nulla
632 2523 746 2559 non
780 2504 1110 2559 substantia
1129 2500 1434 2573 procedit?
1455 2499 1567 2555 Nec
1590 2516 1723 2557 vero
1747 2500 1936 2571 magis

281 2592 411 2653 ﬁeri
447 2594 656 2667 potest,
718 2598 780 2648 ut
808 2592 866 2647 id
893 2609 961 2647 ex
992 2608 1105 2662 quo
1161 2586 1421 2662 potentia
1450 2591 1507 2644 et
1536 2588 1685 2644 actio
1716 2588 1934 2660 quaevis

281 2688 551 2755 scaturit,
585 2684 701 2740 illis
758 2682 903 2754 ipsis
935 2684 1144 2737 careat.
1190 2678 1267 2734 Ex
1325 2678 1421 2734 illa
1454 2695 1585 2749 ergo
1640 2677 1785 2733 nulli
1822 2694 1931 2734 non

282 2776 596 2833 hominum
657 2775 831 2829 insita
904 2770 1138 2827 notione
1215 2774 1380 2843 patet
1456 2784 1632 2840 quam
1694 2764 1933 2822 minime

284 2864 363 2922 sit
395 2860 740 2933 absurdum,
791 2862 908 2916 imo
936 2858 1113 2917 etiam
1155 2854 1484 2915 necessario
1519 2861 1933 2928 consequatur,

284 2962 348 3008 ut
372 2952 529 3006 trina
567 2948 668 3007 Dei
700 2954 953 3020 potestas
985 2948 1327 3005 celebretur.
1361 2946 1485 3003 Una
1516 2946 1748 3015 quidem
1791 2945 1933 3002 sub-

283 3040 514 3098 stantiae
572 3039 1243 3113 supersubstantialitas,
1305 3055 1422 3094 una
1470 3037 1606 3093 item
1664 3036 1933 3108 potentiae

279 3128 890 3204 superpotentialitas,
956 3146 1073 3185 una
1144 3126 1396 3200 denique
1453 3124 1700 3182 actionis
1755 3125 1933 3181 simul

2049 2001 2223 2040 unam
2258 1984 2602 2056 potentiam,
2641 1999 2823 2037 unum
2856 1982 3191 2051 consiliUm,
3226 1999 3405 2038 unam
3439 1982 3689 2053 denique

2049 2073 2340 2128 actionem
2399 2076 2839 2144 cognoscentes,
2899 2088 3016 2142 qua
3068 2072 3414 2127 innotescat.
3474 2072 3591 2127 Nec
3632 2089 3696 2127 eo

2050 2162 2393 2219 temeritatis
2421 2161 2645 2231 venias,
2681 2165 2743 2216 ut
2772 2176 2888 2231 quo
2922 2161 2977 2215 id
3020 2165 3185 2232 pacto
3219 2161 3320 2216 fiat
3351 2161 3703 2232 interroges.

2050 2250 2297 2307 Inscitiae
2353 2251 2506 2307 enim
2568 2256 2976 2321 argumentum
3027 2254 3134 2319 est,
3175 2250 3222 2305 si
3283 2249 3417 2321 quis
3460 2263 3591 2305 cum
3624 2251 3695 2307 de

2047 2342 2162 2397 Deo
2213 2341 2422 2413 agitur,
2457 2356 2571 2411 quo
2602 2341 2775 2395 modo
2821 2339 3172 2395 sciscitatur.
3207 2340 3692 2410 Quandoquidem

2044 2428 2679 2502 incomprehensibilis,
2739 2429 2858 2485 imo
2905 2430 3081 2485 etiam
3133 2429 3576 2498 lnaccessibilis,
3638 2434 3696 2485 et

2044 2519 2388 2592 incorporea
2443 2526 2526 2574 est
2563 2517 2864 2574 Divinitas.
2924 2518 3084 2573 Unde
3125 2519 3211 2586 fit,
3270 2522 3336 2573 ut
3388 2518 3580 2590 qualis
3619 2518 3696 2573 sit

2045 2608 2320 2681 explicari
2356 2607 2513 2663 nullo
2546 2607 2719 2663 modo
2751 2610 2946 2678 queat.
2980 2609 3116 2672 Quae
3147 2608 3301 2662 enim
3333 2607 3539 2663 oculus
3579 2624 3695 2662 non

2044 2698 2211 2765 vidit,
2266 2698 2365 2769 qui
2415 2697 2762 2769 cogitatione
2820 2711 2986 2751 mens
3039 2696 3273 2767 assequi
3319 2695 3506 2752 valeat
3551 2696 3579 2750 ?
3640 2701 3695 2752 et

2045 2805 2175 2859 quae
2233 2788 2414 2842 menti
2494 2787 2688 2857 pervia
2747 2803 2863 2840 non
2920 2790 3076 2853 sunt,
3136 2800 3278 2841 eane
3338 2787 3689 2855 cujusquam

2045 2893 2313 2933 sermone
2369 2874 2640 2944 explicari
2691 2878 2965 2946 poterunt
3011 2874 3039 2928 ‘I
3095 2876 3377 2930 Caeterum
3419 2874 3575 2946 quod
3630 2875 3689 2929 in

2045 2960 2332 3020 Trinitate
2360 2958 2507 3019 Deus
2539 2962 2634 3031 sit,
2666 2966 2721 3018 et
2751 2961 3013 3019 veritatis
3042 2961 3252 3034 ipsius,
3283 2966 3340 3019 et
3372 2961 3687 3035 Scriptura:

2045 3071 2224 3111 sacrae
2290 3052 2622 3110 testimonio
2677 3050 3049 3125 perspicuum
3107 3056 3217 3120 est,
3306 3055 3371 3108 ut
3437 3067 3688 3122 sequen-

2044 3143 2202 3199 tibus
2261 3142 2724 3199 conﬁrmabitur.
2788 3140 3119 3198 Perconteri
3178 3146 3395 3208 autem,
3455 3157 3570 3213 quo
3628 3141 3685 3196 id

276 3229 419 3278 nata
450 3220 749 3322 identitas.
778 3221 911 3320 Quae
938 3219 1058 3325 tria
1087 3234 1156 3274 ex
1200 3219 1412 3325 ‘eadem
1469 3215 1928 3325 causa,‘eodetn-
1963 3258 2004 3325 Ο
2044 3233 2216 3290 modo
2249 3233 2369 3298 θαι,
2420 3232 2675 3288 hominis
2726 3231 3035 3303 improvidi
3089 3234 3197 3301 est,
3224 3235 3281 3287 et
3309 3232 3436 3302 ejus
3475 3230 3576 3303 qui
3626 3247 3689 3287 se

275 3328 393 3384 que
456 3310 743 3381 principio
775 3309 953 3364 simul
1009 3308 1356 3380 procedunt,
1427 3314 1481 3363 et
1512 3305 1687 3362 simul
1737 3305 1929 3362 eluce-

274 3405 476 3460 scunt.
538 3400 682 3456 Nam
743 3412 877 3456 cum
929 3399 1122 3455 omnis
1195 3398 1525 3455 substantia
1579 3397 1688 3452 hoc
1740 3396 1930 3467 ipsum

273 3492 433 3563 quod
470 3494 560 3547 est
589 3507 623 3545 a
654 3493 765 3545 Deo
825 3489 1130 3562 acceperit,
1200 3488 1267 3544 fit
1314 3492 1379 3543 ut
1434 3498 1624 3560 neque
1669 3486 1797 3542 sine
1828 3500 1931 3557 po-

268 3580 460 3637 tentia
522 3594 709 3651 neque
778 3579 903 3635 sine
956 3574 1180 3634 actione
1251 3574 1741 3651 deprehendatur.
1796 3572 1928 3631 Jam

269 3672 376 3744 qui
411 3670 540 3726 ﬁeri
573 3673 788 3741 potest,
848 3673 911 3724 ut
942 3669 1039 3741 qui
1073 3669 1192 3726 haec
1253 3670 1430 3725 rebus
1462 3685 1586 3739 qua
1645 3671 1785 3723 sunt
1814 3666 1926 3720 im-

273 3762 534 3835 pertitus
573 3765 681 3828 est,
735 3760 1069 3829 donumque
1122 3759 1179 3813 in
1236 3757 1352 3814 illis
1384 3774 1560 3814 suum
1592 3758 1671 3811 ita
1696 3772 1927 3812 conser-

270 3854 372 3908 vat
434 3854 501 3906 ut
558 3848 795 3905 dissolvi
847 3845 1181 3920 dissiparive
1240 3865 1353 3903 non
1398 3847 1596 3920 possit,
1659 3843 1746 3900 vel
1804 3844 1929 3917 ipse

274 3940 447 4013 prius
500 3956 618 3994 non
668 3938 787 3994 haec
829 3936 1025 4005 fuerit,
1070 3936 1157 3992 vel
1188 3936 1660 3992 immutationem
1719 3949 1927 4005 quam-

270 4030 412 4086 dum
470 4031 530 4084 et
580 4026 956 4100 privationem
990 4043 1189 4082 eorum
1239 4044 1365 4099 quae
1413 4042 1521 4080 sua
1569 4027 1763 4079 essent
1806 4038 1930 4095 per-

266 4136 491 4191 pessus
551 4116 911 4173 existimetur
965 4115 992 4172 ?
1047 4114 1207 4182 Quod
1268 4116 1318 4170 si
1376 4106 1467 4169 his
1528 4110 1929 4169 contradicere

266 4225 447 4264 nemo
481 4213 678 4278 queat,
739 4204 1114 4279 perspicuum
1173 4209 1282 4273 est,
1335 4219 1511 4258 unam
1554 4202 1832 4257 Deitatem
1868 4201 1923 4256 in

269 4298 466 4353 tribus
499 4314 628 4353 esse
660 4294 1037 4352 adorandam.
1072 4296 1151 4350 Ea
1181 4311 1311 4350 vero
1335 4300 1470 4349 sunt
1502 4288 1687 4360 Pater,
1721 4290 1925 4361 Filius,

269 4391 330 4444 et
362 4384 618 4458 Spiritus
665 4390 919 4441 sanctus.
954 4385 1055 4440 Vel
1098 4384 1271 4440 etiam
1329 4381 1439 4439 hoc
1484 4387 1651 4456 pacto
1683 4382 1927 4436 demon-

268 4477 449 4533 strari
488 4479 674 4547 potest
707 4492 720 4542 ;
754 4475 879 4531 Una
909 4473 1126 4541 Deitas,
1153 4491 1278 4545 quae
1311 4472 1548 4544 quidem
1579 4489 1612 4527 a
1639 4468 1926 4543 theologis

267 4581 443 4621 mens
481 4562 736 4619 universi
767 4563 1066 4630 definitur,
1092 4560 1162 4617 ab
1190 4560 1575 4633 intelligentia
1603 4564 1659 4615 et
1679 4565 1923 4630 cognato

265 4650 577 4711 intellectu
615 4666 727 4709 non
786 4653 1136 4726 sejungitur.
1168 4648 1225 4706 Si
1268 4631 1504 4723 quidem
1540 4666 1703 4705 mens
1736 4647 1923 4704 haud-
1958 4631 2001 4695 D

264 4760 575 4818 quaquam
609 4744 786 4810 esset,
829 4743 942 4797 nisi
973 4739 1147 4797 simul
1187 4740 1489 4796 exsisteret
1518 4737 1922 4809 intelligentia,

264 4851 376 4890 nec
409 4828 802 4903 intelligentia
847 4828 1106 4887 vicissim
1158 4826 1200 4884 si
1229 4824 1525 4884 intellectu
1577 4826 1920 4899 privaretur.

262 4927 391 4977 Hoc
446 4920 843 4990 theologicam
892 4919 1116 4975 axioma
1173 4916 1259 4974 vel
1321 4914 1429 4973 hac
1487 4934 1654 4972 sacra
1701 4913 1924 4973 ratione

257 5008 741 5069 confirmabitur.
786 5008 900 5064 Nec
932 5007 1087 5065 aliud
1124 5026 1192 5066 ex
1241 5005 1354 5064 alio
1386 5012 1487 5065 aut
1536 5004 1785 5064 divisum
1824 5012 1925 5065 aut

250 5097 611 5172 sejunctum
643 5103 752 5163 est,
808 5115 995 5170 neque
1027 5098 1185 5155 aliud
1220 5098 1408 5171 prius,
1458 5099 1687 5154 aliudve
1717 5105 1921 5172 poste-

248 5190 404 5259 rius,
459 5188 522 5243 et
576 5191 770 5242 tamen
806 5187 917 5242 tria
967 5192 1127 5243 sunt.
1176 5186 1291 5246 Nec
1323 5189 1478 5244 enim
1535 5187 1689 5259 quod
1733 5204 1922 5255 mens,

248 5281 313 5341 id
377 5280 586 5352 ipsum
649 5280 738 5331 est
788 5273 1195 5347 intelligentia,
1258 5282 1315 5333 et
1370 5274 1726 5342 intellectus,
1785 5294 1924 5349 quo-

246 5380 418 5439 niam
485 5386 595 5427 nec
644 5371 743 5428 illa
819 5373 959 5426 sunt
1012 5368 1224 5428 mentis
1285 5371 1522 5429 nomine
1605 5372 1920 5444 censenda,

234 5462 520 5543 quamvis
575 5476 643 5517 ex
675 5464 869 5517 mente
919 5460 1259 5532 procedant,
1307 5465 1363 5516 et
1421 5477 1583 5516 mens
1633 5461 1810 5517 simul
1845 5463 1924 5519 sit

234 5572 378 5617 cum
442 5550 593 5606 illis.
647 5548 750 5605 His
804 5565 975 5620 porro
1027 5547 1188 5604 aliud
1252 5552 1481 5614 natura,
1521 5550 1803 5622 dignitate
1860 5552 1916 5606 et

239 5632 671 5713 conjunctione
746 5633 1195 5708 haudquaquam
1258 5650 1536 5693 conversa
1593 5634 1749 5694 aliud
1808 5638 1910 5695 ha-

234 5734 373 5792 bitu
427 5730 488 5784 et
543 5724 1002 5798 proprietatibus
1043 5726 1291 5780 constat.
1337 5724 1482 5781 Hinc
1540 5726 1916 5797 perspicuum

2043 3340 2150 3379 suo
2194 3321 2385 3378 metiri
2436 3322 2581 3393 pede
2642 3320 2884 3377 nesciat.
2939 3320 3108 3377 Prius
3163 3321 3319 3376 enim
3370 3337 3546 3378 nosce
3602 3323 3691 3376 te-

2037 3412 2235 3485 ipsum
2285 3427 2400 3482 quo
2433 3412 2606 3466 modo
2637 3412 2834 3468 anima
2865 3410 2968 3467 tibi
3002 3410 3080 3466 sit
3123 3410 3342 3479 infusa,
3391 3411 3685 3481 quomodo

2038 3505 2375 3574 compactus
2431 3518 2517 3567 es,
2565 3502 2860 3573 quomodo
2916 3517 3009 3557 res
3068 3501 3404 3572 incorporea
3456 3501 3685 3571 corpori

2036 3595 2136 3647 tuo
2168 3590 2475 3646 inhabitet.
2510 3590 2716 3646 Utrum
2740 3590 2921 3662 igitur
2959 3606 3172 3661 corpus
3202 3593 3370 3644 tuum
3398 3604 3529 3643 cum
3555 3605 3686 3644 cm-

2037 3681 2211 3736 nibus
2259 3679 2382 3735 suis
2434 3678 2714 3733 membris
2766 3678 3118 3746 extenditur,
3179 3694 3250 3732 an
3293 3693 3426 3732 vero
3477 3677 3535 3752 in
3564 3693 3682 3734 uno

2036 3771 2396 3825 contractum
2432 3766 2764 3822 continetur
2790 3768 2818 3823 ?
2848 3767 2978 3824 Jem
3028 3766 3076 3823 si
3110 3766 3466 3834 extenditur,
3500 3766 3681 3823 stulte.

2035 3866 2121 3914 est
2151 3855 2409 3927 qumstio,
2441 3872 2753 3927 corporum
2777 3856 2932 3911 enim
2967 3855 3266 3928 proprium
3302 3859 3392 3909 est
3421 3856 3673 3912 extendi.

2036 3947 2135 4003 Sin
2179 3945 2564 4010 contrahitur,
2627 3944 2812 3999 multo
2845 3943 3096 4012 stultior,
3132 3959 3237 3999 nec
3284 3946 3435 3999 enim
3468 3959 3680 4013 corpus

2034 4036 2319 4092 duntaxat
2377 4034 2780 4105 incorporeum
2839 4032 3325 4105 deprehendetur,
3385 4032 3490 4089 sed
3544 4033 3681 4088 reli-

2034 4143 2163 4198 quas
2240 4141 2473 4199 quoque
2533 4128 2723 4192 partes
2776 4127 3051 4179 emortum
3130 4124 3566 4191 convincentur,
3619 4128 3682 4179 ut

2033 4232 2159 4287 quae
2191 4213 2262 4268 ab
2312 4214 2509 4269 anima
2558 4211 2884 4268 vivificante
2935 4212 3213 4283 sejunctas
3245 4212 3388 4269 sint.
3432 4212 3591 4276 Quod
3624 4212 3677 4271 si

2031 4319 2233 4361 eorum
2292 4319 2417 4373 quas
2449 4301 2505 4355 in
2540 4304 2596 4357 te
2623 4305 2764 4356 sunt
2811 4301 3163 4373 cognitionis
3207 4318 3386 4374 capax
3436 4301 3680 4358 minime

2032 4393 2136 4462 sis,
2186 4392 2287 4465 qui
2320 4392 2443 4447 fieri
2495 4394 2708 4463 potest,
2741 4395 2807 4446 ut
2847 4407 2914 4446 ea
2964 4391 3277 4463 intelligas,
3347 4408 3473 4465 quae
3504 4407 3680 4461 supra
3781 4392 3784 4395 λ

2029 4486 2085 4538 te
2129 4480 2315 4538 sunt?
2341 4481 2486 4538 Nam
2519 4482 2569 4536 si
2595 4479 2813 4551 judicia
2836 4478 3061 4535 Domini
3095 4478 3499 4535 inscrutabilia
3520 4483 3677 4547 sunt,

2032 4576 2087 4627 et
2116 4570 2216 4627 vias
2266 4571 2394 4642 ejus
2444 4567 3026 4643 impervestigabiles,
3071 4583 3325 4639 quonam
3381 4568 3555 4624 modo
3586 4567 3681 4623 ille

2036 4661 2160 4733 ipse
2190 4659 2542 4731 inquiretur,
2578 4664 2679 4714 aut
2711 4657 3194 4731 pervestigabitur
3229 4656 3257 4711 ‘I
3296 4656 3681 4720 Quemadmo-

2035 4751 2176 4807 dum
2236 4767 2367 4806 vero
2425 4749 2532 4820 sol,
2566 4750 2797 4805 tametsi
2852 4749 3060 4805 unicus
3108 4747 3203 4813 sit,
3262 4763 3331 4802 ex
3392 4763 3454 4802 se
3486 4754 3676 4802 tamen

2034 4838 2224 4896 lucem
2256 4844 2312 4896 et
2342 4839 2587 4895 calorem
2617 4839 2829 4893 emittit
2861 4855 2874 4892 :
2909 4840 2965 4892 et
2995 4835 3082 4892 sol
3124 4836 3358 4907 quidem
3390 4836 3540 4892 lucis
3572 4853 3681 4894 no—

2036 4929 2191 4985 mine
2226 4928 2593 5000 signiiicatur
2618 4945 2631 4982 :
2654 4926 2753 4983 lux
2796 4943 2965 4998 porro
3010 4930 3219 4981 cuncta
3250 4942 3377 4997 quas
3408 4926 3682 4982 videntur

2034 5017 2382 5073 claritudine
2414 5016 2703 5086 patefacit,
2763 5014 2920 5070 calor
2969 5030 3104 5070 vero
3127 5014 3455 5071 animantia
3485 5016 3682 5071 omnia

2036 5106 2384 5178 plantasque
2415 5104 2670 5159 viviﬁcat
2702 5122 2715 5160 :
2752 5105 2831 5158 ita
2861 5104 3039 5159 etiam
3085 5103 3239 5159 Deus
3271 5103 3437 5160 Pater
3466 5104 3678 5161 Filium

2033 5200 2091 5252 et
2121 5194 2401 5267 Spiritum
2434 5195 2516 5250 ita
2554 5192 2834 5260 continet,
2886 5196 2951 5248 ut
3006 5210 3125 5249 una
3148 5197 3207 5248 in
3269 5194 3456 5250 tribus
3486 5194 3682 5250 Dietas

2034 5286 2583 5357 comprehendatur.
2631 5285 2790 5341 Unus
2842 5283 2998 5340 enim
3049 5284 3205 5341 Deus
3235 5292 3346 5350 est,
3398 5285 3537 5356 quia
3568 5301 3684 5341 una

2033 5370 2251 5437 Dietas,
2293 5371 2791 5443 quemadmodum
2854 5375 2910 5427 et
2968 5371 3156 5428 lucem
3191 5370 3334 5428 solis
3374 5371 3554 5428 solem
3589 5389 3689 5443 ap-

2032 5458 2341 5530 pellamus.
2377 5459 2519 5515 Cum
2551 5460 2706 5515 enim
2740 5476 2843 5531 per
2885 5459 3146 5517 foramen
3179 5456 3419 5531 aliquod
3440 5459 3499 5516 in
3532 5460 3685 5516 sedes

2031 5548 2335 5621 ingressus
2385 5552 2492 5616 est,
2536 5549 2618 5604 ita
2670 5549 2861 5605 dicere
2911 5548 3169 5606 solemus
3205 5566 3219 5605 :
3252 5548 3345 5604 Sol
3389 5550 3685 5619 ingressus

2033 5641 2275 5697 domum
2320 5634 2658 5710 illustravit,
2709 5644 2930 5709 eontra,
2963 5639 3013 5694 si
3044 5638 3278 5713 quando
3326 5636 3382 5695 vi
3414 5637 3555 5696 solis
3588 5654 3682 5693 ca-

2030 5729 2295 5788 lefactiva
2342 5727 2785 5796 incalescamus,
2841 5726 3044 5800 utique
3103 5745 3209 5783 nos
3240 5745 3273 5783 a
3305 5725 3428 5783 sole
3467 5724 3676 5781 calefa-
