4090 6298
445 305 593 366 1151

1762 303 2078 365 ΝΙΟΕΤΛΕ
2121 307 2542 374 CHONIAT/E

3693 317 3864 380 1152

443 443 566 492 ctos
599 436 869 500 dicimus,
904 451 1036 488 vera
1069 434 1300 489 interim
1341 435 1617 490 dicentes.
1652 437 1786 498 Qure
1831 438 1984 490 enim
2017 437 2088 491 ab
2118 449 2176 512 Α
2209 454 2397 515 verbis
2429 455 2516 506 ρει
2551 447 2896 504 vaticinatus
2931 464 2944 501 ;
2977 447 3114 517 Qui;
3145 448 3206 501 ίη
3243 446 3482 502 nubibus
3511 449 3743 516 κρααιίε
3775 451 3864 518 ρει

441 528 564 598 ipsa
601 531 812 580 natura
845 526 1183 595 procedunt,
1211 541 1274 578 ea
1310 541 1681 594 nequaquam
1737 525 1807 580 ab
1831 526 1959 596 ejus
1992 543 2092 598 ap-

445 615 758 688 pellatione
814 614 1149 668 abhorrent.
1232 613 1726 679 Quemadmodum
1787 631 1922 686 ergo
1984 615 2092 681 sol,

445 704 676 760 tametsi
711 703 920 758 unicus
970 703 1068 770 sit,
1103 701 1326 757 lumine
1375 707 1572 757 tamen
1619 707 1677 757 et
1719 703 1907 759 calore
1951 721 2094 775 prae-

447 795 604 850 ditus
647 797 758 858 est,
817 807 1067 862 quorum
1117 791 1351 862 utrique
1405 792 1580 846 etiam
1641 792 1784 847 solis
1815 793 2096 847 tribuitur

449 881 780 954 appellatio,
816 897 944 936 cum
981 879 1214 934 interim
1276 881 1354 935 sit
1387 881 1596 935 unicus
1643 879 1727 936 sol
1767 899 1780 934 :
1815 883 1897 937 sic
1921 883 2092 937 etiam

443 971 672 1028 tametsi
737 987 889 1025 unus
957 973 1188 1024 tantum
1251 971 1327 1024 sit
1385 971 1561 1036 Deus,
1640 969 1848 1024 Filium
1901 975 2094 1026 tamen

444 1067 500 1116 et
555 1061 835 1132 Spiritum
895 1059 1289 1114 indissolubili
1365 1077 1510 1114 nexu
1579 1060 1692 1114 sibi
1751 1061 2098 1129 conjunctos

445 1150 640 1220 habet,
691 1150 932 1219 ipseque
983 1149 1126 1203 adeo
1173 1148 1348 1218 Deus,
1387 1153 1448 1203 ut
1507 1149 1697 1218 reipsa
1731 1153 1835 1212 est,
1890 1149 2096 1204 Filius-

449 1254 564 1309 que
613 1237 785 1306 Deus,
821 1245 872 1290 et
929 1236 1182 1306 Spiritus
1231 1241 1382 1291 Deus
1433 1235 1781 1307 appellatur,
1828 1238 2098 1307 quamvis

449 1345 564 1382 una
597 1331 820 1380 tantum
855 1327 930 1380 sit
991 1325 1290 1380 Divinitas.
1345 1325 1490 1389 Quid
1522 1326 1710 1380 verbis
1771 1343 1918 1394 0,:us
1951 1331 2038 1380 est
2071 1325 2098 1379 ?

451 1417 609 1488 Ignis
635 1418 748 1484 hic,
783 1431 955 1486 quem
990 1433 1164 1470 sensu
1219 1415 1598 1486 percipimus,
1651 1415 1894 1470 materia
1941 1415 2099 1470 ﬁam-

454 1525 608 1562 mam
649 1511 1071 1579 progenerante
1102 1513 1348 1572 constat,
1395 1511 1625 1561 constat
1649 1511 1704 1562 et
1733 1523 1946 1577 vapore
1979 1506 2097 1561 illo.

453 1599 552 1668 qui
582 1614 648 1650 ex
700 1597 935 1650 flamma
979 1601 1034 1650 et
1088 1595 1330 1650 materia
1371 1611 1606 1650 sursum
1657 1596 1976 1650 emittitur:
2009 1595 2098 1649 in-

457 1687 628 1740 terim
670 1687 823 1756 ignis
885 1703 1036 1739 unus
1077 1691 1184 1754 est,
1237 1687 1486 1740 ﬂammas
1513 1689 1704 1740 autem
1751 1685 2100 1755 vaporisque

2201 545 2453 608 Domino,
2513 535 2920 594 assimilabitur
2977 537 3205 590 Domino
3267 538 3326 589 in
3383 537 3520 604 ﬁliis
3579 537 3674 590 Dei
3729 537 3774 572 ³⁸
3835 539 3862 592 ‘?

2199 635 2411 706 quibus
2487 628 2679 684 verbis
2753 625 3082 682 naturalem
3159 624 3472 696 peculiaris
3551 625 3856 684 ﬁliationis

2199 721 2413 779 Christi
2467 717 2909 792 praerogativam
2969 715 3144 770 tacite
3203 715 3560 782 subindicat,
3615 732 3732 785 pra:
3784 717 3856 772 iis

2199 831 2346 884 quos
2415 810 2570 866 Deus
2644 807 2955 878 adoptione
3011 813 3066 860 et
3135 804 3320 874 gratia
3395 804 3508 859 sibi
3569 805 3856 861 devinxit.

2199 901 2422 958 Deinde
2469 913 2605 953 vero
2667 899 2857 967 potest
2908 898 2964 949 et
3015 893 3131 948 haec
3181 894 3242 948 in
3283 893 3540 948 medium
3609 895 3856 964 proferri

2203 991 2370 1046 ratio.
2425 987 2766 1056 Ubicunque
2817 981 3082 1038 naturale
3121 999 3233 1036 non
3285 982 3669 1052 praecesserit,
3732 983 3854 1038 fieri

2204 1097 2318 1135 non
2375 1093 2567 1148 posse,
2629 1079 2695 1128 ut
2740 1072 3080 1142 adoptivum
3141 1071 3556 1142 subsequatur.
3611 1077 3756 1126 Nam
3786 1089 3855 1127 ex

2203 1165 2456 1224 naturali
2516 1163 2887 1236 generatione
2937 1178 3000 1216 ea
3033 1177 3160 1230 quis
3205 1177 3303 1230 per
3355 1161 3734 1230 adoptionem
3769 1161 3856 1225 ﬁt,

2201 1256 2528 1328 excogitata
2577 1255 2682 1307 est.
2735 1249 2932 1305 Priore
2983 1248 3234 1314 sublata,
3289 1248 3572 1318 posterior
3623 1266 3856 1320 quoque

2207 1347 2444 1402 tollatur
2497 1357 2733 1398 necesse
2791 1344 2896 1394 est.
2955 1339 3300 1394 Necessario
3361 1339 3516 1392 enim
3577 1344 3852 1394 naturam

2207 1433 2588 1505 subsequitur
2631 1429 2882 1500 adoptio.
2948 1427 3192 1484 Proinde
3251 1427 3360 1482 nisi
3409 1427 3525 1482 Deo
3577 1427 3734 1482 Patri
3767 1428 3854 1482 Fi-

2206 1526 2320 1580 lius
2353 1519 2639 1577 naturalis
2671 1523 2845 1582 esset,
2873 1533 2978 1572 nec
3009 1516 3342 1586 adoptivum
3386 1517 3560 1571 etiam
3589 1517 3850 1571 haberet.

2205 1617 2316 1672 Sed
2351 1612 2480 1670 Filii
2513 1609 2708 1666 dilecti
2739 1607 3042 1674 beneﬁcio,
3077 1622 3242 1661 amor
3271 1623 3384 1676 quo
3429 1606 3556 1677 pios
3587 1623 3851 1678 quosque

2207 1703 2602 1776 prosequitur,
2653 1697 3040 1754 ascribendus
3089 1701 3194 1752 est.
3253 1696 3466 1750 Eadem
3519 1713 3758 1766 quoque
3787 1697 3852 1750 de

451 1775 731 1830 beneﬁcio
761 1776 843 1842 ﬁt,
881 1779 944 1829 ut
967 1776 1401 1845 quodammodo
1437 1775 1646 1829 referat
1671 1776 1902 1830 unicam
1933 1773 2096 1827 illam
2135 1803 2177 1866 Β
2209 1773 2388 1850 δδυεει
2419 1791 2569 1846 ﬁlios
2601 1789 2910 1860 adoptione
2959 1795 3141 1842 νοραι,
3201 1785 3432 1856 Alioqui
3463 1785 3600 1856 quid
3641 1787 3852 1850 obstat,

464 1863 854 1930 Divinitatem,
917 1881 1041 1936 quae
1133 1865 1189 1917 in
1273 1864 1482 1918 Triade
1541 1869 1740 1918 sancta
1799 1863 2098 1920 elucescit.

465 1955 652 2010 Unum
707 1969 842 2024 ergo
891 1953 952 2008 in
1009 1953 1290 2009 Trinitate
1327 1957 1506 2008 Deum
1541 1969 1668 2008 esse
1718 1953 1826 2008 hac
1865 1953 2106 2007 demon-

464 2043 744 2099 stratione
813 2043 1120 2113 probatum
1178 2042 1274 2108 sit,
1342 2047 1505 2096 tanta
1562 2042 1839 2122 quidem,
1889 2049 2107 2113 quanta

461 2133 542 2186 rei
581 2131 765 2201 ipsius
799 2130 1000 2185 virtuti
1031 2129 1312 2200 exemplis
1351 2130 1906 2201 cemprehendendae
1939 2130 2106 2184 sufﬁ-

459 2220 591 2273 ciat.
631 2219 745 2274 Nec
797 2220 950 2274 enim
1002 2219 1122 2272 ullo
1175 2218 1302 2272 ﬁeri
1361 2219 1532 2273 modo
1594 2224 1799 2290 potest,
1852 2223 1917 2273 ut
1975 2235 2106 2290 per-

459 2308 724 2378 spicuam
793 2308 944 2378 quis,
1013 2307 1405 2377 omnibusque
1479 2309 1739 2362 numeris
1776 2307 2106 2363 absolutam

463 2397 724 2454 veritatis
811 2397 1200 2467 cognitionem
1299 2401 1670 2467 assequatur.
1749 2397 2107 2468 Expediisset

463 2488 698 2558 quidem
735 2491 910 2554 certe,
943 2491 1008 2541 ut
1059 2487 1263 2541 mundi
1297 2489 1498 2558 Opifex
1548 2503 1648 2558 per
1697 2493 1920 2543 creatas
1971 2505 2004 2542 a
2045 2505 2106 2542 se

461 2593 554 2631 res
585 2593 700 2631 non
735 2576 1102 2631 innotuisset.
1141 2575 1265 2630 Dici
1307 2576 1462 2630 enim
1497 2591 1614 2630 non
1655 2581 1848 2646 potest
1887 2581 2105 2647 quanto

459 2665 774 2720 interstitio
804 2665 1038 2720 Creator
1058 2681 1090 2719 a
1120 2669 1386 2720 creatura
1408 2666 1488 2720 sit
1516 2665 1782 2722 dissitas.

1079 2782 1235 2838 CAP.
1279 2781 1477 2838 XXIV.

463 2893 890 2957 Demonstratio,
921 2907 1030 2962 qua
1055 2891 1222 2945 Deum
1253 2906 1322 2944 ex
1351 2907 1412 2945 eo
1443 2890 1588 2960 quod
1643 2899 1848 2945 natura
1898 2889 2104 2944 Filium

530 2962 711 3027 habet,
783 2963 1074 3026 adoptione
1149 2977 1360 3033 quoque
1413 2962 1558 3032 ﬁlios
1606 2962 1827 3027 habere,
1895 2969 1948 3033 et
1995 2963 2106 3033 nisi

532 3034 819 3088 naturalis
867 3033 1048 3088 Filius
1076 3032 1464 3104 préecessisset,
1495 3034 1767 3104 adeptivis
1815 3032 1925 3088 loci
1955 3032 2106 3087 nihil

533 3105 804 3176 reliquum
823 3107 1018 3174 fuisse,
1049 3105 1332 3175 probatur.

529 3217 694 3282 Quod
721 3217 768 3271 si
798 3217 1024 3273 Christo
1073 3219 1206 3289 quis
1270 3221 1330 3273 ut
1391 3217 1572 3274 Filius
1625 3219 1721 3273 Dei
1775 3223 2100 3286 vocaretur,

461 3306 956 3375 quemadmodum
1015 3311 1072 3360 et
1126 3307 1370 3373 sanctis,
1431 3312 1487 3363 et
1547 3307 1767 3374 Israeli,
1823 3307 2102 3378 obtigisse

458 3393 646 3465 gratia
683 3395 1012 3460 contendat,
1061 3395 1210 3450 scire
1239 3395 1411 3450 debet
1441 3399 1776 3450 sanctorum
1809 3395 2102 3451 neminem

461 3482 763 3554 perspicue
797 3481 982 3538 ﬁlium
1015 3501 1046 3539 a
1075 3483 1191 3539 Deo
1229 3489 1498 3540 vocatum
1529 3484 1731 3540 videri.
1775 3486 1896 3540 Imo
1947 3502 2104 3540 com-

465 3571 624 3625 muni
656 3587 860 3626 omnes
894 3571 1146 3642 quodam
1181 3571 1415 3627 nomine
1465 3571 1614 3628 ﬁlios
1645 3572 1946 3645 appellari,
1991 3589 2103 3629 non

463 3677 630 3716 secus
682 3665 858 3731 atque
921 3677 1120 3716 servos
1169 3661 1478 3717 benevolos
1543 3680 1574 3717 a
1637 3663 1880 3720 Domino
1953 3664 2102 3719 ﬁlios

463 3753 576 3808 dici
625 3753 910 3810 videmus.
965 3755 1213 3826 Magnus
1259 3760 1412 3811 certe
1463 3755 1572 3811 fuit
1619 3757 2012 3824 Abrahamus,
2045 3761 2105 3812 at

462 3843 562 3897 Dei
617 3841 772 3898 ﬁlius
827 3859 1204 3915 nequaquam
1266 3844 1457 3900 dictus
1529 3849 1634 3900 est.
1693 3846 1946 3917 Magnus
1997 3847 2106 3900 fuit

456 3933 674 4002 Moyes,
711 3935 773 3986 et
824 3936 1016 3985 caeteri
1067 3948 1272 3987 omnes
1321 3932 1636 4004 prophetae,
1678 3950 1878 3988 eorum
1909 3942 2103 3989 tamen

459 4017 752 4074 neminem
839 4023 992 4075 Deus
1046 4020 1283 4076 nomine
1341 4021 1594 4077 ﬁliorum
1654 4023 1932 4094 dignatus
1992 4027 2100 4078 est.

458 4107 756 4162 Christum
815 4123 1016 4164 verum
1063 4113 1188 4164 tum
1249 4115 1398 4166 Deus
1457 4111 1580 4182 ipse
1621 4115 1791 4166 Pater
1820 4111 2102 4167 dilectum

463 4195 677 4250 Filium
732 4201 915 4260 vocat,
949 4201 1072 4252 tum
1127 4199 1421 4269 prophetae
1481 4216 1716 4270 quoque
1775 4199 1888 4271 ipsi
1946 4201 2101 4257 idem

463 4289 772 4342 testantur.
839 4286 952 4342 Nec
1001 4287 1057 4340 id
1089 4286 1279 4343 solum
1337 4294 1488 4360 post,
1523 4291 1624 4344 sed
1657 4295 1714 4344 et
1760 4295 1892 4346 ante
1924 4307 2102 4361 quam

461 4373 782 4430 humanam
836 4391 1068 4430 carnem
1109 4376 1399 4446 indueret,
1457 4378 1573 4433 imo
1617 4379 1810 4434 hercle
1841 4397 1972 4435 vero
2001 4397 2102 4434 an-

457 4469 696 4536 tequam
729 4466 987 4520 mundus
1037 4469 1401 4522 conderetur.
1437 4465 1586 4522 Illud
1619 4467 1798 4534 enim,
1833 4470 1913 4523 Ea:
1943 4479 2100 4525 utero

453 4563 581 4610 ante
638 4557 957 4624 Luci/erum
1003 4559 1172 4625 genui
1225 4560 1276 4610 te
1301 4553 1370 4622 ³⁸,
1425 4561 1482 4610 et
1525 4555 1692 4624 illud,
1747 4558 1891 4612 Ante
1920 4574 2104 4612 omnes

455 4646 616 4700 colles
635 4646 828 4716 genuit
861 4661 946 4700 me
973 4643 1045 4715 ³⁷,
1077 4645 1186 4700 hoc
1217 4648 1412 4716 ipsum
1457 4645 1784 4701 conﬁrmat.
1823 4649 1884 4700 In
1917 4647 2106 4703 homi-

459 4735 632 4790 nibus
683 4741 876 4790 autem
927 4751 1042 4790 non
1090 4735 1169 4789 ita
1201 4750 1263 4789 se
1313 4750 1400 4789 res
1439 4733 1631 4790 habet.
1695 4737 1896 4806 Itaque
1925 4753 1994 4791 ex
2019 4739 2108 4793 his

459 4825 647 4894 primo
705 4823 1000 4880 Christum
1033 4839 1146 4878 non
1181 4822 1492 4894 adoptione
1541 4827 1598 4878 et
1629 4824 1834 4892 gratia,
1865 4825 1964 4880 sed
1999 4843 2104 4882 na-

459 4915 591 4964 tura
621 4916 677 4965 et
727 4913 963 4968 veritate
995 4913 1208 4968 Filium
1241 4911 1343 4967 Dei
1374 4912 1488 4968 dici
1552 4917 1818 4968 constat:
1857 4930 1922 4969 eo
1947 4915 2102 4985 quod

459 5015 656 5052 eorum
692 5001 790 5068 qui
835 5001 1019 5072 gratia
1050 5001 1156 5055 ﬁlii
1189 5005 1328 5055 sunt
1379 5000 1608 5056 nullum
1645 5005 1794 5056 Deus
1845 5002 1952 5057 hoc
1985 5004 2102 5075 pri-

459 5087 637 5140 vatim
699 5089 932 5144 nomine
989 5089 1353 5161 compellarit
1399 5107 1411 5144 :
1461 5090 1552 5144 cui
1613 5091 1844 5161 quidem
1907 5093 2102 5162 amici,

459 5174 630 5242 servi,
671 5185 722 5230 et
755 5178 952 5232 famuli
989 5195 1198 5234 nomen
1225 5181 1282 5233 in
1317 5197 1412 5234 ore
1435 5180 1710 5252 frequens
1743 5181 2104 5252 obversatur,

459 5263 536 5316 ﬁli
571 5279 702 5319 vero
735 5281 1080 5335 nunquam;
1123 5269 1352 5323 Christo
1399 5275 1594 5324 autem
1645 5269 1752 5325 soli
1799 5273 2105 5343 perspicue

461 5352 574 5403 κατ’
633 5349 853 5425 ἐξοχὴν,
913 5353 1022 5408 hoc
1080 5361 1169 5411 est
1227 5373 1330 5428 per
1406 5357 1830 5425 excellentiam,
1888 5377 2101 5416 nomen

461 5438 588 5494 Filii
619 5441 812 5497 dilecti
871 5441 1155 5499 attribuit.
1219 5445 1382 5506 Quod
1437 5447 1680 5503 Davides
1730 5466 1964 5520 quoque
2011 5451 2104 5505 his

2215 1883 2532 1953 quominus
2564 1878 2778 1950 angeli,
2811 1894 2941 1932 cum
2979 1877 3098 1931 sint
3127 1874 3468 1930 hominibus
3503 1875 3692 1928 multo
3717 1892 3850 1946 pra:-

2213 1972 2548 2034 stantiores,
2581 1965 2969 2039 spiritualium
3021 1964 3272 2020 ﬁliorum
3313 1969 3504 2036 patres
3537 1965 3806 2019 dicantur
3835 1981 3848 2019 :

2213 2059 2475 2116 hormines
2493 2063 2684 2112 autem
2705 2057 2976 2111 dicantur
2994 2053 3021 2107 ?
3044 2053 3538 2123 quemadmodum
3571 2053 3648 2109 de
3679 2055 3848 2108 Abra-

2212 2149 2386 2204 hamo
2447 2147 2728 2202 Dominus
2777 2145 2858 2200 ait
2908 2161 2920 2199 :
2971 2145 3188 2198 Patrem
3249 2143 3553 2197 multarum
3609 2145 3849 2214 gentium

2209 2227 2472 2294 constitui
2498 2241 2546 2291 te
2577 2235 2646 2300 3°,
2681 2235 2836 2306 quod
2858 2235 2927 2289 de
2945 2232 3107 2288 nullo
3127 2231 3468 2304 angelorum
3491 2233 3710 2287 dictum
3741 2241 3844 2287 est.

2211 2329 2460 2386 Omnino
2490 2333 2684 2384 autem
2731 2326 2870 2396 quia
2928 2323 3210 2379 naturalis
3267 2323 3612 2378 hominibus
3669 2327 3754 2378 est
3781 2321 3844 2376 li-

2209 2421 2478 2475 berorum
2539 2415 2886 2488 procreatio,
2919 2411 3156 2484 angelis
3177 2429 3310 2468 vero
3369 2429 3482 2466 non
3543 2413 3702 2478 item,
3760 2411 3844 2465 id-

2209 2509 2363 2564 circo
2395 2507 2483 2562 illi
2513 2522 2660 2577 quos
2713 2521 2815 2576 per
2843 2503 3092 2573 gratiam
3123 2501 3279 2557 Deus
3325 2501 3645 2572 adoptavit,
3679 2507 3838 2556 natu-

2209 2599 2392 2655 ralem
2449 2595 2664 2652 Christi
2717 2593 3058 2648 ﬁliationem
3115 2592 3482 2647 conﬁrmant.
3547 2591 3654 2647 Ubi
3700 2589 3836 2645 enim

2209 2689 2444 2752 veritas,
2503 2685 2582 2740 ibi
2627 2687 2685 2739 et
2731 2683 2996 2739 veritatis
3045 2682 3292 2754 species.
3353 2679 3460 2734 Ubi
3511 2697 3737 2750 corpus,
3767 2677 3835 2732 ibi

2210 2783 2266 2832 et
2319 2775 2546 2830 umbra.
2595 2771 2705 2828 Ubi
2746 2769 3059 2840 exemplar,
3119 2770 3200 2824 ibi
3232 2775 3288 2824 et
3345 2769 3558 2841 imago.
3615 2767 3837 2824 Proinde

2210 2865 2349 2936 quia
2399 2871 2664 2918 naturam
2713 2860 2984 2932 sequitur
3012 2859 3270 2930 adoptio,
3339 2859 3388 2913 si
3447 2867 3652 2913 natura
3706 2857 3836 2928 prie-

2209 2954 2435 3021 existat,
2484 2949 2783 3022 adoptioni
2829 2965 3060 3021 quoque
3107 2949 3271 3004 locus
3311 2947 3437 3003 erit.
3475 2949 3514 3002 E
3545 2945 3828 3012 contrario,

2211 3041 2326 3098 nisi
2385 3045 2594 3097 natura
2640 3040 2990 3111 praaexistat,
3043 3038 3277 3108 adeptio
3331 3037 3652 3107 neutiquam
3699 3048 3820 3087 con-

2143 3160 2186 3226 Ο
2217 3131 2424 3186 sistere
2455 3133 2665 3200 potest.

2847 3242 3002 3298 CAP.
3044 3241 3214 3300 XXV.

2209 3357 2284 3410 De
2323 3354 2625 3424 Principio,
2683 3351 3052 3424 Principium,
3103 3351 3162 3406 id
3219 3356 3298 3406 est
3347 3352 3492 3424 Deus
3537 3355 3712 3413 Pater,
3741 3347 3830 3424 qui

2281 3421 2620 3498 quiscunque
2664 3425 2826 3498 ,vult,
2877 3421 2950 3498 ea
3003 3429 3204 3494 potest.
3255 3423 3480 3498 Primus
3561 3425 3611 3476 et
3663 3421 3834 3498 noris-

2279 3493 2475 3562 simus,
2524 3493 2873 3562 ‘1'nvisibilis,
2929 3493 3253 3562 immensus,
3323 3493 3832 3560 incircumscriptus,

2281 3571 2658 3639 incorporeus,
2757 3566 3106 3639 inde/initus,
3179 3579 3440 3632 (εισι-ηαδ,
3529 3565 3835 3619 δασειῶν-ατη

2280 3638 2518 3706 creator,
2549 3641 2722 3694 variis
2752 3638 3048 3709 Scriptura
3077 3639 3212 3694 locis
3231 3639 3517 3708 probatur.

2281 3759 2484 3814 Totius
2519 3773 2708 3813 rerum
2764 3755 3161 3811 universitatis
3221 3771 3405 3810 unum
3463 3771 3596 3810 esse
3650 3752 3846 3826 princi-

2211 3849 2371 3921 pium
2431 3853 2486 3903 et
2541 3847 2766 3902 Veteris
2819 3853 2871 3902 et
2927 3846 3068 3902 Novi
3145 3845 3500 3901 Testamenti
3560 3845 3844 3914 Scriptura

2210 3943 2459 3995 constat.
2491 3937 2777 3992 Nimirum
2813 3936 3096 3992 universa:
3129 3935 3332 3990 mundi
3365 3935 3650 3991 machinae
3679 3940 3844 3990 Deum

2209 4031 2266 4082 et
2296 4029 2524 4080 Patrem
2559 4025 2790 4080 Domini
2845 4027 3032 4080 nostri
3061 4023 3200 4079 Jesu
3231 4023 3469 4091 Christi,
3501 4021 3843 4094 ingenitum,

2209 4115 2468 4170 interitui
2529 4131 2644 4170 non
2705 4115 3045 4183 obnoxium,
3107 4117 3408 4182 aeternum,
3477 4113 3846 4176 immensum,

2209 4203 2806 4274 incircumscriptu'n,
2835 4203 3229 4269 indeﬁnitum,
3265 4202 3749 4274 incompositum,
3779 4201 3852 4254 in-

2210 4307 2578 4362 corporeum,
2683 4290 3058 4358 invisibilem,
3157 4289 3506 4362 simplicem,
3627 4293 3850 4354 bonum,

2202 4381 2456 4450 justum,
2493 4379 2690 4434 lumen
2724 4380 2845 4434 solo
2893 4379 3190 4435 intellectu
3225 4377 3632 4452 pcrceptibile,
3669 4389 3851 4451 poten-

2211 4469 2350 4524 tiam
2387 4468 2953 4536 immensurabilem,
3007 4469 3174 4538 cujus
3205 4473 3404 4522 tamen
3466 4467 3648 4523 unica
3707 4483 3850 4522 men-

2211 4575 2350 4615 sura
2406 4561 2516 4626 est,
2595 4557 2794 4612 divina
2852 4556 3075 4612 scilicet
3141 4556 3430 4612 voluntas.
3494 4560 3854 4627 Quaecunque

2219 4648 2374 4702 enim
2417 4645 2556 4712 vult,
2616 4646 2818 4701 eadem
2853 4661 3081 4716 quoque
3133 4649 3344 4716 potest.
3380 4645 3544 4708 Quod
3581 4644 3856 4717 Propheta

2219 4737 2311 4791 his
2351 4735 2540 4791 verbis
2571 4739 2766 4806 aperte
2827 4737 3189 4791 demonstrat
3219 4751 3231 4790 :
3267 4733 3469 4790 Omnia
3525 4735 3690 4790 enim
3719 4750 3854 4806 quir-

2217 4842 2430 4896 cunque
2459 4825 2633 4880 voluit
2661 4825 2945 4890 Dominus,
2987 4823 3121 4895 fecit
3152 4823 3216 4877 ⁴⁰.
3251 4823 3670 4879 Praedictorum
3705 4835 3852 4893 porro

2212 4916 2511 4970 veritatem
2573 4929 2738 4968 sacra
2813 4913 3108 4984 Scriptura
3166 4913 3497 4967 conﬁrmat.
3579 4913 3855 4968 Audimus

2215 5003 2369 5058 enim
2435 5003 2612 5056 Deum
2674 5001 2846 5056 sicin
2907 5000 3289 5072 legislalionis
3344 5017 3462 5054 sua
3499 5001 3668 5056 initio
3699 5001 3858 5055 verba.

2216 5093 2523 5148 facientem
2561 5111 2573 5150 :
2613 5095 2717 5164 Ego
2749 5109 2870 5148 sum
2919 5095 3182 5148 Dominus
3211 5093 3348 5146 Deus
3385 5097 3537 5159 tuus,
3573 5095 3676 5163 qui
3703 5089 3860 5146 eduxi

2215 5191 2265 5238 te
2294 5183 2362 5238 de
2405 5191 2553 5238 terra
2609 5184 2853 5253 ﬁgypti.
2913 5182 3030 5237 Non
3089 5187 3255 5236 erunt
3285 5181 3390 5234 tibi
3440 5181 3526 5234 dii
3581 5180 3761 5236 alieni
3786 5193 3862 5232 co-

2215 5289 2334 5327 ram
2363 5289 2450 5328 me
2501 5271 2568 5328 ‘1.
2603 5273 2742 5326 Item
2777 5271 2889 5326 alio
2953 5271 3102 5340 loco,
3151 5269 3318 5333 Audi,
3375 5270 3568 5336 Israel,
3605 5271 3864 5326 Dominus

2215 5361 2356 5416 Deus
2415 5369 2542 5416 tuus
2600 5361 2862 5417 Dominus
2919 5376 3062 5414 unus
3120 5363 3201 5413 est
3249 5357 3315 5412 ".
3377 5357 3477 5411 His
3537 5357 3864 5430 astipulan-

2215 5455 2310 5504 tur
2360 5455 2416 5505 et
2471 5449 2591 5516 illa,
2653 5465 2774 5520 quae
2833 5465 2936 5520 per
3001 5449 3211 5504 Isaiam
3271 5445 3618 5518 prophetam
3683 5448 3860 5502 docet.

533 5555 760 5636 3“_Ps_al.
809 5577 927 5636 uix,
957 5561 1010 5614 3.
1094 5560 1138 5594 ³⁷
1171 5565 1327 5636 P_rov.
1391 5578 1510 5629 VIII,
1559 5565 1649 5620 25.
1727 5565 1771 5600 ³⁸
1797 5566 1949 5622 Psal.
2000 5583 2264 5636 Lxxxvm,
2321 5569 2376 5625 7.
2455 5567 2499 5602 ³⁸
2530 5569 2671 5624 Gel.
2729 5584 2868 5636 xvu,
2901 5569 2954 5623 4.
3031 5565 3076 5600 ⁴⁰
3103 5563 3258 5620 Psal.
3291 5579 3449 5634 exui,
3483 5563 3535 5618 3.
3615 5561 3864 5619 “Exod.

461 5645 555 5694 xx,
585 5631 640 5698 2,
672 5631 723 5685 3.
803 5633 850 5666 ‘2
876 5633 1044 5688 Deut.
1074 5645 1152 5699 VI,
1187 5633 1236 5686 4.
