4090 6298
253 405 410 468 I153

1600 406 1998 469 THESAURI
2046 406 2190 466 LIB.
2238 407 2318 466 II.

3511 420 3667 480 1154

251 548 402 619 Ego,
453 545 606 602 enim
657 545 866 617 inquit,
915 562 1034 601 sum
1083 548 1221 602 Deus
1267 545 1505 616 primus,
1557 549 1610 601 et
1656 560 1754 614 ego
1806 557 1900 598 no-
1937 543 1990 609 Α
2019 541 2243 606 Quibus
2268 542 2440 596 etiam
2473 541 2668 598 verbis
2691 542 2858 598 illum
2894 546 3170 602 omnibus
3229 547 3291 604 in
3343 551 3517 606 rebus
3576 554 3668 608 in—

254 637 536 701 vissimus,
569 641 621 691 et
647 635 848 705 absque
876 651 960 690 me
990 653 1107 689 non
1137 643 1215 691 est
1246 637 1388 690 Deus
1417 634 1486 689 ‘3.
1520 636 1654 690 Ante
1683 649 1770 689 me
1795 649 1908 688 non

258 731 339 781 est
392 728 666 796 formatus
724 725 860 778 Deus
907 723 1081 791 alius,
1139 740 1250 779 non
1304 725 1438 794 fuit,
1496 741 1594 780 nec
1648 731 1766 794 post
1822 738 1911 777 me

257 819 482 885 futurus
539 823 640 880 est,
697 829 798 868 nec
845 814 992 867 alius
1046 817 1126 870 est
1174 823 1376 884 prater
1418 830 1524 868 me.
1584 814 1746 879 Item,
1801 813 1908 882 Ego

257 905 418 970 Deus,
470 919 568 958 nec
605 911 687 958 est
743 910 946 972 praeter
975 919 1081 971 me,
1131 904 1314 974 justus
1369 911 1630 967 servator,
1688 917 1784 956 nec
1833 909 1910 956 est

253 997 461 1065 praeter
519 1007 605 1047 me
633 993 697 1047 ⁸⁸.
760 991 982 1055 Quibus
1040 997 1195 1048 certe
1252 993 1442 1048 verbis
1509 991 1902 1058 Valentinum,

261 1084 545 1152 Marcum,
606 1081 935 1149 Basilidem,
994 1087 1050 1137 et
1100 1083 1448 1138 Marcionem
1487 1081 1761 1136 vanitatis
1815 1097 1908 1136 co-

263 1173 480 1245 arguit,
515 1187 702 1242 neque
732 1170 888 1226 enim
925 1175 1058 1226 ante
1105 1187 1259 1235 eum,
1315 1187 1504 1244 neque
1561 1174 1693 1242 post
1747 1186 1907 1227 eum:

263 1260 363 1315 alii
425 1259 699 1330 cuiquam
755 1258 854 1314 Dei
914 1275 1121 1314 nomen
1180 1259 1420 1315 tribuit:
1481 1259 1583 1314 scd
1639 1258 1907 1313 eumdem

259 1349 521 1420 primum
554 1353 611 1403 et
639 1353 997 1420 postremum
1031 1364 1160 1404 esse
1190 1348 1516 1405 conﬁrmat.

894 1483 1047 1538 CAP.
1087 1483 1269 1539 XXVI.

330 1602 409 1655 De
437 1603 620 1656 Patre.
673 1600 938 1654 Videntur
986 1599 1100 1654 hare
1146 1600 1576 1670 praecedentibus
1617 1598 1834 1671 ἀμέσως

903 1673 1267 1726 adnectenda.

327 1791 442 1844 His
473 1807 642 1860 porro
674 1805 975 1844 sacrarum
1007 1789 1438 1858 Scripturarum
1472 1790 1734 1845 doctrina
1764 1807 1899 1846 con-

2019 631 2527 702 circumscriptum
2562 647 2692 686 esse
2723 636 3013 690 ostendit:
3047 651 3115 691 ex
3159 637 3327 707 cujus
3387 641 3664 698 nimirum
3723 634 3728 638 ’

2019 717 2384 789 providentia
2415 721 2612 774 omnia
2653 720 3037 790 dependeant.
3087 722 3241 779 Idem
3282 726 3338 780 in
3373 726 3487 783 alia
3517 746 3670 798 qua-

2019 808 2152 862 dam
2183 807 2522 879 hymnodia,
2556 825 2655 863 seu
2690 807 2928 865 laudum
2979 813 3232 882 cantico,
3291 816 3360 868 ad
3393 833 3526 871 eum
3580 819 3666 876 sic

2019 895 2140 949 ait:
2165 899 2284 966 Quo
2316 896 2402 951 ibo
2431 914 2464 951 a
2519 899 2724 967 spiritu
2753 903 2866 964 tuo,
2910 908 3006 955 aut
3035 917 3142 971 quo
3203 919 3240 957 a
3269 904 3413 974 facie
3442 910 3539 961 tua
3567 911 3659 975 fu-

2016 987 2197 1054 giam?
2225 985 2287 1040 Si
2315 985 2606 1040 ascendero
2639 987 2696 1040 in
2725 989 2943 1056 caelum,
2973 994 3038 1044 tu
3066 990 3188 1046 illic
3219 1008 3314 1054 es;
3355 994 3408 1050 si
3449 996 3664 1050 descen-

2017 1073 2145 1127 dero
2177 1075 2242 1129 in
2298 1076 2603 1144 infernum,
2637 1077 2780 1132 ades.
2818 1077 2877 1132 Si
2934 1095 3210 1150 sumpsero
3258 1098 3467 1153 pennas
3521 1103 3670 1141 meas

2017 1163 2283 1232 diluculo,
2314 1172 2364 1218 et
2396 1165 2714 1221 habitavero
2775 1169 2835 1220 in
2875 1172 3140 1225 extremis
3191 1177 3365 1228 maris
3390 1194 3408 1228 :
3467 1177 3666 1231 ctenim

2019 1251 2141 1307 illic
2171 1269 2371 1307 manus
2418 1258 2514 1309 tua
2561 1255 2788 1310 deducet
2833 1273 2936 1323 me,
2963 1263 3014 1312 et
3058 1262 3338 1332 occupabit
3389 1281 3474 1320 me
3533 1267 3672 1321 des:-

2017 1346 2136 1396 tera
2191 1347 2289 1397 tua
2318 1341 2386 1398 5’.
2447 1342 2578 1398 Hzec
2639 1344 2841 1415 utique
2916 1346 3489 1423 incircumscriptam
3543 1357 3670 1426 ejus

2019 1431 2413 1487 substantiam
2446 1437 2505 1487 et
2535 1435 2854 1505 potentiam
2889 1437 3202 1494 declarant.
3238 1441 3416 1496 Isaias
3440 1460 3671 1515 quoquc

2021 1520 2298 1591 prepheta
2347 1521 2600 1577 clamat:
2658 1523 2764 1590 Qui
2811 1525 2957 1581 sedet
3013 1543 3172 1597 super
3224 1547 3427 1600 gyrum
3480 1537 3667 1600 terrm,

2017 1612 2069 1662 et
2105 1609 2445 1665 habitatores
2499 1611 2614 1680 ejus
2667 1616 2794 1666 sunt
2853 1619 3118 1685 tanquam
3167 1617 3384 1673 locustae
3420 1619 3485 1674 ⁵³.
3547 1622 3670 1676 Alio

2020 1697 2158 1751 item
2209 1698 2331 1753 loco
2392 1699 2678 1755 idolorum
2741 1702 3150 1773 impotentiam
3209 1708 3674 1781 reprehendens,

2019 1786 2138 1841 haec
2187 1789 2446 1857 subjicit,
2501 1789 2716 1858 quibus
2771 1791 2870 1846 Dei
2926 1794 3330 1851 universorum
3387 1799 3670 1869 cognitio-

260 1886 548 1936 sentanea
577 1885 682 1935 est.
713 1881 982 1935 Servator
1012 1880 1165 1934 enim
1208 1885 1265 1934 et
1322 1880 1604 1936 Dominus
1638 1888 1834 1937 noster
1859 1883 1908 1937 is
1938 1869 1984 1931 Β
2018 1892 2150 1930 nem
2184 1877 2590 1947 adipiscamur.
2639 1879 2780 1950 Quis
2837 1881 3015 1952 enim,
3051 1883 3255 1955 inquit,
3318 1903 3537 1942 mensus
3593 1897 3672 1944 est

257 1974 368 2038 est,
409 1969 510 2040 qui
568 1985 800 2024 omnem
856 1985 956 2040 pro
1009 1969 1176 2024 nobis
1201 1969 1493 2040 justitiam
1553 1970 1912 2042 adimplevit.

257 2059 391 2129 Ipse
425 2057 581 2112 enim
636 2057 780 2113 dixit
808 2056 1043 2124 Joanni,
1102 2058 1231 2111 Sine
1267 2060 1448 2128 modo,
1477 2059 1558 2114 sic
1587 2061 1736 2115 enim
1769 2061 1916 2116 decet

254 2163 352 2202 nos
416 2146 646 2218 implere
704 2162 920 2202 omnem
973 2146 1356 2217 justitiam“.
1411 2148 1570 2203 Idem
1627 2153 1916 2219 quatenus

254 2237 461 2300 homo,
524 2238 784 2291 oratione
845 2251 985 2290 usus
1045 2240 1155 2300 est,
1215 2239 1272 2290 et
1329 2253 1361 2290 a
1417 2237 1583 2291 Patre
1628 2238 1813 2307 petiit,
1851 2243 1916 2294 ut

258 2323 566 2398 apostolos
593 2326 840 2380 doceret.
876 2326 1064 2395 Atque
1111 2325 1169 2379 in
1204 2324 1479 2380 orationis
1540 2325 1724 2381 forma
1755 2328 1913 2382 theo-

258 2414 516 2486 logicam
547 2413 874 2469 doctrinam
935 2411 1241 2484 discipulis
1292 2413 1631 2469 insinuavit.
1675 2419 1809 2471 Haec
1838 2421 1916 2470 est

262 2503 440 2569 enim,
475 2502 687 2574 inquit,
723 2503 834 2557 vita
888 2509 1126 2571 aeterna,
1186 2511 1246 2558 ut
1297 2508 1577 2574 cognoscat
1634 2514 1685 2559 te
1740 2507 1915 2559 solum

261 2610 459 2649 verum
489 2595 658 2648 Deum
689 2594 751 2647 ⁸⁸.
788 2595 953 2662 Item,
987 2595 1258 2663 Conﬁteor
1288 2594 1405 2656 tibi,
1439 2597 1631 2661 Pater,
1685 2597 1916 2652 Domine

256 2684 393 2738 εωιὶ
422 2686 474 2737 et
518 2686 697 2752 terrm,
759 2683 1017 2752 quoniam
1072 2682 1405 2737 abscondisti
1452 2683 1570 2739 haec
1599 2701 1633 2738 a
1690 2687 1910 2755 sapien-

264 2771 417 2826 tibus
475 2780 526 2826 et
582 2772 838 2826 revelasti
893 2771 996 2825 illa
1045 2773 1298 2841 parvulis
1337 2773 1399 2826 ⁸⁷.
1460 2772 1607 2837 Quin
1667 2778 1723 2827 et
1773 2791 1909 2828 san-

260 2863 396 2914 ctus
429 2859 748 2928 Apostolus
779 2861 862 2914 sic
889 2860 1006 2914 ait:
1058 2861 1192 2930 Regi
1219 2863 1407 2915 autem
1449 2863 1778 2917 saeculorum
1808 2865 1917 2918 im-

258 2948 518 3014 mortali,
560 2947 852 3018 invisibili,
917 2949 1026 3004 soli
1077 2951 1202 3019 Deo,
1262 2951 1433 3005 honor
1489 2957 1540 3004 et
1612 2952 1789 3021 gloria
1853 2955 1912 3008 in

259 3038 472 3094 saecula
531 3039 873 3108 seculorum,
949 3041 1120 3095 Amen
1179 3040 1241 3095 ⁸⁸.
1315 3043 1483 3108 Item,
1549 3043 1695 3098 Unus
1754 3044 1912 3114 Deus,

257 3143 410 3181 unus
439 3126 708 3181 mediator
736 3127 835 3182 Dei
864 3131 914 3182 et
957 3129 1263 3197 hominum,
1297 3135 1452 3185 homo
1478 3130 1720 3186 Christus
1741 3133 1910 3188 Jesus.

259 3219 456 3273 Item:
491 3217 638 3275 Unus
669 3217 808 3270 Deus
858 3221 1041 3284 Pater,
1073 3235 1144 3272 ex
1190 3236 1298 3290 quo
1328 3222 1515 3276 omnia
1544 3218 1612 3273 ⁸9.

261 3305 606 3377 hujusmodi
638 3305 916 3378 pleraque
947 3307 1281 3363 testimonia
1313 3308 1371 3362 in
1407 3316 1651 3380 utroque
1710 3310 1913 3366 Testa-

258 3399 467 3451 mento
503 3396 758 3466 reperire
788 3400 898 3462 est,
931 3413 1058 3468 quae
1091 3396 1238 3451 hanc
1275 3399 1645 3454 concordiam
1703 3400 1913 3454 conﬁr-

258 3492 448 3550 ment,
513 3501 816 3554 unumque
899 3485 1082 3541 Deum
1148 3487 1483 3557 praedicent,
1556 3503 1729 3558 quem
1787 3493 1913 3543 tum

254 3579 494 3641 Vetere,
554 3577 680 3628 tum
741 3574 898 3630 Novo
960 3575 1335 3631 Testamento
1394 3575 1745 3632 invisibilem
1787 3594 1915 3633 esse

251 3667 512 3720 constat.
551 3665 614 3717 In
649 3663 853 3718 Vetere
905 3663 1058 3719 enim
1093 3665 1163 3718 ad
1225 3664 1445 3720 Mosem
1505 3665 1589 3721 sic
1621 3665 1740 3720 ait:
1798 3667 1914 3722 Non

248 3755 404 3809 enim
427 3751 640 3807 videbit
672 3768 756 3806 me
786 3752 946 3807 homo
978 3762 1028 3808 et
1063 3755 1206 3808 vivet
1235 3753 1300 3810 ⁸ο.
1356 3757 1419 3809 In
1474 3757 1657 3809 sacris
1717 3759 1914 3810 autem

248 3840 597 3913 Evangeliis
654 3840 937 3896 Dominus
1010 3841 1193 3896 dixit:
1254 3844 1418 3898 Nemo
1489 3843 1628 3898 vidit
1671 3844 1914 3909 Patrem,

248 3933 366 3988 nisi.
396 3932 504 4003 qui
553 3934 637 3984 est
667 3945 736 3985 ea:
784 3932 916 3999 Deo,
949 3930 1042 3985 hic
1070 3931 1208 3986 vidit
1252 3937 1494 3988 Patrem.
1548 3932 1665 3987 Hoc
1719 3932 1913 4003 ipsum

247 4021 498 4077 divinus
560 4018 736 4073 etiam
801 4020 1160 4091 evangelista
1231 4020 1316 4074 sic
1377 4019 1713 4076 exclamans
1771 4024 1914 4075 atte-

249 4117 482 4167 statur:
557 4111 727 4165 Deum
776 4125 937 4164 nemo
993 4109 1131 4165 vidit
1184 4126 1448 4181 unquam.
1502 4110 1726 4165 Iudicat
1783 4126 1916 4165 vero

248 4201 430 4257 etiam
475 4199 639 4256 unde
668 4200 724 4254 id
760 4199 1048 4267 didicerit,
1107 4199 1306 4255 subdit
1336 4200 1530 4254 enim:
1594 4200 1918 4270 Ungienitus

273 4295 372 4362 qui
401 4297 485 4347 est
530 4291 589 4344 in
638 4291 768 4344 sinu
822 4289 1028 4356 Patris,
1089 4289 1186 4344 ille
1241 4290 1543 4344 enarravit.
1603 4289 1917 4360 Apostolus

243 4396 486 4452 quoque
539 4377 622 4432 sic
682 4377 1002 4433 exclamat:
1063 4377 1400 4448 Immortali,
1454 4376 1754 4443 invisibili,
1816 4379 1920 4434 soli

244 4469 525 4539 sapienti,
560 4467 732 4522 honor
760 4475 809 4522 et
836 4466 1016 4539 gloria
1032 4465 1094 4521 in
1117 4467 1325 4522 saecula
1363 4467 1699 4523 saeculorum
1720 4473 1914 4523 Amen.

250 4557 448 4610 Item:
487 4556 661 4622 Quem
702 4571 861 4611 nemo
890 4556 1028 4610 vidit
1058 4555 1364 4623 hominum,
1395 4571 1570 4626 neque
1600 4555 1789 4611 videre
1817 4573 1914 4628 po-

253 4645 412 4701 terit.
453 4645 815 4700 Immensum
855 4660 1025 4716 porro
1056 4650 1113 4701 et
1144 4645 1720 4718 incircumscriptum
1748 4662 1914 4701 eum-

254 4735 392 4791 dem
459 4749 613 4803 esse,
675 4734 807 4790 aliis
866 4751 934 4789 ex
995 4735 1300 4806 utriusque
1361 4735 1722 4790 Testamenti
1770 4734 1913 4790 locis

251 4824 543 4878 dicimus.
614 4822 800 4893 Atque
872 4824 932 4878 in
1011 4822 1215 4879 Vetere
1288 4825 1520 4894 quidem
1579 4824 1734 4880 Deus
1794 4825 1912 4879 ait:

250 4920 457 4974 Nonne
487 4914 686 4966 cretum
707 4918 757 4967 et
788 4923 991 4969 terram
1052 4930 1145 4984 ego
1172 4914 1444 4985 compleo?
1462 4915 1598 4969 dicit
1630 4916 1912 4969 Dominus.

250 5006 408 5061 Item
446 5016 460 5054 :
495 5000 707 5056 Ccelum
736 5003 876 5057 mihi
903 5003 1052 5058 sedes
1107 5013 1186 5059 est
1215 5013 1366 5059 terra
1406 5009 1591 5059 autem
1620 5004 1919 5060 scabellum

249 5091 468 5166 pedum
497 5104 765 5146 meorum.
801 5093 972 5159 Quam
990 5093 1209 5148 domum
1228 5092 1576 5164 aedificabitis
1609 5092 1750 5147 mihi
1778 5092 1806 5147 ‘l
1833 5093 1921 5147 di-

248 5185 332 5239 cit
399 5179 690 5235 Dominus.
780 5182 883 5235 γει
963 5181 1085 5252 quis
1141 5183 1289 5239 locus
1361 5183 1562 5253 quietis
1613 5197 1751 5239 meae
1801 5183 1923 5237 est?

247 5269 516 5327 Davides
553 5281 783 5338 quoque
813 5267 1026 5323 divinis
1059 5269 1319 5325 moribus
1352 5270 1702 5341 conspicuus
1733 5270 1919 5323 excla-

247 5364 420 5417 mat:
458 5358 523 5411 In
559 5370 728 5410 manu
759 5357 881 5426 ejus
911 5361 1037 5412 sunt
1074 5374 1254 5415 omnes
1301 5361 1436 5428 ﬁnes
1493 5367 1658 5415 terra?
1683 5358 1765 5411 δίε
1824 5356 1923 5411 ubi

244 5462 506 5506 manum
539 5461 645 5515 pro
684 5446 1127 5518 dispensatricis
1150 5449 1380 5504 virtutis
1412 5449 1620 5503 effectu
1655 5452 1922 5517 usurpat.

321 5575 370 5608 ⁸³
401 5575 522 5627 Isa.
587 5588 730 5636 XLIV,
764 5575 822 5628 6.
897 5572 943 5607 ⁸⁴
974 5577 1086 5630 lsa.
1147 5591 1303 5638 XLIII,
1340 5573 1426 5636 10,
1465 5575 1548 5628 11.

341 5645 438 5697 21.
550 5639 599 5674 ⁸⁸
630 5646 648 5697 Ι
680 5645 825 5697 Tim.
861 5660 900 5697 ι.
934 5646 1020 5697 17.
1099 5644 1146 5678 ⁴⁹
1177 5645 1198 5697 Ι
1232 5645 1379 5697 Tim.
1415 5661 1477 5697 ιι.
1506 5646 1541 5697 5

245 5663 307 5711 x,
342 5663 438 5698 21.

245 5730 537 5779 cxxxvm,
572 5713 606 5762 7
639 5732 802 5786 seqq.
881 5716 926 5750 ³³
957 5719 1068 5771 Isa.
1103 5732 1192 5780 ιιι,
1224 5718 1318 5770 22.
1394 5714 1441 5748 ⁵⁸
1469 5716 1616 5770 Ibid.
1660 5713 1770 5782 ‘15,
1799 5716 1885 5771 18.

1654 5574 1699 5607 ι5

587 5588 730 5636 XLIV,
764 5575 822 5628 6.
897 5573 943 5607 ⁸⁴
974 5577 1086 5630 lsa.
1147 5591 1303 5638 XLIII,
1340 5573 1426 5636 10,
1465 5575 1548 5628 11.
1654 5574 1699 5607 ⁸⁵
1732 5573 1912 5628 Matth

550 5639 599 5674 ⁸⁸
630 5646 648 5698 Ι
680 5645 825 5699 Tim.
861 5660 900 5712 ι,
934 5646 1020 5701 17.
1099 5644 1146 5678 ⁴⁹
1177 5645 1198 5699 Ι
1232 5645 1379 5701 Tim.
1415 5661 1477 5711 ιι,
1506 5646 1578 5712 5;
1615 5645 1822 5715 Ephes.
1857 5661 1910 5699 ιν

572 5713 606 5762 7
639 5732 802 5770 seca.
881 5716 926 5750 ³³
957 5719 1068 5770 Isa.
1103 5732 1192 5770 ιιι.
1224 5718 1318 5770 22.
1394 5714 1441 5748 ⁵⁸
1469 5716 1616 5770 Ibid.
1680 5716 1885 5770 15.18.

2026 5588 2074 5640 ιι,
2109 5573 2192 5626 15.
2298 5573 2345 5605 ⁴⁶
2375 5573 2542 5627 Joan.
2603 5590 2740 5640 xvu,
2792 5575 2845 5629 3.
2950 5576 2995 5610 ⁸⁷
3024 5578 3225 5634 Matth.
3279 5593 3353 5643 χι,

2092 5643 2139 5678 ⁵ο
2169 5644 2344 5698 Exod.
2405 5659 2601 5708 xxxm,
2631 5645 2720 5699 20.
2754 5646 2796 5680 ⁶¹
2830 5648 2980 5703 I‘sal.
3015 5666 3272 5716 Lxxxxw,
3304 5650 3358 5712 4,

2039 5715 2184 5770 Ibid.
2223 5716 2288 5768 12
2327 5730 2491 5770 sena.
2591 5715 2636 5750 '°
2665 5717 2835 5770 Joan.
2874 5736 2946 5770 1v.
2978 5722 3066 5770 20.
3145 5719 3194 5753 ⁵⁷
3225 5721 3358 5770 Ibid.

1961 5726 2007 5751 οι
2042 5726 2184 5770 Ibid.
2223 5726 2288 5768 12
2327 5730 2491 5786 seqq.

2023 1966 2231 2036 pugillo
2261 1983 2436 2036 aquas
2465 1972 2516 2022 et
2554 1969 2718 2023 caelos
2771 1971 2960 2040 palmo
3002 1975 3376 2043 ponderat-it?
3420 1979 3545 2048 quis
3567 1995 3672 2048 ap-

2023 2055 2209 2124 pendit
2260 2055 2440 2110 tribus
2489 2058 2681 2127 digitis
2732 2060 2931 2114 molem
2981 2065 3165 2129 terra,
3228 2069 3278 2118 et
3329 2066 3553 2122 libravit
3611 2070 3669 2122 in

2021 2143 2258 2213 pondere
2295 2153 2529 2214 montes,
2577 2155 2626 2200 et
2656 2147 2816 2202 colles
2872 2153 2934 2203 in
2963 2152 3208 2206 statera?
3266 2154 3396 2220 Quis
3453 2155 3672 2225 adjuvit

2024 2233 2297 2304 Spiritum
2328 2233 2589 2289 Domini?
2618 2244 2714 2290 aut
2743 2239 2864 2308 quis
2893 2239 3249 2296 consiliarius
3294 2243 3411 2314 ejus
3445 2246 3578 2314 fuit,
3621 2255 3674 2300 et

2022 2324 2261 2377 ostendit
2282 2323 2418 2378 illi?
2450 2324 2582 2378 Cum
2616 2341 2718 2395 quo
2749 2327 2882 2381 iniit
2935 2329 3258 2396 consilium,
3307 2337 3358 2387 et
3404 2334 3675 2389 instruxit

2023 2427 2167 2482 eum,
2211 2420 2260 2468 et
2316 2413 2503 2468 docuit
2548 2430 2674 2469 eum
2720 2418 2972 2471 semitam
3003 2419 3268 2488 justitim,
3323 2427 3376 2477 et
3430 2423 3673 2480 erudivit

2023 2517 2146 2555 eum
2177 2502 2495 2568 scientiam,
2541 2511 2591 2559 et
2623 2506 2768 2560 viam
2814 2507 3128 2577 prudentiae
3167 2511 3411 2566 ostendit
3467 2513 3557 2567 illi
3582 2521 3624 2555 εδ
3648 2514 3674 2568 Ῡ

2026 2592 2244 2646 Deinde
2274 2598 2560 2663 quantum
2596 2593 2853 2649 humano
2886 2595 3182 2651 intellectu
3218 2603 3271 2652 et
3321 2599 3524 2672 lingua
3571 2602 3667 2658 lu-

2027 2684 2253 2739 tulenta
2291 2685 2571 2756 consequi
2614 2691 2828 2756 potest,
2887 2704 3063 2758 quam
3129 2691 3418 2746 immensa
3467 2692 3542 2746 sit
3567 2693 3670 2748 Dei

2024 2773 2208 2828 virtus
2267 2776 2539 2829 ostendit.
2599 2779 2741 2830 Nam
2821 2777 2869 2830 si
2926 2788 3112 2846 gentes
3192 2795 3398 2849 omnes,
3459 2781 3670 2852 inquit,

2024 2864 2186 2934 quasi
2213 2863 2365 2917 stilla
2420 2864 2626 2929 situla,
2677 2868 2726 2919 et
2772 2867 2933 2935 quasi
2978 2872 3310 2923 momentum
3355 2873 3578 2926 staterae
3619 2875 3674 2924 et

2024 2962 2296 3022 tanquam
2359 2953 2544 3008 saliva
2606 2960 2884 3025 reputatae
2948 2961 3094 3022 sunt,
3161 2959 3254 3012 cui
3319 2959 3674 3014 assimilastis

2023 3040 2336 3106 Dominum,
2366 3050 2460 3096 aut
2488 3059 2651 3112 quam
2684 3044 2979 3111 imaginem
3017 3047 3226 3116 ponetis
3284 3048 3340 3101 ei
3367 3046 3457 3100 ⁸⁸⁸1
3507 3049 3668 3112 Quod

2025 3128 2072 3182 si
2133 3128 2362 3196 ccelum,
2426 3133 2598 3195 terra,
2657 3135 2713 3184 et
2771 3148 2954 3202 aquea
3012 3139 3218 3188 natura
3271 3151 3503 3190 omnem
3563 3154 3667 3191 na-

1675 3222 1801 3276 Hac
1859 3229 1912 3277 et
1953 3231 1996 3297 ρ
2022 3220 2214 3271 turam
2251 3222 2502 3274 creatam
2536 3221 2852 3288 continent,
2884 3220 3092 3276 borum
3146 3227 3339 3278 autem
3402 3225 3662 3280 omnium

2025 3323 2301 3361 mensura
2320 3307 2523 3361 divinae
2551 3326 2762 3364 manus
2788 3326 3061 3366 mensura
3083 3315 3190 3379 est,
3222 3314 3579 3385 perpendam
3603 3314 3667 3384 ii,

2024 3395 2124 3466 qui
2157 3394 2352 3468 lingua
2382 3403 2566 3452 Deum
2595 3398 2786 3453 metiri
2813 3405 3121 3466 conantur,
3155 3418 3328 3472 quam
3374 3403 3666 3459 immensa

2023 3484 2099 3538 sit
2133 3484 2256 3554 ejus
2315 3489 2566 3552 natura;
2624 3503 2863 3542 manum
2923 3488 3035 3544 sibi
3090 3490 3146 3543 in
3209 3491 3404 3546 animo
3463 3509 3668 3563 propo-

2024 3577 2246 3639 nentes,
2280 3589 2394 3627 non
2429 3589 2554 3643 qua:
2585 3575 2844 3645 corporis
2875 3578 3205 3630 membrum
3239 3577 3333 3648 sit,
3367 3582 3466 3632 sed
3500 3595 3670 3634 ener-

2023 3663 2179 3733 giam
2207 3662 2393 3731 illam,
2427 3679 2529 3717 seu
2562 3665 2674 3718 vim
2710 3665 3078 3732 effectricem,
3110 3684 3233 3738 quae
3291 3672 3500 3722 cuncta
3532 3685 3670 3724 con-

2025 3750 2238 3804 diderit
2267 3755 2325 3804 et
2356 3751 2660 3822 gubernet.

2095 3842 2224 3892 Haec
2255 3843 2414 3908 sunt,
2457 3855 2584 3909 quae
2630 3839 2700 3894 de
2749 3841 3146 3897 universitatis
3199 3849 3306 3899 Deo
3337 3849 3505 3899 vetus
3566 3863 3673 3901 nos

2026 3930 2326 4001 Scriptura
2355 3930 2542 3985 docet.
2575 3935 2855 3987 Caeterum
2885 3937 3020 3988 ante
3052 3933 3222 3989 dictis
3273 3935 3442 4007 longe
3503 3935 3673 4007 plura

2026 4019 2210 4075 cuivis
2239 4019 2498 4075 invenire
2529 4021 2692 4076 facile
2724 4026 2831 4090 est,
2863 4023 3072 4092 quibus
3103 4023 3358 4080 divinam
3393 4026 3670 4081 substan-

2026 4109 2188 4176 tiam,
2223 4109 2591 4182 sapientiam,
2624 4115 2680 4165 et
2728 4114 3042 4182 potentiam
3098 4113 3668 4188 incircumscriptam

2025 4216 2155 4256 esse
2184 4205 2360 4272 patet.
2394 4202 2456 4254 In
2490 4200 2704 4256 divinis
2755 4206 2945 4257 autem
3004 4203 3335 4276 Evangeliis
3392 4207 3671 4261 Dominus

2027 4289 2456 4345 Samaritanam
2493 4289 2610 4344 haec
2641 4295 2696 4344 et
2718 4290 2935 4347 similia
2966 4294 3266 4350 sentienda
3294 4313 3420 4351 esse
3453 4297 3668 4365 docuit,

2028 4395 2153 4450 quae
2186 4395 2316 4432 cum
2355 4378 2610 4433 divinam
2639 4379 2999 4448 majestatem
3024 4381 3147 4438 loco
3170 4383 3671 4456 circumscriptam

2027 4469 2404 4536 existimaret,
2437 4483 2622 4538 eaque
2652 4468 2721 4522 de
2753 4484 2930 4524 causa
2961 4469 3240 4525 dixisset:
3276 4479 3467 4527 Patres
3500 4472 3678 4526 nostri

2027 4559 2091 4614 in
2121 4564 2222 4614 hoc
2255 4564 2435 4612 monte
2482 4558 2884 4626 adoraverunt,
2915 4566 2964 4614 et
3019 4575 3110 4613 vos
3139 4558 3343 4626 dicitis,
3406 4560 3544 4630 quia
3596 4571 3676 4616 est

2030 4649 2173 4702 locus
2205 4648 2592 4718 Hierosolymis
2622 4649 2719 4702 ubi
2765 4649 3006 4703 adorare
3059 4652 3271 4719 oportet
3292 4647 3358 4714 '3,
3397 4649 3674 4705 Dominus

2025 4735 2186 4790 illam
2221 4738 2581 4791 contrarium
2616 4737 2831 4791 sentire
2862 4736 3079 4801 docuit,
3104 4736 3381 4791 nimirum
3416 4736 3674 4793 divinam

2028 4828 2296 4878 naturam
2358 4823 2928 4894 incircumscriptarn
2988 4841 3136 4880 esse.
3176 4824 3327 4879 Dixit
3383 4825 3540 4880 enim
3577 4827 3674 4882 ei:

2026 4913 2195 4967 Amen
2224 4914 2346 4966 dico
2376 4911 2498 4978 tibi,
2531 4913 2754 4980 mulier,
2782 4912 3042 4983 quoniam
3081 4915 3227 4968 venit
3260 4914 3420 4982 hora,
3453 4920 3505 4969 et
3530 4933 3678 4971 nunc

2028 5009 2127 5069 est,
2169 5000 2389 5073 quando
2434 5015 2612 5071 neque
2650 5001 3064 5072 Hierosolymis,
3113 5018 3289 5074 neque
3338 5006 3398 5059 in
3449 5005 3558 5062 loco
3585 5006 3685 5062 hoc

2029 5089 2342 5144 adorabunt
2389 5091 2634 5144 Patrem.
2688 5090 2912 5154 Quibus
2971 5092 3165 5148 verbis
3221 5110 3355 5149 cum
3417 5094 3677 5150 divinum

2032 5179 2255 5234 cultum
2289 5177 2465 5234 nullis
2513 5178 2916 5233 circumscribi
2972 5184 3119 5235 Deus
3169 5182 3311 5238 locis
3359 5182 3675 5247 docuisset,

2033 5267 2372 5338 subiunxit:
2406 5267 2648 5338 Spiritus
2669 5273 2769 5332 est,
2814 5277 2862 5323 et
2895 5268 3186 5326 adorantes
3220 5289 3344 5326 eum
3375 5274 3439 5328 in
3474 5274 3677 5344 spiritu

2035 5365 2088 5412 et
2113 5357 2343 5413 veritate
2371 5358 2600 5413 adorare
2627 5357 2774 5413 decet
2797 5359 2864 5416 ⁵⁷.

2104 5446 2230 5502 Una
2271 5464 2399 5502 vero
2429 5456 2481 5501 et
2511 5447 2708 5502 eadem
2750 5466 2920 5521 opere
2972 5453 3229 5507 divinam
3285 5462 3553 5508 naturam
3584 5453 3675 5508 in-

2950 5576 2995 5610 ⁸⁷
3024 5578 3225 5634 Matth.
3279 5593 3353 5643 χι,
3380 5580 3487 5644 25;
3544 5581 3673 5634 Luc.

3454 5650 3498 5684 ⁵³
3529 5648 3679 5706 Psal.

2591 5715 2636 5750 '°
2665 5717 2835 5773 Joan.
2874 5736 2946 5784 ιν,
2978 5722 3066 5775 20.
3145 5719 3194 5753 ⁵⁷
3225 5721 3366 5774 Ibid.
3392 5722 3482 5790 23,
3515 5723 3603 5775 24.

2298 5571 2345 5605 ⁸⁸
2375 5571 2542 5627 Joan.
2603 5590 2740 5640 xvu,
2792 5575 2845 5629 3.
