4090 6298
476 379 636 444 11⁵8

1801 371 2121 435 NICETIE
2163 371 2586 438 ΟΗΟΝΙΑΤΕ

3729 372 3879 441 1156

473 525 814 582 corpoream
847 524 1083 580 quoque
1135 511 1194 566 et
1240 506 1610 565 indeﬁnitum
1666 522 1796 563 esse
1853 503 2129 573 ostendit,
2163 506 2213 578 Α
2247 504 2346 566 Dei
2381 507 2588 570 Filium
2615 523 2818 566 verum
2853 509 2909 566 et
2935 505 3266 577 legitimum
3294 509 3524 569 vocant.
3559 507 3878 579 Αῐςυθὶῃεο

476 601 650 660 Porro
682 604 962 656 aeternum
995 598 1169 656 etiam
1217 613 1346 654 esse
1395 597 1666 652 eumdem
1727 593 2130 653 universitatis

476 689 660 746 Deum
693 688 900 743 beatus
945 687 1186 744 Davides
1219 689 1421 743 auctor
1447 688 1557 750 est,
1591 683 1691 756 qui
1728 700 1884 739 nunc
1945 683 2126 744 dicit:

469 779 511 838 Α
544 776 746 835 swculo
777 780 828 832 et
851 776 914 830 in
943 776 1207 834 sarculum
1241 780 1302 831 tu
1333 791 1388 830 es
1415 790 1428 830 :
1465 789 1620 830 nunc
1645 790 1778 829 vero
1809 789 1822 829 ι
1857 771 2130 830 Exaudiet

471 868 760 932 Dominus,
807 873 858 922 et
914 865 1239 922 humiliabit
1269 880 1378 934 eos,
1417 862 1516 934 qui
1565 867 1644 920 est
1674 867 1801 920 ante
1830 861 2032 918 saecula
2061 859 2128 917 ⁸⁸.

474 961 647 1013 Docet
670 956 846 1012 etiam
879 955 1066 1011 Isaias
1099 955 1406 1026 propheta,
1427 953 1520 1009 his
1539 953 1732 1010 verbis
1753 953 2124 1008 exclamans:

472 1051 618 1103 Deus
681 1047 1045 1116 sempiternus
1105 1046 1390 1114 Dominus,
1454 1045 1550 1114 qui
1599 1041 1808 1099 ereavit
1861 1043 2128 1098 terminos

472 1140 667 1192 terrae:
701 1151 808 1192 non
839 1134 1074 1204 deﬁciet,
1108 1150 1285 1206 neque
1315 1133 1610 1201 laborabit,
1640 1147 1741 1188 nec
1765 1140 1845 1188 est
1895 1129 2129 1187 investi~

469 1223 619 1294 galio
667 1226 962 1296 sapientia
1018 1223 1137 1290 eius
1155 1222 1224 1280 δυ.
1274 1222 1488 1278 Beatus
1532 1222 1774 1293 insuper
1812 1219 2125 1291 Apostolus

470 1312 744 1371 eumdem
804 1312 1151 1369 surculorum
1212 1315 1529 1370 creatorem
1595 1311 1776 1367 novit.
1839 1307 2124 1364 Dominus

476 1409 672 1460 autem
707 1405 973 1459 naturam
1003 1401 1262 1458 divinum
1301 1418 1415 1457 non
1457 1405 1688 1459 tantum
1723 1416 1916 1456 rerum
1960 1415 2122 1454 creo.

472 1491 611 1551 tioni
647 1491 972 1563 praefuisse,
1005 1491 1105 1548 sed
1140 1507 1378 1561 regnum
1412 1489 1588 1548 etiam
1637 1491 1852 1545 sanctis
1882 1503 2122 1544 conces-

475 1597 606 1638 sum
670 1596 798 1635 esse
859 1584 991 1636 ante
1049 1579 1532 1637 constitutionem
1593 1578 1799 1634 mundi
1849 1581 2118 1633 testatur.

539 1673 672 1726 Htsc
702 1672 859 1734 sunt,
895 1685 1023 1739 quae
1054 1669 1125 1724 de
1168 1669 1564 1728 univeritatis
1606 1667 1786 1738 hujus
1830 1666 2120 1739 principio

471 1763 528 1817 et
551 1757 759 1814 veteris
807 1761 864 1813 et
913 1774 1068 1814 novas
1117 1757 1428 1829 Scriptores
1473 1756 1724 1814 lectione
1779 1755 2117 1825 didieimu,

2241 597 2382 654 adeo
2415 601 2584 658 Pater
2614 613 2747 658 cum
2779 596 2986 658 Filium
3019 595 3248 658 cmlitus
3279 595 3664 664 nominasset,
3709 613 3872 668 quam

2241 685 2525 755 genuinas
2547 686 2674 756 eius
2693 690 2848 750 esset
2869 684 3163 757 generatio
3181 686 3560 746 demonstrat.
3591 685 3684 743 Ait
3702 687 3871 750 enim;

2241 773 2337 834 Hie
2364 778 2444 832 est
2472 773 2654 835 Filius
2681 791 2834 838 meus
2865 773 3113 839 dilectus,
3143 775 3204 830 in
3233 789 3336 845 quo
3374 774 3515 833 mihi
3575 775 3708 833 bene
3733 790 3874 840 com~

2237 864 2502 933 placitum
2545 868 2624 922 est
2647 864 2716 920 ⁸⁵.
2757 865 2902 929 Quid
2936 879 3108 936 porro
3150 863 3490 935 Baptistem,
3537 863 3680 934 quid
3710 881 3873 928 evsnn

2239 959 2531 1032 gelistam,
2559 965 2696 1034 quid
2729 961 3046 1035 apostolos,
3093 961 3235 1032 quid
3289 961 3485 1032 ipsum
3513 961 3764 1033 denique
3793 979 3874 1021 re-

2239 1068 2366 1106 rum
2399 1053 2662 1108 omnium
2687 1057 2866 1108 Deum
2885 1051 3060 1109 dion?
3094 1051 3557 1123 neipsequidem
3589 1051 3870 1122 diabolus,

2239 1141 2530 1197 mendacii
2559 1146 2746 1215 pater,
2777 1141 2892 1198 alio
2913 1158 3048 1198 eum
3067 1140 3415 1214 compellare
3441 1141 3680 1199 nomine
3700 1158 3873 1204 ausus

2237 1235 2354 1286 est:
2387 1231 2489 1286 sed
2523 1236 2841 1303 antequam
2871 1231 2933 1286 in
2963 1235 3260 1288 certamen
3279 1231 3682 1298 descenderet,
3713 1231 3873 1288 dubi-

2235 1322 2367 1376 tans
2395 1320 2557 1392 dixit,
2579 1323 2642 1376 Si
2659 1322 2845 1378 Filius
2877 1323 2981 1378 Dei
3008 1337 3064 1379 σε
3081 1319 3149 1374 ⁸⁵.
3183 1320 3415 1377 Amissa
3441 1337 3576 1378 vero
3621 1321 3872 1390 viatoria,

2231 1419 2354 1490 jam
2387 1418 2628 1475 edoctus
2660 1420 2790 1490 quis
2811 1425 2989 1497 esset,
3015 1418 3175 1486 haud
3198 1419 3374 1486 dubie
3396 1419 3720 1474 exclamat:
3745 1420 3873 1488 Quid

2233 1507 2391 1565 nobis
2419 1513 2472 1564 et
2503 1509 2606 1564 tibi
2655 1510 2767 1565 Fili
2797 1509 2936 1565 Dei?
2985 1509 3190 1564 venisti
3221 1507 3326 1564 huc
3369 1513 3499 1564 ante
3531 1517 3765 1580 tempus,
3818 1516 3874 1564 ut

2234 1614 2332 1654 nos
2361 1605 2642 1670 torqueres
2665 1597 2712 1634 ⁸⁷
2735 1597 2763 1654 ‘l
2816 1595 3100 1678 Philippis
3157 1599 3347 1656 autem
3400 1599 3679 1654 eumdem
3709 1605 3761 1654 et
3787 1613 3872 1653 ex-

2235 1688 2483 1754 celsum,
2531 1689 2583 1744 ei
2643 1687 2852 1744 Filium
2909 1687 3240 1760 appellavit.
3299 1691 3376 1744 Hi
3409 1689 3557 1744 enim
3615 1687 3870 1755 homines,

2234 1777 2448 1848 inquit,
2479 1779 2625 1834 servi
2644 1777 2752 1834 Dei
2775 1777 2986 1833 excelsi
3003 1783 3150 1844 sunt,
3174 1779 3270 1849 qui
3296 1775 3516 1850 quidem
3535 1779 3869 1833 annuntiant

471 1864 588 1903 non
621 1853 842 1916 autem,
870 1850 932 1902 ut
961 1845 1308 1902 Valentinus
1331 1851 1390 1902 et
1421 1845 1703 1908 Basilides
1753 1844 2115 1912 fabulantur,

2233 1844 2387 1923 nobis
2415 1844 2564 1922 viam
2592 1868 2794 1923 salutis
2823 1868 2887 1924 ⁸⁸.
2920 1866 3130 1922 Christi
3167 1844 3359 1922 autem
3409 1865 3707 1938 apostolos
3758 1882 3870 1922 ser-

475 1934 820 1994 smeulorum
850 1935 1153 2008 utriusque
1175 1951 1347 1990 sexus
1370 1935 1664 2006 conjugis,
1683 1937 1740 1989 et
1761 1931 2122 1992 commixtio.

467 2041 592 2088 nes,
649 2025 866 2096 quibus
912 2025 1072 2079 velut
1127 2023 1187 2080 in
1245 2025 1546 2096 prooinotu
1612 2022 1966 2078 consistant:
2015 2036 2120 2078 nec

469 2130 601 2170 vero
661 2114 839 2171 etiam
897 2113 1188 2170 contraria
1237 2121 1292 2168 et
1349 2113 1598 2180 diversa,
1660 2128 1794 2168 eum
1843 2111 2118 2180 Cerdons,

467 2201 784 2267 Marcione,
815 2210 869 2258 et
899 2201 1217 2258 Maniohmo
1249 2201 1558 2273 principia,
1608 2201 1708 2256 sed
1743 2215 1924 2256 unum
1957 2200 2124 2272 prin-

465 2289 678 2361 cipium
705 2295 762 2347 et
789 2291 1034 2361 iustum,
1077 2299 1136 2346 ut
1169 2291 1343 2362 paulo
1375 2295 1510 2363 post
1530 2289 1930 2347 ostendemus.

1085 2416 1240 2473 CAP.
1274 2415 1504 2472 XXVIl.

469 2523 539 2580 De
567 2522 726 2580 Filio.
765 2523 938 2596 [Quod
976 2523 1312 2596 unigenitus,
1356 2538 1519 2596 verus
1559 2523 1652 2578 Dei
1687 2522 1879 2596 Filius!
1902 2522 2123 2596 altissi'

535 2613 680 2662 mus,
740 2593 1024 2664 Dominus,
1080 2593 1346 2666 veternus,
1411 2595 1571 2664 Deus,
1642 2595 1794 2651 Iesus
1850 2593 2118 2666 Christus,

538 2669 699 2722 Patri
727 2665 1228 2733 consubstantialis,
1251 2669 1660 2738 cowternusqus
1687 2668 1808 2736 sit.)

537 2795 1035 2860 Quemadmodum
1070 2795 1351 2861 autemin
1403 2811 1587 2858 unum
1645 2795 1830 2859 Deum
1892 2796 2118 2860 Patrem

467 2889 698 2947 credere
729 2886 1066 2956 didicimus,
1098 2886 1177 2944 ita
1203 2886 1381 2948 etiam
1413 2887 1471 2945 in
1505 2903 1689 2950 unum
1739 2886 1976 2954 Filium,
2019 2884 2119 2959 qui

468 2979 638 3034 natus
660 2976 738 3036 sit
765 2981 902 3041 ante
933 2975 1167 3046 oscula,
1203 2992 1394 3056 neque
1448 2977 1774 3038 secundum
1825 2971 2116 3040 Valentini

465 3064 710 3133 fabulas,
745 3065 923 3122 alium
969 3065 1359 3138 unigenitum,
1394 3065 1574 3124 alium
1608 3065 1882 3136 Verbum,
1933 3064 2116 3123 alium

471 3153 792 3222 Christum,
825 3152 1006 3217 alium
1039 3154 1292 3226 denique
1347 3155 1547 3217 Jesum
1606 3170 1735 3213 esse
1792 3156 2114 3222 docemus;

2233 1973 2332 2012 vos
2364 1956 2640 2028 appellat,
2676 1957 2784 2013 hoc
2825 1971 3038 2013 nomen
3070 1956 3142 2011 ab
3193 1957 3265 2010 iis
3313 1957 3576 2011 edoctus.
3641 1957 3867 2012 Beatum

2229 2047 2386 2103 enim
2417 2044 2664 2102 Paulum
2690 2046 2772 2102 ita
2803 2047 3094 2102 dicentem
3117 2051 3171 2101 et
3193 2043 3548 2100 scribentem
3579 2045 3864 2101 audierat:

2231 2136 2447 2192 Paulus
2488 2152 2674 2192 servus
2729 2137 2859 2194 Jesu
2923 2135 3137 2194 Christi
3194 2135 3416 2192 vocatus
3477 2135 3762 2206 Apostolus
3803 2135 3862 2191 ⁵⁸.

2231 2223 2395 2288 Item,
2421 2224 2636 2282 Paulus
2654 2233 2705 2282 et
2733 2227 3049 2282 Timotheus
3067 2226 3212 2282 servi
3237 2225 3364 2281 Iesu
3387 2223 3603 2279 Christi
3617 2223 3686 2280 ὀ.
3718 2222 3865 2290 Quod

2231 2315 2280 2370 si
2312 2313 2400 2369 vel
2431 2314 2556 2388 ipse
2589 2314 2880 2372 mendacii
2910 2315 3112 2371 doctor
3138 2319 3196 2370 et
3230 2317 3430 2384 Deum,
3473 2319 3529 2369 et
3559 2313 3859 2384 excelsum,

2231 2415 2286 2466 et
2316 2412 2417 2468 Del
2451 2411 2661 2468 Filium
2693 2419 2877 2482 vocat,
2909 2412 3286 2484 veritatisque
3315 2409 3647 2482 fulgoribus
3677 2410 3862 2480 cedat;

2233 2507 2388 2558 certe
2439 2503 2622 2583 patris
2681 2503 2773 2558 sui
2823 2501 3041 2560 diaboli
3093 2497 3596 2574 compellationem
3653 2501 3862 2556 vincere

2232 2593 2616 2661 contendunt,
2642 2593 2978 2665 quicunque
3009 2589 3220 2648 Filium
3257 2598 3585 2648 creaturam
3626 2606 3858 2647 asserere

2233 2681 2469 2737 audent.
2521 2681 2826 2752 Caeterum,
2878 2685 2945 2737 ut
2983 2679 3255 2738 eumdem
3305 2697 3340 2736 a
3384 2679 3604 2736 divinis
3651 2695 3856 2750 quoque

2227 2769 2368 2825 viris
2398 2770 2754 2827 altissimum
2788 2771 2901 2826 dici
2935 2771 3271 2842 probemus,
3303 2771 3506 2826 audire
3535 2774 3626 2826 est
3661 2769 3851 2826 Zacha-

2231 2860 2402 2928 riam,
2435 2861 2574 2916 dum
2603 2859 2696 2916 his
2727 2861 3024 2933 proprium
3057 2859 3269 2917 Filium
3303 2861 3496 2917 verbis
3521 2859 3851 2933 alloquitur:

2229 2959 2296 3014 Et
2325 2969 2403 3031 tu,
2462 2975 2620 3032 puer,
2676 2961 2949 3032 propheta
3005 2959 3281 3016 Altissimi
3325 2960 3601 3016 vocaberis
3648 2957 3852 3031 prteibis

2231 3052 2380 3104 enim
2419 3053 2548 3105 ante
2593 3050 2790 3122 [aciem
2845 3051 3069 3106 Domini
3124 3065 3326 3124 parare
3378 3053 3496 3106 vias
3524 3051 3632 3122 ejus
3653 3048 3710 3103 7'.
3739 3047 3844 3102 Ma-

2227 3153 2382 3210 gnus
2411 3139 2567 3197 enim
2621 3138 2716 3194 ille
2768 3139 3022 3195 Joannes
3073 3156 3186 3194 non
3237 3140 3422 3194 Deum
3469 3139 3693 3202 Patrem,
3741 3135 3832 3188 sed

461 3257 648 3312 neque
670 3256 802 3297 vero
826 3232 1103 3296 Arian’am
1125 3223 1666 3316 Eunomianamque
1681 3242 2108 3314 blasphemiam

2231 3227 2600 3298 unigenitum
2635 3225 2843 3284 Filium
2879 3231 3269 3299 praecesserat,
3304 3228 3469 3300 cujus
3498 3227 3571 3282 rei
3613 3223 3690 3280 vel
3717 3223 3834 3316 ipse

459 3327 666 3394 secuti,
701 3344 838 3384 eum
870 3329 970 3400 qui
1000 3329 1181 3389 Filius
1213 3330 1404 3392 dictus
1423 3336 1533 3400 est,
1559 3336 1888 3394 creaturam
1914 3334 2103 3391 nomi-

457 3433 692 3474 namus.
725 3417 897 3478 Illum
929 3417 1084 3474 enim
1144 3419 1448 3494 Scriptura
1484 3420 1680 3486 divina
1737 3421 2099 3489 unigenitum

457 3520 587 3564 esse
617 3509 878 3566 testatur.
910 3507 1075 3574 Quod
1109 3508 1160 3566 si
1189 3512 1422 3569 creatus
1461 3513 1551 3572 est
1607 3508 1972 3584 Unigenitus,
2006 3528 2100 3570 so-

457 3610 647 3652 rorem
717 3595 928 3656 habeat
1002 3597 1375 3674 creationem,
1449 3598 1870 3678 universusque
1921 3601 2102 3664 totius

456 3685 774 3742 creationis
805 3690 992 3756 partes
1049 3703 1285 3744 necesse
1342 3693 1467 3758 est;
1501 3687 1592 3752 sin
1620 3689 1960 3766 unigenitus
1991 3695 2100 3766 est,

455 3778 521 3830 ut
550 3777 658 3844 est,
695 3773 855 3832 nulla
885 3774 970 3835 illi
1000 3793 1236 3850 prorsus
1263 3793 1395 3841 eum
1419 3777 1591 3842 rebus
1620 3779 1830 3844 creatis
1859 3781 2101 3841 societas

2227 3315 2392 3372 testis
2423 3324 2548 3372 est:
2583 3317 2978 3392 interrogatus
3027 3317 3203 3383 enim,
3253 3334 3328 3372 an
3375 3317 3498 3388 ipse
3524 3321 3666 3370 esset
3689 3311 3842 3368 Chri-

2213 3408 2362 3474 stus,
2397 3405 2506 3461 hoc
2540 3405 2772 3481 quidem
2829 3407 3084 3476 negavit,
3115 3406 3557 3480 responditque,
3586 3405 3687 3472 Ego
3711 3401 3836 3456 mis-

2210 3509 2304 3549 sus
2359 3510 2477 3548 sum
2508 3498 2636 3549 ante
2664 3492 2864 3566 faciem
2919 3493 3042 3566 ejus
3073 3493 3139 3550 τε.
3206 3494 3444 3550 Divinus
3475 3494 3704 3563 insuper
3749 3489 3838 3554 ille

2213 3591 2452 3650 Davides
2474 3591 2741 3648 eumdem
2775 3591 2858 3647 sic
2891 3590 3240 3666 alloquitur;
3291 3591 3621 3664 Cognoscant
3672 3591 3840 3664 gentes

2207 3679 2349 3754 quod
2379 3697 2576 3738 nomen
2623 3687 2700 3737 est
2757 3681 2864 3741 tibi
2916 3683 3204 3755 Dominus,
3245 3691 3302 3737 tu
3353 3683 3502 3736 solus
3559 3681 3848 3744 altissimus

2205 3787 2371 3844 super
2409 3786 2625 3832 omnem
2656 3779 2861 3828 terram
2889 3769 2954 3824 ⁷³.
2987 3769 3041 3825 Si
3071 3766 3229 3826 enim
3261 3769 3572 3842 Dominus,
3603 3777 3656 3828 et
3705 3769 3854 3826 Deus

2205 3865 2307 3918 est.
2346 3861 2494 3918 Unus
2525 3859 2679 3918 enim
2740 3860 3004 3919 Dominus
3029 3862 3186 3920 Iesus
3233 3859 3499 3930 Christus,
3562 3877 3665 3936 per
3701 3873 3856 3937 quem

2205 3951 2393 4006 omnia
2419 3949 2486 4022 7‘,
2523 3951 2588 4004 ut
2642 3949 2847 4009 beatus
2890 3949 3202 4021 Apostolus
3231 3948 3327 4006 ait.
3360 3951 3511 4006 Item
3571 3949 3723 4006 Unus
3751 3949 3848 4005 Do-

2206 4041 2416 4107 minus,
2450 4055 2563 4096 una
2592 4038 2722 4110 ﬁdes
2747 4037 2814 4094 ⁷⁵.
2857 4038 3108 4096 Proinde
3162 4039 3347 4094 Filius
3386 4037 3722 4100 altissimus
3750 4038 3863 4106 est,

453 3862 777 3923 intercedit.
812 3863 1188 3940 Unigenitum
1219 3883 1388 3946 porro
1436 3883 1566 3928 esse
1596 3867 1945 3948 Unigenitus
1977 3870 2103 3944 ipse

445 3951 540 4010 his
565 3953 756 4010 verbis
790 3958 1099 4014 attestatus
1129 3959 1256 4020 est;
1287 3958 1381 4016 Sit:
1408 3956 1611 4022 diletcit
1643 3959 1780 4022 Deus
1809 3958 2098 4027 mundum,

443 4046 500 4098 ut
535 4044 892 4116 unigenitum
941 4045 1152 4106 Filium
1189 4062 1351 4109 suum
1393 4045 1621 4121 dederit,
1673 4057 1731 4110 ut
1789 4051 1965 4112 omnis
2005 4051 2102 4123 qui

447 4131 621 4186 credit
649 4131 711 4186 in
741 4149 866 4188 eum
896 4149 1007 4188 non
1035 4133 1322 4206 perdatur,
1352 4135 1446 4194 sed
1493 4135 1694 4198 habeat
1739 4138 1908 4197 vitam
1937 4143 2099 4200 teter-

450 4233 586 4273 num
615 4218 681 4288 °°,
713 4227 769 4276 et
791 4219 962 4294 paulo
994 4227 1167 4294 post:
1200 4223 1310 4297 Qui
1327 4225 1503 4286 credit
1548 4228 1606 4288 in
1637 4243 1760 4290 eum
1789 4243 1898 4290 non
1943 4227 2098 4300 judi-

448 4311 627 4377 εαιῑιν,
661 4309 758 4380 qui
785 4324 910 4374 vero
952 4325 1064 4365 ηοη
1112 4312 1300 4382 credit,
1336 4314 1461 4389 jam
1514 4315 1794 4382 iudicatus
1821 4320 1920 4388 est,
1968 4318 2101 4390 quia
2207 4332 2304 4376 eos
2337 4315 2529 4388 editis,
2555 4313 2942 4384 disseruimus
2969 4333 2982 4389 ;
3011 4332 3166 4380 nunc
3187 4315 3342 4392 quod
3366 4313 3568 4390 instat,
3594 4329 3854 4394 agamus,

449 4405 560 4454 nan
587 4398 822 4458 credidit
863 4401 924 4454 in
973 4399 1200 4462 nomine
1245 4403 1530 4478 unigeniti
1565 4406 1698 4474 Filii
1745 4405 1846 4464 Dei
1873 4403 1941 4460 δι.
2001 4406 2100 4466 His
2207 4405 2602 4478 eumdemque
2634 4404 2952 4469 Dominum
2983 4421 3133 4478 esse,
3177 4405 3276 4484 qui
3303 4409 3362 4466 et
3411 4405 3780 4478 unigenitus,
3811 4405 3860 4458 et

443 4489 800 4562 evangelista
829 4506 1062 4568 quoque
1103 4493 1188 4552 sic
1217 4492 1533 4570 stipulatus
1565 4498 1654 4556 est
1687 4510 1700 4549 :
1734 4499 1800 4564 lit
1856 4497 2100 4559 Verbum
2208 4499 2360 4555 Deus
2394 4493 2671 4564 Verbum,
2701 4499 2760 4552 et
2811 4494 3083 4556 Servatur
3114 4498 3171 4557 et
3215 4491 3390 4566 Jesus
3447 4491 3545 4564 sit,
3592 4491 3862 4559 didicisse

444 4594 570 4636 caro
615 4582 824 4653 factum
862 4589 964 4652 est,
1013 4589 1062 4642 et
1111 4581 1389 4648 habitavit
1438 4585 1500 4648 in
1543 4585 1720 4654 nobis,
1761 4592 1813 4642 et
1861 4585 2100 4648 vidimus
2132 4615 2176 4679 υ
2209 4600 2316 4642 nos
2348 4583 2752 4644 ostendamus.
2784 4587 3017 4640 Petrum
3051 4586 3244 4644 autem
3279 4582 3341 4637 in
3373 4580 3643 4639 medium
3695 4581 3866 4655 proie-

442 4670 688 4742 gloriam
711 4675 854 4746 ejus,
883 4671 1128 4747 gloriam
1177 4675 1338 4747 quasi
1390 4674 1663 4750 Unigeniti
1701 4692 1734 4734 α
1761 4679 1952 4746 Patre,
1979 4678 2100 4750 pls-
2132 4670 2172 4679 ”
2213 4689 2435 4742 ramus,
2467 4671 2568 4745 qui
2601 4671 2828 4748 primus
2860 4672 2965 4728 has
2997 4670 3418 4744 appellationes
3471 4687 3613 4727 cum
3667 4684 3864 4744 magno

439 4777 573 4818 num
601 4761 802 4834 gratiae
830 4763 1150 4824 etutriiatis
1169 4761 1233 4818 ³³.
1262 4762 1458 4836 Neque
1479 4765 1635 4826 enim
1662 4769 1875 4828 natura
1904 4767 2102 4826 carnis
2210 4761 2481 4820 confessu
2524 4761 2828 4817 confessus
2857 4765 2965 4818 est.
2999 4759 3230 4826 Primus
3254 4759 3411 4815 enim
3463 4760 3621 4824 inter
3680 4775 3866 4820 sacros

446 4850 766 4936 quidquam
797 4853 869 4914 de
916 4852 1238 4914 divinitatis
1297 4853 1584 4930 dignitate
1640 4855 1940 4924 diminuit,
1999 4856 2102 4916 sed
2211 4857 2510 4936 apostolos
2568 4857 2963 4935 interrogatus
3021 4875 3055 4922 α
3111 4857 3444 4926 Servatore,
3512 4859 3630 4919 Vas
3690 4863 3869 4920 autem

449 4935 538 5026 vel
571 4953 804 4999 carnem
838 4942 1080 5004 indutus
1111 4947 1415 5016 paternam
1440 4943 1799 5011 nobilitatem
1825 4948 2099 5010 ostendit.
2211 4935 2374 5026 quem
2422 4963 2509 5006 me
2535 4963 2652 5006 esse
2679 4946 2908 5007 dicitis?
2968 4947 3290 5020 respondit,
3325 4949 3402 5010 Tu
3443 4963 3499 5006 es
3545 4949 3738 5009 Filius
3773 4945 3870 5012 Dei

442 5022 578 5080 Item
607 5042 620 5084 :
659 5028 982 5098 Unigenitus
1010 5033 1210 5102 Filius,
1244 5035 1340 5110 qui
1375 5045 1454 5096 est
1506 5037 1568 5092 in
1598 5035 1729 5095 sinu
1761 5038 1966 5108 Patris,
1997 5036 2104 5102 ille
2209 5022 2415 5100 vivi”.
2451 5039 2663 5096 Beatus
2695 5040 2892 5101 autem
2919 5035 3178 5098 Joannes
3206 5035 3573 5108 evangelista
3601 5037 3870 5104 eumdem

435 5116 829 5206 enarravit
883 5119 1151 5192 Baptista
1213 5139 1447 5195 quoque
1478 5123 1561 5184 sic
1608 5123 1934 5188 exclamat:
1986 5128 2102 5200 Qui
2211 5130 2270 5186 et
2298 5125 2554 5190 Verbum
2589 5127 2744 5200 quod
2781 5125 2893 5188 fuit
2951 5130 3088 5187 ante
3117 5124 3356 5202 saecula,
3387 5130 3446 5182 et
3495 5127 3872 5206 unigenitum

435 5200 606 5292 credit
628 5203 706 5292 in
736 5205 954 5264 Filium
1008 5210 1170 5266 habet
1217 5211 1391 5272 vitam
1441 5217 1736 5283 wternam,
1787 5213 1885 5286 qui
1920 5219 2098 5274 autem
2211 5214 2448 5285 Filium,
2481 5222 2532 5271 et
2561 5213 2768 5272 mundi
2800 5213 2980 5275 totius
3011 5213 3306 5292 opiﬁcem,
3347 5200 3413 5272 et
3441 5200 3752 5276 Christum
3775 5213 3873 5272 Je-

436 5287 772 5346 ineredulus
815 5302 891 5350 est
947 5297 1109 5366 Filio,
1159 5315 1268 5353 non
1317 5301 1522 5359 videbit
1553 5303 1724 5361 vitam
1752 5303 1844 5360 sed
1872 5304 1961 5362 ira
2001 5304 2102 5363 Dei
2212 5320 2344 5362 sum
2375 5305 2562 5370 vocat,
2593 5301 2688 5358 his
2713 5301 2926 5372 verbis,
2979 5303 3040 5364 In
3065 5287 3345 5378 principio
3373 5312 3494 5362 erat
3549 5300 3872 5363 Verbum“.

438 5385 624 5438 manet
656 5397 821 5453 super
848 5385 1056 5440 eum“.
1114 5387 1330 5446 Omnes
1379 5391 1633 5464 denique
1687 5393 1936 5466 apostoli
1965 5411 2098 5452 eum
2210 5394 2436 5462 Quibus
2465 5392 2658 5450 verbis
2689 5397 2976 5452 aeternum
3010 5393 3188 5450 fuisse
3217 5391 3538 5464 signiﬁcat.
3571 5393 3691 5461 Qui
3722 5392 3878 5451 enim

513 5478 762 5563 {Paul1
796 5499 1051 5563 patrata,
1085 5485 1377 5563 2;_‘P_sel.
1445 5507 1556 5561 Liv,
1599 5491 1690 5545 20.
1787 5490 2026 5563 7597186...
2067 5509 2158 5563 xu,
2216 5495 2305 5548 28.
2409 5489 2458 5563 5?
2512 5489 2681 5546 Joan.
2747 5508 2832 5563 In,
2891 5491 3012 5563 46._
3081 5491 3126 5526 ⁶¹
3180 5489 3331 5563 ibid.
3394 5491 3482 5545 18.
3583 5492 3641 5527 ⁸³
3701 5491 3874 5548 Joan.

438 5565 479 5619 ι,
525 5551 650 5632 14..-
717 5549 941 5632 “ibid.
987 5549 1070 5610 18.
1145 5549 1220 5632 ί⁶⁴
1247 5549 1555 5632 ἇρᾳρῃυξ
1585 5563 1674 5616 36.
1752 5562 1824 5615 ,⁸⁸
1855 5562 2066 5624 Matth.

2236 5563 2324 5618 17.
2427 5561 2474 5597 ⁸⁸
2503 5563 2664 5632 Matt.
2718 5580 2788 5630 Iv,
2812 5549 2864 5616 3.
2969 5561 3013 5606 0"
3033 5561 3236 5618 Matth.
3280 5577 3402 5632 vm,
3436 5562 3528 5617 29.
3675 5563 3726 5602 οι
3751 5566 3879 5618 Act.

437 5637 554 5712 ξγιι
579 5623 738 5712 ετνη,
771 5621 819 5712 :3
847 5625 1014 5712 ξιοω-
1059 5643 1113 5712 ε»
1145 5627 1194 5682 ιι
1221 5698 1267 5712 ,ι
1291 5621 1580 5712 anno
1613 5649 1655 5700 ι,
1692 5636 1747 5712 ,ιρ
1814 5632 1896 5712 .Ι¹¹
1923 5621 2069 5712 ne.
2108 5653 2115 5690 1

2227 5637 2270 5690 Β.
2322 5706 2332 5712 _
2372 5634 2424 5670 "
2463 5631 2668 5692 Matth.
2719 5621 2786 5700 11,
2828 5634 2933 5702 10;
2967 5633 3125 5690 Psal.
3157 5621 3510 5699 Lmnfw.
3607 5632 3664 5670 ’⁷³
3697 5633 3880 5692 lCor.

433 5690 557 5766 vni,
588 5695 646 5750 6.
690 5690 740 5728 7‘
770 5695 914 5768 Eph.
949 5714 1029 5766 Iv,
1057 5690 1112 5752 5.
1221 5698 1270 5733 ’³⁵
1297 5690 1653 5768 Μαιιέι.’κνιξ
1682 5703 1770 5760 i5.
1804 5706 1890 5760 16.
1967 5690 2208 5764 iii-Joe'n.
2240 5723 2280 5777 1,
2315 5706 2364 5760 1.

2209 4126 2692 4206 quandoquidem
2727 4125 3034 4185 Dominus.
3069 4127 3184 4182 Sed
3201 4127 3272 4184 de
3296 4126 3387 4184 his
3413 4125 3658 4204 quidem
3685 4126 3856 4200 plere-

2209 4241 2324 4302 que
2355 4229 2555 4282 contra
2585 4223 2786 4286 Arium
2831 4229 2888 4283 et
2945 4225 3318 4293 Eunomium,
3381 4224 3550 4280 libris
3581 4223 3854 4282 adversus
