4090 6298
275 350 431 419 1157

1618 345 2022 425 THESAURI
2066 351 2215 421 LIB.
2262 353 2339 423 II.

3529 361 3691 435 1158

276 490 335 555 in
367 484 655 561 principio
688 485 831 549 erat,
887 480 1089 554 utique
1138 496 1369 553 semper
1417 487 1558 548 erat.
1610 497 1716 541 nec
1768 481 1925 545 enim
1960 488 2009 555 Α
2042 487 2302 561 passioni
2331 488 2640 549 obnoxiam
2676 492 2949 551 ostendit.
2982 492 3065 549 Ne
3104 491 3259 548 enim
3304 493 3407 551 ﬁlii
3451 495 3690 552 nomine

276 576 446 642 dixit,
480 576 544 628 In
580 569 866 644 principio
901 570 1092 640 ﬁebat,
1126 571 1214 625 vel
1248 570 1305 626 in
1360 570 1644 647 principio
1695 570 1928 633 creaba-

281 673 393 735 tur,
430 665 553 733 sed,
588 664 648 718 In
677 658 954 732 principio
984 668 1121 715 erat.
1155 658 1332 714 Docet
1376 676 1508 717 vero
1563 661 1740 721 etiam
1786 662 1929 732 quid

277 758 451 822 esset,
484 752 794 822 subjungit
825 751 1005 817 enim,
1038 751 1102 803 Et
1140 748 1384 805 Verbum
1412 754 1534 804 erat
1565 749 1708 825 apud
1739 751 1931 821 Deum,

276 851 330 900 et
362 847 503 900 Deus
532 851 655 896 erat
692 840 923 897 Verbum
952 838 1046 897 76*.
1083 838 1299 895 Deinde
1330 839 1609 909 procsmio
1635 845 1935 912 resumpto

278 933 585 996 subinfert,
620 930 730 985 Hoc
761 936 882 985 erat
908 930 969 985 in
995 926 1272 1000 principio
1289 928 1434 1001 apud
1456 929 1626 985 Deum
1648 927 1734 996 ⁷⁸⁸,
1761 933 1937 1002 atque

280 1024 389 1078 hoc
435 1019 671 1092 quidem
721 1017 1021 1074 communi
1063 1016 1300 1072 nomine
1344 1014 1404 1068 τὸ
1457 1016 1775 1088 ὁμοούσιον,
1831 1018 1939 1077 hoc

284 1116 369 1168 est
398 1108 787 1183 aequalitatem
822 1106 1165 1162 substantiis
1196 1106 1492 1163 iudicavit.

354 1200 516 1265 Quod
564 1198 804 1269 insuper
856 1196 1043 1252 Deum
1096 1196 1326 1265 dixerit,
1379 1195 1472 1253 his
1520 1195 1734 1268 verbis,
1795 1196 1942 1268 apud

275 1291 464 1355 Deum,
520 1302 909 1361 personarum
953 1284 1352 1341 differentiam
1406 1285 1749 1342 denotavit:
1784 1285 1942 1345 hunc

277 1379 484 1435 Filium
511 1375 875 1447 unigenitum
906 1374 1048 1430 Jesu
1081 1374 1293 1431 Christi
1326 1373 1561 1430 nomine
1595 1391 1741 1448 saepe
1772 1375 1940 1434 dixit.

281 1465 762 1538 Sapientissimus
797 1481 967 1538 porro
1001 1464 1214 1520 Paulus
1249 1462 1330 1518 sic
1363 1464 1442 1519 ait
1477 1481 1489 1520 :
1541 1466 1607 1519 At
1654 1464 1750 1519 ubi
1797 1465 1944 1519 venit

285 1555 570 1630 plenitudo
605 1556 887 1627 temporis,
919 1552 1073 1609 misit
1107 1554 1243 1609 Deus
1273 1552 1481 1610 Filium
1518 1570 1702 1622 suum,
1732 1556 1946 1624 factum

283 1663 354 1703 ex
386 1648 635 1715 muliere,
679 1647 895 1714 factum
931 1643 1031 1699 sub
1082 1643 1193 1715 lege
1242 1660 1261 1698 :
1313 1649 1375 1697 ut
1409 1659 1496 1700 eos
1540 1646 1637 1716 qui
1683 1642 1779 1698 sub
1831 1643 1947 1713 lege

291 1740 470 1803 erant,
512 1733 833 1801 redimeret,
867 1742 925 1790 ut
968 1732 1328 1803 adoptionem
1375 1732 1624 1803 ﬁliorum
1673 1734 1946 1804 recipere~

2039 576 2239 633 audito
2275 578 2550 638 humanis
2583 580 3019 653 saepicionibus
3053 582 3498 651 involveremur,
3524 602 3691 642 mun-

2038 665 2215 738 dique
2243 666 2423 724 totius
2453 668 2735 741 Opiﬁcem
2769 671 2972 729 eadem
3000 672 3305 728 nobiscum
3337 673 3461 747 lege
3483 680 3688 729 natum

2041 756 2484 827 arbitraremur,
2531 775 2599 814 ea
2637 759 2709 817 de
2758 776 2933 819 causa
2992 761 3249 821 Verbum
3315 765 3691 836 nuncupavit,

2042 843 2297 900 innuens
2326 848 2759 918 generationem
2786 849 2944 905 illam
2970 850 3040 905 ah
3073 852 3231 909 omni
3255 852 3529 929 passione
3550 852 3697 910 libe-

2045 952 2186 991 ram.
2223 936 2334 991 Nec
2365 936 2520 992 enim
2558 938 2737 993 menti
2769 955 2868 995 seu
2930 941 3136 995 rationi
3199 949 3411 998 nostrae
3467 944 3534 996 ad
3573 960 3692 998 scr-

2047 1041 2279 1083 monem
2304 1025 2744 1099 concipiendum
2774 1032 2830 1082 et
2853 1028 3051 1089 eﬂ'orm
3064 1030 3173 1085 and
3188 1047 3280 1083 um
3305 1031 3528 1086 feminae
3544 1049 3696 1086 com-

2047 1115 2216 1185 plexu
2263 1132 2409 1188 opus
2461 1121 2596 1171 est:
2651 1124 2754 1173 aut
2806 1116 2926 1175 ulla
2976 1120 3174 1187 sectio,
3227 1120 3453 1175 ullusve
3504 1120 3697 1181 fluxus

2044 1202 2383 1259 tolerandos
2437 1208 2570 1260 est:
2629 1205 2725 1260 sed
2760 1208 3049 1279 perfectus
3104 1225 3345 1267 manens
3375 1212 3691 1282 perlectum

2047 1308 2375 1350 sermonem
2408 1292 2603 1348 efficit.
2639 1294 2737 1349 His
2770 1293 2962 1368 itaque
2994 1301 3049 1352 et
3078 1299 3506 1370 generationem
3555 1297 3701 1357 nulli

2050 1382 2308 1457 passioni
2337 1383 2669 1453 obnoxiam,
2704 1390 2758 1440 et
2794 1388 3248 1444 comternitatem
3288 1388 3583 1460 Unigeniti
3616 1389 3706 1443 di-

2052 1472 2326 1531 dicimus.

2126 1572 2220 1627 Est
2272 1586 2400 1626 vero
2450 1570 2626 1629 etiam
2682 1568 2947 1641 ejusdem
2996 1583 3129 1622 cum
3186 1570 3354 1622 Patre
3407 1568 3702 1638 potentias,

2052 1657 2219 1728 eique
2252 1660 2460 1717 similis
2493 1663 2547 1715 et
2578 1658 2826 1730 aequalis
2856 1657 2914 1713 in
2948 1656 3221 1712 omnibus
3255 1674 3266 1711 :
3299 1658 3360 1711 ut
3383 1674 3451 1712 ex
3472 1655 3704 1711 Domini

2054 1747 2318 1803 doctrina
2349 1749 2568 1805 discere
2602 1749 2794 1821 quivis
2829 1747 2995 1803 facile
3028 1750 3239 1819 potest.
3273 1745 3361 1800 Ait
3392 1746 3543 1801 enim
3570 1762 3582 1799 :
3605 1747 3707 1800 Pa-

291 1841 410 1880 mus
442 1825 504 1878 “'7.
540 1828 709 1892 Item,
745 1823 879 1879 Cum
911 1837 1034 1878 vero
1062 1822 1271 1895 placuit
1299 1823 1372 1894 ei,
1414 1823 1512 1892 qui
1551 1838 1637 1877 me
1675 1837 1943 1893 segrega-

2065 1844 2140 1891 ler
2171 1853 2322 1892 meus
2352 1839 2524 1895 etiam
2552 1854 2701 1893 nunc
2731 1841 3013 1912 operatur,
3045 1844 3095 1891 et
3126 1851 3225 1907 ego
3256 1851 3450 1907 operor
3501 1834 3575 1905 8°;
3627 1839 3704 1907 et,

284 1917 362 1971 vit
394 1917 463 1971 ab
496 1924 647 1972 utero
679 1913 879 1970 matris
903 1928 1063 1982 mese,
1089 1917 1139 1968 et
1159 1914 1371 1969 vocavit
1389 1930 1488 1985 per
1502 1915 1743 1984 gratiam
1764 1930 1944 1982 suam,

294 2008 353 2059 ut
383 2006 648 2061 reuelaret
701 2006 759 2059 in
814 2013 900 2059 me
938 2003 1142 2059 Filium
1190 2018 1356 2058 suum
1398 2000 1464 2058 ⁷8.
1507 2002 1637 2057 Haec
1686 2005 1742 2058 et
1783 2006 1946 2057 innu-

298 2110 458 2150 mera
517 2094 630 2150 alia
681 2090 1020 2151 testimonia
1069 2090 1331 2146 invenire
1381 2094 1494 2158 est,
1548 2090 1763 2162 quibus
1812 2105 1946 2146 eum

295 2182 590 2239 Christum
656 2178 887 2254 quoque
947 2184 1003 2239 et
1054 2185 1337 2237 aeternum
1398 2178 1629 2250 Filium,
1687 2183 1743 2235 et
1795 2176 1945 2237 Patri

299 2277 650 2328 coaeternum
685 2274 912 2339 vocant,
941 2285 1117 2342 quem
1151 2269 1306 2327 idem
1348 2284 1577 2345 quoque
1607 2268 1811 2325 doctor
1840 2267 1947 2322 doc

293 2378 432 2420 cens
462 2362 653 2435 primo
683 2361 926 2431 quidem
959 2358 1084 2416 loco
1119 2358 1469 2415 saeculorum
1502 2359 1783 2413 factorem
1817 2368 1948 2412 esse

296 2451 571 2509 ostendit.
606 2449 804 2522 Inquit
834 2448 991 2505 enim
1019 2466 1031 2503 :
1058 2449 1365 2504 Novissime
1390 2447 1577 2504 diebus
1599 2447 1717 2505 istis
1741 2448 1949 2503 locutus

290 2546 372 2597 est
405 2540 559 2596 nobis
589 2539 651 2596 in
668 2538 829 2610 Filio,
859 2554 1018 2610 quem
1036 2539 1223 2612 posuit
1241 2538 1515 2597 haeredem
1537 2539 1947 2604 universorum,

290 2648 388 2705 per
417 2647 574 2703 quem
594 2632 724 2702 fecit
764 2638 815 2687 et
843 2632 1047 2689 secula
1075 2628 1141 2688 7°.

366 2721 512 2789 Quia
543 2736 675 2776 vero
727 2720 828 2793 qui
881 2720 1077 2777 divina
1133 2720 1329 2777 divino
1389 2736 1568 2777 sensu
1625 2718 1948 2791 intelligere

291 2809 520 2877 nolunt,
553 2809 678 2865 ﬁeri
713 2824 883 2880 posse
916 2825 1031 2865 non
1064 2812 1295 2881 putant,
1346 2813 1410 2865 ut
1459 2813 1571 2867 Deo
1621 2816 1947 2869 coaeternus

292 2898 389 2965 sit,
427 2896 525 2968 qui
553 2913 623 2952 ex
655 2896 770 2951 Deo
805 2900 893 2952 est
926 2914 939 2954 :
975 2913 1110 2953 nam
1154 2898 1293 2956 dum
1344 2896 1519 2954 stulte
1560 2899 1729 2969 juxta
1779 2903 1836 2955 et
1864 2903 1950 2954 te-

300 2997 454 3036 mere
511 2985 783 3037 naturam
845 2981 1103 3037 divinam
1136 2984 1422 3047 ,humanaa
1466 2988 1684 3041 naturae
1723 2984 1951 3055 legibus

303 3069 606 3140 subjacere
637 3074 863 3139 putant,
898 3070 1121 3127 Patrem
1171 3072 1291 3127 tilio
1342 3073 1630 3130 seniorem
1673 3089 1803 3131 esse
1846 3091 1948 3129 su-

306 3159 518 3232 spicati
550 3162 689 3214 sunt
724 3175 737 3213 :
765 3159 970 3216 beatus
999 3159 1319 3231 Apostolus
1345 3160 1416 3217 de
1444 3160 1536 3217 bis
1569 3161 1800 3216 abunde
1831 3163 1951 3219 dis-

2060 1924 2211 1981 Sicut
2241 1927 2411 1984 Pater
2432 1928 2655 1985 suscitat
2684 1929 2944 1995 mortuos,
2977 1928 3026 1985 et
3058 1924 3300 1994 viviﬁcat
3331 1923 3375 1958 ⁸¹
3404 1942 3416 1992 ;
3450 1928 3525 1993 et,
3574 1926 3706 1982 0m-

2059 2017 2154 2071 nia
2182 2031 2519 2087 quam-anque
2573 2016 2729 2077 habet
2757 2018 2939 2081 Pater,
2972 2030 3089 2068 mea
3119 2016 3244 2067 sunt
3274 2013 3352 2081 3’;
3386 2017 3442 2067 et
3476 2030 3487 2067 :
3517 2014 3624 2083 Ego
3647 2012 3710 2068 iu

2059 2109 2243 2169 Patre,
2275 2108 2326 2162 et
2342 2107 2507 2162 Pater
2535 2106 2593 2164 in
2620 2122 2705 2160 me
2724 2109 2810 2177 get
2822 2149 2834 2177 ,
2860 2105 2962 2172 Qui
2977 2102 3116 2159 videt
3134 2119 3219 2157 me
3236 2101 3386 2157 videt
3400 2103 3626 2157 Patrem
3641 2101 3707 2156 ⁸³.

2130 2194 2207 2250 Ex
2238 2194 2330 2253 bis
2361 2211 2529 2265 porro
2549 2211 2675 2266 quae
2705 2196 3034 2265 sequuntur
3060 2189 3555 2248 incommutabilis
3582 2190 3711 2263 ejus

2061 2283 2385 2341 similitudo
2418 2285 2728 2365 perspicua
2750 2284 2833 2343 tit.
2867 2280 3135 2354 Philippo
3163 2281 3319 2336 enim
3344 2281 3568 2336 Patrem
3598 2277 3711 2334 sibi

2059 2374 2283 2430 ostendi
2315 2379 2579 2446 rogante,
2614 2373 2874 2449 seipsum
2911 2371 3196 2431 Dominus
3227 2371 3483 2425 ostendit
3524 2385 3584 2425 se
3622 2369 3711 2424 vi-

2058 2466 2289 2520 ventem
2323 2464 2512 2523 Patris
2543 2462 2860 2536 imaginem
2890 2478 3020 2516 esse
3043 2459 3408 2533 signiﬁcans,
3438 2476 3563 2531 quae
3590 2476 3712 2532 per-

2070 2552 2307 2625 spicuos
2338 2552 2627 2609 Genitoris
2661 2552 3044 2623 characteres,
3098 2565 3197 2604 seu
3249 2549 3436 2621 signa,
3490 2566 3602 2620 pra)
3654 2563 3716 2603 se

2068 2644 2261 2699 ferret.
2294 2644 2447 2701 Dixit
2476 2644 2631 2703 enim
2665 2642 2932 2715 Philippo
2964 2659 2975 2696 :
3021 2641 3249 2699 Tantum
3290 2644 3505 2711 tempus
3540 2640 3716 2694 vobis-

2066 2748 2189 2787 cum
2219 2749 2357 2804 sum,
2393 2741 2447 2791 et
2474 2748 2584 2788 non
2612 2732 2814 2791 novisti
2851 2746 2958 2801 me,
3005 2728 3270 2802 Philippe
3316 2727 3409 2786 8"?
3452 2729 3706 2797 Patrem,

2071 2821 2284 2897 inquit,
2318 2822 2483 2895 cupis
2515 2822 2727 2890 videre,
2756 2836 2891 2876 cum
2933 2835 3026 2879 me
3061 2819 3261 2879 videas
3284 2818 3312 2873 ‘2
3356 2818 3553 2889 itaque
3594 2834 3710 2873 non

2063 2914 2277 2972 novisti
2298 2929 2390 2970 me
2423 2914 2507 2969 :si
2531 2912 2684 2969 enim
2717 2928 2805 2969 me
2828 2910 3116 2980 novisses,
3144 2924 3517 2980 nequaquam
3546 2906 3708 2963 illum

2063 3004 2260 3065 videre
2285 3008 2575 3076 optasses.
2619 3002 2683 3057 In
2718 3017 2806 3059 me
2836 3000 2995 3057 enim
3027 3002 3197 3055 Pater
3224 2997 3455 3055 videtur
3488 3013 3501 3050 :
3536 2995 3714 3067 siqui-

2067 3095 2200 3151 dem
2231 3094 2341 3150 boc
2373 3110 2439 3148 ex
2473 3091 2562 3149 his
2581 3090 2775 3145 verbis
2799 3090 3099 3145 inducitur
3124 3104 3136 3144 ε
3165 3087 3273 3156 Qui
3294 3086 3428 3143 vidit
3452 3102 3555 3153 me,
3580 3084 3718 3141 vitlit

2066 3191 2117 3241 et
2150 3184 2402 3239 Patrem.
2445 3180 2620 3236 Porro
2651 3179 2745 3234 hic
2805 3194 2908 3251 per
2955 3181 3256 3250 aspectum
3299 3174 3714 3249 contemplatio

300 3252 537 3322 putans.
561 3247 940 3343 unigenitum
973 3247 1210 3343 Filium;
1242 3252 1298 3305 et
1327 3265 1394 3305 ex
1419 3254 1559 3343 ιῖθον
1586 3253 1804 3343 etcum
1838 3256 1951 3309 Deo
1993 3229 2616 3343 Ch'dii"{;.1;iiig}£.;;i
2638 3229 3088 3336 testatas;
3102 3229 3321 3340 nam;
3341 3229 3572 3337 ista
3606 3229 3715 3321 to;

301 3354 431 3396 esse
489 3338 783 3395 evidenter
841 3337 1116 3416 ostendit.
1171 3338 1316 3399 Eum
1376 3337 1525 3394 enim
1584 3337 1956 3415 splendorem

303 3427 498 3501 glorias
532 3426 857 3483 nominavit
891 3444 904 3484 :
938 3427 1228 3501 siquidem
1262 3425 1539 3498 splendor
1583 3431 1639 3484 et
1694 3444 1763 3485 ex
1801 3428 1955 3501 igne,

301 3523 358 3574 et
387 3534 521 3575 cum
555 3519 690 3591 igne
720 3516 1012 3575 subsistit.
1050 3515 1173 3589 Igni
1207 3516 1362 3573 enim
1397 3514 1675 3593 splendor
1718 3517 1957 3577 innatus

301 3612 410 3675 est,
445 3611 508 3661 ut
539 3606 649 3661 soli
684 3607 902 3661 radius.
938 3607 1019 3661 Ex
1048 3622 1163 3677 quo
1190 3604 1343 3661 enim
1384 3604 1493 3673 sol,
1545 3623 1613 3663 ex
1660 3609 1860 3665 eodem
1901 3611 1959 3664 et

300 3696 470 3767 radii,
502 3696 600 3752 sed
638 3700 831 3750 tamen
860 3694 1158 3749 radiorum
1187 3711 1364 3750 causa
1385 3694 1516 3761 soli,
1543 3700 1599 3750 et
1622 3695 1958 3766 splendoris

296 3784 419 3856 igni
450 3783 765 3839 ascribitur
797 3800 810 3839 :
846 3800 952 3839 nec
986 3782 1143 3839 enim
1175 3783 1264 3839 sol
1305 3799 1375 3838 ex
1414 3784 1618 3850 radiis,
1666 3785 1766 3839 sed
1809 3784 1958 3839 radii

302 3889 370 3929 ex
424 3872 545 3929 sole
594 3872 887 3943 oriuntur,
936 3875 994 3926 et
1043 3870 1321 3943 splendor
1368 3888 1435 3933 ex
1482 3871 1617 3943 igne
1650 3874 1956 3943 .procedit.

309 3963 554 4018 Proinde
578 3960 915 4032 unigenitus
945 3966 1003 4016 et
1034 3960 1216 4016 Filius
1248 3977 1318 4016 ex
1363 3965 1532 4017 Patre
1577 3961 1809 4031 quidem
1857 3981 1957 4018 na-

310 4056 400 4106 tus
431 4060 534 4118 est,
573 4050 722 4106 Patri
756 4054 951 4105 autem
984 4066 1099 4106 non
1124 4064 1293 4105 secus
1317 4054 1491 4120 atque
1513 4050 1697 4107 oratio
1721 4052 1957 4122 rationi,

319 4140 596 4210 splendor
626 4140 768 4212 igni,
802 4144 859 4194 et
901 4138 1102 4195 radius
1151 4137 1259 4193 soli
1312 4139 1581 4194 cohaaret.
1627 4145 1700 4195 At
1748 4140 1958 4196 barum

316 4245 512 4286 rerum
540 4229 702 4284 nulla
734 4244 836 4300 per
865 4245 928 4285 se
958 4227 1251 4295 subsistit,
1286 4228 1387 4283 sed
1419 4227 1478 4282 in
1502 4244 1568 4283 eo
1591 4229 1957 4301 hypostasin,

305 4320 415 4375 hoc
465 4323 551 4377 est
595 4319 986 4375 sedimentum
1042 4323 1099 4372 et
1145 4317 1592 4373 subsistentiam
1643 4318 1840 4391 habet,
1890 4337 1959 4376 ex

303 4424 416 4480 quo
448 4409 767 4465 enascitur.
811 4412 962 4463 Deus
993 4410 1187 4463 autem
1220 4405 1499 4471 Verbum,
1532 4409 1808 4479 splendor
1829 4410 1956 4482 gica

310 4497 431 4563 riae,
465 4498 699 4569 energia
746 4514 857 4553 non
906 4504 992 4552 est
1033 4493 1404 4557 ἀνυπόστατος
1455 4514 1487 4552 a
1536 4496 1724 4568 Patre,
1772 4515 1874 4554 seu
1926 4517 1960 4555 ει

2066 3361 2276 3418 hiscum
2303 3377 2450 3425 sum,
2476 3363 2528 3417 et
2557 3376 2667 3416 non.
2696 3374 2785 3415 me
2812 3358 3039 3425 novisti,
3066 3356 3318 3431 Philippe
3342 3359 3361 3409 ἒ
3414 3372 3528 3411 non
3553 3354 3716 3427 dixit,

2067 3451 2192 3511 Non
2221 3449 2442 3519 vidisti,
2477 3450 2599 3519 sed,
2633 3450 2748 3506 Non
2777 3446 3000 3509 novisti.
3023 3446 3271 3502 Videbat
3301 3445 3457 3503 enim
3490 3444 3715 3516 Philip-

2065 3556 2199 3617 pus,
2229 3540 2287 3595 id
2316 3539 2468 3609 quod
2496 3539 2605 3599 sub
2654 3545 2957 3609 aspectum
3006 3535 3251 3593 cadebat
3282 3551 3295 3589 :
3350 3533 3713 3591 divinitatem

2065 3645 2220 3696 vero,
2251 3645 2380 3701 quas
2431 3626 2741 3691 invisibilis
2785 3630 2893 3693 est,
2936 3642 3052 3681 non
3094 3624 3255 3679 item.
3297 3622 3541 3679 Proinde
3587 3621 3718 3677 cul-

2067 3722 2239 3790 patus
2273 3716 2482 3775 merito
2514 3719 2621 3784 est,
2651 3715 2751 3785 qui
2786 3714 2998 3775 Filium
3047 3713 3298 3786 perfecte
3338 3728 3455 3768 non
3499 3717 3717 3774 nosset,

2067 3806 2447 3879 idcirquoque
2478 3807 2707 3861 Patrem
2740 3802 2934 3859 videre
2973 3804 3249 3874 optasset.

2670 3904 2822 3961 CAP.
2865 3900 3114 3965 XXVIII.

2310 4024 2384 4078 De
2415 4020 2628 4093 Spiritu
2657 4028 2863 4088 sancto,
2895 4024 2945 4074 et
2974 4019 3093 4088 eius
3121 4016 3495 4073 charismatis.

2136 4140 2417 4215 Spiritum
2453 4140 2651 4209 itaque
2686 4142 2953 4193 sanctum
2984 4153 3015 4191 a
3045 4138 3213 4192 Patre
3243 4134 3545 4208 [Filioque]
3579 4133 3716 4189 sub-

2069 4232 2347 4287 stantiam
2384 4230 2599 4285 habere
2630 4227 2945 4282 didicimus
2988 4226 3192 4303 :cujus
3216 4224 3559 4282 substantias
3593 4240 3719 4279 mo-

2069 4322 2181 4376 dus
2214 4335 2403 4393 neque
2434 4321 2712 4374 creaturae
2741 4315 3060 4388 (lncreatus
3092 4316 3248 4371 enim
3281 4314 3538 4386 Spiritus
3582 4330 3719 4368 san-

2069 4409 2223 4481 ctus)
2256 4423 2445 4479 neque
2476 4405 2775 4478 unigenito
2807 4404 2951 4460 Filio
2985 4404 3197 4459 similis
3224 4408 3332 4459 est.
3368 4406 3715 4458 Sanctorum

2068 4503 2223 4554 enim
2242 4498 2477 4553 Patrum
2498 4512 2665 4552 nemo
2683 4493 2860 4550 divini
2875 4493 3124 4564 Spiritus
3138 4494 3528 4548 substantiam
3543 4507 3719 4561 gene-

306 4584 491 4639 Patris
523 4585 822 4657 bypostasi
852 4586 1252 4656 sejuncta,sed
1286 4585 1485 4641 vivens
1513 4591 1569 4641 et
1601 4603 1703 4657 per
1732 4604 1793 4643 se
1824 4589 1957 4644 sub-
1988 4590 2035 4655 Ι)
2067 4588 2312 4643 rationis
2364 4584 2641 4643 vocabulo
2691 4581 3039 4653 signiﬁcavit
3071 4598 3083 4635 :
3127 4580 3383 4652 quamvis
3415 4580 3606 4650 ipsum
3649 4594 3718 4633 ex

309 4672 524 4730 sistens
554 4675 909 4748 bypostasis.
943 4676 1059 4731 Nec
1106 4675 1263 4730 enim
1314 4674 1656 4744 simpliciter
1701 4676 1957 4732 Verbum

308 4764 667 4832 nominatur,
702 4765 803 4819 sed
838 4770 990 4820 Deus
1022 4765 1279 4820 Verbum
1315 4781 1327 4817 :
1364 4779 1470 4818 nec
1512 4763 1788 4835 splendor
1835 4766 1963 4839 glo—

310 4855 410 4908 rias
464 4856 763 4919 duntaxat,
808 4855 909 4909 sed
960 4854 1340 4927 hypostaseos
1388 4870 1618 4925 quoque
1660 4871 1777 4909 sua:
1823 4856 1961 4911 cha-

316 4945 523 4999 racter.
555 4943 701 5006 Quia
731 4943 886 4997 enim
921 4959 1035 4999 una
1064 4943 1383 5013 eademque
1412 4942 1668 5014 imagine
1699 4960 1790 5000 res
1821 4944 1960 4999 divi-

316 5047 424 5085 nas
483 5036 676 5100 aperte
732 5031 1047 5101 exprimere
1091 5031 1460 5104 impossibile
1492 5047 1631 5102 erat,
1693 5033 1959 5104 pluribus

315 5135 418 5175 eas
450 5119 559 5175 hoc
592 5124 759 5190 pacto
804 5119 1166 5191 imaginibus
1213 5121 1468 5176 dicimus
1522 5137 1534 5175 :
1582 5125 1639 5177 et
1686 5123 1963 5193 splendor

306 5209 539 5282 quidem
609 5207 804 5280 glorise
872 5214 1245 5281 coaeternum,
1317 5212 1695 5282 hypostaseos
1761 5218 1957 5268 autem

306 5300 615 5356 character
643 5296 1052 5353 similitudinis
1084 5299 1496 5370 perfectionem
1530 5301 1743 5372 arguit,
1776 5302 1959 5373 hypo-

305 5394 662 5459 staseonque
693 5403 794 5443 seu
830 5402 1207 5458 personarum
1241 5389 1634 5444 differentiam
1665 5390 1850 5447 docet.

382 5479 633 5537 Verbum
668 5484 861 5533 autem
893 5492 1027 5533 cum
1056 5477 1289 5547 dicitur,
1337 5477 1773 5550 generationem
1815 5481 1959 5535 nulli

380 5605 663 5659 "'Joan.
742 5605 785 5659 Ι.
839 5602 861 5657 4

2070 4677 2240 4732 Patre
2270 4693 2419 4745 esse,
2453 4683 2626 4746 atque
2657 4674 2830 4728 etiam
2873 4670 3151 4738 divinum,
3199 4686 3377 4727 sacrae
3428 4671 3718 4724 testentur

2072 4766 2322 4822 Litteris.
2356 4764 2640 4820 Dominus
2672 4763 2824 4821 enim
2855 4754 3121 4820 Christus
3145 4759 3266 4814 hac
3289 4760 3358 4815 de
3380 4759 3507 4830 ipso
3535 4757 3675 4812 dicit
3702 4773 3716 4812 :

2071 4856 2313 4928 Expedit
2342 4855 2515 4920 vobis,
2550 4862 2606 4909 ut
2634 4869 2730 4923 ego
2752 4854 2963 4919 abeam,
2996 4851 3110 4906 nisi
3156 4848 3306 4904 enim
3356 4847 3564 4917 abiero,
3609 4848 3718 4902 Pa-

2070 4946 2305 5004 racletus
2326 4961 2435 5000 non
2468 4944 2646 5000 veniet
2676 4941 2746 4997 ad
2780 4957 2869 4996 vos
2897 4939 2969 5009 ⁸⁵,
3015 4946 3070 4994 et
3114 4937 3253 4993 alibi
3288 4955 3301 4992 :
3354 4937 3487 4993 Cum
3534 4938 3720 4992 autem

2070 5033 2281 5093 venerit
2329 5032 2646 5087 Paraclelus
2698 5031 2927 5102 spiritus
2974 5029 3249 5094 veritatis,
3302 5026 3400 5098 qui
3444 5043 3516 5083 ea:
3556 5031 3722 5082 Patre

2067 5121 2335 5195 procedit,
2372 5122 2468 5178 ille
2488 5118 2864 5176 testimonium
2910 5118 3220 5193 perhibebit
3270 5115 3334 5173 de
3387 5133 3473 5173 me
3522 5115 3589 5170 ⁸⁸.
3642 5114 3718 5170 Eo

2071 5216 2267 5267 autem
2304 5211 2458 5282 quod
2490 5208 2687 5287 ipsum
2722 5224 2788 5263 ex
2819 5208 2982 5263 Patre
3016 5207 3323 5280 procedere
3352 5205 3455 5278 ait,
3486 5205 3717 5261 Patrem

2072 5302 2292 5356 fontem
2323 5298 2577 5371 Spiritus
2609 5313 2737 5354 esse
2762 5295 3002 5365 indicat,
3036 5313 3226 5369 neque
3247 5313 3403 5363 vero,
3424 5295 3721 5362 Procedet,

2071 5389 2281 5462 inquit,
2310 5389 2409 5443 sed
2444 5387 2712 5456 Procedit,
2760 5388 3026 5443 eamdem
3073 5386 3382 5458 utriusque
3426 5387 3721 5451 naturam,

2070 5479 2575 5551 substantiamque
2606 5476 2966 5539 individuam
3017 5483 3075 5533 et
3115 5476 3543 5542 lndtferentem,
3587 5491 3719 5545 per-

969 5600 1015 5637 τδ
1066 5604 1107 5626 *⁵
1157 5603 1299 5657 Ibid.
1348 5602 1401 5657 2.
1440 5603 1521 5673 7""
1572 5603 1757 5660 Galat.
1826 5621 1900 5668 iv,

2065 5606 2107 5660 5.
2183 5605 2228 5640 ⁷³
2278 5604 2460 5661 Galat.
2512 5621 2552 5671 1,
2600 5604 2688 5669 15,
2742 5604 2829 5658 16.
2905 5602 2955 5637 ⁷9
2999 5603 3169 5659 Hebr.
3229 5619 3273 5671 ι,
3330 5606 3374 5655 ι.
3452 5601 3498 5635 ⁸ο
3549 5599 3720 5655 Joan.

307 5690 364 5745 ν,
402 5644 786 5731 i7.”5"ibicif
820 5644 909 5729 2'1'.
988 5674 1037 5708 δε
1067 5644 1455 5731 ,ποὲἑέξ“ιίινῖἰ³
1485 5644 1757 5731 [ﬁdi-1:.
1818 5644 1948 5732 iiii]

2115 5676 2162 5713 ³⁸
2189 5678 2354 5734 Joan.
2390 5692 2510 5742 xvr,
2669 5645 2715 5714 ί³
2746 5674 2914 5733 Joan.
2947 5691 3040 5742 xv,
3074 5675 3161 5732 25.
