4090 6298
410 383 572 445 1159

412 527 691 574 sonarum
725 509 980 578 denique
1009 495 1479 571 conjunctionem
1512 485 1846 545 ostendens.
1905 474 2069 544 Quod
2102 490 2152 557 Α

412 606 570 663 enim
603 570 983 675 procedit,-ab
1017 607 1080 646 eo
1116 570 1147 643 a
1175 602 1292 658 quo
1342 578 1599 654 procedit
1640 570 1916 675 separari‘
1943 583 2057 675 non

412 659 626 769 potest:
659 659 880 745 Beatus.
904 698 1075 755 porro
1106 674 1422 748 Apostolus
1472 671 1553 741 [in
1588 659 1922 769 .pr'iore]nad
1953 660 2056 769 Eo-

410 750 662 842 iinthios
691 750 974 851 Epistola,
1016 772 1136 826 haec
1182 770 1251 821 de
1301 762 1524 836 Spiritu
1571 750 2059 851 diuiti-Spiritus

413 883 594 931 autem
622 843 809 927 omnia
837 866 1140 928 scrutatur,
1167 856 1337 913 etiam
1354 847 1633 925 profunda
1657 843 1752 901 Dei
1780 843 1847 910 ⁸⁷,
1883 854 2060 911 quam

414 965 646 1037 quidem
677 957 1094 1017 scrutationem
1128 968 1199 1007 ne
1224 947 1344 1005 ulla
1366 958 1626 1014 unquam
1656 932 2060 1004 delerel’igno-

415 1026 625 1121 rentia,
657 1046 962 1120 subjunxit
1010 1061 1023 1099 :
1080 1041 1212 1110 Quis
1250 1038 1394 1091 enim
1444 1032 1737 1086 hominum
1793 1026 1898 1081 scit
1943 1034 2063 1121 qua:

414 1152 544 1200 sunt
574 1140 835 1203 hominis,
867 1136 979 1191 nisi
1010 1129 1240 1203 spiritus
1273 1122 1531 1188 hominis,
1564 1119 1663 1193 qui
1692 1120 1753 1173 in.
1795 1116 1916 1186 ipso
1945 1107 2065 1168 est?

415 1235 495 1290 ita
542 1241 592 1287 et
642 1244 767 1301 quae
819 1202 917 1281 Dei
965 1202 1093 1279 sunt
1139 1233 1297 1274 nemo
1341 1212 1612 1284 cognovit,
1660 1206 1776 1262 nisi
1814 1202 2065 1275 Spiritus

416 1324 515 1379 Dei
538 1320 605 1377 ⁸⁸.
641 1293 954 1387 Postquam
988 1320 1178 1367 autem
1211 1307 1306 1361 his
1359 1303 1550 1358 verbis
1588 1312 1825 1355 omnem
1867 1293 1917 1347 ei
1967 1305 2064 1344 co-

413 1412 733 1486 gnitionem
765 1384 1101 1476 adscripsit,
1131 1399 1353 1454 indicat
1383 1393 1560 1449 etiam
1587 1388 1741 1486 unde
1786 1384 2062 1486 substan;

412 1468 559 1558 tyiam
590 1500 806 1555 habeat
833 1512 846 1549 :
874 1468 983 1549 Nos
1001 1494 1213 1555 autem,
1240 1483 1443 1556 inquit,
1469 1496 1577 1537 non
1596 1476 1859 1549 spiritum
1875 1468 2070 1526 mundi

419 1592 742 1662 accepimus,
756 1584 850 1641 sed
892 1580 1160 1654 Spiritum
1174 1576 1268 1649 qui
1280 1592 1351 1631 ea:
1363 1575 1468 1628 Deo
1481 1579 1558 1626 est
1582 1567 1651 1634 89,
1674 1566 1891 1638 quibus
1912 1563 2066 1617 certe

423 1655 614 1737 verbis
644 1655 847 1733 eodem
895 1671 1063 1727 illum
1100 1670 1160 1723 in
1206 1666 1428 1729 ordine,
1475 1677 1589 1731 quo
1629 1661 1686 1713 et
1737 1655 1961 1709 Patrem
2014 1655 2069 1703 et

427 1769 634 1826 Filium
667 1763 932 1827 collocat,
965 1760 1039 1815 ad
1068 1755 1378 1813 creationis
1410 1757 1603 1806 autem
1629 1747 1893 1804 ordinem
1918 1758 2067 1798 nun-

425 1874 602 1931 quam
634 1853 856 1923 redegit
884 1867 898 1906 :
931 1866 1036 1904 nec
1085 1846 1242 1903 enim
1290 1839 1601 1899 creationis
1650 1836 1813 1891 illum
1844 1835 2068 1904 partem

426 1920 549 2004 esse
579 1920 873 2013 intelligit,
907 1953 1099 2009 neque
1124 1933 1269 2000 Arii,
1303 1926 1594 1996 Eudomii,
1642 1929 1699 1980 et
1748 1920 2075 2013 Macedonii

421 2006 852 2106 blasphemiam
884 2006 1119 2084 secutus
1151 2023 1373 2095 πρῶτον
1408 2016 1652 2087 ποίημα,
1698 2013 1806 2067 hoc
1838 2014 1927 2065 est
1958 2006 2073 2079 pri-

424 2099 584 2181 mam
617 2125 946 2177 creaturam
980 2113 1265 2171 nominat.
1300 2109 1408 2163 Sed
1442 2105 1647 2178 gratiae
1678 2101 1890 2157 divinae
1925 2099 2079 2154 dona

430 2215 839 2270 demonstrans
869 2207 952 2261 ita
981 2202 1173 2274 inquit
1205 2217 1216 2255 :
1241 2199 1544 2254 Divisiones
1568 2197 1755 2249 autem
1771 2191 2078 2262 gratiarum

428 2311 579 2365 sunt.
610 2303 729 2369 ipse
766 2300 949 2353 autem
989 2298 1129 2347 Deus
1176 2292 1435 2360 operatur
1477 2285 1666 2340 omnia
1699 2283 1760 2336 in
1805 2278 2078 2336 omnibus.

435 2366 660 2449 Deinde
676 2386 1136 2444 commonstrata
1157 2377 1581 2435 charismatum
1606 2367 1931 2426 differentia
1951 2366 2086 2422 sub-

423 2480 570 2553 jecit
627 2478 802 2534 :Haec
840 2489 965 2529 vero
1005 2477 1198 2527 cuncta
1238 2473 1498 2539 operatur
1543 2477 1688 2517 unus
1728 2467 1890 2529 atque
1938 2455 2083 2511 idem

433 2544 672 2641 Spiritus
702 2563 950 2620 dividens
979 2559 1218 2630 singulis
1241 2560 1406 2627 prout
1438 2551 1577 2608 vult.
1602 2550 1668 2605 90.
1704 2548 1903 2618 Neque
1925 2544 2081 2641 enim

435 2633 662 2715 servilis
696 2658 807 2722 est,
840 2652 1057 2723 inquit,
1082 2643 1417 2710 ministerii,
1441 2642 1540 2698 sed
1565 2638 1881 2696 Dominicis
1907 2633 2084 2705 digni-

430 2749 570 2804 tatis
593 2741 1006 2801 sanctissimus
1039 2736 1297 2809 Spiritus
1330 2750 1343 2788 :
1398 2746 1586 2802 neque
1635 2726 1953 2792 ministrat,
1986 2724 2083 2780 sed

432 2838 799 2908 cooperatur,
836 2835 892 2886 et
924 2833 1208 2899 tanquam
1240 2821 1529 2880 Dominus
1560 2822 1855 2889 operatur.
1906 2812 2000 2868 Sic
2030 2816 2087 2867 et

430 2926 491 2981 in
526 2902 639 2980 fine
672 2920 942 2978 secundm
977 2917 1046 2973 ad
1071 2915 1303 2972 eosdem
1326 2909 1596 2983 Epistolis
1619 2902 2083 2962 benedictionem

434 3012 679 3069 attexuit
712 3027 726 3065 :
761 3009 949 3064 Gratia
979 3006 1203 3061 Domini
1222 3001 1400 3057 nostri
1430 3001 1553 3056 Jesu
1588 2995 1824 3059 Christi,
1862 2999 1913 3047 et
1952 2990 2087 3046 cha-

438 3105 582 3159 ritas
612 3101 730 3167 Dei,
765 3102 817 3154 et
844 3093 1269 3152 communicatio
1300 3091 1479 3145 sancti
1507 3088 1772 3158 Spiritus,
1804 3097 1929 3138 cum
1968 3094 2086 3135 om-

438 3192 604 3247 nibus
632 3188 799 3245 vobis.
834 3187 1002 3240 Amen
1031 3183 1099 3236 9‘.
1135 3188 1324 3253 Atque
1355 3179 1413 3234 in
1446 3178 1635 3249 priore
1667 3173 1903 3245 quidem
1956 3169 2091 3242 Epi-

433 3279 605 3345 stola,
638 3276 893 3346 primum
924 3272 1115 3327 locum
1150 3269 1414 3341 Spiritui,
1447 3268 1544 3323 hic
1591 3281 1726 3320 vero
1757 3268 2083 3320 extremum

432 3367 716 3436 assignat,
751 3364 963 3418 docens
995 3359 1347 3431 dignitatum
1378 3353 1766 3411 differentiam
1787 3369 1855 3407 ex
1877 3350 2081 3406 ordine

432 3454 737 3511 nominum
782 3468 898 3507 non
948 3465 1077 3505 esse
1127 3446 1540 3518 colligendam.
1592 3440 1836 3514 Spiritui
1884 3439 2083 3509 itaque

429 3543 637 3601 Filium
672 3541 828 3597 Patri
875 3536 1216 3613 praeposuit,
1266 3551 1382 3590 non
1426 3537 1489 3589 ut
1521 3531 1784 3589 ordinem
1824 3527 2004 3585 semel
2050 3545 2084 3583 a

431 3641 549 3694 Deo
607 3631 866 3705 positum
911 3628 1296 3694 subverteret,
1352 3623 1450 3679 sed
1508 3625 1572 3677 ut
1610 3620 1811 3676 eodem
1866 3618 2083 3673 honore

433 3723 775 3781 Trinitatem
810 3718 1112 3775 colendam
1143 3729 1273 3770 esse
1298 3712 1712 3769 subindicaret.
1746 3709 1907 3765 Idem
1940 3722 2083 3778 apo—

432 3812 602 3870 stolis
634 3826 868 3883 quoque
912 3804 1195 3862 divinitus
1239 3802 1474 3858 infusus
1521 3804 1628 3856 est.
1680 3797 1871 3853 Primo
1926 3795 2082 3852 enim

432 3904 672 3962 domum
704 3898 1021 3967 concussit,
1056 3902 1122 3953 ut
1151 3896 1411 3952 divinam
1444 3894 1746 3949 denotaret
1776 3888 2086 3963 apparitio-

431 4011 589 4052 nem.
611 3998 729 4048 Hoc
753 3991 910 4047 enim
936 3987 1225 4060 Propheta
1247 3986 1317 4040 de
1340 3982 1742 4040 universitatis
1764 3981 1881 4038 Deo
1903 3978 2085 4034 dicit:

436 4083 542 4153 Qui
566 4081 799 4153 respicit
832 4085 1059 4147 terram,
1093 4081 1143 4132 et
1173 4081 1412 4131 tremere
1439 4074 1576 4145 facit
1609 4089 1730 4127 eam
1761 4070 1830 4125 9’.
1865 4068 2087 4124 Deinde

436 4169 747 4242 discipulis
776 4182 1010 4240 quoque
1043 4166 1101 4219 in
1130 4165 1321 4235 specie
1353 4163 1504 4234 ignis
1538 4161 1775 4226 insedit,
1804 4157 2088 4230 quemad-

436 4258 822 4329 modumjam
856 4254 997 4311 olim
1023 4253 1205 4310 Deam
1237 4252 1298 4307 in
1331 4252 1478 4307 rubo
1510 4249 1859 4322 apparuisse
1898 4251 2089 4303 Moses

438 4351 749 4406 attestatur
772 4364 795 4401 :
828 4349 884 4400 et
913 4342 1411 4415 quemadmodum
1444 4341 1628 4397 rubus
1659 4338 1776 4405 ille,
1825 4339 2089 4408 quamvis

439 4439 690 4504 arderet,
718 4452 833 4491 non
852 4438 1048 4489 tamen
1074 4430 1570 4487 consumebatur:
1602 4429 1679 4484 ita
1693 4427 2089 4499 apostolorum

437 4529 650 4600 linguae
682 4524 1135 4595 haudquaquam
1182 4522 1297 4576 vim
1348 4518 1715 4590 energiamve
1759 4516 2089 4572 adustivam

1734 341 2042 431 NICETIE
2083 332 2511 399 CHONIATIE
2595 406 2601 410 ἡ

3671 320 3831 381 1160

2182 480 2416 537 corpora
2452 469 2632 518 vestra
2659 460 2873 531 tempta
2907 464 3037 513 sunt
3083 457 3265 512 sancti
3315 454 3579 527 Spiritus,
3626 453 3724 524 qui
3753 453 3838 506 est

2169 555 2232 610 in
2260 552 2433 619 vobis,
2464 567 2623 624 quem
2650 550 2860 606 habetis
2889 565 2924 602 ιι
2952 548 3057 602 Deo
3083 544 3132 579 9‘
3165 548 3185 598 ἒ

2241 642 2466 709 Quibus
2523 640 2713 696 verbis
2771 640 2969 709 aperte
3025 633 3309 706 Spiritum
3369 629 3817 688 sanctissimum

2170 732 2377 788 divinas
2417 745 2546 785 esse
2588 732 2810 782 naturae
2855 726 3040 780 docet.
3091 722 3237 778 Nam
3284 721 3334 776 si
3387 721 3484 775 Dei
3535 718 3821 789 templum

2172 822 2480 880 credentes
2529 818 2830 884 dicuntur,
2875 815 2974 870 ubi
3026 814 3285 884 primum
3336 812 3525 883 gratia
3573 809 3833 881 Spiritus

2171 909 2370 967 donati
2414 914 2555 964 sunt
2592 922 2660 962 ex
2704 903 3119 961 consecutione
3170 899 3425 974 Spiritus
3476 908 3723 954 sanctus
3765 913 3831 951 ex

2171 1000 2290 1056 Deo
2324 1003 2433 1054 est.

2248 1091 2396 1158 Quia
2425 1088 2580 1145 enim
2614 1087 2742 1158 ejus
2791 1084 2978 1158 gratia
3028 1084 3085 1138 in
3141 1081 3257 1137 illis
3309 1080 3556 1146 habitat,
3612 1078 3833 1133 idcirco

2177 1181 2275 1237 Dei
2312 1177 2593 1249 templum
2626 1174 2985 1231 denominati
3019 1176 3176 1228 sunt.
3226 1170 3507 1242 Apertius
3556 1183 3732 1239 porro
3778 1174 3833 1221 et

2174 1269 2545 1341 explanatius
2572 1267 2741 1322 nobis
2771 1283 2802 1320 a
2834 1265 3081 1320 Domino
3104 1262 3363 1334 dignitas
3395 1260 3651 1331 Spiritus
3685 1258 3834 1313 iudi-

2176 1364 2359 1413 catur.
2394 1359 2539 1412 Cum
2580 1357 2737 1411 enim
2793 1351 3167 1425 baptismatis
3215 1349 3478 1421 mysterio
3531 1345 3837 1418 apostolus

2175 1446 2539 1510 informaret,
2576 1445 2658 1499 ita
2690 1444 2881 1513 inquit
2915 1458 2928 1496 :
2961 1443 3169 1495 Euntes
3200 1439 3383 1492 docete
3410 1451 3600 1491 omnes
3629 1440 3839 1505 gentes,

2178 1535 2521 1606 baptizantes
2547 1548 2635 1589 eos
2666 1534 2726 1587 in
2759 1530 2986 1587 nomine
3014 1527 3205 1585 Patris
3235 1532 3288 1582 et
3316 1527 3359 1580 F
3360 1526 3472 1592 itii,
3505 1536 3557 1580 et
3589 1524 3840 1595 Spiritus

2177 1626 2356 1679 sancti
2384 1622 2453 1680 9⁸.
2511 1621 2674 1685 Quod
2724 1621 2775 1675 si
2850 1625 3043 1675 creata
3085 1623 3295 1672 natura
3344 1616 3432 1670 vel
3483 1614 3694 1682 Filius,
3750 1610 3837 1666 vel

2179 1712 2433 1784 Spiritus
2464 1716 2726 1777 sanctus,
2758 1710 3069 1780 praedictus
3106 1709 3332 1770 tuisset,
3355 1720 3659 1775 nunquam
3686 1718 3838 1757 crea-

2180 1801 2293 1856 tori
2320 1803 2430 1856 Deo
2462 1799 2689 1855 accensi
2726 1797 3256 1867 connumeratique
3292 1796 3541 1849 fuissent
3572 1808 3584 1846 :
3640 1790 3833 1847 verbis

2037 1880 2071 1955 ᾖ
2106 1885 2151 1947 Β
2182 1890 2339 1945 enim
2356 1889 2573 1945 divinis
2604 1892 2955 1944 accusantur
2983 1886 3045 1951 ii,
3077 1886 3176 1955 qui
3208 1880 3655 1951 creaturas,loco
3681 1881 3842 1936 Crea-

2185 1980 2327 2035 toris
2358 1979 2703 2035 servieruut.
2736 1976 2984 2033 Proinde
3036 1973 3385 2046 Unigenitus
3428 1986 3665 2042 quoque
3716 1986 3839 2023 car-

2187 2086 2318 2125 nem
2342 2067 2663 2138 assumpsit
2686 2068 3026 2132 humanam,
3049 2072 3110 2118 ut
3130 2062 3398 2118 homines
3417 2063 3489 2115 ab
3519 2061 3624 2115 hoc
3650 2074 3839 2114 errore

2186 2157 2479 2224 liberaret,
2515 2159 2732 2227 Deique
2761 2174 2795 2211 a
2825 2159 3091 2210 creatura
3133 2150 3525 2207 differentiam
3567 2150 3836 2203 ostende-

2188 2253 2293 2302 ret.
2328 2248 2575 2303 Sublata
2607 2251 2807 2301 autem
2833 2248 3113 2299 creature:
3162 2240 3526 2305 adcretione,
3580 2242 3840 2291 naturam

2189 2341 2443 2391 creatam
2475 2333 2708 2390 adorari
2741 2349 2860 2387 non
2883 2332 3089 2402 jussit.
3127 2329 3529 2385 Absurdorum
3556 2326 3712 2381 enim
3744 2324 3845 2379 hoc

2188 2428 2277 2480 vel
2311 2426 2632 2479 maximum
2666 2422 2858 2492 fuerit,
2918 2422 2975 2476 si
3025 2419 3158 2491 quis
3199 2418 3470 2473 homines
3518 2416 3593 2470 ab
3639 2415 3712 2468 iis
3756 2413 3847 2484 qui

2191 2515 2272 2570 dii
2322 2531 2435 2569 non
2483 2519 2629 2570 sunt
2676 2512 2986 2578 abductos,
3047 2512 3378 2564 creaturam
3423 2504 3662 2561 servitio
3689 2504 3843 2558 addi-

2191 2606 2355 2661 xerit.
2390 2606 2591 2676 Itaque
2621 2602 2835 2657 Filium
2860 2607 2917 2656 et
2946 2599 3227 2672 Spiritum
3282 2600 3556 2652 sanctum
3594 2593 3836 2649 inereata

2192 2694 2468 2765 praeditos
2500 2709 2630 2748 esse
2662 2696 2872 2747 natura
2899 2688 3274 2761 perspicuum
3307 2691 3412 2741 est.
3440 2684 3589 2739 Nam
3625 2685 3682 2739 in
3726 2681 3829 2736 Pa-

2193 2788 2362 2851 trem,
2410 2787 2465 2838 et
2495 2782 2704 2837 Filium
2756 2783 2813 2836 et
2858 2778 3139 2849 Spiritum
3182 2781 3450 2832 sanctum
3496 2774 3727 2828 credere
3756 2770 3830 2824 id-

2194 2874 2344 2929 circo
2366 2873 2667 2939 docemur,
2695 2874 2752 2924 et
2780 2867 2841 2923 in
2873 2868 3110 2922 nomine
3144 2865 3354 2935 Patris,
3387 2869 3444 2920 et
3475 2862 3629 2932 Filii,
3649 2866 3703 2917 et
3719 2860 3832 2932 Spi-

2195 2964 2347 3019 ritus
2376 2961 2562 3018 sancti
2592 2959 2982 3030 baptizamur.
3017 2957 3166 3022 Quia
3194 2955 3353 3011 enim
3378 2954 3635 3025 primum
3654 2950 3823 3005 homi-

2194 3068 2328 3109 nem
2361 3068 2476 3106 non
2505 3048 2668 3105 solus
2698 3052 2870 3104 Pater
2900 3046 3139 3114 creavit,
3174 3045 3277 3100 sed
3309 3048 3367 3099 et
3397 3042 3578 3098 Filius
3616 3046 3666 3095 et
3702 3038 3816 3108 δρία

2196 3142 2341 3198 ritus
2384 3144 2625 3197 sanctus
2672 3138 2844 3211 (dixit
2889 3137 3065 3204 enim,
3120 3136 3416 3190 Faciamus
3457 3132 3703 3188 hominem
3743 3123 3809 3177 ad

2124 3238 2166 3305 C
2189 3237 2489 3308 imaginem
2520 3242 2571 3289 et
2590 3230 3025 3289 similitudinem
3052 3238 3303 3286 nostram
3332 3228 3419 3297 ’7),
3460 3225 3643 3281 merito
3668 3223 3815 3276 certe

2193 3335 2333 3385 tunc
2365 3328 2544 3383 etiam
2579 3342 2714 3382 cum
2746 3323 3119 3389 resurrectio,
3151 3336 3421 3393 novaque
3451 3314 3642 3373 mundi
3667 3327 3819 3368 crea-

2192 3421 2273 3475 tio
2305 3418 2624 3491 peragitur,
2656 3415 2838 3471 Filius
2869 3420 2926 3469 et
2952 3413 3210 3485 Spiritus
3242 3415 3481 3467 sanctus
3499 3405 3679 3463 Patris
3699 3419 3831 3459 con-

2192 3515 2379 3569 sortes
2411 3510 2581 3575 fiunt,
2650 3506 3068 3575 'I‘rinitatisque
3110 3504 3255 3558 adeo
3305 3499 3599 3557 invocatio
3644 3508 3834 3551 eorum

2194 3600 2294 3673 qui
2324 3598 2698 3671 baptizantur
2729 3610 2912 3652 unum
2949 3608 3247 3666 quemque
3277 3597 3598 3663 regenerat.

2822 3730 2983 3788 CAP.
3033 3730 3242 3788 XXIX.

2682 3870 2762 3923 De
2788 3864 2999 3921 divinis
3027 3859 3366 3918 nominibus.

2264 3989 2369 4045 Sed
2403 3988 2738 4045 divinorum
2771 3988 2948 4043 etiam
2979 3985 3287 4041 nominum
3321 3983 3740 4055 interpretatip
3769 3979 3846 4035 sic

2197 4096 2260 4137 se
2308 4079 2503 4135 habet.
2555 4077 2701 4146 Quia
2742 4077 2898 4133 enim
2958 4075 3244 4133 vaecordes
3292 4072 3374 4129 illi
3434 4072 3847 4129 Hebraicorum

2198 4169 2507 4226 nominum
2575 4167 3119 4240 interpretationem
3187 4166 3545 4237 ignorantes,
3610 4158 3851 4223 Adonei,

2197 4258 2346 4327 Eloi,
2378 4263 2436 4313 et
2459 4257 2716 4314 Sabaoth
2749 4257 3014 4312 diversos
3046 4271 3174 4310 esse
3206 4257 3344 4309 deos
3374 4251 3657 4308 arbitrati
3708 4253 3857 4317 sunt,

2200 4363 2389 4420 operae
2438 4345 2692 4417 pretium
2743 4343 2886 4399 mihi
2932 4344 3197 4399 facturus
3244 4340 3463 4407 videor,
3515 4340 3566 4393 si
3622 4337 3859 4395 rudibus

2200 4445 2253 4493 et
2285 4435 2505 4508 ignaris
2534 4432 2792 4504 aperiam
2842 4430 2982 4503 quid
3033 4430 3247 4486 horum
3296 4427 3607 4484 nominum
3666 4441 3860 4482 unum-

2201 4526 2474 4597 quodque
2513 4523 2725 4578 Graacis
2767 4525 2824 4577 et
2872 4520 3098 4576 Latinis
3148 4519 3396 4574 auribus
3445 4522 3644 4573 sonet.
3700 4514 3854 4571 Elolh

438 4624 682 4689 expertae
714 4619 877 4670 sunt.
904 4614 1038 4678 Quae
1073 4627 1206 4666 cum
1256 4625 1370 4663 non
1412 4607 1623 4672 verbis,
1665 4607 1766 4662 sed
1819 4606 1995 4660 rebus
2031 4609 2079 4660 et

2192 4616 2384 4686 itaque
2433 4611 2562 4666 Θεὸν
2586 4610 2771 4667 Deum
2803 4611 3242 4680 interpretatur.
3275 4607 3399 4662 Eloi
3423 4611 3654 4671 autem,
3688 4603 3717 4657 ὀ
3739 4601 3857 4659 Θεός

439 4707 585 4765 actis
616 4707 823 4761 Petrus
851 4701 946 4756 ille
980 4699 1281 4755 divinitate
1310 4714 1421 4767 prie
1466 4696 1686 4751 caeteris
1734 4695 2089 4766 conspicuus

439 4796 762 4863 didicisset,
796 4793 994 4863 ipsum
1022 4793 1203 4845 Deum
1238 4785 1479 4852 vocavit,
1532 4800 1658 4840 cum
1701 4784 1946 4839 Ananiae
1975 4784 2091 4838 fur-

440 4888 565 4939 tum
600 4884 988 4953 redarguerel.
1027 4878 1171 4934 Cum
1204 4875 1358 4931 enim
1388 4875 1654 4939 dixisset,
1701 4874 1811 4929 Cur
1860 4874 2091 4930 tentavit

442 4969 683 5025 Satanas
714 4984 809 5025 cor
837 4975 1013 5033 tuum,
1046 4965 1273 5021 mentiri
1303 4971 1353 5019 te
1396 4963 1633 5034 Spiritui
1678 4966 1864 5017 sancto
1885 4961 1912 5015 Ἰ
1951 4963 2089 5017 sub-

433 5056 634 5129 junxit
668 5073 680 5110 :
713 5057 829 5112 Non
857 5055 1118 5112 mentitus
1146 5070 1201 5111 es
1230 5053 1572 5121 hominibus,
1602 5052 1695 5108 sed
1725 5052 1830 5108 Deo
1882 5050 1945 5109 ’3.
1989 5052 2090 5110 His

441 5143 839 5216 astipulantur
870 5148 925 5198 et
953 5160 1041 5211 ea,
1076 5158 1206 5214 quis
1237 5159 1270 5196 a
1313 5140 1476 5197 beato
1529 5140 1705 5197 Paulo
1753 5142 1825 5197 de
1870 5139 2090 5213 Spiritu

442 5235 597 5291 dicta
628 5236 787 5289 sunt.
821 5233 1131 5289 Credentes
1163 5231 1317 5287 enim
1361 5230 1591 5304 templa
1635 5231 1738 5288 Dei
1781 5236 1969 5299 vocat,
2031 5234 2089 5288 in

441 5324 660 5395 quibus
692 5320 971 5375 nimirum
1025 5320 1215 5392 gratia
1262 5320 1520 5392 Spiritus
1562 5320 1808 5377 habitet.
1860 5321 2092 5377 Nescitis

444 5414 623 5481 enim,
675 5408 891 5480 inquit,
937 5410 1065 5480 quia
1110 5413 1372 5482 templum
1419 5414 1517 5469 Dei
1554 5415 1704 5484 estis,
1753 5419 1806 5469 et
1850 5415 2091 5486 Spiritus

442 5501 543 5557 Dei
601 5498 814 5554 habitat
866 5498 929 5552 in
986 5499 1133 5554 vobis
1187 5497 1277 5554 ⁰⁴τ
1336 5500 1502 5569 Item,
1554 5503 1777 5559 Nescitis
1827 5506 2089 5574 quoniam

452 5624 459 5627 ’
513 5629 559 5666 ⁸⁷
614 5630 744 5686 Cor.
797 5646 861 5695 11,
917 5631 1004 5686 10.
1082 5629 1128 5663 ⁸³
1179 5628 1328 5686 Ibid.
1381 5628 1470 5684 11.

1546 5629 1593 5665 ⁸⁸
1642 5632 1792 5688 Ibid.
1841 5633 1908 5687 12
2005 5634 2050 5668 ³ο
2099 5634 2124 5688 Ι
2174 5634 2304 5689 Cor.
2357 5646 2462 5693 xu,
2511 5630 2566 5697 6,

2203 4724 2331 4776 μου,
2365 4707 2514 4758 Deus
2546 4717 2733 4757 meus.
2769 4699 2830 4753 El
2862 4713 3119 4769 quoque,
3153 4698 3199 4753 si
3242 4695 3404 4752 tenui
3458 4694 3683 4765 spiritu
3733 4708 3858 4766 pro-

2201 4794 2422 4849 feratur
2452 4789 2581 4843 Θεὸν
2640 4789 2825 4844 Deum
2885 4803 2898 4841 :
2965 4786 3015 4841 si
3070 4801 3296 4856 aspero,
3356 4781 3588 4856 ἰσχυρὸν
3659 4785 3856 4839 fortem

2201 4881 2516 4955 significat.
2546 4875 2766 4934 Adonai
2798 4880 3021 4943 autem,
3057 4873 3263 4947 Κύριον
3293 4874 3642 4931 Dominum.
3694 4878 3863 4928 Caste-

2201 4987 2331 5027 rum
2363 4969 2649 5025 Dominus
2680 4965 2958 5028 Sabaoth,
2995 4964 3148 5019 idem
3205 4967 3395 5030 sonat,
3446 4963 3610 5033 quod
3668 4960 3862 5034 Κύριος

2202 5057 2504 5131 δυνάμεων,
2538 5056 2821 5112 Dominus
2854 5055 3167 5122 virtutum,
3202 5053 3293 5108 vel
3326 5052 3531 5126 Κύριος
3567 5054 3861 5126 στρατιῶν,

2201 5148 2488 5204 Dominus
2520 5143 2898 5201 exercituum.
2939 5141 3081 5199 Nam
3117 5142 3269 5214 apud
3304 5141 3536 5195 Grecae
3578 5140 3866 5196 militares

2200 5238 2436 5295 ordines
2483 5231 2787 5305 δυνάμεων,
2841 5248 2943 5288 seu
2974 5231 3260 5286 virtutum
3287 5233 3738 5302 potestatumve
3769 5244 3870 5282 no-

2201 5327 2360 5382 mine
2391 5324 2797 5393 designantur.
2831 5319 3049 5377 Saddai
3084 5336 3256 5391 porro
3291 5317 3471 5372 ἱκανὸν
3513 5318 3607 5371 καὶ
3648 5313 3870 5371 δννατόν

2200 5415 2478 5470 inodeum
2507 5416 2565 5469 et
2598 5415 2908 5481 potentem.
2937 5407 3066 5463 Alia
3093 5424 3226 5463 vero
3265 5405 3357 5460 τὸν
3387 5397 3539 5473 ὄντα,
3598 5424 3744 5463 eum
3779 5422 3871 5475 qui

2205 5508 2294 5561 est
2323 5502 2660 5574 significat:
2695 5498 2848 5568 quod
2897 5512 3113 5552 nomen
3175 5494 3465 5551 ineffabile
3508 5511 3757 5566 quoque
3806 5494 3876 5550 ab

2622 5627 2709 5681 11.
2789 5624 2831 5661 ⁹¹
2885 5626 2933 5680 It
2981 5624 3110 5680 Cor.
3162 5639 3286 5690 xm,
3342 5623 3429 5679 43.
3506 5622 3552 5657 ⁸³
3600 5622 3772 5679 Psal.
3823 5638 3877 5689 ι,

440 5705 531 5775 35,
564 5704 654 5756 32.
731 5697 776 5736 ⁹³
808 5694 934 5757 Act.
966 5718 1025 5770 v,
1056 5701 1109 5755 3.
1186 5698 1231 5734 "
1261 5699 1288 5754 l
1317 5698 1447 5755 Cor.
1478 5716 1564 5768 In,
1598 5702 1684 5757 16.
1762 5704 1806 5739 ⁵⁸
1836 5703 1857 5758 l
1889 5705 2016 5760 Cor.
2050 5722 2079 5759 v

2195 5705 2249 5759 9.
2329 5703 2373 5738 κ
2403 5694 2589 5756 Math.
2622 5713 2821 5767 xxvm,
2857 5698 2942 5765 19,
3020 5694 3065 5731 ³⁷
3096 5695 3239 5751 Gen.
3272 5712 3308 5764 ι,
3341 5697 3394 5749 6.
