  <div class='ocr_page' id='page_1' title='image "/cluster/home/n/w/nwhite01/storage/ocr_20150623/139/mdp.39015078384214/592.png"; bbox 0 0 4090 6298; ppageno 0'>
   <div class='ocr_carea' id='block_1_1' title="bbox 219 396 370 459">
    <p class='ocr_par' dir='ltr' id='par_1_1' title="bbox 219 396 370 459">
     <span class='ocr_line' id='line_1_1' title="bbox 219 396 370 459; baseline 0.007 -1"><span class='ocrx_word' id='word_1_1' title='bbox 219 396 370 459; x_wconf 87' lang='grc'><strong>1161</strong></span> 
     </span>
    </p>
   </div>
   <div class='ocr_carea' id='block_1_2' title="bbox 1569 403 2295 494">
    <p class='ocr_par' dir='ltr' id='par_1_2' title="bbox 1569 403 2295 494">
     <span class='ocr_line' id='line_1_2' title="bbox 1569 403 2295 494; baseline 0.012 -31"><span class='ocrx_word' id='word_1_2' title='bbox 1569 403 1972 494; x_wconf 82' lang='lat' dir='ltr'><strong>THESAURI</strong></span> <span class='ocrx_word' id='word_1_3' title='bbox 2015 408 2164 470; x_wconf 90' lang='lat' dir='ltr'><strong>LIB.</strong></span> <span class='ocrx_word' id='word_1_4' title='bbox 2213 410 2295 472; x_wconf 93' lang='lat' dir='ltr'><strong>II.</strong></span> 
     </span>
    </p>
   </div>
   <div class='ocr_carea' id='block_1_3' title="bbox 3481 420 3636 486">
    <p class='ocr_par' dir='ltr' id='par_1_3' title="bbox 3481 420 3636 486">
     <span class='ocr_line' id='line_1_3' title="bbox 3481 420 3636 486; baseline -0.039 0"><span class='ocrx_word' id='word_1_5' title='bbox 3481 420 3636 486; x_wconf 76' lang='grc'><strong>1162</strong></span> 
     </span>
    </p>
   </div>
   <div class='ocr_carea' id='block_1_4' title="bbox 217 528 3635 620">
    <p class='ocr_par' dir='ltr' id='par_1_4' title="bbox 217 528 3635 620">
     <span class='ocr_line' id='line_1_4' title="bbox 217 528 3635 620; baseline 0.006 -32"><span class='ocrx_word' id='word_1_6' title='bbox 217 537 268 588; x_wconf 86' lang='grc' dir='ltr'>Η</span> <span class='ocrx_word' id='word_1_7' title='bbox 308 528 480 586; x_wconf 87' lang='lat' dir='ltr'><strong>brais</strong></span> <span class='ocrx_word' id='word_1_8' title='bbox 507 530 878 588; x_wconf 77' lang='lat' dir='ltr'><strong>censebatur.</strong></span> <span class='ocrx_word' id='word_1_9' title='bbox 911 534 1267 592; x_wconf 87' lang='lat' dir='ltr'><strong>Samaritani</strong></span> <span class='ocrx_word' id='word_1_10' title='bbox 1310 538 1588 595; x_wconf 89' lang='lat' dir='ltr'><strong>eumdem</strong></span> <span class='ocrx_word' id='word_1_11' title='bbox 1641 537 1870 595; x_wconf 89' lang='lat' dir='ltr'><strong>Iabedi-</strong></span> <span class='ocrx_word' id='word_1_12' title='bbox 1901 541 1955 609; x_wconf 70' lang='grc' dir='ltr'><strong>Α</strong></span> <span class='ocrx_word' id='word_1_13' title='bbox 1987 541 2377 614; x_wconf 88' lang='lat' dir='ltr'><strong>extolleretur,</strong></span> <span class='ocrx_word' id='word_1_14' title='bbox 2403 545 2520 603; x_wconf 90' lang='lat' dir='ltr'><strong>imo</strong></span> <span class='ocrx_word' id='word_1_15' title='bbox 2550 563 2700 616; x_wconf 88' lang='lat' dir='ltr'><strong>vero,</strong></span> <span class='ocrx_word' id='word_1_16' title='bbox 2731 548 2830 620; x_wconf 89' lang='lat' dir='ltr'><strong>qui</strong></span> <span class='ocrx_word' id='word_1_17' title='bbox 2887 565 3001 605; x_wconf 88' lang='lat' dir='ltr'><strong>non</strong></span> <span class='ocrx_word' id='word_1_18' title='bbox 3037 553 3364 607; x_wconf 86' lang='lat' dir='ltr'><strong>extremum</strong></span> <span class='ocrx_word' id='word_1_19' title='bbox 3397 550 3508 610; x_wconf 90' lang='lat' dir='ltr'><strong>hoc</strong></span> <span class='ocrx_word' id='word_1_20' title='bbox 3541 555 3635 610; x_wconf 87' lang='lat' dir='ltr'><strong>de-</strong></span> 
     </span>
    </p>
   </div>
   <div class='ocr_carea' id='block_1_5' title="bbox 232 621 1874 693">
    <p class='ocr_par' dir='ltr' id='par_1_5' title="bbox 232 621 1874 693">
     <span class='ocr_line' id='line_1_5' title="bbox 232 621 1874 693; baseline 0.005 -16"><span class='ocrx_word' id='word_1_21' title='bbox 232 626 393 688; x_wconf 92' lang='lat' dir='ltr'><strong>cunt,</strong></span> <span class='ocrx_word' id='word_1_22' title='bbox 428 621 585 676; x_wconf 88' lang='lat' dir='ltr'><strong>verbi</strong></span> <span class='ocrx_word' id='word_1_23' title='bbox 623 621 738 677; x_wconf 87' lang='lat' dir='ltr'><strong>vim</strong></span> <span class='ocrx_word' id='word_1_24' title='bbox 773 621 1130 693; x_wconf 80' lang='lat' dir='ltr'><strong>ignorantes.</strong></span> <span class='ocrx_word' id='word_1_25' title='bbox 1191 625 1321 681; x_wconf 85' lang='lat' dir='ltr'><strong>Hac</strong></span> <span class='ocrx_word' id='word_1_26' title='bbox 1353 645 1486 684; x_wconf 90' lang='lat' dir='ltr'><strong>cum</strong></span> <span class='ocrx_word' id='word_1_27' title='bbox 1536 629 1732 685; x_wconf 89' lang='lat' dir='ltr'><strong>minus</strong></span> <span class='ocrx_word' id='word_1_28' title='bbox 1783 646 1874 685; x_wconf 88' lang='lat' dir='ltr'><strong>ve-</strong></span> 
     </span>
    </p>
   </div>
   <div class='ocr_carea' id='block_1_6' title="bbox 231 710 1874 790">
    <p class='ocr_par' dir='ltr' id='par_1_6' title="bbox 231 710 1874 790">
     <span class='ocr_line' id='line_1_6' title="bbox 231 710 1874 790; baseline 0.004 -22"><span class='ocrx_word' id='word_1_29' title='bbox 231 713 436 768; x_wconf 91' lang='lat' dir='ltr'><strong>cordes</strong></span> <span class='ocrx_word' id='word_1_30' title='bbox 469 710 552 765; x_wconf 91' lang='lat' dir='ltr'><strong>illi</strong></span> <span class='ocrx_word' id='word_1_31' title='bbox 604 711 989 781; x_wconf 77' lang='lat' dir='ltr'><strong>adverterent,</strong></span> <span class='ocrx_word' id='word_1_32' title='bbox 1041 715 1181 770; x_wconf 90' lang='lat' dir='ltr'><strong>deos</strong></span> <span class='ocrx_word' id='word_1_33' title='bbox 1238 715 1498 774; x_wconf 90' lang='lat' dir='ltr'><strong>diversos</strong></span> <span class='ocrx_word' id='word_1_34' title='bbox 1548 718 1874 790; x_wconf 78' lang='lat' dir='ltr'><strong>appellave-</strong></span> 
     </span>
    </p>
   </div>
   <div class='ocr_carea' id='block_1_7' title="bbox 227 805 383 857">
    <p class='ocr_par' dir='ltr' id='par_1_7' title="bbox 227 805 383 857">
     <span class='ocr_line' id='line_1_7' title="bbox 227 805 383 857; baseline -0.013 0"><span class='ocrx_word' id='word_1_35' title='bbox 227 805 383 857; x_wconf 89' lang='lat' dir='ltr'><strong>runt.</strong></span> 
     </span>
    </p>
   </div>
   <div class='ocr_carea' id='block_1_8' title="bbox 863 911 1251 969">
    <p class='ocr_par' dir='ltr' id='par_1_8' title="bbox 863 911 1251 969">
     <span class='ocr_line' id='line_1_8' title="bbox 863 911 1251 969; baseline 0.008 -3"><span class='ocrx_word' id='word_1_36' title='bbox 863 911 1018 968; x_wconf 85' lang='lat' dir='ltr'><strong>CAP.</strong></span> <span class='ocrx_word' id='word_1_37' title='bbox 1076 913 1251 969; x_wconf 84' lang='lat' dir='ltr'><strong>XXX.</strong></span> 
     </span>
    </p>
   </div>
   <div class='ocr_carea' id='block_1_9' title="bbox 230 1016 1875 1091">
    <p class='ocr_par' dir='ltr' id='par_1_9' title="bbox 230 1016 1875 1091">
     <span class='ocr_line' id='line_1_9' title="bbox 230 1016 1875 1091; baseline 0.002 -16"><span class='ocrx_word' id='word_1_38' title='bbox 230 1016 484 1091; x_wconf 79' lang='lat' dir='ltr'><strong>Ejusdem</strong></span> <span class='ocrx_word' id='word_1_39' title='bbox 534 1016 846 1091; x_wconf 77' lang='lat' dir='ltr'><strong>Chroniata</strong></span> <span class='ocrx_word' id='word_1_40' title='bbox 918 1019 1280 1091; x_wconf 61' lang='lat' dir='ltr'><strong>[Trinitatis</strong></span> <span class='ocrx_word' id='word_1_41' title='bbox 1348 1020 1760 1091; x_wconf 78' lang='lat' dir='ltr'><strong>demonstratio,</strong></span> <span class='ocrx_word' id='word_1_42' title='bbox 1842 1041 1875 1078; x_wconf 82' lang='grc' dir='ltr'><em>α</em></span> 
     </span>
    </p>
   </div>
   <div class='ocr_carea' id='block_1_10' title="bbox 301 1088 1876 1164">
    <p class='ocr_par' dir='ltr' id='par_1_10' title="bbox 301 1088 1876 1164">
     <span class='ocr_line' id='line_1_10' title="bbox 301 1088 1876 1164; baseline 0.003 -18"><span class='ocrx_word' id='word_1_43' title='bbox 301 1092 532 1146; x_wconf 69' lang='lat' dir='ltr'><strong>trutina?</strong></span> <span class='ocrx_word' id='word_1_44' title='bbox 569 1088 934 1164; x_wconf 37' lang='lat' dir='ltr'><strong>aquitibriot&#39;</strong></span> <span class='ocrx_word' id='word_1_45' title='bbox 958 1089 1173 1162; x_wconf 76' lang='lat' dir='ltr'><strong>duplici</strong></span> <span class='ocrx_word' id='word_1_46' title='bbox 1214 1093 1432 1147; x_wconf 85' lang='lat' dir='ltr'><strong>alarum</strong></span> <span class='ocrx_word' id='word_1_47' title='bbox 1461 1088 1876 1164; x_wconf 31' lang='lat' dir='ltr'><strong>seraphica’rum</strong></span> 
     </span>
    </p>
   </div>
   <div class='ocr_carea' id='block_1_11' title="bbox 305 1161 930 1232">
    <p class='ocr_par' dir='ltr' id='par_1_11' title="bbox 305 1161 930 1232">
     <span class='ocr_line' id='line_1_11' title="bbox 305 1161 930 1232; baseline -0.006 -14"><span class='ocrx_word' id='word_1_48' title='bbox 305 1164 598 1226; x_wconf 77' lang='lat' dir='ltr'><strong>Trinitate,</strong></span> <span class='ocrx_word' id='word_1_49' title='bbox 642 1161 930 1232; x_wconf 84' lang='lat' dir='ltr'><strong>Trisagio.]</strong></span> 
     </span>
    </p>
   </div>
   <div class='ocr_carea' id='block_1_12' title="bbox 300 1269 1875 1343">
    <p class='ocr_par' dir='ltr' id='par_1_12' title="bbox 300 1269 1875 1343">
     <span class='ocr_line' id='line_1_12' title="bbox 300 1269 1875 1343; baseline 0.003 -18"><span class='ocrx_word' id='word_1_50' title='bbox 300 1269 719 1326; x_wconf 90' lang='lat' dir='ltr'><strong>Dubitantibus</strong></span> <span class='ocrx_word' id='word_1_51' title='bbox 769 1273 984 1338; x_wconf 89' lang='lat' dir='ltr'><strong>autem,</strong></span> <span class='ocrx_word' id='word_1_52' title='bbox 1037 1287 1291 1343; x_wconf 88' lang='lat' dir='ltr'><strong>quanam</strong></span> <span class='ocrx_word' id='word_1_53' title='bbox 1341 1273 1409 1329; x_wconf 92' lang='lat' dir='ltr'><strong>de</strong></span> <span class='ocrx_word' id='word_1_54' title='bbox 1461 1290 1638 1329; x_wconf 89' lang='lat' dir='ltr'><strong>causa</strong></span> <span class='ocrx_word' id='word_1_55' title='bbox 1695 1275 1875 1332; x_wconf 88' lang='lat' dir='ltr'><strong>Filius</strong></span> 
     </span>
    </p>
   </div>
   <div class='ocr_carea' id='block_1_13' title="bbox 231 1359 1873 1429">
    <p class='ocr_par' dir='ltr' id='par_1_13' title="bbox 231 1359 1873 1429">
     <span class='ocr_line' id='line_1_13' title="bbox 231 1359 1873 1429; baseline 0.003 -14"><span class='ocrx_word' id='word_1_56' title='bbox 231 1359 630 1416; x_wconf 71' lang='lat' dir='ltr'><strong>enuntiatione</strong></span> <span class='ocrx_word' id='word_1_57' title='bbox 688 1359 918 1415; x_wconf 89' lang='lat' dir='ltr'><strong>medius</strong></span> <span class='ocrx_word' id='word_1_58' title='bbox 979 1361 1315 1429; x_wconf 78' lang='lat' dir='ltr'><strong>assumitur,</strong></span> <span class='ocrx_word' id='word_1_59' title='bbox 1375 1368 1632 1419; x_wconf 78' lang='lat' dir='ltr'><strong>extrema</strong></span> <span class='ocrx_word' id='word_1_60' title='bbox 1681 1370 1873 1420; x_wconf 84' lang='lat' dir='ltr'><strong>autem</strong></span> 
     </span>
    </p>
   </div>
   <div class='ocr_carea' id='block_1_14' title="bbox 228 1448 1875 1524">
    <p class='ocr_par' dir='ltr' id='par_1_14' title="bbox 228 1448 1875 1524">
     <span class='ocr_line' id='line_1_14' title="bbox 228 1448 1875 1524; baseline 0.004 -20"><span class='ocrx_word' id='word_1_61' title='bbox 228 1453 402 1506; x_wconf 89' lang='lat' dir='ltr'><strong>Pater</strong></span> <span class='ocrx_word' id='word_1_62' title='bbox 455 1458 506 1505; x_wconf 90' lang='lat' dir='ltr'><strong>et</strong></span> <span class='ocrx_word' id='word_1_63' title='bbox 560 1448 813 1518; x_wconf 80' lang='lat' dir='ltr'><strong>Spiritus</strong></span> <span class='ocrx_word' id='word_1_64' title='bbox 863 1454 1104 1506; x_wconf 88' lang='lat' dir='ltr'><strong>sanctus</strong></span> <span class='ocrx_word' id='word_1_65' title='bbox 1161 1458 1466 1524; x_wconf 85' lang='lat' dir='ltr'><strong>occupent,</strong></span> <span class='ocrx_word' id='word_1_66' title='bbox 1528 1454 1875 1524; x_wconf 88' lang='lat' dir='ltr'><strong>respondere</strong></span> 
     </span>
    </p>
   </div>
   <div class='ocr_carea' id='block_1_15' title="bbox 229 1538 1877 1612">
    <p class='ocr_par' dir='ltr' id='par_1_15' title="bbox 229 1538 1877 1612">
     <span class='ocr_line' id='line_1_15' title="bbox 229 1538 1877 1612; baseline 0.003 -18"><span class='ocrx_word' id='word_1_67' title='bbox 229 1554 572 1611; x_wconf 84' lang='lat' dir='ltr'><strong>possumus,</strong></span> <span class='ocrx_word' id='word_1_68' title='bbox 605 1539 758 1610; x_wconf 91' lang='lat' dir='ltr'><strong>quod</strong></span> <span class='ocrx_word' id='word_1_69' title='bbox 791 1555 924 1593; x_wconf 91' lang='lat' dir='ltr'><strong>cum</strong></span> <span class='ocrx_word' id='word_1_70' title='bbox 957 1538 1110 1594; x_wconf 91' lang='lat' dir='ltr'><strong>Deus</strong></span> <span class='ocrx_word' id='word_1_71' title='bbox 1138 1544 1345 1596; x_wconf 81' lang='lat' dir='ltr'><strong>statera</strong></span> <span class='ocrx_word' id='word_1_72' title='bbox 1373 1541 1616 1612; x_wconf 81' lang='lat' dir='ltr'><strong>justitia</strong></span> <span class='ocrx_word' id='word_1_73' title='bbox 1648 1542 1877 1599; x_wconf 88' lang='lat' dir='ltr'><strong>dicatur</strong></span> 
     </span>
    </p>
   </div>
   <div class='ocr_carea' id='block_1_16' title="bbox 227 1627 1874 1700">
    <p class='ocr_par' dir='ltr' id='par_1_16' title="bbox 227 1627 1874 1700">
     <span class='ocr_line' id='line_1_16' title="bbox 227 1627 1874 1700; baseline 0.004 -16"><span class='ocrx_word' id='word_1_74' title='bbox 227 1628 428 1685; x_wconf 88' lang='lat' dir='ltr'><strong>eadem</strong></span> <span class='ocrx_word' id='word_1_75' title='bbox 489 1645 728 1700; x_wconf 86' lang='lat' dir='ltr'><strong>prorsus</strong></span> <span class='ocrx_word' id='word_1_76' title='bbox 761 1627 1003 1697; x_wconf 85' lang='lat' dir='ltr'><strong>ratione,</strong></span> <span class='ocrx_word' id='word_1_77' title='bbox 1049 1645 1164 1700; x_wconf 91' lang='lat' dir='ltr'><strong>qua</strong></span> <span class='ocrx_word' id='word_1_78' title='bbox 1204 1634 1482 1686; x_wconf 87' lang='lat' dir='ltr'><strong>stateram</strong></span> <span class='ocrx_word' id='word_1_79' title='bbox 1519 1631 1791 1698; x_wconf 86' lang='lat' dir='ltr'><strong>dicimus,</strong></span> <span class='ocrx_word' id='word_1_80' title='bbox 1823 1634 1874 1691; x_wconf 90' lang='lat' dir='ltr'><strong>is</strong></span> 
     </span>
    </p>
   </div>
   <div class='ocr_carea' id='block_1_17' title="bbox 225 1717 1876 1792">
    <p class='ocr_par' dir='ltr' id='par_1_17' title="bbox 225 1717 1876 1792">
     <span class='ocr_line' id='line_1_17' title="bbox 225 1717 1876 1792; baseline 0.003 -19"><span class='ocrx_word' id='word_1_81' title='bbox 225 1732 460 1791; x_wconf 87' lang='lat' dir='ltr'><strong>quoque</strong></span> <span class='ocrx_word' id='word_1_82' title='bbox 487 1719 628 1772; x_wconf 89' lang='lat' dir='ltr'><strong>ordo</strong></span> <span class='ocrx_word' id='word_1_83' title='bbox 659 1717 716 1771; x_wconf 92' lang='lat' dir='ltr'><strong>in</strong></span> <span class='ocrx_word' id='word_1_84' title='bbox 747 1722 957 1773; x_wconf 89' lang='lat' dir='ltr'><strong>natura</strong></span> <span class='ocrx_word' id='word_1_85' title='bbox 1008 1717 1204 1774; x_wconf 86' lang='lat' dir='ltr'><strong>divina</strong></span> <span class='ocrx_word' id='word_1_86' title='bbox 1261 1720 1622 1792; x_wconf 82' lang='lat' dir='ltr'><strong>excogitatus</strong></span> <span class='ocrx_word' id='word_1_87' title='bbox 1671 1727 1779 1789; x_wconf 89' lang='lat' dir='ltr'><strong>est,</strong></span> <span class='ocrx_word' id='word_1_88' title='bbox 1813 1726 1876 1778; x_wconf 92' lang='lat' dir='ltr'><strong>ut</strong></span> 
     </span>
    </p>
   </div>
   <div class='ocr_carea' id='block_1_18' title="bbox 222 1806 1875 1882">
    <p class='ocr_par' dir='ltr' id='par_1_18' title="bbox 222 1806 1875 1882">
     <span class='ocr_line' id='line_1_18' title="bbox 222 1806 1875 1882; baseline 0.003 -19"><span class='ocrx_word' id='word_1_89' title='bbox 222 1807 485 1863; x_wconf 90' lang='lat' dir='ltr'><strong>medium</strong></span> <span class='ocrx_word' id='word_1_90' title='bbox 522 1807 715 1862; x_wconf 89' lang='lat' dir='ltr'><strong>locum</strong></span> <span class='ocrx_word' id='word_1_91' title='bbox 741 1806 918 1862; x_wconf 84' lang='lat' dir='ltr'><strong>Filius</strong></span> <span class='ocrx_word' id='word_1_92' title='bbox 941 1823 1233 1880; x_wconf 88' lang='lat' dir='ltr'><strong>occupans</strong></span> <span class='ocrx_word' id='word_1_93' title='bbox 1256 1825 1550 1866; x_wconf 86' lang='lat' dir='ltr'><strong>summam</strong></span> <span class='ocrx_word' id='word_1_94' title='bbox 1585 1809 1875 1882; x_wconf 84' lang='lat' dir='ltr'><strong>aqualita-</strong></span> 
     </span>
    </p>
   </div>
   <div class='ocr_carea' id='block_1_19' title="bbox 1987 631 3636 716">
    <p class='ocr_par' dir='ltr' id='par_1_19' title="bbox 1987 631 3636 716">
     <span class='ocr_line' id='line_1_19' title="bbox 1987 631 3636 716; baseline 0.009 -31"><span class='ocrx_word' id='word_1_95' title='bbox 1987 631 2162 686; x_wconf 88' lang='lat' dir='ltr'><strong>decus</strong></span> <span class='ocrx_word' id='word_1_96' title='bbox 2196 633 2390 701; x_wconf 89' lang='lat' dir='ltr'><strong>fuerit,</strong></span> <span class='ocrx_word' id='word_1_97' title='bbox 2415 635 2466 690; x_wconf 89' lang='lat' dir='ltr'><strong>si</strong></span> <span class='ocrx_word' id='word_1_98' title='bbox 2502 636 2573 691; x_wconf 90' lang='lat' dir='ltr'><strong>ad</strong></span> <span class='ocrx_word' id='word_1_99' title='bbox 2609 638 2796 707; x_wconf 81' lang='lat' dir='ltr'><strong>majus</strong></span> <span class='ocrx_word' id='word_1_100' title='bbox 2828 637 3019 694; x_wconf 85' lang='lat' dir='ltr'><strong>laudis</strong></span> <span class='ocrx_word' id='word_1_101' title='bbox 3052 645 3469 712; x_wconf 85' lang='lat' dir='ltr'><strong>argumentum</strong></span> <span class='ocrx_word' id='word_1_102' title='bbox 3503 658 3636 716; x_wconf 86' lang='lat' dir='ltr'><strong>per-</strong></span> 
     </span>
    </p>
   </div>
   <div class='ocr_carea' id='block_1_20' title="bbox 1988 723 3633 803">
    <p class='ocr_par' dir='ltr' id='par_1_20' title="bbox 1988 723 3633 803">
     <span class='ocr_line' id='line_1_20' title="bbox 1988 723 3633 803; baseline 0.009 -26"><span class='ocrx_word' id='word_1_103' title='bbox 1988 723 2579 797; x_wconf 86' lang='lat' dir='ltr'><strong>turbationibusillis,</strong></span> <span class='ocrx_word' id='word_1_104' title='bbox 2632 729 2849 799; x_wconf 90' lang='lat' dir='ltr'><strong>quibus</strong></span> <span class='ocrx_word' id='word_1_105' title='bbox 2882 746 3084 786; x_wconf 88' lang='lat' dir='ltr'><strong>omnes</strong></span> <span class='ocrx_word' id='word_1_106' title='bbox 3143 733 3375 789; x_wconf 77' lang='lat' dir='ltr'><strong>obnoxii</strong></span> <span class='ocrx_word' id='word_1_107' title='bbox 3406 749 3633 803; x_wconf 88' lang='lat' dir='ltr'><strong>sumus,</strong></span> 
     </span>
    </p>
   </div>
   <div class='ocr_carea' id='block_1_21' title="bbox 1986 809 3633 893">
    <p class='ocr_par' dir='ltr' id='par_1_21' title="bbox 1986 809 3633 893">
     <span class='ocr_line' id='line_1_21' title="bbox 1986 809 3633 893; baseline 0.008 -28"><span class='ocrx_word' id='word_1_108' title='bbox 1986 809 2232 867; x_wconf 88' lang='lat' dir='ltr'><strong>liberum</strong></span> <span class='ocrx_word' id='word_1_109' title='bbox 2269 829 2398 870; x_wconf 89' lang='lat' dir='ltr'><strong>esse</strong></span> <span class='ocrx_word' id='word_1_110' title='bbox 2446 814 2673 872; x_wconf 92' lang='lat' dir='ltr'><strong>Numen</strong></span> <span class='ocrx_word' id='word_1_111' title='bbox 2722 819 3106 874; x_wconf 84' lang='lat' dir='ltr'><strong>asseramus?</strong></span> <span class='ocrx_word' id='word_1_112' title='bbox 3161 819 3273 875; x_wconf 87' lang='lat' dir='ltr'><strong>Sed</strong></span> <span class='ocrx_word' id='word_1_113' title='bbox 3307 821 3364 876; x_wconf 90' lang='lat' dir='ltr'><strong>id</strong></span> <span class='ocrx_word' id='word_1_114' title='bbox 3417 822 3633 893; x_wconf 78' lang='lat' dir='ltr'><strong>potius,</strong></span> 
     </span>
    </p>
   </div>
   <div class='ocr_carea' id='block_1_22' title="bbox 1988 901 3633 982">
    <p class='ocr_par' dir='ltr' id='par_1_22' title="bbox 1988 901 3633 982">
     <span class='ocr_line' id='line_1_22' title="bbox 1988 901 3633 982; baseline 0.008 -28"><span class='ocrx_word' id='word_1_115' title='bbox 1988 901 2144 970; x_wconf 91' lang='lat' dir='ltr'><strong>quod</strong></span> <span class='ocrx_word' id='word_1_116' title='bbox 2205 908 2594 974; x_wconf 85' lang='lat' dir='ltr'><strong>segregatum,</strong></span> <span class='ocrx_word' id='word_1_117' title='bbox 2655 909 2711 960; x_wconf 92' lang='lat' dir='ltr'><strong>et</strong></span> <span class='ocrx_word' id='word_1_118' title='bbox 2761 907 2982 962; x_wconf 80' lang='lat' dir='ltr'><strong>caeteris</strong></span> <span class='ocrx_word' id='word_1_119' title='bbox 3011 910 3285 964; x_wconf 92' lang='lat' dir='ltr'><strong>omnibus</strong></span> <span class='ocrx_word' id='word_1_120' title='bbox 3331 909 3504 982; x_wconf 83' lang='lat' dir='ltr'><strong>longe</strong></span> <span class='ocrx_word' id='word_1_121' title='bbox 3535 928 3633 967; x_wconf 85' lang='lat' dir='ltr'><strong>su-</strong></span> 
     </span>
    </p>
   </div>
   <div class='ocr_carea' id='block_1_23' title="bbox 1987 988 3633 1072">
    <p class='ocr_par' dir='ltr' id='par_1_23' title="bbox 1987 988 3633 1072">
     <span class='ocr_line' id='line_1_23' title="bbox 1987 988 3633 1072; baseline 0.008 -29"><span class='ocrx_word' id='word_1_122' title='bbox 1987 988 2230 1045; x_wconf 90' lang='lat' dir='ltr'><strong>blimius</strong></span> <span class='ocrx_word' id='word_1_123' title='bbox 2261 996 2368 1060; x_wconf 90' lang='lat' dir='ltr'><strong>est,</strong></span> <span class='ocrx_word' id='word_1_124' title='bbox 2405 997 2460 1047; x_wconf 91' lang='lat' dir='ltr'><strong>et</strong></span> <span class='ocrx_word' id='word_1_125' title='bbox 2518 994 2683 1064; x_wconf 91' lang='lat' dir='ltr'><strong>quasi</strong></span> <span class='ocrx_word' id='word_1_126' title='bbox 2718 997 2968 1065; x_wconf 89' lang='lat' dir='ltr'><strong>quodam</strong></span> <span class='ocrx_word' id='word_1_127' title='bbox 3030 1014 3261 1053; x_wconf 85' lang='lat' dir='ltr'><strong>recessu</strong></span> <span class='ocrx_word' id='word_1_128' title='bbox 3309 1001 3633 1072; x_wconf 90' lang='lat' dir='ltr'><strong>sepositum</strong></span> 
     </span>
    </p>
   </div>
   <div class='ocr_carea' id='block_1_24' title="bbox 1987 1077 3635 1160">
    <p class='ocr_par' dir='ltr' id='par_1_24' title="bbox 1987 1077 3635 1160">
     <span class='ocr_line' id='line_1_24' title="bbox 1987 1077 3635 1160; baseline 0.007 -29"><span class='ocrx_word' id='word_1_129' title='bbox 1987 1077 2373 1146; x_wconf 80' lang='lat' dir='ltr'><strong>indicat.Quze</strong></span> <span class='ocrx_word' id='word_1_130' title='bbox 2393 1082 2666 1138; x_wconf 90' lang='lat' dir='ltr'><strong>dictionis</strong></span> <span class='ocrx_word' id='word_1_131' title='bbox 2701 1084 3056 1153; x_wconf 86' lang='lat' dir='ltr'><strong>significatio</strong></span> <span class='ocrx_word' id='word_1_132' title='bbox 3091 1088 3362 1160; x_wconf 76' lang='lat' dir='ltr'><strong>frequens</strong></span> <span class='ocrx_word' id='word_1_133' title='bbox 3394 1089 3450 1143; x_wconf 90' lang='lat' dir='ltr'><strong>in</strong></span> <span class='ocrx_word' id='word_1_134' title='bbox 3478 1089 3635 1145; x_wconf 84' lang='lat' dir='ltr'><strong>Scri-</strong></span> 
     </span>
    </p>
   </div>
   <div class='ocr_carea' id='block_1_25' title="bbox 1989 1168 3636 1250">
    <p class='ocr_par' dir='ltr' id='par_1_25' title="bbox 1989 1168 3636 1250">
     <span class='ocr_line' id='line_1_25' title="bbox 1989 1168 3636 1250; baseline 0.007 -29"><span class='ocrx_word' id='word_1_135' title='bbox 1989 1168 2178 1238; x_wconf 91' lang='lat' dir='ltr'><strong>pturis</strong></span> <span class='ocrx_word' id='word_1_136' title='bbox 2230 1171 2500 1237; x_wconf 89' lang='lat' dir='ltr'><strong>occurrit,</strong></span> <span class='ocrx_word' id='word_1_137' title='bbox 2562 1176 2666 1226; x_wconf 89' lang='lat' dir='ltr'><strong>ut:</strong></span> <span class='ocrx_word' id='word_1_138' title='bbox 2719 1173 2889 1229; x_wconf 82' lang='lat' dir='ltr'><strong>Omne</strong></span> <span class='ocrx_word' id='word_1_139' title='bbox 2941 1177 3250 1232; x_wconf 78' lang='lat' dir='ltr'><strong>masculum</strong></span> <span class='ocrx_word' id='word_1_140' title='bbox 3309 1178 3636 1250; x_wconf 82' lang='lat' dir='ltr'><strong>adaperiens</strong></span> 
     </span>
    </p>
   </div>
   <div class='ocr_carea' id='block_1_26' title="bbox 1987 1257 3636 1339">
    <p class='ocr_par' dir='ltr' id='par_1_26' title="bbox 1987 1257 3636 1339">
     <span class='ocr_line' id='line_1_26' title="bbox 1987 1257 3636 1339; baseline 0.007 -29"><span class='ocrx_word' id='word_1_141' title='bbox 1987 1257 2232 1326; x_wconf 78' lang='lat' dir='ltr'><strong>vulvam,</strong></span> <span class='ocrx_word' id='word_1_142' title='bbox 2282 1267 2528 1314; x_wconf 77' lang='lat' dir='ltr'><strong>sanctum</strong></span> <span class='ocrx_word' id='word_1_143' title='bbox 2562 1261 2786 1317; x_wconf 84' lang='lat' dir='ltr'><strong>Domino</strong></span> <span class='ocrx_word' id='word_1_144' title='bbox 2831 1264 3108 1320; x_wconf 76' lang='lat' dir='ltr'><strong>vocabitur</strong></span> <span class='ocrx_word' id='word_1_145' title='bbox 3135 1266 3200 1333; x_wconf 71' lang='lat'><strong>93,</strong></span> <span class='ocrx_word' id='word_1_146' title='bbox 3224 1267 3280 1322; x_wconf 88' lang='lat' dir='ltr'><strong>id</strong></span> <span class='ocrx_word' id='word_1_147' title='bbox 3321 1275 3408 1324; x_wconf 89' lang='lat' dir='ltr'><strong>est</strong></span> <span class='ocrx_word' id='word_1_148' title='bbox 3440 1283 3636 1339; x_wconf 85' lang='lat' dir='ltr'><strong>segre-</strong></span> 
     </span>
    </p>
   </div>
   <div class='ocr_carea' id='block_1_27' title="bbox 1987 1348 3636 1428">
    <p class='ocr_par' dir='ltr' id='par_1_27' title="bbox 1987 1348 3636 1428">
     <span class='ocr_line' id='line_1_27' title="bbox 1987 1348 3636 1428; baseline 0.01 -29"><span class='ocrx_word' id='word_1_149' title='bbox 1987 1351 2207 1417; x_wconf 89' lang='lat' dir='ltr'><strong>gatum.</strong></span> <span class='ocrx_word' id='word_1_150' title='bbox 2241 1351 2382 1402; x_wconf 88' lang='lat' dir='ltr'><strong>Item</strong></span> <span class='ocrx_word' id='word_1_151' title='bbox 2434 1349 2493 1404; x_wconf 89' lang='lat' dir='ltr'><strong>in</strong></span> <span class='ocrx_word' id='word_1_152' title='bbox 2527 1348 2672 1405; x_wconf 92' lang='lat' dir='ltr'><strong>libro</strong></span> <span class='ocrx_word' id='word_1_153' title='bbox 2730 1351 3004 1408; x_wconf 88' lang='lat' dir='ltr'><strong>Judicum</strong></span> <span class='ocrx_word' id='word_1_154' title='bbox 3039 1369 3053 1410; x_wconf 89' lang='lat'><strong>:</strong></span> <span class='ocrx_word' id='word_1_155' title='bbox 3091 1356 3275 1412; x_wconf 79' lang='lat' dir='ltr'><strong>Parict</strong></span> <span class='ocrx_word' id='word_1_156' title='bbox 3329 1358 3550 1428; x_wconf 80' lang='lat' dir='ltr'><strong>Filium,</strong></span> <span class='ocrx_word' id='word_1_157' title='bbox 3585 1363 3636 1415; x_wconf 82' lang='lat' dir='ltr'><strong>ct</strong></span> 
     </span>
    </p>
   </div>
   <div class='ocr_carea' id='block_1_28' title="bbox 1985 1437 3626 1515">
    <p class='ocr_par' dir='ltr' id='par_1_28' title="bbox 1985 1437 3626 1515">
     <span class='ocr_line' id='line_1_28' title="bbox 1985 1437 3626 1515; baseline 0.008 -26"><span class='ocrx_word' id='word_1_158' title='bbox 1985 1451 2097 1490; x_wconf 82' lang='lat' dir='ltr'><strong>non</strong></span> <span class='ocrx_word' id='word_1_159' title='bbox 2127 1437 2379 1493; x_wconf 76' lang='lat' dir='ltr'><strong>ascendet</strong></span> <span class='ocrx_word' id='word_1_160' title='bbox 2425 1439 2635 1507; x_wconf 79' lang='lat' dir='ltr'><strong>ferrum</strong></span> <span class='ocrx_word' id='word_1_161' title='bbox 2665 1457 2832 1510; x_wconf 77' lang='lat' dir='ltr'><strong>super</strong></span> <span class='ocrx_word' id='word_1_162' title='bbox 2859 1453 3024 1513; x_wconf 80' lang='lat' dir='ltr'><strong>caput</strong></span> <span class='ocrx_word' id='word_1_163' title='bbox 3052 1445 3189 1515; x_wconf 85' lang='lat' dir='ltr'><strong>ejus,</strong></span> <span class='ocrx_word' id='word_1_164' title='bbox 3223 1445 3483 1515; x_wconf 85' lang='lat' dir='ltr'><strong>quoniam</strong></span> <span class='ocrx_word' id='word_1_165' title='bbox 3503 1464 3626 1502; x_wconf 65' lang='lat' dir='ltr'><strong>sano</strong></span> 
     </span>
    </p>
   </div>
   <div class='ocr_carea' id='block_1_29' title="bbox 1985 1528 3633 1599">
    <p class='ocr_par' dir='ltr' id='par_1_29' title="bbox 1985 1528 3633 1599">
     <span class='ocr_line' id='line_1_29' title="bbox 1985 1528 3633 1599; baseline 0.007 -17"><span class='ocrx_word' id='word_1_166' title='bbox 1985 1528 2256 1597; x_wconf 77' lang='lat' dir='ltr'><strong>ctiﬁcatus</strong></span> <span class='ocrx_word' id='word_1_167' title='bbox 2314 1536 2392 1583; x_wconf 84' lang='lat' dir='ltr'><strong>est</strong></span> <span class='ocrx_word' id='word_1_168' title='bbox 2448 1528 2667 1599; x_wconf 81' lang='lat' dir='ltr'><strong>puellus</strong></span> <span class='ocrx_word' id='word_1_169' title='bbox 2724 1528 2788 1594; x_wconf 72' lang='lat'><strong>’9,</strong></span> <span class='ocrx_word' id='word_1_170' title='bbox 2849 1536 2906 1586; x_wconf 90' lang='lat' dir='ltr'><strong>et</strong></span> <span class='ocrx_word' id='word_1_171' title='bbox 2963 1532 3289 1590; x_wconf 88' lang='lat' dir='ltr'><strong>innumeris</strong></span> <span class='ocrx_word' id='word_1_172' title='bbox 3347 1535 3406 1591; x_wconf 92' lang='lat' dir='ltr'><strong>in</strong></span> <span class='ocrx_word' id='word_1_173' title='bbox 3470 1537 3633 1592; x_wconf 91' lang='lat' dir='ltr'><strong>locis.</strong></span> 
     </span>
    </p>
   </div>
   <div class='ocr_carea' id='block_1_30' title="bbox 1988 1617 3635 1694">
    <p class='ocr_par' dir='ltr' id='par_1_30' title="bbox 1988 1617 3635 1694">
     <span class='ocr_line' id='line_1_30' title="bbox 1988 1617 3635 1694; baseline 0.007 -22"><span class='ocrx_word' id='word_1_174' title='bbox 1988 1617 2201 1672; x_wconf 87' lang='lat' dir='ltr'><strong>Eodem</strong></span> <span class='ocrx_word' id='word_1_175' title='bbox 2235 1618 2408 1673; x_wconf 89' lang='lat' dir='ltr'><strong>etiam</strong></span> <span class='ocrx_word' id='word_1_176' title='bbox 2443 1635 2618 1673; x_wconf 89' lang='lat' dir='ltr'><strong>sensu</strong></span> <span class='ocrx_word' id='word_1_177' title='bbox 2651 1620 2864 1689; x_wconf 90' lang='lat' dir='ltr'><strong>locum,</strong></span> <span class='ocrx_word' id='word_1_178' title='bbox 2927 1622 3012 1676; x_wconf 85' lang='lat' dir='ltr'><strong>vel</strong></span> <span class='ocrx_word' id='word_1_179' title='bbox 3053 1640 3282 1694; x_wconf 87' lang='lat' dir='ltr'><strong>panem,</strong></span> <span class='ocrx_word' id='word_1_180' title='bbox 3316 1627 3401 1682; x_wconf 89' lang='lat' dir='ltr'><strong>vel</strong></span> <span class='ocrx_word' id='word_1_181' title='bbox 3434 1627 3635 1684; x_wconf 91' lang='lat' dir='ltr'><strong>vinum</strong></span> 
     </span>
    </p>
   </div>
   <div class='ocr_carea' id='block_1_31' title="bbox 1986 1709 3637 1788">
    <p class='ocr_par' dir='ltr' id='par_1_31' title="bbox 1986 1709 3637 1788">
     <span class='ocr_line' id='line_1_31' title="bbox 1986 1709 3637 1788; baseline 0.007 -25"><span class='ocrx_word' id='word_1_182' title='bbox 1986 1709 2339 1764; x_wconf 86' lang='lat' dir='ltr'><strong>sanctificari</strong></span> <span class='ocrx_word' id='word_1_183' title='bbox 2398 1709 2673 1775; x_wconf 90' lang='lat' dir='ltr'><strong>dicimus,</strong></span> <span class='ocrx_word' id='word_1_184' title='bbox 2730 1727 2853 1782; x_wconf 85' lang='lat' dir='ltr'><strong>qua</strong></span> <span class='ocrx_word' id='word_1_185' title='bbox 2905 1713 3018 1769; x_wconf 88' lang='lat' dir='ltr'><strong>Deo</strong></span> <span class='ocrx_word' id='word_1_186' title='bbox 3062 1721 3471 1788; x_wconf 84' lang='lat' dir='ltr'><strong>segregantur,</strong></span> <span class='ocrx_word' id='word_1_187' title='bbox 3535 1736 3637 1776; x_wconf 88' lang='lat' dir='ltr'><strong>nec</strong></span> 
     </span>
    </p>
   </div>
   <div class='ocr_carea' id='block_1_32' title="bbox 1985 1797 3638 1871">
    <p class='ocr_par' dir='ltr' id='par_1_32' title="bbox 1985 1797 3638 1871">
     <span class='ocr_line' id='line_1_32' title="bbox 1985 1797 3638 1871; baseline 0.007 -19"><span class='ocrx_word' id='word_1_188' title='bbox 1985 1797 2044 1852; x_wconf 88' lang='lat' dir='ltr'><strong>in</strong></span> <span class='ocrx_word' id='word_1_189' title='bbox 2114 1813 2482 1854; x_wconf 90' lang='lat' dir='ltr'><strong>communem</strong></span> <span class='ocrx_word' id='word_1_190' title='bbox 2556 1797 2810 1871; x_wconf 89' lang='lat' dir='ltr'><strong>aliquem</strong></span> <span class='ocrx_word' id='word_1_191' title='bbox 2852 1818 3026 1858; x_wconf 91' lang='lat' dir='ltr'><strong>usum</strong></span> <span class='ocrx_word' id='word_1_192' title='bbox 3087 1805 3321 1862; x_wconf 91' lang='lat' dir='ltr'><strong>cedunt.</strong></span> <span class='ocrx_word' id='word_1_193' title='bbox 3389 1807 3638 1863; x_wconf 90' lang='lat' dir='ltr'><strong>Proinde</strong></span> 
     </span>
    </p>
   </div>
   <div class='ocr_carea' id='block_1_33' title="bbox 226 1886 3634 1980">
    <p class='ocr_par' dir='ltr' id='par_1_33' title="bbox 226 1886 3634 1980">
     <span class='ocr_line' id='line_1_33' title="bbox 226 1886 3634 1980; baseline 0.005 -45"><span class='ocrx_word' id='word_1_194' title='bbox 226 1900 343 1953; x_wconf 57' lang='lat' dir='ltr'><strong>tem</strong></span> <span class='ocrx_word' id='word_1_195' title='bbox 378 1913 510 1952; x_wconf 71' lang='lat' dir='ltr'><strong>cum</strong></span> <span class='ocrx_word' id='word_1_196' title='bbox 566 1897 793 1953; x_wconf 67' lang='lat' dir='ltr'><strong>duobus</strong></span> <span class='ocrx_word' id='word_1_197' title='bbox 824 1897 1096 1953; x_wconf 60' lang='lat' dir='ltr'><strong>extremis</strong></span> <span class='ocrx_word' id='word_1_198' title='bbox 1119 1907 1438 1956; x_wconf 50' lang='lat' dir='ltr'><strong>conservet.</strong></span> <span class='ocrx_word' id='word_1_199' title='bbox 1474 1902 1602 1974; x_wconf 67' lang='lat' dir='ltr'><strong>[p33</strong></span> <span class='ocrx_word' id='word_1_200' title='bbox 1633 1900 1788 1956; x_wconf 71' lang='lat' dir='ltr'><strong>enim</strong></span> <span class='ocrx_word' id='word_1_201' title='bbox 1821 1905 1877 1957; x_wconf 68' lang='grc' dir='ltr'><strong>ει</strong></span> <span class='ocrx_word' id='word_1_202' title='bbox 1911 1915 1957 1980; x_wconf 81' lang='grc' dir='ltr'><strong>Β</strong></span> <span class='ocrx_word' id='word_1_203' title='bbox 1989 1886 2362 1959; x_wconf 86' lang='lat' dir='ltr'><strong>simulatque</strong></span> <span class='ocrx_word' id='word_1_204' title='bbox 2386 1889 2454 1942; x_wconf 93' lang='lat' dir='ltr'><strong>ad</strong></span> <span class='ocrx_word' id='word_1_205' title='bbox 2484 1887 2662 1942; x_wconf 88' lang='lat' dir='ltr'><strong>altare</strong></span> <span class='ocrx_word' id='word_1_206' title='bbox 2692 1892 3019 1948; x_wconf 85' lang='lat' dir='ltr'><strong>sacerdotes</strong></span> <span class='ocrx_word' id='word_1_207' title='bbox 3043 1895 3407 1966; x_wconf 84' lang='lat' dir='ltr'><strong>introierant,</strong></span> <span class='ocrx_word' id='word_1_208' title='bbox 3442 1914 3634 1953; x_wconf 88' lang='lat' dir='ltr'><strong>sacro-</strong></span> 
     </span>
    </p>
   </div>
   <div class='ocr_carea' id='block_1_34' title="bbox 228 1986 1879 2062">
    <p class='ocr_par' dir='ltr' id='par_1_34' title="bbox 228 1986 1879 2062">
     <span class='ocr_line' id='line_1_34' title="bbox 228 1986 1879 2062; baseline 0.002 -21"><span class='ocrx_word' id='word_1_209' title='bbox 228 1987 481 2060; x_wconf 89' lang='lat' dir='ltr'><strong>primam</strong></span> <span class='ocrx_word' id='word_1_210' title='bbox 527 1986 690 2041; x_wconf 89' lang='lat' dir='ltr'><strong>illam</strong></span> <span class='ocrx_word' id='word_1_211' title='bbox 732 1986 936 2042; x_wconf 91' lang='lat' dir='ltr'><strong>mundi</strong></span> <span class='ocrx_word' id='word_1_212' title='bbox 973 1987 1437 2054; x_wconf 79' lang='lat' dir='ltr'><strong>fabricationem,</strong></span> <span class='ocrx_word' id='word_1_213' title='bbox 1471 1993 1528 2044; x_wconf 90' lang='lat' dir='ltr'><strong>et</strong></span> <span class='ocrx_word' id='word_1_214' title='bbox 1575 2005 1703 2045; x_wconf 87' lang='lat' dir='ltr'><strong>eam</strong></span> <span class='ocrx_word' id='word_1_215' title='bbox 1755 2007 1879 2062; x_wconf 84' lang='lat' dir='ltr'><strong>qua</strong></span> 
     </span>
    </p>
   </div>
   <div class='ocr_carea' id='block_1_35' title="bbox 227 2074 1880 2147">
    <p class='ocr_par' dir='ltr' id='par_1_35' title="bbox 227 2074 1880 2147">
     <span class='ocr_line' id='line_1_35' title="bbox 227 2074 1880 2147; baseline 0.002 -17"><span class='ocrx_word' id='word_1_216' title='bbox 227 2076 547 2131; x_wconf 87' lang='lat' dir='ltr'><strong>subsecuta</strong></span> <span class='ocrx_word' id='word_1_217' title='bbox 577 2079 666 2130; x_wconf 91' lang='lat' dir='ltr'><strong>est</strong></span> <span class='ocrx_word' id='word_1_218' title='bbox 693 2075 920 2146; x_wconf 89' lang='lat' dir='ltr'><strong>generis</strong></span> <span class='ocrx_word' id='word_1_219' title='bbox 952 2074 1424 2131; x_wconf 83' lang='lat' dir='ltr'><strong>reformationem</strong></span> <span class='ocrx_word' id='word_1_220' title='bbox 1459 2077 1726 2147; x_wconf 77' lang='lat' dir='ltr'><strong>perfecit.</strong></span> <span class='ocrx_word' id='word_1_221' title='bbox 1759 2076 1880 2132; x_wconf 89' lang='lat' dir='ltr'><strong>Ca-</strong></span> 
     </span>
    </p>
   </div>
   <div class='ocr_carea' id='block_1_36' title="bbox 228 2163 1880 2238">
    <p class='ocr_par' dir='ltr' id='par_1_36' title="bbox 228 2163 1880 2238">
     <span class='ocr_line' id='line_1_36' title="bbox 228 2163 1880 2238; baseline 0.001 -18"><span class='ocrx_word' id='word_1_222' title='bbox 228 2168 421 2220; x_wconf 87' lang='lat' dir='ltr'><strong>terum</strong></span> <span class='ocrx_word' id='word_1_223' title='bbox 447 2167 677 2220; x_wconf 89' lang='lat' dir='ltr'><strong>statera</strong></span> <span class='ocrx_word' id='word_1_224' title='bbox 700 2163 1236 2236; x_wconf 85' lang='lat' dir='ltr'><strong>exemplo,aqualis</strong></span> <span class='ocrx_word' id='word_1_225' title='bbox 1259 2165 1356 2220; x_wconf 89' lang='lat' dir='ltr'><strong>illa</strong></span> <span class='ocrx_word' id='word_1_226' title='bbox 1379 2165 1558 2221; x_wconf 89' lang='lat' dir='ltr'><strong>virtus</strong></span> <span class='ocrx_word' id='word_1_227' title='bbox 1590 2170 1646 2222; x_wconf 92' lang='lat' dir='ltr'><strong>et</strong></span> <span class='ocrx_word' id='word_1_228' title='bbox 1677 2170 1880 2238; x_wconf 90' lang='lat' dir='ltr'><strong>poten-</strong></span> 
     </span>
    </p>
   </div>
   <div class='ocr_carea' id='block_1_37' title="bbox 228 2252 1882 2326">
    <p class='ocr_par' dir='ltr' id='par_1_37' title="bbox 228 2252 1882 2326">
     <span class='ocr_line' id='line_1_37' title="bbox 228 2252 1882 2326; baseline 0.002 -18"><span class='ocrx_word' id='word_1_229' title='bbox 228 2253 311 2308; x_wconf 86' lang='lat' dir='ltr'><strong>tia</strong></span> <span class='ocrx_word' id='word_1_230' title='bbox 343 2253 773 2320; x_wconf 83' lang='lat' dir='ltr'><strong>subindicatur,</strong></span> <span class='ocrx_word' id='word_1_231' title='bbox 808 2269 936 2323; x_wconf 87' lang='lat' dir='ltr'><strong>qua</strong></span> <span class='ocrx_word' id='word_1_232' title='bbox 967 2252 1026 2306; x_wconf 91' lang='lat' dir='ltr'><strong>in</strong></span> <span class='ocrx_word' id='word_1_233' title='bbox 1057 2253 1340 2309; x_wconf 88' lang='lat' dir='ltr'><strong>Trinitate</strong></span> <span class='ocrx_word' id='word_1_234' title='bbox 1372 2254 1568 2326; x_wconf 90' lang='lat' dir='ltr'><strong>(cujus</strong></span> <span class='ocrx_word' id='word_1_235' title='bbox 1599 2255 1882 2311; x_wconf 89' lang='lat' dir='ltr'><strong>immensa</strong></span> 
     </span>
    </p>
   </div>
   <div class='ocr_carea' id='block_1_38' title="bbox 227 2343 1881 2418">
    <p class='ocr_par' dir='ltr' id='par_1_38' title="bbox 227 2343 1881 2418">
     <span class='ocr_line' id='line_1_38' title="bbox 227 2343 1881 2418; baseline 0.001 -17"><span class='ocrx_word' id='word_1_236' title='bbox 227 2349 316 2401; x_wconf 86' lang='lat' dir='ltr'><strong>est</strong></span> <span class='ocrx_word' id='word_1_237' title='bbox 349 2344 629 2416; x_wconf 88' lang='lat' dir='ltr'><strong>potentia)</strong></span> <span class='ocrx_word' id='word_1_238' title='bbox 677 2343 948 2400; x_wconf 91' lang='lat' dir='ltr'><strong>elucescit</strong></span> <span class='ocrx_word' id='word_1_239' title='bbox 980 2361 1113 2399; x_wconf 91' lang='lat' dir='ltr'><strong>cum</strong></span> <span class='ocrx_word' id='word_1_240' title='bbox 1146 2360 1213 2400; x_wconf 84' lang='lat' dir='ltr'><strong>ex</strong></span> <span class='ocrx_word' id='word_1_241' title='bbox 1244 2345 1434 2401; x_wconf 91' lang='lat' dir='ltr'><strong>tribus</strong></span> <span class='ocrx_word' id='word_1_242' title='bbox 1465 2345 1581 2402; x_wconf 90' lang='lat' dir='ltr'><strong>illis</strong></span> <span class='ocrx_word' id='word_1_243' title='bbox 1614 2347 1881 2418; x_wconf 88' lang='lat' dir='ltr'><strong>personis</strong></span> 
     </span>
    </p>
   </div>
   <div class='ocr_carea' id='block_1_39' title="bbox 232 2433 1883 2508">
    <p class='ocr_par' dir='ltr' id='par_1_39' title="bbox 232 2433 1883 2508">
     <span class='ocr_line' id='line_1_39' title="bbox 232 2433 1883 2508; baseline 0.002 -19"><span class='ocrx_word' id='word_1_244' title='bbox 232 2434 394 2489; x_wconf 88' lang='lat' dir='ltr'><strong>nulla</strong></span> <span class='ocrx_word' id='word_1_245' title='bbox 451 2435 773 2506; x_wconf 91' lang='lat' dir='ltr'><strong>quidquam</strong></span> <span class='ocrx_word' id='word_1_246' title='bbox 807 2433 1061 2505; x_wconf 87' lang='lat' dir='ltr'><strong>amplius</strong></span> <span class='ocrx_word' id='word_1_247' title='bbox 1094 2451 1328 2490; x_wconf 88' lang='lat' dir='ltr'><strong>sursum</strong></span> <span class='ocrx_word' id='word_1_248' title='bbox 1360 2436 1528 2504; x_wconf 87' lang='lat' dir='ltr'><strong>ferat,</strong></span> <span class='ocrx_word' id='word_1_249' title='bbox 1562 2453 1735 2508; x_wconf 86' lang='lat' dir='ltr'><strong>quam</strong></span> <span class='ocrx_word' id='word_1_250' title='bbox 1779 2436 1883 2493; x_wconf 91' lang='lat' dir='ltr'><strong>illa</strong></span> 
     </span>
    </p>
   </div>
   <div class='ocr_carea' id='block_1_40' title="bbox 236 2525 1881 2612">
    <p class='ocr_par' dir='ltr' id='par_1_40' title="bbox 236 2525 1881 2612">
     <span class='ocr_line' id='line_1_40' title="bbox 236 2525 1881 2612; baseline 0.003 -34"><span class='ocrx_word' id='word_1_251' title='bbox 236 2541 362 2596; x_wconf 90' lang='lat' dir='ltr'><strong>qua</strong></span> <span class='ocrx_word' id='word_1_252' title='bbox 421 2525 698 2581; x_wconf 89' lang='lat' dir='ltr'><strong>deorsum</strong></span> <span class='ocrx_word' id='word_1_253' title='bbox 759 2525 965 2596; x_wconf 85' lang='lat' dir='ltr'><strong>vergit,</strong></span> <span class='ocrx_word' id='word_1_254' title='bbox 1025 2525 1124 2580; x_wconf 92' lang='lat' dir='ltr'><strong>sed</strong></span> <span class='ocrx_word' id='word_1_255' title='bbox 1179 2525 1236 2580; x_wconf 92' lang='lat' dir='ltr'><strong>in</strong></span> <span class='ocrx_word' id='word_1_256' title='bbox 1269 2525 1588 2596; x_wconf 79' lang='lat' dir='ltr'><strong>aquilibrio</strong></span> <span class='ocrx_word' id='word_1_257' title='bbox 1619 2525 1881 2612; x_wconf 57' lang='lat' dir='ltr'><strong>honoris,</strong></span> 
     </span>
    </p>
   </div>
   <div class='ocr_carea' id='block_1_41' title="bbox 243 2612 1884 2687">
    <p class='ocr_par' dir='ltr' id='par_1_41' title="bbox 243 2612 1884 2687">
     <span class='ocr_line' id='line_1_41' title="bbox 243 2612 1884 2687; baseline 0.002 -19"><span class='ocrx_word' id='word_1_258' title='bbox 243 2613 437 2686; x_wconf 88' lang='lat' dir='ltr'><strong>gloria</strong></span> <span class='ocrx_word' id='word_1_259' title='bbox 485 2617 540 2669; x_wconf 91' lang='lat' dir='ltr'><strong>et</strong></span> <span class='ocrx_word' id='word_1_260' title='bbox 598 2612 943 2668; x_wconf 88' lang='lat' dir='ltr'><strong>substantia</strong></span> <span class='ocrx_word' id='word_1_261' title='bbox 994 2612 1262 2683; x_wconf 90' lang='lat' dir='ltr'><strong>libretur,</strong></span> <span class='ocrx_word' id='word_1_262' title='bbox 1295 2618 1350 2669; x_wconf 90' lang='lat' dir='ltr'><strong>et</strong></span> <span class='ocrx_word' id='word_1_263' title='bbox 1399 2615 1725 2687; x_wconf 81' lang='lat' dir='ltr'><strong>theologica</strong></span> <span class='ocrx_word' id='word_1_264' title='bbox 1755 2633 1884 2672; x_wconf 91' lang='lat' dir='ltr'><strong>con-</strong></span> 
     </span>
    </p>
   </div>
   <div class='ocr_carea' id='block_1_42' title="bbox 237 2701 1883 2776">
    <p class='ocr_par' dir='ltr' id='par_1_42' title="bbox 237 2701 1883 2776">
     <span class='ocr_line' id='line_1_42' title="bbox 237 2701 1883 2776; baseline 0.002 -19"><span class='ocrx_word' id='word_1_265' title='bbox 237 2701 453 2757; x_wconf 84' lang='lat' dir='ltr'><strong>stantia</strong></span> <span class='ocrx_word' id='word_1_266' title='bbox 484 2702 778 2774; x_wconf 87' lang='lat' dir='ltr'><strong>persistat.</strong></span> <span class='ocrx_word' id='word_1_267' title='bbox 838 2705 919 2756; x_wconf 84' lang='lat' dir='ltr'><strong>Ex</strong></span> <span class='ocrx_word' id='word_1_268' title='bbox 951 2717 1066 2772; x_wconf 91' lang='lat' dir='ltr'><strong>quo</strong></span> <span class='ocrx_word' id='word_1_269' title='bbox 1124 2701 1212 2769; x_wconf 84' lang='lat' dir='ltr'><strong>fit,</strong></span> <span class='ocrx_word' id='word_1_270' title='bbox 1246 2705 1309 2757; x_wconf 93' lang='lat' dir='ltr'><strong>ut</strong></span> <span class='ocrx_word' id='word_1_271' title='bbox 1346 2702 1405 2758; x_wconf 92' lang='lat' dir='ltr'><strong>in</strong></span> <span class='ocrx_word' id='word_1_272' title='bbox 1437 2703 1611 2758; x_wconf 85' lang='lat' dir='ltr'><strong>rebus</strong></span> <span class='ocrx_word' id='word_1_273' title='bbox 1652 2719 1883 2776; x_wconf 88' lang='lat' dir='ltr'><strong>quoque</strong></span> 
     </span>
    </p>
   </div>
   <div class='ocr_carea' id='block_1_43' title="bbox 238 2789 1883 2866">
    <p class='ocr_par' dir='ltr' id='par_1_43' title="bbox 238 2789 1883 2866">
     <span class='ocr_line' id='line_1_43' title="bbox 238 2789 1883 2866; baseline 0.002 -19"><span class='ocrx_word' id='word_1_274' title='bbox 238 2791 601 2865; x_wconf 87' lang='lat' dir='ltr'><strong>generationi</strong></span> <span class='ocrx_word' id='word_1_275' title='bbox 633 2791 900 2848; x_wconf 81' lang='lat' dir='ltr'><strong>obnoxiis</strong></span> <span class='ocrx_word' id='word_1_276' title='bbox 945 2789 1245 2862; x_wconf 84' lang='lat' dir='ltr'><strong>aqualitas</strong></span> <span class='ocrx_word' id='word_1_277' title='bbox 1291 2792 1480 2858; x_wconf 89' lang='lat' dir='ltr'><strong>detur,</strong></span> <span class='ocrx_word' id='word_1_278' title='bbox 1530 2809 1883 2866; x_wconf 71' lang='lat' dir='ltr'><strong>aequumque</strong></span> 
     </span>
    </p>
   </div>
   <div class='ocr_carea' id='block_1_44' title="bbox 237 2881 1100 2952">
    <p class='ocr_par' dir='ltr' id='par_1_44' title="bbox 237 2881 1100 2952">
     <span class='ocr_line' id='line_1_44' title="bbox 237 2881 1100 2952; baseline 0.001 -17"><span class='ocrx_word' id='word_1_279' title='bbox 237 2885 524 2952; x_wconf 88' lang='lat' dir='ltr'><strong>tanquam</strong></span> <span class='ocrx_word' id='word_1_280' title='bbox 554 2881 776 2936; x_wconf 90' lang='lat' dir='ltr'><strong>trutina</strong></span> <span class='ocrx_word' id='word_1_281' title='bbox 805 2883 1100 2951; x_wconf 90' lang='lat' dir='ltr'><strong>pensetur.</strong></span> 
     </span>
    </p>
   </div>
   <div class='ocr_carea' id='block_1_45' title="bbox 314 2968 1882 3041">
    <p class='ocr_par' dir='ltr' id='par_1_45' title="bbox 314 2968 1882 3041">
     <span class='ocr_line' id='line_1_45' title="bbox 314 2968 1882 3041; baseline 0.002 -17"><span class='ocrx_word' id='word_1_282' title='bbox 314 2971 434 3024; x_wconf 85' lang='lat' dir='ltr'><strong>lmo</strong></span> <span class='ocrx_word' id='word_1_283' title='bbox 467 2968 681 3039; x_wconf 80' lang='lat' dir='ltr'><strong>duplex</strong></span> <span class='ocrx_word' id='word_1_284' title='bbox 712 2985 943 3040; x_wconf 89' lang='lat' dir='ltr'><strong>quoque</strong></span> <span class='ocrx_word' id='word_1_285' title='bbox 974 2969 1414 3041; x_wconf 87' lang='lat' dir='ltr'><strong>seraphicarum</strong></span> <span class='ocrx_word' id='word_1_286' title='bbox 1455 2971 1678 3026; x_wconf 87' lang='lat' dir='ltr'><strong>alarum</strong></span> <span class='ocrx_word' id='word_1_287' title='bbox 1714 2973 1882 3027; x_wconf 89' lang='lat' dir='ltr'><strong>trini-</strong></span> 
     </span>
    </p>
   </div>
   <div class='ocr_carea' id='block_1_46' title="bbox 235 3057 1883 3132">
    <p class='ocr_par' dir='ltr' id='par_1_46' title="bbox 235 3057 1883 3132">
     <span class='ocr_line' id='line_1_46' title="bbox 235 3057 1883 3132; baseline 0.003 -19"><span class='ocrx_word' id='word_1_288' title='bbox 235 3061 329 3114; x_wconf 89' lang='lat' dir='ltr'><strong>tas</strong></span> <span class='ocrx_word' id='word_1_289' title='bbox 363 3062 576 3112; x_wconf 85' lang='lat' dir='ltr'><strong>sancta</strong></span> <span class='ocrx_word' id='word_1_290' title='bbox 609 3057 914 3112; x_wconf 85' lang='lat' dir='ltr'><strong>Trinitatis</strong></span> <span class='ocrx_word' id='word_1_291' title='bbox 947 3058 1222 3130; x_wconf 85' lang='lat' dir='ltr'><strong>mysterio</strong></span> <span class='ocrx_word' id='word_1_292' title='bbox 1239 3060 1606 3130; x_wconf 88' lang='lat' dir='ltr'><strong>proportione</strong></span> <span class='ocrx_word' id='word_1_293' title='bbox 1638 3063 1883 3132; x_wconf 89' lang='lat' dir='ltr'><strong>quadam</strong></span> 
     </span>
    </p>
   </div>
   <div class='ocr_carea' id='block_1_47' title="bbox 237 3147 1879 3220">
    <p class='ocr_par' dir='ltr' id='par_1_47' title="bbox 237 3147 1879 3220">
     <span class='ocr_line' id='line_1_47' title="bbox 237 3147 1879 3220; baseline 0.003 -17"><span class='ocrx_word' id='word_1_294' title='bbox 237 3148 590 3220; x_wconf 88' lang='lat' dir='ltr'><strong>respondet;</strong></span> <span class='ocrx_word' id='word_1_295' title='bbox 652 3147 909 3203; x_wconf 87' lang='lat' dir='ltr'><strong>medium</strong></span> <span class='ocrx_word' id='word_1_296' title='bbox 945 3148 1100 3203; x_wconf 88' lang='lat' dir='ltr'><strong>enim</strong></span> <span class='ocrx_word' id='word_1_297' title='bbox 1159 3149 1335 3218; x_wconf 89' lang='lat' dir='ltr'><strong>Patri,</strong></span> <span class='ocrx_word' id='word_1_298' title='bbox 1387 3154 1645 3206; x_wconf 84' lang='lat' dir='ltr'><strong>extrema</strong></span> <span class='ocrx_word' id='word_1_299' title='bbox 1685 3157 1879 3208; x_wconf 88' lang='lat' dir='ltr'><strong>autem</strong></span> 
     </span>
    </p>
   </div>
   <div class='ocr_carea' id='block_1_48' title="bbox 238 3237 1878 3310">
    <p class='ocr_par' dir='ltr' id='par_1_48' title="bbox 238 3237 1878 3310">
     <span class='ocr_line' id='line_1_48' title="bbox 238 3237 1878 3310; baseline 0.002 -16"><span class='ocrx_word' id='word_1_300' title='bbox 238 3237 382 3294; x_wconf 91' lang='lat' dir='ltr'><strong>Filio</strong></span> <span class='ocrx_word' id='word_1_301' title='bbox 407 3241 461 3292; x_wconf 89' lang='lat' dir='ltr'><strong>et</strong></span> <span class='ocrx_word' id='word_1_302' title='bbox 485 3237 725 3308; x_wconf 89' lang='lat' dir='ltr'><strong>Spiritui</strong></span> <span class='ocrx_word' id='word_1_303' title='bbox 749 3238 1140 3308; x_wconf 89' lang='lat' dir='ltr'><strong>respondent;</strong></span> <span class='ocrx_word' id='word_1_304' title='bbox 1175 3238 1445 3310; x_wconf 90' lang='lat' dir='ltr'><strong>trinaque</strong></span> <span class='ocrx_word' id='word_1_305' title='bbox 1486 3239 1627 3296; x_wconf 86' lang='lat' dir='ltr'><strong>adeo</strong></span> <span class='ocrx_word' id='word_1_306' title='bbox 1664 3243 1878 3298; x_wconf 89' lang='lat' dir='ltr'><strong>sancti-</strong></span> 
     </span>
    </p>
   </div>
   <div class='ocr_carea' id='block_1_49' title="bbox 228 3327 1879 3400">
    <p class='ocr_par' dir='ltr' id='par_1_49' title="bbox 228 3327 1879 3400">
     <span class='ocr_line' id='line_1_49' title="bbox 228 3327 1879 3400; baseline 0.003 -17"><span class='ocrx_word' id='word_1_307' title='bbox 228 3328 369 3383; x_wconf 81' lang='lat' dir='ltr'><strong>tatis</strong></span> <span class='ocrx_word' id='word_1_308' title='bbox 427 3327 756 3384; x_wconf 83' lang='lat' dir='ltr'><strong>enuntiatio</strong></span> <span class='ocrx_word' id='word_1_309' title='bbox 788 3345 920 3383; x_wconf 90' lang='lat' dir='ltr'><strong>cum</strong></span> <span class='ocrx_word' id='word_1_310' title='bbox 955 3344 1056 3400; x_wconf 91' lang='lat' dir='ltr'><strong>per</strong></span> <span class='ocrx_word' id='word_1_311' title='bbox 1089 3345 1151 3385; x_wconf 90' lang='lat' dir='ltr'><strong>se</strong></span> <span class='ocrx_word' id='word_1_312' title='bbox 1208 3345 1446 3400; x_wconf 88' lang='lat' dir='ltr'><strong>prorsus</strong></span> <span class='ocrx_word' id='word_1_313' title='bbox 1495 3329 1879 3389; x_wconf 87' lang='lat' dir='ltr'><strong>immutabilis</strong></span> 
     </span>
    </p>
   </div>
   <div class='ocr_carea' id='block_1_50' title="bbox 235 3417 1882 3492">
    <p class='ocr_par' dir='ltr' id='par_1_50' title="bbox 235 3417 1882 3492">
     <span class='ocr_line' id='line_1_50' title="bbox 235 3417 1882 3492; baseline 0.003 -19"><span class='ocrx_word' id='word_1_314' title='bbox 235 3417 497 3481; x_wconf 83' lang='lat' dir='ltr'><strong>exsistat,</strong></span> <span class='ocrx_word' id='word_1_315' title='bbox 532 3421 648 3472; x_wconf 88' lang='lat' dir='ltr'><strong>tres</strong></span> <span class='ocrx_word' id='word_1_316' title='bbox 707 3434 988 3490; x_wconf 86' lang='lat' dir='ltr'><strong>personas</strong></span> <span class='ocrx_word' id='word_1_317' title='bbox 1031 3418 1386 3486; x_wconf 85' lang='lat' dir='ltr'><strong>substantia,</strong></span> <span class='ocrx_word' id='word_1_318' title='bbox 1419 3420 1636 3476; x_wconf 89' lang='lat' dir='ltr'><strong>virtute</strong></span> <span class='ocrx_word' id='word_1_319' title='bbox 1683 3426 1882 3492; x_wconf 89' lang='lat' dir='ltr'><strong>poten-</strong></span> 
     </span>
    </p>
   </div>
   <div class='ocr_carea' id='block_1_51' title="bbox 233 3506 1881 3581">
    <p class='ocr_par' dir='ltr' id='par_1_51' title="bbox 233 3506 1881 3581">
     <span class='ocr_line' id='line_1_51' title="bbox 233 3506 1881 3581; baseline 0.004 -20"><span class='ocrx_word' id='word_1_320' title='bbox 233 3506 428 3578; x_wconf 89' lang='lat' dir='ltr'><strong>tiaque</strong></span> <span class='ocrx_word' id='word_1_321' title='bbox 449 3506 850 3562; x_wconf 89' lang='lat' dir='ltr'><strong>immutabiles</strong></span> <span class='ocrx_word' id='word_1_322' title='bbox 871 3507 1234 3579; x_wconf 82' lang='lat' dir='ltr'><strong>anigmatice</strong></span> <span class='ocrx_word' id='word_1_323' title='bbox 1257 3508 1680 3581; x_wconf 86' lang='lat' dir='ltr'><strong>designat,imo</strong></span> <span class='ocrx_word' id='word_1_324' title='bbox 1704 3512 1881 3568; x_wconf 89' lang='lat' dir='ltr'><strong>etiam</strong></span> 
     </span>
    </p>
   </div>
   <div class='ocr_carea' id='block_1_52' title="bbox 233 3595 1886 3671">
    <p class='ocr_par' dir='ltr' id='par_1_52' title="bbox 233 3595 1886 3671">
     <span class='ocr_line' id='line_1_52' title="bbox 233 3595 1886 3671; baseline 0.004 -19"><span class='ocrx_word' id='word_1_325' title='bbox 233 3595 572 3652; x_wconf 85' lang='lat' dir='ltr'><strong>substantia</strong></span> <span class='ocrx_word' id='word_1_326' title='bbox 632 3596 935 3668; x_wconf 78' lang='lat' dir='ltr'><strong>aqualitas</strong></span> <span class='ocrx_word' id='word_1_327' title='bbox 995 3601 1049 3652; x_wconf 88' lang='lat' dir='ltr'><strong>et</strong></span> <span class='ocrx_word' id='word_1_328' title='bbox 1111 3597 1305 3653; x_wconf 87' lang='lat' dir='ltr'><strong>unitas</strong></span> <span class='ocrx_word' id='word_1_329' title='bbox 1337 3597 1459 3668; x_wconf 90' lang='lat' dir='ltr'><strong>illa,</strong></span> <span class='ocrx_word' id='word_1_330' title='bbox 1519 3616 1644 3671; x_wconf 85' lang='lat' dir='ltr'><strong>qua</strong></span> <span class='ocrx_word' id='word_1_331' title='bbox 1697 3601 1886 3658; x_wconf 92' lang='lat' dir='ltr'><strong>tribus</strong></span> 
     </span>
    </p>
   </div>
   <div class='ocr_carea' id='block_1_53' title="bbox 235 3685 1886 3751">
    <p class='ocr_par' dir='ltr' id='par_1_53' title="bbox 235 3685 1886 3751">
     <span class='ocr_line' id='line_1_53' title="bbox 235 3685 1886 3751; baseline 0.004 -11"><span class='ocrx_word' id='word_1_332' title='bbox 235 3686 409 3751; x_wconf 91' lang='lat' dir='ltr'><strong>inest,</strong></span> <span class='ocrx_word' id='word_1_333' title='bbox 459 3689 617 3741; x_wconf 89' lang='lat' dir='ltr'><strong>certa</strong></span> <span class='ocrx_word' id='word_1_334' title='bbox 675 3685 1014 3741; x_wconf 86' lang='lat' dir='ltr'><strong>inductione</strong></span> <span class='ocrx_word' id='word_1_335' title='bbox 1046 3689 1102 3741; x_wconf 92' lang='lat' dir='ltr'><strong>et</strong></span> <span class='ocrx_word' id='word_1_336' title='bbox 1152 3685 1411 3744; x_wconf 88' lang='lat' dir='ltr'><strong>illatione</strong></span> <span class='ocrx_word' id='word_1_337' title='bbox 1468 3689 1704 3745; x_wconf 92' lang='lat' dir='ltr'><strong>unicum</strong></span> <span class='ocrx_word' id='word_1_338' title='bbox 1759 3707 1886 3746; x_wconf 90' lang='lat' dir='ltr'><strong>esse</strong></span> 
     </span>
    </p>
   </div>
   <div class='ocr_carea' id='block_1_54' title="bbox 241 3775 1886 3850">
    <p class='ocr_par' dir='ltr' id='par_1_54' title="bbox 241 3775 1886 3850">
     <span class='ocr_line' id='line_1_54' title="bbox 241 3775 1886 3850; baseline 0.002 -19"><span class='ocrx_word' id='word_1_339' title='bbox 241 3775 552 3831; x_wconf 92' lang='lat' dir='ltr'><strong>Dominum</strong></span> <span class='ocrx_word' id='word_1_340' title='bbox 589 3777 918 3831; x_wconf 82' lang='lat' dir='ltr'><strong>confirmat.</strong></span> <span class='ocrx_word' id='word_1_341' title='bbox 953 3775 1069 3831; x_wconf 82' lang='lat' dir='ltr'><strong>Ala</strong></span> <span class='ocrx_word' id='word_1_342' title='bbox 1102 3792 1333 3849; x_wconf 90' lang='lat' dir='ltr'><strong>quoque</strong></span> <span class='ocrx_word' id='word_1_343' title='bbox 1365 3778 1629 3850; x_wconf 84' lang='lat' dir='ltr'><strong>duplices</strong></span> <span class='ocrx_word' id='word_1_344' title='bbox 1652 3796 1886 3835; x_wconf 88' lang='lat' dir='ltr'><strong>omnem</strong></span> 
     </span>
    </p>
   </div>
   <div class='ocr_carea' id='block_1_55' title="bbox 235 3863 1887 3936">
    <p class='ocr_par' dir='ltr' id='par_1_55' title="bbox 235 3863 1887 3936">
     <span class='ocr_line' id='line_1_55' title="bbox 235 3863 1887 3936; baseline 0.004 -18"><span class='ocrx_word' id='word_1_345' title='bbox 235 3863 397 3920; x_wconf 88' lang='lat' dir='ltr'><strong>illam</strong></span> <span class='ocrx_word' id='word_1_346' title='bbox 432 3864 825 3936; x_wconf 90' lang='lat' dir='ltr'><strong>cognitionem</strong></span> <span class='ocrx_word' id='word_1_347' title='bbox 877 3865 1173 3934; x_wconf 86' lang='lat' dir='ltr'><strong>denotant,</strong></span> <span class='ocrx_word' id='word_1_348' title='bbox 1203 3883 1330 3936; x_wconf 83' lang='lat' dir='ltr'><strong>qua</strong></span> <span class='ocrx_word' id='word_1_349' title='bbox 1380 3867 1451 3922; x_wconf 91' lang='lat' dir='ltr'><strong>ad</strong></span> <span class='ocrx_word' id='word_1_350' title='bbox 1505 3885 1608 3923; x_wconf 92' lang='lat' dir='ltr'><strong>nos</strong></span> <span class='ocrx_word' id='word_1_351' title='bbox 1657 3867 1887 3924; x_wconf 88' lang='lat' dir='ltr'><strong>illorum</strong></span> 
     </span>
    </p>
   </div>
   <div class='ocr_carea' id='block_1_56' title="bbox 241 3953 1892 4027">
    <p class='ocr_par' dir='ltr' id='par_1_56' title="bbox 241 3953 1892 4027">
     <span class='ocr_line' id='line_1_56' title="bbox 241 3953 1892 4027; baseline 0.002 -18"><span class='ocrx_word' id='word_1_352' title='bbox 241 3953 521 4010; x_wconf 81' lang='lat' dir='ltr'><strong>beneﬁcio</strong></span> <span class='ocrx_word' id='word_1_353' title='bbox 582 3953 897 4024; x_wconf 81' lang='lat' dir='ltr'><strong>descendit,</strong></span> <span class='ocrx_word' id='word_1_354' title='bbox 958 3954 1187 4010; x_wconf 90' lang='lat' dir='ltr'><strong>etiamsi</strong></span> <span class='ocrx_word' id='word_1_355' title='bbox 1221 3955 1466 4027; x_wconf 88' lang='lat' dir='ltr'><strong>spiritus</strong></span> <span class='ocrx_word' id='word_1_356' title='bbox 1518 3956 1676 4012; x_wconf 89' lang='lat' dir='ltr'><strong>illam</strong></span> <span class='ocrx_word' id='word_1_357' title='bbox 1710 3957 1892 4012; x_wconf 89' lang='lat' dir='ltr'><strong>admi-</strong></span> 
     </span>
    </p>
   </div>
   <div class='ocr_carea' id='block_1_57' title="bbox 245 4042 1891 4120">
    <p class='ocr_par' dir='ltr' id='par_1_57' title="bbox 245 4042 1891 4120">
     <span class='ocr_line' id='line_1_57' title="bbox 245 4042 1891 4120; baseline 0.003 -23"><span class='ocrx_word' id='word_1_358' title='bbox 245 4043 559 4120; x_wconf 79' lang='lat' dir='ltr'><strong>nistrantes</strong></span> <span class='ocrx_word' id='word_1_359' title='bbox 591 4043 665 4098; x_wconf 90' lang='lat' dir='ltr'><strong>ab</strong></span> <span class='ocrx_word' id='word_1_360' title='bbox 696 4042 857 4098; x_wconf 91' lang='lat' dir='ltr'><strong>omni</strong></span> <span class='ocrx_word' id='word_1_361' title='bbox 899 4042 1017 4098; x_wconf 89' lang='lat' dir='ltr'><strong>sint</strong></span> <span class='ocrx_word' id='word_1_362' title='bbox 1057 4043 1303 4099; x_wconf 88' lang='lat' dir='ltr'><strong>materia</strong></span> <span class='ocrx_word' id='word_1_363' title='bbox 1335 4044 1563 4112; x_wconf 89' lang='lat' dir='ltr'><strong>remoti,</strong></span> <span class='ocrx_word' id='word_1_364' title='bbox 1599 4061 1704 4101; x_wconf 93' lang='lat' dir='ltr'><strong>nec</strong></span> <span class='ocrx_word' id='word_1_365' title='bbox 1752 4046 1891 4102; x_wconf 85' lang='lat' dir='ltr'><strong>sim-</strong></span> 
     </span>
    </p>
   </div>
   <div class='ocr_carea' id='block_1_58' title="bbox 239 4131 1889 4204">
    <p class='ocr_par' dir='ltr' id='par_1_58' title="bbox 239 4131 1889 4204">
     <span class='ocr_line' id='line_1_58' title="bbox 239 4131 1889 4204; baseline 0.003 -18"><span class='ocrx_word' id='word_1_366' title='bbox 239 4131 371 4203; x_wconf 85' lang='lat' dir='ltr'><strong>plex</strong></span> <span class='ocrx_word' id='word_1_367' title='bbox 401 4131 500 4186; x_wconf 87' lang='lat' dir='ltr'><strong>illa</strong></span> <span class='ocrx_word' id='word_1_368' title='bbox 532 4133 851 4188; x_wconf 83' lang='lat' dir='ltr'><strong>descendat</strong></span> <span class='ocrx_word' id='word_1_369' title='bbox 883 4133 981 4187; x_wconf 88' lang='lat' dir='ltr'><strong>scd</strong></span> <span class='ocrx_word' id='word_1_370' title='bbox 1002 4132 1290 4202; x_wconf 89' lang='lat' dir='ltr'><strong>ejusmodi</strong></span> <span class='ocrx_word' id='word_1_371' title='bbox 1313 4133 1555 4188; x_wconf 87' lang='lat' dir='ltr'><strong>materia</strong></span> <span class='ocrx_word' id='word_1_372' title='bbox 1585 4139 1889 4204; x_wconf 88' lang='lat' dir='ltr'><strong>constans,</strong></span> 
     </span>
    </p>
   </div>
   <div class='ocr_carea' id='block_1_59' title="bbox 242 4220 1895 4297">
    <p class='ocr_par' dir='ltr' id='par_1_59' title="bbox 242 4220 1895 4297">
     <span class='ocr_line' id='line_1_59' title="bbox 242 4220 1895 4297; baseline 0.002 -21"><span class='ocrx_word' id='word_1_373' title='bbox 242 4236 374 4292; x_wconf 84' lang='lat' dir='ltr'><strong>qua</strong></span> <span class='ocrx_word' id='word_1_374' title='bbox 405 4220 557 4291; x_wconf 84' lang='lat' dir='ltr'><strong>typis</strong></span> <span class='ocrx_word' id='word_1_375' title='bbox 589 4225 644 4276; x_wconf 87' lang='lat' dir='ltr'><strong>et</strong></span> <span class='ocrx_word' id='word_1_376' title='bbox 677 4221 880 4294; x_wconf 85' lang='lat' dir='ltr'><strong>ﬁguris</strong></span> <span class='ocrx_word' id='word_1_377' title='bbox 918 4222 1279 4278; x_wconf 90' lang='lat' dir='ltr'><strong>nostratibus</strong></span> <span class='ocrx_word' id='word_1_378' title='bbox 1336 4225 1660 4288; x_wconf 90' lang='lat' dir='ltr'><strong>conveniat,</strong></span> <span class='ocrx_word' id='word_1_379' title='bbox 1720 4229 1895 4297; x_wconf 91' lang='lat' dir='ltr'><strong>atque</strong></span> 
     </span>
    </p>
   </div>
   <div class='ocr_carea' id='block_1_60' title="bbox 246 4309 1897 4381">
    <p class='ocr_par' dir='ltr' id='par_1_60' title="bbox 246 4309 1897 4381">
     <span class='ocr_line' id='line_1_60' title="bbox 246 4309 1897 4381; baseline 0.002 -17"><span class='ocrx_word' id='word_1_380' title='bbox 246 4309 390 4364; x_wconf 90' lang='lat' dir='ltr'><strong>adeo</strong></span> <span class='ocrx_word' id='word_1_381' title='bbox 414 4310 731 4379; x_wconf 84' lang='lat' dir='ltr'><strong>composita</strong></span> <span class='ocrx_word' id='word_1_382' title='bbox 764 4310 1101 4381; x_wconf 82' lang='lat' dir='ltr'><strong>compositis</strong></span> <span class='ocrx_word' id='word_1_383' title='bbox 1136 4311 1613 4380; x_wconf 88' lang='lat' dir='ltr'><strong>peraccommoda</strong></span> <span class='ocrx_word' id='word_1_384' title='bbox 1645 4311 1740 4367; x_wconf 91' lang='lat' dir='ltr'><strong>sit.</strong></span> <span class='ocrx_word' id='word_1_385' title='bbox 1778 4313 1897 4368; x_wconf 85' lang='lat' dir='ltr'><strong>Du-</strong></span> 
     </span>
    </p>
   </div>
   <div class='ocr_carea' id='block_1_61' title="bbox 250 4397 1895 4471">
    <p class='ocr_par' dir='ltr' id='par_1_61' title="bbox 250 4397 1895 4471">
     <span class='ocr_line' id='line_1_61' title="bbox 250 4397 1895 4471; baseline 0.004 -19"><span class='ocrx_word' id='word_1_386' title='bbox 250 4397 380 4469; x_wconf 86' lang='lat' dir='ltr'><strong>plex</strong></span> <span class='ocrx_word' id='word_1_387' title='bbox 412 4400 604 4451; x_wconf 88' lang='lat' dir='ltr'><strong>autem</strong></span> <span class='ocrx_word' id='word_1_388' title='bbox 633 4403 721 4453; x_wconf 91' lang='lat' dir='ltr'><strong>est</strong></span> <span class='ocrx_word' id='word_1_389' title='bbox 755 4415 846 4454; x_wconf 91' lang='lat' dir='ltr'><strong>res</strong></span> <span class='ocrx_word' id='word_1_390' title='bbox 879 4399 1073 4453; x_wconf 89' lang='lat' dir='ltr'><strong>omnis</strong></span> <span class='ocrx_word' id='word_1_391' title='bbox 1101 4397 1441 4470; x_wconf 83' lang='lat' dir='ltr'><strong>materialis,</strong></span> <span class='ocrx_word' id='word_1_392' title='bbox 1467 4416 1591 4471; x_wconf 86' lang='lat' dir='ltr'><strong>qua</strong></span> <span class='ocrx_word' id='word_1_393' title='bbox 1616 4400 1895 4458; x_wconf 90' lang='lat' dir='ltr'><strong>nimirum</strong></span> 
     </span>
    </p>
   </div>
   <div class='ocr_carea' id='block_1_62' title="bbox 254 4487 1896 4562">
    <p class='ocr_par' dir='ltr' id='par_1_62' title="bbox 254 4487 1896 4562">
     <span class='ocr_line' id='line_1_62' title="bbox 254 4487 1896 4562; baseline 0.004 -21"><span class='ocrx_word' id='word_1_394' title='bbox 254 4502 325 4541; x_wconf 84' lang='lat' dir='ltr'><strong>ex</strong></span> <span class='ocrx_word' id='word_1_395' title='bbox 355 4487 600 4541; x_wconf 91' lang='lat' dir='ltr'><strong>materia</strong></span> <span class='ocrx_word' id='word_1_396' title='bbox 630 4492 685 4542; x_wconf 90' lang='lat' dir='ltr'><strong>et</strong></span> <span class='ocrx_word' id='word_1_397' title='bbox 717 4490 904 4542; x_wconf 83' lang='lat' dir='ltr'><strong>forma</strong></span> <span class='ocrx_word' id='word_1_398' title='bbox 932 4492 1174 4543; x_wconf 79' lang='lat' dir='ltr'><strong>constet.</strong></span> <span class='ocrx_word' id='word_1_399' title='bbox 1209 4487 1393 4543; x_wconf 89' lang='lat' dir='ltr'><strong>Dictio</strong></span> <span class='ocrx_word' id='word_1_400' title='bbox 1425 4491 1896 4562; x_wconf 87' lang='lat' dir='ltr'><strong>porro,Sanctus,</strong></span> 
     </span>
    </p>
   </div>
   <div class='ocr_carea' id='block_1_63' title="bbox 250 4577 1898 4654">
    <p class='ocr_par' dir='ltr' id='par_1_63' title="bbox 250 4577 1898 4654">
     <span class='ocr_line' id='line_1_63' title="bbox 250 4577 1898 4654; baseline 0.004 -22"><span class='ocrx_word' id='word_1_401' title='bbox 250 4577 309 4632; x_wconf 93' lang='lat' dir='ltr'><strong>id</strong></span> <span class='ocrx_word' id='word_1_402' title='bbox 344 4577 695 4644; x_wconf 86' lang='lat' dir='ltr'><strong>subindlcat,</strong></span> <span class='ocrx_word' id='word_1_403' title='bbox 721 4580 872 4650; x_wconf 88' lang='lat' dir='ltr'><strong>quod</strong></span> <span class='ocrx_word' id='word_1_404' title='bbox 899 4577 1117 4634; x_wconf 89' lang='lat' dir='ltr'><strong>sanctis</strong></span> <span class='ocrx_word' id='word_1_405' title='bbox 1155 4579 1570 4650; x_wconf 86' lang='lat' dir='ltr'><strong>superinsidet,</strong></span> <span class='ocrx_word' id='word_1_406' title='bbox 1604 4598 1734 4636; x_wconf 90' lang='lat' dir='ltr'><strong>cum</strong></span> <span class='ocrx_word' id='word_1_407' title='bbox 1785 4599 1898 4654; x_wconf 94' lang='lat' dir='ltr'><strong>quo</strong></span> 
     </span>
    </p>
   </div>
   <div class='ocr_carea' id='block_1_64' title="bbox 1992 1978 3634 2051">
    <p class='ocr_par' dir='ltr' id='par_1_64' title="bbox 1992 1978 3634 2051">
     <span class='ocr_line' id='line_1_64' title="bbox 1992 1978 3634 2051; baseline 0.007 -20"><span class='ocrx_word' id='word_1_408' title='bbox 1992 1993 2120 2032; x_wconf 92' lang='lat' dir='ltr'><strong>rum</strong></span> <span class='ocrx_word' id='word_1_409' title='bbox 2138 1978 2506 2034; x_wconf 87' lang='lat' dir='ltr'><strong>Psalmorum</strong></span> <span class='ocrx_word' id='word_1_410' title='bbox 2530 1985 2730 2034; x_wconf 87' lang='lat' dir='ltr'><strong>cantor</strong></span> <span class='ocrx_word' id='word_1_411' title='bbox 2747 1982 3013 2051; x_wconf 87' lang='lat' dir='ltr'><strong>superius</strong></span> <span class='ocrx_word' id='word_1_412' title='bbox 3037 1985 3474 2041; x_wconf 83' lang='lat' dir='ltr'><strong>exclamabant:</strong></span> <span class='ocrx_word' id='word_1_413' title='bbox 3495 1989 3634 2043; x_wconf 89' lang='lat' dir='ltr'><strong>San-</strong></span> 
     </span>
    </p>
   </div>
   <div class='ocr_carea' id='block_1_65' title="bbox 1991 2069 3634 2140">
    <p class='ocr_par' dir='ltr' id='par_1_65' title="bbox 1991 2069 3634 2140">
     <span class='ocr_line' id='line_1_65' title="bbox 1991 2069 3634 2140; baseline 0.005 -17"><span class='ocrx_word' id='word_1_414' title='bbox 1991 2071 2122 2123; x_wconf 88' lang='lat' dir='ltr'><strong>ctus</strong></span> <span class='ocrx_word' id='word_1_415' title='bbox 2154 2069 2330 2137; x_wconf 90' lang='lat' dir='ltr'><strong>Deus,</strong></span> <span class='ocrx_word' id='word_1_416' title='bbox 2389 2069 2639 2128; x_wconf 87' lang='lat' dir='ltr'><strong>Sanctus</strong></span> <span class='ocrx_word' id='word_1_417' title='bbox 2696 2071 2881 2140; x_wconf 87' lang='lat' dir='ltr'><strong>fortis,</strong></span> <span class='ocrx_word' id='word_1_418' title='bbox 2945 2074 3192 2128; x_wconf 90' lang='lat' dir='ltr'><strong>Sanctus</strong></span> <span class='ocrx_word' id='word_1_419' title='bbox 3254 2077 3634 2133; x_wconf 88' lang='lat' dir='ltr'><strong>Immortalis.</strong></span> 
     </span>
    </p>
   </div>
   <div class='ocr_carea' id='block_1_66' title="bbox 1990 2158 3640 2233">
    <p class='ocr_par' dir='ltr' id='par_1_66' title="bbox 1990 2158 3640 2233">
     <span class='ocr_line' id='line_1_66' title="bbox 1990 2158 3640 2233; baseline 0.007 -21"><span class='ocrx_word' id='word_1_420' title='bbox 1990 2159 2152 2224; x_wconf 90' lang='lat' dir='ltr'><strong>Quod</strong></span> <span class='ocrx_word' id='word_1_421' title='bbox 2193 2158 2425 2229; x_wconf 87' lang='lat' dir='ltr'><strong>quidem</strong></span> <span class='ocrx_word' id='word_1_422' title='bbox 2487 2159 2724 2217; x_wconf 89' lang='lat' dir='ltr'><strong>laudum</strong></span> <span class='ocrx_word' id='word_1_423' title='bbox 2777 2161 3129 2233; x_wconf 85' lang='lat' dir='ltr'><strong>praeconium</strong></span> <span class='ocrx_word' id='word_1_424' title='bbox 3189 2179 3255 2218; x_wconf 87' lang='lat' dir='ltr'><strong>cx</strong></span> <span class='ocrx_word' id='word_1_425' title='bbox 3309 2169 3640 2223; x_wconf 86' lang='lat' dir='ltr'><strong>veneranda</strong></span> 
     </span>
    </p>
   </div>
   <div class='ocr_carea' id='block_1_67' title="bbox 1988 2248 3635 2326">
    <p class='ocr_par' dir='ltr' id='par_1_67' title="bbox 1988 2248 3635 2326">
     <span class='ocr_line' id='line_1_67' title="bbox 1988 2248 3635 2326; baseline 0.004 -22"><span class='ocrx_word' id='word_1_426' title='bbox 1988 2248 2090 2304; x_wconf 91' lang='lat' dir='ltr'><strong>illa</strong></span> <span class='ocrx_word' id='word_1_427' title='bbox 2120 2250 2412 2323; x_wconf 86' lang='lat' dir='ltr'><strong>Serapbici</strong></span> <span class='ocrx_word' id='word_1_428' title='bbox 2438 2252 2661 2309; x_wconf 89' lang='lat' dir='ltr'><strong>ordinis</strong></span> <span class='ocrx_word' id='word_1_429' title='bbox 2714 2252 3078 2308; x_wconf 85' lang='lat' dir='ltr'><strong>confessione</strong></span> <span class='ocrx_word' id='word_1_430' title='bbox 3109 2255 3494 2326; x_wconf 81' lang='lat' dir='ltr'><strong>compositum</strong></span> <span class='ocrx_word' id='word_1_431' title='bbox 3529 2261 3635 2312; x_wconf 89' lang='lat' dir='ltr'><strong>est.</strong></span> 
     </span>
    </p>
   </div>
   <div class='ocr_carea' id='block_1_68' title="bbox 1991 2339 3638 2416">
    <p class='ocr_par' dir='ltr' id='par_1_68' title="bbox 1991 2339 3638 2416">
     <span class='ocr_line' id='line_1_68' title="bbox 1991 2339 3638 2416; baseline 0.003 -21"><span class='ocrx_word' id='word_1_432' title='bbox 1991 2339 2147 2395; x_wconf 90' lang='lat' dir='ltr'><strong>Idem</strong></span> <span class='ocrx_word' id='word_1_433' title='bbox 2174 2356 2340 2409; x_wconf 89' lang='lat' dir='ltr'><strong>porro</strong></span> <span class='ocrx_word' id='word_1_434' title='bbox 2373 2341 2666 2398; x_wconf 89' lang='lat' dir='ltr'><strong>canticum</strong></span> <span class='ocrx_word' id='word_1_435' title='bbox 2691 2341 3095 2398; x_wconf 86' lang='lat' dir='ltr'><strong>exCherubico</strong></span> <span class='ocrx_word' id='word_1_436' title='bbox 3128 2345 3304 2399; x_wconf 89' lang='lat' dir='ltr'><strong>etiam</strong></span> <span class='ocrx_word' id='word_1_437' title='bbox 3331 2345 3638 2416; x_wconf 82' lang='lat' dir='ltr'><strong>praconio,</strong></span> 
     </span>
    </p>
   </div>
   <div class='ocr_carea' id='block_1_69' title="bbox 1992 2427 3640 2500">
    <p class='ocr_par' dir='ltr' id='par_1_69' title="bbox 1992 2427 3640 2500">
     <span class='ocr_line' id='line_1_69' title="bbox 1992 2427 3640 2500; baseline 0.004 -18"><span class='ocrx_word' id='word_1_438' title='bbox 1992 2427 2336 2500; x_wconf 90' lang='lat' dir='ltr'><strong>musicoque</strong></span> <span class='ocrx_word' id='word_1_439' title='bbox 2367 2446 2667 2485; x_wconf 89' lang='lat' dir='ltr'><strong>sacrorum</strong></span> <span class='ocrx_word' id='word_1_440' title='bbox 2726 2430 3093 2486; x_wconf 83' lang='lat' dir='ltr'><strong>Psalmorum</strong></span> <span class='ocrx_word' id='word_1_441' title='bbox 3153 2437 3326 2488; x_wconf 89' lang='lat' dir='ltr'><strong>cantu</strong></span> <span class='ocrx_word' id='word_1_442' title='bbox 3372 2438 3640 2490; x_wconf 85' lang='lat' dir='ltr'><strong>constare</strong></span> 
     </span>
    </p>
   </div>
   <div class='ocr_carea' id='block_1_70' title="bbox 1993 2516 3638 2594">
    <p class='ocr_par' dir='ltr' id='par_1_70' title="bbox 1993 2516 3638 2594">
     <span class='ocr_line' id='line_1_70' title="bbox 1993 2516 3638 2594; baseline 0.006 -24"><span class='ocrx_word' id='word_1_443' title='bbox 1993 2516 2299 2583; x_wconf 88' lang='lat' dir='ltr'><strong>discimus,</strong></span> <span class='ocrx_word' id='word_1_444' title='bbox 2332 2534 2467 2572; x_wconf 90' lang='lat' dir='ltr'><strong>cum</strong></span> <span class='ocrx_word' id='word_1_445' title='bbox 2524 2518 2582 2572; x_wconf 91' lang='lat' dir='ltr'><strong>in</strong></span> <span class='ocrx_word' id='word_1_446' title='bbox 2619 2517 2843 2590; x_wconf 89' lang='lat' dir='ltr'><strong>psalmo</strong></span> <span class='ocrx_word' id='word_1_447' title='bbox 2904 2521 3138 2591; x_wconf 88' lang='lat' dir='ltr'><strong>quidem</strong></span> <span class='ocrx_word' id='word_1_448' title='bbox 3186 2525 3436 2579; x_wconf 83' lang='lat' dir='ltr'><strong>Sanctus</strong></span> <span class='ocrx_word' id='word_1_449' title='bbox 3467 2523 3638 2594; x_wconf 87' lang='lat' dir='ltr'><strong>Deus,</strong></span> 
     </span>
    </p>
   </div>
   <div class='ocr_carea' id='block_1_71' title="bbox 1993 2605 3640 2673">
    <p class='ocr_par' dir='ltr' id='par_1_71' title="bbox 1993 2605 3640 2673">
     <span class='ocr_line' id='line_1_71' title="bbox 1993 2605 3640 2673; baseline 0.005 -13"><span class='ocrx_word' id='word_1_450' title='bbox 1993 2605 2176 2673; x_wconf 84' lang='lat' dir='ltr'><strong>fortis,</strong></span> <span class='ocrx_word' id='word_1_451' title='bbox 2210 2607 2374 2662; x_wconf 92' lang='lat' dir='ltr'><strong>vivus</strong></span> <span class='ocrx_word' id='word_1_452' title='bbox 2415 2611 2677 2662; x_wconf 89' lang='lat' dir='ltr'><strong>canatur.</strong></span> <span class='ocrx_word' id='word_1_453' title='bbox 2728 2608 2835 2663; x_wconf 91' lang='lat' dir='ltr'><strong>Ubi</strong></span> <span class='ocrx_word' id='word_1_454' title='bbox 2869 2617 3020 2664; x_wconf 92' lang='lat' dir='ltr'><strong>certe</strong></span> <span class='ocrx_word' id='word_1_455' title='bbox 3076 2610 3251 2665; x_wconf 91' lang='lat' dir='ltr'><strong>dictio</strong></span> <span class='ocrx_word' id='word_1_456' title='bbox 3311 2611 3483 2667; x_wconf 89' lang='lat' dir='ltr'><strong>Vivus</strong></span> <span class='ocrx_word' id='word_1_457' title='bbox 3515 2613 3640 2668; x_wconf 91' lang='lat' dir='ltr'><strong>loco</strong></span> 
     </span>
    </p>
   </div>
   <div class='ocr_carea' id='block_1_72' title="bbox 1993 2694 3640 2772">
    <p class='ocr_par' dir='ltr' id='par_1_72' title="bbox 1993 2694 3640 2772">
     <span class='ocr_line' id='line_1_72' title="bbox 1993 2694 3640 2772; baseline 0.004 -22"><span class='ocrx_word' id='word_1_458' title='bbox 1993 2694 2266 2751; x_wconf 89' lang='lat' dir='ltr'><strong>dictionis</strong></span> <span class='ocrx_word' id='word_1_459' title='bbox 2317 2696 2692 2767; x_wconf 83' lang='lat' dir='ltr'><strong>immortalis,</strong></span> <span class='ocrx_word' id='word_1_460' title='bbox 2737 2700 3023 2769; x_wconf 87' lang='lat' dir='ltr'><strong>tanquam</strong></span> <span class='ocrx_word' id='word_1_461' title='bbox 3082 2698 3236 2754; x_wconf 88' lang='lat' dir='ltr'><strong>idem</strong></span> <span class='ocrx_word' id='word_1_462' title='bbox 3298 2699 3640 2772; x_wconf 78' lang='lat' dir='ltr'><strong>significans</strong></span> 
     </span>
    </p>
   </div>
   <div class='ocr_carea' id='block_1_73' title="bbox 1994 2786 3642 2861">
    <p class='ocr_par' dir='ltr' id='par_1_73' title="bbox 1994 2786 3642 2861">
     <span class='ocr_line' id='line_1_73' title="bbox 1994 2786 3642 2861; baseline 0.003 -19"><span class='ocrx_word' id='word_1_463' title='bbox 1994 2786 2742 2858; x_wconf 68' lang='lat' dir='ltr'><strong>assumpta;dietio:autem</strong></span> <span class='ocrx_word' id='word_1_464' title='bbox 2759 2787 2940 2843; x_wconf 77' lang='lat' dir='ltr'><strong>Fortis</strong></span> <span class='ocrx_word' id='word_1_465' title='bbox 2963 2789 3022 2843; x_wconf 89' lang='lat' dir='ltr'><strong>in</strong></span> <span class='ocrx_word' id='word_1_466' title='bbox 3044 2788 3272 2861; x_wconf 89' lang='lat' dir='ltr'><strong>integro</strong></span> <span class='ocrx_word' id='word_1_467' title='bbox 3311 2794 3554 2861; x_wconf 90' lang='lat' dir='ltr'><strong>retenta,</strong></span> <span class='ocrx_word' id='word_1_468' title='bbox 3585 2795 3642 2847; x_wconf 90' lang='lat' dir='ltr'><strong>et</strong></span> 
     </span>
    </p>
   </div>
   <div class='ocr_carea' id='block_1_74' title="bbox 1993 2875 3640 2937">
    <p class='ocr_par' dir='ltr' id='par_1_74' title="bbox 1993 2875 3640 2937">
     <span class='ocr_line' id='line_1_74' title="bbox 1993 2875 3640 2937; baseline 0.005 -8"><span class='ocrx_word' id='word_1_469' title='bbox 1993 2875 2102 2930; x_wconf 92' lang='lat' dir='ltr'><strong>hoc</strong></span> <span class='ocrx_word' id='word_1_470' title='bbox 2135 2876 2305 2930; x_wconf 92' lang='lat' dir='ltr'><strong>modo</strong></span> <span class='ocrx_word' id='word_1_471' title='bbox 2351 2893 2514 2931; x_wconf 86' lang='lat' dir='ltr'><strong>sacra</strong></span> <span class='ocrx_word' id='word_1_472' title='bbox 2545 2877 2778 2932; x_wconf 89' lang='lat' dir='ltr'><strong>demum</strong></span> <span class='ocrx_word' id='word_1_473' title='bbox 2829 2877 3019 2935; x_wconf 85' lang='lat' dir='ltr'><strong>cantio</strong></span> <span class='ocrx_word' id='word_1_474' title='bbox 3049 2883 3316 2934; x_wconf 88' lang='lat' dir='ltr'><strong>contexta</strong></span> <span class='ocrx_word' id='word_1_475' title='bbox 3347 2883 3453 2935; x_wconf 89' lang='lat' dir='ltr'><strong>est.</strong></span> <span class='ocrx_word' id='word_1_476' title='bbox 3490 2881 3640 2937; x_wconf 90' lang='lat' dir='ltr'><strong>Deus</strong></span> 
     </span>
    </p>
   </div>
   <div class='ocr_carea' id='block_1_75' title="bbox 1994 2965 3644 3041">
    <p class='ocr_par' dir='ltr' id='par_1_75' title="bbox 1994 2965 3644 3041">
     <span class='ocr_line' id='line_1_75' title="bbox 1994 2965 3644 3041; baseline 0.004 -22"><span class='ocrx_word' id='word_1_477' title='bbox 1994 2968 2191 3019; x_wconf 88' lang='lat' dir='ltr'><strong>tamen</strong></span> <span class='ocrx_word' id='word_1_478' title='bbox 2229 2965 2434 3032; x_wconf 89' lang='lat' dir='ltr'><strong>obiter,</strong></span> <span class='ocrx_word' id='word_1_479' title='bbox 2460 2969 2516 3022; x_wconf 89' lang='lat' dir='ltr'><strong>et</strong></span> <span class='ocrx_word' id='word_1_480' title='bbox 2546 2965 2813 3033; x_wconf 82' lang='lat' dir='ltr'><strong>Sanctus,</strong></span> <span class='ocrx_word' id='word_1_481' title='bbox 2839 2981 2907 3022; x_wconf 82' lang='lat' dir='ltr'><strong>ex</strong></span> <span class='ocrx_word' id='word_1_482' title='bbox 2939 2967 3268 3024; x_wconf 86' lang='lat' dir='ltr'><strong>adversario</strong></span> <span class='ocrx_word' id='word_1_483' title='bbox 3302 2969 3501 3041; x_wconf 89' lang='lat' dir='ltr'><strong>impiis</strong></span> <span class='ocrx_word' id='word_1_484' title='bbox 3522 2970 3644 3025; x_wconf 88' lang='lat' dir='ltr'><strong>ido-</strong></span> 
     </span>
    </p>
   </div>
   <div class='ocr_carea' id='block_1_76' title="bbox 1997 3052 3644 3129">
    <p class='ocr_par' dir='ltr' id='par_1_76' title="bbox 1997 3052 3644 3129">
     <span class='ocr_line' id='line_1_76' title="bbox 1997 3052 3644 3129; baseline 0.005 -21"><span class='ocrx_word' id='word_1_485' title='bbox 1997 3052 2187 3109; x_wconf 89' lang='lat' dir='ltr'><strong>lorum</strong></span> <span class='ocrx_word' id='word_1_486' title='bbox 2221 3055 2478 3110; x_wconf 88' lang='lat' dir='ltr'><strong>cultibus</strong></span> <span class='ocrx_word' id='word_1_487' title='bbox 2533 3059 2929 3127; x_wconf 83' lang='lat' dir='ltr'><strong>Opponuntur.</strong></span> <span class='ocrx_word' id='word_1_488' title='bbox 2993 3060 3126 3121; x_wconf 83' lang='lat' dir='ltr'><strong>Qua</strong></span> <span class='ocrx_word' id='word_1_489' title='bbox 3148 3058 3383 3129; x_wconf 85' lang='lat' dir='ltr'><strong>quidem</strong></span> <span class='ocrx_word' id='word_1_490' title='bbox 3415 3063 3644 3116; x_wconf 89' lang='lat' dir='ltr'><strong>terrena</strong></span> 
     </span>
    </p>
   </div>
   <div class='ocr_carea' id='block_1_77' title="bbox 1996 3145 3641 3220">
    <p class='ocr_par' dir='ltr' id='par_1_77' title="bbox 1996 3145 3641 3220">
     <span class='ocr_line' id='line_1_77' title="bbox 1996 3145 3641 3220; baseline 0.003 -21"><span class='ocrx_word' id='word_1_491' title='bbox 1996 3147 2155 3210; x_wconf 91' lang='lat' dir='ltr'><strong>sunt,</strong></span> <span class='ocrx_word' id='word_1_492' title='bbox 2205 3159 2496 3217; x_wconf 86' lang='lat' dir='ltr'><strong>operaque</strong></span> <span class='ocrx_word' id='word_1_493' title='bbox 2529 3161 2811 3200; x_wconf 90' lang='lat' dir='ltr'><strong>manuum</strong></span> <span class='ocrx_word' id='word_1_494' title='bbox 2846 3145 3172 3212; x_wconf 88' lang='lat' dir='ltr'><strong>hominum,</strong></span> <span class='ocrx_word' id='word_1_495' title='bbox 3211 3151 3386 3220; x_wconf 89' lang='lat' dir='ltr'><strong>atque</strong></span> <span class='ocrx_word' id='word_1_496' title='bbox 3418 3148 3641 3204; x_wconf 86' lang='lat' dir='ltr'><strong>abomi-</strong></span> 
     </span>
    </p>
   </div>
   <div class='ocr_carea' id='block_1_78' title="bbox 1998 3233 3640 3310">
    <p class='ocr_par' dir='ltr' id='par_1_78' title="bbox 1998 3233 3640 3310">
     <span class='ocr_line' id='line_1_78' title="bbox 1998 3233 3640 3310; baseline 0.003 -22"><span class='ocrx_word' id='word_1_497' title='bbox 1998 3233 2262 3289; x_wconf 89' lang='lat' dir='ltr'><strong>nationes</strong></span> <span class='ocrx_word' id='word_1_498' title='bbox 2296 3250 2511 3289; x_wconf 85' lang='lat' dir='ltr'><strong>revera.</strong></span> <span class='ocrx_word' id='word_1_499' title='bbox 2566 3235 2748 3289; x_wconf 84' lang='lat' dir='ltr'><strong>Fortis</strong></span> <span class='ocrx_word' id='word_1_500' title='bbox 2782 3239 2976 3291; x_wconf 84' lang='lat' dir='ltr'><strong>autem</strong></span> <span class='ocrx_word' id='word_1_501' title='bbox 3023 3236 3244 3293; x_wconf 89' lang='lat' dir='ltr'><strong>eisdem</strong></span> <span class='ocrx_word' id='word_1_502' title='bbox 3305 3239 3640 3310; x_wconf 84' lang='lat' dir='ltr'><strong>Opponitur,</strong></span> 
     </span>
    </p>
   </div>
   <div class='ocr_carea' id='block_1_79' title="bbox 1997 3326 3644 3397">
    <p class='ocr_par' dir='ltr' id='par_1_79' title="bbox 1997 3326 3644 3397">
     <span class='ocr_line' id='line_1_79' title="bbox 1997 3326 3644 3397; baseline 0.004 -19"><span class='ocrx_word' id='word_1_503' title='bbox 1997 3328 2285 3395; x_wconf 87' lang='lat' dir='ltr'><strong>quatenus</strong></span> <span class='ocrx_word' id='word_1_504' title='bbox 2317 3330 2500 3397; x_wconf 85' lang='lat' dir='ltr'><strong>muta,</strong></span> <span class='ocrx_word' id='word_1_505' title='bbox 2524 3326 2844 3383; x_wconf 89' lang='lat' dir='ltr'><strong>immobilia</strong></span> <span class='ocrx_word' id='word_1_506' title='bbox 2866 3334 2919 3382; x_wconf 87' lang='lat' dir='ltr'><strong>et</strong></span> <span class='ocrx_word' id='word_1_507' title='bbox 2948 3327 3181 3384; x_wconf 83' lang='lat' dir='ltr'><strong>inﬁrma</strong></span> <span class='ocrx_word' id='word_1_508' title='bbox 3210 3332 3369 3385; x_wconf 90' lang='lat' dir='ltr'><strong>sunt.</strong></span> <span class='ocrx_word' id='word_1_509' title='bbox 3399 3333 3644 3386; x_wconf 90' lang='lat' dir='ltr'><strong>Immor-</strong></span> 
     </span>
    </p>
   </div>
   <div class='ocr_carea' id='block_1_80' title="bbox 1995 3414 3644 3493">
    <p class='ocr_par' dir='ltr' id='par_1_80' title="bbox 1995 3414 3644 3493">
     <span class='ocr_line' id='line_1_80' title="bbox 1995 3414 3644 3493; baseline 0.004 -24"><span class='ocrx_word' id='word_1_510' title='bbox 1995 3414 2129 3470; x_wconf 89' lang='lat' dir='ltr'><strong>talis</strong></span> <span class='ocrx_word' id='word_1_511' title='bbox 2162 3415 2435 3488; x_wconf 89' lang='lat' dir='ltr'><strong>denique,</strong></span> <span class='ocrx_word' id='word_1_512' title='bbox 2467 3421 2758 3488; x_wconf 87' lang='lat' dir='ltr'><strong>quatenus</strong></span> <span class='ocrx_word' id='word_1_513' title='bbox 2785 3434 2890 3474; x_wconf 90' lang='lat' dir='ltr'><strong>nec</strong></span> <span class='ocrx_word' id='word_1_514' title='bbox 2921 3419 3232 3491; x_wconf 89' lang='lat' dir='ltr'><strong>respirant,</strong></span> <span class='ocrx_word' id='word_1_515' title='bbox 3268 3437 3370 3476; x_wconf 90' lang='lat' dir='ltr'><strong>nec</strong></span> <span class='ocrx_word' id='word_1_516' title='bbox 3400 3437 3644 3493; x_wconf 82' lang='lat' dir='ltr'><strong>cperan-</strong></span> 
     </span>
    </p>
   </div>
   <div class='ocr_carea' id='block_1_81' title="bbox 1995 3504 3644 3571">
    <p class='ocr_par' dir='ltr' id='par_1_81' title="bbox 1995 3504 3644 3571">
     <span class='ocr_line' id='line_1_81' title="bbox 1995 3504 3644 3571; baseline 0.004 -13"><span class='ocrx_word' id='word_1_517' title='bbox 1995 3507 2111 3571; x_wconf 90' lang='lat' dir='ltr'><strong>tur,</strong></span> <span class='ocrx_word' id='word_1_518' title='bbox 2181 3520 2286 3560; x_wconf 91' lang='lat' dir='ltr'><strong>nec</strong></span> <span class='ocrx_word' id='word_1_519' title='bbox 2337 3504 2456 3560; x_wconf 90' lang='lat' dir='ltr'><strong>ulla</strong></span> <span class='ocrx_word' id='word_1_520' title='bbox 2514 3506 2642 3562; x_wconf 79' lang='lat' dir='ltr'><strong>viia</strong></span> <span class='ocrx_word' id='word_1_521' title='bbox 2696 3507 2953 3563; x_wconf 88' lang='lat' dir='ltr'><strong>scintilla</strong></span> <span class='ocrx_word' id='word_1_522' title='bbox 3019 3508 3308 3564; x_wconf 90' lang='lat' dir='ltr'><strong>fruuntur.</strong></span> <span class='ocrx_word' id='word_1_523' title='bbox 3363 3510 3644 3565; x_wconf 86' lang='lat' dir='ltr'><strong>Caterum</strong></span> 
     </span>
    </p>
   </div>
   <div class='ocr_carea' id='block_1_82' title="bbox 1997 3595 3646 3669">
    <p class='ocr_par' dir='ltr' id='par_1_82' title="bbox 1997 3595 3646 3669">
     <span class='ocr_line' id='line_1_82' title="bbox 1997 3595 3646 3669; baseline 0.003 -22"><span class='ocrx_word' id='word_1_524' title='bbox 1997 3609 2178 3664; x_wconf 92' lang='lat' dir='ltr'><strong>supra</strong></span> <span class='ocrx_word' id='word_1_525' title='bbox 2209 3595 2510 3650; x_wconf 87' lang='lat' dir='ltr'><strong>memorati</strong></span> <span class='ocrx_word' id='word_1_526' title='bbox 2570 3595 2783 3651; x_wconf 89' lang='lat' dir='ltr'><strong>cantici</strong></span> <span class='ocrx_word' id='word_1_527' title='bbox 2832 3597 3178 3669; x_wconf 89' lang='lat' dir='ltr'><strong>compositio</strong></span> <span class='ocrx_word' id='word_1_528' title='bbox 3228 3598 3394 3653; x_wconf 89' lang='lat' dir='ltr'><strong>beato</strong></span> <span class='ocrx_word' id='word_1_529' title='bbox 3444 3596 3646 3653; x_wconf 90' lang='lat' dir='ltr'><strong>Proclo</strong></span> 
     </span>
    </p>
   </div>
   <div class='ocr_carea' id='block_1_83' title="bbox 1997 3681 3648 3757">
    <p class='ocr_par' dir='ltr' id='par_1_83' title="bbox 1997 3681 3648 3757">
     <span class='ocr_line' id='line_1_83' title="bbox 1997 3681 3648 3757; baseline 0.004 -21"><span class='ocrx_word' id='word_1_530' title='bbox 1997 3681 2631 3755; x_wconf 82' lang='lat' dir='ltr'><strong>ConstantinOpolitano</strong></span> <span class='ocrx_word' id='word_1_531' title='bbox 2679 3686 2941 3757; x_wconf 83' lang='lat' dir='ltr'><strong>pontifici</strong></span> <span class='ocrx_word' id='word_1_532' title='bbox 2990 3701 3059 3741; x_wconf 84' lang='lat' dir='ltr'><strong>ex</strong></span> <span class='ocrx_word' id='word_1_533' title='bbox 3108 3685 3457 3742; x_wconf 90' lang='lat' dir='ltr'><strong>revelatione</strong></span> <span class='ocrx_word' id='word_1_534' title='bbox 3487 3687 3648 3742; x_wconf 90' lang='lat' dir='ltr'><strong>inno-</strong></span> 
     </span>
    </p>
   </div>
   <div class='ocr_carea' id='block_1_84' title="bbox 1999 3771 3643 3846">
    <p class='ocr_par' dir='ltr' id='par_1_84' title="bbox 1999 3771 3643 3846">
     <span class='ocr_line' id='line_1_84' title="bbox 1999 3771 3643 3846; baseline 0.004 -20"><span class='ocrx_word' id='word_1_535' title='bbox 1999 3771 2179 3827; x_wconf 89' lang='lat' dir='ltr'><strong>tuisse</strong></span> <span class='ocrx_word' id='word_1_536' title='bbox 2210 3773 2414 3841; x_wconf 87' lang='lat' dir='ltr'><strong>fertur,</strong></span> <span class='ocrx_word' id='word_1_537' title='bbox 2475 3774 2575 3844; x_wconf 85' lang='lat' dir='ltr'><strong>qui</strong></span> <span class='ocrx_word' id='word_1_538' title='bbox 2638 3773 2863 3846; x_wconf 87' lang='lat' dir='ltr'><strong>angelis</strong></span> <span class='ocrx_word' id='word_1_539' title='bbox 2898 3774 3136 3845; x_wconf 89' lang='lat' dir='ltr'><strong>quidem</strong></span> <span class='ocrx_word' id='word_1_540' title='bbox 3198 3791 3427 3830; x_wconf 87' lang='lat' dir='ltr'><strong>sacrum</strong></span> <span class='ocrx_word' id='word_1_541' title='bbox 3489 3775 3643 3834; x_wconf 83' lang='lat' dir='ltr'><strong>hunc</strong></span> 
     </span>
    </p>
   </div>
   <div class='ocr_carea' id='block_1_85' title="bbox 1997 3860 3642 3936">
    <p class='ocr_par' dir='ltr' id='par_1_85' title="bbox 1997 3860 3642 3936">
     <span class='ocr_line' id='line_1_85' title="bbox 1997 3860 3642 3936; baseline 0.002 -21"><span class='ocrx_word' id='word_1_542' title='bbox 1997 3860 2284 3932; x_wconf 85' lang='lat' dir='ltr'><strong>hymnum</strong></span> <span class='ocrx_word' id='word_1_543' title='bbox 2321 3861 2763 3918; x_wconf 88' lang='lat' dir='ltr'><strong>modulantibus</strong></span> <span class='ocrx_word' id='word_1_544' title='bbox 2812 3862 2932 3927; x_wconf 89' lang='lat' dir='ltr'><strong>illo,</strong></span> <span class='ocrx_word' id='word_1_545' title='bbox 2967 3863 3090 3935; x_wconf 90' lang='lat' dir='ltr'><strong>ipse</strong></span> <span class='ocrx_word' id='word_1_546' title='bbox 3124 3863 3346 3936; x_wconf 89' lang='lat' dir='ltr'><strong>primus</strong></span> <span class='ocrx_word' id='word_1_547' title='bbox 3390 3863 3642 3920; x_wconf 89' lang='lat' dir='ltr'><strong>omnium</strong></span> 
     </span>
    </p>
   </div>
   <div class='ocr_carea' id='block_1_86' title="bbox 2001 3951 2407 4009">
    <p class='ocr_par' dir='ltr' id='par_1_86' title="bbox 2001 3951 2407 4009">
     <span class='ocr_line' id='line_1_86' title="bbox 2001 3951 2407 4009; baseline -0.01 0"><span class='ocrx_word' id='word_1_548' title='bbox 2001 3951 2265 4009; x_wconf 90' lang='lat' dir='ltr'><strong>initiatus</strong></span> <span class='ocrx_word' id='word_1_549' title='bbox 2297 3956 2407 4007; x_wconf 90' lang='lat' dir='ltr'><strong>est.</strong></span> 
     </span>
    </p>
   </div>
   <div class='ocr_carea' id='block_1_87' title="bbox 2072 4041 3644 4115">
    <p class='ocr_par' dir='ltr' id='par_1_87' title="bbox 2072 4041 3644 4115">
     <span class='ocr_line' id='line_1_87' title="bbox 2072 4041 3644 4115; baseline 0.001 -19"><span class='ocrx_word' id='word_1_550' title='bbox 2072 4043 2378 4097; x_wconf 88' lang='lat' dir='ltr'><strong>Enimvero</strong></span> <span class='ocrx_word' id='word_1_551' title='bbox 2421 4041 2686 4097; x_wconf 84' lang='lat' dir='ltr'><strong>senarius</strong></span> <span class='ocrx_word' id='word_1_552' title='bbox 2703 4041 2800 4096; x_wconf 87' lang='lat' dir='ltr'><strong>ille</strong></span> <span class='ocrx_word' id='word_1_553' title='bbox 2830 4058 3065 4115; x_wconf 88' lang='lat' dir='ltr'><strong>quoque</strong></span> <span class='ocrx_word' id='word_1_554' title='bbox 3079 4043 3401 4114; x_wconf 88' lang='lat' dir='ltr'><strong>primorum</strong></span> <span class='ocrx_word' id='word_1_555' title='bbox 3417 4043 3644 4098; x_wconf 89' lang='lat' dir='ltr'><strong>dierum</strong></span> 
     </span>
    </p>
   </div>
   <div class='ocr_carea' id='block_1_88' title="bbox 2002 4130 3643 4205">
    <p class='ocr_par' dir='ltr' id='par_1_88' title="bbox 2002 4130 3643 4205">
     <span class='ocr_line' id='line_1_88' title="bbox 2002 4130 3643 4205; baseline 0 -17"><span class='ocrx_word' id='word_1_556' title='bbox 2002 4147 2282 4188; x_wconf 89' lang='lat' dir='ltr'><strong>numerus</strong></span> <span class='ocrx_word' id='word_1_557' title='bbox 2299 4131 2468 4203; x_wconf 88' lang='lat' dir='ltr'><strong>cujus</strong></span> <span class='ocrx_word' id='word_1_558' title='bbox 2484 4130 2705 4186; x_wconf 90' lang='lat' dir='ltr'><strong>inlibro</strong></span> <span class='ocrx_word' id='word_1_559' title='bbox 2728 4131 2797 4185; x_wconf 91' lang='lat' dir='ltr'><strong>de</strong></span> <span class='ocrx_word' id='word_1_560' title='bbox 2817 4131 3018 4187; x_wconf 91' lang='lat' dir='ltr'><strong>mundi</strong></span> <span class='ocrx_word' id='word_1_561' title='bbox 3034 4133 3406 4205; x_wconf 83' lang='lat' dir='ltr'><strong>generatione</strong></span> <span class='ocrx_word' id='word_1_562' title='bbox 3422 4133 3643 4188; x_wconf 87' lang='lat' dir='ltr'><strong>mentio</strong></span> 
     </span>
    </p>
   </div>
   <div class='ocr_carea' id='block_1_89' title="bbox 2003 4221 3640 4296">
    <p class='ocr_par' dir='ltr' id='par_1_89' title="bbox 2003 4221 3640 4296">
     <span class='ocr_line' id='line_1_89' title="bbox 2003 4221 3640 4296; baseline 0 -18"><span class='ocrx_word' id='word_1_563' title='bbox 2003 4225 2231 4295; x_wconf 82' lang='lat' dir='ltr'><strong>ﬁt,typo</strong></span> <span class='ocrx_word' id='word_1_564' title='bbox 2255 4222 2505 4294; x_wconf 89' lang='lat' dir='ltr'><strong>quodam</strong></span> <span class='ocrx_word' id='word_1_565' title='bbox 2537 4221 2749 4276; x_wconf 87' lang='lat' dir='ltr'><strong>trinam</strong></span> <span class='ocrx_word' id='word_1_566' title='bbox 2782 4221 2885 4276; x_wconf 90' lang='lat' dir='ltr'><strong>Dei</strong></span> <span class='ocrx_word' id='word_1_567' title='bbox 2917 4223 3309 4295; x_wconf 89' lang='lat' dir='ltr'><strong>cognitionem</strong></span> <span class='ocrx_word' id='word_1_568' title='bbox 3338 4224 3640 4296; x_wconf 84' lang='lat' dir='ltr'><strong>exprimit;</strong></span> 
     </span>
    </p>
   </div>
   <div class='ocr_carea' id='block_1_90' title="bbox 2003 4310 3642 4386">
    <p class='ocr_par' dir='ltr' id='par_1_90' title="bbox 2003 4310 3642 4386">
     <span class='ocr_line' id='line_1_90' title="bbox 2003 4310 3642 4386; baseline 0.002 -20"><span class='ocrx_word' id='word_1_569' title='bbox 2003 4314 2155 4386; x_wconf 90' lang='lat' dir='ltr'><strong>quod</strong></span> <span class='ocrx_word' id='word_1_570' title='bbox 2194 4311 2432 4383; x_wconf 88' lang='lat' dir='ltr'><strong>quidem</strong></span> <span class='ocrx_word' id='word_1_571' title='bbox 2465 4327 2598 4366; x_wconf 90' lang='lat' dir='ltr'><strong>cum</strong></span> <span class='ocrx_word' id='word_1_572' title='bbox 2634 4310 2762 4366; x_wconf 88' lang='lat' dir='ltr'><strong>aliis</strong></span> <span class='ocrx_word' id='word_1_573' title='bbox 2788 4312 3009 4383; x_wconf 92' lang='lat' dir='ltr'><strong>aliquot</strong></span> <span class='ocrx_word' id='word_1_574' title='bbox 3029 4331 3098 4369; x_wconf 82' lang='lat' dir='ltr'><strong>ex</strong></span> <span class='ocrx_word' id='word_1_575' title='bbox 3129 4313 3424 4383; x_wconf 89' lang='lat' dir='ltr'><strong>locis,tum</strong></span> <span class='ocrx_word' id='word_1_576' title='bbox 3448 4330 3515 4369; x_wconf 84' lang='lat' dir='ltr'><strong>ex</strong></span> <span class='ocrx_word' id='word_1_577' title='bbox 3532 4314 3642 4370; x_wconf 90' lang='lat' dir='ltr'><strong>hoc</strong></span> 
     </span>
    </p>
   </div>
   <div class='ocr_carea' id='block_1_91' title="bbox 2002 4399 3647 4474">
    <p class='ocr_par' dir='ltr' id='par_1_91' title="bbox 2002 4399 3647 4474">
     <span class='ocr_line' id='line_1_91' title="bbox 2002 4399 3647 4474; baseline 0.001 -17"><span class='ocrx_word' id='word_1_578' title='bbox 2002 4400 2372 4474; x_wconf 86' lang='lat' dir='ltr'><strong>perspicuum</strong></span> <span class='ocrx_word' id='word_1_579' title='bbox 2425 4406 2513 4455; x_wconf 90' lang='lat' dir='ltr'><strong>est</strong></span> <span class='ocrx_word' id='word_1_580' title='bbox 2544 4416 2557 4454; x_wconf 87' lang='lat'><strong>:</strong></span> <span class='ocrx_word' id='word_1_581' title='bbox 2619 4399 2745 4456; x_wconf 83' lang='lat' dir='ltr'><strong>Dies</strong></span> <span class='ocrx_word' id='word_1_582' title='bbox 2774 4400 2888 4456; x_wconf 85' lang='lat' dir='ltr'><strong>diei</strong></span> <span class='ocrx_word' id='word_1_583' title='bbox 2933 4406 3144 4457; x_wconf 85' lang='lat' dir='ltr'><strong>eructat</strong></span> <span class='ocrx_word' id='word_1_584' title='bbox 3180 4405 3424 4470; x_wconf 84' lang='lat' dir='ltr'><strong>verbum,</strong></span> <span class='ocrx_word' id='word_1_585' title='bbox 3456 4407 3506 4458; x_wconf 90' lang='lat' dir='ltr'><strong>et</strong></span> <span class='ocrx_word' id='word_1_586' title='bbox 3536 4418 3647 4459; x_wconf 73' lang='lat' dir='ltr'><strong>nox</strong></span> 
     </span>
    </p>
   </div>
   <div class='ocr_carea' id='block_1_92' title="bbox 2004 4489 3646 4562">
    <p class='ocr_par' dir='ltr' id='par_1_92' title="bbox 2004 4489 3646 4562">
     <span class='ocr_line' id='line_1_92' title="bbox 2004 4489 3646 4562; baseline 0 -16"><span class='ocrx_word' id='word_1_587' title='bbox 2004 4491 2155 4546; x_wconf 81' lang='lat' dir='ltr'><strong>nocti</strong></span> <span class='ocrx_word' id='word_1_588' title='bbox 2198 4489 2408 4544; x_wconf 80' lang='lat' dir='ltr'><strong>indicat</strong></span> <span class='ocrx_word' id='word_1_589' title='bbox 2436 4490 2728 4544; x_wconf 78' lang='lat' dir='ltr'><strong>scientiam</strong></span> <span class='ocrx_word' id='word_1_590' title='bbox 2757 4492 2794 4544; x_wconf 88' lang='grc'><strong>¹.</strong></span> <span class='ocrx_word' id='word_1_591' title='bbox 2849 4492 2990 4546; x_wconf 88' lang='lat' dir='ltr'><strong>Item</strong></span> <span class='ocrx_word' id='word_1_592' title='bbox 3051 4506 3114 4545; x_wconf 84' lang='lat' dir='ltr'><strong>ex</strong></span> <span class='ocrx_word' id='word_1_593' title='bbox 3147 4490 3256 4546; x_wconf 90' lang='lat' dir='ltr'><strong>hoc</strong></span> <span class='ocrx_word' id='word_1_594' title='bbox 3287 4507 3306 4544; x_wconf 88' lang='lat'><strong><em>:</em></strong></span> <span class='ocrx_word' id='word_1_595' title='bbox 3364 4493 3423 4546; x_wconf 83' lang='lat' dir='ltr'><strong>In</strong></span> <span class='ocrx_word' id='word_1_596' title='bbox 3464 4492 3646 4562; x_wconf 82' lang='lat' dir='ltr'><strong>capite</strong></span> 
     </span>
    </p>
   </div>
   <div class='ocr_carea' id='block_1_93' title="bbox 2008 4579 3646 4652">
    <p class='ocr_par' dir='ltr' id='par_1_93' title="bbox 2008 4579 3646 4652">
     <span class='ocr_line' id='line_1_93' title="bbox 2008 4579 3646 4652; baseline -0.002 -14"><span class='ocrx_word' id='word_1_597' title='bbox 2008 4583 2139 4639; x_wconf 85' lang='lat' dir='ltr'><strong>libri</strong></span> <span class='ocrx_word' id='word_1_598' title='bbox 2163 4582 2426 4652; x_wconf 81' lang='lat' dir='ltr'><strong>scriptum</strong></span> <span class='ocrx_word' id='word_1_599' title='bbox 2459 4586 2536 4634; x_wconf 83' lang='lat' dir='ltr'><strong>est</strong></span> <span class='ocrx_word' id='word_1_600' title='bbox 2564 4579 2630 4634; x_wconf 87' lang='lat' dir='ltr'><strong>de</strong></span> <span class='ocrx_word' id='word_1_601' title='bbox 2655 4595 2742 4634; x_wconf 85' lang='lat' dir='ltr'><strong>me</strong></span> <span class='ocrx_word' id='word_1_602' title='bbox 2773 4580 2813 4634; x_wconf 74' lang='grc'><strong>³.</strong></span> <span class='ocrx_word' id='word_1_603' title='bbox 2857 4579 3196 4650; x_wconf 89' lang='lat' dir='ltr'><strong>Quicunque</strong></span> <span class='ocrx_word' id='word_1_604' title='bbox 3236 4579 3390 4635; x_wconf 91' lang='lat' dir='ltr'><strong>enim</strong></span> <span class='ocrx_word' id='word_1_605' title='bbox 3422 4581 3491 4635; x_wconf 91' lang='lat' dir='ltr'><strong>de</strong></span> <span class='ocrx_word' id='word_1_606' title='bbox 3524 4580 3646 4652; x_wconf 82' lang='lat' dir='ltr'><strong>pri-</strong></span> 
     </span>
    </p>
   </div>
   <div class='ocr_carea' id='block_1_94' title="bbox 247 4662 3646 4742">
    <p class='ocr_par' dir='ltr' id='par_1_94' title="bbox 247 4662 3646 4742">
     <span class='ocr_line' id='line_1_94' title="bbox 247 4662 3646 4742; baseline 0 -20"><span class='ocrx_word' id='word_1_607' title='bbox 247 4666 410 4722; x_wconf 90' lang='lat' dir='ltr'><strong>nulla</strong></span> <span class='ocrx_word' id='word_1_608' title='bbox 443 4683 682 4740; x_wconf 90' lang='lat' dir='ltr'><strong>prorsus</strong></span> <span class='ocrx_word' id='word_1_609' title='bbox 714 4668 828 4724; x_wconf 88' lang='lat' dir='ltr'><strong>alia</strong></span> <span class='ocrx_word' id='word_1_610' title='bbox 887 4669 1165 4724; x_wconf 83' lang='lat' dir='ltr'><strong>sanctitas</strong></span> <span class='ocrx_word' id='word_1_611' title='bbox 1197 4669 1450 4724; x_wconf 87' lang='lat' dir='ltr'><strong>conferri</strong></span> <span class='ocrx_word' id='word_1_612' title='bbox 1488 4675 1681 4742; x_wconf 89' lang='lat' dir='ltr'><strong>queat.</strong></span> <span class='ocrx_word' id='word_1_613' title='bbox 1721 4673 1894 4737; x_wconf 90' lang='lat' dir='ltr'><strong>Quot-</strong></span> <span class='ocrx_word' id='word_1_614' title='bbox 1929 4662 1975 4727; x_wconf 91' lang='lat' dir='ltr'><strong>D</strong></span> <span class='ocrx_word' id='word_1_615' title='bbox 2007 4673 2116 4728; x_wconf 85' lang='lat' dir='ltr'><strong>mis</strong></span> <span class='ocrx_word' id='word_1_616' title='bbox 2147 4671 2264 4728; x_wconf 91' lang='lat' dir='ltr'><strong>illis</strong></span> <span class='ocrx_word' id='word_1_617' title='bbox 2296 4671 2499 4726; x_wconf 91' lang='lat' dir='ltr'><strong>diebus</strong></span> <span class='ocrx_word' id='word_1_618' title='bbox 2559 4675 2970 4742; x_wconf 88' lang='lat' dir='ltr'><strong>exposuerunt,</strong></span> <span class='ocrx_word' id='word_1_619' title='bbox 3005 4669 3238 4726; x_wconf 89' lang='lat' dir='ltr'><strong>obscuri</strong></span> <span class='ocrx_word' id='word_1_620' title='bbox 3261 4669 3404 4724; x_wconf 92' lang='lat' dir='ltr'><strong>nihil</strong></span> <span class='ocrx_word' id='word_1_621' title='bbox 3436 4668 3646 4726; x_wconf 89' lang='lat' dir='ltr'><strong>elocuti</strong></span> 
     </span>
    </p>
   </div>
   <div class='ocr_carea' id='block_1_95' title="bbox 244 4755 1899 4829">
    <p class='ocr_par' dir='ltr' id='par_1_95' title="bbox 244 4755 1899 4829">
     <span class='ocr_line' id='line_1_95' title="bbox 244 4755 1899 4829; baseline 0.001 -17"><span class='ocrx_word' id='word_1_622' title='bbox 244 4760 386 4829; x_wconf 88' lang='lat' dir='ltr'><strong>quot</strong></span> <span class='ocrx_word' id='word_1_623' title='bbox 415 4755 568 4812; x_wconf 89' lang='lat' dir='ltr'><strong>enim</strong></span> <span class='ocrx_word' id='word_1_624' title='bbox 603 4756 934 4814; x_wconf 89' lang='lat' dir='ltr'><strong>Divinitatis</strong></span> <span class='ocrx_word' id='word_1_625' title='bbox 967 4756 1189 4812; x_wconf 88' lang='lat' dir='ltr'><strong>ratione</strong></span> <span class='ocrx_word' id='word_1_626' title='bbox 1221 4757 1405 4812; x_wconf 89' lang='lat' dir='ltr'><strong>sancti</strong></span> <span class='ocrx_word' id='word_1_627' title='bbox 1437 4756 1899 4828; x_wconf 83' lang='lat' dir='ltr'><strong>dicuntur,haud</strong></span> 
     </span>
    </p>
   </div>
   <div class='ocr_carea' id='block_1_96' title="bbox 249 4845 1899 4918">
    <p class='ocr_par' dir='ltr' id='par_1_96' title="bbox 249 4845 1899 4918">
     <span class='ocr_line' id='line_1_96' title="bbox 249 4845 1899 4918; baseline 0.002 -18"><span class='ocrx_word' id='word_1_628' title='bbox 249 4847 428 4900; x_wconf 89' lang='lat' dir='ltr'><strong>dubie</strong></span> <span class='ocrx_word' id='word_1_629' title='bbox 468 4845 694 4917; x_wconf 85' lang='lat' dir='ltr'><strong>profani</strong></span> <span class='ocrx_word' id='word_1_630' title='bbox 727 4850 782 4901; x_wconf 88' lang='lat' dir='ltr'><strong>et</strong></span> <span class='ocrx_word' id='word_1_631' title='bbox 837 4845 1077 4918; x_wconf 89' lang='lat' dir='ltr'><strong>impuri,</strong></span> <span class='ocrx_word' id='word_1_632' title='bbox 1137 4847 1636 4918; x_wconf 90' lang='lat' dir='ltr'><strong>quemadmodum</strong></span> <span class='ocrx_word' id='word_1_633' title='bbox 1695 4863 1899 4903; x_wconf 88' lang='lat' dir='ltr'><strong>omnes</strong></span> 
     </span>
    </p>
   </div>
   <div class='ocr_carea' id='block_1_97' title="bbox 252 4935 1900 5007">
    <p class='ocr_par' dir='ltr' id='par_1_97' title="bbox 252 4935 1900 5007">
     <span class='ocr_line' id='line_1_97' title="bbox 252 4935 1900 5007; baseline 0.005 -21"><span class='ocrx_word' id='word_1_634' title='bbox 252 4947 488 5004; x_wconf 89' lang='lat' dir='ltr'><strong>quoque</strong></span> <span class='ocrx_word' id='word_1_635' title='bbox 521 4949 684 5005; x_wconf 88' lang='lat' dir='ltr'><strong>reges</strong></span> <span class='ocrx_word' id='word_1_636' title='bbox 718 4935 948 5007; x_wconf 85' lang='lat' dir='ltr'><strong>servi,et</strong></span> <span class='ocrx_word' id='word_1_637' title='bbox 979 4951 1042 4992; x_wconf 89' lang='lat' dir='ltr'><strong>ea</strong></span> <span class='ocrx_word' id='word_1_638' title='bbox 1070 4951 1196 5007; x_wconf 87' lang='lat' dir='ltr'><strong>qua</strong></span> <span class='ocrx_word' id='word_1_639' title='bbox 1228 4940 1366 4991; x_wconf 91' lang='lat' dir='ltr'><strong>sunt</strong></span> <span class='ocrx_word' id='word_1_640' title='bbox 1391 4952 1504 4990; x_wconf 89' lang='lat' dir='ltr'><strong>non</strong></span> <span class='ocrx_word' id='word_1_641' title='bbox 1539 4951 1666 4992; x_wconf 89' lang='lat' dir='ltr'><strong>esse</strong></span> <span class='ocrx_word' id='word_1_642' title='bbox 1697 4953 1900 4994; x_wconf 82' lang='lat' dir='ltr'><strong>cense-</strong></span> 
     </span>
    </p>
   </div>
   <div class='ocr_carea' id='block_1_98' title="bbox 252 5023 1903 5097">
    <p class='ocr_par' dir='ltr' id='par_1_98' title="bbox 252 5023 1903 5097">
     <span class='ocr_line' id='line_1_98' title="bbox 252 5023 1903 5097; baseline 0.004 -20"><span class='ocrx_word' id='word_1_643' title='bbox 252 5023 498 5088; x_wconf 90' lang='lat' dir='ltr'><strong>buntur,</strong></span> <span class='ocrx_word' id='word_1_644' title='bbox 535 5023 584 5076; x_wconf 87' lang='lat' dir='ltr'><strong>si</strong></span> <span class='ocrx_word' id='word_1_645' title='bbox 630 5038 762 5077; x_wconf 90' lang='lat' dir='ltr'><strong>cum</strong></span> <span class='ocrx_word' id='word_1_646' title='bbox 796 5023 934 5092; x_wconf 89' lang='lat' dir='ltr'><strong>Deo,</strong></span> <span class='ocrx_word' id='word_1_647' title='bbox 973 5023 1030 5078; x_wconf 91' lang='lat' dir='ltr'><strong>id</strong></span> <span class='ocrx_word' id='word_1_648' title='bbox 1067 5030 1157 5080; x_wconf 89' lang='lat' dir='ltr'><strong>est</strong></span> <span class='ocrx_word' id='word_1_649' title='bbox 1213 5041 1279 5080; x_wconf 92' lang='lat' dir='ltr'><strong>eo</strong></span> <span class='ocrx_word' id='word_1_650' title='bbox 1312 5025 1408 5097; x_wconf 91' lang='lat' dir='ltr'><strong>qui</strong></span> <span class='ocrx_word' id='word_1_651' title='bbox 1440 5043 1570 5082; x_wconf 88' lang='lat' dir='ltr'><strong>vere</strong></span> <span class='ocrx_word' id='word_1_652' title='bbox 1623 5031 1730 5096; x_wconf 90' lang='lat' dir='ltr'><strong>est,</strong></span> <span class='ocrx_word' id='word_1_653' title='bbox 1765 5045 1903 5084; x_wconf 88' lang='lat' dir='ltr'><strong>cou-</strong></span> 
     </span>
    </p>
   </div>
   <div class='ocr_carea' id='block_1_99' title="bbox 251 5111 1906 5183">
    <p class='ocr_par' dir='ltr' id='par_1_99' title="bbox 251 5111 1906 5183">
     <span class='ocr_line' id='line_1_99' title="bbox 251 5111 1906 5183; baseline 0.005 -18"><span class='ocrx_word' id='word_1_654' title='bbox 251 5111 543 5165; x_wconf 83' lang='lat' dir='ltr'><strong>ferantur.</strong></span> <span class='ocrx_word' id='word_1_655' title='bbox 597 5112 710 5164; x_wconf 84' lang='lat' dir='ltr'><strong>Hae</strong></span> <span class='ocrx_word' id='word_1_656' title='bbox 741 5126 877 5183; x_wconf 88' lang='lat' dir='ltr'><strong>ergo</strong></span> <span class='ocrx_word' id='word_1_657' title='bbox 908 5113 1182 5179; x_wconf 89' lang='lat' dir='ltr'><strong>dictione,</strong></span> <span class='ocrx_word' id='word_1_658' title='bbox 1243 5114 1514 5183; x_wconf 86' lang='lat' dir='ltr'><strong>Sanctus,</strong></span> <span class='ocrx_word' id='word_1_659' title='bbox 1569 5116 1906 5174; x_wconf 87' lang='lat' dir='ltr'><strong>excellentia</strong></span> 
     </span>
    </p>
   </div>
   <div class='ocr_carea' id='block_1_100' title="bbox 250 5201 1904 5280">
    <p class='ocr_par' dir='ltr' id='par_1_100' title="bbox 250 5201 1904 5280">
     <span class='ocr_line' id='line_1_100' title="bbox 250 5201 1904 5280; baseline 0.005 -24"><span class='ocrx_word' id='word_1_660' title='bbox 250 5201 313 5257; x_wconf 90' lang='lat' dir='ltr'><strong>in</strong></span> <span class='ocrx_word' id='word_1_661' title='bbox 351 5205 462 5256; x_wconf 90' lang='lat' dir='ltr'><strong>Deo</strong></span> <span class='ocrx_word' id='word_1_662' title='bbox 493 5203 550 5256; x_wconf 92' lang='lat' dir='ltr'><strong>et</strong></span> <span class='ocrx_word' id='word_1_663' title='bbox 581 5201 955 5273; x_wconf 77' lang='lat' dir='ltr'><strong>praerogativa</strong></span> <span class='ocrx_word' id='word_1_664' title='bbox 984 5203 1314 5274; x_wconf 88' lang='lat' dir='ltr'><strong>denotatur,</strong></span> <span class='ocrx_word' id='word_1_665' title='bbox 1354 5206 1525 5277; x_wconf 80' lang='lat' dir='ltr'><strong>idque</strong></span> <span class='ocrx_word' id='word_1_666' title='bbox 1560 5208 1723 5277; x_wconf 92' lang='lat' dir='ltr'><strong>adeo,</strong></span> <span class='ocrx_word' id='word_1_667' title='bbox 1751 5209 1904 5280; x_wconf 92' lang='lat' dir='ltr'><strong>quod</strong></span> 
     </span>
    </p>
   </div>
   <div class='ocr_carea' id='block_1_101' title="bbox 252 5291 1912 5371">
    <p class='ocr_par' dir='ltr' id='par_1_101' title="bbox 252 5291 1912 5371">
     <span class='ocr_line' id='line_1_101' title="bbox 252 5291 1912 5371; baseline 0.005 -26"><span class='ocrx_word' id='word_1_668' title='bbox 252 5291 539 5363; x_wconf 82' lang='lat' dir='ltr'><strong>dignitate</strong></span> <span class='ocrx_word' id='word_1_669' title='bbox 616 5307 724 5346; x_wconf 89' lang='lat' dir='ltr'><strong>sua</strong></span> <span class='ocrx_word' id='word_1_670' title='bbox 787 5305 984 5346; x_wconf 87' lang='lat' dir='ltr'><strong>rerum</strong></span> <span class='ocrx_word' id='word_1_671' title='bbox 1043 5295 1310 5350; x_wconf 89' lang='lat' dir='ltr'><strong>omnium</strong></span> <span class='ocrx_word' id='word_1_672' title='bbox 1372 5300 1611 5352; x_wconf 85' lang='lat' dir='ltr'><strong>naturas</strong></span> <span class='ocrx_word' id='word_1_673' title='bbox 1672 5315 1912 5371; x_wconf 82' lang='lat' dir='ltr'><strong>exsupe-</strong></span> 
     </span>
    </p>
   </div>
   <div class='ocr_carea' id='block_1_102' title="bbox 255 5381 1909 5460">
    <p class='ocr_par' dir='ltr' id='par_1_102' title="bbox 255 5381 1909 5460">
     <span class='ocr_line' id='line_1_102' title="bbox 255 5381 1909 5460; baseline 0.004 -24"><span class='ocrx_word' id='word_1_674' title='bbox 255 5391 361 5438; x_wconf 91' lang='lat' dir='ltr'><strong>rcl.</strong></span> <span class='ocrx_word' id='word_1_675' title='bbox 396 5383 680 5438; x_wconf 88' lang='lat' dir='ltr'><strong>Sanctum</strong></span> <span class='ocrx_word' id='word_1_676' title='bbox 712 5381 869 5436; x_wconf 89' lang='lat' dir='ltr'><strong>enim</strong></span> <span class='ocrx_word' id='word_1_677' title='bbox 902 5381 1010 5437; x_wconf 88' lang='lat' dir='ltr'><strong>hoc</strong></span> <span class='ocrx_word' id='word_1_678' title='bbox 1043 5383 1166 5440; x_wconf 91' lang='lat' dir='ltr'><strong>loco</strong></span> <span class='ocrx_word' id='word_1_679' title='bbox 1199 5401 1312 5441; x_wconf 92' lang='lat' dir='ltr'><strong>non</strong></span> <span class='ocrx_word' id='word_1_680' title='bbox 1343 5384 1404 5441; x_wconf 91' lang='lat' dir='ltr'><strong>id</strong></span> <span class='ocrx_word' id='word_1_681' title='bbox 1437 5386 1909 5460; x_wconf 85' lang='lat' dir='ltr'><strong>significat,quod</strong></span> 
     </span>
    </p>
   </div>
   <div class='ocr_carea' id='block_1_103' title="bbox 258 5471 1914 5548">
    <p class='ocr_par' dir='ltr' id='par_1_103' title="bbox 258 5471 1914 5548">
     <span class='ocr_line' id='line_1_103' title="bbox 258 5471 1914 5548; baseline 0.004 -22"><span class='ocrx_word' id='word_1_682' title='bbox 258 5488 292 5526; x_wconf 90' lang='lat' dir='ltr'><strong>a</strong></span> <span class='ocrx_word' id='word_1_683' title='bbox 334 5473 503 5528; x_wconf 90' lang='lat' dir='ltr'><strong>sorde</strong></span> <span class='ocrx_word' id='word_1_684' title='bbox 553 5471 818 5544; x_wconf 85' lang='lat' dir='ltr'><strong>qualibet</strong></span> <span class='ocrx_word' id='word_1_685' title='bbox 869 5487 1081 5542; x_wconf 90' lang='lat' dir='ltr'><strong>corpus</strong></span> <span class='ocrx_word' id='word_1_686' title='bbox 1130 5477 1232 5528; x_wconf 89' lang='lat' dir='ltr'><strong>aut</strong></span> <span class='ocrx_word' id='word_1_687' title='bbox 1287 5476 1544 5531; x_wconf 89' lang='lat' dir='ltr'><strong>animam</strong></span> <span class='ocrx_word' id='word_1_688' title='bbox 1617 5476 1914 5548; x_wconf 89' lang='lat' dir='ltr'><strong>polluente</strong></span> 
     </span>
    </p>
   </div>
   <div class='ocr_carea' id='block_1_104' title="bbox 261 5561 1916 5629">
    <p class='ocr_par' dir='ltr' id='par_1_104' title="bbox 261 5561 1916 5629">
     <span class='ocr_line' id='line_1_104' title="bbox 261 5561 1916 5629; baseline 0.006 -17"><span class='ocrx_word' id='word_1_689' title='bbox 261 5575 472 5629; x_wconf 90' lang='lat' dir='ltr'><strong>purum</strong></span> <span class='ocrx_word' id='word_1_690' title='bbox 504 5564 766 5628; x_wconf 81' lang='lat' dir='ltr'><strong>exsistat,</strong></span> <span class='ocrx_word' id='word_1_691' title='bbox 793 5561 943 5617; x_wconf 88' lang='lat' dir='ltr'><strong>absit</strong></span> <span class='ocrx_word' id='word_1_692' title='bbox 977 5561 989 5616; x_wconf 91' lang='lat' dir='ltr'><strong>l</strong></span> <span class='ocrx_word' id='word_1_693' title='bbox 1033 5563 1155 5628; x_wconf 88' lang='lat' dir='ltr'><strong>Quo</strong></span> <span class='ocrx_word' id='word_1_694' title='bbox 1177 5564 1333 5620; x_wconf 91' lang='lat' dir='ltr'><strong>enim</strong></span> <span class='ocrx_word' id='word_1_695' title='bbox 1365 5567 1631 5621; x_wconf 90' lang='lat' dir='ltr'><strong>encomio</strong></span> <span class='ocrx_word' id='word_1_696' title='bbox 1656 5567 1809 5622; x_wconf 90' lang='lat' dir='ltr'><strong>Deus</strong></span> <span class='ocrx_word' id='word_1_697' title='bbox 1833 5567 1916 5622; x_wconf 90' lang='lat' dir='ltr'><strong>ita</strong></span> 
     </span>
    </p>
   </div>
   <div class='ocr_carea' id='block_1_105' title="bbox 2009 4757 3644 4832">
    <p class='ocr_par' dir='ltr' id='par_1_105' title="bbox 2009 4757 3644 4832">
     <span class='ocr_line' id='line_1_105' title="bbox 2009 4757 3644 4832; baseline -0.002 -15"><span class='ocrx_word' id='word_1_698' title='bbox 2009 4765 2168 4817; x_wconf 90' lang='lat' dir='ltr'><strong>sunt.</strong></span> <span class='ocrx_word' id='word_1_699' title='bbox 2202 4764 2348 4816; x_wconf 88' lang='lat' dir='ltr'><strong>Nam</strong></span> <span class='ocrx_word' id='word_1_700' title='bbox 2409 4763 2658 4832; x_wconf 89' lang='lat' dir='ltr'><strong>caputet</strong></span> <span class='ocrx_word' id='word_1_701' title='bbox 2689 4759 3040 4832; x_wconf 82' lang='lat' dir='ltr'><strong>principium</strong></span> <span class='ocrx_word' id='word_1_702' title='bbox 3074 4758 3226 4826; x_wconf 89' lang='lat' dir='ltr'><strong>libri,</strong></span> <span class='ocrx_word' id='word_1_703' title='bbox 3260 4758 3317 4812; x_wconf 91' lang='lat' dir='ltr'><strong>id</strong></span> <span class='ocrx_word' id='word_1_704' title='bbox 3349 4761 3438 4813; x_wconf 89' lang='lat' dir='ltr'><strong>est</strong></span> <span class='ocrx_word' id='word_1_705' title='bbox 3467 4757 3644 4814; x_wconf 88' lang='lat' dir='ltr'><strong>totius</strong></span> 
     </span>
    </p>
   </div>
   <div class='ocr_carea' id='block_1_106' title="bbox 2010 4846 3656 4922">
    <p class='ocr_par' dir='ltr' id='par_1_106' title="bbox 2010 4846 3656 4922">
     <span class='ocr_line' id='line_1_106' title="bbox 2010 4846 3656 4922; baseline -0.002 -16"><span class='ocrx_word' id='word_1_706' title='bbox 2010 4850 2324 4922; x_wconf 85' lang='lat' dir='ltr'><strong>Scriptura</strong></span> <span class='ocrx_word' id='word_1_707' title='bbox 2357 4848 2972 4920; x_wconf 74' lang='lat' dir='ltr'><strong>divinitusinspirata’,</strong></span> <span class='ocrx_word' id='word_1_708' title='bbox 3003 4847 3100 4902; x_wconf 89' lang='lat' dir='ltr'><strong>ille</strong></span> <span class='ocrx_word' id='word_1_709' title='bbox 3127 4847 3354 4902; x_wconf 90' lang='lat' dir='ltr'><strong>dierum</strong></span> <span class='ocrx_word' id='word_1_710' title='bbox 3387 4846 3656 4902; x_wconf 84' lang='lat' dir='ltr'><strong>senarius</strong></span> 
     </span>
    </p>
   </div>
   <div class='ocr_carea' id='block_1_107' title="bbox 2014 4935 3656 5009">
    <p class='ocr_par' dir='ltr' id='par_1_107' title="bbox 2014 4935 3656 5009">
     <span class='ocr_line' id='line_1_107' title="bbox 2014 4935 3656 5009; baseline -0.002 -13"><span class='ocrx_word' id='word_1_711' title='bbox 2014 4954 2294 4996; x_wconf 90' lang='lat' dir='ltr'><strong>numerus</strong></span> <span class='ocrx_word' id='word_1_712' title='bbox 2325 4941 2433 5009; x_wconf 91' lang='lat' dir='ltr'><strong>est,</strong></span> <span class='ocrx_word' id='word_1_713' title='bbox 2492 4936 2708 5009; x_wconf 91' lang='lat' dir='ltr'><strong>quibus</strong></span> <span class='ocrx_word' id='word_1_714' title='bbox 2743 4937 2962 4992; x_wconf 89' lang='lat' dir='ltr'><strong>fabrica</strong></span> <span class='ocrx_word' id='word_1_715' title='bbox 3015 4935 3219 4992; x_wconf 89' lang='lat' dir='ltr'><strong>mundi</strong></span> <span class='ocrx_word' id='word_1_716' title='bbox 3247 4941 3656 4993; x_wconf 87' lang='lat' dir='ltr'><strong>consummata</strong></span> 
     </span>
    </p>
   </div>
   <div class='ocr_carea' id='block_1_108' title="bbox 2016 5025 3660 5099">
    <p class='ocr_par' dir='ltr' id='par_1_108' title="bbox 2016 5025 3660 5099">
     <span class='ocr_line' id='line_1_108' title="bbox 2016 5025 3660 5099; baseline -0.002 -15"><span class='ocrx_word' id='word_1_717' title='bbox 2016 5029 2142 5084; x_wconf 88' lang='lat' dir='ltr'><strong>fuit.</strong></span> <span class='ocrx_word' id='word_1_718' title='bbox 2196 5029 2268 5082; x_wconf 85' lang='lat' dir='ltr'><strong>Ex</strong></span> <span class='ocrx_word' id='word_1_719' title='bbox 2303 5042 2557 5099; x_wconf 90' lang='lat' dir='ltr'><strong>quorum</strong></span> <span class='ocrx_word' id='word_1_720' title='bbox 2591 5025 2996 5098; x_wconf 85' lang='lat' dir='ltr'><strong>magnitudine</strong></span> <span class='ocrx_word' id='word_1_721' title='bbox 3049 5029 3104 5080; x_wconf 87' lang='lat' dir='ltr'><strong>et</strong></span> <span class='ocrx_word' id='word_1_722' title='bbox 3161 5026 3365 5082; x_wconf 90' lang='lat' dir='ltr'><strong>decore</strong></span> <span class='ocrx_word' id='word_1_723' title='bbox 3422 5029 3660 5084; x_wconf 80' lang='lat' dir='ltr'><strong>Creator</strong></span> 
     </span>
    </p>
   </div>
   <div class='ocr_carea' id='block_1_109' title="bbox 2014 5115 2978 5174">
    <p class='ocr_par' dir='ltr' id='par_1_109' title="bbox 2014 5115 2978 5174">
     <span class='ocr_line' id='line_1_109' title="bbox 2014 5115 2978 5174; baseline -0.004 0"><span class='ocrx_word' id='word_1_724' title='bbox 2014 5119 2384 5174; x_wconf 80' lang='lat' dir='ltr'><strong>innotescens</strong></span> <span class='ocrx_word' id='word_1_725' title='bbox 2418 5115 2688 5171; x_wconf 84' lang='lat' dir='ltr'><strong>laudibus</strong></span> <span class='ocrx_word' id='word_1_726' title='bbox 2722 5117 2978 5170; x_wconf 84' lang='lat' dir='ltr'><strong>eil‘ertur.</strong></span> 
     </span>
    </p>
   </div>
   <div class='ocr_carea' id='block_1_110' title="bbox 2091 5204 3663 5278">
    <p class='ocr_par' dir='ltr' id='par_1_110' title="bbox 2091 5204 3663 5278">
     <span class='ocr_line' id='line_1_110' title="bbox 2091 5204 3663 5278; baseline -0.001 -15"><span class='ocrx_word' id='word_1_727' title='bbox 2091 5207 2192 5263; x_wconf 86' lang='lat' dir='ltr'><strong>His</strong></span> <span class='ocrx_word' id='word_1_728' title='bbox 2230 5205 2488 5278; x_wconf 86' lang='lat' dir='ltr'><strong>Gregorii</strong></span> <span class='ocrx_word' id='word_1_729' title='bbox 2548 5220 2780 5278; x_wconf 88' lang='lat' dir='ltr'><strong>quoque</strong></span> <span class='ocrx_word' id='word_1_730' title='bbox 2839 5204 3119 5277; x_wconf 88' lang='lat' dir='ltr'><strong>Theologi</strong></span> <span class='ocrx_word' id='word_1_731' title='bbox 3178 5221 3287 5261; x_wconf 86' lang='lat' dir='ltr'><strong>vox</strong></span> <span class='ocrx_word' id='word_1_732' title='bbox 3334 5207 3663 5272; x_wconf 87' lang='lat' dir='ltr'><strong>attexenda,</strong></span> 
     </span>
    </p>
   </div>
   <div class='ocr_carea' id='block_1_111' title="bbox 2021 5293 3664 5370">
    <p class='ocr_par' dir='ltr' id='par_1_111' title="bbox 2021 5293 3664 5370">
     <span class='ocr_line' id='line_1_111' title="bbox 2021 5293 3664 5370; baseline -0.002 -18"><span class='ocrx_word' id='word_1_733' title='bbox 2021 5313 2146 5370; x_wconf 76' lang='lat' dir='ltr'><strong>qua</strong></span> <span class='ocrx_word' id='word_1_734' title='bbox 2178 5295 2416 5368; x_wconf 89' lang='lat' dir='ltr'><strong>quidem</strong></span> <span class='ocrx_word' id='word_1_735' title='bbox 2452 5293 2622 5350; x_wconf 91' lang='lat' dir='ltr'><strong>nobis</strong></span> <span class='ocrx_word' id='word_1_736' title='bbox 2655 5294 2725 5349; x_wconf 89' lang='lat' dir='ltr'><strong>ad</strong></span> <span class='ocrx_word' id='word_1_737' title='bbox 2773 5301 2885 5349; x_wconf 89' lang='lat' dir='ltr'><strong>tres</strong></span> <span class='ocrx_word' id='word_1_738' title='bbox 2919 5311 3106 5366; x_wconf 88' lang='lat' dir='ltr'><strong>usque</strong></span> <span class='ocrx_word' id='word_1_739' title='bbox 3138 5311 3420 5367; x_wconf 86' lang='lat' dir='ltr'><strong>personas</strong></span> <span class='ocrx_word' id='word_1_740' title='bbox 3452 5295 3664 5350; x_wconf 87' lang='lat' dir='ltr'><strong>divini-</strong></span> 
     </span>
    </p>
   </div>
   <div class='ocr_carea' id='block_1_112' title="bbox 2021 5381 3668 5457">
    <p class='ocr_par' dir='ltr' id='par_1_112' title="bbox 2021 5381 3668 5457">
     <span class='ocr_line' id='line_1_112' title="bbox 2021 5381 3668 5457; baseline -0.002 -16"><span class='ocrx_word' id='word_1_741' title='bbox 2021 5385 2161 5441; x_wconf 88' lang='lat' dir='ltr'><strong>tatis</strong></span> <span class='ocrx_word' id='word_1_742' title='bbox 2215 5383 2557 5457; x_wconf 83' lang='lat' dir='ltr'><strong>mysterium</strong></span> <span class='ocrx_word' id='word_1_743' title='bbox 2609 5381 2928 5440; x_wconf 84' lang='lat' dir='ltr'><strong>revelatum</strong></span> <span class='ocrx_word' id='word_1_744' title='bbox 2963 5385 3143 5440; x_wconf 89' lang='lat' dir='ltr'><strong>fuisse</strong></span> <span class='ocrx_word' id='word_1_745' title='bbox 3179 5389 3440 5441; x_wconf 87' lang='lat' dir='ltr'><strong>testatur.</strong></span> <span class='ocrx_word' id='word_1_746' title='bbox 3465 5384 3668 5440; x_wconf 90' lang='lat' dir='ltr'><strong>Unitas</strong></span> 
     </span>
    </p>
   </div>
   <div class='ocr_carea' id='block_1_113' title="bbox 2024 5472 3672 5545">
    <p class='ocr_par' dir='ltr' id='par_1_113' title="bbox 2024 5472 3672 5545">
     <span class='ocr_line' id='line_1_113' title="bbox 2024 5472 3672 5545; baseline -0.003 -13"><span class='ocrx_word' id='word_1_747' title='bbox 2024 5473 2418 5545; x_wconf 88' lang='lat' dir='ltr'><strong>enim,inquit,</strong></span> <span class='ocrx_word' id='word_1_748' title='bbox 2452 5473 2524 5527; x_wconf 94' lang='lat' dir='ltr'><strong>ob</strong></span> <span class='ocrx_word' id='word_1_749' title='bbox 2555 5472 2766 5528; x_wconf 89' lang='lat' dir='ltr'><strong>insitas</strong></span> <span class='ocrx_word' id='word_1_750' title='bbox 2796 5489 2934 5544; x_wconf 89' lang='lat' dir='ltr'><strong>opes</strong></span> <span class='ocrx_word' id='word_1_751' title='bbox 2986 5474 3245 5530; x_wconf 89' lang='lat' dir='ltr'><strong>emersit.</strong></span> <span class='ocrx_word' id='word_1_752' title='bbox 3279 5473 3544 5529; x_wconf 83' lang='lat' dir='ltr'><strong>Dualitas</strong></span> <span class='ocrx_word' id='word_1_753' title='bbox 3577 5489 3672 5528; x_wconf 77' lang='lat' dir='ltr'><strong>au~</strong></span> 
     </span>
    </p>
   </div>
   <div class='ocr_carea' id='block_1_114' title="bbox 2027 5563 3672 5634">
    <p class='ocr_par' dir='ltr' id='par_1_114' title="bbox 2027 5563 3672 5634">
     <span class='ocr_line' id='line_1_114' title="bbox 2027 5563 3672 5634; baseline -0.004 -14"><span class='ocrx_word' id='word_1_754' title='bbox 2027 5569 2142 5620; x_wconf 88' lang='lat' dir='ltr'><strong>tem</strong></span> <span class='ocrx_word' id='word_1_755' title='bbox 2178 5564 2438 5618; x_wconf 87' lang='lat' dir='ltr'><strong>ubertate</strong></span> <span class='ocrx_word' id='word_1_756' title='bbox 2481 5563 2736 5617; x_wconf 78' lang='lat' dir='ltr'><strong>materia</strong></span> <span class='ocrx_word' id='word_1_757' title='bbox 2791 5567 2846 5618; x_wconf 89' lang='lat' dir='ltr'><strong>et</strong></span> <span class='ocrx_word' id='word_1_758' title='bbox 2879 5564 3094 5630; x_wconf 83' lang='lat' dir='ltr'><strong>forma,</strong></span> <span class='ocrx_word' id='word_1_759' title='bbox 3154 5563 3372 5634; x_wconf 89' lang='lat' dir='ltr'><strong>quibus</strong></span> <span class='ocrx_word' id='word_1_760' title='bbox 3430 5577 3672 5632; x_wconf 79' lang='lat' dir='ltr'><strong>corpora</strong></span> 
     </span>
    </p>
   </div>
   <div class='ocr_carea' id='block_1_115' title="bbox 323 5728 1887 5806">
    <p class='ocr_par' dir='ltr' id='par_1_115' title="bbox 323 5728 1887 5805">
     <span class='ocr_line' id='line_1_115' title="bbox 323 5728 1887 5805; baseline 0.007 -20"><span class='ocrx_word' id='word_1_761' title='bbox 323 5728 372 5764; x_wconf 71' lang='lat'><strong>93</strong></span> <span class='ocrx_word' id='word_1_762' title='bbox 398 5731 572 5788; x_wconf 81' lang='lat' dir='ltr'><strong>Exod.</strong></span> <span class='ocrx_word' id='word_1_763' title='bbox 605 5751 717 5805; x_wconf 83' lang='lat' dir='ltr'><strong>xiv,</strong></span> <span class='ocrx_word' id='word_1_764' title='bbox 751 5734 837 5790; x_wconf 88' lang='grc'><strong>19.</strong></span> <span class='ocrx_word' id='word_1_765' title='bbox 915 5735 960 5769; x_wconf 79' lang='grc'>⁹⁹</span> <span class='ocrx_word' id='word_1_766' title='bbox 989 5734 1181 5791; x_wconf 86' lang='lat' dir='ltr'><strong>Judic.</strong></span> <span class='ocrx_word' id='word_1_767' title='bbox 1214 5751 1338 5802; x_wconf 81' lang='lat' dir='ltr'><strong>xm,</strong></span> <span class='ocrx_word' id='word_1_768' title='bbox 1364 5736 1400 5789; x_wconf 89' lang='grc'>5</span> <span class='ocrx_word' id='word_1_769' title='bbox 1433 5752 1446 5804; x_wconf 91' lang='lat'><strong>;</strong></span> <span class='ocrx_word' id='word_1_770' title='bbox 1477 5752 1600 5803; x_wconf 75' lang='lat' dir='ltr'><strong>xvx,</strong></span> <span class='ocrx_word' id='word_1_771' title='bbox 1640 5739 1722 5792; x_wconf 86' lang='lat' dir='ltr'><strong>l7.</strong></span> <span class='ocrx_word' id='word_1_772' title='bbox 1803 5742 1819 5775; x_wconf 90' lang='grc'>¹</span> <span class='ocrx_word' id='word_1_773' title='bbox 1852 5739 1887 5796; x_wconf 86' lang='grc' dir='ltr'>Ρ</span> 
     </span>
    </p>
   </div>
   <div class='ocr_carea' id='block_1_116' title="bbox 2000 5728 2880 5806">
    <p class='ocr_par' dir='ltr' id='par_1_116' title="bbox 2033 5734 2880 5806">
     <span class='ocr_line' id='line_1_116' title="bbox 2033 5734 2880 5806; baseline -0.005 -13"><span class='ocrx_word' id='word_1_774' title='bbox 2033 5753 2188 5806; x_wconf 85' lang='lat' dir='ltr'><strong>xvm,</strong></span> <span class='ocrx_word' id='word_1_775' title='bbox 2222 5737 2273 5792; x_wconf 92' lang='lat'><strong>3.</strong></span> <span class='ocrx_word' id='word_1_776' title='bbox 2351 5734 2373 5769; x_wconf 81' lang='grc'>²</span> <span class='ocrx_word' id='word_1_777' title='bbox 2403 5734 2551 5792; x_wconf 85' lang='lat' dir='ltr'><strong>Psal.</strong></span> <span class='ocrx_word' id='word_1_778' title='bbox 2587 5751 2772 5801; x_wconf 68' lang='grc' dir='ltr'><strong>χχχιχ,</strong></span> <span class='ocrx_word' id='word_1_779' title='bbox 2822 5734 2880 5789; x_wconf 92' lang='grc'><strong>8.</strong></span> 
     </span>
    </p>
   </div>
   <div class='ocr_carea' id='block_1_117' title="bbox 501 5852 1284 5918">
    <p class='ocr_par' dir='ltr' id='par_1_117' title="bbox 501 5852 1284 5918">
     <span class='ocr_line' id='line_1_117' title="bbox 501 5852 1284 5918; baseline 0.005 -4"><span class='ocrx_word' id='word_1_780' title='bbox 501 5852 766 5915; x_wconf 65' lang='grc' dir='ltr'><strong>ΡΑΤΒοι.</strong></span> <span class='ocrx_word' id='word_1_781' title='bbox 815 5853 922 5914; x_wconf 80' lang='lat' dir='ltr'><strong>Ga.</strong></span> <span class='ocrx_word' id='word_1_782' title='bbox 971 5853 1284 5918; x_wconf 82' lang='lat' dir='ltr'><strong>CXXXIX.</strong></span> 
     </span>
    </p>
   </div>
   <div class='ocr_carea' id='block_1_118' title="bbox 3359 5852 3432 5908">
    <p class='ocr_par' dir='ltr' id='par_1_118' title="bbox 3359 5852 3432 5908">
     <span class='ocr_line' id='line_1_118' title="bbox 3359 5852 3432 5908; baseline 0 0"><span class='ocrx_word' id='word_1_783' title='bbox 3359 5852 3432 5908; x_wconf 86' lang='lat'><strong>37</strong></span> 
     </span>
    </p>
   </div>
  </div>
