  <div class='ocr_page' id='page_1' title='image "/cluster/home/n/w/nwhite01/storage/ocr_20150623/139/mdp.39015078384214/593.png"; bbox 0 0 4090 6298; ppageno 0'>
   <div class='ocr_carea' id='block_1_1' title="bbox 451 377 609 443">
    <p class='ocr_par' dir='ltr' id='par_1_1' title="bbox 451 377 609 443">
     <span class='ocr_line' id='line_1_1' title="bbox 451 377 609 443; baseline -0.025 -1"><span class='ocrx_word' id='word_1_1' title='bbox 451 377 609 443; x_wconf 78' lang='lat' dir='ltr'><strong>H63</strong></span> 
     </span>
    </p>
   </div>
   <div class='ocr_carea' id='block_1_2' title="bbox 1753 356 2522 421">
    <p class='ocr_par' dir='ltr' id='par_1_2' title="bbox 1753 356 2522 421">
     <span class='ocr_line' id='line_1_2' title="bbox 1753 356 2522 421; baseline -0.004 0"><span class='ocrx_word' id='word_1_2' title='bbox 1753 357 2056 421; x_wconf 67' lang='lat' dir='ltr'><strong>NICETE</strong></span> <span class='ocrx_word' id='word_1_3' title='bbox 2096 356 2522 419; x_wconf 65' lang='lat' dir='ltr'><strong>CHONIATJE</strong></span> 
     </span>
    </p>
   </div>
   <div class='ocr_carea' id='block_1_3' title="bbox 3717 359 3889 420">
    <p class='ocr_par' dir='ltr' id='par_1_3' title="bbox 3717 359 3889 420">
     <span class='ocr_line' id='line_1_3' title="bbox 3717 359 3889 420; baseline 0 0"><span class='ocrx_word' id='word_1_4' title='bbox 3717 359 3889 420; x_wconf 70' lang='grc'><strong>1161</strong></span> 
     </span>
    </p>
   </div>
   <div class='ocr_carea' id='block_1_4' title="bbox 452 490 3874 580">
    <p class='ocr_par' dir='ltr' id='par_1_4' title="bbox 452 490 3874 580">
     <span class='ocr_line' id='line_1_4' title="bbox 452 490 3874 580; baseline -0.007 -8"><span class='ocrx_word' id='word_1_5' title='bbox 452 513 745 580; x_wconf 73' lang='lat' dir='ltr'><strong>constant,</strong></span> <span class='ocrx_word' id='word_1_6' title='bbox 777 507 838 564; x_wconf 92' lang='lat' dir='ltr'><strong>in</strong></span> <span class='ocrx_word' id='word_1_7' title='bbox 870 503 1064 576; x_wconf 88' lang='lat' dir='ltr'><strong>majus</strong></span> <span class='ocrx_word' id='word_1_8' title='bbox 1093 501 1372 574; x_wconf 77' lang='lat' dir='ltr'><strong>quiddam</strong></span> <span class='ocrx_word' id='word_1_9' title='bbox 1403 493 1671 553; x_wconf 80' lang='lat' dir='ltr'><strong>excrevit.</strong></span> <span class='ocrx_word' id='word_1_10' title='bbox 1703 492 1962 549; x_wconf 88' lang='lat' dir='ltr'><strong>Trinitas</strong></span> <span class='ocrx_word' id='word_1_11' title='bbox 2003 491 2097 546; x_wconf 91' lang='lat' dir='ltr'><strong>de-</strong></span> <span class='ocrx_word' id='word_1_12' title='bbox 2127 497 2180 562; x_wconf 73' lang='grc' dir='ltr'>Α</span> <span class='ocrx_word' id='word_1_13' title='bbox 2212 490 2468 580; x_wconf 77' lang='lat' dir='ltr'><strong>usitatis,</strong></span> <span class='ocrx_word' id='word_1_14' title='bbox 2501 506 2744 562; x_wconf 69' lang='lat' dir='ltr'><strong>quaque</strong></span> <span class='ocrx_word' id='word_1_15' title='bbox 2787 490 3095 548; x_wconf 87' lang='lat' dir='ltr'><strong>nobiscum</strong></span> <span class='ocrx_word' id='word_1_16' title='bbox 3129 490 3494 559; x_wconf 90' lang='lat' dir='ltr'><strong>coaluerunt,</strong></span> <span class='ocrx_word' id='word_1_17' title='bbox 3561 491 3874 550; x_wconf 78' lang='lat' dir='ltr'><strong>indicavit-</strong></span> 
     </span>
    </p>
   </div>
   <div class='ocr_carea' id='block_1_5' title="bbox 453 581 2102 674">
    <p class='ocr_par' dir='ltr' id='par_1_5' title="bbox 453 581 2102 674">
     <span class='ocr_line' id='line_1_5' title="bbox 453 581 2102 674; baseline -0.015 -15"><span class='ocrx_word' id='word_1_18' title='bbox 453 603 632 674; x_wconf 90' lang='lat' dir='ltr'><strong>nique</strong></span> <span class='ocrx_word' id='word_1_19' title='bbox 682 599 755 656; x_wconf 92' lang='lat' dir='ltr'><strong>ob</strong></span> <span class='ocrx_word' id='word_1_20' title='bbox 788 598 881 654; x_wconf 91' lang='lat' dir='ltr'><strong>sui</strong></span> <span class='ocrx_word' id='word_1_21' title='bbox 943 592 1354 667; x_wconf 81' lang='lat' dir='ltr'><strong>perfectionem</strong></span> <span class='ocrx_word' id='word_1_22' title='bbox 1412 585 1655 642; x_wconf 86' lang='lat' dir='ltr'><strong>definita</strong></span> <span class='ocrx_word' id='word_1_23' title='bbox 1701 587 1810 639; x_wconf 90' lang='lat' dir='ltr'><strong>est.</strong></span> <span class='ocrx_word' id='word_1_24' title='bbox 1869 581 2102 637; x_wconf 85' lang='lat' dir='ltr'><strong>Primus</strong></span> 
     </span>
    </p>
   </div>
   <div class='ocr_carea' id='block_1_6' title="bbox 453 673 2102 749">
    <p class='ocr_par' dir='ltr' id='par_1_6' title="bbox 453 673 2102 749">
     <span class='ocr_line' id='line_1_6' title="bbox 453 673 2102 749; baseline -0.014 0"><span class='ocrx_word' id='word_1_25' title='bbox 453 673 611 749; x_wconf 89' lang='lat' dir='ltr'><strong>enim</strong></span> <span class='ocrx_word' id='word_1_26' title='bbox 645 687 934 745; x_wconf 85' lang='lat' dir='ltr'><strong>ternarias</strong></span> <span class='ocrx_word' id='word_1_27' title='bbox 965 680 1179 739; x_wconf 89' lang='lat' dir='ltr'><strong>binarii</strong></span> <span class='ocrx_word' id='word_1_28' title='bbox 1226 675 1707 748; x_wconf 85' lang='lat' dir='ltr'><strong>compositionem</strong></span> <span class='ocrx_word' id='word_1_29' title='bbox 1740 673 1999 743; x_wconf 86' lang='lat' dir='ltr'><strong>superat,</strong></span> <span class='ocrx_word' id='word_1_30' title='bbox 2030 685 2102 726; x_wconf 90' lang='lat' dir='ltr'><strong>ne</strong></span> 
     </span>
    </p>
   </div>
   <div class='ocr_carea' id='block_1_7' title="bbox 452 758 2102 850">
    <p class='ocr_par' dir='ltr' id='par_1_7' title="bbox 452 758 2102 850">
     <span class='ocr_line' id='line_1_7' title="bbox 452 758 2102 850; baseline -0.015 -13"><span class='ocrx_word' id='word_1_31' title='bbox 452 782 543 837; x_wconf 86' lang='lat' dir='ltr'><strong>vel</strong></span> <span class='ocrx_word' id='word_1_32' title='bbox 575 781 634 835; x_wconf 90' lang='lat' dir='ltr'><strong>in</strong></span> <span class='ocrx_word' id='word_1_33' title='bbox 667 780 984 850; x_wconf 86' lang='lat' dir='ltr'><strong>angustum</strong></span> <span class='ocrx_word' id='word_1_34' title='bbox 1038 769 1323 828; x_wconf 89' lang='lat' dir='ltr'><strong>Divinitas</strong></span> <span class='ocrx_word' id='word_1_35' title='bbox 1345 768 1696 830; x_wconf 88' lang='lat' dir='ltr'><strong>coarctetur,</strong></span> <span class='ocrx_word' id='word_1_36' title='bbox 1743 761 1830 817; x_wconf 89' lang='lat' dir='ltr'><strong>vel</strong></span> <span class='ocrx_word' id='word_1_37' title='bbox 1859 761 1918 816; x_wconf 91' lang='lat' dir='ltr'><strong>in</strong></span> <span class='ocrx_word' id='word_1_38' title='bbox 1965 758 2102 814; x_wconf 86' lang='lat' dir='ltr'><strong>infi-</strong></span> 
     </span>
    </p>
   </div>
   <div class='ocr_carea' id='block_1_8' title="bbox 458 865 1062 928">
    <p class='ocr_par' dir='ltr' id='par_1_8' title="bbox 458 865 1062 928">
     <span class='ocr_line' id='line_1_8' title="bbox 458 865 1062 928; baseline -0.017 -1"><span class='ocrx_word' id='word_1_39' title='bbox 458 871 652 928; x_wconf 90' lang='lat' dir='ltr'><strong>nitum</strong></span> <span class='ocrx_word' id='word_1_40' title='bbox 676 865 1062 922; x_wconf 71' lang='lat' dir='ltr'><strong>diffundatur.</strong></span> 
     </span>
    </p>
   </div>
   <div class='ocr_carea' id='block_1_9' title="bbox 527 939 2103 1028">
    <p class='ocr_par' dir='ltr' id='par_1_9' title="bbox 527 939 2103 1028">
     <span class='ocr_line' id='line_1_9' title="bbox 527 939 2103 1028; baseline -0.015 -13"><span class='ocrx_word' id='word_1_41' title='bbox 527 959 656 1014; x_wconf 90' lang='lat' dir='ltr'><strong>Alia</strong></span> <span class='ocrx_word' id='word_1_42' title='bbox 687 969 920 1028; x_wconf 92' lang='lat' dir='ltr'><strong>quoque</strong></span> <span class='ocrx_word' id='word_1_43' title='bbox 970 951 1115 1007; x_wconf 82' lang='lat' dir='ltr'><strong>ratio</strong></span> <span class='ocrx_word' id='word_1_44' title='bbox 1147 948 1338 1005; x_wconf 79' lang='lat' dir='ltr'><strong>afferri</strong></span> <span class='ocrx_word' id='word_1_45' title='bbox 1374 947 1692 1018; x_wconf 90' lang='lat' dir='ltr'><strong>potest,cur</strong></span> <span class='ocrx_word' id='word_1_46' title='bbox 1723 939 2002 996; x_wconf 82' lang='lat' dir='ltr'><strong>divinitas</strong></span> <span class='ocrx_word' id='word_1_47' title='bbox 2033 939 2103 993; x_wconf 89' lang='lat' dir='ltr'><strong>ad</strong></span> 
     </span>
    </p>
   </div>
   <div class='ocr_carea' id='block_1_10' title="bbox 453 1028 2111 1117">
    <p class='ocr_par' dir='ltr' id='par_1_10' title="bbox 453 1028 2111 1117">
     <span class='ocr_line' id='line_1_10' title="bbox 453 1028 2111 1117; baseline -0.013 -11"><span class='ocrx_word' id='word_1_48' title='bbox 453 1049 778 1106; x_wconf 87' lang='lat' dir='ltr'><strong>ternarium</strong></span> <span class='ocrx_word' id='word_1_49' title='bbox 793 1059 980 1117; x_wconf 91' lang='lat' dir='ltr'><strong>usque</strong></span> <span class='ocrx_word' id='word_1_50' title='bbox 995 1055 1295 1097; x_wconf 88' lang='lat' dir='ltr'><strong>numerum</strong></span> <span class='ocrx_word' id='word_1_51' title='bbox 1312 1028 1946 1109; x_wconf 82' lang='lat' dir='ltr'><strong>processerit,quianim</strong></span> <span class='ocrx_word' id='word_1_52' title='bbox 1959 1029 2111 1085; x_wconf 89' lang='lat' dir='ltr'><strong>irum</strong></span> 
     </span>
    </p>
   </div>
   <div class='ocr_carea' id='block_1_11' title="bbox 457 1123 2104 1198">
    <p class='ocr_par' dir='ltr' id='par_1_11' title="bbox 457 1123 2104 1198">
     <span class='ocr_line' id='line_1_11' title="bbox 457 1123 2104 1198; baseline -0.014 -3"><span class='ocrx_word' id='word_1_53' title='bbox 457 1157 526 1196; x_wconf 82' lang='lat' dir='ltr'><strong>ex</strong></span> <span class='ocrx_word' id='word_1_54' title='bbox 558 1136 816 1194; x_wconf 82' lang='lat' dir='ltr'><strong>numeris</strong></span> <span class='ocrx_word' id='word_1_55' title='bbox 873 1131 1166 1189; x_wconf 83' lang='lat' dir='ltr'><strong>ternarias</strong></span> <span class='ocrx_word' id='word_1_56' title='bbox 1199 1127 1363 1183; x_wconf 90' lang='lat' dir='ltr'><strong>solus</strong></span> <span class='ocrx_word' id='word_1_57' title='bbox 1393 1123 1828 1198; x_wconf 86' lang='lat' dir='ltr'><strong>apertissimum</strong></span> <span class='ocrx_word' id='word_1_58' title='bbox 1873 1123 2104 1175; x_wconf 66' lang='lat' dir='ltr'><strong>statera</strong></span> 
     </span>
    </p>
   </div>
   <div class='ocr_carea' id='block_1_12' title="bbox 456 1209 2109 1301">
    <p class='ocr_par' dir='ltr' id='par_1_12' title="bbox 456 1209 2109 1301">
     <span class='ocr_line' id='line_1_12' title="bbox 456 1209 2109 1301; baseline -0.013 -16"><span class='ocrx_word' id='word_1_59' title='bbox 456 1234 662 1301; x_wconf 82' lang='lat' dir='ltr'><strong>typum</strong></span> <span class='ocrx_word' id='word_1_60' title='bbox 693 1226 922 1281; x_wconf 81' lang='lat' dir='ltr'><strong>referat.</strong></span> <span class='ocrx_word' id='word_1_61' title='bbox 981 1225 1207 1276; x_wconf 88' lang='lat' dir='ltr'><strong>Statera</strong></span> <span class='ocrx_word' id='word_1_62' title='bbox 1244 1232 1414 1289; x_wconf 91' lang='lat' dir='ltr'><strong>porro</strong></span> <span class='ocrx_word' id='word_1_63' title='bbox 1461 1211 1815 1284; x_wconf 68' lang='lat' dir='ltr'><strong>mqualitatis</strong></span> <span class='ocrx_word' id='word_1_64' title='bbox 1872 1225 2021 1280; x_wconf 91' lang='lat' dir='ltr'><strong>opus</strong></span> <span class='ocrx_word' id='word_1_65' title='bbox 2051 1209 2109 1264; x_wconf 87' lang='lat' dir='ltr'><strong>et</strong></span> 
     </span>
    </p>
   </div>
   <div class='ocr_carea' id='block_1_13' title="bbox 460 1301 2104 1388">
    <p class='ocr_par' dir='ltr' id='par_1_13' title="bbox 460 1301 2104 1388">
     <span class='ocr_line' id='line_1_13' title="bbox 460 1301 2104 1388; baseline -0.015 -16"><span class='ocrx_word' id='word_1_66' title='bbox 460 1313 793 1388; x_wconf 84' lang='lat' dir='ltr'><strong>symbolum</strong></span> <span class='ocrx_word' id='word_1_67' title='bbox 827 1315 938 1368; x_wconf 90' lang='lat' dir='ltr'><strong>est.</strong></span> <span class='ocrx_word' id='word_1_68' title='bbox 999 1314 1082 1365; x_wconf 80' lang='lat' dir='ltr'><strong>Ex</strong></span> <span class='ocrx_word' id='word_1_69' title='bbox 1113 1322 1229 1378; x_wconf 92' lang='lat' dir='ltr'><strong>quo</strong></span> <span class='ocrx_word' id='word_1_70' title='bbox 1262 1305 1350 1374; x_wconf 86' lang='lat' dir='ltr'><strong>fit,</strong></span> <span class='ocrx_word' id='word_1_71' title='bbox 1383 1307 1446 1358; x_wconf 93' lang='lat' dir='ltr'><strong>ut</strong></span> <span class='ocrx_word' id='word_1_72' title='bbox 1478 1303 1630 1356; x_wconf 89' lang='lat' dir='ltr'><strong>inter</strong></span> <span class='ocrx_word' id='word_1_73' title='bbox 1660 1313 1934 1354; x_wconf 89' lang='lat' dir='ltr'><strong>numeros</strong></span> <span class='ocrx_word' id='word_1_74' title='bbox 1989 1301 2104 1350; x_wconf 90' lang='lat' dir='ltr'><strong>ter-</strong></span> 
     </span>
    </p>
   </div>
   <div class='ocr_carea' id='block_1_14' title="bbox 461 1389 2108 1461">
    <p class='ocr_par' dir='ltr' id='par_1_14' title="bbox 461 1389 2108 1461">
     <span class='ocr_line' id='line_1_14' title="bbox 461 1389 2108 1461; baseline -0.014 0"><span class='ocrx_word' id='word_1_75' title='bbox 461 1401 840 1461; x_wconf 86' lang='lat' dir='ltr'><strong>nariussolus</strong></span> <span class='ocrx_word' id='word_1_76' title='bbox 856 1399 1120 1456; x_wconf 89' lang='lat' dir='ltr'><strong>omnium</strong></span> <span class='ocrx_word' id='word_1_77' title='bbox 1141 1395 1400 1451; x_wconf 87' lang='lat' dir='ltr'><strong>medium</strong></span> <span class='ocrx_word' id='word_1_78' title='bbox 1419 1391 1569 1446; x_wconf 89' lang='lat' dir='ltr'><strong>inter</strong></span> <span class='ocrx_word' id='word_1_79' title='bbox 1583 1394 1829 1459; x_wconf 90' lang='lat' dir='ltr'><strong>utraque</strong></span> <span class='ocrx_word' id='word_1_80' title='bbox 1850 1389 2108 1442; x_wconf 85' lang='lat' dir='ltr'><strong>extrema</strong></span> 
     </span>
    </p>
   </div>
   <div class='ocr_carea' id='block_1_15' title="bbox 461 1474 2106 1560">
    <p class='ocr_par' dir='ltr' id='par_1_15' title="bbox 461 1474 2106 1560">
     <span class='ocr_line' id='line_1_15' title="bbox 461 1474 2106 1560; baseline -0.013 -10"><span class='ocrx_word' id='word_1_81' title='bbox 461 1494 546 1550; x_wconf 91' lang='lat' dir='ltr'><strong>sic</strong></span> <span class='ocrx_word' id='word_1_82' title='bbox 577 1494 862 1557; x_wconf 88' lang='lat' dir='ltr'><strong>obtineat,</strong></span> <span class='ocrx_word' id='word_1_83' title='bbox 888 1493 1073 1560; x_wconf 89' lang='lat' dir='ltr'><strong>utpar</strong></span> <span class='ocrx_word' id='word_1_84' title='bbox 1101 1480 1564 1542; x_wconf 89' lang='lat' dir='ltr'><strong>etimmutab&#39;tlis</strong></span> <span class='ocrx_word' id='word_1_85' title='bbox 1587 1479 1681 1548; x_wconf 89' lang='lat' dir='ltr'><strong>sit,</strong></span> <span class='ocrx_word' id='word_1_86' title='bbox 1715 1491 1846 1533; x_wconf 91' lang='lat' dir='ltr'><strong>cum</strong></span> <span class='ocrx_word' id='word_1_87' title='bbox 1869 1474 2106 1530; x_wconf 87' lang='lat' dir='ltr'><strong>interim</strong></span> 
     </span>
    </p>
   </div>
   <div class='ocr_carea' id='block_1_16' title="bbox 459 1570 1892 1652">
    <p class='ocr_par' dir='ltr' id='par_1_16' title="bbox 459 1570 1892 1652">
     <span class='ocr_line' id='line_1_16' title="bbox 459 1570 1892 1652; baseline -0.011 -14"><span class='ocrx_word' id='word_1_88' title='bbox 459 1582 624 1638; x_wconf 91' lang='lat' dir='ltr'><strong>nulla</strong></span> <span class='ocrx_word' id='word_1_89' title='bbox 653 1595 891 1652; x_wconf 88' lang='lat' dir='ltr'><strong>prorsus</strong></span> <span class='ocrx_word' id='word_1_90' title='bbox 924 1578 981 1632; x_wconf 92' lang='lat' dir='ltr'><strong>in</strong></span> <span class='ocrx_word' id='word_1_91' title='bbox 1014 1576 1204 1632; x_wconf 89' lang='lat' dir='ltr'><strong>tribus</strong></span> <span class='ocrx_word' id='word_1_92' title='bbox 1226 1570 1570 1644; x_wconf 83' lang='lat' dir='ltr'><strong>compositio</strong></span> <span class='ocrx_word' id='word_1_93' title='bbox 1601 1574 1892 1624; x_wconf 86' lang='lat' dir='ltr'><strong>cernatur.</strong></span> 
     </span>
    </p>
   </div>
   <div class='ocr_carea' id='block_1_17' title="bbox 531 1655 2109 1729">
    <p class='ocr_par' dir='ltr' id='par_1_17' title="bbox 531 1655 2109 1729">
     <span class='ocr_line' id='line_1_17' title="bbox 531 1655 2109 1729; baseline -0.012 -3"><span class='ocrx_word' id='word_1_94' title='bbox 531 1671 662 1728; x_wconf 85' lang='lat' dir='ltr'><strong>Jam</strong></span> <span class='ocrx_word' id='word_1_95' title='bbox 687 1685 788 1724; x_wconf 90' lang='lat' dir='ltr'><strong>cur</strong></span> <span class='ocrx_word' id='word_1_96' title='bbox 809 1667 1046 1723; x_wconf 89' lang='lat' dir='ltr'><strong>tandem</strong></span> <span class='ocrx_word' id='word_1_97' title='bbox 1077 1663 1280 1729; x_wconf 88' lang='lat' dir='ltr'><strong>Filius,</strong></span> <span class='ocrx_word' id='word_1_98' title='bbox 1296 1657 1788 1725; x_wconf 81' lang='lat' dir='ltr'><strong>dextra,Verbum</strong></span> <span class='ocrx_word' id='word_1_99' title='bbox 1806 1655 2109 1726; x_wconf 86' lang='lat' dir='ltr'><strong>virtusque</strong></span> 
     </span>
    </p>
   </div>
   <div class='ocr_carea' id='block_1_18' title="bbox 461 1747 2107 1828">
    <p class='ocr_par' dir='ltr' id='par_1_18' title="bbox 461 1747 2107 1828">
     <span class='ocr_line' id='line_1_18' title="bbox 461 1747 2107 1828; baseline -0.012 -12"><span class='ocrx_word' id='word_1_100' title='bbox 461 1759 735 1828; x_wconf 90' lang='lat' dir='ltr'><strong>Patris,et</strong></span> <span class='ocrx_word' id='word_1_101' title='bbox 765 1761 972 1812; x_wconf 70' lang='lat' dir='ltr'><strong>caetera</strong></span> <span class='ocrx_word' id='word_1_102' title='bbox 1018 1755 1077 1810; x_wconf 92' lang='lat' dir='ltr'><strong>id</strong></span> <span class='ocrx_word' id='word_1_103' title='bbox 1109 1769 1293 1824; x_wconf 84' lang='lat' dir='ltr'><strong>genus</strong></span> <span class='ocrx_word' id='word_1_104' title='bbox 1328 1747 1682 1821; x_wconf 83' lang='lat' dir='ltr'><strong>appellatur,</strong></span> <span class='ocrx_word' id='word_1_105' title='bbox 1743 1749 1945 1800; x_wconf 91' lang='lat' dir='ltr'><strong>contra</strong></span> <span class='ocrx_word' id='word_1_106' title='bbox 1973 1757 2107 1797; x_wconf 90' lang='lat' dir='ltr'><strong>vero</strong></span> 
     </span>
    </p>
   </div>
   <div class='ocr_carea' id='block_1_19' title="bbox 460 1833 2110 1908">
    <p class='ocr_par' dir='ltr' id='par_1_19' title="bbox 460 1833 2110 1908">
     <span class='ocr_line' id='line_1_19' title="bbox 460 1833 2110 1908; baseline -0.013 -2"><span class='ocrx_word' id='word_1_107' title='bbox 460 1851 630 1906; x_wconf 85' lang='lat' dir='ltr'><strong>Pater</strong></span> <span class='ocrx_word' id='word_1_108' title='bbox 655 1847 782 1904; x_wconf 86' lang='lat' dir='ltr'><strong>Filii</strong></span> <span class='ocrx_word' id='word_1_109' title='bbox 807 1863 920 1902; x_wconf 91' lang='lat' dir='ltr'><strong>non</strong></span> <span class='ocrx_word' id='word_1_110' title='bbox 956 1845 1095 1900; x_wconf 86' lang='lat' dir='ltr'><strong>item</strong></span> <span class='ocrx_word' id='word_1_111' title='bbox 1125 1843 1152 1898; x_wconf 84' lang='lat'><strong>?</strong></span> <span class='ocrx_word' id='word_1_112' title='bbox 1183 1855 1466 1897; x_wconf 89' lang='lat' dir='ltr'><strong>numnam</strong></span> <span class='ocrx_word' id='word_1_113' title='bbox 1532 1836 1669 1908; x_wconf 84' lang='lat' dir='ltr'><strong>quia</strong></span> <span class='ocrx_word' id='word_1_114' title='bbox 1700 1851 1814 1890; x_wconf 92' lang='lat' dir='ltr'><strong>non</strong></span> <span class='ocrx_word' id='word_1_115' title='bbox 1848 1833 2018 1888; x_wconf 85' lang='lat' dir='ltr'><strong>Pater</strong></span> <span class='ocrx_word' id='word_1_116' title='bbox 2041 1847 2110 1885; x_wconf 83' lang='lat' dir='ltr'><strong>ex</strong></span> 
     </span>
    </p>
   </div>
   <div class='ocr_carea' id='block_1_20' title="bbox 461 1927 2108 2009">
    <p class='ocr_par' dir='ltr' id='par_1_20' title="bbox 461 1927 2108 2009">
     <span class='ocr_line' id='line_1_20' title="bbox 461 1927 2108 2009; baseline -0.015 -11"><span class='ocrx_word' id='word_1_117' title='bbox 461 1941 627 2009; x_wconf 89' lang='lat' dir='ltr'><strong>Filio,</strong></span> <span class='ocrx_word' id='word_1_118' title='bbox 662 1939 762 1995; x_wconf 90' lang='lat' dir='ltr'><strong>sed</strong></span> <span class='ocrx_word' id='word_1_119' title='bbox 783 1936 966 1994; x_wconf 91' lang='lat' dir='ltr'><strong>Filius</strong></span> <span class='ocrx_word' id='word_1_120' title='bbox 997 1951 1067 1990; x_wconf 81' lang='lat' dir='ltr'><strong>ex</strong></span> <span class='ocrx_word' id='word_1_121' title='bbox 1086 1934 1250 1988; x_wconf 84' lang='lat' dir='ltr'><strong>Patre</strong></span> <span class='ocrx_word' id='word_1_122' title='bbox 1273 1927 1570 2003; x_wconf 89' lang='lat' dir='ltr'><strong>procedit?</strong></span> <span class='ocrx_word' id='word_1_123' title='bbox 1601 1930 1882 1980; x_wconf 77' lang='lat' dir='ltr'><strong>Praeterea</strong></span> <span class='ocrx_word' id='word_1_124' title='bbox 1895 1937 2108 1977; x_wconf 88' lang='lat' dir='ltr'><strong>manus</strong></span> 
     </span>
    </p>
   </div>
   <div class='ocr_carea' id='block_1_21' title="bbox 462 2010 2106 2102">
    <p class='ocr_par' dir='ltr' id='par_1_21' title="bbox 462 2010 2106 2102">
     <span class='ocr_line' id='line_1_21' title="bbox 462 2010 2106 2102; baseline -0.013 -17"><span class='ocrx_word' id='word_1_125' title='bbox 462 2026 1056 2102; x_wconf 85' lang='lat' dir='ltr'><strong>quidem,brachium,</strong></span> <span class='ocrx_word' id='word_1_126' title='bbox 1081 2020 1455 2093; x_wconf 88' lang='lat' dir='ltr'><strong>sapientia,et</strong></span> <span class='ocrx_word' id='word_1_127' title='bbox 1484 2031 1676 2072; x_wconf 90' lang='lat' dir='ltr'><strong>sermo</strong></span> <span class='ocrx_word' id='word_1_128' title='bbox 1703 2013 1881 2083; x_wconf 84' lang='lat' dir='ltr'><strong>huius</strong></span> <span class='ocrx_word' id='word_1_129' title='bbox 1913 2010 2106 2065; x_wconf 82' lang='lat' dir='ltr'><strong>homi-</strong></span> 
     </span>
    </p>
   </div>
   <div class='ocr_carea' id='block_1_22' title="bbox 460 2100 2109 2184">
    <p class='ocr_par' dir='ltr' id='par_1_22' title="bbox 460 2100 2109 2184">
     <span class='ocr_line' id='line_1_22' title="bbox 460 2100 2109 2184; baseline -0.013 -10"><span class='ocrx_word' id='word_1_130' title='bbox 460 2100 553 2174; x_wconf 79' lang='lat' dir='ltr'><strong>nis</strong></span> <span class='ocrx_word' id='word_1_131' title='bbox 579 2117 794 2172; x_wconf 89' lang='lat' dir='ltr'><strong>dicitur</strong></span> <span class='ocrx_word' id='word_1_132' title='bbox 827 2135 842 2184; x_wconf 87' lang='lat'><strong>;</strong></span> <span class='ocrx_word' id='word_1_133' title='bbox 897 2114 997 2170; x_wconf 88' lang='lat' dir='ltr'><strong>sed</strong></span> <span class='ocrx_word' id='word_1_134' title='bbox 1033 2112 1207 2166; x_wconf 90' lang='lat' dir='ltr'><strong>homo</strong></span> <span class='ocrx_word' id='word_1_135' title='bbox 1250 2110 1486 2167; x_wconf 60' lang='lat' dir='ltr'><strong>dextras.</strong></span> <span class='ocrx_word' id='word_1_136' title='bbox 1521 2109 1622 2160; x_wconf 90' lang='lat' dir='ltr'><strong>aut</strong></span> <span class='ocrx_word' id='word_1_137' title='bbox 1651 2100 1973 2174; x_wconf 63' lang='lat' dir='ltr'><strong>sapientia,</strong></span> <span class='ocrx_word' id='word_1_138' title='bbox 2007 2102 2109 2154; x_wconf 90' lang='lat' dir='ltr'><strong>aut</strong></span> 
     </span>
    </p>
   </div>
   <div class='ocr_carea' id='block_1_23' title="bbox 457 2189 2106 2270">
    <p class='ocr_par' dir='ltr' id='par_1_23' title="bbox 457 2189 2106 2270">
     <span class='ocr_line' id='line_1_23' title="bbox 457 2189 2106 2270; baseline -0.012 -8"><span class='ocrx_word' id='word_1_139' title='bbox 457 2205 744 2264; x_wconf 79' lang='lat' dir='ltr'><strong>similium</strong></span> <span class='ocrx_word' id='word_1_140' title='bbox 777 2219 894 2260; x_wconf 90' lang='lat' dir='ltr'><strong>non</strong></span> <span class='ocrx_word' id='word_1_141' title='bbox 926 2203 1087 2270; x_wconf 86' lang='lat' dir='ltr'><strong>item,</strong></span> <span class='ocrx_word' id='word_1_142' title='bbox 1115 2196 1612 2270; x_wconf 84' lang='lat' dir='ltr'><strong>quemadmodum</strong></span> <span class='ocrx_word' id='word_1_143' title='bbox 1646 2207 1834 2264; x_wconf 90' lang='lat' dir='ltr'><strong>neque</strong></span> <span class='ocrx_word' id='word_1_144' title='bbox 1850 2189 1996 2246; x_wconf 89' lang='lat' dir='ltr'><strong>rami</strong></span> <span class='ocrx_word' id='word_1_145' title='bbox 2020 2205 2106 2244; x_wconf 90' lang='lat' dir='ltr'><strong>ar-</strong></span> 
     </span>
    </p>
   </div>
   <div class='ocr_carea' id='block_1_24' title="bbox 459 2283 1642 2362">
    <p class='ocr_par' dir='ltr' id='par_1_24' title="bbox 459 2283 1642 2362">
     <span class='ocr_line' id='line_1_24' title="bbox 459 2283 1642 2362; baseline -0.014 -11"><span class='ocrx_word' id='word_1_146' title='bbox 459 2296 687 2362; x_wconf 87' lang='lat' dir='ltr'><strong>borem,</strong></span> <span class='ocrx_word' id='word_1_147' title='bbox 719 2292 820 2349; x_wconf 89' lang='lat' dir='ltr'><strong>ed</strong></span> <span class='ocrx_word' id='word_1_148' title='bbox 853 2289 1080 2346; x_wconf 86' lang='lat' dir='ltr'><strong>arboris</strong></span> <span class='ocrx_word' id='word_1_149' title='bbox 1103 2301 1333 2342; x_wconf 89' lang='lat' dir='ltr'><strong>ramum</strong></span> <span class='ocrx_word' id='word_1_150' title='bbox 1366 2283 1642 2340; x_wconf 88' lang='lat' dir='ltr'><strong>dicimus.</strong></span> 
     </span>
    </p>
   </div>
   <div class='ocr_carea' id='block_1_25' title="bbox 530 2367 2107 2456">
    <p class='ocr_par' dir='ltr' id='par_1_25' title="bbox 530 2367 2107 2456">
     <span class='ocr_line' id='line_1_25' title="bbox 530 2367 2107 2456; baseline -0.011 -16"><span class='ocrx_word' id='word_1_151' title='bbox 530 2382 788 2456; x_wconf 87' lang='lat' dir='ltr'><strong>Spiritus</strong></span> <span class='ocrx_word' id='word_1_152' title='bbox 845 2381 1088 2450; x_wconf 90' lang='lat' dir='ltr'><strong>insuper</strong></span> <span class='ocrx_word' id='word_1_153' title='bbox 1143 2375 1243 2432; x_wconf 92' lang='lat' dir='ltr'><strong>Dei</strong></span> <span class='ocrx_word' id='word_1_154' title='bbox 1279 2373 1496 2445; x_wconf 83' lang='lat' dir='ltr'><strong>digitus</strong></span> <span class='ocrx_word' id='word_1_155' title='bbox 1528 2370 1912 2428; x_wconf 90' lang='lat' dir='ltr'><strong>nominatur:</strong></span> <span class='ocrx_word' id='word_1_156' title='bbox 1968 2367 2107 2439; x_wconf 88' lang='lat' dir='ltr'><strong>quia</strong></span> 
     </span>
    </p>
   </div>
   <div class='ocr_carea' id='block_1_26' title="bbox 458 2458 2105 2544">
    <p class='ocr_par' dir='ltr' id='par_1_26' title="bbox 458 2458 2105 2544">
     <span class='ocr_line' id='line_1_26' title="bbox 458 2458 2105 2544; baseline -0.009 -18"><span class='ocrx_word' id='word_1_157' title='bbox 458 2488 592 2528; x_wconf 81' lang='lat' dir='ltr'><strong>vero</strong></span> <span class='ocrx_word' id='word_1_158' title='bbox 611 2470 830 2544; x_wconf 80' lang='lat' dir='ltr'><strong>digitus</strong></span> <span class='ocrx_word' id='word_1_159' title='bbox 851 2484 919 2524; x_wconf 82' lang='lat' dir='ltr'><strong>ex</strong></span> <span class='ocrx_word' id='word_1_160' title='bbox 942 2482 1120 2522; x_wconf 90' lang='lat' dir='ltr'><strong>manu</strong></span> <span class='ocrx_word' id='word_1_161' title='bbox 1141 2462 1420 2537; x_wconf 87' lang='lat' dir='ltr'><strong>procedit,</strong></span> <span class='ocrx_word' id='word_1_162' title='bbox 1455 2462 1664 2517; x_wconf 92' lang='lat' dir='ltr'><strong>merito</strong></span> <span class='ocrx_word' id='word_1_163' title='bbox 1696 2458 1954 2531; x_wconf 89' lang='lat' dir='ltr'><strong>Spiritus</strong></span> <span class='ocrx_word' id='word_1_164' title='bbox 1989 2472 2105 2512; x_wconf 92' lang='lat' dir='ltr'><strong>non</strong></span> 
     </span>
    </p>
   </div>
   <div class='ocr_carea' id='block_1_27' title="bbox 457 2547 2103 2622">
    <p class='ocr_par' dir='ltr' id='par_1_27' title="bbox 457 2547 2103 2622">
     <span class='ocr_line' id='line_1_27' title="bbox 457 2547 2103 2622; baseline -0.009 -8"><span class='ocrx_word' id='word_1_165' title='bbox 457 2560 650 2616; x_wconf 89' lang='lat' dir='ltr'><strong>Patris</strong></span> <span class='ocrx_word' id='word_1_166' title='bbox 682 2555 1035 2622; x_wconf 89' lang='lat' dir='ltr'><strong>tantum,sed</strong></span> <span class='ocrx_word' id='word_1_167' title='bbox 1060 2554 1235 2610; x_wconf 89' lang='lat' dir='ltr'><strong>etiam</strong></span> <span class='ocrx_word' id='word_1_168' title='bbox 1260 2550 1526 2621; x_wconf 90' lang='lat' dir='ltr'><strong>Filii,qui</strong></span> <span class='ocrx_word' id='word_1_169' title='bbox 1554 2551 1755 2605; x_wconf 82' lang='lat' dir='ltr'><strong>dextra</strong></span> <span class='ocrx_word' id='word_1_170' title='bbox 1777 2547 1962 2603; x_wconf 87' lang='lat' dir='ltr'><strong>Patris</strong></span> <span class='ocrx_word' id='word_1_171' title='bbox 1994 2549 2103 2614; x_wconf 89' lang='lat' dir='ltr'><strong>est,</strong></span> 
     </span>
    </p>
   </div>
   <div class='ocr_carea' id='block_1_28' title="bbox 457 2635 2104 2708">
    <p class='ocr_par' dir='ltr' id='par_1_28' title="bbox 457 2635 2104 2708">
     <span class='ocr_line' id='line_1_28' title="bbox 457 2635 2104 2708; baseline -0.012 -1"><span class='ocrx_word' id='word_1_172' title='bbox 457 2667 587 2708; x_wconf 88' lang='lat' dir='ltr'><strong>esse</strong></span> <span class='ocrx_word' id='word_1_173' title='bbox 643 2649 882 2704; x_wconf 88' lang='lat' dir='ltr'><strong>dicitur.</strong></span> <span class='ocrx_word' id='word_1_174' title='bbox 942 2648 1014 2701; x_wconf 81' lang='lat' dir='ltr'><strong>At</strong></span> <span class='ocrx_word' id='word_1_175' title='bbox 1045 2659 1164 2700; x_wconf 90' lang='lat' dir='ltr'><strong>non</strong></span> <span class='ocrx_word' id='word_1_176' title='bbox 1195 2657 1224 2697; x_wconf 93' lang='lat' dir='ltr'><strong>e</strong></span> <span class='ocrx_word' id='word_1_177' title='bbox 1284 2655 1561 2696; x_wconf 89' lang='lat' dir='ltr'><strong>converso</strong></span> <span class='ocrx_word' id='word_1_178' title='bbox 1615 2637 1775 2694; x_wconf 85' lang='lat' dir='ltr'><strong>ﬁlius</strong></span> <span class='ocrx_word' id='word_1_179' title='bbox 1806 2654 1840 2693; x_wconf 88' lang='lat' dir='ltr'><strong>a</strong></span> <span class='ocrx_word' id='word_1_180' title='bbox 1881 2635 2104 2708; x_wconf 88' lang='lat' dir='ltr'><strong>Spiritu</strong></span> 
     </span>
    </p>
   </div>
   <div class='ocr_carea' id='block_1_29' title="bbox 458 2725 2104 2811">
    <p class='ocr_par' dir='ltr' id='par_1_29' title="bbox 458 2725 2104 2811">
     <span class='ocr_line' id='line_1_29' title="bbox 458 2725 2104 2811; baseline -0.01 -17"><span class='ocrx_word' id='word_1_181' title='bbox 458 2738 769 2811; x_wconf 89' lang='lat' dir='ltr'><strong>dependet.</strong></span> <span class='ocrx_word' id='word_1_182' title='bbox 793 2735 907 2791; x_wconf 92' lang='lat' dir='ltr'><strong>Nec</strong></span> <span class='ocrx_word' id='word_1_183' title='bbox 939 2734 1094 2790; x_wconf 90' lang='lat' dir='ltr'><strong>enim</strong></span> <span class='ocrx_word' id='word_1_184' title='bbox 1129 2747 1340 2788; x_wconf 89' lang='lat' dir='ltr'><strong>manus</strong></span> <span class='ocrx_word' id='word_1_185' title='bbox 1384 2728 1550 2802; x_wconf 83' lang='lat' dir='ltr'><strong>digiti</strong></span> <span class='ocrx_word' id='word_1_186' title='bbox 1582 2727 1696 2784; x_wconf 90' lang='lat' dir='ltr'><strong>dici</strong></span> <span class='ocrx_word' id='word_1_187' title='bbox 1727 2730 1936 2799; x_wconf 90' lang='lat' dir='ltr'><strong>potest.</strong></span> <span class='ocrx_word' id='word_1_188' title='bbox 1978 2725 2104 2781; x_wconf 93' lang='lat' dir='ltr'><strong>Non</strong></span> 
     </span>
    </p>
   </div>
   <div class='ocr_carea' id='block_1_30' title="bbox 457 2815 2106 2888">
    <p class='ocr_par' dir='ltr' id='par_1_30' title="bbox 457 2815 2106 2888">
     <span class='ocr_line' id='line_1_30' title="bbox 457 2815 2106 2888; baseline -0.01 -4"><span class='ocrx_word' id='word_1_189' title='bbox 457 2835 650 2884; x_wconf 89' lang='lat' dir='ltr'><strong>tamen</strong></span> <span class='ocrx_word' id='word_1_190' title='bbox 672 2842 800 2882; x_wconf 90' lang='lat' dir='ltr'><strong>eam</strong></span> <span class='ocrx_word' id='word_1_191' title='bbox 848 2825 921 2879; x_wconf 91' lang='lat' dir='ltr'><strong>ob</strong></span> <span class='ocrx_word' id='word_1_192' title='bbox 953 2840 1073 2879; x_wconf 90' lang='lat' dir='ltr'><strong>rem</strong></span> <span class='ocrx_word' id='word_1_193' title='bbox 1105 2821 1230 2877; x_wconf 90' lang='lat' dir='ltr'><strong>loco</strong></span> <span class='ocrx_word' id='word_1_194' title='bbox 1259 2820 1446 2876; x_wconf 86' lang='lat' dir='ltr'><strong>Patris</strong></span> <span class='ocrx_word' id='word_1_195' title='bbox 1473 2817 1676 2888; x_wconf 89' lang='lat' dir='ltr'><strong>Filius,</strong></span> <span class='ocrx_word' id='word_1_196' title='bbox 1718 2820 1818 2872; x_wconf 88' lang='lat' dir='ltr'><strong>aut</strong></span> <span class='ocrx_word' id='word_1_197' title='bbox 1851 2815 2106 2886; x_wconf 88' lang='lat' dir='ltr'><strong>Spiritus</strong></span> 
     </span>
    </p>
   </div>
   <div class='ocr_carea' id='block_1_31' title="bbox 457 2905 2102 2990">
    <p class='ocr_par' dir='ltr' id='par_1_31' title="bbox 457 2905 2102 2990">
     <span class='ocr_line' id='line_1_31' title="bbox 457 2905 2102 2990; baseline -0.01 -17"><span class='ocrx_word' id='word_1_198' title='bbox 457 2917 511 2973; x_wconf 91' lang='lat' dir='ltr'><strong>id</strong></span> <span class='ocrx_word' id='word_1_199' title='bbox 548 2917 701 2990; x_wconf 90' lang='lat' dir='ltr'><strong>quod</strong></span> <span class='ocrx_word' id='word_1_200' title='bbox 735 2914 899 2971; x_wconf 89' lang='lat' dir='ltr'><strong>initio</strong></span> <span class='ocrx_word' id='word_1_201' title='bbox 933 2910 1301 2969; x_wconf 88' lang='lat' dir='ltr'><strong>conducibile</strong></span> <span class='ocrx_word' id='word_1_202' title='bbox 1333 2913 1458 2966; x_wconf 87' lang='lat' dir='ltr'><strong>erat</strong></span> <span class='ocrx_word' id='word_1_203' title='bbox 1488 2907 1828 2964; x_wconf 85' lang='lat' dir='ltr'><strong>enuntiasse</strong></span> <span class='ocrx_word' id='word_1_204' title='bbox 1859 2905 2102 2960; x_wconf 87' lang='lat' dir='ltr'><strong>dicetur.</strong></span> 
     </span>
    </p>
   </div>
   <div class='ocr_carea' id='block_1_32' title="bbox 456 2994 2104 3076">
    <p class='ocr_par' dir='ltr' id='par_1_32' title="bbox 456 2994 2104 3076">
     <span class='ocr_line' id='line_1_32' title="bbox 456 2994 2104 3076; baseline -0.01 -13"><span class='ocrx_word' id='word_1_205' title='bbox 456 3003 942 3076; x_wconf 86' lang='lat' dir='ltr'><strong>Quandoquidem</strong></span> <span class='ocrx_word' id='word_1_206' title='bbox 997 3001 1152 3058; x_wconf 91' lang='lat' dir='ltr'><strong>Deus</strong></span> <span class='ocrx_word' id='word_1_207' title='bbox 1210 2999 1518 3054; x_wconf 88' lang='lat' dir='ltr'><strong>hominum</strong></span> <span class='ocrx_word' id='word_1_208' title='bbox 1550 3011 1784 3068; x_wconf 88' lang='lat' dir='ltr'><strong>quoque</strong></span> <span class='ocrx_word' id='word_1_209' title='bbox 1823 2994 2009 3060; x_wconf 89' lang='lat' dir='ltr'><strong>Pater,</strong></span> <span class='ocrx_word' id='word_1_210' title='bbox 2042 2998 2104 3046; x_wconf 92' lang='lat' dir='ltr'><strong>ut</strong></span> 
     </span>
    </p>
   </div>
   <div class='ocr_carea' id='block_1_33' title="bbox 447 3081 2103 3167">
    <p class='ocr_par' dir='ltr' id='par_1_33' title="bbox 447 3081 2103 3167">
     <span class='ocr_line' id='line_1_33' title="bbox 447 3081 2103 3167; baseline -0.009 -16"><span class='ocrx_word' id='word_1_211' title='bbox 447 3096 575 3167; x_wconf 82' lang='lat' dir='ltr'><strong>jam</strong></span> <span class='ocrx_word' id='word_1_212' title='bbox 608 3095 747 3159; x_wconf 83' lang='lat' dir='ltr'><strong>dixi,</strong></span> <span class='ocrx_word' id='word_1_213' title='bbox 794 3093 1117 3158; x_wconf 87' lang='lat' dir='ltr'><strong>dicebatur,</strong></span> <span class='ocrx_word' id='word_1_214' title='bbox 1178 3089 1388 3145; x_wconf 90' lang='lat' dir='ltr'><strong>Filium</strong></span> <span class='ocrx_word' id='word_1_215' title='bbox 1450 3102 1580 3142; x_wconf 89' lang='lat' dir='ltr'><strong>vero</strong></span> <span class='ocrx_word' id='word_1_216' title='bbox 1613 3085 1664 3142; x_wconf 89' lang='lat' dir='ltr'><strong>si</strong></span> <span class='ocrx_word' id='word_1_217' title='bbox 1697 3083 1886 3140; x_wconf 86' lang='lat' dir='ltr'><strong>Patris</strong></span> <span class='ocrx_word' id='word_1_218' title='bbox 1918 3081 2103 3138; x_wconf 89' lang='lat' dir='ltr'><strong>nostri</strong></span> 
     </span>
    </p>
   </div>
   <div class='ocr_carea' id='block_1_34' title="bbox 2215 579 3876 650">
    <p class='ocr_par' dir='ltr' id='par_1_34' title="bbox 2215 579 3876 650">
     <span class='ocr_line' id='line_1_34' title="bbox 2215 579 3876 650; baseline 0.003 -17"><span class='ocrx_word' id='word_1_219' title='bbox 2215 583 2283 635; x_wconf 85' lang='lat' dir='ltr'><strong>Et</strong></span> <span class='ocrx_word' id='word_1_220' title='bbox 2313 579 2451 650; x_wconf 87' lang='lat' dir='ltr'><strong>quia</strong></span> <span class='ocrx_word' id='word_1_221' title='bbox 2481 594 2608 635; x_wconf 91' lang='lat' dir='ltr'><strong>mos</strong></span> <span class='ocrx_word' id='word_1_222' title='bbox 2643 579 2734 635; x_wconf 94' lang='lat' dir='ltr'><strong>hic</strong></span> <span class='ocrx_word' id='word_1_223' title='bbox 2767 579 3021 648; x_wconf 85' lang='lat' dir='ltr'><strong>inolevit,</strong></span> <span class='ocrx_word' id='word_1_224' title='bbox 3053 584 3118 635; x_wconf 90' lang='lat' dir='ltr'><strong>ut</strong></span> <span class='ocrx_word' id='word_1_225' title='bbox 3150 595 3282 636; x_wconf 91' lang='lat' dir='ltr'><strong>cum</strong></span> <span class='ocrx_word' id='word_1_226' title='bbox 3317 581 3390 636; x_wconf 94' lang='lat' dir='ltr'><strong>de</strong></span> <span class='ocrx_word' id='word_1_227' title='bbox 3422 580 3560 636; x_wconf 80' lang='lat' dir='ltr'><strong>filiis</strong></span> <span class='ocrx_word' id='word_1_228' title='bbox 3593 584 3876 639; x_wconf 75' lang='lat' dir='ltr'><strong>nostrati-</strong></span> 
     </span>
    </p>
   </div>
   <div class='ocr_carea' id='block_1_35' title="bbox 2214 668 3875 744">
    <p class='ocr_par' dir='ltr' id='par_1_35' title="bbox 2214 668 3875 744">
     <span class='ocr_line' id='line_1_35' title="bbox 2214 668 3875 744; baseline 0.002 -20"><span class='ocrx_word' id='word_1_229' title='bbox 2214 672 2320 725; x_wconf 89' lang='lat' dir='ltr'><strong>bus</strong></span> <span class='ocrx_word' id='word_1_230' title='bbox 2351 668 2672 740; x_wconf 90' lang='lat' dir='ltr'><strong>loquimur,</strong></span> <span class='ocrx_word' id='word_1_231' title='bbox 2704 673 2990 725; x_wconf 89' lang='lat' dir='ltr'><strong>recentem</strong></span> <span class='ocrx_word' id='word_1_232' title='bbox 3020 687 3220 727; x_wconf 86' lang='lat' dir='ltr'><strong>eorum</strong></span> <span class='ocrx_word' id='word_1_233' title='bbox 3253 671 3710 741; x_wconf 89' lang='lat' dir='ltr'><strong>generationem,</strong></span> <span class='ocrx_word' id='word_1_234' title='bbox 3735 672 3875 744; x_wconf 87' lang='lat' dir='ltr'><strong>Spi-</strong></span> 
     </span>
    </p>
   </div>
   <div class='ocr_carea' id='block_1_36' title="bbox 2214 758 3877 830">
    <p class='ocr_par' dir='ltr' id='par_1_36' title="bbox 2214 758 3877 830">
     <span class='ocr_line' id='line_1_36' title="bbox 2214 758 3877 830; baseline 0.002 -17"><span class='ocrx_word' id='word_1_235' title='bbox 2214 759 2367 814; x_wconf 89' lang='lat' dir='ltr'><strong>ritus</strong></span> <span class='ocrx_word' id='word_1_236' title='bbox 2398 763 2593 814; x_wconf 89' lang='lat' dir='ltr'><strong>autem</strong></span> <span class='ocrx_word' id='word_1_237' title='bbox 2627 758 3059 830; x_wconf 90' lang='lat' dir='ltr'><strong>processionem</strong></span> <span class='ocrx_word' id='word_1_238' title='bbox 3092 759 3359 815; x_wconf 88' lang='lat' dir='ltr'><strong>dicamus</strong></span> <span class='ocrx_word' id='word_1_239' title='bbox 3383 780 3397 828; x_wconf 85' lang='lat'><strong>;</strong></span> <span class='ocrx_word' id='word_1_240' title='bbox 3423 759 3506 815; x_wconf 87' lang='lat' dir='ltr'><strong>ait</strong></span> <span class='ocrx_word' id='word_1_241' title='bbox 3542 761 3699 816; x_wconf 90' lang='lat' dir='ltr'><strong>enim</strong></span> <span class='ocrx_word' id='word_1_242' title='bbox 3723 762 3877 817; x_wconf 90' lang='lat' dir='ltr'><strong>Scri-</strong></span> 
     </span>
    </p>
   </div>
   <div class='ocr_carea' id='block_1_37' title="bbox 2214 848 3875 919">
    <p class='ocr_par' dir='ltr' id='par_1_37' title="bbox 2214 848 3875 919">
     <span class='ocr_line' id='line_1_37' title="bbox 2214 848 3875 919; baseline 0.002 -17"><span class='ocrx_word' id='word_1_243' title='bbox 2214 852 2411 919; x_wconf 90' lang='lat' dir='ltr'><strong>ptura,</strong></span> <span class='ocrx_word' id='word_1_244' title='bbox 2432 848 2673 918; x_wconf 76' lang='lat' dir='ltr'><strong>Spiritus</strong></span> <span class='ocrx_word' id='word_1_245' title='bbox 2702 849 2912 903; x_wconf 81' lang='lat' dir='ltr'><strong>vadens</strong></span> <span class='ocrx_word' id='word_1_246' title='bbox 2940 852 2993 903; x_wconf 87' lang='lat' dir='ltr'><strong>et</strong></span> <span class='ocrx_word' id='word_1_247' title='bbox 3034 863 3144 904; x_wconf 83' lang='lat' dir='ltr'><strong>non</strong></span> <span class='ocrx_word' id='word_1_248' title='bbox 3171 848 3409 915; x_wconf 75' lang='lat' dir='ltr'><strong>rediens,</strong></span> <span class='ocrx_word' id='word_1_249' title='bbox 3431 849 3453 883; x_wconf 84' lang='grc'><strong><em>⁸</em></strong></span> <span class='ocrx_word' id='word_1_250' title='bbox 3479 866 3492 916; x_wconf 91' lang='grc'><strong>;</strong></span> <span class='ocrx_word' id='word_1_251' title='bbox 3528 850 3666 904; x_wconf 90' lang='lat' dir='ltr'><strong>item</strong></span> <span class='ocrx_word' id='word_1_252' title='bbox 3696 866 3709 905; x_wconf 92' lang='lat'>:</span> <span class='ocrx_word' id='word_1_253' title='bbox 3735 851 3875 905; x_wconf 75' lang='lat' dir='ltr'><strong>Exi-</strong></span> 
     </span>
    </p>
   </div>
   <div class='ocr_carea' id='block_1_38' title="bbox 2217 937 3875 1010">
    <p class='ocr_par' dir='ltr' id='par_1_38' title="bbox 2217 937 3875 1010">
     <span class='ocr_line' id='line_1_38' title="bbox 2217 937 3875 1010; baseline 0.003 -19"><span class='ocrx_word' id='word_1_254' title='bbox 2217 937 2293 992; x_wconf 85' lang='lat' dir='ltr'><strong>bit</strong></span> <span class='ocrx_word' id='word_1_255' title='bbox 2321 939 2553 1008; x_wconf 77' lang='lat' dir='ltr'><strong>spiritus</strong></span> <span class='ocrx_word' id='word_1_256' title='bbox 2585 937 2704 1006; x_wconf 83' lang='lat' dir='ltr'><strong>ejus</strong></span> <span class='ocrx_word' id='word_1_257' title='bbox 2721 938 2743 972; x_wconf 77' lang='grc'><strong>⁸</strong></span> <span class='ocrx_word' id='word_1_258' title='bbox 2763 955 2776 1004; x_wconf 90' lang='lat'><strong>;</strong></span> <span class='ocrx_word' id='word_1_259' title='bbox 2799 937 2936 994; x_wconf 89' lang='lat' dir='ltr'><strong>item</strong></span> <span class='ocrx_word' id='word_1_260' title='bbox 2965 954 2978 994; x_wconf 89' lang='lat'><strong>:</strong></span> <span class='ocrx_word' id='word_1_261' title='bbox 3011 937 3253 1010; x_wconf 79' lang='lat' dir='ltr'><strong>Spiritus</strong></span> <span class='ocrx_word' id='word_1_262' title='bbox 3265 940 3635 1010; x_wconf 75' lang='lat' dir='ltr'><strong>pertransibit</strong></span> <span class='ocrx_word' id='word_1_263' title='bbox 3647 941 3708 994; x_wconf 80' lang='lat' dir='ltr'><strong>in</strong></span> <span class='ocrx_word' id='word_1_264' title='bbox 3725 950 3875 1006; x_wconf 80' lang='lat' dir='ltr'><strong>eo,et</strong></span> 
     </span>
    </p>
   </div>
   <div class='ocr_carea' id='block_1_39' title="bbox 2214 1025 3873 1099">
    <p class='ocr_par' dir='ltr' id='par_1_39' title="bbox 2214 1025 3873 1099">
     <span class='ocr_line' id='line_1_39' title="bbox 2214 1025 3873 1099; baseline 0.004 -20"><span class='ocrx_word' id='word_1_265' title='bbox 2214 1041 2324 1082; x_wconf 80' lang='lat' dir='ltr'><strong>non</strong></span> <span class='ocrx_word' id='word_1_266' title='bbox 2351 1025 2605 1081; x_wconf 77' lang='lat' dir='ltr'><strong>subsistet</strong></span> <span class='ocrx_word' id='word_1_267' title='bbox 2638 1026 2678 1082; x_wconf 82' lang='grc'><strong><em>⁸.</em></strong></span> <span class='ocrx_word' id='word_1_268' title='bbox 2721 1025 2884 1095; x_wconf 88' lang='lat' dir='ltr'><strong>Quia,</strong></span> <span class='ocrx_word' id='word_1_269' title='bbox 2919 1026 3188 1099; x_wconf 89' lang='lat' dir='ltr'><strong>inquam,</strong></span> <span class='ocrx_word' id='word_1_270' title='bbox 3224 1027 3284 1082; x_wconf 93' lang='lat' dir='ltr'><strong>in</strong></span> <span class='ocrx_word' id='word_1_271' title='bbox 3319 1027 3625 1083; x_wconf 91' lang='lat' dir='ltr'><strong>hominum</strong></span> <span class='ocrx_word' id='word_1_272' title='bbox 3657 1045 3873 1099; x_wconf 87' lang='lat' dir='ltr'><strong>genere</strong></span> 
     </span>
    </p>
   </div>
   <div class='ocr_carea' id='block_1_40' title="bbox 2216 1115 3874 1190">
    <p class='ocr_par' dir='ltr' id='par_1_40' title="bbox 2216 1115 3874 1190">
     <span class='ocr_line' id='line_1_40' title="bbox 2216 1115 3874 1190; baseline 0.004 -20"><span class='ocrx_word' id='word_1_273' title='bbox 2216 1115 2356 1171; x_wconf 84' lang='lat' dir='ltr'><strong>Filio</strong></span> <span class='ocrx_word' id='word_1_274' title='bbox 2389 1115 2626 1187; x_wconf 90' lang='lat' dir='ltr'><strong>quidem</strong></span> <span class='ocrx_word' id='word_1_275' title='bbox 2686 1117 3144 1187; x_wconf 90' lang='lat' dir='ltr'><strong>generationem,</strong></span> <span class='ocrx_word' id='word_1_276' title='bbox 3186 1117 3429 1188; x_wconf 90' lang='lat' dir='ltr'><strong>Spiritui</strong></span> <span class='ocrx_word' id='word_1_277' title='bbox 3487 1124 3684 1174; x_wconf 84' lang='lat' dir='ltr'><strong>autem</strong></span> <span class='ocrx_word' id='word_1_278' title='bbox 3735 1136 3874 1190; x_wconf 87' lang='lat' dir='ltr'><strong>pro-</strong></span> 
     </span>
    </p>
   </div>
   <div class='ocr_carea' id='block_1_41' title="bbox 2217 1205 3867 1278">
    <p class='ocr_par' dir='ltr' id='par_1_41' title="bbox 2217 1205 3867 1278">
     <span class='ocr_line' id='line_1_41' title="bbox 2217 1205 3867 1278; baseline 0.002 -17"><span class='ocrx_word' id='word_1_279' title='bbox 2217 1205 2541 1261; x_wconf 89' lang='lat' dir='ltr'><strong>cessionem</strong></span> <span class='ocrx_word' id='word_1_280' title='bbox 2575 1207 2994 1270; x_wconf 82' lang='lat' dir='ltr'><strong>attribuimus;</strong></span> <span class='ocrx_word' id='word_1_281' title='bbox 3029 1207 3233 1262; x_wconf 86' lang='lat' dir='ltr'><strong>eodem</strong></span> <span class='ocrx_word' id='word_1_282' title='bbox 3269 1223 3514 1278; x_wconf 91' lang='lat' dir='ltr'><strong>prorsus</strong></span> <span class='ocrx_word' id='word_1_283' title='bbox 3551 1208 3774 1264; x_wconf 86' lang='lat' dir='ltr'><strong>ratione</strong></span> <span class='ocrx_word' id='word_1_284' title='bbox 3807 1209 3867 1265; x_wconf 90' lang='lat' dir='ltr'><strong>in</strong></span> 
     </span>
    </p>
   </div>
   <div class='ocr_carea' id='block_1_42' title="bbox 2217 1294 3869 1369">
    <p class='ocr_par' dir='ltr' id='par_1_42' title="bbox 2217 1294 3869 1369">
     <span class='ocr_line' id='line_1_42' title="bbox 2217 1294 3869 1369; baseline 0.002 -19"><span class='ocrx_word' id='word_1_285' title='bbox 2217 1294 2830 1352; x_wconf 80' lang='lat' dir='ltr'><strong>naturaillainefl‘abili</strong></span> <span class='ocrx_word' id='word_1_286' title='bbox 2853 1301 2909 1351; x_wconf 91' lang='lat' dir='ltr'><strong>et</strong></span> <span class='ocrx_word' id='word_1_287' title='bbox 2929 1295 3363 1366; x_wconf 85' lang='lat' dir='ltr'><strong>supernaturali</strong></span> <span class='ocrx_word' id='word_1_288' title='bbox 3395 1295 3606 1352; x_wconf 88' lang='lat' dir='ltr'><strong>Filium</strong></span> <span class='ocrx_word' id='word_1_289' title='bbox 3627 1298 3869 1369; x_wconf 89' lang='lat' dir='ltr'><strong>quidem</strong></span> 
     </span>
    </p>
   </div>
   <div class='ocr_carea' id='block_1_43' title="bbox 2217 1383 3874 1456">
    <p class='ocr_par' dir='ltr' id='par_1_43' title="bbox 2217 1383 3874 1456">
     <span class='ocr_line' id='line_1_43' title="bbox 2217 1383 3874 1456; baseline 0.002 -18"><span class='ocrx_word' id='word_1_290' title='bbox 2217 1384 2483 1456; x_wconf 89' lang='lat' dir='ltr'><strong>genitum</strong></span> <span class='ocrx_word' id='word_1_291' title='bbox 2515 1400 2662 1453; x_wconf 87' lang='lat' dir='ltr'><strong>esse,</strong></span> <span class='ocrx_word' id='word_1_292' title='bbox 2699 1383 3016 1440; x_wconf 92' lang='lat' dir='ltr'><strong>didicimus</strong></span> <span class='ocrx_word' id='word_1_293' title='bbox 3051 1401 3064 1452; x_wconf 89' lang='lat'>;</span> <span class='ocrx_word' id='word_1_294' title='bbox 3093 1384 3497 1456; x_wconf 90' lang='lat' dir='ltr'><strong>Spiritumque</strong></span> <span class='ocrx_word' id='word_1_295' title='bbox 3526 1387 3874 1442; x_wconf 87' lang='lat' dir='ltr'><strong>convenien-</strong></span> 
     </span>
    </p>
   </div>
   <div class='ocr_carea' id='block_1_44' title="bbox 2216 1472 3870 1544">
    <p class='ocr_par' dir='ltr' id='par_1_44' title="bbox 2216 1472 3870 1544">
     <span class='ocr_line' id='line_1_44' title="bbox 2216 1472 3870 1544; baseline 0.004 -18"><span class='ocrx_word' id='word_1_296' title='bbox 2216 1476 2305 1528; x_wconf 87' lang='lat' dir='ltr'><strong>ter</strong></span> <span class='ocrx_word' id='word_1_297' title='bbox 2333 1472 2449 1528; x_wconf 90' lang='lat' dir='ltr'><strong>Deo</strong></span> <span class='ocrx_word' id='word_1_298' title='bbox 2481 1473 2791 1544; x_wconf 89' lang='lat' dir='ltr'><strong>procedere</strong></span> <span class='ocrx_word' id='word_1_299' title='bbox 2845 1473 3182 1529; x_wconf 81' lang='lat' dir='ltr'><strong>commoniti</strong></span> <span class='ocrx_word' id='word_1_300' title='bbox 3237 1490 3463 1530; x_wconf 89' lang='lat' dir='ltr'><strong>sumus.</strong></span> <span class='ocrx_word' id='word_1_301' title='bbox 3519 1475 3660 1531; x_wconf 86' lang='lat' dir='ltr'><strong>llinc</strong></span> <span class='ocrx_word' id='word_1_302' title='bbox 3709 1477 3870 1532; x_wconf 90' lang='lat' dir='ltr'><strong>enim</strong></span> 
     </span>
    </p>
   </div>
   <div class='ocr_carea' id='block_1_45' title="bbox 2218 1561 3867 1634">
    <p class='ocr_par' dir='ltr' id='par_1_45' title="bbox 2218 1561 3867 1634">
     <span class='ocr_line' id='line_1_45' title="bbox 2218 1561 3867 1634; baseline 0.002 -18"><span class='ocrx_word' id='word_1_303' title='bbox 2218 1561 2432 1616; x_wconf 87' lang='lat' dir='ltr'><strong>factum</strong></span> <span class='ocrx_word' id='word_1_304' title='bbox 2460 1567 2568 1629; x_wconf 89' lang='lat' dir='ltr'><strong>est,</strong></span> <span class='ocrx_word' id='word_1_305' title='bbox 2605 1567 2666 1617; x_wconf 93' lang='lat' dir='ltr'><strong>ut</strong></span> <span class='ocrx_word' id='word_1_306' title='bbox 2724 1561 2907 1618; x_wconf 85' lang='lat' dir='ltr'><strong>Patris</strong></span> <span class='ocrx_word' id='word_1_307' title='bbox 2957 1562 3199 1632; x_wconf 82' lang='lat' dir='ltr'><strong>quidem</strong></span> <span class='ocrx_word' id='word_1_308' title='bbox 3255 1564 3530 1634; x_wconf 85' lang='lat' dir='ltr'><strong>Spiritus,</strong></span> <span class='ocrx_word' id='word_1_309' title='bbox 3573 1563 3701 1618; x_wconf 85' lang='lat' dir='ltr'><strong>Filii</strong></span> <span class='ocrx_word' id='word_1_310' title='bbox 3733 1581 3867 1620; x_wconf 86' lang='lat' dir='ltr'><strong>vero</strong></span> 
     </span>
    </p>
   </div>
   <div class='ocr_carea' id='block_1_46' title="bbox 2219 1651 3871 1724">
    <p class='ocr_par' dir='ltr' id='par_1_46' title="bbox 2219 1651 3871 1724">
     <span class='ocr_line' id='line_1_46' title="bbox 2219 1651 3871 1724; baseline 0.004 -20"><span class='ocrx_word' id='word_1_311' title='bbox 2219 1651 2470 1722; x_wconf 89' lang='lat' dir='ltr'><strong>Spiritus</strong></span> <span class='ocrx_word' id='word_1_312' title='bbox 2526 1657 2772 1707; x_wconf 81' lang='lat' dir='ltr'><strong>Sanctus</strong></span> <span class='ocrx_word' id='word_1_313' title='bbox 2820 1653 3009 1708; x_wconf 92' lang='lat' dir='ltr'><strong>dictus</strong></span> <span class='ocrx_word' id='word_1_314' title='bbox 3045 1653 3140 1720; x_wconf 87' lang='lat' dir='ltr'><strong>sit,</strong></span> <span class='ocrx_word' id='word_1_315' title='bbox 3199 1652 3493 1723; x_wconf 89' lang='lat' dir='ltr'><strong>siquidem</strong></span> <span class='ocrx_word' id='word_1_316' title='bbox 3549 1656 3700 1724; x_wconf 90' lang='lat' dir='ltr'><strong>apud</strong></span> <span class='ocrx_word' id='word_1_317' title='bbox 3761 1672 3871 1712; x_wconf 90' lang='lat' dir='ltr'><strong>nos</strong></span> 
     </span>
    </p>
   </div>
   <div class='ocr_carea' id='block_1_47' title="bbox 2217 1740 3870 1813">
    <p class='ocr_par' dir='ltr' id='par_1_47' title="bbox 2217 1740 3870 1813">
     <span class='ocr_line' id='line_1_47' title="bbox 2217 1740 3870 1813; baseline 0.002 -18"><span class='ocrx_word' id='word_1_318' title='bbox 2217 1740 2524 1812; x_wconf 90' lang='lat' dir='ltr'><strong>utriusque</strong></span> <span class='ocrx_word' id='word_1_319' title='bbox 2551 1740 2760 1796; x_wconf 90' lang='lat' dir='ltr'><strong>horum</strong></span> <span class='ocrx_word' id='word_1_320' title='bbox 2793 1741 3042 1813; x_wconf 87' lang='lat' dir='ltr'><strong>Spiritus</strong></span> <span class='ocrx_word' id='word_1_321' title='bbox 3075 1741 3308 1797; x_wconf 89' lang='lat' dir='ltr'><strong>dicitur.</strong></span> <span class='ocrx_word' id='word_1_322' title='bbox 3342 1743 3519 1799; x_wconf 87' lang='lat' dir='ltr'><strong>Pater</strong></span> <span class='ocrx_word' id='word_1_323' title='bbox 3547 1747 3745 1799; x_wconf 89' lang='lat' dir='ltr'><strong>autem</strong></span> <span class='ocrx_word' id='word_1_324' title='bbox 3779 1744 3870 1800; x_wconf 92' lang='lat' dir='ltr'><strong>vel</strong></span> 
     </span>
    </p>
   </div>
   <div class='ocr_carea' id='block_1_48' title="bbox 2221 1829 3864 1904">
    <p class='ocr_par' dir='ltr' id='par_1_48' title="bbox 2221 1829 3864 1904">
     <span class='ocr_line' id='line_1_48' title="bbox 2221 1829 3864 1904; baseline 0.002 -19"><span class='ocrx_word' id='word_1_325' title='bbox 2221 1829 2401 1885; x_wconf 90' lang='lat' dir='ltr'><strong>Filius</strong></span> <span class='ocrx_word' id='word_1_326' title='bbox 2431 1830 2620 1902; x_wconf 89' lang='lat' dir='ltr'><strong>ipsius</strong></span> <span class='ocrx_word' id='word_1_327' title='bbox 2671 1831 2925 1902; x_wconf 88' lang='lat' dir='ltr'><strong>Spiritus</strong></span> <span class='ocrx_word' id='word_1_328' title='bbox 2957 1848 3070 1886; x_wconf 92' lang='lat' dir='ltr'><strong>non</strong></span> <span class='ocrx_word' id='word_1_329' title='bbox 3105 1831 3266 1900; x_wconf 86' lang='lat' dir='ltr'><strong>item,</strong></span> <span class='ocrx_word' id='word_1_330' title='bbox 3303 1831 3513 1888; x_wconf 88' lang='lat' dir='ltr'><strong>saltem</strong></span> <span class='ocrx_word' id='word_1_331' title='bbox 3545 1833 3702 1904; x_wconf 88' lang='lat' dir='ltr'><strong>apud</strong></span> <span class='ocrx_word' id='word_1_332' title='bbox 3736 1851 3864 1891; x_wconf 90' lang='lat' dir='ltr'><strong>nos.</strong></span> 
     </span>
    </p>
   </div>
   <div class='ocr_carea' id='block_1_49' title="bbox 2218 1919 3866 1992">
    <p class='ocr_par' dir='ltr' id='par_1_49' title="bbox 2218 1919 3866 1992">
     <span class='ocr_line' id='line_1_49' title="bbox 2218 1919 3866 1992; baseline 0.002 -18"><span class='ocrx_word' id='word_1_333' title='bbox 2218 1919 2493 1974; x_wconf 72' lang='lat' dir='ltr'><strong>Caeterum</strong></span> <span class='ocrx_word' id='word_1_334' title='bbox 2519 1919 2898 1976; x_wconf 83' lang='lat' dir='ltr'><strong>Divinitatem</strong></span> <span class='ocrx_word' id='word_1_335' title='bbox 2922 1937 3032 1976; x_wconf 92' lang='lat' dir='ltr'><strong>sua</strong></span> <span class='ocrx_word' id='word_1_336' title='bbox 3055 1920 3244 1992; x_wconf 89' lang='lat' dir='ltr'><strong>ipsius</strong></span> <span class='ocrx_word' id='word_1_337' title='bbox 3273 1925 3487 1976; x_wconf 90' lang='lat' dir='ltr'><strong>natura</strong></span> <span class='ocrx_word' id='word_1_338' title='bbox 3506 1921 3866 1978; x_wconf 67' lang='lat' dir='ltr'><strong>ineffabilem</strong></span> 
     </span>
    </p>
   </div>
   <div class='ocr_carea' id='block_1_50' title="bbox 2216 2011 3865 2086">
    <p class='ocr_par' dir='ltr' id='par_1_50' title="bbox 2216 2011 3865 2086">
     <span class='ocr_line' id='line_1_50' title="bbox 2216 2011 3865 2086; baseline 0.003 -21"><span class='ocrx_word' id='word_1_339' title='bbox 2216 2026 2365 2079; x_wconf 89' lang='lat' dir='ltr'><strong>esse,</strong></span> <span class='ocrx_word' id='word_1_340' title='bbox 2399 2026 2647 2082; x_wconf 77' lang='lat' dir='ltr'><strong>eamque</strong></span> <span class='ocrx_word' id='word_1_341' title='bbox 2679 2012 2841 2082; x_wconf 85' lang='lat' dir='ltr'><strong>adeo,</strong></span> <span class='ocrx_word' id='word_1_342' title='bbox 2877 2027 3052 2083; x_wconf 88' lang='lat' dir='ltr'><strong>quam</strong></span> <span class='ocrx_word' id='word_1_343' title='bbox 3085 2013 3177 2066; x_wconf 84' lang='lat' dir='ltr'><strong>vix</strong></span> <span class='ocrx_word' id='word_1_344' title='bbox 3217 2011 3518 2068; x_wconf 87' lang='lat' dir='ltr'><strong>intellectu</strong></span> <span class='ocrx_word' id='word_1_345' title='bbox 3551 2014 3865 2086; x_wconf 82' lang='lat' dir='ltr'><strong>quisquam</strong></span> 
     </span>
    </p>
   </div>
   <div class='ocr_carea' id='block_1_51' title="bbox 2216 2101 3874 2174">
    <p class='ocr_par' dir='ltr' id='par_1_51' title="bbox 2216 2101 3874 2174">
     <span class='ocr_line' id='line_1_51' title="bbox 2216 2101 3874 2174; baseline 0.002 -17"><span class='ocrx_word' id='word_1_346' title='bbox 2216 2101 2492 2172; x_wconf 88' lang='lat' dir='ltr'><strong>consequi</strong></span> <span class='ocrx_word' id='word_1_347' title='bbox 2522 2103 2730 2174; x_wconf 91' lang='lat' dir='ltr'><strong>possit,</strong></span> <span class='ocrx_word' id='word_1_348' title='bbox 2765 2103 2929 2157; x_wconf 89' lang='lat' dir='ltr'><strong>nulla</strong></span> <span class='ocrx_word' id='word_1_349' title='bbox 2956 2102 3014 2157; x_wconf 94' lang='lat' dir='ltr'><strong>id</strong></span> <span class='ocrx_word' id='word_1_350' title='bbox 3042 2102 3197 2158; x_wconf 89' lang='lat' dir='ltr'><strong>notio</strong></span> <span class='ocrx_word' id='word_1_351' title='bbox 3231 2103 3567 2158; x_wconf 90' lang='lat' dir='ltr'><strong>communis</strong></span> <span class='ocrx_word' id='word_1_352' title='bbox 3599 2105 3874 2174; x_wconf 82' lang='lat' dir='ltr'><strong>opiniove</strong></span> 
     </span>
    </p>
   </div>
   <div class='ocr_carea' id='block_1_52' title="bbox 2215 2189 3877 2262">
    <p class='ocr_par' dir='ltr' id='par_1_52' title="bbox 2215 2189 3877 2262">
     <span class='ocr_line' id='line_1_52' title="bbox 2215 2189 3877 2262; baseline 0.004 -19"><span class='ocrx_word' id='word_1_353' title='bbox 2215 2189 2533 2248; x_wconf 85' lang='lat' dir='ltr'><strong>diffitetur:</strong></span> <span class='ocrx_word' id='word_1_354' title='bbox 2593 2191 2746 2246; x_wconf 91' lang='lat' dir='ltr'><strong>idem</strong></span> <span class='ocrx_word' id='word_1_355' title='bbox 2803 2207 3033 2262; x_wconf 89' lang='lat' dir='ltr'><strong>quoque</strong></span> <span class='ocrx_word' id='word_1_356' title='bbox 3086 2191 3376 2262; x_wconf 87' lang='lat' dir='ltr'><strong>plerisque</strong></span> <span class='ocrx_word' id='word_1_357' title='bbox 3433 2192 3494 2246; x_wconf 90' lang='lat' dir='ltr'><strong>in</strong></span> <span class='ocrx_word' id='word_1_358' title='bbox 3529 2191 3673 2248; x_wconf 87' lang='lat' dir='ltr'><strong>locis</strong></span> <span class='ocrx_word' id='word_1_359' title='bbox 3704 2210 3877 2250; x_wconf 81' lang='lat' dir='ltr'><strong>sacra</strong></span> 
     </span>
    </p>
   </div>
   <div class='ocr_carea' id='block_1_53' title="bbox 2215 2277 3882 2351">
    <p class='ocr_par' dir='ltr' id='par_1_53' title="bbox 2215 2277 3882 2351">
     <span class='ocr_line' id='line_1_53' title="bbox 2215 2277 3882 2351; baseline 0.004 -19"><span class='ocrx_word' id='word_1_360' title='bbox 2215 2277 2834 2350; x_wconf 72' lang='lat' dir='ltr'><strong>Scripturapraadicat,</strong></span> <span class='ocrx_word' id='word_1_361' title='bbox 2865 2281 3321 2351; x_wconf 89' lang='lat' dir='ltr'><strong>sapientumque</strong></span> <span class='ocrx_word' id='word_1_362' title='bbox 3369 2281 3606 2337; x_wconf 89' lang='lat' dir='ltr'><strong>Patrum</strong></span> <span class='ocrx_word' id='word_1_363' title='bbox 3655 2291 3882 2339; x_wconf 86' lang='lat' dir='ltr'><strong>nostro-</strong></span> 
     </span>
    </p>
   </div>
   <div class='ocr_carea' id='block_1_54' title="bbox 2217 2368 3324 2426">
    <p class='ocr_par' dir='ltr' id='par_1_54' title="bbox 2217 2368 3324 2426">
     <span class='ocr_line' id='line_1_54' title="bbox 2217 2368 3324 2426; baseline 0.002 -4"><span class='ocrx_word' id='word_1_364' title='bbox 2217 2383 2346 2423; x_wconf 90' lang='lat' dir='ltr'><strong>rum</strong></span> <span class='ocrx_word' id='word_1_365' title='bbox 2383 2368 2497 2426; x_wconf 90' lang='lat' dir='ltr'><strong>fere</strong></span> <span class='ocrx_word' id='word_1_366' title='bbox 2527 2368 2740 2425; x_wconf 89' lang='lat' dir='ltr'><strong>chorus</strong></span> <span class='ocrx_word' id='word_1_367' title='bbox 2771 2368 2960 2425; x_wconf 92' lang='lat' dir='ltr'><strong>omnis</strong></span> <span class='ocrx_word' id='word_1_368' title='bbox 2991 2372 3324 2425; x_wconf 88' lang='lat' dir='ltr'><strong>attestatur.</strong></span> 
     </span>
    </p>
   </div>
   <div class='ocr_carea' id='block_1_55' title="bbox 2842 2528 3233 2584">
    <p class='ocr_par' dir='ltr' id='par_1_55' title="bbox 2842 2528 3233 2584">
     <span class='ocr_line' id='line_1_55' title="bbox 2842 2528 3233 2584; baseline 0.003 -1"><span class='ocrx_word' id='word_1_369' title='bbox 2842 2531 2996 2584; x_wconf 85' lang='lat' dir='ltr'><strong>CAP.</strong></span> <span class='ocrx_word' id='word_1_370' title='bbox 3041 2528 3233 2584; x_wconf 82' lang='lat' dir='ltr'><strong>XXXI.</strong></span> 
     </span>
    </p>
   </div>
   <div class='ocr_carea' id='block_1_56' title="bbox 2338 2671 3748 2745">
    <p class='ocr_par' dir='ltr' id='par_1_56' title="bbox 2338 2671 3748 2745">
     <span class='ocr_line' id='line_1_56' title="bbox 2338 2671 3748 2745; baseline 0.001 -16"><span class='ocrx_word' id='word_1_371' title='bbox 2338 2671 2631 2745; x_wconf 75' lang='lat' dir='ltr'><strong>Expositio</strong></span> <span class='ocrx_word' id='word_1_372' title='bbox 2661 2672 2826 2745; x_wconf 64' lang='lat' dir='ltr'><strong>Fidei</strong></span> <span class='ocrx_word' id='word_1_373' title='bbox 2852 2674 2990 2742; x_wconf 70' lang='lat' dir='ltr'><strong>(quae</strong></span> <span class='ocrx_word' id='word_1_374' title='bbox 3019 2671 3450 2742; x_wconf 61' lang='lat' dir='ltr'><strong>precedentium</strong></span> <span class='ocrx_word' id='word_1_375' title='bbox 3480 2676 3748 2730; x_wconf 81' lang='lat' dir='ltr'><strong>omnium</strong></span> 
     </span>
    </p>
   </div>
   <div class='ocr_carea' id='block_1_57' title="bbox 2523 2744 3565 2818">
    <p class='ocr_par' dir='ltr' id='par_1_57' title="bbox 2523 2744 3565 2818">
     <span class='ocr_line' id='line_1_57' title="bbox 2523 2744 3565 2818; baseline 0 -19"><span class='ocrx_word' id='word_1_376' title='bbox 2523 2744 2952 2816; x_wconf 77' lang='lat' dir='ltr'><strong>anacephaleosi</strong></span> <span class='ocrx_word' id='word_1_377' title='bbox 2978 2746 3261 2801; x_wconf 81' lang='lat' dir='ltr'><strong>succincta</strong></span> <span class='ocrx_word' id='word_1_378' title='bbox 3298 2746 3565 2818; x_wconf 83' lang='lat' dir='ltr'><strong>constat.)</strong></span> 
     </span>
    </p>
   </div>
   <div class='ocr_carea' id='block_1_58' title="bbox 2286 2907 3864 2980">
    <p class='ocr_par' dir='ltr' id='par_1_58' title="bbox 2286 2907 3864 2980">
     <span class='ocr_line' id='line_1_58' title="bbox 2286 2907 3864 2980; baseline 0.004 -19"><span class='ocrx_word' id='word_1_379' title='bbox 2286 2911 2601 2976; x_wconf 83' lang='lat' dir='ltr'><strong>Hactenus,</strong></span> <span class='ocrx_word' id='word_1_380' title='bbox 2633 2907 2926 2980; x_wconf 88' lang='lat' dir='ltr'><strong>congestis</strong></span> <span class='ocrx_word' id='word_1_381' title='bbox 2957 2911 3292 2965; x_wconf 88' lang='lat' dir='ltr'><strong>sanctorum</strong></span> <span class='ocrx_word' id='word_1_382' title='bbox 3345 2909 3583 2965; x_wconf 85' lang='lat' dir='ltr'><strong>Patrum</strong></span> <span class='ocrx_word' id='word_1_383' title='bbox 3630 2916 3864 2966; x_wconf 82' lang='lat' dir='ltr'><strong>senten-</strong></span> 
     </span>
    </p>
   </div>
   <div class='ocr_carea' id='block_1_59' title="bbox 2211 2998 3860 3070">
    <p class='ocr_par' dir='ltr' id='par_1_59' title="bbox 2211 2998 3860 3070">
     <span class='ocr_line' id='line_1_59' title="bbox 2211 2998 3860 3070; baseline 0.003 -18"><span class='ocrx_word' id='word_1_384' title='bbox 2211 2998 2337 3066; x_wconf 92' lang='lat' dir='ltr'><strong>tiis,</strong></span> <span class='ocrx_word' id='word_1_385' title='bbox 2407 2998 2749 3054; x_wconf 89' lang='lat' dir='ltr'><strong>Trinitatem</strong></span> <span class='ocrx_word' id='word_1_386' title='bbox 2801 2998 3088 3068; x_wconf 80' lang='lat' dir='ltr'><strong>ejusdem</strong></span> <span class='ocrx_word' id='word_1_387' title='bbox 3174 3002 3422 3066; x_wconf 69' lang='lat' dir='ltr'><strong>natura,</strong></span> <span class='ocrx_word' id='word_1_388' title='bbox 3516 3001 3860 3070; x_wconf 84' lang='lat' dir='ltr'><strong>majestatis,</strong></span> 
     </span>
    </p>
   </div>
   <div class='ocr_carea' id='block_1_60' title="bbox 2213 3085 3854 3159">
    <p class='ocr_par' dir='ltr' id='par_1_60' title="bbox 2213 3085 3854 3159">
     <span class='ocr_line' id='line_1_60' title="bbox 2213 3085 3854 3159; baseline 0.001 -17"><span class='ocrx_word' id='word_1_389' title='bbox 2213 3087 2484 3158; x_wconf 64' lang='lat' dir='ltr'><strong>potentias</strong></span> <span class='ocrx_word' id='word_1_390' title='bbox 2520 3093 2694 3158; x_wconf 87' lang='lat' dir='ltr'><strong>atque</strong></span> <span class='ocrx_word' id='word_1_391' title='bbox 2725 3085 3066 3142; x_wconf 74' lang='lat' dir='ltr'><strong>aaternitatis</strong></span> <span class='ocrx_word' id='word_1_392' title='bbox 3116 3103 3246 3143; x_wconf 90' lang='lat' dir='ltr'><strong>esse</strong></span> <span class='ocrx_word' id='word_1_393' title='bbox 3276 3087 3417 3143; x_wconf 87' lang='lat' dir='ltr'><strong>satis</strong></span> <span class='ocrx_word' id='word_1_394' title='bbox 3445 3105 3726 3159; x_wconf 89' lang='lat' dir='ltr'><strong>superque</strong></span> <span class='ocrx_word' id='word_1_395' title='bbox 3749 3090 3854 3143; x_wconf 84' lang='lat' dir='ltr'><strong>do-</strong></span> 
     </span>
    </p>
   </div>
   <div class='ocr_carea' id='block_1_61' title="bbox 455 3172 3841 3267">
    <p class='ocr_par' dir='ltr' id='par_1_61' title="bbox 455 3172 3841 3267">
     <span class='ocr_line' id='line_1_61' title="bbox 455 3172 3841 3267; baseline -0.003 -28"><span class='ocrx_word' id='word_1_396' title='bbox 455 3184 691 3240; x_wconf 91' lang='lat' dir='ltr'><strong>nomine</strong></span> <span class='ocrx_word' id='word_1_397' title='bbox 725 3180 1160 3251; x_wconf 89' lang='lat' dir='ltr'><strong>compellemus,</strong></span> <span class='ocrx_word' id='word_1_398' title='bbox 1190 3178 1247 3233; x_wconf 91' lang='lat' dir='ltr'><strong>id</strong></span> <span class='ocrx_word' id='word_1_399' title='bbox 1301 3177 1556 3248; x_wconf 85' lang='lat' dir='ltr'><strong>profecto</strong></span> <span class='ocrx_word' id='word_1_400' title='bbox 1586 3174 1738 3228; x_wconf 90' lang='lat' dir='ltr'><strong>inter</strong></span> <span class='ocrx_word' id='word_1_401' title='bbox 1775 3172 1873 3227; x_wconf 92' lang='lat' dir='ltr'><strong>illa</strong></span> <span class='ocrx_word' id='word_1_402' title='bbox 1903 3187 2102 3227; x_wconf 89' lang='lat' dir='ltr'><strong>cense-</strong></span> <span class='ocrx_word' id='word_1_403' title='bbox 2141 3198 2184 3267; x_wconf 67' lang='grc' dir='ltr'>α</span> <span class='ocrx_word' id='word_1_404' title='bbox 2220 3176 2477 3241; x_wconf 88' lang='lat' dir='ltr'><strong>cuimus,</strong></span> <span class='ocrx_word' id='word_1_405' title='bbox 2511 3175 2757 3248; x_wconf 84' lang='lat' dir='ltr'><strong>Filiique</strong></span> <span class='ocrx_word' id='word_1_406' title='bbox 2788 3175 2846 3231; x_wconf 92' lang='lat' dir='ltr'><strong>in</strong></span> <span class='ocrx_word' id='word_1_407' title='bbox 2877 3192 3049 3231; x_wconf 87' lang='lat' dir='ltr'><strong>carne</strong></span> <span class='ocrx_word' id='word_1_408' title='bbox 3072 3177 3390 3231; x_wconf 87' lang='lat' dir='ltr'><strong>adventum</strong></span> <span class='ocrx_word' id='word_1_409' title='bbox 3425 3177 3841 3247; x_wconf 81' lang='lat' dir='ltr'><strong>subjunximus.</strong></span> 
     </span>
    </p>
   </div>
   <div class='ocr_carea' id='block_1_62' title="bbox 456 3259 2098 3340">
    <p class='ocr_par' dir='ltr' id='par_1_62' title="bbox 456 3259 2098 3340">
     <span class='ocr_line' id='line_1_62' title="bbox 456 3259 2098 3340; baseline -0.008 -13"><span class='ocrx_word' id='word_1_410' title='bbox 456 3274 636 3340; x_wconf 88' lang='lat' dir='ltr'><strong>bitur,</strong></span> <span class='ocrx_word' id='word_1_411' title='bbox 672 3286 796 3340; x_wconf 66' lang='lat' dir='ltr'><strong>quae</strong></span> <span class='ocrx_word' id='word_1_412' title='bbox 820 3269 1098 3338; x_wconf 59' lang='lat' dir='ltr'><strong>,ﬁeri,aut</strong></span> <span class='ocrx_word' id='word_1_413' title='bbox 1123 3284 1191 3322; x_wconf 86' lang='lat' dir='ltr'><strong>ex</strong></span> <span class='ocrx_word' id='word_1_414' title='bbox 1225 3262 1684 3338; x_wconf 61' lang='lat' dir='ltr'><strong>praecedentibus</strong></span> <span class='ocrx_word' id='word_1_415' title='bbox 1706 3261 1904 3317; x_wconf 86' lang='lat' dir='ltr'><strong>inferri</strong></span> <span class='ocrx_word' id='word_1_416' title='bbox 1939 3259 2098 3315; x_wconf 91' lang='lat' dir='ltr'><strong>nullo</strong></span> 
     </span>
    </p>
   </div>
   <div class='ocr_carea' id='block_1_63' title="bbox 458 3349 2099 3429">
    <p class='ocr_par' dir='ltr' id='par_1_63' title="bbox 458 3349 2099 3429">
     <span class='ocr_line' id='line_1_63' title="bbox 458 3349 2099 3429; baseline -0.006 -15"><span class='ocrx_word' id='word_1_417' title='bbox 458 3360 627 3415; x_wconf 91' lang='lat' dir='ltr'><strong>modo</strong></span> <span class='ocrx_word' id='word_1_418' title='bbox 660 3365 924 3429; x_wconf 88' lang='lat' dir='ltr'><strong>possunt.</strong></span> <span class='ocrx_word' id='word_1_419' title='bbox 959 3357 1209 3410; x_wconf 86' lang='lat' dir='ltr'><strong>Proinde</strong></span> <span class='ocrx_word' id='word_1_420' title='bbox 1257 3370 1389 3409; x_wconf 88' lang='lat' dir='ltr'><strong>cum</strong></span> <span class='ocrx_word' id='word_1_421' title='bbox 1430 3353 1603 3407; x_wconf 88' lang='lat' dir='ltr'><strong>Pater</strong></span> <span class='ocrx_word' id='word_1_422' title='bbox 1655 3349 2099 3422; x_wconf 69' lang='lat' dir='ltr'><strong>praedicabatur,</strong></span> 
     </span>
    </p>
   </div>
   <div class='ocr_carea' id='block_1_64' title="bbox 457 3439 2102 3521">
    <p class='ocr_par' dir='ltr' id='par_1_64' title="bbox 457 3439 2102 3521">
     <span class='ocr_line' id='line_1_64' title="bbox 457 3439 2102 3521; baseline -0.005 -19"><span class='ocrx_word' id='word_1_423' title='bbox 457 3452 695 3521; x_wconf 91' lang='lat' dir='ltr'><strong>propter</strong></span> <span class='ocrx_word' id='word_1_424' title='bbox 725 3446 880 3501; x_wconf 91' lang='lat' dir='ltr'><strong>vocis</strong></span> <span class='ocrx_word' id='word_1_425' title='bbox 911 3444 1180 3508; x_wconf 84' lang='lat' dir='ltr'><strong>abusum,</strong></span> <span class='ocrx_word' id='word_1_426' title='bbox 1211 3443 1312 3514; x_wconf 91' lang='lat' dir='ltr'><strong>qui</strong></span> <span class='ocrx_word' id='word_1_427' title='bbox 1344 3450 1483 3496; x_wconf 88' lang='lat' dir='ltr'><strong>tunc</strong></span> <span class='ocrx_word' id='word_1_428' title='bbox 1528 3439 1862 3503; x_wconf 88' lang='lat' dir='ltr'><strong>inoleverat,</strong></span> <span class='ocrx_word' id='word_1_429' title='bbox 1902 3454 2102 3510; x_wconf 88' lang='lat' dir='ltr'><strong>perso-</strong></span> 
     </span>
    </p>
   </div>
   <div class='ocr_carea' id='block_1_65' title="bbox 460 3527 2100 3605">
    <p class='ocr_par' dir='ltr' id='par_1_65' title="bbox 460 3527 2100 3605">
     <span class='ocr_line' id='line_1_65' title="bbox 460 3527 2100 3605; baseline -0.007 -12"><span class='ocrx_word' id='word_1_430' title='bbox 460 3554 596 3593; x_wconf 90' lang='lat' dir='ltr'><strong>nam</strong></span> <span class='ocrx_word' id='word_1_431' title='bbox 631 3536 860 3592; x_wconf 90' lang='lat' dir='ltr'><strong>unicam</strong></span> <span class='ocrx_word' id='word_1_432' title='bbox 912 3535 1207 3605; x_wconf 87' lang='lat' dir='ltr'><strong>plerisque</strong></span> <span class='ocrx_word' id='word_1_433' title='bbox 1239 3530 1554 3586; x_wconf 84' lang='lat' dir='ltr'><strong>denotabat</strong></span> <span class='ocrx_word' id='word_1_434' title='bbox 1583 3533 1639 3584; x_wconf 88' lang='lat' dir='ltr'><strong>et</strong></span> <span class='ocrx_word' id='word_1_435' title='bbox 1672 3527 2100 3584; x_wconf 88' lang='lat' dir='ltr'><strong>subindicabat.</strong></span> 
     </span>
    </p>
   </div>
   <div class='ocr_carea' id='block_1_66' title="bbox 456 3617 2101 3692">
    <p class='ocr_par' dir='ltr' id='par_1_66' title="bbox 456 3617 2101 3692">
     <span class='ocr_line' id='line_1_66' title="bbox 456 3617 2101 3692; baseline -0.007 -11"><span class='ocrx_word' id='word_1_436' title='bbox 456 3626 619 3690; x_wconf 90' lang='lat' dir='ltr'><strong>Quod</strong></span> <span class='ocrx_word' id='word_1_437' title='bbox 678 3625 726 3680; x_wconf 91' lang='lat' dir='ltr'><strong>si</strong></span> <span class='ocrx_word' id='word_1_438' title='bbox 783 3623 939 3679; x_wconf 83' lang='lat' dir='ltr'><strong>ﬁlius</strong></span> <span class='ocrx_word' id='word_1_439' title='bbox 993 3627 1095 3678; x_wconf 88' lang='lat' dir='ltr'><strong>aut</strong></span> <span class='ocrx_word' id='word_1_440' title='bbox 1153 3620 1404 3692; x_wconf 87' lang='lat' dir='ltr'><strong>Spiritus</strong></span> <span class='ocrx_word' id='word_1_441' title='bbox 1457 3617 1924 3684; x_wconf 83' lang='lat' dir='ltr'><strong>annuntiaretur,</strong></span> <span class='ocrx_word' id='word_1_442' title='bbox 1974 3617 2101 3671; x_wconf 66' lang='lat' dir='ltr'><strong>duae</strong></span> 
     </span>
    </p>
   </div>
   <div class='ocr_carea' id='block_1_67' title="bbox 456 3705 2101 3786">
    <p class='ocr_par' dir='ltr' id='par_1_67' title="bbox 456 3705 2101 3786">
     <span class='ocr_line' id='line_1_67' title="bbox 456 3705 2101 3786; baseline -0.007 -16"><span class='ocrx_word' id='word_1_443' title='bbox 456 3731 697 3786; x_wconf 84' lang='lat' dir='ltr'><strong>prorsus</strong></span> <span class='ocrx_word' id='word_1_444' title='bbox 737 3713 1079 3786; x_wconf 84' lang='lat' dir='ltr'><strong>hypostases</strong></span> <span class='ocrx_word' id='word_1_445' title='bbox 1127 3711 1187 3766; x_wconf 92' lang='lat' dir='ltr'><strong>in</strong></span> <span class='ocrx_word' id='word_1_446' title='bbox 1233 3707 1494 3765; x_wconf 87' lang='lat' dir='ltr'><strong>confesso</strong></span> <span class='ocrx_word' id='word_1_447' title='bbox 1551 3715 1732 3762; x_wconf 89' lang='lat' dir='ltr'><strong>erant.</strong></span> <span class='ocrx_word' id='word_1_448' title='bbox 1785 3705 1891 3770; x_wconf 89' lang='lat' dir='ltr'><strong>Qui</strong></span> <span class='ocrx_word' id='word_1_449' title='bbox 1945 3706 2101 3761; x_wconf 88' lang='lat' dir='ltr'><strong>enim</strong></span> 
     </span>
    </p>
   </div>
   <div class='ocr_carea' id='block_1_68' title="bbox 460 3796 2100 3868">
    <p class='ocr_par' dir='ltr' id='par_1_68' title="bbox 460 3796 2100 3868">
     <span class='ocr_line' id='line_1_68' title="bbox 460 3796 2100 3868; baseline -0.006 -8"><span class='ocrx_word' id='word_1_450' title='bbox 460 3804 592 3860; x_wconf 87' lang='lat' dir='ltr'><strong>Filii</strong></span> <span class='ocrx_word' id='word_1_451' title='bbox 633 3821 844 3860; x_wconf 83' lang='lat' dir='ltr'><strong>nomen</strong></span> <span class='ocrx_word' id='word_1_452' title='bbox 905 3801 1199 3868; x_wconf 90' lang='lat' dir='ltr'><strong>audiebat,</strong></span> <span class='ocrx_word' id='word_1_453' title='bbox 1245 3816 1312 3854; x_wconf 83' lang='lat' dir='ltr'><strong>ex</strong></span> <span class='ocrx_word' id='word_1_454' title='bbox 1365 3797 1688 3855; x_wconf 87' lang='lat' dir='ltr'><strong>continenti</strong></span> <span class='ocrx_word' id='word_1_455' title='bbox 1745 3796 1816 3853; x_wconf 88' lang='lat' dir='ltr'><strong>ad</strong></span> <span class='ocrx_word' id='word_1_456' title='bbox 1875 3797 2100 3850; x_wconf 87' lang='lat' dir='ltr'><strong>Patrem</strong></span> 
     </span>
    </p>
   </div>
   <div class='ocr_carea' id='block_1_69' title="bbox 456 3883 2103 3960">
    <p class='ocr_par' dir='ltr' id='par_1_69' title="bbox 456 3883 2103 3960">
     <span class='ocr_line' id='line_1_69' title="bbox 456 3883 2103 3960; baseline -0.006 -12"><span class='ocrx_word' id='word_1_457' title='bbox 456 3893 652 3948; x_wconf 90' lang='lat' dir='ltr'><strong>animo</strong></span> <span class='ocrx_word' id='word_1_458' title='bbox 687 3889 1164 3947; x_wconf 89' lang='lat' dir='ltr'><strong>ferebatur.ldem</strong></span> <span class='ocrx_word' id='word_1_459' title='bbox 1198 3904 1436 3960; x_wconf 90' lang='lat' dir='ltr'><strong>prorsus</strong></span> <span class='ocrx_word' id='word_1_460' title='bbox 1468 3887 1526 3942; x_wconf 93' lang='lat' dir='ltr'><strong>in</strong></span> <span class='ocrx_word' id='word_1_461' title='bbox 1557 3885 1811 3957; x_wconf 82' lang='lat' dir='ltr'><strong>Spiritus</strong></span> <span class='ocrx_word' id='word_1_462' title='bbox 1841 3883 2103 3956; x_wconf 90' lang='lat' dir='ltr'><strong>appella-</strong></span> 
     </span>
    </p>
   </div>
   <div class='ocr_carea' id='block_1_70' title="bbox 455 3974 2104 4050">
    <p class='ocr_par' dir='ltr' id='par_1_70' title="bbox 455 3974 2104 4050">
     <span class='ocr_line' id='line_1_70' title="bbox 455 3974 2104 4050; baseline -0.006 -12"><span class='ocrx_word' id='word_1_463' title='bbox 455 3983 612 4038; x_wconf 89' lang='lat' dir='ltr'><strong>tione</strong></span> <span class='ocrx_word' id='word_1_464' title='bbox 643 3980 1038 4050; x_wconf 83' lang='lat' dir='ltr'><strong>contingebat.</strong></span> <span class='ocrx_word' id='word_1_465' title='bbox 1099 3977 1422 4048; x_wconf 87' lang='lat' dir='ltr'><strong>Cujusnam</strong></span> <span class='ocrx_word' id='word_1_466' title='bbox 1472 3976 1627 4031; x_wconf 88' lang='lat' dir='ltr'><strong>enim</strong></span> <span class='ocrx_word' id='word_1_467' title='bbox 1662 3974 1917 4048; x_wconf 88' lang='lat' dir='ltr'><strong>Spiritus</strong></span> <span class='ocrx_word' id='word_1_468' title='bbox 1948 3976 2104 4028; x_wconf 85' lang='lat' dir='ltr'><strong>esset</strong></span> 
     </span>
    </p>
   </div>
   <div class='ocr_carea' id='block_1_71' title="bbox 455 4064 2102 4140">
    <p class='ocr_par' dir='ltr' id='par_1_71' title="bbox 455 4064 2102 4140">
     <span class='ocr_line' id='line_1_71' title="bbox 455 4064 2102 4140; baseline -0.005 -15"><span class='ocrx_word' id='word_1_469' title='bbox 455 4070 604 4125; x_wconf 85' lang='lat' dir='ltr'><strong>ratio</strong></span> <span class='ocrx_word' id='word_1_470' title='bbox 650 4069 1038 4140; x_wconf 87' lang='lat' dir='ltr'><strong>disquirebat.</strong></span> <span class='ocrx_word' id='word_1_471' title='bbox 1078 4072 1285 4138; x_wconf 75' lang='lat' dir='ltr'><strong>Atque,</strong></span> <span class='ocrx_word' id='word_1_472' title='bbox 1316 4069 1379 4121; x_wconf 90' lang='lat' dir='ltr'><strong>ut</strong></span> <span class='ocrx_word' id='word_1_473' title='bbox 1407 4065 1489 4120; x_wconf 87' lang='lat' dir='ltr'><strong>ita</strong></span> <span class='ocrx_word' id='word_1_474' title='bbox 1517 4065 1732 4131; x_wconf 87' lang='lat' dir='ltr'><strong>dicam,</strong></span> <span class='ocrx_word' id='word_1_475' title='bbox 1765 4064 2102 4136; x_wconf 90' lang='lat' dir='ltr'><strong>quicunque</strong></span> 
     </span>
    </p>
   </div>
   <div class='ocr_carea' id='block_1_72' title="bbox 461 4152 2100 4229">
    <p class='ocr_par' dir='ltr' id='par_1_72' title="bbox 461 4152 2100 4229">
     <span class='ocr_line' id='line_1_72' title="bbox 461 4152 2100 4229; baseline -0.004 -15"><span class='ocrx_word' id='word_1_476' title='bbox 461 4158 644 4214; x_wconf 91' lang='lat' dir='ltr'><strong>Deum</strong></span> <span class='ocrx_word' id='word_1_477' title='bbox 674 4158 918 4213; x_wconf 87' lang='lat' dir='ltr'><strong>rationis</strong></span> <span class='ocrx_word' id='word_1_478' title='bbox 949 4161 1241 4229; x_wconf 88' lang='lat' dir='ltr'><strong>expertem</strong></span> <span class='ocrx_word' id='word_1_479' title='bbox 1275 4172 1389 4211; x_wconf 92' lang='lat' dir='ltr'><strong>non</strong></span> <span class='ocrx_word' id='word_1_480' title='bbox 1439 4154 1765 4226; x_wconf 80' lang='lat' dir='ltr'><strong>profitetur,</strong></span> <span class='ocrx_word' id='word_1_481' title='bbox 1817 4153 1864 4207; x_wconf 91' lang='lat' dir='ltr'><strong>is</strong></span> <span class='ocrx_word' id='word_1_482' title='bbox 1896 4152 2100 4207; x_wconf 88' lang='lat' dir='ltr'><strong>eadem</strong></span> 
     </span>
    </p>
   </div>
   <div class='ocr_carea' id='block_1_73' title="bbox 456 4240 2098 4318">
    <p class='ocr_par' dir='ltr' id='par_1_73' title="bbox 456 4240 2098 4318">
     <span class='ocr_line' id='line_1_73' title="bbox 456 4240 2098 4318; baseline -0.003 -16"><span class='ocrx_word' id='word_1_483' title='bbox 456 4263 702 4318; x_wconf 86' lang='lat' dir='ltr'><strong>prorsus</strong></span> <span class='ocrx_word' id='word_1_484' title='bbox 734 4262 910 4318; x_wconf 84' lang='lat' dir='ltr'><strong>Opera</strong></span> <span class='ocrx_word' id='word_1_485' title='bbox 940 4245 1180 4301; x_wconf 91' lang='lat' dir='ltr'><strong>rationis</strong></span> <span class='ocrx_word' id='word_1_486' title='bbox 1241 4243 1579 4316; x_wconf 82' lang='lat' dir='ltr'><strong>participem</strong></span> <span class='ocrx_word' id='word_1_487' title='bbox 1611 4257 1738 4298; x_wconf 84' lang='lat' dir='ltr'><strong>esse</strong></span> <span class='ocrx_word' id='word_1_488' title='bbox 1778 4240 2098 4297; x_wconf 88' lang='lat' dir='ltr'><strong>contendit.</strong></span> 
     </span>
    </p>
   </div>
   <div class='ocr_carea' id='block_1_74' title="bbox 455 4330 2101 4408">
    <p class='ocr_par' dir='ltr' id='par_1_74' title="bbox 455 4330 2101 4408">
     <span class='ocr_line' id='line_1_74' title="bbox 455 4330 2101 4408; baseline -0.004 -17"><span class='ocrx_word' id='word_1_489' title='bbox 455 4337 598 4406; x_wconf 87' lang='lat' dir='ltr'><strong>Ejus</strong></span> <span class='ocrx_word' id='word_1_490' title='bbox 630 4351 802 4408; x_wconf 87' lang='lat' dir='ltr'><strong>porro</strong></span> <span class='ocrx_word' id='word_1_491' title='bbox 833 4335 932 4408; x_wconf 90' lang='lat' dir='ltr'><strong>qui</strong></span> <span class='ocrx_word' id='word_1_492' title='bbox 987 4338 1075 4390; x_wconf 91' lang='lat' dir='ltr'><strong>est</strong></span> <span class='ocrx_word' id='word_1_493' title='bbox 1100 4332 1471 4398; x_wconf 89' lang='lat' dir='ltr'><strong>immortalis,</strong></span> <span class='ocrx_word' id='word_1_494' title='bbox 1505 4330 1836 4387; x_wconf 87' lang='lat' dir='ltr'><strong>immortale</strong></span> <span class='ocrx_word' id='word_1_495' title='bbox 1868 4346 2101 4402; x_wconf 88' lang='lat' dir='ltr'><strong>quoque</strong></span> 
     </span>
    </p>
   </div>
   <div class='ocr_carea' id='block_1_75' title="bbox 455 4419 2095 4487">
    <p class='ocr_par' dir='ltr' id='par_1_75' title="bbox 455 4419 2095 4487">
     <span class='ocr_line' id='line_1_75' title="bbox 455 4419 2095 4487; baseline -0.004 -6"><span class='ocrx_word' id='word_1_496' title='bbox 455 4426 694 4482; x_wconf 88' lang='lat' dir='ltr'><strong>verbum</strong></span> <span class='ocrx_word' id='word_1_497' title='bbox 727 4429 1016 4480; x_wconf 89' lang='lat' dir='ltr'><strong>censetur.</strong></span> <span class='ocrx_word' id='word_1_498' title='bbox 1049 4424 1178 4479; x_wconf 89' lang='lat' dir='ltr'><strong>Jam</strong></span> <span class='ocrx_word' id='word_1_499' title='bbox 1235 4420 1565 4478; x_wconf 88' lang='lat' dir='ltr'><strong>immortale</strong></span> <span class='ocrx_word' id='word_1_500' title='bbox 1622 4420 1862 4475; x_wconf 89' lang='lat' dir='ltr'><strong>verbum</strong></span> <span class='ocrx_word' id='word_1_501' title='bbox 1915 4419 2095 4487; x_wconf 88' lang='lat' dir='ltr'><strong>aliud,</strong></span> 
     </span>
    </p>
   </div>
   <div class='ocr_carea' id='block_1_76' title="bbox 2219 3265 3845 3337">
    <p class='ocr_par' dir='ltr' id='par_1_76' title="bbox 2219 3265 3845 3337">
     <span class='ocr_line' id='line_1_76' title="bbox 2219 3265 3845 3337; baseline -0.001 -16"><span class='ocrx_word' id='word_1_502' title='bbox 2219 3267 2366 3334; x_wconf 85' lang='lat' dir='ltr'><strong>Quia</strong></span> <span class='ocrx_word' id='word_1_503' title='bbox 2397 3282 2528 3322; x_wconf 90' lang='lat' dir='ltr'><strong>vero</strong></span> <span class='ocrx_word' id='word_1_504' title='bbox 2586 3266 2847 3321; x_wconf 82' lang='lat' dir='ltr'><strong>facturus</strong></span> <span class='ocrx_word' id='word_1_505' title='bbox 2879 3281 3064 3337; x_wconf 67' lang='lat' dir='ltr'><strong>opera:</strong></span> <span class='ocrx_word' id='word_1_506' title='bbox 3096 3265 3351 3336; x_wconf 87' lang='lat' dir='ltr'><strong>pretium</strong></span> <span class='ocrx_word' id='word_1_507' title='bbox 3383 3266 3511 3320; x_wconf 86' lang='lat' dir='ltr'><strong>mihi</strong></span> <span class='ocrx_word' id='word_1_508' title='bbox 3540 3265 3756 3330; x_wconf 91' lang='lat' dir='ltr'><strong>videor,</strong></span> <span class='ocrx_word' id='word_1_509' title='bbox 3789 3265 3845 3320; x_wconf 88' lang='lat' dir='ltr'><strong>si</strong></span> 
     </span>
    </p>
   </div>
   <div class='ocr_carea' id='block_1_77' title="bbox 2212 3353 3858 3428">
    <p class='ocr_par' dir='ltr' id='par_1_77' title="bbox 2212 3353 3858 3428">
     <span class='ocr_line' id='line_1_77' title="bbox 2212 3353 3858 3428; baseline 0 -17"><span class='ocrx_word' id='word_1_510' title='bbox 2212 3373 2340 3428; x_wconf 73' lang='lat' dir='ltr'><strong>quae</strong></span> <span class='ocrx_word' id='word_1_511' title='bbox 2373 3355 2575 3410; x_wconf 88' lang='lat' dir='ltr'><strong>multis</strong></span> <span class='ocrx_word' id='word_1_512' title='bbox 2602 3358 2659 3410; x_wconf 89' lang='lat' dir='ltr'><strong>et</strong></span> <span class='ocrx_word' id='word_1_513' title='bbox 2698 3354 2874 3410; x_wconf 88' lang='lat' dir='ltr'><strong>variis</strong></span> <span class='ocrx_word' id='word_1_514' title='bbox 2933 3353 3256 3410; x_wconf 83' lang='lat' dir='ltr'><strong>dictionum</strong></span> <span class='ocrx_word' id='word_1_515' title='bbox 3317 3354 3858 3426; x_wconf 87' lang='lat' dir='ltr'><strong>sententiarumque</strong></span> 
     </span>
    </p>
   </div>
   <div class='ocr_carea' id='block_1_78' title="bbox 2213 3443 3859 3511">
    <p class='ocr_par' dir='ltr' id='par_1_78' title="bbox 2213 3443 3859 3511">
     <span class='ocr_line' id='line_1_78' title="bbox 2213 3443 3859 3511; baseline -0.001 -10"><span class='ocrx_word' id='word_1_516' title='bbox 2213 3443 2764 3501; x_wconf 89' lang='lat' dir='ltr'><strong>circumcisionibus</strong></span> <span class='ocrx_word' id='word_1_517' title='bbox 2822 3448 2878 3499; x_wconf 88' lang='lat' dir='ltr'><strong>et</strong></span> <span class='ocrx_word' id='word_1_518' title='bbox 2908 3443 3270 3499; x_wconf 86' lang='lat' dir='ltr'><strong>anfractibus</strong></span> <span class='ocrx_word' id='word_1_519' title='bbox 3304 3445 3455 3499; x_wconf 90' lang='lat' dir='ltr'><strong>dicta</strong></span> <span class='ocrx_word' id='word_1_520' title='bbox 3493 3449 3649 3511; x_wconf 90' lang='lat' dir='ltr'><strong>sunt,</strong></span> <span class='ocrx_word' id='word_1_521' title='bbox 3703 3451 3758 3499; x_wconf 88' lang='lat' dir='ltr'><strong>et</strong></span> <span class='ocrx_word' id='word_1_522' title='bbox 3790 3447 3859 3500; x_wconf 92' lang='lat' dir='ltr'><strong>de</strong></span> 
     </span>
    </p>
   </div>
   <div class='ocr_carea' id='block_1_79' title="bbox 2210 3532 3864 3603">
    <p class='ocr_par' dir='ltr' id='par_1_79' title="bbox 2210 3532 3864 3603">
     <span class='ocr_line' id='line_1_79' title="bbox 2210 3532 3864 3603; baseline 0 -13"><span class='ocrx_word' id='word_1_523' title='bbox 2210 3533 2544 3600; x_wconf 90' lang='lat' dir='ltr'><strong>Zoarchica,</strong></span> <span class='ocrx_word' id='word_1_524' title='bbox 2595 3533 2705 3590; x_wconf 93' lang='lat' dir='ltr'><strong>hoc</strong></span> <span class='ocrx_word' id='word_1_525' title='bbox 2736 3537 2825 3589; x_wconf 90' lang='lat' dir='ltr'><strong>est</strong></span> <span class='ocrx_word' id='word_1_526' title='bbox 2854 3533 2981 3588; x_wconf 61' lang='lat' dir='ltr'><strong>vitae</strong></span> <span class='ocrx_word' id='word_1_527' title='bbox 3014 3532 3280 3603; x_wconf 79' lang='lat' dir='ltr'><strong>praeside,</strong></span> <span class='ocrx_word' id='word_1_528' title='bbox 3329 3533 3633 3603; x_wconf 90' lang='lat' dir='ltr'><strong>Trinitate,</strong></span> <span class='ocrx_word' id='word_1_529' title='bbox 3676 3539 3736 3589; x_wconf 91' lang='lat' dir='ltr'><strong>et</strong></span> <span class='ocrx_word' id='word_1_530' title='bbox 3791 3535 3864 3590; x_wconf 90' lang='lat' dir='ltr'><strong>de</strong></span> 
     </span>
    </p>
   </div>
   <div class='ocr_carea' id='block_1_80' title="bbox 2213 3622 3867 3692">
    <p class='ocr_par' dir='ltr' id='par_1_80' title="bbox 2213 3622 3867 3692">
     <span class='ocr_line' id='line_1_80' title="bbox 2213 3622 3867 3692; baseline 0 -12"><span class='ocrx_word' id='word_1_531' title='bbox 2213 3623 2385 3680; x_wconf 91' lang='lat' dir='ltr'><strong>unius</strong></span> <span class='ocrx_word' id='word_1_532' title='bbox 2406 3639 2474 3680; x_wconf 83' lang='lat' dir='ltr'><strong>ex</strong></span> <span class='ocrx_word' id='word_1_533' title='bbox 2504 3622 2625 3691; x_wconf 89' lang='lat' dir='ltr'><strong>illa,</strong></span> <span class='ocrx_word' id='word_1_534' title='bbox 2659 3623 2938 3678; x_wconf 90' lang='lat' dir='ltr'><strong>nimirum</strong></span> <span class='ocrx_word' id='word_1_535' title='bbox 2993 3622 3190 3692; x_wconf 87' lang='lat' dir='ltr'><strong>Verbi,</strong></span> <span class='ocrx_word' id='word_1_536' title='bbox 3225 3623 3647 3691; x_wconf 90' lang='lat' dir='ltr'><strong>incarnatione,</strong></span> <span class='ocrx_word' id='word_1_537' title='bbox 3697 3640 3764 3678; x_wconf 79' lang='lat' dir='ltr'><strong>ex</strong></span> <span class='ocrx_word' id='word_1_538' title='bbox 3798 3641 3867 3680; x_wconf 86' lang='lat' dir='ltr'><strong>ea</strong></span> 
     </span>
    </p>
   </div>
   <div class='ocr_carea' id='block_1_81' title="bbox 2213 3710 3861 3785">
    <p class='ocr_par' dir='ltr' id='par_1_81' title="bbox 2213 3710 3861 3785">
     <span class='ocr_line' id='line_1_81' title="bbox 2213 3710 3861 3785; baseline 0.001 -16"><span class='ocrx_word' id='word_1_539' title='bbox 2213 3729 2366 3769; x_wconf 92' lang='lat' dir='ltr'><strong>nunc</strong></span> <span class='ocrx_word' id='word_1_540' title='bbox 2413 3713 2756 3768; x_wconf 88' lang='lat' dir='ltr'><strong>summatim</strong></span> <span class='ocrx_word' id='word_1_541' title='bbox 2787 3710 3059 3785; x_wconf 89' lang='lat' dir='ltr'><strong>colligam</strong></span> <span class='ocrx_word' id='word_1_542' title='bbox 3099 3727 3112 3766; x_wconf 91' lang='lat'>:</span> <span class='ocrx_word' id='word_1_543' title='bbox 3146 3711 3467 3784; x_wconf 70' lang='lat' dir='ltr'><strong>prrssertim</strong></span> <span class='ocrx_word' id='word_1_544' title='bbox 3519 3711 3572 3768; x_wconf 93' lang='lat' dir='ltr'><strong>si</strong></span> <span class='ocrx_word' id='word_1_545' title='bbox 3619 3715 3861 3784; x_wconf 90' lang='lat' dir='ltr'><strong>quando</strong></span> 
     </span>
    </p>
   </div>
   <div class='ocr_carea' id='block_1_82' title="bbox 2210 3799 3863 3874">
    <p class='ocr_par' dir='ltr' id='par_1_82' title="bbox 2210 3799 3863 3874">
     <span class='ocr_line' id='line_1_82' title="bbox 2210 3799 3863 3874; baseline 0 -16"><span class='ocrx_word' id='word_1_546' title='bbox 2210 3807 2442 3874; x_wconf 91' lang='lat' dir='ltr'><strong>tempus</strong></span> <span class='ocrx_word' id='word_1_547' title='bbox 2484 3801 2658 3867; x_wconf 88' lang='lat' dir='ltr'><strong>ferat,</strong></span> <span class='ocrx_word' id='word_1_548' title='bbox 2710 3805 2774 3855; x_wconf 91' lang='lat' dir='ltr'><strong>ut</strong></span> <span class='ocrx_word' id='word_1_549' title='bbox 2825 3799 3158 3856; x_wconf 66' lang='lat' dir='ltr'><strong>orthodoxae</strong></span> <span class='ocrx_word' id='word_1_550' title='bbox 3238 3799 3372 3855; x_wconf 86' lang='lat' dir='ltr'><strong>fidei</strong></span> <span class='ocrx_word' id='word_1_551' title='bbox 3423 3804 3629 3856; x_wconf 66' lang='lat' dir='ltr'><strong>nostra</strong></span> <span class='ocrx_word' id='word_1_552' title='bbox 3714 3803 3863 3858; x_wconf 90' lang='lat' dir='ltr'><strong>ratio</strong></span> 
     </span>
    </p>
   </div>
   <div class='ocr_carea' id='block_1_83' title="bbox 2212 3887 3862 3960">
    <p class='ocr_par' dir='ltr' id='par_1_83' title="bbox 2212 3887 3862 3960">
     <span class='ocr_line' id='line_1_83' title="bbox 2212 3887 3862 3960; baseline 0.001 -15"><span class='ocrx_word' id='word_1_553' title='bbox 2212 3889 2513 3946; x_wconf 82' lang='lat' dir='ltr'><strong>nonnullis</strong></span> <span class='ocrx_word' id='word_1_554' title='bbox 2559 3887 2851 3944; x_wconf 86' lang='lat' dir='ltr'><strong>reddenda</strong></span> <span class='ocrx_word' id='word_1_555' title='bbox 2883 3887 2981 3956; x_wconf 89' lang='lat' dir='ltr'><strong>sit,</strong></span> <span class='ocrx_word' id='word_1_556' title='bbox 3027 3889 3226 3959; x_wconf 83' lang='lat' dir='ltr'><strong>ejusve</strong></span> <span class='ocrx_word' id='word_1_557' title='bbox 3257 3906 3290 3943; x_wconf 87' lang='lat' dir='ltr'><strong>a</strong></span> <span class='ocrx_word' id='word_1_558' title='bbox 3349 3888 3516 3944; x_wconf 90' lang='lat' dir='ltr'><strong>nobis</strong></span> <span class='ocrx_word' id='word_1_559' title='bbox 3575 3892 3862 3960; x_wconf 80' lang='lat' dir='ltr'><strong>expositio</strong></span> 
     </span>
    </p>
   </div>
   <div class='ocr_carea' id='block_1_84' title="bbox 2211 3977 3864 4050">
    <p class='ocr_par' dir='ltr' id='par_1_84' title="bbox 2211 3977 3864 4050">
     <span class='ocr_line' id='line_1_84' title="bbox 2211 3977 3864 4050; baseline 0.001 -15"><span class='ocrx_word' id='word_1_560' title='bbox 2211 3979 2544 4050; x_wconf 85' lang='lat' dir='ltr'><strong>requiratur</strong></span> <span class='ocrx_word' id='word_1_561' title='bbox 2576 3994 2590 4032; x_wconf 89' lang='lat'>:</span> <span class='ocrx_word' id='word_1_562' title='bbox 2642 3977 2858 4033; x_wconf 90' lang='lat' dir='ltr'><strong>idcirco</strong></span> <span class='ocrx_word' id='word_1_563' title='bbox 2891 3977 3006 4034; x_wconf 65' lang='lat' dir='ltr'><strong>haec</strong></span> <span class='ocrx_word' id='word_1_564' title='bbox 3049 3995 3172 4050; x_wconf 66' lang='lat' dir='ltr'><strong>qua</strong></span> <span class='ocrx_word' id='word_1_565' title='bbox 3222 3977 3671 4050; x_wconf 89' lang='lat' dir='ltr'><strong>subsequuntur</strong></span> <span class='ocrx_word' id='word_1_566' title='bbox 3704 3981 3864 4036; x_wconf 91' lang='lat' dir='ltr'><strong>addi-</strong></span> 
     </span>
    </p>
   </div>
   <div class='ocr_carea' id='block_1_85' title="bbox 2211 4069 2291 4124">
    <p class='ocr_par' dir='ltr' id='par_1_85' title="bbox 2211 4069 2291 4124">
     <span class='ocr_line' id='line_1_85' title="bbox 2211 4069 2291 4124; baseline 0 -1"><span class='ocrx_word' id='word_1_567' title='bbox 2211 4069 2291 4124; x_wconf 90' lang='lat' dir='ltr'><strong>di.</strong></span> 
     </span>
    </p>
   </div>
   <div class='ocr_carea' id='block_1_86' title="bbox 2282 4155 3860 4227">
    <p class='ocr_par' dir='ltr' id='par_1_86' title="bbox 2282 4155 3860 4227">
     <span class='ocr_line' id='line_1_86' title="bbox 2282 4155 3860 4227; baseline 0.001 -15"><span class='ocrx_word' id='word_1_568' title='bbox 2282 4156 2585 4212; x_wconf 90' lang='lat' dir='ltr'><strong>Credimus</strong></span> <span class='ocrx_word' id='word_1_569' title='bbox 2627 4155 2685 4210; x_wconf 92' lang='lat' dir='ltr'><strong>in</strong></span> <span class='ocrx_word' id='word_1_570' title='bbox 2721 4155 2950 4212; x_wconf 88' lang='lat' dir='ltr'><strong>Patrem</strong></span> <span class='ocrx_word' id='word_1_571' title='bbox 2982 4163 3035 4212; x_wconf 91' lang='lat' dir='ltr'><strong>et</strong></span> <span class='ocrx_word' id='word_1_572' title='bbox 3069 4155 3281 4211; x_wconf 90' lang='lat' dir='ltr'><strong>Filium</strong></span> <span class='ocrx_word' id='word_1_573' title='bbox 3315 4159 3373 4211; x_wconf 91' lang='lat' dir='ltr'><strong>et</strong></span> <span class='ocrx_word' id='word_1_574' title='bbox 3403 4156 3694 4227; x_wconf 88' lang='lat' dir='ltr'><strong>Spiritum</strong></span> <span class='ocrx_word' id='word_1_575' title='bbox 3727 4175 3860 4214; x_wconf 77' lang='lat' dir='ltr'><strong>san-</strong></span> 
     </span>
    </p>
   </div>
   <div class='ocr_carea' id='block_1_87' title="bbox 2213 4244 3860 4316">
    <p class='ocr_par' dir='ltr' id='par_1_87' title="bbox 2213 4244 3860 4316">
     <span class='ocr_line' id='line_1_87' title="bbox 2213 4244 3860 4316; baseline 0 -13"><span class='ocrx_word' id='word_1_576' title='bbox 2213 4252 2394 4316; x_wconf 90' lang='lat' dir='ltr'><strong>ctum,</strong></span> <span class='ocrx_word' id='word_1_577' title='bbox 2426 4245 2770 4301; x_wconf 86' lang='lat' dir='ltr'><strong>Trinitatem</strong></span> <span class='ocrx_word' id='word_1_578' title='bbox 2801 4244 2861 4300; x_wconf 85' lang='lat' dir='ltr'><strong>in</strong></span> <span class='ocrx_word' id='word_1_579' title='bbox 2923 4245 3231 4313; x_wconf 85' lang='lat' dir='ltr'><strong>unitate,et</strong></span> <span class='ocrx_word' id='word_1_580' title='bbox 3262 4244 3551 4300; x_wconf 88' lang='lat' dir='ltr'><strong>unitatem</strong></span> <span class='ocrx_word' id='word_1_581' title='bbox 3580 4245 3638 4302; x_wconf 90' lang='lat' dir='ltr'><strong>in</strong></span> <span class='ocrx_word' id='word_1_582' title='bbox 3665 4248 3860 4303; x_wconf 89' lang='lat' dir='ltr'><strong>Trini-</strong></span> 
     </span>
    </p>
   </div>
   <div class='ocr_carea' id='block_1_88' title="bbox 2211 4334 3866 4410">
    <p class='ocr_par' dir='ltr' id='par_1_88' title="bbox 2211 4334 3866 4410">
     <span class='ocr_line' id='line_1_88' title="bbox 2211 4334 3866 4410; baseline 0.001 -18"><span class='ocrx_word' id='word_1_583' title='bbox 2211 4340 2327 4392; x_wconf 87' lang='lat' dir='ltr'><strong>tate</strong></span> <span class='ocrx_word' id='word_1_584' title='bbox 2355 4352 2367 4391; x_wconf 92' lang='lat'>:</span> <span class='ocrx_word' id='word_1_585' title='bbox 2395 4335 2675 4391; x_wconf 86' lang='lat' dir='ltr'><strong>unitatem</strong></span> <span class='ocrx_word' id='word_1_586' title='bbox 2691 4334 2924 4406; x_wconf 90' lang='lat' dir='ltr'><strong>quidem</strong></span> <span class='ocrx_word' id='word_1_587' title='bbox 2951 4335 3175 4391; x_wconf 87' lang='lat' dir='ltr'><strong>ratione</strong></span> <span class='ocrx_word' id='word_1_588' title='bbox 3191 4339 3326 4391; x_wconf 91' lang='lat' dir='ltr'><strong>natu</strong></span> <span class='ocrx_word' id='word_1_589' title='bbox 3337 4337 3475 4392; x_wconf 87' lang='lat' dir='ltr'><strong>ratis</strong></span> <span class='ocrx_word' id='word_1_590' title='bbox 3499 4339 3866 4410; x_wconf 86' lang='lat' dir='ltr'><strong>conjunctio-</strong></span> 
     </span>
    </p>
   </div>
   <div class='ocr_carea' id='block_1_89' title="bbox 2209 4420 3861 4491">
    <p class='ocr_par' dir='ltr' id='par_1_89' title="bbox 2209 4420 3861 4491">
     <span class='ocr_line' id='line_1_89' title="bbox 2209 4420 3861 4491; baseline 0.001 -15"><span class='ocrx_word' id='word_1_591' title='bbox 2209 4422 2323 4491; x_wconf 88' lang='lat' dir='ltr'><strong>nis,</strong></span> <span class='ocrx_word' id='word_1_592' title='bbox 2395 4426 2452 4476; x_wconf 88' lang='lat' dir='ltr'><strong>et</strong></span> <span class='ocrx_word' id='word_1_593' title='bbox 2502 4420 2941 4486; x_wconf 80' lang='lat' dir='ltr'><strong>dominationis,</strong></span> <span class='ocrx_word' id='word_1_594' title='bbox 3012 4421 3355 4477; x_wconf 87' lang='lat' dir='ltr'><strong>Trinitatem</strong></span> <span class='ocrx_word' id='word_1_595' title='bbox 3427 4439 3561 4480; x_wconf 87' lang='lat' dir='ltr'><strong>vero</strong></span> <span class='ocrx_word' id='word_1_596' title='bbox 3640 4425 3861 4481; x_wconf 82' lang='lat' dir='ltr'><strong>ratione</strong></span> 
     </span>
    </p>
   </div>
   <div class='ocr_carea' id='block_1_90' title="bbox 453 4509 3855 4617">
    <p class='ocr_par' dir='ltr' id='par_1_90' title="bbox 453 4509 3855 4617">
     <span class='ocr_line' id='line_1_90' title="bbox 453 4509 3855 4617; baseline -0.001 -45"><span class='ocrx_word' id='word_1_597' title='bbox 453 4517 527 4572; x_wconf 89' lang='lat' dir='ltr'><strong>ab</strong></span> <span class='ocrx_word' id='word_1_598' title='bbox 559 4531 646 4586; x_wconf 87' lang='lat' dir='ltr'><strong>eo,</strong></span> <span class='ocrx_word' id='word_1_599' title='bbox 706 4531 877 4588; x_wconf 87' lang='lat' dir='ltr'><strong>quem</strong></span> <span class='ocrx_word' id='word_1_600' title='bbox 938 4512 1143 4569; x_wconf 86' lang='lat' dir='ltr'><strong>Filium</strong></span> <span class='ocrx_word' id='word_1_601' title='bbox 1203 4511 1482 4577; x_wconf 87' lang='lat' dir='ltr'><strong>dicimus,</strong></span> <span class='ocrx_word' id='word_1_602' title='bbox 1539 4525 1707 4566; x_wconf 89' lang='lat' dir='ltr'><strong>nemo</strong></span> <span class='ocrx_word' id='word_1_603' title='bbox 1739 4517 1890 4565; x_wconf 86' lang='lat' dir='ltr'><strong>recte</strong></span> <span class='ocrx_word' id='word_1_604' title='bbox 1943 4509 2173 4617; x_wconf 84' lang='lat' dir='ltr'><strong>dixe-D</strong></span> <span class='ocrx_word' id='word_1_605' title='bbox 2205 4510 2657 4583; x_wconf 82' lang='grc' dir='ltr'><strong>τρισυποστάτου,</strong></span> <span class='ocrx_word' id='word_1_606' title='bbox 2686 4509 2795 4565; x_wconf 89' lang='lat' dir='ltr'><strong>hoc</strong></span> <span class='ocrx_word' id='word_1_607' title='bbox 2845 4517 2934 4565; x_wconf 91' lang='lat' dir='ltr'><strong>est</strong></span> <span class='ocrx_word' id='word_1_608' title='bbox 2962 4509 3176 4582; x_wconf 90' lang='lat' dir='ltr'><strong>triplici</strong></span> <span class='ocrx_word' id='word_1_609' title='bbox 3212 4527 3461 4582; x_wconf 83' lang='lat' dir='ltr'><strong>persona</strong></span> <span class='ocrx_word' id='word_1_610' title='bbox 3510 4515 3855 4580; x_wconf 86' lang='lat' dir='ltr'><strong>constantis,</strong></span> 
     </span>
    </p>
   </div>
   <div class='ocr_carea' id='block_1_91' title="bbox 453 4606 548 4660">
    <p class='ocr_par' dir='ltr' id='par_1_91' title="bbox 453 4606 548 4660">
     <span class='ocr_line' id='line_1_91' title="bbox 453 4606 548 4660; baseline 0 0"><span class='ocrx_word' id='word_1_611' title='bbox 453 4606 548 4660; x_wconf 92' lang='lat' dir='ltr'><strong>rit.</strong></span> 
     </span>
    </p>
   </div>
   <div class='ocr_carea' id='block_1_92' title="bbox 524 4687 2097 4765">
    <p class='ocr_par' dir='ltr' id='par_1_92' title="bbox 524 4687 2097 4765">
     <span class='ocr_line' id='line_1_92' title="bbox 524 4687 2097 4765; baseline -0.003 -16"><span class='ocrx_word' id='word_1_612' title='bbox 524 4694 684 4761; x_wconf 87' lang='lat' dir='ltr'><strong>Quod</strong></span> <span class='ocrx_word' id='word_1_613' title='bbox 717 4694 767 4749; x_wconf 88' lang='lat' dir='ltr'><strong>si</strong></span> <span class='ocrx_word' id='word_1_614' title='bbox 799 4693 933 4765; x_wconf 90' lang='lat' dir='ltr'><strong>quis</strong></span> <span class='ocrx_word' id='word_1_615' title='bbox 963 4691 1210 4755; x_wconf 88' lang='lat' dir='ltr'><strong>dubitet,</strong></span> <span class='ocrx_word' id='word_1_616' title='bbox 1266 4688 1364 4759; x_wconf 92' lang='lat' dir='ltr'><strong>qui</strong></span> <span class='ocrx_word' id='word_1_617' title='bbox 1398 4687 1500 4742; x_wconf 83' lang='lat' dir='ltr'><strong>fiat</strong></span> <span class='ocrx_word' id='word_1_618' title='bbox 1533 4691 1616 4754; x_wconf 91' lang='lat' dir='ltr'><strong>ut,</strong></span> <span class='ocrx_word' id='word_1_619' title='bbox 1651 4703 1784 4742; x_wconf 91' lang='lat' dir='ltr'><strong>cum</strong></span> <span class='ocrx_word' id='word_1_620' title='bbox 1833 4687 2008 4743; x_wconf 85' lang='lat' dir='ltr'><strong>Filius</strong></span> <span class='ocrx_word' id='word_1_621' title='bbox 2040 4693 2097 4744; x_wconf 90' lang='lat' dir='ltr'><strong>et</strong></span> 
     </span>
    </p>
   </div>
   <div class='ocr_carea' id='block_1_93' title="bbox 450 4775 2094 4856">
    <p class='ocr_par' dir='ltr' id='par_1_93' title="bbox 450 4775 2094 4856">
     <span class='ocr_line' id='line_1_93' title="bbox 450 4775 2094 4856; baseline -0.005 -15"><span class='ocrx_word' id='word_1_622' title='bbox 450 4785 704 4856; x_wconf 89' lang='lat' dir='ltr'><strong>Spiritus</strong></span> <span class='ocrx_word' id='word_1_623' title='bbox 754 4799 920 4855; x_wconf 66' lang='lat' dir='ltr'><strong>sequo</strong></span> <span class='ocrx_word' id='word_1_624' title='bbox 947 4781 1130 4854; x_wconf 87' lang='lat' dir='ltr'><strong>gradu</strong></span> <span class='ocrx_word' id='word_1_625' title='bbox 1164 4796 1232 4834; x_wconf 78' lang='lat' dir='ltr'><strong>ex</strong></span> <span class='ocrx_word' id='word_1_626' title='bbox 1263 4779 1429 4833; x_wconf 85' lang='lat' dir='ltr'><strong>Patre</strong></span> <span class='ocrx_word' id='word_1_627' title='bbox 1461 4777 1804 4849; x_wconf 90' lang='lat' dir='ltr'><strong>procedant,</strong></span> <span class='ocrx_word' id='word_1_628' title='bbox 1829 4775 1923 4832; x_wconf 91' lang='lat' dir='ltr'><strong>ille</strong></span> <span class='ocrx_word' id='word_1_629' title='bbox 1947 4777 2094 4845; x_wconf 88' lang='lat' dir='ltr'><strong>Filii,</strong></span> 
     </span>
    </p>
   </div>
   <div class='ocr_carea' id='block_1_94' title="bbox 451 4866 2092 4943">
    <p class='ocr_par' dir='ltr' id='par_1_94' title="bbox 451 4866 2092 4943">
     <span class='ocr_line' id='line_1_94' title="bbox 451 4866 2092 4943; baseline -0.003 -16"><span class='ocrx_word' id='word_1_630' title='bbox 451 4873 544 4928; x_wconf 92' lang='lat' dir='ltr'><strong>hic</strong></span> <span class='ocrx_word' id='word_1_631' title='bbox 577 4873 826 4943; x_wconf 89' lang='lat' dir='ltr'><strong>Spiritus</strong></span> <span class='ocrx_word' id='word_1_632' title='bbox 859 4871 1093 4927; x_wconf 89' lang='lat' dir='ltr'><strong>nomine</strong></span> <span class='ocrx_word' id='word_1_633' title='bbox 1141 4871 1415 4924; x_wconf 90' lang='lat' dir='ltr'><strong>vocetur:</strong></span> <span class='ocrx_word' id='word_1_634' title='bbox 1478 4883 1584 4922; x_wconf 90' lang='lat' dir='ltr'><strong>nec</strong></span> <span class='ocrx_word' id='word_1_635' title='bbox 1617 4867 1788 4922; x_wconf 90' lang='lat' dir='ltr'><strong>ambo</strong></span> <span class='ocrx_word' id='word_1_636' title='bbox 1835 4866 1960 4922; x_wconf 87' lang='lat' dir='ltr'><strong>Filii</strong></span> <span class='ocrx_word' id='word_1_637' title='bbox 1993 4884 2092 4938; x_wconf 82' lang='lat' dir='ltr'><strong>ap-</strong></span> 
     </span>
    </p>
   </div>
   <div class='ocr_carea' id='block_1_95' title="bbox 450 4956 2090 5033">
    <p class='ocr_par' dir='ltr' id='par_1_95' title="bbox 450 4956 2090 5033">
     <span class='ocr_line' id='line_1_95' title="bbox 450 4956 2090 5033; baseline -0.001 -17"><span class='ocrx_word' id='word_1_638' title='bbox 450 4961 843 5033; x_wconf 84' lang='lat' dir='ltr'><strong>pellationem,</strong></span> <span class='ocrx_word' id='word_1_639' title='bbox 863 4959 1357 5032; x_wconf 85' lang='lat' dir='ltr'><strong>quemadmodum</strong></span> <span class='ocrx_word' id='word_1_640' title='bbox 1380 4961 1437 5013; x_wconf 90' lang='lat' dir='ltr'><strong>et</strong></span> <span class='ocrx_word' id='word_1_641' title='bbox 1457 4957 1742 5025; x_wconf 85' lang='lat' dir='ltr'><strong>habitum,</strong></span> <span class='ocrx_word' id='word_1_642' title='bbox 1758 4956 2047 5012; x_wconf 85' lang='lat' dir='ltr'><strong>retineant</strong></span> <span class='ocrx_word' id='word_1_643' title='bbox 2075 4973 2090 5014; x_wconf 92' lang='lat'><strong>:</strong></span> 
     </span>
    </p>
   </div>
   <div class='ocr_carea' id='block_1_96' title="bbox 449 5047 2091 5119">
    <p class='ocr_par' dir='ltr' id='par_1_96' title="bbox 449 5047 2091 5119">
     <span class='ocr_line' id='line_1_96' title="bbox 449 5047 2091 5119; baseline 0.001 -18"><span class='ocrx_word' id='word_1_644' title='bbox 449 5051 527 5102; x_wconf 84' lang='lat' dir='ltr'><strong>ita</strong></span> <span class='ocrx_word' id='word_1_645' title='bbox 558 5051 1030 5119; x_wconf 79' lang='lat' dir='ltr'><strong>respondendum</strong></span> <span class='ocrx_word' id='word_1_646' title='bbox 1061 5053 1168 5115; x_wconf 89' lang='lat' dir='ltr'><strong>est,</strong></span> <span class='ocrx_word' id='word_1_647' title='bbox 1193 5047 1350 5119; x_wconf 88' lang='lat' dir='ltr'><strong>quod</strong></span> <span class='ocrx_word' id='word_1_648' title='bbox 1382 5048 1439 5102; x_wconf 93' lang='lat' dir='ltr'><strong>in</strong></span> <span class='ocrx_word' id='word_1_649' title='bbox 1496 5047 1832 5102; x_wconf 87' lang='lat' dir='ltr'><strong>universum</strong></span> <span class='ocrx_word' id='word_1_650' title='bbox 1869 5052 2091 5102; x_wconf 72' lang='lat' dir='ltr'><strong>naturas</strong></span> 
     </span>
    </p>
   </div>
   <div class='ocr_carea' id='block_1_97' title="bbox 449 5137 2093 5208">
    <p class='ocr_par' dir='ltr' id='par_1_97' title="bbox 449 5137 2093 5208">
     <span class='ocr_line' id='line_1_97' title="bbox 449 5137 2093 5208; baseline 0.001 -17"><span class='ocrx_word' id='word_1_651' title='bbox 449 5137 657 5192; x_wconf 66' lang='lat' dir='ltr'><strong>divinae</strong></span> <span class='ocrx_word' id='word_1_652' title='bbox 690 5137 997 5208; x_wconf 82' lang='lat' dir='ltr'><strong>Theologia</strong></span> <span class='ocrx_word' id='word_1_653' title='bbox 1053 5138 1109 5192; x_wconf 92' lang='lat' dir='ltr'><strong>id</strong></span> <span class='ocrx_word' id='word_1_654' title='bbox 1144 5139 1338 5208; x_wconf 89' lang='lat' dir='ltr'><strong>ipsum</strong></span> <span class='ocrx_word' id='word_1_655' title='bbox 1373 5155 1406 5192; x_wconf 91' lang='lat' dir='ltr'><strong>a</strong></span> <span class='ocrx_word' id='word_1_656' title='bbox 1437 5137 1761 5192; x_wconf 90' lang='lat' dir='ltr'><strong>notioribus</strong></span> <span class='ocrx_word' id='word_1_657' title='bbox 1795 5137 1960 5191; x_wconf 80' lang='lat' dir='ltr'><strong>nobis</strong></span> <span class='ocrx_word' id='word_1_658' title='bbox 1991 5138 2093 5192; x_wconf 91' lang='lat' dir='ltr'><strong>de-</strong></span> 
     </span>
    </p>
   </div>
   <div class='ocr_carea' id='block_1_98' title="bbox 446 5226 2093 5298">
    <p class='ocr_par' dir='ltr' id='par_1_98' title="bbox 446 5226 2093 5298">
     <span class='ocr_line' id='line_1_98' title="bbox 446 5226 2093 5298; baseline 0.001 -18"><span class='ocrx_word' id='word_1_659' title='bbox 446 5227 730 5293; x_wconf 90' lang='lat' dir='ltr'><strong>scribens,</strong></span> <span class='ocrx_word' id='word_1_660' title='bbox 766 5227 917 5296; x_wconf 90' lang='lat' dir='ltr'><strong>quod</strong></span> <span class='ocrx_word' id='word_1_661' title='bbox 953 5229 1010 5281; x_wconf 93' lang='lat' dir='ltr'><strong>in</strong></span> <span class='ocrx_word' id='word_1_662' title='bbox 1042 5227 1324 5283; x_wconf 89' lang='lat' dir='ltr'><strong>Trinitate</strong></span> <span class='ocrx_word' id='word_1_663' title='bbox 1348 5227 1671 5298; x_wconf 87' lang='lat' dir='ltr'><strong>legitimum</strong></span> <span class='ocrx_word' id='word_1_664' title='bbox 1707 5231 1815 5291; x_wconf 89' lang='lat' dir='ltr'><strong>est,</strong></span> <span class='ocrx_word' id='word_1_665' title='bbox 1843 5226 2093 5282; x_wconf 86' lang='lat' dir='ltr'><strong>honore-</strong></span> 
     </span>
    </p>
   </div>
   <div class='ocr_carea' id='block_1_99' title="bbox 446 5314 2091 5388">
    <p class='ocr_par' dir='ltr' id='par_1_99' title="bbox 446 5314 2091 5388">
     <span class='ocr_line' id='line_1_99' title="bbox 446 5314 2091 5388; baseline 0.002 -20"><span class='ocrx_word' id='word_1_666' title='bbox 446 5331 558 5388; x_wconf 89' lang='lat' dir='ltr'><strong>que</strong></span> <span class='ocrx_word' id='word_1_667' title='bbox 591 5314 872 5386; x_wconf 88' lang='lat' dir='ltr'><strong>persimili</strong></span> <span class='ocrx_word' id='word_1_668' title='bbox 913 5314 1145 5382; x_wconf 85' lang='lat' dir='ltr'><strong>colitur,</strong></span> <span class='ocrx_word' id='word_1_669' title='bbox 1178 5317 1519 5372; x_wconf 90' lang='lat' dir='ltr'><strong>nominibus</strong></span> <span class='ocrx_word' id='word_1_670' title='bbox 1555 5315 1734 5370; x_wconf 84' lang='lat' dir='ltr'><strong>Patris</strong></span> <span class='ocrx_word' id='word_1_671' title='bbox 1764 5319 1820 5370; x_wconf 92' lang='lat' dir='ltr'><strong>et</strong></span> <span class='ocrx_word' id='word_1_672' title='bbox 1872 5314 2000 5370; x_wconf 90' lang='lat' dir='ltr'><strong>Filii</strong></span> <span class='ocrx_word' id='word_1_673' title='bbox 2033 5319 2091 5371; x_wconf 90' lang='lat' dir='ltr'><strong>et</strong></span> 
     </span>
    </p>
   </div>
   <div class='ocr_carea' id='block_1_100' title="bbox 443 5403 2092 5474">
    <p class='ocr_par' dir='ltr' id='par_1_100' title="bbox 443 5403 2092 5474">
     <span class='ocr_line' id='line_1_100' title="bbox 443 5403 2092 5474; baseline 0.001 -17"><span class='ocrx_word' id='word_1_674' title='bbox 443 5403 694 5474; x_wconf 89' lang='lat' dir='ltr'><strong>Spiritus</strong></span> <span class='ocrx_word' id='word_1_675' title='bbox 733 5403 921 5457; x_wconf 89' lang='lat' dir='ltr'><strong>Sancti</strong></span> <span class='ocrx_word' id='word_1_676' title='bbox 955 5404 1245 5459; x_wconf 73' lang='lat' dir='ltr'><strong>ineffabile</strong></span> <span class='ocrx_word' id='word_1_677' title='bbox 1278 5405 1601 5460; x_wconf 87' lang='lat' dir='ltr'><strong>divinitatis</strong></span> <span class='ocrx_word' id='word_1_678' title='bbox 1635 5421 1870 5472; x_wconf 90' lang='lat' dir='ltr'><strong>nomen,</strong></span> <span class='ocrx_word' id='word_1_679' title='bbox 1922 5404 2092 5459; x_wconf 91' lang='lat' dir='ltr'><strong>nulli-</strong></span> 
     </span>
    </p>
   </div>
   <div class='ocr_carea' id='block_1_101' title="bbox 442 5491 2091 5564">
    <p class='ocr_par' dir='ltr' id='par_1_101' title="bbox 442 5491 2091 5564">
     <span class='ocr_line' id='line_1_101' title="bbox 442 5491 2091 5564; baseline 0.002 -17"><span class='ocrx_word' id='word_1_680' title='bbox 442 5507 549 5563; x_wconf 86' lang='lat' dir='ltr'><strong>que</strong></span> <span class='ocrx_word' id='word_1_681' title='bbox 582 5491 901 5548; x_wconf 91' lang='lat' dir='ltr'><strong>intellectui</strong></span> <span class='ocrx_word' id='word_1_682' title='bbox 935 5495 1220 5564; x_wconf 88' lang='lat' dir='ltr'><strong>pervium,</strong></span> <span class='ocrx_word' id='word_1_683' title='bbox 1274 5492 1770 5564; x_wconf 87' lang='lat' dir='ltr'><strong>appellationibus</strong></span> <span class='ocrx_word' id='word_1_684' title='bbox 1801 5495 1952 5551; x_wconf 88' lang='lat' dir='ltr'><strong>inter</strong></span> <span class='ocrx_word' id='word_1_685' title='bbox 1985 5511 2091 5551; x_wconf 92' lang='lat' dir='ltr'><strong>nos</strong></span> 
     </span>
    </p>
   </div>
   <div class='ocr_carea' id='block_1_102' title="bbox 509 5659 2112 5735">
    <p class='ocr_par' dir='ltr' id='par_1_102' title="bbox 509 5659 2112 5735">
     <span class='ocr_line' id='line_1_102' title="bbox 509 5659 2112 5735; baseline 0.001 -16"><span class='ocrx_word' id='word_1_686' title='bbox 509 5663 530 5698; x_wconf 84' lang='grc'>⁸</span> <span class='ocrx_word' id='word_1_687' title='bbox 561 5663 715 5720; x_wconf 90' lang='lat' dir='ltr'><strong>Psal.</strong></span> <span class='ocrx_word' id='word_1_688' title='bbox 742 5680 948 5734; x_wconf 78' lang='lat' dir='ltr'><strong>uxvu,</strong></span> <span class='ocrx_word' id='word_1_689' title='bbox 979 5662 1068 5717; x_wconf 84' lang='lat'><strong>39.</strong></span> <span class='ocrx_word' id='word_1_690' title='bbox 1146 5663 1168 5697; x_wconf 69' lang='grc' dir='ltr'>ι</span> <span class='ocrx_word' id='word_1_691' title='bbox 1197 5659 1354 5717; x_wconf 85' lang='lat' dir='ltr'><strong>Psal.</strong></span> <span class='ocrx_word' id='word_1_692' title='bbox 1389 5677 1625 5730; x_wconf 83' lang='lat' dir='ltr'><strong>cxxxxv,</strong></span> <span class='ocrx_word' id='word_1_693' title='bbox 1650 5664 1702 5718; x_wconf 81' lang='grc'><strong>4.</strong></span> <span class='ocrx_word' id='word_1_694' title='bbox 1777 5663 1802 5698; x_wconf 79' lang='grc'>⁵</span> <span class='ocrx_word' id='word_1_695' title='bbox 1831 5663 1984 5722; x_wconf 89' lang='lat' dir='ltr'><strong>Psal.</strong></span> <span class='ocrx_word' id='word_1_696' title='bbox 2013 5680 2112 5735; x_wconf 87' lang='lat' dir='ltr'><strong>cu,</strong></span> 
     </span>
    </p>
   </div>
   <div class='ocr_carea' id='block_1_103' title="bbox 2209 4599 3858 4673">
    <p class='ocr_par' dir='ltr' id='par_1_103' title="bbox 2209 4599 3858 4673">
     <span class='ocr_line' id='line_1_103' title="bbox 2209 4599 3858 4673; baseline 0.001 -17"><span class='ocrx_word' id='word_1_697' title='bbox 2209 4600 2601 4672; x_wconf 90' lang='lat' dir='ltr'><strong>perfectionis,</strong></span> <span class='ocrx_word' id='word_1_698' title='bbox 2632 4603 2690 4654; x_wconf 90' lang='lat' dir='ltr'><strong>et</strong></span> <span class='ocrx_word' id='word_1_699' title='bbox 2721 4599 2944 4654; x_wconf 90' lang='lat' dir='ltr'><strong>ratione</strong></span> <span class='ocrx_word' id='word_1_700' title='bbox 3000 4599 3334 4655; x_wconf 87' lang='lat' dir='ltr'><strong>divitiarum</strong></span> <span class='ocrx_word' id='word_1_701' title='bbox 3389 4604 3858 4673; x_wconf 89' lang='lat' dir='ltr'><strong>supernaturalis</strong></span> 
     </span>
    </p>
   </div>
   <div class='ocr_carea' id='block_1_104' title="bbox 2206 4688 3856 4760">
    <p class='ocr_par' dir='ltr' id='par_1_104' title="bbox 2206 4688 3856 4760">
     <span class='ocr_line' id='line_1_104' title="bbox 2206 4688 3856 4760; baseline 0.003 -16"><span class='ocrx_word' id='word_1_702' title='bbox 2206 4690 2532 4745; x_wconf 89' lang='lat' dir='ltr'><strong>Trinitatis.</strong></span> <span class='ocrx_word' id='word_1_703' title='bbox 2593 4688 2795 4744; x_wconf 89' lang='lat' dir='ltr'><strong>Unitas</strong></span> <span class='ocrx_word' id='word_1_704' title='bbox 2853 4689 3008 4745; x_wconf 85' lang='lat' dir='ltr'><strong>enim</strong></span> <span class='ocrx_word' id='word_1_705' title='bbox 3063 4705 3260 4744; x_wconf 89' lang='lat' dir='ltr'><strong>revera</strong></span> <span class='ocrx_word' id='word_1_706' title='bbox 3289 4695 3378 4746; x_wconf 92' lang='lat' dir='ltr'><strong>est</strong></span> <span class='ocrx_word' id='word_1_707' title='bbox 3422 4691 3686 4748; x_wconf 83' lang='lat' dir='ltr'><strong>&#39;l‘rinitas</strong></span> <span class='ocrx_word' id='word_1_708' title='bbox 3741 4693 3856 4760; x_wconf 86' lang='lat' dir='ltr'><strong>illa,</strong></span> 
     </span>
    </p>
   </div>
   <div class='ocr_carea' id='block_1_105' title="bbox 2207 4777 3855 4850">
    <p class='ocr_par' dir='ltr' id='par_1_105' title="bbox 2207 4777 3855 4850">
     <span class='ocr_line' id='line_1_105' title="bbox 2207 4777 3855 4850; baseline 0.002 -17"><span class='ocrx_word' id='word_1_709' title='bbox 2207 4795 2335 4850; x_wconf 66' lang='lat' dir='ltr'><strong>quis</strong></span> <span class='ocrx_word' id='word_1_710' title='bbox 2385 4779 2687 4834; x_wconf 84' lang='lat' dir='ltr'><strong>Divinitate</strong></span> <span class='ocrx_word' id='word_1_711' title='bbox 2724 4777 3129 4850; x_wconf 87' lang='lat' dir='ltr'><strong>conjungitur,</strong></span> <span class='ocrx_word' id='word_1_712' title='bbox 3182 4782 3237 4831; x_wconf 80' lang='lat' dir='ltr'><strong>et</strong></span> <span class='ocrx_word' id='word_1_713' title='bbox 3277 4779 3536 4836; x_wconf 86' lang='lat' dir='ltr'><strong>Trinitas</strong></span> <span class='ocrx_word' id='word_1_714' title='bbox 3568 4781 3855 4846; x_wconf 87' lang='lat' dir='ltr'><strong>vicissim,</strong></span> 
     </span>
    </p>
   </div>
   <div class='ocr_carea' id='block_1_106' title="bbox 2205 4865 3854 4945">
    <p class='ocr_par' dir='ltr' id='par_1_106' title="bbox 2205 4865 3854 4945">
     <span class='ocr_line' id='line_1_106' title="bbox 2205 4865 3854 4945; baseline -0.002 -18"><span class='ocrx_word' id='word_1_715' title='bbox 2205 4888 2402 4927; x_wconf 88' lang='lat' dir='ltr'><strong>revera</strong></span> <span class='ocrx_word' id='word_1_716' title='bbox 2426 4870 2526 4926; x_wconf 83' lang='lat' dir='ltr'><strong>illa</strong></span> <span class='ocrx_word' id='word_1_717' title='bbox 2577 4865 2930 4941; x_wconf 74' lang='grc' dir='ltr'><strong>διαιρουμένη</strong></span> <span class='ocrx_word' id='word_1_718' title='bbox 2998 4873 3116 4930; x_wconf 78' lang='grc' dir='ltr'><strong>ταῖς</strong></span> <span class='ocrx_word' id='word_1_719' title='bbox 3179 4867 3418 4939; x_wconf 74' lang='grc' dir='ltr'><strong>ἰδιότησι</strong></span> <span class='ocrx_word' id='word_1_720' title='bbox 3465 4871 3556 4924; x_wconf 64' lang='grc' dir='ltr'><strong>καὶ</strong></span> <span class='ocrx_word' id='word_1_721' title='bbox 3592 4871 3654 4926; x_wconf 81' lang='grc' dir='ltr'><strong>οὐ</strong></span> <span class='ocrx_word' id='word_1_722' title='bbox 3693 4892 3854 4945; x_wconf 69' lang='grc' dir='ltr'><strong>μεριε-</strong></span> 
     </span>
    </p>
   </div>
   <div class='ocr_carea' id='block_1_107' title="bbox 2202 4958 3854 5033">
    <p class='ocr_par' dir='ltr' id='par_1_107' title="bbox 2202 4958 3854 5033">
     <span class='ocr_line' id='line_1_107' title="bbox 2202 4958 3854 5033; baseline 0.002 -19"><span class='ocrx_word' id='word_1_723' title='bbox 2202 4958 2427 5033; x_wconf 74' lang='grc' dir='ltr'><strong>ζομὲνη,</strong></span> <span class='ocrx_word' id='word_1_724' title='bbox 2462 4976 2589 5032; x_wconf 68' lang='lat' dir='ltr'><strong>qua:</strong></span> <span class='ocrx_word' id='word_1_725' title='bbox 2619 4959 3077 5032; x_wconf 83' lang='lat' dir='ltr'><strong>proprietatibus</strong></span> <span class='ocrx_word' id='word_1_726' title='bbox 3110 4959 3190 5015; x_wconf 88' lang='lat' dir='ltr'><strong>ita</strong></span> <span class='ocrx_word' id='word_1_727' title='bbox 3223 4959 3526 5030; x_wconf 86' lang='lat' dir='ltr'><strong>dividitur,</strong></span> <span class='ocrx_word' id='word_1_728' title='bbox 3561 4968 3628 5017; x_wconf 91' lang='lat' dir='ltr'><strong>ut</strong></span> <span class='ocrx_word' id='word_1_729' title='bbox 3653 4969 3854 5020; x_wconf 86' lang='lat' dir='ltr'><strong>tamen</strong></span> 
     </span>
    </p>
   </div>
   <div class='ocr_carea' id='block_1_108' title="bbox 2202 5048 3862 5120">
    <p class='ocr_par' dir='ltr' id='par_1_108' title="bbox 2202 5048 3862 5120">
     <span class='ocr_line' id='line_1_108' title="bbox 2202 5048 3862 5120; baseline 0.001 -16"><span class='ocrx_word' id='word_1_730' title='bbox 2202 5051 2258 5105; x_wconf 89' lang='lat' dir='ltr'><strong>in</strong></span> <span class='ocrx_word' id='word_1_731' title='bbox 2293 5053 2485 5120; x_wconf 88' lang='lat' dir='ltr'><strong>partes</strong></span> <span class='ocrx_word' id='word_1_732' title='bbox 2518 5049 2976 5119; x_wconf 87' lang='lat' dir='ltr'><strong>haudquaquam</strong></span> <span class='ocrx_word' id='word_1_733' title='bbox 3011 5048 3355 5116; x_wconf 87' lang='lat' dir='ltr'><strong>dissecetur,</strong></span> <span class='ocrx_word' id='word_1_734' title='bbox 3385 5051 3589 5105; x_wconf 87' lang='lat' dir='ltr'><strong>eadem</strong></span> <span class='ocrx_word' id='word_1_735' title='bbox 3624 5060 3862 5108; x_wconf 74' lang='lat' dir='ltr'><strong>coazter-</strong></span> 
     </span>
    </p>
   </div>
   <div class='ocr_carea' id='block_1_109' title="bbox 2205 5137 3864 5208">
    <p class='ocr_par' dir='ltr' id='par_1_109' title="bbox 2205 5137 3864 5208">
     <span class='ocr_line' id='line_1_109' title="bbox 2205 5137 3864 5208; baseline 0.002 -15"><span class='ocrx_word' id='word_1_736' title='bbox 2205 5156 2297 5208; x_wconf 84' lang='lat' dir='ltr'><strong>na,</strong></span> <span class='ocrx_word' id='word_1_737' title='bbox 2330 5139 2615 5208; x_wconf 84' lang='lat' dir='ltr'><strong>cujusque</strong></span> <span class='ocrx_word' id='word_1_738' title='bbox 2640 5137 2988 5193; x_wconf 70' lang='lat' dir='ltr'><strong>substantiae</strong></span> <span class='ocrx_word' id='word_1_739' title='bbox 3020 5155 3123 5208; x_wconf 87' lang='lat' dir='ltr'><strong>par</strong></span> <span class='ocrx_word' id='word_1_740' title='bbox 3153 5137 3339 5193; x_wconf 90' lang='lat' dir='ltr'><strong>honor</strong></span> <span class='ocrx_word' id='word_1_741' title='bbox 3368 5137 3714 5196; x_wconf 83' lang='lat' dir='ltr'><strong>exhibetur.</strong></span> <span class='ocrx_word' id='word_1_742' title='bbox 3747 5141 3864 5197; x_wconf 80' lang='lat' dir='ltr'><strong>Nec</strong></span> 
     </span>
    </p>
   </div>
   <div class='ocr_carea' id='block_1_110' title="bbox 2203 5225 3866 5299">
    <p class='ocr_par' dir='ltr' id='par_1_110' title="bbox 2203 5225 3866 5299">
     <span class='ocr_line' id='line_1_110' title="bbox 2203 5225 3866 5299; baseline 0.002 -16"><span class='ocrx_word' id='word_1_743' title='bbox 2203 5227 2356 5283; x_wconf 89' lang='lat' dir='ltr'><strong>enim</strong></span> <span class='ocrx_word' id='word_1_744' title='bbox 2391 5231 2625 5299; x_wconf 90' lang='lat' dir='ltr'><strong>tempus</strong></span> <span class='ocrx_word' id='word_1_745' title='bbox 2676 5230 2786 5292; x_wconf 90' lang='lat' dir='ltr'><strong>est,</strong></span> <span class='ocrx_word' id='word_1_746' title='bbox 2820 5229 2920 5280; x_wconf 84' lang='lat' dir='ltr'><strong>aut</strong></span> <span class='ocrx_word' id='word_1_747' title='bbox 2951 5225 3078 5292; x_wconf 86' lang='lat' dir='ltr'><strong>fuit,</strong></span> <span class='ocrx_word' id='word_1_748' title='bbox 3110 5241 3222 5298; x_wconf 88' lang='lat' dir='ltr'><strong>quo</strong></span> <span class='ocrx_word' id='word_1_749' title='bbox 3245 5226 3482 5297; x_wconf 89' lang='lat' dir='ltr'><strong>quidem</strong></span> <span class='ocrx_word' id='word_1_750' title='bbox 3518 5245 3654 5284; x_wconf 89' lang='lat' dir='ltr'><strong>cum</strong></span> <span class='ocrx_word' id='word_1_751' title='bbox 3695 5231 3866 5286; x_wconf 87' lang='lat' dir='ltr'><strong>Patre</strong></span> 
     </span>
    </p>
   </div>
   <div class='ocr_carea' id='block_1_111' title="bbox 2203 5314 3851 5386">
    <p class='ocr_par' dir='ltr' id='par_1_111' title="bbox 2203 5314 3851 5386">
     <span class='ocr_line' id='line_1_111' title="bbox 2203 5314 3851 5386; baseline 0.003 -15"><span class='ocrx_word' id='word_1_752' title='bbox 2203 5316 2381 5372; x_wconf 91' lang='lat' dir='ltr'><strong>Filius</strong></span> <span class='ocrx_word' id='word_1_753' title='bbox 2421 5331 2532 5370; x_wconf 91' lang='lat' dir='ltr'><strong>non</strong></span> <span class='ocrx_word' id='word_1_754' title='bbox 2563 5315 2773 5370; x_wconf 86' lang='lat' dir='ltr'><strong>fuerit:</strong></span> <span class='ocrx_word' id='word_1_755' title='bbox 2808 5315 2907 5386; x_wconf 92' lang='lat' dir='ltr'><strong>qui</strong></span> <span class='ocrx_word' id='word_1_756' title='bbox 2967 5314 3120 5370; x_wconf 88' lang='lat' dir='ltr'><strong>enim</strong></span> <span class='ocrx_word' id='word_1_757' title='bbox 3156 5314 3348 5378; x_wconf 85' lang='lat' dir='ltr'><strong>ﬁat,ut</strong></span> <span class='ocrx_word' id='word_1_758' title='bbox 3380 5315 3555 5371; x_wconf 89' lang='lat' dir='ltr'><strong>Pater</strong></span> <span class='ocrx_word' id='word_1_759' title='bbox 3606 5319 3851 5376; x_wconf 88' lang='lat' dir='ltr'><strong>dicatur</strong></span> 
     </span>
    </p>
   </div>
   <div class='ocr_carea' id='block_1_112' title="bbox 2203 5401 3872 5480">
    <p class='ocr_par' dir='ltr' id='par_1_112' title="bbox 2203 5401 3872 5480">
     <span class='ocr_line' id='line_1_112' title="bbox 2203 5401 3872 5480; baseline 0.004 -21"><span class='ocrx_word' id='word_1_760' title='bbox 2203 5405 2314 5459; x_wconf 89' lang='lat' dir='ltr'><strong>nisi</strong></span> <span class='ocrx_word' id='word_1_761' title='bbox 2345 5407 2674 5459; x_wconf 91' lang='lat' dir='ltr'><strong>consortem</strong></span> <span class='ocrx_word' id='word_1_762' title='bbox 2701 5403 2928 5474; x_wconf 88' lang='lat' dir='ltr'><strong>imperii</strong></span> <span class='ocrx_word' id='word_1_763' title='bbox 2957 5401 3165 5458; x_wconf 85' lang='lat' dir='ltr'><strong>Filium</strong></span> <span class='ocrx_word' id='word_1_764' title='bbox 3219 5402 3477 5458; x_wconf 79' lang='lat' dir='ltr'><strong>habeat?</strong></span> <span class='ocrx_word' id='word_1_765' title='bbox 3513 5405 3722 5480; x_wconf 82' lang='lat' dir='ltr'><strong>Neque</strong></span> <span class='ocrx_word' id='word_1_766' title='bbox 3751 5409 3872 5467; x_wconf 84' lang='lat' dir='ltr'><strong>fuit</strong></span> 
     </span>
    </p>
   </div>
   <div class='ocr_carea' id='block_1_113' title="bbox 2203 5493 3872 5566">
    <p class='ocr_par' dir='ltr' id='par_1_113' title="bbox 2203 5493 3872 5566">
     <span class='ocr_line' id='line_1_113' title="bbox 2203 5493 3872 5566; baseline 0.003 -16"><span class='ocrx_word' id='word_1_767' title='bbox 2203 5511 2466 5566; x_wconf 89' lang='lat' dir='ltr'><strong>unquam</strong></span> <span class='ocrx_word' id='word_1_768' title='bbox 2517 5498 2770 5565; x_wconf 88' lang='lat' dir='ltr'><strong>tempus,</strong></span> <span class='ocrx_word' id='word_1_769' title='bbox 2803 5508 2918 5564; x_wconf 92' lang='lat' dir='ltr'><strong>quo</strong></span> <span class='ocrx_word' id='word_1_770' title='bbox 2950 5493 3204 5564; x_wconf 88' lang='lat' dir='ltr'><strong>Spiritus</strong></span> <span class='ocrx_word' id='word_1_771' title='bbox 3231 5495 3492 5550; x_wconf 86' lang='lat' dir='ltr'><strong>Sanctus</strong></span> <span class='ocrx_word' id='word_1_772' title='bbox 3515 5512 3650 5552; x_wconf 91' lang='lat' dir='ltr'><strong>cum</strong></span> <span class='ocrx_word' id='word_1_773' title='bbox 3689 5504 3872 5556; x_wconf 82' lang='lat' dir='ltr'><strong>utro-</strong></span> 
     </span>
    </p>
   </div>
   <div class='ocr_carea' id='block_1_114' title="bbox 2149 5666 2233 5722">
    <p class='ocr_par' dir='ltr' id='par_1_114' title="bbox 2149 5666 2233 5722">
     <span class='ocr_line' id='line_1_114' title="bbox 2149 5666 2233 5722; baseline -0.024 0"><span class='ocrx_word' id='word_1_774' title='bbox 2149 5666 2233 5722; x_wconf 85' lang='grc'><strong>16.</strong></span> 
     </span>
    </p>
   </div>
  </div>
