4090 6298
393 445 544 508 116⁸7

1701 421 2009 484 ΝΙΟΕΤᾹΞ
2051 419 2471 482 CGONIA'I‘E

3661 407 3826 470 “68

389 577 671 646 haeretici,
698 571 888 630 absit!
925 567 1028 627 sed
1077 565 1489 636 obsequentem
1533 559 1662 630 ejus
1721 557 2045 612 humanam
2079 563 2128 626 Α
2160 553 2444 625 captionis
2480 553 2776 608 momento
2807 549 2866 603 in
2897 552 3119 604 tantam
3152 545 3418 602 coierunt
3467 542 3834 614 conjunctio-

393 645 776 729 voluntatem,
807 666 866 716 at
896 675 1008 714 non
1071 654 1438 710 resistentem
1491 655 1588 704 aut
1643 645 2045 710 reluctantem,

397 759 517 814 imo
549 756 739 828 potius
792 749 1022 812 divinae,
1057 746 1184 816 ejus
1234 747 1290 797 et
1338 735 1728 810 omnipotenti
1760 732 2048 790 voluntati

400 822 773 915 morigeram.
805 837 1102 907 Siquidem
1139 849 1243 904 par
1287 837 1428 896 erat,
1463 835 1524 881 ut
1556 823 1750 882 carnis
1781 822 2050 879 voluntas

403 913 724 992 movereter
757 947 771 997 ;
805 927 1013 982 divinas
1053 930 1250 978 tamen
1301 916 1592 973 voluntati
1638 913 2049 983 subjiceretur,

403 1029 469 1081 ut
497 1017 972 1093 sapientissimus
1003 1013 1100 1067 ille
1129 1008 1336 1066 scribit
1367 1005 1737 1062 Athanasius.
1763 1001 2052 1068 Quemad-

405 1114 648 1169 modum
680 1108 838 1165 enim
893 1121 1027 1160 caro
1077 1101 1206 1172 ejus
1265 1113 1399 1153 caro
1459 1095 1560 1151 Dei
1615 1093 1829 1149 dicitur
1859 1094 2054 1156 etest,

403 1204 484 1258 ita
514 1205 572 1257 et
601 1195 890 1254 naturalis
941 1191 1210 1248 voluntas
1255 1185 1449 1243 carnis
1505 1186 1634 1254 ejus
1691 1181 1924 1253 propria
1955 1179 2055 1234 Dei

405 1290 580 1346 Verbi
613 1287 824 1342 dicitur
853 1285 910 1338 et
933 1288 1020 1335 est
1049 1295 1062 1332 :
1089 1282 1155 1332 ut
1185 1276 1340 1331 idem
1363 1275 1478 1329 ait:
1515 1270 1776 1327 Ducendi
1807 1269 1873 1324 de
1901 1268 2054 1334 caelo,

406 1395 517 1434 non
547 1385 607 1432 ut
655 1375 868 1445 faciam
923 1368 1263 1426 voluntatem
1315 1379 1521 1430 meam,
1573 1359 1666 1415 sed
1721 1359 2058 1413 voluntatem

409 1469 526 1538 eius
558 1465 654 1536 qui
684 1461 838 1518 misit
865 1475 956 1514 me
985 1455 1172 1512 Patris
1200 1452 1247 1510 ⁷.
1290 1452 1515 1518 Quibus
1541 1449 1732 1504 verbis
1763 1445 2054 1519 propriam

412 1535 612 1613 carnis
641 1553 770 1622 ejus
817 1549 1175 1604 voluntatem
1233 1541 1526 1612 intelligit.
1575 1535 2056 1608 Quandoquidem

411 1645 541 1715 ipsa
571 1655 800 1713 quoque
831 1652 965 1692 caro
1014 1635 1064 1691 ei
1113 1632 1346 1705 propria
1393 1631 1522 1698 fuit,
1565 1626 2060 1700 quemadmodum

418 1734 576 1788 enim
609 1725 983 1785 sanctissima
1011 1728 1070 1779 et
1115 1720 1411 1792 inculpata
1460 1720 1586 1790 ejus
1620 1715 1878 1772 animata
1905 1729 2060 1778 caro,

417 1837 544 1878 cum
577 1818 846 1874 deiﬁcata
875 1818 983 1878 est,
1031 1812 1488 1882 haudquaquam
1521 1807 1731 1876 periit;
1763 1805 1846 1860 ita
1875 1817 2063 1872 neque

2152 657 2305 707 nem,
2342 645 2402 696 ut
2435 657 2510 696 ne
2541 640 2812 700 humanas
2847 637 3082 710 quidem
3113 651 3205 690 res
3237 635 3364 690 sine
3395 633 3593 687 divina
3624 647 3830 687 essen-

2152 731 2235 786 tia
2261 731 2464 786 ﬁerent
2501 747 2513 784 :
2549 731 2648 785 sed
2678 733 2925 799 utraque
2957 731 3169 780 natura
3229 739 3364 778 cum
3399 721 3644 777 alterius
3675 736 3834 774 com-

2155 819 2437 874 munione
2485 835 2552 873 ea
2601 833 2732 890 quas
2763 817 2874 871 sibi
2945 814 3180 886 propria
3236 816 3428 879 erant,
3479 815 3536 864 et
3565 807 3738 864 vellet
3765 813 3826 862 et

2157 913 2376 979 ageret.
2409 908 2691 974 Quocirca
2723 905 2872 960 duas
2923 905 3100 960 etiam
3133 901 3432 957 naturales
3463 898 3826 966 voluntates,

2157 999 2520 1073 totidemque
2567 997 2825 1052 actiones
2867 995 2940 1050 ad
2997 991 3238 1048 humani
3291 988 3523 1064 generis
3573 986 3824 1044 salutem

2161 1107 2275 1146 una
2310 1088 2676 1145 concurrisse
2699 1085 3245 1148 asserimus.Quare
3281 1099 3414 1138 cum
3443 1083 3592 1138 beati
3627 1082 3829 1137 Patres

2159 1180 2282 1234 haec
2313 1180 2393 1234 ita
2424 1193 2658 1233 summo
2687 1192 2820 1231 cum
2871 1172 3071 1230 studio
3101 1179 3158 1227 et
3209 1171 3517 1242 diligentia
3567 1171 3830 1242 undique

2162 1267 2564 1341 congesserint
2596 1271 2656 1322 et
2719 1263 3136 1336 expresserim,
3195 1277 3303 1333 par
3351 1265 3464 1326 cst,
3515 1263 3578 1314 ut
3627 1259 3830 1314 nullus

2163 1357 2333 1412 aliter
2365 1357 2638 1428 proferat,
2694 1358 2798 1409 aut
2848 1351 3090 1418 scribat,
3149 1357 3246 1405 aut
3297 1349 3534 1414 sentiat,
3571 1353 3673 1402 aut
3721 1349 3828 1402 do-

2165 1453 2326 1502 ceat:
2361 1447 2479 1500 imo
2531 1461 2666 1499 vero
2701 1458 2772 1497 ne
2803 1442 3098 1496 diversum
3143 1439 3376 1510 quidem
3430 1437 3500 1492 ab
3547 1437 3655 1492 hoc
3696 1436 3832 1491 ﬁdei

2167 1534 2500 1608 symbolum
2534 1532 2608 1587 iis
2639 1534 2950 1603 proponat,
3013 1527 3116 1600 qui
3162 1526 3250 1582 vel
3283 1542 3350 1582 ex
3401 1525 3695 1597 gentibus,
3744 1525 3832 1580 vel

2168 1641 2236 1682 ex
2263 1622 2501 1692 Judaeis,
2531 1619 2615 1676 vel
2648 1635 2716 1675 ex
2763 1617 2971 1674 haeresi
3018 1616 3291 1687 quaelibet
3341 1616 3410 1670 ad
3449 1613 3712 1669 veritatis
3745 1631 3831 1670 co-

2170 1713 2490 1785 gnitionem
2521 1712 2967 1767 convertuntur.

2791 1815 2950 1874 CAP.
3001 1812 3236 1869 XXXII.

416 1925 612 1968 carm“
641 1921 770 1978 θδῃδ
801 1903 1074 1992 volgatas
1106 1907 1419 1992 99mm?”
1461 1900 1657 1992 Roims
1687 1897 1915 1992 "iiegm
1943 1906 2064 1992 pf“.-
2094 1927 2139 1991 Β
2170 1930 2331 1987 Fides
2393 1927 2642 1984 revelata
2691 1924 3044 1980 sanctissimo
3095 1922 3359 1992 Gregorio
3405 1921 3672 1992 miriﬁco,
3707 1931 3840 1978 lan-

417 1998 721 2062 mansit,ut
749 1991 1075 2063 Theologus
1130 1987 1438 2058 Gregorius
1489 1985 1578 2038 bis
1625 1983 1811 2037 verbis
1861 1981 2064 2034 auctor

418 2093 524 2145 est.
561 2085 726 2142 Illius
755 2082 908 2138 enim
940 2079 1235 2142 voluntas,
1263 2075 1358 2146 qui
1393 2089 1497 2145 pro
1545 2073 1850 2127 Servatore
1892 2067 2064 2123 intel-

426 2175 650 2246 ligitur,
684 2171 1138 2239 haudquaquam
1169 2165 1287 2219 Deo
1317 2162 1606 2217 contraria
1636 2163 1743 2225 est,
1775 2175 1910 2214 cum
1942 2161 2066 2212 tota

421 2265 605 2321 Deum
639 2258 914 2316 redoleat.
963 2259 1024 2312 In
1059 2272 1126 2310 ea
1181 2269 1352 2325 porro
1410 2250 1697 2306 sententia
1739 2264 1970 2314 sumus,
2003 2251 2070 2302 ut

424 2353 724 2412 naturales
756 2352 902 2406 duas
933 2347 1192 2404 actiones
1223 2345 1369 2400 citra
1401 2342 1766 2409 divisionem,
1793 2339 2069 2395 mutatio—

423 2459 580 2511 nem,
645 2440 1072 2506 confusionem,
1134 2435 1529 2507 partitionem,
1590 2432 1649 2486 in
1709 2431 1912 2487 eodem
1952 2429 2068 2485 Do-

420 2534 581 2589 mino
642 2535 838 2586 nostro
911 2528 1050 2584 Jesu
1120 2525 1350 2581 Christo
1427 2523 1542 2578 Deo
1611 2537 1746 2577 vero
1821 2519 2069 2591 conjun-

419 2631 542 2681 ctas
601 2639 729 2678 esse
786 2635 1146 2682 asseramus,
1224 2616 1333 2670 hoc
1391 2621 1479 2670 est
1553 2612 1811 2667 divinam
1891 2608 2068 2664 actio-

419 2729 576 2783 nem,
638 2715 704 2766 ut
753 2711 960 2764 beatus
1027 2705 1125 2760 ille
1195 2704 1304 2760 Leo
1375 2701 1548 2775 paulo
1627 2699 1888 2772 apertius
1963 2696 2066 2752 ait.

420 2802 712 2874 Operatur
742 2803 986 2867 utraque
1019 2797 1204 2850 forma
1227 2809 1359 2848 cum
1389 2791 1628 2846 alterius
1659 2789 2071 2845 communione

421 2888 813 2962 proprietatis,
893 2885 1082 2940 Verbo
1153 2881 1374 2938 scilicet
1439 2880 1495 2935 id
1556 2881 1851 2950 operante,
1913 2875 2068 2946 quod

428 2996 602 3035 suum
636 2983 759 3044 est;
791 2981 848 3032 et
887 2990 1126 3046 corpore
1180 2971 1438 3027 vicissim
1493 2985 1561 3024 ea
1603 2967 1910 3035 efﬁciente,
1945 2979 2070 3036 quae

429 3075 570 3126 sunt
599 3067 878 3138 corporis.
912 3064 1079 3120 Nullo
1137 3062 1293 3117 enim
1357 3065 1520 3130 pacto
1579 3059 1841 3112 eamdem
1893 3056 2072 3111 fuisse

425 3158 752 3214 naturalem
784 3155 886 3208 Dei
917 3157 974 3206 et
1004 3158 1281 3206 creaturae
1327 3149 1612 3203 actionem
1647 3145 2021 3202 concedimus
2055 3160 2068 3198 :

423 3265 495 3303 ne
527 3247 615 3301 vel
648 3247 974 3298 creaturam
1009 3239 1319 3310 impetibili
1383 3237 1648 3291 essentia;
1679 3236 2068 3300 ascribamus,

421 3334 509 3389 vel
550 3332 760 3386 divinae
823 3337 1039 3384 naturae
1097 3327 1492 3382 excellentiam
1553 3325 1610 3378 in
1671 3328 2069 3378 creaturarum
2111 3296 2153 3362 α

423 3423 682 3478 ordinem
715 3419 1066 3487 redigamus.
1118 3415 1300 3471 Unius
1343 3415 1500 3468 enim
1545 3413 1924 3482 ejusdemque
1957 3411 2064 3464 mi-

424 3510 622 3569 racula
652 3513 710 3564 ot
731 3506 1033 3579 passiones
1066 3505 1245 3559 fuisse
1278 3503 1543 3557 novimus
1573 3519 1586 3555 :
1615 3501 1729 3557 alia
1755 3506 1928 3571 atque
1958 3499 2070 3554 alia

428 3605 870 3664 naturarum,ex
894 3595 1108 3666 quibus
1130 3591 1612 3656 constat,ratione
1635 3589 1916 3654 babita,in
1941 3587 2068 3658 qui-

429 3692 656 3760 busque
675 3689 802 3758 ejus
829 3685 1082 3740 essentia
1105 3680 1458 3744 consistit,ul
1477 3681 1682 3734 beatus
1697 3678 1945 3751 Cyrillus
1970 3677 2068 3732 ait.

497 3783 574 3834 Eo
604 3782 800 3848 itaque
822 3774 978 3846 quod
1009 3773 1382 3828 incont'usum
1406 3769 1788 3824 etindivisum
1812 3771 1900 3823 est
1922 3765 2073 3822 omni

426 3885 493 3924 ex
524 3871 687 3938 parte
717 3869 964 3930 servato,
999 3861 1107 3917 hoc
1137 3861 1195 3915 in
1229 3875 1461 3914 summa
1503 3859 1863 3929 proﬁtemur,
1898 3873 2072 3910 unam

431 3960 647 4011 sanctas
705 3951 1010 4008 Trinitatis
1061 3963 1396 4021 personam,
1451 3947 1760 4002 Dominum
1813 3954 2074 4000 nostrum

427 4050 628 4102 Jesum
664 4043 956 4097 Christum
1013 4057 1214 4095 verum
1269 4043 1446 4094 Deum
1496 4042 1759 4093 nostrum
1794 4051 2074 4104 esselcre-

432 4135 661 4199 dentes,
693 4133 843 4186 duas
873 4132 1001 4200 ejus
1051 4133 1292 4184 naturas
1341 4129 1678 4191 asserimus,
1713 4142 1839 4196 qua
1875 4125 1930 4179 in
1962 4141 2078 4179 una

434 4223 563 4292 ejus
613 4235 863 4291 persona
893 4217 1244 4284 elucescant,
1303 4215 1362 4270 in
1397 4232 1512 4287 qua
1544 4213 1828 4269 miracula
1867 4217 1924 4268 et
1955 4229 2082 4285 pas-

435 4309 948 4380 siones,quamdiu
983 4323 1050 4361 ex
1081 4306 1512 4376 dispensatione
1545 4305 1848 4360 nobiscum
1881 4321 2080 4359 versa-

435 4407 531 4456 tus
564 4409 670 4464 est,
707 4414 820 4454 non
857 4395 1168 4468 phantasia
1198 4399 1256 4450 et
1299 4395 1700 4462 simulatione,
1752 4395 1852 4448 sed
1883 4409 2081 4449 revera

433 4490 719 4554 exhibuit,
753 4503 885 4541 cum
929 4485 1248 4556 praesertim
1296 4483 1581 4538 naturalis
1640 4484 1964 4538 differentia
2020 4483 2077 4538 in

431 4579 562 4650 ipsa
593 4579 764 4634 unica
798 4593 1046 4648 persona
1067 4579 1458 4644 cognoscatur
1483 4589 1496 4626 ε
1523 4589 1638 4627 non
1671 4573 1800 4644 quia
1837 4589 2082 4642 persona

431 4676 637 4739 praeter
687 4672 927 4746 naturas
957 4663 1103 4719 alias
1133 4664 1228 4727 sit,
1284 4662 1383 4716 sed
1418 4662 1555 4732 quia
1589 4661 1645 4715 in
1693 4667 1900 4716 natura
1929 4663 2081 4731 ejus-
2115 4655 2158 4718 Ι)

434 4759 568 4812 dem
605 4771 866 4828 persona:
899 4759 1022 4808 tota
1071 4757 1282 4806 natura
1339 4751 1596 4805 humana
1651 4751 1952 4806 ell'ormata
1981 4751 2077 4806 sit.

432 4847 694 4916 Quaeque
733 4859 974 4899 suarum
1031 4846 1172 4896 sunt
1203 4839 1452 4910 partium
1503 4856 1570 4894 ea
1601 4839 1684 4894 sic
1727 4839 2083 4912 exsequitur,

434 4949 498 4989 ut
535 4933 680 4988 nihil
713 4934 858 4990 desit
892 4951 903 4988 :
937 4947 1068 4986 cum
1101 4947 1218 5002 qua
1256 4930 1492 5000 quidem
1529 4945 1776 5000 persona
1807 4929 2080 5002 hyposta-

435 5023 616 5078 ticum
677 5024 924 5080 Verbum
985 5023 1328 5088 coha-rebat,
1363 5039 1479 5076 uno
1536 5025 1771 5092 peccato
1826 5023 2078 5093 dempto.

434 5113 936 5175 Quemadmodum
969 5113 1144 5166 etiam
1163 5111 1416 5165 Verbum
1461 5111 1717 5166 vicissim
1743 5127 1808 5166 ea
1834 5113 2083 5182 perfecte

431 5204 488 5253 et
540 5199 812 5254 absolute
857 5202 1226 5268 onerabatur,
1283 5217 1409 5271 quas
1469 5199 1578 5254 sibi
1631 5201 1865 5272 propria
1895 5205 2080 5270 erant,

437 5287 612 5356 idque
633 5303 766 5342 cum
789 5287 1052 5342 humana
1081 5289 1181 5344 illa
1215 5294 1628 5360 natura,quam
1659 5297 2080 5360 assumpserat.

434 5377 766 5431 Proferatur
821 5377 878 5429 in
941 5376 1200 5430 medium
1263 5377 1454 5432 denuo
1514 5379 1926 5434 sanctissimus
1985 5379 2084 5434 ille

435 5465 570 5530 Leo,
604 5463 704 5535 qui
747 5465 801 5518 in
831 5463 1077 5533 epistola
1131 5467 1202 5519 ad
1255 5466 1504 5520 Leonem
1556 5449 1962 5538 imperatorem
2001 5470 2083 5524 ita

435 5553 636 5608 Scribit
661 5568 674 5606 :
700 5551 984 5608 Divinitas
1015 5557 1072 5606 et
1103 5552 1443 5608 humanitas
1487 5555 1614 5624 ipso
1644 5557 1914 5626 virgineae
1943 5575 2082 5615 con-

509 5713 531 5746 ⁷
566 5714 739 5770 Joan.
771 5729 844 5782 vr,
877 5711 968 5767 38.

2245 2019 2410 2073 quam
2469 2015 2543 2073 ea:
2600 1996 3098 2073 suppersanclwnDei
3153 1992 3476 2073 Genitricis,
3535 2001 3587 2050 et
3651 1995 3842 2050 sancti

2245 2065 2476 2144 apostoli
2503 2065 2734 2127 Joannis
2766 2067 3114 2138 evangelista:
3145 2065 3416 2121 doctrina.

2245 2179 2408 2234 Unus
2439 2185 2527 2235 est
2561 2182 2710 2232 Deus
2741 2173 3090 2247 principium
3119 2177 3176 2228 et
3224 2176 3392 2228 Pater
3417 2173 3596 2228 Verbi
3639 2173 3840 2230 viven-

2175 2269 2272 2338 tis,
2307 2268 2606 2340 sapientiae
2635 2265 3034 2331 subsistentia,
3095 2279 3316 2318 necnon
3359 2262 3601 2318 virtutis
3633 2268 3692 2318 et
3723 2263 3844 2319 for-

2179 2375 2284 2414 mae
2318 2363 2565 2424 aeternae,
2597 2354 2894 2427 perfectus
2937 2351 3178 2425 perfecti
3205 2352 3456 2425 genitor,
3493 2351 3665 2408 Pater
3707 2351 3842 2408 Filii

2178 2447 2499 2518 unigeniti.

2253 2535 2417 2590 Unus
2447 2535 2586 2589 item
2623 2539 2709 2589 est
2740 2532 3051 2598 Dominus,
3105 2529 3270 2587 solus
3301 2546 3368 2586 ex
3399 2529 3544 2600 solo,
3578 2529 3746 2586 Deux
3777 2547 3844 2588 ex

2182 2629 2318 2694 Deo,
2351 2625 2543 2695 imago
2577 2637 2830 2694 persona
2889 2621 3094 2688 Patris,
3147 2619 3303 2676 Deus
3349 2619 3606 2676 Verbum
3641 2637 3842 2692 agens,

2184 2715 2282 2786 qui
2317 2729 2510 2768 rerum
2566 2712 2830 2768 omnium
2889 2709 3238 2784 hypostasin
3279 2709 3494 2765 creavit
3527 2711 3842 2782 sapientia,

2182 2820 2312 2875 quae
2363 2803 2768 2857 universorum
2819 2798 3294 2855 constitutionem
3346 2799 3610 2854 continet
3659 2800 3844 2855 virtus

2181 2905 2213 2945 o
2226 2889 2450 2944 mnium
2467 2891 2868 2942 creaturarum
2885 2886 3161 2942 eilectrix.
3188 2885 3418 2939 Veritas
3435 2901 3506 2940 ex
3519 2900 3723 2939 verace
3742 2885 3844 2941 Pa-

2179 2981 2289 3045 tre,
2310 2975 2620 3032 invisibilis
2641 2992 2708 3031 ex
2729 2974 3034 3041 invisibili,
3067 2973 3530 3045 incorruptibilis
3555 2991 3624 3028 ex
3651 2973 3844 3027 incor—

2181 3083 2244 3121 ru
2257 3063 2892 3136 ptibili,immortalisex
2909 3061 2984 3118 im
2996 3061 3508 3130 mortaligeternus
3521 3077 3590 3116 ex
3603 3067 3833 3116 aeterno.

2255 3155 2416 3211 Unus
2445 3154 2699 3224 denique
2749 3153 2998 3224 Spiritus
3049 3155 3292 3206 sanctus
3337 3153 3636 3222 perfectus,
3689 3164 3816 3218 per-

2185 3246 2332 3299 fecta
2361 3243 2679 3299 viventium
2710 3241 2867 3296 vita:
2904 3241 3207 3310 sanctitas,
3240 3245 3298 3296 et
3323 3238 3630 3295 sanctitatis
3661 3237 3816 3304 fons,

2185 3337 2360 3403 atque
2393 3332 2714 3388 sanctitatis
2749 3331 3005 3402 largitor.
3037 3331 3114 3384 Ex
3163 3346 3277 3401 quo
3310 3329 3394 3396 iit,
3429 3333 3484 3383 ut
3513 3331 3658 3382 Deus
3690 3341 3822 3382 om-

2185 3423 2350 3477 nium
2385 3421 2748 3478 credentium
2801 3419 3025 3475 calculo
3067 3419 3143 3473 sit
3187 3437 3365 3491 super
3395 3419 3610 3485 omnia,
3639 3416 3824 3478 Filius

2184 3527 2286 3583 per
2315 3511 2530 3580 omnia,
2563 3511 2812 3580 Spiritus
2863 3513 3102 3564 sanctus
3145 3508 3204 3562 in
3253 3509 3548 3563 omnibus.
3579 3507 3840 3563 Trinitas

2187 3600 2456 3670 perfecta,
2510 3600 2680 3672 cujus
2723 3599 2932 3666 honor,
2989 3596 3426 3668 sempiternitas
3485 3601 3542 3650 et
3589 3613 3836 3668 regnum

2187 3705 2375 3760 neque
2407 3687 2754 3756 dissecatur,
2807 3702 2994 3758 neque
3045 3685 3342 3741 alteratur.
3395 3687 3588 3750 Quare
3633 3687 3694 3740 in
3725 3686 3848 3742 Tri-

2189 3777 2369 3834 nitate
2426 3781 2684 3833 creatum
2743 3775 2889 3831 nihil
2947 3779 3083 3830 est:
3130 3791 3320 3846 neque
3375 3774 3728 3844 ascititium,
3783 3792 3850 3833 ac

2187 3867 2233 3924 si
2267 3867 2405 3938 quid
2440 3883 2568 3922 esse
2617 3871 2819 3938 postea
2877 3865 3138 3936 cmperit,
3173 3864 3326 3936 quod
3375 3868 3548 3920 antea
3580 3881 3698 3920 non
3731 3865 3850 3921 fue-

2188 3955 2281 4012 rit.
2317 3955 2486 4011 Nullo
2517 3955 2674 4010 enim
2723 3970 2984 4025 unquam
3033 3957 3296 4025 tempore
3327 3951 3510 4008 Filius
3556 3953 3716 4009 Patri
3746 3955 3848 4010 de-

2189 4045 2319 4116 fuit,
2351 4060 2536 4115 neque
2567 4043 2708 4100 Filio
2757 4043 3034 4115 Spiritus,
3087 4057 3190 4099 nec
3223 4043 3420 4098 unitas
3453 4041 3514 4096 in
3545 4043 3850 4099 binarium

2189 4135 2453 4202 excrevit,
2487 4149 2591 4190 nec
2654 4133 2919 4188 binarius
2951 4131 3010 4188 in
3069 4132 3432 4200 Trinitatem,
3479 4132 3578 4187 sed
3617 4147 3852 4204 semper

2190 4239 2308 4278 una
2331 4224 2648 4294 eademque
2705 4221 2962 4278 Trinitas
3021 4222 3168 4278 citra
3221 4219 3396 4276 ullam
3464 4223 3850 4278 mutationem

2191 4311 2666 4368 alterationemve
2691 4310 2915 4366 mansit.

2787 4417 2940 4473 CAP.
2983 4417 3246 4474 XXXIII.

2196 4513 2403 4568 Iterum
2455 4511 2520 4564 (le
2585 4513 2776 4564 sancta
2834 4509 3097 4564 Trinitate
3175 4507 3264 4578 (de
3319 4509 3512 4574 Patre,
3577 4507 3754 4575 Filio,
3809 4515 3858 4562 et

2264 4583 2474 4650 Spiritu
2505 4590 2704 4636 sancto
2747 4580 3006 4634 distincta
3051 4579 3220 4634 simul
3265 4583 3315 4633 ct
3361 4580 3670 4649 conjuncta
3699 4581 3856 4635 Diri-

2259 4657 2452 4708 m‘tatis
2485 4655 2652 4721 ratio,
2685 4667 2754 4706 ex
2787 4653 2846 4706 Β.
2879 4653 3089 4707 Joanne
3123 4657 3489 4718 Damasceno,
3525 4667 3650 4721 cap.
3685 4652 3774 4720 8.)

2267 4761 2470 4830 Itaque
2502 4759 2796 4814 credimus
2825 4759 2884 4812 in
2936 4773 3118 4813 unum
3173 4757 3378 4826 Deum,
3441 4757 3686 4812 unicum
3735 4757 3864 4812 sine

2191 4849 2475 4921 principio
2527 4847 2901 4920 principium,
2953 4847 3308 4916 increatum,
3343 4853 3660 4917 aeternum,
3697 4848 3858 4920 inge-

2195 4939 2395 5002 nitum,
2455 4936 2956 5008 incorruptibilem
3019 4941 3196 5008 atque
3257 4935 3687 5000 immortalem,
3743 4937 3856 4992 im-

2195 5043 2486 5092 mensum,
2521 5025 2700 5080 nullis
2734 5025 2950 5080 finibus
2995 5024 3538 5096 circumscriptum,
3573 5026 3860 5080 indefini—

2192 5123 2340 5183 tum,
2373 5117 2678 5170 immensae
2709 5115 3038 5186 potestatis,
3061 5114 3328 5185 simplex,
3365 5116 3860 5186 incompositum,

2193 5205 3095 5276 incorporeum,inexhaustum,
3154 5203 3676 5274 imperturbatum,
3736 5203 3862 5258 im-

2201 5294 2498 5360 mobilem,
2541 5291 2994 5360 immutabilem,
3047 5291 3426 5360 invisibilem,
3485 5293 3775 5349 bonitatis
3813 5301 3874 5349 et

2187 5383 2432 5454 justitiae
2491 5381 2734 5448 fontem,
2791 5381 2990 5436 lumen
3073 5380 3464 5453 intelligibile,
3529 5382 3876 5438 inacessam

2195 5472 2520 5543 potentiam
2553 5487 2677 5541 quae
2711 5469 2875 5525 nulla
2901 5487 3173 5525 mensura
3203 5471 3712 5542 dignoscitur,sed
3746 5472 3880 5528 sola

2195 5561 2450 5632 seipsam
2489 5560 2720 5631 propria
2753 5560 3054 5616 voluntate
3101 5559 3422 5616 dimetitur.
3459 5562 3882 5634 Quaecumque
