4090 6298
299 403 456 466 1169

1643 415 1746 474 ΤΗ
1759 410 2046 476 ESAURI
2089 411 2243 473 LIB.
2289 414 2368 474 II.

3573 418 3730 479 1170

298 538 459 594 enim
514 539 659 609 vult,
713 540 913 596 eadem
965 559 1199 614 quoque
1243 546 1453 613 potest,
1503 550 1564 599 ut
1613 561 1740 616 quas
1791 560 1955 602 crea-
1985 550 2034 613 Α
2069 549 2268 616 postea
2296 545 2503 600 Filium
2536 545 2860 616 habuisset,
2894 551 3093 618 postea
3127 564 3364 620 quoque
3395 552 3566 606 Pater
3591 566 3722 607 esse

305 641 469 690 turas
500 649 705 688 omnes
738 631 998 688 visibiles
1031 637 1088 689 et
1135 633 1459 690 invisibiles
1509 635 1806 706 creaverit,
1829 652 1952 692 om-

303 742 407 782 nes
462 723 784 793 contineat,
847 723 1122 780 omnibus
1187 725 1452 796 imperet,
1513 730 1569 782 et
1625 725 1957 782 dominetur

308 831 509 886 regno,
539 813 693 884 quod
729 811 877 867 nulli
919 812 1017 868 ﬁni
1052 813 1292 870 mortive
1340 815 1654 871 obnoxium
1705 820 1813 882 est,
1849 831 1954 872 nec

307 904 365 958 in
421 920 481 958 se
531 902 854 973 quidquam
914 903 1269 958 contrarium
1339 903 1533 970 habet,
1587 921 1710 976 quae
1755 904 1950 959 omnia

305 991 674 1064 plenitudine
706 1008 845 1047 suas
891 992 1194 1063 complens
1225 1010 1257 1048 a
1287 992 1448 1049 nullo
1493 993 1952 1064 comprehenda-

292 1087 410 1146 tur,
443 1080 562 1136 imo
625 1081 822 1151 potius
868 1080 1064 1135 omnia
1113 1081 1586 1154 comprehendat,
1637 1082 1948 1147 contineat,

290 1175 346 1228 et
376 1173 704 1240 exsuperet,
739 1186 869 1240 quas
919 1169 1139 1225 nullam
1174 1187 1288 1226 non
1337 1170 1648 1226 essentiam
1699 1170 1949 1225 inteme-

289 1263 416 1315 rata
446 1261 720 1330 permeet,
755 1275 1048 1330 supraque
1071 1259 1270 1314 omnia
1302 1259 1541 1330 feratur,
1564 1276 1690 1331 quae
1717 1258 1947 1314 nullam

285 1366 404 1406 non
433 1348 748 1405 essentiam
779 1353 1104 1420 exsuperet,
1130 1348 1746 1420 supersubstantialis,
1791 1352 1847 1404 et
1881 1366 1948 1405 ea

282 1455 413 1509 quae
465 1443 604 1494 sunt
649 1438 1088 1506 transcendens,
1139 1437 1468 1509 plusquam
1525 1437 1743 1507 divina,
1780 1438 1945 1510 plus-

278 1543 460 1598 quam
491 1527 665 1594 bona,
701 1526 1009 1598 plusquam
1043 1525 1237 1598 plena,
1278 1543 1405 1599 quas
1439 1527 1726 1599 principia
1747 1527 1947 1582 omnia

272 1617 632 1688 ordinesque
661 1617 929 1682 definiat,
963 1616 1156 1673 omnis
1187 1615 1462 1688 principii
1493 1622 1668 1689 atque
1719 1617 1944 1672 ordinis

275 1721 525 1777 prmses,
559 1721 688 1777 quae
733 1702 951 1759 nullam
989 1721 1103 1760 non
1157 1704 1496 1770 essentiam,
1531 1705 1734 1774 vitam,
1768 1706 1941 1760 ratio-

272 1811 443 1861 nem,
471 1797 638 1864 atque
670 1793 1084 1864 cogitationem
1118 1797 1444 1865 exsuperet,
1479 1793 1672 1865 ipsum
1718 1793 1940 1860 lumen,

280 1885 421 1955 ipsa
453 1882 706 1947 bonitas,
739 1883 866 1954 ipsa
915 1882 1051 1950 vita,
1085 1882 1214 1955 ipsa
1260 1883 1535 1952 essentia,
1571 1887 1633 1938 ut
1681 1899 1807 1954 quae
1852 1883 1937 1939 al-
1971 1913 2017 1977 Β

276 1973 475 2028 terius
508 1972 788 2028 beneﬁcio
822 1989 934 2027 non
986 1972 1084 2041 sit,
1135 1979 1230 2027 aut
1279 1971 1502 2042 aliquid
1562 1988 1760 2028 eorum
1811 1990 1934 2043 quae

264 2068 416 2119 sunt
450 2062 716 2130 exsistat,
747 2063 860 2118 imo
894 2061 965 2117 iis
999 2079 1125 2134 quae
1175 2065 1313 2118 sunt
1361 2061 1647 2128 essentiae,
1682 2060 1754 2118 iis
1809 2079 1934 2134 quas.

265 2153 506 2221 vivunt,
539 2152 690 2219 vitae,
719 2151 788 2206 iis
815 2168 941 2224 qua
973 2153 1200 2207 ratione
1228 2155 1473 2207 utuntur
1505 2151 1749 2208 rationis
1779 2151 1933 2220 fons,

263 2241 560 2297 omnibus
614 2240 866 2312 denique
923 2240 1210 2296 bonorum
1271 2240 1537 2295 omnium
1598 2256 1776 2295 causa
1835 2239 1933 2310 sit,

261 2349 406 2404 quas
439 2330 636 2386 omnia
686 2335 819 2385 ante
850 2346 1050 2385 eorum
1099 2329 1529 2400 generationem
1578 2329 1757 2397 norit,
1805 2333 1934 2384 tan-

263 2435 446 2491 quam
483 2436 598 2474 una
631 2419 906 2484 essentia,
939 2435 1056 2474 una
1088 2417 1381 2486 divinitas,
1417 2435 1534 2472 una
1572 2417 1783 2486 virtus,
1819 2433 1934 2471 una

263 2510 568 2576 voluntas,
605 2527 722 2564 una
769 2508 917 2564 actio
966 2525 1148 2563 unum
1203 2507 1536 2580 imperium,
1572 2524 1689 2563 una
1736 2511 1930 2580 poten-

270 2600 382 2666 tia,
423 2615 540 2654 una
589 2598 930 2666 dominatio,
986 2615 1169 2652 unum
1220 2614 1486 2670 regnum,
1521 2597 1675 2668 quod
1726 2595 1785 2650 in
1829 2595 1935 2650 tri-

275 2693 395 2747 bus
429 2690 697 2760 perfectis
750 2689 1015 2762 personis
1065 2689 1456 2761 cognoscitur,
1489 2694 1546 2744 et
1593 2688 1934 2743 adcretione

273 2797 404 2835 una
437 2779 666 2834 colitur.
699 2779 971 2836 Creditur
1018 2782 1212 2833 autem
1268 2782 1326 2834 et
1351 2779 1626 2833 adoratur
1671 2777 1743 2833 ab
1770 2775 1931 2831 omni

265 2874 549 2924 creatura
579 2867 821 2923 rationis
877 2866 1174 2938 participe,
1209 2867 1470 2939 citraque
1511 2865 1691 2922 ullam
1726 2865 1932 2921 confuc

267 2959 506 3014 sionem
540 2958 930 3029 conjungitur,
962 2962 1018 3013 et
1048 2957 1191 3013 citra
1238 2957 1674 3013 distractionem
1715 2955 1928 3011 distin—

259 3045 494 3119 guitur,
549 3046 724 3118 (quod
777 3046 989 3102 mirum
1041 3047 1173 3120 est),
1210 3048 1267 3102 in
1301 3047 1547 3115 Patrem,
1594 3049 1650 3101 et
1692 3045 1929 3116 Filium,

260 3140 320 3191 et
358 3133 646 3206 Spiritum
682 3141 974 3205 sanctum,
1005 3136 1062 3192 in
1097 3153 1242 3208 quos
1273 3136 1550 3208 baptizati
1576 3150 1807 3208 quoque
1833 3152 1930 3190 su-

258 3241 430 3281 mus.
465 3225 550 3279 Ita
580 3225 735 3280 enim
768 3226 1049 3283 Dominus
1082 3228 1360 3300 apostolis
1392 3228 1712 3294 mandavit,
1745 3233 1808 3282 ut
1834 3229 1929 3284 ba-

249 3314 578 3386 ptizarent,
641 3315 730 3369 bis
763 3316 955 3371 verbis
995 3317 1390 3388 :Baptixanles
1445 3335 1531 3374 eos
1588 3317 1650 3373 in
1706 3334 1929 3374 nomine

250 3404 476 3470 Patris,
513 3408 562 3459 et
615 3405 766 3473 Filii,
809 3410 859 3461 ει
915 3407 1160 3478 Spiritus
1185 3410 1364 3464 sancti
1391 3409 1432 3463 ⁸.
1470 3411 1533 3464 In
1582 3426 1764 3464 unum
1820 3410 1930 3466 Pa-

248 3501 440 3564 trem,
476 3495 578 3567 qui
610 3497 874 3551 omnium
901 3497 1252 3571 principium
1275 3503 1329 3555 et
1359 3516 1536 3556 causa
1567 3505 1675 3570 est,
1703 3517 1736 3557 a
1767 3500 1927 3558 nullo

245 3586 554 3659 genitum,
587 3584 684 3654 qui
736 3584 896 3641 solus
956 3586 1080 3642 sine
1131 3603 1324 3656 causa,
1358 3592 1414 3644 et
1466 3589 1762 3661 ingenitus
1817 3593 1925 3659 est,

252 3677 540 3735 omnium
576 3674 811 3745 quidem
844 3675 1098 3748 Creator,
1154 3683 1213 3732 at
1245 3679 1421 3733 unius
1452 3683 1680 3733 tantum
1725 3679 1924 3751 unige-

247 3767 363 3824 niti
405 3762 541 3820 Filii
576 3763 686 3829 sui,
721 3764 949 3819 Domini
983 3770 1178 3821 autem
1216 3767 1342 3835 Dei,
1368 3771 1423 3823 et
1467 3767 1787 3823 Servatoris
1821 3783 1928 3822 no-

245 3858 362 3913 stri
396 3855 549 3911 Jesu
600 3852 809 3909 Christi
845 3860 1054 3910 natura
1085 3860 1277 3927 Pater,
1312 3856 1499 3912 sancti
1553 3861 1750 3912 autem
1796 3855 1926 3927 Spi-

249 3948 414 4001 ritus
444 3941 704 3999 emissor
735 3945 998 3998 exsistat.

326 4033 652 4090 Credimus
686 4032 823 4087 item
855 4031 911 4087 in
949 4049 1129 4088 unum
1155 4033 1362 4089 Filium
1388 4033 1491 4090 Dei
1526 4033 1925 4106 unigenitum,

245 4123 590 4180 Dominum
621 4126 884 4178 nostrum
917 4121 1120 4178 Jesum
1175 4123 1495 4189 Christum,
1530 4124 1630 4194 qui
1663 4139 1731 4178 ex
1759 4123 1926 4178 Patre

244 4215 432 4268 natus
481 4214 572 4266 est
605 4216 734 4266 ante
784 4211 982 4267 omnia
1032 4211 1260 4279 saecula,
1313 4210 1510 4267 lumen
1560 4212 1632 4267 de
1680 4211 1924 4282 lumine,

243 4305 444 4359 Deum
479 4317 689 4355 verum
747 4301 817 4356 de
872 4302 986 4357 Deo
1034 4317 1191 4368 vero,
1223 4299 1484 4374 genitum
1535 4317 1653 4357 non
1684 4301 1925 4372 factum,

241 4389 829 4449 consubstantialem
856 4389 1028 4455 Patri,
1049 4406 1149 4462 per
1173 4405 1348 4462 quem
1367 4390 1567 4447 omnia
1589 4390 1742 4447 facta
1766 4398 1924 4449 sunt.

237 4485 392 4533 Cu.n
452 4475 711 4532 dicimus
761 4478 902 4533 Ante
955 4476 1152 4532 omnia
1209 4477 1436 4548 saecula,
1495 4479 1928 4550 generationem

242 4569 386 4640 ejus
423 4565 710 4635 temporis
750 4570 806 4621 et
851 4566 1121 4638 principii
1173 4570 1466 4639 expertem
1507 4584 1635 4624 esse
1691 4568 1924 4624 indica-

2066 633 2354 706 cocpisset,
2382 651 2514 689 cum
2543 639 2713 691 Pater
2742 639 2914 692 antea
2945 651 3059 691 non
3091 641 3265 705 esset,
3301 641 3474 709 atque
3498 655 3566 695 ex
3598 656 3711 695 non

2068 724 2228 778 Patre
2261 723 2318 778 in
2350 723 2573 779 Patrem
2613 728 2874 780 mutatus
2923 724 3146 793 fuisset,
3183 745 3296 798 qua
3349 727 3716 800 blasphemia

2063 812 2228 882 quid,
2281 829 2496 885 quaeso,
2547 813 2733 885 magis
2784 813 3034 886 impium
3090 816 3401 887 excogitari
3464 818 3716 889 potest?

2061 901 2208 956 Fieri
2240 906 2394 956 enim
2421 918 2536 957 non
2569 907 2780 976 potest,
2815 909 2881 958 ut
2912 904 3062 959 Deus
3096 905 3344 960 naturali
3395 907 3714 978 generandi

2060 989 2114 1044 vi
2145 991 2402 1059 privatus
2435 991 2682 1061 dicatur,
2715 993 3030 1064 generandi
3053 998 3248 1048 autem
3277 994 3362 1048 vis
3387 993 3443 1048 in
3467 1011 3534 1050 eo
3565 1011 3703 1052 con-

2059 1080 2234 1146 sistit,
2271 1083 2335 1134 ut
2365 1095 2432 1134 ex
2491 1080 2704 1152 seipso,
2737 1081 2856 1136 sive
2910 1083 3138 1152 propria
3181 1099 3250 1138 ex
3298 1085 3552 1140 essentia
3599 1085 3712 1140 sibi

2059 1172 2268 1223 natura
2299 1167 2550 1226 similem
2582 1178 2865 1241 procreet.
2921 1171 3000 1225 Ex
3033 1188 3144 1242 quo
3191 1172 3277 1241 ﬁt,
3312 1176 3376 1226 ut
3407 1171 3456 1227 si
3489 1173 3621 1243 quis
3651 1172 3712 1228 in

2056 1257 2182 1312 Filii
2237 1259 2607 1330 generatione
2668 1263 2898 1331 tempus
2948 1260 3370 1329 intercessisse,
3428 1266 3529 1318 aut
3576 1273 3708 1334 post

2058 1348 2306 1413 Patrem,
2340 1349 2712 1404 subsecutam
2751 1347 2932 1405 fuisse
2988 1349 3116 1404 Filii
3146 1350 3588 1406 subsistentiam
3614 1351 3708 1407 di-

2053 1440 2169 1502 cat,
2227 1437 2447 1508 impius
2497 1437 2805 1493 habendus
2848 1437 3054 1494 merito
3109 1438 3204 1496 sit.
3259 1440 3338 1494 Ex
3369 1439 3496 1511 ipso
3528 1439 3710 1506 enim,

2053 1524 2162 1580 hoc
2196 1529 2285 1582 est
2310 1542 2376 1582 ex
2408 1527 2596 1582 Patris
2629 1531 2840 1582 natura
2873 1528 3310 1600 generationem
3341 1528 3468 1585 Filii
3523 1529 3709 1584 fuisse

2051 1614 2319 1672 dicimus.
2351 1616 2422 1671 Et
2478 1616 2591 1672 nisi
2623 1616 2830 1672 Filium
2885 1617 2956 1672 ab
3005 1616 3170 1674 initio
3209 1635 3324 1673 una
3373 1635 3504 1674 cum
3537 1618 3704 1673 Patre

2051 1704 2254 1773 fuisse,
2315 1709 2378 1760 ut
2419 1722 2486 1760 ex
2535 1705 2663 1777 ipso
2713 1707 3006 1778 genitum,
3055 1709 3468 1776 concedamus,
3503 1707 3701 1778 utique

2051 1793 2304 1850 Paternae
2337 1811 2596 1866 persona
2633 1795 3014 1851 mutationem
3048 1795 3477 1852 introducimus
3515 1814 3528 1852 :
3561 1797 3703 1868 quia

2052 1883 2328 1938 nimirum
2361 1900 2496 1939 cum
2555 1888 2727 1940 Pater
2776 1889 2949 1941 antea
2993 1902 3110 1942 non
3162 1890 3338 1954 esset,
3371 1890 3542 1942 Pater
3572 1903 3702 1943 esse

2051 1975 2287 2029 tandem
2356 1975 2610 2046 coeperit.
2669 1975 2921 2030 Tametsi
2973 1976 3128 2032 enim
3179 1980 3443 2032 creatura
3499 1981 3703 2048 postea

2048 2063 2206 2119 facta
2255 2063 2385 2131 fuit,
2418 2081 2532 2119 non
2565 2068 2760 2120 tamen
2812 2080 2879 2119 cx
2932 2063 3030 2121 Dei
3077 2066 3351 2132 essentia,
3385 2065 3482 2122 sed
3540 2079 3608 2120 ex
3637 2081 3703 2120 eo

2049 2151 2204 2223 quod
2235 2169 2349 2208 non
2383 2157 2508 2208 erat
2538 2154 2597 2209 in
2630 2153 2686 2209 id
2719 2154 2872 2225 quod
2906 2157 2995 2210 est
3025 2153 3325 2210 voluntate
3355 2158 3412 2211 et
3445 2155 3704 2226 potentia

2049 2241 2176 2312 ejus
2209 2243 2492 2313 producta
2533 2242 2664 2298 fuit.

2115 2329 2230 2384 Nec
2257 2347 2386 2386 vero
2421 2330 2732 2387 mutationi
2785 2334 2996 2388 natura
3046 2333 3246 2389 divina
3298 2331 3546 2388 obnoxia
3591 2339 3693 2388 est.

2047 2419 2352 2476 cheratio
2383 2420 2540 2476 enim
2587 2424 2696 2486 est,
2729 2438 2860 2476 cum
2892 2421 2951 2478 id
2993 2423 3148 2494 quod
3200 2421 3458 2496 gignitur
3495 2438 3696 2478 essen-

2047 2507 2130 2564 tia
2161 2509 2354 2565 simile
2385 2527 2451 2565 ex
2487 2509 2822 2580 generantis
2877 2512 3131 2566 essentia
3163 2511 3377 2583 prodit.
3420 2513 3694 2566 Creatura

2046 2617 2180 2656 vero
2212 2604 2269 2655 et
2295 2601 2666 2669 figmentum,
2697 2599 2754 2654 id
2788 2601 2941 2671 quod
3002 2601 3385 2668 extrinsecus,
3426 2617 3541 2655 non
3586 2618 3693 2656 au-

2045 2694 2162 2745 tem
2195 2706 2263 2744 ex
2319 2689 2568 2744 creantis
2597 2689 2943 2760 ﬁngentisve
2993 2689 3326 2746 substantia
3357 2705 3448 2744 res
3498 2693 3694 2745 creata

2043 2779 2250 2836 ﬁctave
2279 2780 2662 2850 depromitur,
2693 2797 2820 2850 quas
2871 2779 3104 2851 quidem
3155 2777 3488 2835 substantia
3527 2795 3690 2850 pror-

2043 2886 2146 2926 sus
2178 2869 2467 2925 absimilis
2499 2867 2758 2926 exsistat.
2797 2868 3074 2933 Quocirca
3113 2869 3407 2942 generatio
3438 2871 3495 2924 et
3525 2884 3685 2923 crea-

2044 2959 2122 3014 tio
2153 2957 2500 3030 impatibilis
2531 2961 2618 3014 est
2648 2957 2707 3013 in
2745 2974 2860 3014 uno
2901 2959 3182 3013 duntaxat
3211 2957 3349 3027 Deo,
3383 2957 3480 3030 qui
3523 2955 3687 3013 solus

2045 3045 2414 3118 impatibilis,
2447 3045 2830 3103 inalterabilis
2873 3054 2929 3103 et
2966 3045 3356 3102 immutabilis
3389 3049 3498 3116 est,
3539 3062 3695 3100 sem-

2043 3153 2256 3208 perque
2294 3136 2497 3193 eodem
2546 3153 2606 3192 se
2634 3135 2807 3192 modo
2858 3135 3052 3192 habet.
3085 3136 3228 3192 Cum
3260 3135 3416 3191 enim
3468 3138 3680 3191 natura

2041 3224 2411 3298 impatibilis,
2442 3224 2862 3296 inexhaustus,
2894 3223 3146 3297 simplex
3170 3232 3225 3282 et
3271 3224 3693 3298 incompositus

2042 3315 2304 3386 exsistat,
2333 3313 2407 3371 ad
2438 3315 2768 3388 passionem
2795 3313 2970 3371 ullam
2997 3315 3340 3389 ﬂuxumque
3365 3315 3686 3380 ferendum,

2038 3422 2226 3478 neque
2264 3406 2617 3477 generando,
2665 3422 2853 3477 neque
2904 3405 3175 3472 creando,
3226 3405 3684 3478 haudquaquam

2038 3497 2283 3552 idoneus
2315 3499 2423 3565 est,
2460 3512 2561 3550 nec
2593 3495 2710 3550 ullo
2742 3495 3033 3566 adiutorio
3063 3503 3209 3567 eget.
3243 3495 3348 3552 Sed
3383 3495 3681 3566 generatio

2039 3585 2276 3656 quidem
2309 3584 2595 3656 principio
2634 3601 2839 3640 carens
2892 3588 2949 3640 et
2995 3588 3210 3641 aeterna
3258 3586 3368 3654 est,
3419 3598 3552 3637 cum
3607 3583 3685 3637 sit

2038 3690 2185 3746 opus
2217 3677 2459 3742 naturae,
2492 3677 2666 3744 atque
2698 3690 2766 3728 ex
2795 3673 2922 3744 ejus
2968 3673 3224 3729 essentia
3265 3672 3577 3743 procedat:
3607 3686 3680 3726 ne

2038 3762 2347 3818 mutationi
2380 3763 2608 3834 genitor
2637 3765 2716 3818 sit
2744 3763 3029 3819 obnoxius
3063 3781 3076 3818 :
3112 3778 3250 3817 neve
3275 3762 3423 3816 Deus
3452 3760 3680 3832 primus

2038 3852 2113 3908 sit
2165 3855 2220 3908 et
2272 3859 2622 3923 postremus,
2700 3857 2876 3924 atque
2937 3853 3359 3907 incrementum
3419 3850 3680 3922 recipiat.

2036 3941 2260 3997 Creatio
2287 3956 2422 3996 vero
2453 3956 2587 3995 cum
2623 3940 2817 3998 divisae
2863 3939 3180 3996 voluntatis
3231 3956 3377 4011 opus
3430 3939 3525 4005 sit,
3568 3942 3681 3994 Deo

2037 4033 2319 4085 coreterna
2349 4045 2461 4085 non
2495 4033 2602 4099 est,
2639 4029 3121 4101 quandoquidem
3155 4037 3362 4085 natura
3393 4029 3501 4086 hoc
3531 4046 3685 4087 com-

2037 4123 2305 4192 paratum
2340 4135 2454 4175 non
2488 4122 2597 4188 est,
2631 4123 2696 4175 ut
2732 4118 2790 4174 id
2822 4118 2980 4191 quod
3032 4136 3100 4176 ex
3147 4118 3330 4175 nihilo
3378 4120 3437 4175 in
3487 4136 3683 4177 rerum

2036 4215 2303 4264 naturam
2336 4207 2693 4281 producitur,
2726 4206 2777 4264 ei
2808 4212 3158 4264 coaeternum
3193 4209 3288 4279 sit,
3323 4210 3474 4282 quod
3525 4208 3684 4282 prin-

2037 4299 2187 4371 cipio
2219 4305 2394 4368 caret,
2428 4315 2773 4372 semperque
2803 4304 2910 4354 est.
2953 4303 3152 4372 Itaque
3185 4301 3682 4372 quemadmodum

2038 4406 2154 4445 non
2198 4391 2399 4446 eodem
2450 4391 2617 4446 modo
2667 4395 2822 4446 Deus
2853 4393 2909 4446 et
2947 4389 3122 4447 homo
3170 4395 3445 4463 operatur
3487 4392 3682 4464 (homo

2036 4477 2192 4535 enim
2225 4493 2292 4534 ex
2323 4478 2506 4536 nihilo
2543 4478 2689 4534 nihil
2720 4477 3040 4551 quidquam
3072 4479 3130 4534 in
3181 4496 3375 4535 rerum
3409 4484 3680 4535 naturam

2037 4569 2274 4640 profert,
2321 4569 2421 4625 sed
2469 4569 2758 4641 quidquid
2808 4568 2965 4638 facit,
2991 4568 3045 4623 id
3096 4585 3165 4624 ex
3193 4569 3454 4639 subjecta
3503 4573 3688 4624 mate-

243 4672 415 4712 mus.
453 4653 577 4708 Nec
606 4654 760 4709 enim
795 4671 862 4710 ex
914 4670 980 4710 eo
1013 4655 1163 4725 quod
1213 4671 1328 4710 non
1361 4656 1571 4710 eratin
1603 4656 1918 4712 essentiam
1948 4651 1996 4717 D
2029 4657 2115 4712 ria
2165 4657 2324 4726 facit,
2374 4659 2730 4730 precedente
2783 4674 2898 4714 non
2947 4657 3244 4713 voluntate
3291 4659 3547 4725 tantum,
3580 4657 3682 4712 sed

245 4744 599 4818 productus
630 4747 720 4797 est
766 4743 946 4798 Filius
1000 4743 1119 4811 Dei,
1151 4743 1426 4815 splendor
1468 4743 1689 4815 gloriae,
1731 4744 1924 4817 imago

239 4840 530 4908 paternas
589 4847 870 4903 personae,
929 4833 1128 4889 vivens
1179 4833 1469 4906 sapientia
1507 4842 1562 4890 et
1635 4836 1922 4906 potentia,

237 4922 524 4977 Verbum
561 4935 664 4989 per
700 4936 762 4976 se
795 4921 1144 4994 subsistens,
1176 4923 1523 4991 essentialis,
1576 4923 1829 4994 perfecta
1861 4928 1916 4980 et

234 5012 382 5069 viva
418 5009 626 5078 imago
658 5009 758 5064 Dei
789 5009 1122 5080 invisibilis,
1156 5013 1256 5067 sed
1277 5028 1505 5082 semper
1526 5011 1634 5068 fuit
1664 5028 1796 5068 cum
1825 5016 1926 5070 Pa-

232 5107 352 5165 tre,
391 5100 456 5154 et
487 5094 553 5148 in
589 5095 740 5166 ipso,
775 5099 847 5153 ab
879 5103 1115 5167 aeterno,
1151 5101 1353 5156 etsine
1386 5100 1670 5173 principio
1697 5117 1762 5156 ex
1797 5103 1924 5174 ipso

225 5189 519 5269 genitus.
563 5183 674 5240 Nec
706 5187 862 5242 enim
895 5187 1014 5245 ullo
1039 5205 1295 5259 unquam
1323 5193 1582 5262 tempore
1605 5193 1773 5246 Pater
1797 5190 1922 5260 fuit,

221 5299 353 5358 quo
390 5274 603 5334 Filius
635 5292 750 5330 non
781 5276 977 5345 fuerit,
1009 5278 1107 5333 sed
1141 5294 1274 5334 cum
1307 5280 1560 5350 primum
1591 5278 1700 5334 fuit
1732 5279 1922 5346 Pater,

214 5375 342 5432 fuit
375 5372 440 5425 et
479 5364 678 5421 Filius
710 5382 778 5421 ex
808 5382 873 5422 eo
905 5367 1156 5438 genitus.
1201 5367 1316 5425 Nec
1367 5369 1523 5424 enim
1557 5368 1682 5423 ﬁeri
1713 5371 1923 5440 potest,

222 5469 296 5520 ut
329 5460 584 5529 absque
621 5453 759 5511 Filio
793 5454 960 5512 Pater
991 5459 1246 5512 vocetur.
1281 5457 1444 5521 Quod
1476 5457 1526 5513 si
1559 5455 1773 5512 Filium
1807 5474 1923 5514 non

233 5549 604 5616 habuisset,
667 5547 834 5606 Pater
909 5548 1368 5622 haudquaquam
1456 5550 1687 5621 fuisset,
1745 5553 1802 5605 et
1873 5549 1924 5607 si

312 5732 341 5770 ⁸
373 5725 596 5788 Matth.
632 5744 834 5799 xxvm,
869 5729 955 5785 19.

2036 4747 2213 4802 etiam
2245 4747 2732 4820 praecogitatione,
2764 4751 2823 4803 et
2852 4747 2981 4817 ejus
3031 4747 3112 4802 rei
3145 4745 3205 4801 in
3259 4745 3456 4801 animo
3501 4745 3687 4801 infor-

2037 4838 2313 4904 matione,
2345 4852 2518 4909 quam
2552 4837 2738 4892 facere
2767 4836 3047 4904 instituit,
3080 4839 3356 4906 sequente
3396 4851 3529 4892 vero
3559 4852 3683 4892 ma-

2036 4945 2218 4983 nuum
2251 4929 2604 4999 Operatione,
2635 4945 2754 4984 una
2778 4945 2912 4984 cum
2963 4927 3182 4983 laboris
3231 4931 3287 4983 et
3334 4927 3488 4984 tedii
3538 4927 3684 4986 tole-

2035 5018 2222 5073 rantia
2253 5033 2266 5072 :
2300 5017 2384 5073 ita
2417 5021 2635 5087 tamen,
2667 5021 2730 5072 ut
2759 5017 3184 5089 exspectatione
3232 5034 3336 5075 sua
3379 5034 3532 5091 saepe
3578 5019 3680 5074 de-

2037 5106 2359 5175 fraudetur,
2394 5123 2497 5162 nec
2527 5124 2619 5163 res
2651 5107 2729 5162 ita
2769 5108 3061 5174 succedat,
3096 5112 3269 5178 prout
3321 5108 3516 5164 animo
3549 5125 3682 5181 pro-

2035 5201 2310 5267 posuerat
2343 5213 2355 5250 :
2389 5202 2543 5253 Deus
2576 5201 2771 5253 autem
2804 5196 2893 5253 vel
2925 5195 3050 5253 sola
3074 5197 3374 5253 voluntate
3405 5213 3473 5254 ex
3499 5197 3683 5254 nihilo

2035 5289 2247 5341 cuncta
2276 5285 2335 5340 in
2368 5303 2561 5342 rerum
2588 5292 2858 5343 naturam
2885 5285 3204 5359 produxit),
3236 5287 3318 5343 ita
3348 5304 3452 5344 nec
3478 5289 3682 5345 eodem

2035 5372 2207 5429 modo
2240 5377 2384 5429 Deus
2415 5381 2469 5429 et
2501 5374 2676 5430 homo
2706 5378 2963 5446 generat.
2998 5375 3151 5430 Deus
3185 5375 3363 5445 enim,
3399 5391 3532 5431 cum
3560 5373 3683 5430 sine

2035 5467 2292 5534 tempore
2323 5465 2379 5518 et
2407 5463 2533 5519 sine
2565 5462 2848 5535 principio
2889 5464 2986 5533 sit,
3022 5465 3093 5520 ad
3142 5463 3264 5519 hac
3313 5462 3680 5536 impatibilis,

2035 5550 2443 5620 inexhaustus,
2505 5551 2883 5626 incorporeus
2939 5557 2997 5610 et
3050 5552 3232 5623 solus,
3286 5553 3404 5611 ﬁne
3463 5558 3681 5624 careat,
