4090 6298
371 469 528 532 1171

1681 465 1992 528 NICETJE
2031 459 2448 528 CHONIATE

3634 469 3784 532 H72

365 571 590 660 idcirco
622 603 751 659 sine
780 606 1060 675 tempore,
1094 606 1150 659 et
1179 601 1306 658 sine
1333 601 1641 674 principio,
1677 601 1874 657 adhasc
1906 598 2033 654 sine
2062 599 2117 667 Α
2146 603 2340 654 tamen
2387 597 2446 652 id
2500 599 2876 671 generatione
2930 599 3028 656 sed
3065 601 3437 672 processione
3489 605 3574 660 fit.
3627 605 3790 661 Alius

375 694 652 765 passione
681 697 742 748 et
771 693 926 749 ﬂuxu
961 697 1222 765 generat,
1256 699 1430 764 alque
1461 693 1602 748 adeo
1657 690 1804 745 citra
1851 705 2031 760 copu-

374 785 517 850 lam,
549 783 956 856 principioque
1012 783 1262 854 denique
1313 787 1368 838 et
1397 783 1512 838 ﬁne
1563 785 1719 838 caret
1768 781 1894 850 ejus
1947 779 2034 832 in-

381 873 805 944 comprehensa
849 874 1169 944 generatio.
1204 873 1273 927 Et
1323 871 1607 944 principio
1653 870 1891 942 quidem
1941 885 2037 923 ca-

394 968 502 1030 ret,
536 963 636 1032 qui
668 961 1054 1018 immutabilis
1087 966 1176 1018 est
1204 983 1218 1032 ;
1253 965 1406 1018 fluxu
1435 967 1627 1018 autem
1653 961 1788 1032 quia
1809 961 2035 1032 impati-

378 1052 519 1107 bilis
553 1057 611 1107 et
643 1053 984 1124 incorporea
1017 1069 1030 1113 :
1067 1053 1210 1109 citra
1241 1053 1512 1124 copulam
1537 1068 1692 1120 vero,
1718 1052 1854 1122 quia
1886 1051 2040 1106 Deus

390 1141 772 1213 incorporeus
804 1143 903 1211 sit,
938 1145 995 1197 et
1026 1142 1187 1198 solus
1219 1141 1458 1197 alterius
1510 1158 1616 1212 ope
1667 1157 1779 1195 non
1831 1145 1993 1210 egeat
2025 1155 2040 1193 :

385 1230 513 1286 sine
562 1231 676 1285 ﬁne
722 1235 916 1285 autem
966 1235 1022 1286 et
1070 1229 1492 1296 indesinenter,
1542 1229 1680 1300 quia
1733 1228 2040 1298 principio,

387 1321 648 1391 tempore
682 1319 914 1391 tiaeque
965 1327 1178 1388 careat,
1210 1321 1346 1390 quia
1390 1319 1639 1390 denique
1687 1333 1916 1388 semper
1946 1332 2040 1371 eo-

389 1411 525 1465 dem
565 1425 626 1464 se
682 1409 855 1464 modo
914 1408 1145 1464 habeat.
1205 1407 1502 1479 Quidquid
1553 1407 1708 1462 enim
1757 1404 2044 1477 principio

395 1503 577 1567 caret,
609 1498 762 1554 idem
783 1499 898 1554 line
922 1515 1154 1574 quoque
1175 1503 1354 1566 caret,
1379 1503 1553 1570 atque
1575 1514 1638 1553 se
1659 1497 1828 1552 modo
1854 1496 2048 1550 eodem

395 1603 630 1658 semper
661 1587 856 1642 habet.
893 1589 1000 1656 Qui
1029 1604 1165 1643 vero
1199 1605 1298 1658 per
1319 1587 1560 1659 gratiam
1585 1587 1698 1643 fine
1723 1589 1902 1654 caret,
1931 1601 2046 1641 non

391 1677 590 1734 statim
627 1677 754 1732 sine
787 1676 1072 1749 principio
1125 1681 1254 1734 est:
1285 1677 1780 1750 quemadmodum
1834 1674 2048 1746 angeli.

397 1769 648 1825 Generat
679 1768 857 1840 igitur
891 1769 991 1842 qui
1029 1785 1257 1840 semper
1283 1772 1370 1824 est
1401 1775 1555 1824 Deus
1585 1767 1840 1823 Verbum
1877 1782 2052 1822 suum

401 1859 592 1931 ipsius
625 1859 969 1931 perfectum,
1001 1857 1178 1932 idque
1210 1859 1335 1916 sine
1393 1859 1680 1932 principio
1725 1862 1781 1912 et
1811 1859 1950 1927 ﬁne,
1982 1873 2054 1912 ne

2141 686 2234 742 hic
2273 692 2362 744 est
2393 689 2785 744 subsistentiis
2820 691 3048 762 modus,
3071 692 3598 764 incomprehensus
3629 699 3683 749 et
3711 695 3798 750 in-

2141 778 2406 848 cognitus
2447 779 2941 850 quemadmodum
2995 786 3053 837 et
3101 781 3232 838 Filii
3281 784 3602 854 generatio.
3646 787 3790 848 Quo-

2142 868 2295 922 circa
2324 883 2685 941 qusscunque
2724 874 2892 926 Pater
2939 870 3136 942 habet,
3174 888 3240 927 ea
3287 872 3460 928 habet
3505 881 3562 927 et
3593 872 3790 940 Filius,

2144 963 2355 1029 praeter
2385 975 2558 1029 quam
2594 960 2756 1030 quod.
2781 960 3077 1032 ingenitus
3113 977 3226 1017 non
3258 966 3366 1030 est,
3399 978 3518 1033 qua
3561 962 3792 1033 quidem

2145 1062 2207 1101 re
2243 1063 2431 1118 neque
2461 1050 2728 1104 essentia:
2762 1050 3110 1117 differentia,
3150 1067 3341 1124 neque
3389 1053 3669 1124 dignitas,
3700 1052 3792 1106 sed

2146 1137 2498 1192 exsistentize
2569 1140 2778 1195 modus
2843 1139 3232 1212 signiﬁcatur,
3303 1143 3789 1213 quemadmodum

2149 1229 2412 1285 Adamus
2442 1247 2677 1302 quoque
2724 1231 3025 1304 ingenitus
3057 1235 3161 1301 est,
3197 1249 3330 1288 cum
3385 1232 3480 1289 Dei
3533 1237 3794 1289 creatura

2152 1318 2228 1374 sit
2259 1333 2271 1373 :
2307 1319 2520 1375 Sethus
2541 1324 2736 1376 autem
2767 1321 3024 1392 genitus,
3059 1323 3192 1392 quia
3241 1321 3446 1377 Adami
3494 1321 3690 1379 Filius.
3719 1325 3792 1376 At

2152 1409 2268 1464 Eva
2298 1425 2367 1465 ex
2391 1407 2604 1463 Adami
2651 1409 2831 1466 latere
2870 1426 3198 1483 progressa,
3249 1427 3354 1467 nec
3405 1413 3562 1467 enim
3605 1411 3795 1482 genita

2153 1502 2262 1553 est.
2296 1497 2364 1550 Hi
2399 1514 2599 1554 omnes
2633 1497 3090 1570 haudquaquam
3135 1504 3346 1556 natura
3373 1501 3526 1558 inter
3552 1516 3616 1556 se
3637 1499 3796 1555 diffe-

2153 1589 2314 1653 runt,
2348 1603 2483 1642 cum
2532 1585 2651 1642 sint
2711 1587 3002 1656 homines,
3061 1589 3163 1644 sed
3207 1589 3562 1646 exsistentias
3611 1591 3796 1644 modo.

2162 1675 2498 1746 [Sciendum
2557 1675 2711 1732 enim
2768 1685 2874 1744 est,
2909 1679 3066 1748 quod
3113 1676 3398 1752 ἀγένητον,
3433 1678 3482 1734 si
3539 1695 3641 1748 per
3671 1680 3799 1734 uni-

2161 1781 2294 1826 cum
2313 1787 2338 1818 ν
2357 1765 2665 1832 scribatur,
2691 1765 2746 1820 id
2768 1766 3083 1838 signiﬁcat,
3099 1768 3254 1839 quod
3279 1785 3382 1822 nec
3404 1772 3691 1836 creatum,
3713 1785 3812 1824 nec

2169 1857 2386 1912 factum
2420 1859 2546 1926 est;
2577 1855 2871 1930 ἀγνενητον
2910 1874 3066 1924 vero,
3101 1876 3203 1930 per
3228 1859 3446 1931 duplex
3463 1879 3514 1929 ν,
3541 1860 3600 1914 id
3633 1859 3808 1926 signi-

397 1947 462 2002 in
495 1953 757 2020 tempore
791 1949 976 2020 pariat
1005 1949 1178 2013 Deus,
1213 1950 1384 2019 cujus
1433 1955 1643 2002 natura
1694 1951 1750 2001 et
1797 1946 2053 2002 essentia
2085 1959 2131 2024 Β
2163 1947 2323 2014 ﬁcat,
2355 1946 2509 2018 quod
2541 1946 2804 2017 genitum
2830 1964 2944 2002 non
2967 1951 3075 2002 est.
3107 1947 3240 2003 Jam
3268 1949 3459 2019 priore
3481 1948 3808 2020 signiﬁcato

401 2041 637 2108 tempus
707 2054 881 2092 omne
939 2043 1196 2110 superat.
1259 2037 1441 2092 Homo
1510 2041 1702 2092 autem
1764 2034 2055 2090 contrario

409 2123 567 2180 haud
602 2125 780 2180 dubie
823 2127 994 2180 modo
1053 2131 1308 2196 generat,
1344 2135 1406 2180 ut
1461 2125 1558 2196 qui
1615 2123 1970 2195 generationi
2003 2127 2058 2180 et

415 2215 786 2286 corruptioni,
823 2213 999 2269 ﬂuxui
1034 2219 1091 2270 et
1121 2213 1592 2285 multiplicationi
1633 2213 1710 2268 sit
1750 2211 2056 2280 obnoxius,

415 2311 590 2374 atque
621 2319 858 2376 corpore
889 2303 1151 2368 vestitus,
1184 2303 1352 2372 cujus
1383 2306 1588 2358 natura
1640 2301 1860 2374 duplici
1892 2318 2054 2370 sexu,

415 2393 766 2464 masculino,
799 2392 1062 2465 inquam,
1093 2397 1148 2447 et
1179 2391 1459 2448 feminino
1498 2391 1768 2448 distincta
1798 2395 1906 2446 est.
1937 2391 2054 2446 Ma-

411 2483 708 2538 sculinum
729 2483 883 2538 enim
906 2481 1168 2538 feminini
1191 2481 1479 2553 adjutorio
1497 2485 1627 2554 eget
1650 2498 1663 2536 :
1685 2485 1890 2536 Pareat
1913 2479 2056 2536 mihi

411 2573 719 2643 Dominus,
741 2574 840 2646 qui
867 2573 1040 2629 rebus
1059 2571 1334 2628 omnibus
1359 2577 1571 2644 prmest
1595 2587 1949 2641 omnemque
1973 2569 2056 2624 in-

407 2663 704 2720 tellectum
724 2669 780 2720 et
797 2680 1029 2721 omnem
1047 2663 1251 2720 mentis
1269 2663 1706 2734 conceptionem
1723 2664 2053 2734 exsuperat.

1003 2771 1153 2826 CAP.
1195 2769 1461 2825 XXXIV.

407 2861 840 2917 Prwcedenlium
854 2861 1358 2932 anacephalwosis,
1376 2865 1689 2932 Δγεννητου
1710 2862 1760 2914 et
1788 2856 2055 2932 ἀγενήτῳ

472 2932 806 3014 differentia.
869 2929 1250 3000 Paternitatis,
1329 2929 1646 3002 ﬁlicitionis,
1693 2929 2058 3004 procéssz’onis

472 3009 648 3076 origo,
680 3009 788 3060 etc.

487 3111 666 3168 Docet
699 3111 895 3183 itaque
927 3116 1149 3179 sancta,
1183 3109 1487 3178 catholica,
1522 3113 1580 3165 et
1609 3109 1926 3182 apostolica
1951 3110 2053 3164 Ec-

419 3201 599 3256 clesia
637 3204 864 3256 Patrem
899 3205 956 3254 et
983 3199 1353 3272 unigenitum
1388 3200 1516 3270 ejus
1549 3198 1782 3266 Filium,
1815 3197 1887 3254 ab
1927 3199 2053 3269 ipso

404 3290 532 3344 sine
562 3292 837 3358 tempore,
875 3289 1056 3353 ﬂuxu,
1087 3288 1359 3360 passione
1391 3304 1403 3342 :
1436 3293 1611 3358 atque
1643 3287 1724 3342 ita
1766 3287 2048 3359 genitum,

408 3385 475 3436 ut
531 3396 566 3433 a
613 3378 774 3434 nullo
832 3378 1248 3449 comprehendi
1280 3387 1450 3450 queat
1483 3395 1496 3432 :
1524 3377 1624 3446 ita,
1684 3377 1942 3448 inquam,
1985 3381 2051 3434 ut

405 3467 567 3524 solus
605 3473 760 3524 Deus
791 3467 1199 3522 universorum
1225 3471 1593 3538 perspectum
1623 3466 1816 3536 habet,
1847 3482 2048 3538 quem-

404 3557 722 3614 admodum
751 3557 927 3629 ignis,
963 3561 1018 3612 et
1048 3573 1115 3612 ex
1145 3556 1574 3628 eo_procedens
1621 3555 1821 3610 lumen
1873 3554 2049 3611 simul

407 3650 464 3702 et
497 3664 613 3702 una
645 3651 804 3718 sunt,
838 3662 943 3702 nec
993 3646 1266 3718 praecedit
1315 3645 1492 3718 ignis,
1527 3645 1908 3718 sequiturque
1955 3645 2046 3700 lu-

403 3751 558 3804 men,
609 3737 710 3792 sed
760 3734 938 3792 simul
983 3739 1040 3790 et
1073 3752 1188 3790 una
1236 3739 1421 3804 sunt;
1456 3743 1508 3790 et
1549 3735 2046 3807 quemadmodum

400 3822 603 3880 lumen
635 3842 702 3881 ex
750 3825 882 3896 igne
934 3841 1165 3896 semper
1211 3826 1490 3896 gignitur,
1525 3829 1581 3880 et
1627 3841 1857 3896 semper
1889 3823 1948 3878 in
1980 3839 2046 3880 eo

399 3901 512 3982 est,
551 3931 654 3970 nec
705 3914 824 3970 ullo
871 3913 1042 3969 modo
1097 3913 1169 3968 ab
1227 3913 1325 3970 illo
1375 3917 1699 3985 separatur,
1735 3913 1818 3969 ita
1864 3913 2045 3970 Filius

399 4004 578 4060 etiam
622 4021 688 4060 ex
720 4007 890 4060 Patre
931 4007 1262 4075 generatur,
1298 4007 1361 4058 ut
1410 4004 1482 4060 ab
1537 4003 1662 4075 ipso
1716 4003 2046 4059 nullatenus

400 4097 723 4164 separetur,
759 4093 858 4149 sed
903 4091 960 4146 in
995 4109 1060 4148 eo
1110 4108 1339 4164 semper
1387 4095 1494 4148 est.
1544 4099 1616 4147 At
1666 4108 1796 4148 vero
1847 4092 2045 4147 lumen

400 4181 619 4252 ipsum,
655 4182 808 4252 quod
838 4199 907 4236 ex
949 4182 1084 4254 igne
1131 4181 1599 4252 inseparabiliter
1653 4181 1930 4249 nascitur,
1992 4184 2049 4237 et

401 4287 631 4342 semper
661 4270 718 4325 in
751 4285 816 4326 eo
871 4274 1067 4326 manet
1119 4273 1408 4343 propriam
1455 4270 1814 4344 hypostasin,
1845 4275 1945 4326 aut
1975 4271 2046 4326 ab

401 4359 538 4432 igne
595 4360 920 4430 sejunctam
993 4375 1106 4415 non
1166 4359 1363 4430 habet,
1421 4375 1552 4416 cum
1613 4359 1688 4416 sit
1766 4360 2048 4416 naturalis

409 4447 661 4522 qualitas
692 4448 875 4520 ipsius
932 4447 1106 4521 ignis.
1143 4447 1489 4520 Umgenitus
1549 4452 1744 4503 autem
1803 4447 1904 4503 Dei
1955 4448 2050 4503 Fi-

402 4537 542 4608 lius,
574 4555 607 4593 a
637 4537 804 4593 Patre
833 4537 1304 4609 inseparabiliter
1332 4541 1388 4592 et
1418 4536 1761 4591 indistincte
1792 4536 2046 4608 genitus,

403 4633 580 4702 atque
627 4645 861 4701 semper
909 4629 966 4683 in
1017 4645 1084 4683 eo
1135 4643 1399 4696 manens,
1449 4627 1741 4698 propriam
1773 4631 1828 4682 et
1873 4646 1903 4682 a
1949 4645 2048 4699 pa-

2164 2037 2420 2092 essentia
2449 2035 2640 2090 differt
2663 2035 2734 2090 ab
2765 2036 3039 2091 essentia.
3073 2037 3198 2093 Alia
3247 2038 3402 2094 enim
3443 2039 3700 2094 essentia
3729 2043 3816 2094 est

2165 2125 2444 2190 increata,
2474 2141 2573 2180 seu
2609 2123 2868 2196 ἀγένητος
2913 2141 3012 2194 per
3043 2125 3278 2181 unicum
3313 2148 3365 2188 v,
3393 2127 3626 2198 aliaque
3675 2128 3812 2184 item

2164 2213 2362 2288 γενητή
2396 2229 2497 2268 seu
2529 2218 2740 2269 creata.
2779 2214 3096 2270 Posteriore
3145 2232 3278 2270 vero
3331 2217 3666 2287 signiﬁcato
3723 2233 3816 2272 es-

2167 2304 2355 2359 sentia
2399 2302 2546 2358 nihil
2599 2303 2915 2375 quidquam
2953 2305 3024 2359 ab
3057 2305 3313 2361 essentia
3343 2306 3582 2376 diﬁ‘ert.]
3613 2305 3820 2363 Omnis

2166 2394 2322 2450 enim
2341 2394 2730 2450 animantium
2749 2394 2958 2465 speciei
2975 2395 3160 2466 prima
3181 2397 3516 2468 bypostasis
3531 2397 3820 2472 ἀγένητος,

2165 2483 2274 2540 hoc
2335 2484 2614 2557 ingenita,
2683 2501 2796 2540 non
2883 2489 3076 2541 autem
3150 2483 3460 2560 ἀγέννητος,
3541 2487 3652 2542 hoc
3729 2493 3818 2544 est

2164 2574 2420 2630 increata
2470 2575 2599 2628 fuit.
2655 2575 2857 2629 Creata
2905 2575 3060 2630 enim
3093 2593 3126 2632 a
3171 2575 3468 2633 conditore
3519 2576 3638 2631 Deo
3687 2583 3822 2632 sunt

2166 2681 2252 2732 ea,
2289 2679 2650 2735 quaecunque
2699 2663 2871 2719 verbo
2903 2681 3010 2720 suo
3071 2665 3169 2720 ille
3203 2665 3265 2720 in
3297 2681 3494 2720 rerum
3545 2671 3816 2721 naturam

2166 2752 2440 2825 produxit
2473 2767 2485 2807 :
2521 2751 2720 2824 genita
2749 2767 2883 2806 vero
2917 2751 3364 2823 haudquaquam
3399 2755 3664 2820 fuerunt,
3691 2770 3820 2808 cum

2166 2842 2396 2898 nullum
2445 2841 2708 2911 ejusdem
2762 2839 2977 2912 speciei
3035 2840 3256 2896 animal
3307 2845 3480 2897 antea
3527 2847 3706 2908 esset,
3753 2859 3818 2898 ex

2165 2949 2280 3004 quo
2305 2931 2463 3004 gigni
2498 2936 2754 3001 possent.
2787 2931 2919 2988 Jam
2953 2931 3003 2986 si
3037 2931 3289 3002 priorem
3323 2931 3816 3003 significationem

2164 3022 2457 3093 sequaris,
2492 3024 2609 3076 tres
2636 3019 2750 3076 illa:
2784 3019 2994 3076 divinae
3027 3020 3368 3093 hypostases
3399 3021 3556 3078 inter
3585 3037 3648 3078 se
3677 3039 3816 3077 cono

2165 3112 2430 3180 veniunt,
2483 3127 2609 3182 qua
2642 3110 2700 3164 in
2753 3113 2957 3166 sancta
3015 3109 3320 3166 divinitate
3375 3110 3810 3174 elucescunt,si

2162 3199 2400 3270 quidem
2429 3198 2960 3255 consubstantiales
2993 3203 3049 3255 et
3079 3199 3348 3255 increalaa
3391 3206 3522 3255 sunt
3555 3216 3569 3252 :
3597 3203 3790 3269 poste-

2163 3289 2373 3344 riorem
2407 3306 2536 3345 vero
2569 3288 3058 3360 signiﬁcationem
3092 3289 3144 3344 si
3175 3289 3454 3361 sequaris,
3483 3287 3792 3356 haudqua-

2163 3395 2338 3450 quam
2369 3379 2747 3434 conveniunt.
2781 3377 2952 3434 Solus
2983 3379 3139 3435 enim
3173 3379 3347 3435 Pater
3375 3377 3662 3448 ingenitus
3687 3380 3808 3444 est,

2159 3483 2264 3523 nec
2307 3467 2488 3534 enim,
2523 3473 2587 3523 ut
2633 3468 2729 3538 sit,
2763 3469 2834 3524 ab
2885 3468 2998 3523 alia
3047 3468 3346 3540 hyposlasi
3394 3468 3615 3523 habet:
3647 3466 3812 3522 solus

2157 3573 2386 3628 quoque
2428 3557 2608 3613 Filius
2648 3556 2904 3629 genitus,
2943 3557 3044 3628 qui
3077 3573 3144 3612 ex
3202 3557 3386 3613 Patris
3441 3558 3696 3612 essentia
3745 3558 3816 3611 ab

2159 3651 2372 3702 aeterno
2421 3651 2478 3701 et
2524 3646 2647 3702 sine
2703 3651 2969 3719 tempore
3028 3647 3304 3718 genitus:
3341 3645 3503 3702 solus
3557 3647 3820 3718 denique

2157 3735 2411 3806 Spiritus
2455 3739 2696 3791 sanctus
2745 3735 3002 3807 procedit
3033 3751 3102 3790 ex
3142 3736 3270 3808 ipsa
3322 3735 3508 3791 Patris
3555 3735 3632 3806 (et
3661 3735 3816 3805 Filii)

2157 3824 2434 3894 essentia,
2471 3840 2586 3878 non
2615 3824 2872 3896 genitus,
2907 3824 3008 3878 sed
3040 3825 3382 3896 procedens,
3417 3828 3480 3879 ut
3507 3839 3678 3879 sacra
3713 3839 3820 3879 nos

2157 3912 2460 3986 Scriptura
2493 3912 2685 3984 docet,
2713 3913 2983 3985 quamvis
3015 3912 3248 3969 interim
3281 3929 3386 3969 nec
3419 3913 3822 3984 generationis

2157 4020 2264 4059 nec
2297 4002 2690 4076 processionis
2717 4001 2930 4059 modus
2957 4002 3372 4074 comprehendi
3399 4003 3608 4075 possit.

2227 4092 2344 4150 Hoc
2377 4109 2546 4164 porro
2579 4093 2884 4148 sciendum
2934 4096 3044 4161 est,
3077 4092 3472 4165 paternitatis,
3507 4092 3822 4149 ﬁliationis

2156 4188 2212 4239 et
2241 4183 2628 4254 processionis
2672 4198 2884 4238 nomen
2937 4182 3396 4254 haudquaquam
3443 4199 3478 4238 a
3521 4183 3698 4238 nobis
3749 4183 3820 4240 ad

2157 4273 2384 4328 beatam
2435 4271 2772 4328 Trinitatem
2832 4271 3160 4338 transiisse,
3203 4272 3322 4327 imo
3352 4287 3385 4328 e
3413 4271 3648 4328 diverso
3685 4273 3824 4328 inde

2157 4361 2230 4415 ad
2265 4377 2369 4415 nos
2401 4359 2723 4428 devenisse,
2754 4361 2820 4413 ut
2851 4358 3055 4414 beatus
3085 4357 3397 4431 Apostolus
3430 4359 3508 4415 ait
3545 4361 3822 4432 :Pr0pter

2159 4450 2256 4504 hoc
2281 4449 2436 4518 ﬂecto
2467 4464 2647 4518 genua
2675 4463 2797 4503 mea
2827 4448 2896 4502 ad
2922 4449 3095 4504 Deum
3153 4453 3392 4515 Patrem,
3441 4465 3512 4504 ex
3560 4465 3671 4519 quo
3717 4465 3822 4521 pa-

2160 4539 2393 4592 ter-nitas
2449 4536 2626 4592 omnis
2684 4538 2743 4591 in
2798 4537 2928 4592 caelo
2985 4541 3038 4591 et
3097 4537 3156 4592 in
3187 4545 3338 4592 terra
3366 4535 3432 4591 δ’.
3492 4537 3622 4593 Jam
3687 4555 3822 4594 vero

2163 4625 2429 4699 quamvis
2459 4630 2711 4692 Patrem,
2745 4625 3100 4698 principium
3132 4625 3281 4695 Filii,
3313 4642 3497 4697 eoque
3531 4629 3824 4698 majorem

401 4723 570 4774 terna
627 4719 888 4788 sejuncta
937 4716 1279 4788 hypostasin
1335 4716 1530 4771 habet.
1581 4715 1857 4779 Quocirca
1904 4715 2046 4771 Ver-
2080 4689 2126 4754 Β
2158 4735 2287 4775 esse
2318 4719 2600 4788 dicamus,
2636 4733 2752 4772 non
2791 4721 2986 4772 tamen
3022 4733 3153 4772 eum
3182 4715 3326 4773 Filio
3361 4717 3616 4789 priorem
3669 4723 3825 4774 tem-

399 4807 533 4866 bum
563 4813 620 4864 et
652 4807 927 4880 splendor
957 4805 1187 4874 dicitur,
1222 4807 1361 4876 quia
1415 4805 1559 4860 citra
1590 4805 1877 4876 copulam,
1911 4805 2039 4861 sine

397 4900 693 4970 passione,
727 4901 1008 4968 tempore,
1057 4897 1213 4952 ﬂuxu
1265 4901 1322 4950 et
1379 4895 1765 4967 separatione,
1794 4913 1827 4951 a
1875 4895 2041 4951 Patre

395 4990 626 5060 genitus
671 4989 794 5057 sit;
849 4987 1030 5043 Filius
1081 5003 1213 5043 vero
1254 4993 1307 5042 et
1354 4986 1737 5058 hypostaseos
1787 4990 2040 5058 paternae

395 5077 716 5147 character,
750 5077 887 5148 quia
908 5077 1200 5149 perfectus
1232 5081 1339 5145 est,
1375 5091 1478 5148 per
1527 5093 1705 5148 seque
1745 5075 2038 5142 subsistit,

392 5182 497 5238 per
533 5165 731 5221 omnia
761 5166 917 5222 Patri
969 5167 1200 5238 similis,
1237 5170 1618 5238 praeterquam
1673 5167 1827 5238 quod
1877 5166 2040 5238 inge—

395 5253 557 5310 nitus
589 5269 702 5307 non
759 5253 852 5308 sit.
887 5253 1232 5324 Unigenitus
1285 5258 1505 5322 autem,
1561 5257 1714 5327 quod
1763 5255 1925 5310 solus
1972 5270 2040 5309 ex

395 5343 517 5399 solo
551 5343 719 5398 Patre
749 5341 938 5397 solum
989 5344 1220 5415 genitus
1271 5345 1367 5399 sit.
1402 5343 1517 5400 Nec
1565 5345 1719 5400 enim
1765 5344 1879 5399 alia
1919 5343 2040 5398 ulla

393 5429 692 5501 generatio
718 5439 822 5497 est,
857 5447 980 5500 quis
1035 5448 1164 5485 cum
1205 5431 1330 5486 Filii
1364 5431 1464 5488 Dei
1496 5434 1870 5504 generatione
1903 5449 2038 5488 con-

395 5519 530 5575 ferri
562 5523 757 5590 queat,
791 5535 923 5573 cum
977 5517 1128 5575 alius
1159 5519 1229 5575 ab
1260 5536 1325 5575 eo
1375 5521 1474 5576 Dei
1533 5522 1715 5578 Filius
1773 5541 1886 5580 non
1941 5524 2036 5581 sit.

395 5609 514 5664 Etsi
556 5608 714 5664 enim
745 5607 998 5680 Spiritus
1029 5611 1269 5664 sanctus
1296 5624 1361 5664 ex
1408 5613 1578 5666 Patre
1608 5613 1889 5687 procedit,
1922 5631 2037 5670 non

463 5785 490 5828 ⁸
516 5787 662 5864 Eph.
691 5805 778 5862 ιιι,
814 5785 902 5844 id.

2158 4823 2295 4880 pore
2340 4815 2438 4863 aut
2491 4809 2702 4862 natura
2749 4805 2931 4862 fuisse
2981 4805 3383 4878 significamus
3435 4807 3564 4878 (per
3613 4808 3826 4880 ipsum

2149 4897 2306 4953 enim
2339 4896 2471 4952 fecit
2504 4894 2757 4965 saecula),
2793 4911 2981 4966 neque
3015 4895 3129 4950 alia
3179 4894 3300 4951 ulla
3330 4912 3410 4965 re,
3463 4897 3578 4952 nisi
3611 4913 3826 4964 causa,

2153 4985 2264 5042 hoc
2295 4989 2383 5041 est
2408 4985 2548 5056 quia
2579 4983 2764 5040 Filius
2794 5001 2862 5040 ex
2891 4985 3056 5040 Patre
3083 4985 3318 5056 genitus
3343 4985 3440 5056 sit,
3473 5001 3590 5041 non
3615 4991 3826 5042 autem

2151 5077 2314 5132 Pater
2361 5090 2429 5130 ex
2476 5073 2640 5130 Filio.
2701 5073 2865 5142 Item,
2899 5073 3039 5144 quia
3083 5072 3252 5129 Pater
3301 5074 3656 5130 naturaliter
3693 5074 3828 5130 Filii

2149 5182 2327 5222 causa
2366 5167 2472 5230 est,
2506 5163 3004 5235 quemadmodum
3061 5181 3174 5220 non
3215 5179 3283 5220 ex
3331 5162 3556 5220 lumine
3611 5164 3826 5239 ignem

2151 5254 2462 5328 procedere
2516 5253 2790 5320 dicimus,
2843 5251 2963 5308 imo
3021 5253 3214 5324 potius
3265 5268 3333 5308 ex
3385 5253 3523 5325 igne
3582 5252 3832 5310 lumen.

2149 5345 2350 5416 Itaque
2395 5343 2624 5416 quoties
2675 5343 2901 5398 Patrem
2935 5341 3065 5396 Filii
3123 5342 3481 5414 principium
3534 5359 3687 5410 esse,
3729 5343 3838 5400 Εἰ·-

2149 5434 2346 5508 lioque
2396 5435 2676 5505 majorem
2710 5431 3041 5499 audiemus,
3091 5447 3270 5487 causa
3317 5430 3376 5487 id
3425 5448 3633 5488 verum
3683 5449 3840 5490 esse

2148 5524 2570 5597 intelligamus.
2593 5519 3160 5595 thuemadmodum
3184 5521 3362 5576 aliam
3387 5521 3566 5594 ignis,
3593 5522 3798 5581 aliam
3817 5553 3842 5566 -

2149 5631 2259 5688 que
2291 5613 2534 5669 luminis
2560 5614 2873 5668 essentiam
2921 5626 3037 5666 non
3067 5609 3344 5682 dicimus,
3383 5609 3464 5666 ita
3511 5611 3644 5669 ﬁeri
3695 5629 3846 5672 non
