4090 6298
289 444 445 505 1173

1644 444 2042 508 THESAUBI
2087 440 2237 503 LIB.
2287 438 2363 501 II.

3555 444 3711 501 1174

295 582 510 651 potest,
543 582 608 633 ut
636 578 825 635 Patris
859 579 993 649 alia,
1042 580 1291 654 Fitiique
1347 583 1482 651 alia,
1540 583 1659 639 imo
1718 600 1838 639 una
1894 585 1949 638 et
1978 582 2029 649 Α
2059 578 2335 651 γέννησις,
2367 575 2476 632 hoc
2510 577 2597 630 est
2628 572 2949 647 generatio,
2984 576 3158 645 atque
3211 574 3402 629 sancti
3457 575 3709 647 Spiritus

297 669 499 724 eadem
534 668 707 724 fuerit
734 670 1010 725 essentia.
1073 671 1142 727 Et
1190 672 1690 743 quemadmodum
1750 672 1946 745 ignem

301 758 524 813 lumine
556 759 707 827 quod
740 759 1069 829 ejaculatur
1100 760 1293 818 lucere
1323 763 1593 834 dicimus,
1624 779 1730 819 nec
1752 768 1947 819 tamen

304 848 533 902 interim
557 847 753 903 lumen
777 848 898 921 igni
920 852 1295 908 subserviens
1317 853 1774 909 instrumentum
1798 869 1944 919 esse,

302 938 422 992 imo
454 936 645 1006 potius
677 938 791 992 vim
826 943 1153 997 naturalem
1188 942 1507 999 asserimus
1542 959 1555 1010 ;
1588 942 1670 997 ita
1718 946 1945 998 Patrem

302 1041 536 1097 quoque
569 1030 776 1081 cuncta
807 1042 935 1097 quae
966 1029 1123 1100 facit,
1167 1046 1268 1101 per
1317 1030 1683 1102 unigenitum
1736 1029 1946 1085 Filium

298 1132 473 1171 suum
509 1116 694 1171 facere
726 1118 1068 1185 astruimus,
1101 1136 1209 1175 non
1243 1125 1520 1191 tanquam
1572 1137 1675 1192 per
1722 1120 1944 1175 instru-

296 1210 560 1259 mentum
587 1205 983 1275 subserviens,
1031 1209 1133 1263 sed
1186 1226 1289 1281 per
1321 1210 1433 1265 vim
1486 1208 1834 1277 naturalem,
1893 1213 1950 1264 et

300 1310 425 1366 quae
456 1312 558 1367 per
586 1313 647 1352 se
678 1297 850 1367 vique
880 1315 986 1354 sua
1016 1299 1306 1357 subsistit.
1341 1302 1413 1357 Et
1453 1302 1948 1373 quemodmodum

302 1383 496 1455 ignem
542 1383 738 1441 lucere
795 1386 1071 1457 dicimus,
1128 1389 1388 1462 itemque
1444 1389 1645 1445 lumen
1706 1388 1944 1462 igneum

304 1472 496 1528 lucere
517 1473 854 1541 asserimus,
880 1476 960 1532 ita
980 1493 1170 1548 quaecu
1183 1495 1357 1551 mque
1377 1483 1547 1536 Pater
1563 1479 1717 1546 facit,
1743 1479 1946 1534 itidem

306 1561 445 1618 facit
470 1566 524 1617 et
547 1561 743 1618 Filius.
778 1564 901 1621 Non
933 1569 1130 1623 tamen
1162 1567 1371 1624 lumini
1401 1569 1638 1641 propria
1680 1568 1944 1640 quaedam

304 1655 413 1719 est,
447 1652 520 1707 ab
553 1652 755 1723 igneve
786 1655 1049 1725 sejuncta
1078 1656 1423 1729 hypostasis,
1456 1663 1515 1714 at
1569 1657 1746 1714 Filius
1815 1673 1945 1729 per-

303 1742 453 1797 facta
485 1742 813 1813 hypostasis
847 1748 955 1813 est,
989 1745 1060 1799 ab
1118 1746 1419 1818 hypostasi
1452 1752 1693 1819 paterna
1723 1748 1947 1817 insepa-

300 1831 525 1899 rabilis,
562 1837 627 1887 ut
657 1850 836 1902 supra
871 1833 1199 1891 docuimus.
1242 1835 1417 1890 Nulla
1462 1836 1619 1891 enim
1661 1837 1719 1891 in
1774 1836 1947 1891 rebus

303 1920 514 1977 creatis
547 1922 739 1992 imago
772 1921 1016 1977 inveniri
1048 1927 1261 1993 potest,
1303 1939 1426 1993 qua:
1475 1926 1616 1981 citra
1664 1924 1942 1980 mutatio-
1974 1959 2022 2023 B

302 2027 434 2065 nem
467 2012 525 2065 in
559 2012 751 2083 seipsa
783 2013 1023 2068 modum
1056 2012 1246 2069 illlum
1296 2015 1526 2083 referat,
1579 2033 1692 2088 quo
1743 2018 1941 2071 sancta

300 2098 556 2155 Trinitas
588 2105 836 2156 constat.
871 2102 973 2167 Qui
1005 2102 1160 2158 enim
1198 2104 1317 2175 fiat,
1356 2109 1415 2161 ut
1445 2106 1597 2176 quod
1659 2113 1939 2173 creatum,

303 2191 719 2261 compositum,
753 2191 997 2257 ﬂuxum,
1044 2192 1346 2259 mutabile,
1406 2196 1940 2266 circumscriptum,

301 2279 621 2349 ﬁguratum
655 2284 712 2335 et
733 2280 1110 2352 corruptibile
1138 2290 1245 2351 est,
1279 2283 1463 2340 oculis
1488 2285 1746 2341 divinam
1779 2284 1940 2340 illam

303 2371 616 2423 essentiam
640 2369 916 2438 subjiciat
946 2387 1072 2441 quae
1096 2371 1165 2427 ab
1194 2371 1265 2428 iis
1286 2374 1559 2430 omnibus
1596 2374 1780 2430 libera
1811 2372 1942 2429 nul-

305 2455 419 2510 lam
453 2473 567 2511 non
599 2458 913 2513 essentiam
944 2467 1250 2529 exsuperat
1275 2459 1304 2515 ?
1334 2464 1511 2533 Atqui
1569 2464 1943 2535 perspicuum

306 2549 395 2600 est
426 2563 658 2602 omnem
692 2551 1015 2603 creaturam
1044 2565 1241 2604 eorum
1286 2549 1578 2622 plerisque
1634 2552 1943 2607 obnoxiam

306 2638 657 2707 essc,‘_atque
677 2652 744 2691 ex
761 2654 870 2692 sua
892 2637 1078 2709 ipsius
1100 2642 1312 2694 natura
1332 2641 1687 2711 corruptioni
1710 2641 1943 2711 subjici.

911 2747 1059 2802 CAP.
1118 2747 1339 2804 XXXV.

309 2834 494 2889 Tertia
539 2851 667 2905 pars
730 2836 1088 2905 confessionis
1134 2837 1263 2906 ﬁdei
1326 2839 1561 2894 Joannis
1631 2839 1951 2895 Damascem'

840 2907 903 2962 de
945 2908 1159 2978 Spiritu
1206 2918 1413 2966 sancto.

373 3011 687 3067 Credimus
719 3012 970 3085 denique
1009 3014 1067 3070 in
1129 3033 1311 3071 unum
1372 3034 1604 3089 quoque
1665 3017 1949 3089 Spiritum

305 3107 580 3159 sanctum
615 3104 954 3174 Dominum,
990 3107 1403 3176 vivificantem,
1438 3109 1534 3180 qui
1557 3125 1625 3164 ex
1655 3110 1821 3166 Patre
1844 3109 1955 3180 (Fi-

302 3192 515 3264 lioque)
550 3194 831 3265 procedit,
864 3200 920 3252 et
950 3197 1009 3252 in
1044 3197 1188 3252 Filio
1230 3198 1611 3270 conquiescit.
1672 3198 1781 3263 Qui
1817 3215 1951 3254 cum

304 3283 475 3337 Patre
507 3291 561 3339 et
592 3283 736 3339 Filio
772 3286 950 3341 simul
1011 3288 1285 3342 adoratur
1340 3294 1397 3343 et
1453 3288 1948 3363 congloriﬁcatur,

306 3376 587 3444 tanquam
619 3375 1135 3431 consubstantialis
1184 3381 1239 3431 et
1300 3383 1645 3433 coaeternus.
1696 3378 1792 3435 Dei
1828 3381 1950 3450 Spi-

312 3461 461 3516 ritus
490 3466 708 3528 rectus,
743 3463 1103 3535 principalis,
1138 3465 1267 3520 fons
1298 3465 1422 3519 vitae
1450 3470 1506 3521 et
1544 3465 1954 3523 sanctificatio-

312 3547 424 3604 nis.
459 3548 612 3605 Deus
644 3550 906 3620 quicum
962 3551 1127 3607 Patre
1176 3556 1288 3622 est,
1348 3553 1664 3621 increatus,
1719 3554 1949 3626 plenus,

314 3641 537 3694 creator
569 3656 581 3705 ;
617 3639 814 3695 omnia
845 3641 1361 3713 comprehenderis,
1413 3644 1677 3700 omnium
1737 3645 1950 3716 opifex,

309 3728 700 3800 omnipotens,
758 3729 1001 3785 infinitas
1059 3734 1350 3802 potentiae,
1419 3735 1699 3789 Dominus
1758 3735 1950 3792 omnis

310 3822 613 3885 creaturas,
646 3818 887 3887 nullius,
914 3820 1172 3876 dominio
1187 3822 1530 3894 subjacens:
1556 3823 1806 3895 replens,
1833 3841 1948 3881 non

308 3906 617 3978 repletus:
678 3906 956 3979 largiens,
1009 3916 1064 3964 et
1126 3910 1197 3965 ab
1231 3911 1343 3966 alio
1402 3910 1546 3966 nihil
1604 3912 1945 3984 accipiens:

304 3996 697 4066 sanctiﬁcans,
723 4013 834 4051 non
860 3998 1265 4055 sanctiﬁcatus
1293 4018 1310 4054 :
1332 3999 1659 4056 consolator
1680 4003 1945 4059 omnium

305 4083 803 4141 consolationibus
839 4102 987 4141 unus
1016 4088 1317 4144 sufficiens
1343 4108 1356 4149 :
1383 4090 1534 4145 Patri
1560 4094 1616 4145 et
1673 4090 1812 4147 Filio
1845 4107 1949 4163 per

305 4171 502 4227 omnia
531 4173 740 4230 similis
775 4192 787 4231 :
822 4177 920 4245 qui
966 4191 1032 4231 ex
1089 4181 1258 4232 Patre
1310 4178 1615 4250 (Filioque)
1662 4181 1942 4253 procedit,

303 4260 474 4326 atque
505 4274 606 4329 per
634 4260 847 4317 Filium
878 4263 1175 4319 tribuitur.
1210 4264 1389 4336 Cujus
1438 4267 1631 4321 omnis
1681 4271 1946 4324 creatura

298 4347 588 4419 particeps
621 4354 729 4419 est,
762 4350 861 4420 qui
896 4367 997 4422 per
1036 4369 1097 4408 se
1127 4357 1284 4410 cre'at
1313 4358 1370 4409 et
1400 4357 1620 4410 animat
1649 4356 1941 4429 universa,

299 4437 625 4493 sanctiﬁcat
656 4444 713 4493 et
742 4441 1028 4509 continet,
1056 4443 1291 4514 propria
1325 4445 1570 4515 denique
1605 4446 1660 4501 in
1695 4463 1943 4517 persona

296 4540 399 4595 per
423 4542 485 4581 se
523 4527 817 4597 subsistit,
878 4530 960 4584 ita
1024 4536 1241 4601 tamen,
1293 4537 1420 4589 uta
1474 4534 1640 4591 Patre
1680 4536 1941 4608 Filioque

2060 666 2373 739 ἑκπόρευσις
2436 681 2536 721 seu
2596 663 2890 736 processio
2949 662 3200 735 intelligi
3232 680 3400 734 posse
3457 665 3707 721 videtur.

2059 758 2242 822 Quare
2265 770 2646 828 quaecumque
2672 753 2852 809 Filius
2874 752 3191 823 etSpiritus
3207 759 3447 810 sanctus
3473 754 3708 822 habent,

2058 862 2125 902 ea
2157 864 2224 901 ex
2256 846 2420 901 Patre
2450 844 2686 909 habent,
2714 846 2891 913 atque
2919 842 3106 913 ipsam
3132 858 3361 913 quoque
3390 843 3708 899 essentiam

2058 944 2113 992 et
2145 934 2260 991 nisi
2301 935 2377 989 sit
2408 935 2599 999 Pater,
2630 932 2829 987 nullus
2859 930 3062 998 Filius,
3096 930 3291 986 nullus
3343 935 3399 986 et
3446 932 3710 1003 Spiritus

2057 1040 2181 1080 esse
2214 1028 2425 1096 potest,
2459 1032 2512 1078 et
2534 1023 2580 1078 si
2614 1038 2732 1093 qua
2768 1037 2827 1076 re
2859 1026 3052 1076 careat
3083 1021 3488 1088 Pater,eadem
3528 1021 3709 1077 Filius

2057 1122 2110 1171 et
2129 1114 2380 1186 Spiritus
2412 1117 2635 1169 carent.
2668 1113 2855 1183 Atque
2890 1115 3126 1182 propter
3157 1110 3409 1175 Patrem,
3452 1109 3561 1165 hoc
3595 1115 3709 1179 est,

2059 1203 2196 1277 quia
2230 1208 2392 1259 Pater
2431 1206 2520 1258 est
2578 1200 2760 1256 Filius
2826 1216 3055 1273 quoque
3086 1203 3143 1255 et
3193 1199 3442 1271 Spiritus
3495 1204 3603 1255 est.
3638 1202 3711 1255 Et

2056 1296 2292 1366 propter
2328 1293 2551 1348 Patrem
2582 1290 2762 1345 Filius
2794 1293 2851 1345 et
2880 1288 3138 1361 Spiritus
3161 1289 3380 1345 habent
3412 1305 3709 1360 quiscum-

2056 1400 2171 1456 que
2201 1383 2440 1447 habent,
2475 1381 2585 1437 hoc
2614 1385 2723 1447 est,
2756 1380 2893 1450 quia
2924 1395 2992 1435 ea
3020 1379 3193 1435 Pater
3220 1378 3417 1447 habet,
3458 1379 3707 1451 ingene-

2057 1472 2299 1538 ratione,
2329 1470 2701 1544 generatione
2746 1474 2802 1524 et
2851 1469 3222 1540 processione
3272 1469 3549 1541 demptis.
3608 1469 3707 1525 telis

2056 1562 2210 1619 enim
2236 1560 2377 1618 solis
2408 1564 2465 1617 et
2494 1558 2873 1631 hypostaticis
2906 1556 3357 1630 proprietatibus
3397 1567 3509 1613 tres
3569 1574 3705 1613 san-

2055 1656 2157 1708 ctae
2202 1653 2540 1724 hypostases
2595 1649 2745 1703 inter
2782 1663 2846 1702 se
2893 1647 3214 1702 differunt:
3262 1662 3451 1717 neque
3499 1646 3554 1701 id
3617 1662 3708 1702 es-

2056 1742 2265 1809 sentia,
2307 1741 2407 1796 sed
2453 1738 2591 1809 quia
2640 1737 2890 1809 propriae
2938 1737 3317 1809 hypostaseos
3364 1736 3702 1792 charactere

2056 1848 2155 1888 seu
2219 1830 2386 1903 signo
2437 1827 2736 1884 individue
2796 1826 3156 1883 dividuntur.
3210 1825 3472 1882 Dicimus
3512 1830 3702 1880 autem

2056 1933 2538 1991 unumquemque
2595 1933 2662 1973 ex
2709 1916 2896 1972 tribus
2946 1916 3180 1988 propria
3223 1915 3529 1985 praeditum
3577 1931 3702 1970 esse

2056 2007 2378 2083 hypostasi,
2403 2023 2474 2062 ne
2496 2005 2685 2061 tribus
2706 2022 2774 2061 ex
2796 2004 3151 2077 imperfectis
3180 2020 3352 2059 unam
3385 2004 3700 2074 perfectam

2053 2097 2438 2169 compositam
2465 2100 2732 2151 naturam
2750 2094 3149 2165 profiteamur,
3168 2093 3267 2148 sed
3288 2093 3343 2147 in
3363 2093 3552 2147 tribus
3572 2108 3699 2163 per-

2053 2187 2223 2243 fectis
2245 2185 2658 2258 hypostasibus
2683 2200 2860 2239 unam
2885 2181 3209 2252 simplicem
3235 2177 3505 2253 ὑπερτελῇ
3533 2199 3591 2233 τε
3611 2176 3701 2233 καὶ

2051 2297 2158 2351 προ
2174 2274 2409 2348 τὲλειον,
2430 2276 2539 2331 hoc
2566 2279 2655 2331 est
2676 2291 2804 2346 qua:
2841 2273 3257 2346 perfectionem
3282 2288 3521 2328 omnem
3547 2285 3704 2326 exce-

2054 2369 2154 2423 dat
2175 2372 2230 2423 et
2256 2366 2561 2439 praecedat.
2595 2363 2890 2435 Quidquid
2913 2362 3069 2419 enim
3097 2379 3165 2418 ex
3187 2359 3543 2432 imperfectis
3565 2376 3704 2414 con-

2054 2462 2171 2516 stat
2200 2457 2356 2512 haud
2407 2454 2583 2511 dubie
2628 2452 3021 2524 compositum
3062 2457 3171 2518 est,
3218 2455 3277 2508 at
3324 2468 3390 2506 ex
3431 2449 3706 2521 perfectis

2054 2546 2470 2620 hypostasibus
2502 2543 2625 2600 fieri
2666 2560 2780 2598 non
2828 2546 3038 2614 potest,
3087 2545 3148 2597 nt
3191 2540 3515 2611 quidquam
3565 2555 3705 2594 con-

2057 2641 2325 2710 ponatur.
2350 2636 2490 2691 Inde
2522 2635 2585 2689 tit
2616 2636 2680 2688 ut
2705 2630 2958 2703 speciem
2990 2647 3104 2686 non
3137 2644 3204 2685 ex
3250 2627 3514 2698 personis
3579 2642 3708 2698 pro-

2058 2726 2279 2791 cedere,
2304 2725 2404 2780 sed
2451 2724 2713 2796 personis
2759 2721 3041 2777 inhaerere
3090 2719 3374 2775 dicamus.
3426 2716 3705 2788 Imperfe-

2058 2816 2168 2871 ctis
2197 2818 2392 2870 autem
2424 2813 2700 2883 diximus,
2734 2812 2839 2867 hoc
2872 2817 2957 2867 est
2996 2809 3069 2864 iis
3115 2825 3243 2880 quae
3287 2805 3544 2879 speciem
3578 2805 3707 2875 ejus

2061 2905 2141 2961 rei
2176 2921 2289 2960 non
2314 2907 2569 2971 servant,
2604 2919 2726 2973 quae
2771 2917 2839 2956 ex
2864 2899 3009 2971 ipsis
3053 2897 3306 2953 conﬂata
3358 2899 3468 2963 est,
3520 2892 3705 2964 siqui-

2061 2995 2193 3050 dem
2219 2993 2390 3065 lapis,
2425 2993 2647 3062 lignum
2680 2994 2737 3047 et
2769 2991 2985 3045 ferrum
3030 3003 3132 3059 per
3173 3003 3235 3042 se
3285 2984 3523 3055 quidem
3576 2998 3706 3054 per-

2062 3084 2210 3139 fecta
2241 3082 2475 3153 singula
2521 3083 2681 3148 sunt,
2733 3080 2782 3134 si
2831 3078 3126 3149 propriam
3175 3090 3379 3132 eorum
3429 3075 3706 3127 naturam

2062 3173 2524 3241 consideremus,
2560 3174 2618 3225 at
2648 3170 2696 3225 si
2728 3167 2929 3225 eadem
2961 3166 3058 3222 illa
3090 3166 3150 3221 in
3181 3162 3423 3219 aedilicio
3451 3164 3709 3217 contem-

2065 3247 2316 3333 plemur,
2348 3261 2506 3334 quod
2535 3278 2603 3316 ex
2633 3260 2778 3331 ipsis
2808 3258 3117 3322 conflatur,
3143 3253 3485 3326 imperfecta
3543 3252 3705 3305 sunt.

1993 3325 2036 3392 Ο
2066 3325 2275 3409 Dorum
2301 3325 2457 3409 enim
2491 3325 2717 3408 nullu-m
2748 3366 2848 3421 per
2878 3365 2940 3405 se
2972 3348 3183 3403 domus
3215 3325 3320 3401 est.
3354 3344 3555 3415 Itaque
3585 3357 3709 3412 per-

2066 3448 2246 3502 fectas
2276 3443 2619 3515 hypostases
2648 3440 2922 3506 dicimus,
2968 3454 3041 3494 ne
3087 3433 3566 3506 compositionem
3626 3429 3710 3485 di-

2064 3536 2214 3593 vinas
2272 3536 2489 3588 natura
2542 3530 2734 3585 inesse
2811 3526 3232 3598 intelligamus.
3316 3518 3707 3577 Dissensionis

2063 3624 2218 3679 enim
2254 3620 2605 3692 principium
2636 3618 2762 3690 ipsa
2792 3620 2881 3672 est
2910 3612 3274 3685 compositio.
3325 3610 3551 3665 Rursus
3584 3612 3705 3664 tres

2061 3713 2403 3784 hypostases
2448 3709 2506 3763 in
2561 3707 2772 3779 seipsis
2822 3709 3022 3760 mutuo
3081 3704 3274 3758 inesse
3328 3699 3599 3771 dicimus,
3632 3713 3704 3753 ne

2059 3799 2500 3856 multitudinem
2544 3795 2897 3868 populumve
2939 3794 3181 3849 deorum
3229 3787 3700 3845 introducamus.

2058 3888 2361 3960 Siquidem
2390 3887 2569 3942 trium
2597 3884 2981 3956 bypostaseon
3027 3880 3249 3934 ratione
3286 3875 3508 3932 nullam
3540 3874 3600 3929 in
3632 3874 3703 3930 iis

2056 3976 2540 4050 compositionem
2568 3977 2670 4031 aut
2726 3971 3175 4029 confusionem:
3230 3966 3452 4023 ratione
3502 3969 3700 4021 autem

2054 4067 2339 4134 essentiae,
2374 4070 2433 4122 et
2462 4065 2601 4137 quia
2621 4063 3009 4136 hypostaseon
3030 4059 3140 4115 alio
3165 4056 3262 4114 alii
3284 4056 3459 4123 inest,
3481 4053 3699 4110 idcirco

2054 4157 2418 4213 individuam
2450 4155 2510 4210 in
2543 4154 2745 4210 iisdem
2780 4150 3168 4217 identitatem,
3198 4151 3261 4203 ut
3279 4145 3491 4214 dicam,
3525 4148 3581 4200 et
3602 4160 3703 4198 vo-

2054 4248 2361 4315 luntatem,
2396 4250 2454 4302 et
2484 4243 2793 4313 actionem,
2825 4244 2883 4298 et
2907 4238 3227 4313 potentiam
3260 4236 3476 4302 inesse,
3527 4238 3700 4305 atque

2053 4354 2237 4394 unum
2273 4340 2451 4391 Deum
2483 4349 2611 4389 esse
2633 4331 3062 4405 cognoscimus.
3096 4328 3251 4384 Deus
3269 4327 3448 4392 enim,
3481 4331 3538 4381 et
3564 4322 3700 4378 Ver-

2050 4429 2215 4501 bum,
2231 4428 2472 4500 ejusque
2487 4423 2761 4497 Spiritus,
2781 4438 2935 4478 unus
2949 4423 3187 4478 demum
3202 4421 3402 4475 etvere
3421 4420 3572 4470 Deus
3585 4415 3692 4468 est.

2649 4548 2807 4603 CAP.
2845 4544 3086 4601 XXXVI.

299 4614 647 4714 separariot
679 4616 960 4675 divertere
993 4619 1152 4675 nullo
1185 4624 1353 4678 modo
1374 4631 1569 4695 queat,
1600 4625 1716 4681 imo
1746 4627 1941 4682 omnia
1973 4697 2014 4714 ἡ
2048 4645 2121 4699 ηε
2178 4644 2299 4714 ipsa
2337 4645 2389 4698 ει
2418 4642 2602 4696 animo
2650 4636 3031 4707 contemplari,
3071 4629 3693 4714 Quomodoncornmttnes

291 4700 394 4757 illa
422 4701 689 4774 habebat,
728 4722 1093 4780 quascunque
1136 4708 1302 4765 Pater
1352 4715 1409 4766 et
1459 4711 1640 4768 Filius
1700 4713 1938 4782 habent,
1970 4697 2019 4759 D
2048 4695 2306 4771 “refusi
2331 4695 2839 4770 ohzaiumrnotiones
2860 4695 3296 4776 dignoscantur?
3350 4697 3487 4782 Quid
3527 4695 3692 4782 Iidem

289 4795 677 4862 praeterquam
712 4797 866 4865 quod
906 4814 1009 4853 nec
1042 4797 1362 4870 ingenitus,
1406 4816 1509 4855 nec
1556 4801 1788 4873 genitus
1823 4807 1933 4861 est.

287 4878 457 4932 Pater
488 4880 643 4934 enim
694 4898 870 4939 causa
923 4894 1126 4942 caret:
1188 4887 1601 4960 ingenitusque
1654 4897 1757 4959 est,
1830 4908 1933 4948 nec

288 4966 444 5021 enim
476 4985 508 5021 a
542 4984 862 5041 quoquam,
897 4991 999 5030 nec
1030 4992 1063 5031 a
1096 4976 1289 5048 seipso
1323 4979 1562 5048 quidem
1598 4979 1883 5050 processit
1917 4996 1930 5035 :

288 5069 397 5109 nec
419 5071 620 5112 eorum
654 5074 780 5129 quae
811 5062 985 5119 habet
1033 5066 1379 5138 quidquam,
1413 5069 1531 5126 imo
1558 5069 1750 5140 potius
1808 5069 1933 5142 ipse

284 5144 667 5216 principium,
700 5154 757 5203 et
803 5156 1000 5207 auctor
1051 5156 1315 5211 essentiaa
1369 5162 1501 5214 est:
1564 5159 1815 5231 facitque
1870 5163 1933 5214 ut

284 5236 561 5293 universa
620 5255 856 5311 quoquo
915 5247 1084 5300 modo
1133 5264 1195 5303 se
1253 5248 1598 5305 naturaliter
1658 5251 1928 5305 habeant.

278 5326 536 5382 Verbum
568 5333 762 5385 autem
797 5333 1119 5401 generative
1150 5354 1181 5391 a
1234 5338 1400 5393 Patre
1446 5338 1741 5410 processit.
1802 5340 1932 5411 Spi-

280 5416 430 5473 ritus
464 5418 716 5490 denique
774 5425 1075 5478 sanctusa
1130 5425 1295 5481 Patre
1353 5429 1526 5483 etiam
1587 5444 1700 5483 non
1759 5444 1932 5499 gene-

283 5507 464 5561 rative
496 5510 593 5563 sed
621 5511 949 5580 processive
981 5514 1213 5583 prodiit.
1256 5515 1402 5577 Quid
1440 5534 1608 5588 porro
1659 5536 1693 5573 a
1748 5534 1927 5590 gene-

282 5595 511 5652 ratione
556 5600 848 5669 processio
903 5600 1150 5670 diﬂ‘erat,
1203 5603 1329 5673 jam
1400 5606 1760 5675 didicimus;
1797 5608 1927 5678 quis

283 5684 480 5741 autem
512 5688 718 5744 modus
751 5690 1087 5746 differentias
1120 5691 1218 5757 sit,
1255 5708 1368 5749 non
1400 5694 1561 5752 item.
1586 5695 1930 5767 Γεννήματος

281 5783 442 5844 ergo,
475 5772 538 5832 id
565 5778 655 5834 est
678 5776 958 5851 genitura
991 5780 1227 5838 nomine
1256 5783 1313 5839 et
1338 5780 1467 5856 ipsa
1503 5784 1634 5843 Filii
1663 5801 1733 5844 ex
1763 5788 1926 5843 Patre

2115 4765 2351 4842 [aliis
2371 4765 2588 4857 ἀῖῇέὲἀι
2618 4765 2648 4837 Ϋ
2673 4765 3200 4850 Ρθνδοηανρθνςοηᾶῑ
3229 4765 3492 4844 quomodo
3516 4765 3692 4822 insit?

2113 4894 2426 4949 Sciendum
2460 4896 2551 4948 est
2582 4888 2741 4945 aliud
2800 4902 2928 4944 esse
2987 4900 3047 4939 re
3103 4883 3231 4953 ipsa
3279 4872 3684 4946 contemplari,

2042 4982 2303 5054 itemque
2333 4982 2485 5037 aliud
2513 4980 2735 5035 ratione
2764 4984 2819 5033 et
2840 4973 3202 5047 cogitatione.
3237 4969 3369 5026 Jam
3400 4967 3462 5022 in
3495 4963 3689 5021 omni-

2041 5071 2153 5127 bus
2187 5071 2361 5127 rebus
2393 5067 2608 5124 creatis
2640 5078 3023 5138 personarum
3058 5058 3270 5116 divisio
3302 5073 3362 5113 re
3390 5055 3521 5126 ipsa
3551 5069 3693 5109 con-

2043 5159 2305 5231 spicitur.
2358 5156 2760 5215 Communitas
2810 5158 3007 5210 autem
3057 5156 3116 5207 et
3157 5146 3449 5221 cognatio,
3502 5148 3694 5199 mente

2042 5249 2509 5321 cogitationeque
2550 5244 2814 5317 patescit.
2873 5242 3020 5297 Nam
3084 5243 3277 5296 mente
3335 5234 3692 5308 percipimus

2041 5341 2279 5393 Petrum
2311 5341 2367 5392 et
2394 5334 2641 5390 Paulum
2685 5332 2951 5404 ejusdem
2998 5346 3126 5386 esse
3184 5332 3426 5394 naturae,
3459 5335 3691 5393 unaque

2041 5428 2337 5483 communi
2371 5432 2638 5481 constare
2670 5428 2900 5478 natura.
2959 5421 3171 5476 Eorum
3224 5417 3380 5473 enim
3443 5419 3690 5482 uterque

2038 5515 2255 5571 animal
2288 5524 2372 5570 est
2435 5515 2660 5570 ratione
2716 5511 3050 5584 praeditum,
3113 5507 3287 5563 morti
3346 5500 3684 5560 obnoxium.

2039 5606 2185 5661 Item
2218 5610 2464 5677 uterque
2486 5618 2617 5660 caro
2647 5604 2758 5668 est,
2792 5599 2886 5657 cui
2916 5598 3112 5656 anima
3153 5592 3398 5652 rationis
3454 5585 3684 5644 intelle—

2039 5700 2284 5766 ctusque
2315 5694 2606 5768 particeps
2639 5692 2837 5748 infusa
2856 5696 2961 5747 est.
2994 5683 3340 5745 Communis
3368 5680 3563 5749 itaque
3584 5689 3680 5729 na-

2039 5794 2170 5845 tura
2198 5784 2425 5845 ratione
2452 5782 2697 5861 perspici
2729 5782 2939 5856 potest.
2968 5777 3084 5835 Nec
3105 5772 3259 5835 enim
3284 5771 3676 5845 hypostaseon
