4090 6298
397 377 552 440 H75
1711 373 2018 434 NICETIE
2057 373 2075 434 ί

2189 370 2476 433 )ΝΙΔΤΑΕ

3655 371 3680 432 1
3693 375 3821 436 176

403 511 519 568 alia
542 509 640 566 alii
679 508 854 579 inest,
905 511 1006 566 sed
1054 509 1324 584 privatim
1375 513 1434 564 et
1463 509 1522 564 in
1554 513 1718 582 parte
1746 508 2042 582 quaelibet,
2074 513 2125 580 Α
2157 507 2522 564 identitatem
2547 522 2734 562 unum
2765 505 3066 578 quidpiam
3092 505 3364 575 idemque
3403 506 3820 578 imaginemur.

404 601 524 656 sive
567 616 671 672 per
721 615 782 656 se
825 599 1035 670 ipsam,
1087 598 1276 654 divisa
1323 605 1432 666 est,
1489 599 1757 670 pleraque
1793 616 1863 656 ex
1909 599 2046 666 alio,
2153 601 2364 652 Eorum
2391 613 2520 652 vero
2567 595 2790 652 ratione
2847 595 3069 663 habita,
3131 596 3190 650 in
3247 595 3466 668 quibus
3523 597 3815 654 divinitas

411 689 623 761 quibus
643 689 962 756 dividatur,
989 688 1234 744 habens.
1269 689 1414 746 Nam
1447 693 1504 744 et
1547 688 1673 744 loco
1717 689 1957 752 distant,
1992 689 2049 741 et
2161 686 2333 753 inest,
2366 684 2454 740 vel
2485 689 2548 740 ut
2579 684 2852 740 subtilius
2881 685 3096 750 dicam,
3159 701 3286 756 quae
3343 690 3484 742 sunt
3529 686 3816 752 divinitas

399 783 662 848 tempore
681 777 978 846 diil‘erunt,
1003 777 1291 832 sententia
1311 776 1843 850 denique,viribus,
1865 778 2048 831 forma
2159 774 2306 845 ipsa,
2341 791 2588 844 quaeque
2619 773 2772 844 inde,
2804 779 3088 845 tanquam
3121 791 3154 830 a
3179 775 3390 846 prima,
3423 792 3622 846 causa,
3681 777 3816 832 sine

401 883 504 923 seu
537 867 747 938 ﬁgura,
778 866 997 933 habitu,
1031 871 1516 937 temperamento,
1567 867 1870 938 dignitate,
1920 867 2047 922 vitae
2157 869 2438 934 tempore,
2473 863 2675 918 eadem
2707 879 2946 935 prorsus
2976 879 3110 918 cum
3141 861 3346 936 gloria,
3383 869 3438 920 et
3465 865 3814 922 indistincte

406 956 700 1021 instituto,
726 955 1428 1028 etomnibusﬁgurativis
1450 957 1920 1028 proprietatibus.
1947 957 2050 1011 Im-
2159 953 2502 1026 procedunt,
2535 953 2646 1009 hoc
2669 959 2759 1009 est
2797 955 3184 1026 bypostaseon
3233 971 3336 1010 seu
3393 971 3806 1027 personarum,

403 1045 612 1118 primis
634 1050 847 1112 autem,
882 1045 1015 1116 quia
1058 1043 1169 1101 alia
1201 1045 1300 1101 alii
1351 1063 1466 1102 non
1513 1047 1684 1114 inest,
1737 1045 1842 1101 sed
1889 1063 2049 1118 sepa-

406 1138 532 1191 rata
565 1139 784 1190 manet.
821 1135 980 1192 Unde
1003 1136 1067 1191 fit
1116 1141 1180 1192 ut
1226 1137 1340 1192 duo
1387 1141 1443 1191 et
1487 1141 1603 1192 tres
1647 1135 1916 1192 homines
1951 1135 2047 1191 di-

408 1228 636 1294 cantur,
659 1229 714 1280 et
746 1225 934 1280 multi.
969 1225 1086 1281 Hoc
1119 1229 1270 1282 certe
1303 1225 1358 1281 in
1393 1226 1548 1282 omni
1579 1227 2050 1282 creaturalocum

408 1311 604 1368 habet.
637 1316 711 1367 At
737 1313 796 1368 in
828 1317 1051 1384 sancta,
1085 1312 1665 1385 supersubstantiali,
1712 1317 1923 1368 cuncta
1949 1329 2050 1368 su-

409 1409 666 1472 perante,
697 1405 754 1458 et
785 1403 1272 1474 incomprehensa
1313 1403 1592 1458 Trinitate
1639 1418 1809 1458 secus
1849 1417 1912 1458 se
1959 1417 2050 1457 res

409 1490 606 1546 habet.
638 1492 798 1556 Quod
833 1493 989 1546 enim
1023 1491 1081 1546 in
1115 1491 1214 1547 illa
1245 1509 1556 1548 commune
1591 1495 1646 1547 et
1703 1507 1886 1546 unum
1941 1495 2049 1556 est,

411 1581 470 1636 id
501 1599 560 1637 re
584 1584 712 1654 ipsa
742 1585 1166 1642 consideratur.
1201 1586 1363 1650 Quod
1415 1584 1696 1640 nimirum
1746 1589 2050 1654 coaeterna,

2159 1043 2268 1097 tria
2297 1047 2438 1100 sunt
2475 1042 2632 1098 haud
2665 1043 2842 1099 dubie
2871 1059 2998 1114 quae
3040 1045 3376 1102 adorantur.
3427 1043 3590 1100 Unus
3637 1049 3812 1100 Pater

2159 1135 2330 1186 Pater
2357 1134 2466 1194 est,
2501 1135 2560 1188 et
2591 1131 2715 1186 sine
2744 1131 3056 1204 principio,
3103 1132 3214 1188 hoc
3244 1137 3336 1190 est
3378 1134 3506 1190 sine
3537 1150 3739 1202 causa,
3777 1151 3808 1190 a

2160 1220 2320 1276 nullo
2353 1221 2510 1277 enim
2543 1221 2820 1294 procedit.
2855 1221 3016 1278 Unus
3049 1221 3230 1278 Filius
3264 1223 3446 1280 Filius
3469 1227 3581 1290 est,
3602 1229 3664 1280 at
3687 1241 3806 1280 non

2161 1310 2287 1367 sine
2317 1310 2627 1382 principio,
2661 1310 2768 1366 hoc
2789 1315 2899 1378 est,
2923 1327 3040 1368 non
3071 1312 3200 1368 sine
3219 1328 3416 1376 causa,
3441 1313 3737 1384 siquidem
3773 1331 3806 1368 a

2161 1403 2332 1456 Patre
2365 1401 2644 1472 procedit.
2677 1400 2838 1464 Quod
2863 1402 2913 1456 si
2959 1401 3282 1473 temporale
3329 1402 3684 1474 principium
3731 1403 3820 1458 in-

2163 1487 2414 1561 telligas,
2473 1490 2742 1546 eumdem
2815 1489 2940 1546 sine
3015 1491 3302 1563 principio
3371 1491 3550 1548 etiam
3621 1491 3816 1548 dicere

2165 1594 2366 1650 queas.
2401 1577 2516 1633 Nec
2546 1578 2702 1634 enim
2735 1579 2980 1645 tempori
3013 1580 3280 1650 subjacet
3309 1581 3379 1648 is,
3413 1581 3516 1652 qui
3547 1585 3821 1652 tempora

410 1671 568 1742 quod
591 1674 869 1740 essentia,
900 1675 1252 1746 operatione,
1287 1682 1340 1730 οι
1369 1675 1661 1731 voluntate
1684 1674 1890 1730 iisdem
1915 1691 2050 1745 pm.
2164 1667 2444 1724 condidit.
2477 1667 2634 1723 Unus
2675 1667 2930 1739 Spiritus
2961 1675 3225 1737 sanctus,
3257 1669 3534 1741 Spiritus,
3565 1687 3601 1724 a
3645 1671 3820 1726 Patre

411 1761 534 1817 dita
563 1768 674 1830 est,
707 1764 859 1835 quod
891 1764 1140 1836 denique
1173 1765 1298 1836 ipse
1329 1765 1482 1820 idem
1517 1771 1572 1821 et
1597 1764 1742 1820 velle
1791 1768 1847 1819 et
1877 1764 2050 1835 nolle,

2189 1757 2400 1828 [uidem
2453 1757 2773 1828 procedens
2819 1773 2934 1812 non
2985 1756 3240 1824 ﬁlialive,
3309 1759 3408 1814 sed
3463 1760 3816 1830 processive.

414 1854 616 1952 eadem
651 1854 932 1925 potentia,
965 1854 1151 1952 virtus
1209 1861 1266 1910 et
1313 1854 1542 1910 bonitas
1603 1855 1754 1910 inest
1805 1853 2054 1952 (eadem,
2085 1885 2134 1952 B
2165 1850 2251 1901 Ita
2307 1849 2616 1952 utntl‘eque
2661 1849 2835 1952 Pii-ter
2917 1846 3234 1948 iugenitfis,
3295 1847 3449 1952 £13011
3519 1847 3818 1952 genuerit.

410 1943 672 2015 inquam,
692 1962 806 2000 non
826 1945 1081 2018 similis),
1109 1946 1497 2017 unadenique
1517 1951 1710 2002 motus
1728 1945 2054 2016 ejaculatio.

2189 1951 2356 2006 neque
2385 1933 2567 1990 Filius
2596 1937 2848 2006 genitus,
2881 1936 3018 2006 quia
3047 1952 3116 1990 ex
3143 1935 3406 2007 ingenito
3439 1937 3818 2008 processerit,

413 2031 538 2089 Una
571 2033 726 2088 enim
758 2035 1038 2104 essentia,
1065 2051 1181 2090 una
1221 2033 1473 2102 bonitas,
1529 2051 1646 2090 una
1690 2034 1894 2102 virtus,
1941 2050 2059 2089 una
2169 2039 2296 2080 esse
2326 2024 2573 2080 desinat.
2608 2025 2894 2090 Quienim
2919 2025 3043 2082 ﬁeri
3068 2025 3176 2082 hoc
3199 2027 3431 2098 possit?
3455 2030 3658 2099 Neque
3681 2027 3820 2084 item

415 2122 709 2190 voluntas,
745 2141 862 2178 una
891 2123 1066 2188 actio,
1097 2139 1214 2178 una
1266 2124 1544 2193 potentia,
1607 2140 1743 2192 una,
1792 2123 2056 2195 inquam,
2171 2113 2426 2187 Spiritus
2457 2117 2561 2170 aut
2587 2114 2646 2170 in
2681 2119 2928 2184 Patrem,
2977 2119 3078 2170 aut
3134 2114 3194 2170 in
3231 2115 3440 2172 Filium
3489 2117 3826 2188 degeneret,

418 2215 476 2266 et
505 2211 707 2266 eadem
742 2215 848 2266 est.
874 2211 1000 2266 Non
1033 2215 1153 2266 tres
1187 2213 1339 2267 inter
1370 2228 1438 2267 se
1469 2211 1711 2280 similes,
1745 2211 1848 2268 sed
1906 2228 2060 2268 unus
2172 2203 2310 2274 quia
2343 2203 2623 2274 procedit,
2651 2207 2710 2259 ei
2737 2204 2890 2259 Deus
2943 2209 3051 2260 est.
3107 2203 3437 2276 Proprietas
3487 2206 3646 2262 enim
3709 2223 3826 2262 non

420 2301 476 2354 et
497 2297 650 2354 idem
677 2299 856 2354 trium
915 2315 1298 2369 personarum
1359 2303 1572 2357 motus.
1633 2301 1845 2356 Earum
1904 2301 2061 2356 enim
2173 2297 2458 2350 movetur.
2493 2293 2638 2350 Nam
2672 2295 2772 2365 qui
2805 2295 2928 2350 ﬁeri
2963 2293 3112 2350 alias
3143 2295 3347 2366 possit,
3380 2309 3446 2351 ut
3495 2297 3825 2368 proprietas

421 2385 666 2458 singulas
701 2403 816 2442 non
849 2386 1044 2443 minus
1075 2387 1134 2442 in
1157 2386 1288 2444 aliis
1311 2403 1484 2459 quam
1507 2387 1566 2442 in
1589 2388 1804 2460 seipsis
1827 2388 2062 2453 habent,
2175 2388 2432 2438 mutetur
2461 2387 2518 2438 et
2542 2384 2852 2456 degeneret
2880 2384 2906 2438 ‘I
2936 2383 2992 2438 Si
3025 2383 3180 2439 enim
3215 2383 3418 2454 Filius,
3453 2402 3568 2440 non
3593 2387 3824 2458 proprie

422 2474 533 2530 hoc
563 2479 672 2544 est,
705 2475 924 2546 quiain
958 2476 1231 2532 omnibus
1257 2493 1437 2532 unum
1470 2481 1608 2533 sunt
1645 2476 1834 2546 Pater,
1882 2477 2065 2535 Filius
2177 2473 2345 2528 Pater
2383 2482 2490 2538 est,
2539 2489 2672 2528 cum
2724 2489 2878 2528 unus
2923 2474 3155 2544 preprie
3211 2478 3383 2530 Pater
3440 2475 3537 2530 sit.
3593 2477 3742 2531 Item
3777 2476 3826 2532 si

425 2571 480 2621 et
507 2563 760 2635 Spiritus
781 2565 1054 2632 Sanctus,
1087 2566 1356 2638 ingeniti,
1389 2567 1570 2638 geniti
1601 2571 1656 2622 et
1701 2567 2066 2638 procedentis
2179 2561 2360 2630 Pater,
2395 2578 2506 2616 non
2541 2561 2772 2633 proprie
2815 2561 2998 2618 Filius
3041 2567 3150 2630 est,
3203 2580 3357 2620 unus
3381 2563 3536 2620 enim
3591 2565 3826 2637 proprie

423 2653 666 2710 vocibus
715 2655 992 2728 demptis,
1043 2656 1392 2728 cogitatione
1450 2663 1644 2712 autem
1703 2656 2062 2712 dividuntur.

2189 2649 2382 2716 Filius,
2415 2655 2472 2705 et
2503 2667 2656 2706 unus
2687 2651 2938 2722 Spiritus
2970 2656 3227 2709 sanctus.
3279 2653 3594 2708 Screndum
3655 2671 3822 2726 porro

424 2741 616 2798 Unum
647 2743 802 2800 enim
833 2751 1018 2800 Deum
1051 2746 1481 2818 cognoscimus,
1515 2751 1576 2802 at
1595 2747 1654 2801 in
1701 2747 1844 2802 solis
1873 2751 2065 2819 pater-
2178 2743 2268 2794 est
2290 2740 2442 2810 quod
2477 2739 2706 2794 Patrem
2735 2756 2803 2794 ex
2835 2739 2952 2795 ullo
3011 2741 3324 2811 procedere
3381 2758 3488 2798 nec
3543 2744 3824 2809 dicimus.

425 2831 653 2902 uitatis,
686 2833 1022 2889 ﬁliationem
1057 2838 1114 2890 et
1143 2834 1534 2908 processionis
1593 2836 2066 2907 proprietatibus.
2177 2843 2310 2882 eum
2347 2832 2540 2882 autem
2567 2828 2696 2884 Filii
2735 2831 2965 2884 Patrem
3024 2830 3362 2894 asserimus.
3423 2837 3482 2886 at
3541 2833 3745 2888 Filium
3769 2841 3824 2889 et

427 2921 572 2978 Item
607 2937 674 2978 ex
707 2939 884 2979 causa
914 2927 971 2980 et
1011 2923 1241 2990 effectu,
1267 2931 1323 2980 et
1375 2925 1726 2997 perfectione
1783 2942 2065 2996 personae,
2180 2915 2458 2987 Spiritum
2493 2934 2670 2974 causa
2707 2933 2904 2973 carere
2945 2936 3317 2991 nequaquam
3339 2919 3606 2977 dicimus.
3651 2921 3818 2978 Illum

423 3009 553 3068 Sive
585 3014 826 3068 modum
859 3012 1230 3079 exsietcntiae,
1265 3013 1452 3084 ipsam
1505 3029 1632 3069 esse
1683 3014 2068 3070 diti‘erentiam
2179 3009 2372 3060 autem
2407 3021 2473 3062 ex
2503 3009 2670 3062 Patre
2701 3013 2875 3079 atque
2905 3007 3115 3064 Filium
3147 3008 3360 3078 Patris,
3407 3009 3562 3066 hunc
3593 3027 3720 3066 vero
3750 3027 3816 3066 ex

427 3105 622 3157 mente
651 3102 1035 3172 concipimus,
1071 3101 1184 3159 Nec
1214 3102 1368 3158 enim
1403 3103 1526 3158 ﬁeri
1559 3107 1771 3174 potest,
1821 3107 1882 3158 ut
1911 3103 2070 3160 loca-
2183 3097 2351 3150 Patre
2379 3111 2614 3167 quoque
2644 3099 2700 3150 et
2733 3095 2874 3152 Filio
2909 3107 2962 3153 et
2991 3097 3183 3153 Patris
3213 3097 3492 3168 Spiritum
3548 3099 3806 3153 nomina-

425 3189 542 3246 lem
573 3189 907 3246 distantiam
965 3190 1036 3245 de
1095 3190 1426 3260 Divinitate,
1487 3207 1612 3264 quae
1671 3192 2070 3248 circumscribi
2122 3261 2153 3264 __
2184 3199 2338 3238 muB-
2370 3183 2650 3256 Spiritum
2681 3189 2873 3241 autem
2906 3203 2975 3242 ex
3001 3186 3166 3254 Filio,
3205 3203 3320 3242 non
3354 3189 3502 3244 item.
3549 3187 3648 3240 Sed
3675 3185 3808 3240 Filii

431 3277 652 3348 nequit,
675 3277 880 3332 itidem
911 3282 975 3332 ut
1015 3279 1084 3334 de
1131 3279 1296 3335 nobis
1342 3261 1606 3336 dicamus
1665 3283 2069 3352 (personarum
2109 3261 2153 3330 C
2185 3271 2758 3344 duntaxatSpiritum
2784 3275 3055 3332 dicimus.
3075 3275 3176 3332 Ait
3197 3277 3353 3332 enim
3393 3277 3452 3332 B.
3477 3275 3820 3347 Apostolus:

433 3365 588 3422 enim
621 3365 734 3420 alia
769 3364 864 3420 alii
915 3365 1092 3436 inest,
1133 3385 1246 3424 non
1289 3373 1353 3424 ut
1408 3371 1822 3438 confundatur,
1868 3372 1969 3426 sed
2015 3375 2080 3426 ut

433 3453 734 3512 iubeareat.
761 3455 1262 3520 Quemadmodum
1285 3457 1410 3524 ipse
1445 3460 1726 3515 Dominus
1748 3462 1859 3516 ait:
1881 3461 1990 3530 Ego
2019 3463 2080 3516 in

433 3545 620 3615 Patre,
651 3547 702 3600 et
731 3545 899 3600 Pater
928 3546 984 3600 in
1017 3561 1104 3600 me
1131 3555 1209 3602 est
1235 3547 1298 3617 θ),
1332 3563 1435 3602 nec
1459 3547 1776 3604 voluntatis
1807 3553 1908 3604 aut
1943 3565 2082 3606 sen—

434 3631 646 3702 tentias,
674 3637 776 3689 aut
807 3633 1074 3700 actionis,
1107 3639 1207 3690 aut
1235 3635 1488 3705 virtutis,
1533 3641 1634 3692 aut
1685 3637 1838 3694 alius
1886 3639 2082 3710 cujus~

435 3721 592 3794 piam
624 3721 1034 3780 differentiam.
1085 3725 1218 3789 Quae
1273 3725 1510 3796 quidem
1569 3727 1854 3782 omniain
1911 3727 2081 3784 nobis

433 3827 496 3866 re
565 3810 696 3884 ipsa
750 3820 804 3868 et
853 3812 1050 3868 animo
1112 3813 1450 3870 divisionem
1495 3815 1750 3887 pariunt.
1802 3817 2082 3882 Quocirca

435 3916 624 3972 neque
654 3905 772 3958 tres
793 3901 942 3957 Deos
991 3901 1240 3974 Patrem,
1297 3907 1354 3959 et
1403 3903 1636 3971 Filium,
1688 3909 1744 3960 et
1799 3907 2080 3978 Spiritum

435 3994 706 4046 sanctum
730 3991 1002 4060 dicimus,
1029 3991 1146 4047 imo
1167 3993 1360 4064 potius
1383 4009 1566 4049 unum
1587 3993 2077 4066 Deum,'sanctam

432 4079 770 4135 Trinitatem
806 4097 818 4134 :
861 4079 1004 4136 Filio
1035 4085 1092 4136 et
1147 4082 1363 4154 Spiritu
1395 4083 1464 4138 ad
1491 4100 1670 4140 unam
1702 4085 2082 4156 eamdemque

438 4183 702 4238 causam,
733 4167 1012 4222 nimirum
1056 4170 1127 4224 ad
1178 4169 1400 4226 Patrem
1438 4169 1654 4240 relatis,
1689 4188 1802 4228 non
1841 4189 2082 4244 compo-

436 4255 592 4324 sitis,
625 4271 812 4328 neque
854 4256 1295 4329 conglutinalis,
1356 4265 1420 4316 ut
1477 4260 1716 4318 Sabellii
1761 4262 2081 4320 contractio

437 4343 618 4400 voluit
649 4365 666 4414 ;
708 4345 788 4402 ita
826 4347 982 4401 enim
1017 4349 1461 4421 conjunguntur
1491 4366 1774 4422 personae,
1799 4353 2081 4424 quemad-

442 4435 681 4490 modum
718 4434 992 4506 diximus,
1028 4441 1224 4493 utnon
1249 4440 1703 4509 contunduntur,
1729 4441 1831 4496 sed
1861 4447 1925 4497 ut
1956 4441 2082 4497 aliis

441 4523 570 4582 aliis
595 4525 946 4593 adhaereant,
997 4529 1316 4596 mutuoque
1347 4543 1407 4582 se
1454 4527 1819 4600 contingant,
1863 4533 2084 4601 absque

2185 3361 2248 3416 Si
2276 3363 2399 3431 quis
2429 3361 2642 3418 Christi
2672 3362 2944 3430 Spiritum
2975 3381 3086 3420 non
3117 3365 3279 3421 habet
3313 3367 3378 3420 ¹⁰.
3423 3365 3829 3436 Eumdemque

2187 3451 2355 3506 nobis
2389 3467 2490 3523 per
2522 3451 2735 3507 Filium
2770 3453 3136 3510 innotescere
3159 3459 3336 3526 atque
3363 3455 3536 3510 tribui
3567 3455 3832 3511 fatemur.

2185 3541 2277 3596 Ait
2309 3543 2462 3598 enim
2505 3543 2830 3614 Scriptura,
2885 3545 3220 3615 Insul/lavit,
3279 3554 3330 3600 et
3351 3545 3496 3601 dixit
3549 3546 3840 3618 discipulis

2186 3631 2300 3686 suis
2333 3646 2346 3686 :
2385 3631 2624 3703 Accipite
2651 3633 2928 3699 Spiritum
2953 3639 3204 3689 sanctum
3237 3636 3303 3692 ¹¹.
3325 3634 3836 3698 Quemadmodum

2187 3737 2255 3776 ex
2284 3717 2404 3776 sole
2429 3721 2629 3776 radius
2651 3725 2706 3776 et
2735 3721 3032 3794 splendor.
3057 3723 3158 3779 Ille
3189 3723 3342 3778 enim
3368 3724 3516 3780 radii
3549 3732 3608 3780 et
3638 3723 3836 3796 splen-

2185 3810 2342 3866 doris
2375 3811 2503 3867 fons
2555 3815 2612 3867 et
2666 3811 2827 3884 origo
2889 3817 2996 3868 est.
3055 3815 3188 3868 Jam
3219 3829 3352 3868 vero
3405 3813 3577 3868 nobis
3637 3813 3840 3868 radius

2189 3899 2558 3970 splendorem
2591 3899 2852 3972 largitur,
2887 3905 2942 3958 et
2967 3902 3019 3958 is
3051 3906 3163 3970 est,
3221 3902 3322 3976 qui
3353 3917 3461 3959 nos
3517 3903 3846 3970 illuminat,

2187 3989 2472 4059 cujusque
2502 3989 2816 4062 participes
2839 4007 3065 4048 sumus.
3095 3991 3276 4048 Filius
3309 4007 3444 4046 vero
3477 4007 3672 4063 neque
3719 3993 3844 4064 Spi-

2188 4077 2370 4132 ritum
2405 4093 2552 4146 esse,
2587 4095 2777 4151 neque
2809 4095 2879 4136 ex
2924 4080 3140 4152 Spiritu
3198 4081 3512 4153 procedere
3559 4081 3842 4136 dicimus.

2773 4187 2928 4243 CAP.
2969 4187 3251 4244 XXXVII.

2187 4275 2444 4348 Eiusdem
2473 4275 2843 4346 (Damasceni)
2879 4279 2960 4332 De
3013 4278 3084 4332 iis
3124 4292 3248 4348 quae
3293 4277 3361 4334 de
3391 4277 3496 4334 Deo
3551 4279 3846 4348 dicuntur,

2261 4347 2515 4418 quodque
2543 4349 2615 4402 ad
2643 4348 2918 4421 liabitum,
2949 4347 3220 4404 actionem
3249 4354 3300 4404 et
3329 4355 3527 4406 cetera
3549 4349 3610 4406 id
3647 4347 3842 4421 genus,

2257 4433 2366 4472 non
2401 4425 2586 4474 autem
2611 4419 2680 4475 ad
2709 4421 3004 4476 essentiam
3035 4423 3336 4490 referenda
3365 4423 3496 4476 sint.

2265 4525 2410 4581 Deus
2445 4525 2696 4598 simplex
2720 4533 2831 4598 est,
2865 4532 2922 4584 et
2953 4527 3197 4585 minime
3227 4529 3615 4600 compositus.
3675 4531 3846 4598 Quod

445 4613 565 4670 ulla
595 4615 1004 4672 commistione
1033 4624 1084 4670 et
1128 4617 1498 4672 concretione
1535 4633 1546 4670 :
1595 4633 1698 4671 nec
1733 4617 1812 4672 ita
1857 4618 2089 4690 disiun-
2119 4615 2167 4680 D
2199 4619 2394 4672 autem
2425 4633 2492 4673 ex
2523 4617 2726 4672 multis
2758 4622 2932 4688 atque
2963 4617 3209 4674 diversis
3230 4623 3480 4688 constat,
3512 4618 3566 4674 id
3601 4634 3844 4692 compo-

441 4713 661 4777 guntur
689 4709 754 4761 ut
785 4705 1038 4762 essentia
1093 4705 1438 4774 dissideant,
1489 4709 1553 4760 ut
1591 4707 1710 4760 Arii
1761 4707 1968 4763 divisio
2001 4709 2084 4763 l‘a-

442 4793 697 4850 bulatur.
734 4795 814 4850 Ea
843 4797 932 4850 est
961 4793 1114 4848 enim
1150 4793 1426 4850 divinitas
1459 4797 1521 4848 ut
1549 4795 1604 4850 in
1651 4794 1874 4866 divisis,
1910 4797 1958 4851 si
1989 4814 2086 4853 res

447 4882 506 4937 in
565 4885 974 4956 compendium
1049 4883 1446 4940 contrahenda
1531 4883 1626 4950 sit,
1713 4883 2084 4941 indivisibilis

449 4979 700 5040 maneat,
733 4979 788 5028 et
819 4975 1318 5045 quemadmodum
1355 4973 1412 5028 in
1465 4974 1655 5030 tribus
1709 4973 1932 5030 solibus
1973 4975 2084 5030 sibi

448 5067 650 5116 mutuo
681 5061 1036 5118 haerentibus
1067 5067 1124 5118 et
1145 5061 1522 5130 indistinctis,
1551 5063 1922 5119 unaluminis
1947 5069 2088 5120 tem-

447 5153 648 5222 perata
681 5150 871 5205 mistio
921 5155 978 5206 et
1029 5151 1236 5223 copula
1279 5157 1384 5219 est,
1441 5153 1574 5208 inde
1641 5153 1706 5208 fit
1747 5159 1807 5208 ut
1877 5153 2085 5208 divini-

445 5241 584 5294 tatis
607 5237 806 5292 habita
838 5239 1077 5308 ratione,
1139 5257 1376 5298 causam
1428 5259 1628 5310 unam,
1690 5243 2084 5300 monarchiam

445 5345 545 5384 seu
571 5325 810 5382 unitatis
839 5327 1170 5398 imperium,
1208 5347 1510 5403 unumque
1542 5339 1594 5387 et
1626 5334 1894 5389 eumdem
1938 5333 2088 5388 divi-

445 5417 668 5485 nitatis,
721 5425 778 5472 ut
837 5417 914 5472 ita
957 5417 1169 5487 dicam,
1221 5425 1444 5475 motum
1487 5425 1662 5492 atque
1701 5423 2084 5492 voluntatem,

443 5505 708 5562 essentiee
740 5506 989 5576 denique
1017 5505 1206 5578 ipsius
1237 5509 1505 5579 actionis,
1549 5513 1605 5566 et
1667 5511 2088 5572 dominationis

513 5675 534 5713 '
562 5675 730 5734 Joan.
765 5693 882 5752 x1e,
915 5676 1004 5732 lO.
1033 5673 1081 5712 ¹⁰
1115 5675 1281 5732 Rem.
1309 5693 1434 5754 vm,
1466 5677 1520 5734 9.
1557 5677 1601 5718 “
1631 5677 1802 5738 Joan.
1825 5697 1923 5758 xx,
1951 5682 2041 5742 22.

2196 4704 2372 4760 situm
2405 4711 2508 4762 est.
2539 4707 2670 4762 Jam
2695 4723 2828 4762 vero
2865 4705 2914 4761 si
2963 4708 3115 4777 quod
3175 4707 3501 4764 increatum
3545 4713 3656 4776 est,
3687 4711 3844 4782 quod

2195 4794 2481 4866 principio
2501 4799 2677 4862 caret,
2703 4795 3140 4866 quodgdenique
3157 4795 3589 4868 incorporeum,
3605 4797 3848 4854 immor-

2195 4883 2330 4948 tale,
2367 4883 2813 4954 sempiternum,
2843 4885 3086 4954 bonum,
3117 4885 3384 4942 omnium
3417 4887 3607 4958 opifex
3647 4893 3764 4952 est,
3791 4892 3848 4942 et

2197 4973 2725 5044 caeteraidgenus,
2783 4967 3127 5030 essentiales
3175 4976 3234 5030 in
3307 4977 3418 5032 Deo
3485 4977 3848 5034 differentias

2197 5076 2324 5116 esse
2357 5061 2636 5132 diximus,
2667 5062 2722 5116 id
2758 5063 2911 5134 quod
2933 5079 3002 5118 ex
3035 5068 3114 5118 tot
3147 5065 3322 5120 rebus
3381 5065 3702 5132 constabit,
3735 5063 3850 5120 mi-

2197 5149 2354 5205 nime
2386 5151 2634 5223 simplex
2666 5151 2794 5220 erit,
2829 5151 2926 5207 sed
2967 5153 3378 5224 compositum.
3413 5153 3578 5217 Quod
3612 5155 3850 5226 quidem

2197 5239 2358 5296 nulla
2391 5257 2503 5296 non
2537 5241 2838 5312 impietate
2867 5239 3112 5297 laborat.
3150 5241 3242 5297 Sic
3267 5241 3453 5314 igitur
3513 5243 3855 5300 existiman-

2197 5337 2334 5390 dum
2367 5335 2477 5400 est,
2511 5331 2581 5386 de
2615 5330 2864 5403 singulis
2897 5345 3096 5388 eorum
3125 5348 3252 5403 quia
3285 5333 3356 5388 de
3387 5336 3505 5388 Deo
3547 5331 3856 5390 dicuntur.

2197 5429 2262 5480 ut
2284 5419 2596 5478 essentiale
2626 5419 2772 5475 nihil
2805 5419 3155 5492 signiﬁcent,
3188 5421 3288 5476 sed
3317 5420 3432 5490 vel,
3459 5427 3530 5478 ut
3559 5423 3722 5496 quod
3753 5421 3858 5480 ille

2197 5531 2312 5570 non
2335 5515 2442 5580 est,
2470 5509 2526 5566 id
2547 5508 2921 5584 perspicuum
2943 5509 3258 5566 faciantvel
3287 5507 3562 5568 habitum
3595 5511 3862 5588 aliquem
