4090 6298
285 433 442 495 1177

1630 426 2021 488 THESAURI
2063 424 2209 486 LIB.
2257 424 2336 486 II.

3542 427 3696 488 1178

287 566 362 622 ad
393 565 793 638 oppositorum
827 561 912 618 vel
944 566 1152 618 natura
1173 559 1650 633 consequentium
1678 559 1935 634 aliquod,
1966 562 2023 629 Α
2057 558 2184 628 ejus
2221 556 2309 613 vel
2360 558 2594 626 candor,
2645 557 2731 612 vel
2783 557 3023 629 nigredo
3074 555 3411 612 innotuerit.
3463 558 3574 614 Sed
3628 575 3696 614 ea

287 656 376 711 vel
427 655 714 711 actionem
770 653 1067 709 denotent.
1121 653 1323 723 Itaque
1383 653 1535 707 inter
1581 665 1784 706 omnes
1835 648 1938 705 Dei

284 745 760 800 nomenclaturas
790 742 951 798 nulla
984 741 1127 797 mihi
1178 742 1361 810 magis
1411 740 1643 813 proprie
1685 740 1934 808 videtur,

278 851 454 904 quam
488 833 515 886 ὁ
560 825 658 900 ὤν,
692 848 817 895 seu,
850 832 899 886 is
931 833 1173 902 quiest.
1196 827 1853 898 Quemadmodumipsa
1875 827 1933 880 in

278 927 473 980 monte
507 923 726 976 Mosem
762 920 1071 993 alloquens
1098 920 1177 976 ait
1202 939 1213 976 :
1241 921 1414 976 Dicito
1437 919 1702 974 Israelilis
1729 935 1742 972 :
1765 919 1816 974 Is
1839 915 1936 989 qui

281 1017 356 1068 est
387 1027 474 1066 me
519 1011 670 1066 misi.
705 1010 772 1066 η.
806 1011 860 1066 Is
893 1010 1048 1064 enim
1083 1009 1306 1065 nullam
1353 1027 1468 1065 non
1517 1007 1825 1064 essentiam
1873 1007 1932 1061 in

281 1117 344 1156 se
383 1099 819 1171 complectitur,
855 1103 1134 1170 tanquam
1178 1102 1408 1153 vastum
1452 1096 1640 1153 nescio
1683 1096 1837 1167 quod
1879 1098 1935 1149 et

281 1191 634 1246 immensum
670 1188 937 1244 essentiae
970 1188 1231 1260 pelagus.
1265 1187 1338 1243 Ut
1370 1192 1561 1242 autem
1603 1187 1768 1242 beato
1797 1185 1931 1241 Dio-

279 1279 443 1350 nysio
475 1278 725 1344 videtur,
752 1278 948 1332 Bonus
973 1277 1226 1332 maxime
1248 1276 1480 1348 prOpria
1497 1276 1596 1331 Dei
1619 1273 1931 1346 appellatio

276 1372 380 1437 est,
413 1383 518 1424 nec
549 1367 705 1423 enim
739 1367 992 1423 essentia
1047 1367 1104 1422 in
1153 1371 1268 1423 Deo
1317 1366 1634 1422 bonitatem
1688 1380 1929 1436 praeces-

279 1455 428 1511 sisse
461 1454 577 1511 dici
609 1459 820 1526 potest.
864 1456 1125 1510 Alterum
1171 1470 1383 1510 nomen
1438 1452 1566 1514 Θεὸς
1618 1453 1771 1508 Deus
1821 1460 1926 1521 est,

275 1545 426 1616 quod
481 1545 697 1600 dicitur
752 1544 842 1601 vel
903 1541 961 1598 ἐκ
1014 1547 1111 1596 τοῦ
1168 1542 1324 1612 θέειν,
1382 1544 1472 1597 καί
1529 1542 1802 1617 περιέπειν
1859 1539 1926 1594 τὰ

276 1633 589 1706 σύμπαντα,
626 1635 734 1690 hoc
766 1639 877 1702 est,
911 1636 1065 1707 quod
1100 1651 1272 1690 cursu
1305 1651 1411 1691 suo
1440 1638 1495 1689 et
1523 1633 1746 1690 ambitu
1788 1649 1928 1689 con-

272 1724 455 1780 tineat
490 1723 784 1792 universa,
813 1723 898 1779 vel
931 1723 992 1777 ἐκ
1015 1723 1113 1776 τοῦ
1144 1723 1334 1792 αἳθειν,
1367 1724 1422 1778 id
1457 1727 1546 1780 est
1597 1723 1666 1778 ab
1716 1723 1923 1778 arden-

276 1814 370 1870 do.
405 1815 562 1870 Deus
592 1814 748 1868 enim
780 1813 936 1886 ignis
966 1818 1074 1884 est,
1106 1831 1216 1885 quo
1247 1814 1454 1869 vitium
1494 1829 1666 1870 omne
1713 1830 1923 1869 consu-

279 1902 482 1971 mitur,
519 1902 605 1959 vel
634 1900 742 1956 ἀπὸ
773 1905 870 1956 τοῦ
903 1905 1117 1966 θεᾶσθαι
1170 1901 1236 1958 τὰ
1281 1902 1476 1973 πάντα,
1524 1903 1677 1974 quod
1727 1903 1924 1958 omnia
1955 1923 2002 1988 Β

275 1994 592 2049 intueatur.
625 1992 793 2049 Illum
827 1994 984 2048 enim
1018 1993 1165 2048 nihil
1195 1993 1355 2062 latet,
1406 1999 1605 2063 estque
1653 1993 1917 2048 omnium

279 2098 474 2139 rerum
507 2083 854 2156 speculator,
888 2100 1022 2139 nam
1055 2083 1384 2156 speculatus
1414 2087 1503 2138 est
1545 2082 1742 2138 omnia
1787 2099 1921 2154 pro-

277 2173 533 2230 videntia
561 2191 688 2242 sua,
722 2174 1066 2246 priusquam
1113 2173 1423 2242 orirentur,
1455 2177 1511 2229 et
1556 2189 1750 2230 eorum
1799 2173 1916 2228 sin-

276 2260 414 2334 gula
442 2262 768 2318 voluntaria
799 2280 904 2318 sua
952 2263 1322 2334 cogitatione,
1367 2279 1494 2332 quae
1545 2263 1784 2332 quidem
1834 2267 1924 2317 est

274 2350 730 2420 praedestinatio,
765 2351 975 2422 imago,
1008 2358 1059 2404 et
1092 2349 1386 2420 exemplar
1415 2349 1473 2404 in
1510 2366 1567 2404 re
1617 2350 1918 2422 praedesti-

273 2445 432 2508 nata,
466 2439 522 2494 in
559 2457 676 2511 qua
722 2439 807 2495 ﬁt.
853 2439 983 2496 Jam
1037 2438 1226 2510 priore
1279 2439 1715 2494 nomenclatura
1768 2438 1917 2510 ejus,

273 2528 578 2584 nimirum.
613 2528 666 2583 Is
691 2528 788 2600 qui
822 2532 933 2593 est,
965 2528 1093 2600 ipsa
1121 2527 1376 2584 essentia
1421 2527 1748 2597 exhibetur,
1802 2545 1919 2584 non

271 2622 466 2674 autem
501 2618 652 2688 quod
688 2617 828 2688 quid
875 2622 1000 2684 est;
1034 2617 1349 2689 posteriore
1379 2635 1539 2684 vero,
1593 2619 1743 2674 actio
1792 2619 1921 2689 ipsa

269 2707 488 2779 pateﬁt.
525 2707 802 2761 Caeterum
836 2706 957 2760 haec
1006 2706 1265 2774 nomina,
1317 2704 1580 2783 ἄναρχον,
1633 2707 1918 2779 principio

275 2812 504 2863 carens,
539 2795 997 2867 incorruptibile,
1033 2795 1358 2866 ingenitum
1401 2798 1522 2852 sive
1565 2797 1913 2865 increatum,

276 2885 711 2954 incorporeum,
746 2885 1054 2952 invisibile,
1088 2890 1143 2940 et
1174 2883 1408 2953 similia,
1434 2884 1487 2939 id
1514 2884 1670 2956 quod
1696 2901 1808 2940 non
1831 2889 1918 2940 est

272 2972 553 3040 indicant,
587 2973 694 3028 hoc
725 2980 834 3040 est,
868 2974 923 3028 id
956 2973 1106 3042 quod
1139 2989 1268 3029 esse
1314 2989 1430 3028 non
1477 2975 1668 3044 coepit.
1718 2973 1916 3044 Neque

273 3061 427 3116 enim
460 3063 876 3134 corrumpitur,
909 3078 1095 3134 neque
1127 3067 1356 3118 creatus
1397 3067 1506 3130 est,
1542 3077 1732 3132 neque
1779 3078 1913 3117 cor-

271 3167 382 3223 pus
414 3155 523 3221 est,
555 3167 742 3224 neque
779 3152 1024 3206 videtur.

339 3242 561 3296 Bonum
595 3246 810 3307 autem,
844 3241 1089 3312 justum,
1123 3245 1179 3296 et
1208 3248 1500 3312 sanctum,
1533 3243 1752 3296 natura
1784 3239 1913 3312 qui-

267 3331 401 3386 dem
432 3331 805 3398 conveniunt,
836 3331 1026 3402 ipsam
1058 3348 1191 3387 vero
1245 3332 1562 3386 essentiam
1611 3330 1912 3402 haudqua-

265 3435 439 3489 quam
473 3420 900 3476 demonstrant.
939 3421 1220 3476 Dominus
1250 3419 1522 3490 denique,
1556 3437 1655 3475 rex
1703 3425 1760 3476 et
1809 3437 1913 3476 cae-

268 3513 393 3565 tera
441 3509 499 3564 id
553 3526 740 3581 genus
792 3509 1059 3565 habitum
1109 3511 1181 3566 ad
1238 3509 1505 3582 opposita
1556 3509 1910 3581 signiﬁcant.

264 3600 477 3655 Eorum
513 3598 669 3654 enim
703 3599 803 3671 qui
836 3599 1096 3656 dominio
1128 3599 1367 3672 subjecti
1400 3605 1561 3668 sunt,
1585 3599 1911 3656 Dominus:

264 3703 463 3744 eorum
523 3687 623 3758 qui
683 3704 882 3759 regno,
940 3705 1039 3743 rex
1088 3706 1102 3745 :
1171 3705 1369 3744 eorum
1431 3689 1528 3760 qui
1609 3689 1910 3758 creationi,

264 3782 532 3833 creator:
566 3792 766 3832 eorum
811 3776 1062 3848 denique
1116 3776 1218 3848 qui
1259 3777 1530 3849 pastioni,
1580 3782 1778 3848 pastor
1826 3779 1912 3832 di-

269 3867 439 3922 citur.

829 3973 982 4029 CAP.
1035 3973 1340 4030 XXXVIII.

265 4062 516 4133 Ejusdem
545 4063 777 4118 Joannis
809 4063 1151 4118 Damasceni.
1188 4064 1257 4118 De
1284 4063 1476 4119 divina
1523 4063 1913 4132 coniunctione

333 4137 388 4187 et
415 4133 741 4205 discretione
773 4132 1040 4205 (quodque
1089 4134 1190 4189 illa
1245 4137 1305 4190 in
1360 4135 1647 4203 Trinitate,
1690 4134 1804 4191 hare
1851 4137 1910 4192 in

337 4205 476 4259 Filio
498 4203 614 4262 solo
651 4203 1013 4275 intelligenda
1037 4206 1150 4278 sit).

335 4315 544 4372 Omnia
574 4332 709 4388 ergo
741 4316 1154 4384 communiter,
1187 4316 1386 4372 eodem
1422 4316 1594 4373 modo
1625 4315 1910 4389 simplici-

263 4407 374 4474 ter,
408 4405 678 4474 indivise,
709 4411 767 4462 et
811 4406 1122 4476 conjuncte
1173 4406 1241 4462 de
1293 4405 1567 4462 universa
1614 4405 1910 4464 divinitate

260 4494 602 4567 accipienda
631 4500 790 4552 sunt.
819 4496 1100 4552 Distincte
1129 4513 1284 4566 vero,
1329 4513 1430 4554 seu
1477 4497 1746 4568 discreto,
1798 4497 1906 4555 Pa-

2046 652 2275 703 tantum
2308 647 2594 714 novimus,
2631 664 2756 718 qua:
2789 647 2839 702 ei
2873 648 3164 716 adjacent.
3197 646 3343 702 Vera
3374 651 3567 703 autem
3602 665 3694 704 ra-

2046 737 2201 792 tione
2232 737 2601 804 instruimur,
2648 735 2974 806 simplicem
3026 752 3154 792 esse
3203 741 3410 801 Deum,
3463 753 3694 806 unaque

2045 829 2298 898 simplici
2329 826 2554 883 actione
2588 827 2738 880 bona
2769 826 3100 896 praeditum,
3133 843 3260 898 quae
3293 825 3491 881 omnia
3514 827 3695 882 omni-

2043 917 2153 971 bus
2184 921 2482 987 suggerat,
2513 916 2659 970 radii
2693 914 2899 970 solaris
2945 914 3156 983 instar,
3188 915 3290 986 qui
3338 920 3545 970 cuncta
3594 934 3692 971 ca-

2042 1003 2254 1076 lefacit,
2287 1009 2341 1060 et
2375 1005 2429 1060 in
2463 1003 2715 1076 singulis
2750 1007 2921 1075 prout
2950 1007 3085 1075 apta
3132 1004 3482 1076 capaciaque
3530 1009 3691 1076 sunt,

2043 1100 2337 1166 operatur,
2372 1095 2479 1150 hac
2513 1094 2741 1150 actione
2772 1093 3050 1166 praeditus
3090 1095 3180 1149 Dei
3217 1095 3493 1150 creatoris
3525 1095 3695 1151 bene-

2041 1183 2188 1240 ﬁcio.
2227 1185 2483 1240 Discreta
2513 1201 2682 1255 porro
2717 1188 2856 1239 sunt
2903 1187 2958 1238 et
3002 1184 3282 1254 sejuncta,
3332 1200 3691 1256 quaecunque

2038 1274 2110 1327 ad
2147 1272 2401 1328 divinam
2435 1279 2492 1328 et
2514 1273 2895 1328 humanitatis
2920 1273 3148 1344 plenam
3174 1273 3274 1328 Dei
3297 1273 3472 1330 Verbi
3497 1273 3686 1330 incar-

2038 1361 2338 1418 nationem
2399 1362 2710 1433 pertinent.
2774 1363 2983 1418 Eorum
3041 1363 3196 1418 enim
3272 1363 3433 1418 nullo
3510 1364 3683 1419 modo

2038 1450 2206 1507 Pater
2256 1456 2313 1508 et
2369 1451 2622 1524 Spiritus
2682 1452 2988 1524 participes
3040 1457 3200 1519 sunt,
3270 1452 3383 1508 nisi
3453 1456 3681 1508 tantum

2036 1541 2175 1611 quia
2205 1542 2436 1613 utrique
2494 1542 2640 1598 bene
2700 1542 3110 1614 complacitum
3171 1545 3278 1610 est,
3329 1546 3385 1597 et
3433 1545 3683 1598 miracu-

2034 1629 2222 1687 lorum
2259 1631 2434 1688 editio
2468 1631 2567 1686 illa
2620 1630 3033 1688 inenarrabilis
3083 1629 3318 1686 arrisit:
3379 1648 3503 1702 quae
3553 1631 3684 1702 qui-

2035 1720 2163 1776 dem
2224 1738 2256 1775 a
2311 1720 2498 1775 Verbo
2558 1726 2695 1790 Deo,
2749 1721 2926 1776 etiam
2980 1720 3219 1776 homine
3279 1721 3446 1775 nobis
3506 1719 3684 1775 simili

2033 1808 2205 1876 facto,
2242 1814 2517 1881 tanquam
2547 1809 2661 1864 Deo
2695 1807 3072 1877 immutabili,
3106 1813 3163 1864 et
3198 1809 3292 1865 Dei
3328 1808 3492 1876 Filio,
3527 1809 3682 1865 edita

2034 1905 2190 1954 sunt.

2623 2009 2772 2066 CAP.
2827 2009 3076 2066 XXXIX.

2025 2101 2065 2168 ~1-
2094 2097 2349 2169 Ejusdem
2375 2115 2445 2154 ea:
2483 2115 2602 2170 cap.
2663 2099 2737 2171 14
2779 2099 2842 2154 de
2898 2101 2970 2153 iis
3027 2115 3148 2170 quw
3199 2099 3554 2171 carporaliter
3609 2101 3674 2156 de

2583 2171 2685 2225 Deo
2706 2170 2970 2226 dicuntur
3013 2170 3146 2242 (12).

2099 2259 2243 2322 Quia
2273 2275 2406 2315 vero
2437 2259 2712 2331 pleraque
2761 2259 2943 2315 sacris
2989 2259 3304 2331 Scripturis
3355 2259 3436 2315 ita
3483 2277 3667 2316 enun-

2025 2347 2169 2403 tiata
2223 2347 2730 2420 deprehendimus,
2773 2353 2833 2405 ut
2877 2365 3220 2420 corporeum
3269 2349 3381 2420 (13)
3427 2348 3668 2419 aliquid,

2025 2437 2184 2494 velut
2213 2454 2280 2494 ex
2310 2438 2647 2510 conjectura
2677 2439 3002 2510 designent,
3055 2439 3356 2495 sciendum
3406 2443 3493 2494 est
3545 2436 3672 2493 ﬁeri

2027 2543 2142 2583 non
2177 2543 2368 2598 posse,
2401 2532 2465 2582 ut
2494 2545 2621 2598 nos,
2653 2546 2786 2585 cum
2821 2529 3089 2584 homines
3119 2529 3305 2584 simus
3337 2530 3444 2584 hac
3462 2544 3670 2584 carnea

2027 2632 2223 2672 massa
2252 2616 2635 2686 circumtecti,
2669 2617 2917 2686 divinas,
2951 2617 3231 2684 excelsas,
3283 2621 3338 2672 et
3385 2618 3456 2672 ab
3510 2617 3672 2674 omni

2027 2706 2270 2760 materia
2301 2711 2572 2770 remotas,
2607 2706 2928 2762 divinitatis
2957 2707 3215 2762 actiones
3250 2706 3542 2763 intellectu
3567 2723 3665 2760 as-

2027 2810 2368 2866 sequamur,
2404 2799 2504 2851 aut
2535 2795 2725 2851 verbis
2756 2797 3156 2868 exprimamus
3185 2813 3197 2852 :
3235 2795 3346 2852 nisi
3395 2795 3666 2866 imagini-

2028 2882 2157 2953 bus,
2191 2883 2394 2940 formis
2423 2889 2478 2940 et
2513 2884 2794 2957 symbolis
2825 2885 2974 2941 inter
3005 2903 3110 2941 nos
3133 2885 3381 2957 cognitis
3414 2893 3664 2940 utamur.

2025 2974 2394 3046 Quaecunque
2425 2990 2559 3046 ergo
2594 2977 2663 3030 de
2693 2981 2811 3031 Deo
2841 2976 3222 3047 corporaliter
3259 2974 3664 3044 enuntiantur,

2025 3078 2092 3118 ex
2125 3064 2457 3134 conjectura
2491 3065 2838 3135 dependent,
2873 3065 2930 3119 in
2983 3063 3054 3119 iis
3105 3069 3296 3120 autem
3356 3063 3669 3120 sublimior

2027 3151 2242 3224 aliquis
2272 3169 2485 3209 sensus
2517 3153 2826 3210 delitescit.
2859 3153 3111 3224 Simplex
3156 3154 3308 3209 enim
3363 3155 3510 3210 Deus
3555 3158 3665 3221 est,

2028 3259 2217 3314 neque
2274 3242 2391 3299 ulla
2443 3244 2626 3316 ﬁgura
2675 3243 3119 3300 lineamentisve
3165 3243 3397 3316 depingi
3454 3248 3665 3316 potest.

2028 3332 2214 3404 Igitur
2245 3333 2569 3400 oculorum,
2604 3333 3041 3406 palpebrarum,
3075 3339 3538 3407 conspectusque
3568 3332 3664 3388 Dei

2026 3422 2261 3478 nomine
2291 3423 2407 3478 vim
2439 3424 2570 3496 ejus
2599 3423 3003 3497 intelligimus,
3051 3443 3168 3498 qua
3215 3441 3306 3480 res
3362 3424 3665 3480 universas

2025 3513 2474 3584 contemplatur,
2506 3530 2752 3586 eamque
2783 3516 2923 3571 adeo
2956 3517 3370 3587 cognitionem,
3415 3533 3531 3586 qua
3579 3515 3662 3582 ﬁt,

2025 3607 2089 3658 ut
2146 3602 2292 3658 nihil
2349 3603 2515 3660 illum
2568 3605 2747 3661 lateat
2793 3606 2932 3676 quia
2985 3605 3266 3660 nimirum
3319 3603 3663 3674 hujusmodi

2024 3709 2234 3749 sensus
2266 3693 2543 3748 beneﬁcio
2575 3695 2975 3765 pert'ectiorem
3009 3711 3201 3750 rerum
3252 3693 3663 3764 cognitionem,

2024 3784 2081 3834 et
2111 3781 2414 3835 certiorem
2448 3782 2884 3854 persuasionem
2931 3782 3366 3853 consequimur.
3414 3781 3664 3836 Aurium

2023 3867 2160 3923 item
2194 3869 2548 3940 auditusque
2579 3871 2814 3927 nomine
2838 3870 3300 3943 placabilitatem'
3325 3870 3475 3941 ejus,
3507 3875 3561 3925 et
3593 3872 3663 3926 ad

2021 3960 2153 4010 vota
2185 3961 2384 4012 nostra
2415 3973 2731 4030 precesque
2763 3961 3210 4031 propensionem
3262 3959 3660 4029 designamus.

2021 4045 2136 4099 Nos
2165 4046 2316 4100 enim
2350 4045 2528 4117 hujus
2549 4063 2761 4102 sensus
2784 4048 3062 4104 beneﬁcio
3085 4047 3448 4119 supplicibus
3468 4047 3664 4103 faciles

2020 4141 2076 4192 et
2105 4133 2423 4191 exorabiles
2458 4136 2770 4202 efficimur,
2803 4137 3002 4210 eisque
3042 4155 3241 4193 aurem
3291 4137 3665 4194 familiariora

2022 4228 2275 4300 quodam
2310 4228 2482 4284 modo
2514 4227 2888 4285 inclinamus.
2923 4229 3053 4285 Oris
3089 4247 3256 4301 porro
3290 4235 3345 4284 et
3377 4229 3665 4286 sermonis

2020 4317 2411 4390 appellatione
2441 4322 2666 4374 certum
2699 4318 2931 4390 aliquod
2965 4320 3280 4376 voluntatis
3334 4321 3463 4390 ejus
3513 4319 3666 4376 indi-

2019 4406 2167 4462 cium
2197 4407 2627 4480 depromimus,
2660 4410 2799 4480 quia
2825 4411 3006 4466 moris
3049 4415 3138 4466 est
3189 4410 3358 4466 nobis
3401 4410 3664 4466 cordium

2018 4499 2352 4552 nostrorum
2385 4514 2600 4554 arcana
2627 4497 2743 4554 oris
2775 4502 2833 4554 et
2864 4500 3153 4554 sermonis
3194 4498 3473 4555 beneficio
3506 4502 3662 4554 rete-

263 4589 370 4648 ter,
407 4584 590 4642 Filius
621 4589 678 4642 et
704 4584 976 4657 Spiritus,
1011 4586 1402 4654 incausalum,
1435 4592 1764 4655 causatum,
1811 4587 1902 4643 in-
1935 4617 1983 4683 Β
2017 4601 2171 4657 gere.
2204 4586 2328 4643 Cibi
2361 4603 2596 4659 quoque
2625 4592 2684 4644 et
2713 4596 2884 4661 potus
2911 4585 3353 4644 nomenclatura
3393 4591 3663 4644 nostrum

263 4675 550 4745 genitum,
585 4677 872 4748 genitum,
906 4680 962 4731 et
993 4678 1332 4748 procedens,
1364 4693 1490 4748 quae
1521 4677 1761 4748 quidem
1809 4694 1906 4734 es-

253 4765 456 4822 seutiae
490 4765 980 4837 signiﬁcationem
1034 4765 1258 4821 nullam
1309 4765 1544 4834 habent,
1595 4767 1697 4822 sed
1749 4768 1907 4823 modi

253 4855 462 4920 solius,
496 4870 609 4924 quo
641 4870 702 4910 se
734 4855 892 4910 aliud
926 4856 996 4912 ad
1032 4854 1189 4911 aliud
1224 4854 1420 4922 habet,
1442 4858 1499 4912 et
1519 4872 1634 4927 quo
1656 4855 1904 4916 exsistit.

257 4943 361 4997 His
394 4942 573 5012 igitur
604 4943 874 5014 cognitis,
907 4944 1113 5015 viaque
1146 4945 1279 5001 inde
1330 4946 1397 5000 ad
1450 4945 1766 5001 essentiam
1815 4945 1905 5016 ip-

250 5047 405 5098 sam,
441 5031 539 5086 sed
573 5031 836 5087 essentia:
877 5037 1106 5089 tantum
1154 5035 1480 5106 adjacentia
1525 5034 1903 5105 comprehen-

245 5121 476 5176 dimus.
512 5121 1018 5184 Quemadmodum
1054 5140 1158 5182 nec
1189 5124 1238 5180 si
1269 5125 1632 5196 exploratum
1665 5125 1900 5196 quidem

247 5209 578 5266 habeamus
610 5209 866 5266 animam
899 5214 1178 5284 corporis,
1212 5215 1560 5285 quantitatis
1600 5219 1657 5270 et
1703 5213 1899 5285 ﬁgurae

240 5305 541 5372 expertem
602 5315 752 5366 esse,
803 5301 1074 5358 continuo
1127 5303 1252 5373 ejus
1301 5303 1614 5360 essentiam
1671 5320 1898 5375 quoque

241 5389 822 5463 comprehendimus,
858 5405 1044 5462 neque
1088 5393 1348 5465 corporis
1400 5393 1542 5450 item
1591 5392 1801 5465 ipsius,
1847 5393 1898 5451 si

315 5490 360 5526 ίε
389 5491 570 5548 Exod.
603 5506 688 5557 In,
722 5489 810 5548 14.

321 5588 432 5661 (1ξι)
460 5589 604 5661 Vide
634 5588 980 5661 Patrologim
1009 5593 1151 5646 tom.
1185 5591 1381 5660 XCIV,
1414 5591 1525 5648 col.
1550 5593 1676 5647 841.

321 5591 432 5730 (12ζ
460 5591 604 5644 Vide
634 5591 980 5661 Patrologim
1009 5593 1151 5646 tom.
1185 5591 1381 5660 XCIV,
1414 5591 1525 5648 col.
1550 5593 1676 5647 841.

296 5657 409 5740 ,(13
461 5660 692 5740 Nicetas
724 5661 1287 5740 prd1t3tlbq.pahet,_
1330 5663 1763 5740 at_Zigabe_nus
1807 5662 1896 5720 le-

249 5730 412 5810 gisse
431 5730 658 5790 videtur
679 5753 745 5805 ση
755 5730 1021 5809 patriaac,
1043 5732 1103 5789 id
1124 5730 1615 5808 est,signiﬁcat'ive.
1643 5733 1898 5809 Utraque

2018 4677 2090 4731 ad
2122 4677 2249 4748 ejus
2283 4677 2638 4734 voluntatem
2672 4695 3022 4735 concursum
3064 4678 3321 4733 denotat.
3356 4677 3472 4731 Nos
3503 4677 3662 4733 enim

2018 4780 2194 4821 sensu
2222 4771 2494 4836 gustatus
2527 4767 2859 4825 necessario
2885 4772 3102 4823 naturae
3125 4765 3404 4838 appetitui
3428 4764 3664 4821 satisfa-

2016 4855 2223 4910 cimus.
2250 4855 2506 4913 Olfactus
2538 4856 2926 4928 appellatione
2955 4857 3072 4911 vim
3106 4857 3274 4912 nobis
3301 4855 3536 4912 insitam
3571 4856 3664 4911 in-

2015 4943 2357 5015 telligimus,
2391 4962 2518 5016 quae
2553 4951 2809 5002 nostram
2842 4961 2979 5016 erga
3008 4945 3192 5002 Deum
3224 4945 3582 5002 voluntatem
3607 4949 3664 5002 et

2013 5033 2476 5090 benevolentiam
2536 5039 2803 5105 testatur,
2844 5036 2983 5106 quia
3035 5035 3316 5091 nimirum
3364 5051 3431 5092 eo
3480 5051 3658 5092 sensu

2011 5124 2468 5182 suaveolentiam
2502 5127 2745 5184 odorum
2778 5127 3152 5199 percipimus.
3201 5128 3468 5185 Personae
3515 5128 3657 5184 item

2009 5214 2286 5271 vocabulo
2321 5231 2446 5272 eam
2482 5215 2580 5272 Dei
2612 5217 2980 5288 praesentiam
3030 5217 3489 5288 subindicamus,
3539 5235 3657 5290 qua

2008 5303 2106 5360 ille
2136 5321 2313 5376 opera
2345 5322 2452 5360 sua
2481 5305 2763 5372 vicissim,
2787 5311 2843 5362 et
2873 5307 3044 5378 quasi
3064 5308 3413 5375 successive,
3445 5307 3659 5364 lustrat

2006 5398 2062 5451 et
2090 5399 2349 5466 permeat
2381 5396 2512 5468 (14),
2551 5396 2690 5468 quia
2737 5397 3015 5455 nimirum
3065 5417 3324 5473 personas
3375 5398 3657 5456 beneﬁcio

2001 5591 2175 5666 lectio
2207 5591 2416 5648 defend
2429 5593 2450 5666 i
2476 5599 2684 5666 potest.

2006 5665 2191 5796 eaéti)
2244 5665 2493 5724 Consule
2544 5666 2990 5736 Damascenum,
3063 5686 3202 5728 nam
3275 5669 3487 5728 lacuna
3555 5667 3655 5729 hic
