  <div class='ocr_page' id='page_1' title='image "/cluster/home/n/w/nwhite01/storage/ocr_20150623/139/mdp.39015078384214/601.png"; bbox 0 0 4090 6298; ppageno 0'>
   <div class='ocr_carea' id='block_1_1' title="bbox 467 425 621 486">
    <p class='ocr_par' dir='ltr' id='par_1_1' title="bbox 467 425 621 486">
     <span class='ocr_line' id='line_1_1' title="bbox 467 425 621 486; baseline -0.019 0"><span class='ocrx_word' id='word_1_1' title='bbox 467 425 621 486; x_wconf 79' lang='grc'>1179</span> 
     </span>
    </p>
   </div>
   <div class='ocr_carea' id='block_1_2' title="bbox 1771 420 2534 483">
    <p class='ocr_par' dir='ltr' id='par_1_2' title="bbox 1771 420 2534 483">
     <span class='ocr_line' id='line_1_2' title="bbox 1771 420 2534 483; baseline -0.001 -3"><span class='ocrx_word' id='word_1_2' title='bbox 1771 421 2077 483; x_wconf 69' lang='grc' dir='ltr'>ΝΙΟΕΤΛΕ</span> <span class='ocrx_word' id='word_1_3' title='bbox 2120 420 2534 482; x_wconf 67' lang='grc' dir='ltr'>ΟΗΟΝῙΑΤΛΕ</span> 
     </span>
    </p>
   </div>
   <div class='ocr_carea' id='block_1_3' title="bbox 3714 421 3855 483">
    <p class='ocr_par' dir='ltr' id='par_1_3' title="bbox 3714 421 3855 483">
     <span class='ocr_line' id='line_1_3' title="bbox 3714 421 3855 483; baseline 0.014 -2"><span class='ocrx_word' id='word_1_4' title='bbox 3714 421 3855 483; x_wconf 75' lang='grc'>1180</span> 
     </span>
    </p>
   </div>
   <div class='ocr_carea' id='block_1_4' title="bbox 463 552 3862 629">
    <p class='ocr_par' dir='ltr' id='par_1_4' title="bbox 463 552 3862 629">
     <span class='ocr_line' id='line_1_4' title="bbox 463 552 3862 629; baseline -0.001 -17"><span class='ocrx_word' id='word_1_5' title='bbox 463 561 783 628; x_wconf 69' lang='lat' dir='ltr'>praesentes</span> <span class='ocrx_word' id='word_1_6' title='bbox 814 573 918 613; x_wconf 90' lang='lat' dir='ltr'>nos</span> <span class='ocrx_word' id='word_1_7' title='bbox 949 556 1110 629; x_wconf 90' lang='lat' dir='ltr'>ipsos</span> <span class='ocrx_word' id='word_1_8' title='bbox 1142 555 1426 612; x_wconf 81' lang='lat' dir='ltr'>sistimus.</span> <span class='ocrx_word' id='word_1_9' title='bbox 1461 559 1570 611; x_wconf 92' lang='lat' dir='ltr'>Per</span> <span class='ocrx_word' id='word_1_10' title='bbox 1597 572 1803 612; x_wconf 84' lang='lat' dir='ltr'>manus</span> <span class='ocrx_word' id='word_1_11' title='bbox 1826 555 1999 611; x_wconf 88' lang='lat' dir='ltr'>etiam</span> <span class='ocrx_word' id='word_1_12' title='bbox 2025 554 2110 611; x_wconf 87' lang='lat' dir='ltr'>vis</span> <span class='ocrx_word' id='word_1_13' title='bbox 2141 555 2195 622; x_wconf 79' lang='grc' dir='ltr'>Α</span> <span class='ocrx_word' id='word_1_14' title='bbox 2225 569 2540 628; x_wconf 85' lang='lat' dir='ltr'>corporeus</span> <span class='ocrx_word' id='word_1_15' title='bbox 2597 553 2711 610; x_wconf 88' lang='lat' dir='ltr'>dici</span> <span class='ocrx_word' id='word_1_16' title='bbox 2757 557 2965 624; x_wconf 82' lang='lat' dir='ltr'>potest.</span> <span class='ocrx_word' id='word_1_17' title='bbox 3014 552 3269 625; x_wconf 88' lang='lat' dir='ltr'>Angelus</span> <span class='ocrx_word' id='word_1_18' title='bbox 3318 569 3456 626; x_wconf 84' lang='lat' dir='ltr'>ergo</span> <span class='ocrx_word' id='word_1_19' title='bbox 3515 559 3724 610; x_wconf 84' lang='lat' dir='ltr'>natura</span> <span class='ocrx_word' id='word_1_20' title='bbox 3785 561 3862 614; x_wconf 84' lang='lat' dir='ltr'>est</span> 
     </span>
    </p>
   </div>
   <div class='ocr_carea' id='block_1_5' title="bbox 467 644 2118 717">
    <p class='ocr_par' dir='ltr' id='par_1_5' title="bbox 467 644 2118 717">
     <span class='ocr_line' id='line_1_5' title="bbox 467 644 2118 717; baseline -0.001 -17"><span class='ocrx_word' id='word_1_21' title='bbox 467 644 567 702; x_wconf 87' lang='lat' dir='ltr'>illa</span> <span class='ocrx_word' id='word_1_22' title='bbox 589 645 933 716; x_wconf 81' lang='lat' dir='ltr'>intelligitur</span> <span class='ocrx_word' id='word_1_23' title='bbox 962 662 1080 717; x_wconf 89' lang='lat' dir='ltr'>qua</span> <span class='ocrx_word' id='word_1_24' title='bbox 1110 646 1211 701; x_wconf 89' lang='lat' dir='ltr'>Dei</span> <span class='ocrx_word' id='word_1_25' title='bbox 1247 645 1400 701; x_wconf 87' lang='lat' dir='ltr'>actio</span> <span class='ocrx_word' id='word_1_26' title='bbox 1431 645 1781 701; x_wconf 84' lang='lat' dir='ltr'>absolvitur:</span> <span class='ocrx_word' id='word_1_27' title='bbox 1817 662 1921 700; x_wconf 92' lang='lat' dir='ltr'>nos</span> <span class='ocrx_word' id='word_1_28' title='bbox 1962 645 2118 700; x_wconf 90' lang='lat' dir='ltr'>enim</span> 
     </span>
    </p>
   </div>
   <div class='ocr_carea' id='block_1_6' title="bbox 471 735 2121 809">
    <p class='ocr_par' dir='ltr' id='par_1_6' title="bbox 471 735 2121 809">
     <span class='ocr_line' id='line_1_6' title="bbox 471 735 2121 809; baseline 0.001 -19"><span class='ocrx_word' id='word_1_29' title='bbox 471 751 600 807; x_wconf 63' lang='lat' dir='ltr'>qua:</span> <span class='ocrx_word' id='word_1_30' title='bbox 633 737 803 792; x_wconf 90' lang='lat' dir='ltr'>nobis</span> <span class='ocrx_word' id='word_1_31' title='bbox 835 735 1002 792; x_wconf 78' lang='lat' dir='ltr'>utilia</span> <span class='ocrx_word' id='word_1_32' title='bbox 1034 741 1190 807; x_wconf 90' lang='lat' dir='ltr'>sunt,</span> <span class='ocrx_word' id='word_1_33' title='bbox 1226 742 1282 791; x_wconf 90' lang='lat' dir='ltr'>et</span> <span class='ocrx_word' id='word_1_34' title='bbox 1338 737 1396 792; x_wconf 88' lang='lat' dir='ltr'>in</span> <span class='ocrx_word' id='word_1_35' title='bbox 1445 737 1650 808; x_wconf 86' lang='lat' dir='ltr'>primis</span> <span class='ocrx_word' id='word_1_36' title='bbox 1698 737 2121 809; x_wconf 80' lang='lat' dir='ltr'>pretiosissima</span> 
     </span>
    </p>
   </div>
   <div class='ocr_carea' id='block_1_7' title="bbox 468 825 2120 898">
    <p class='ocr_par' dir='ltr' id='par_1_7' title="bbox 468 825 2120 898">
     <span class='ocr_line' id='line_1_7' title="bbox 468 825 2120 898; baseline 0.003 -20"><span class='ocrx_word' id='word_1_37' title='bbox 468 841 712 895; x_wconf 65' lang='lat' dir='ltr'>quaeque</span> <span class='ocrx_word' id='word_1_38' title='bbox 733 825 1218 882; x_wconf 81' lang='lat' dir='ltr'>administramus</span> <span class='ocrx_word' id='word_1_39' title='bbox 1252 826 1545 881; x_wconf 87' lang='lat' dir='ltr'>manibus.</span> <span class='ocrx_word' id='word_1_40' title='bbox 1575 831 1681 881; x_wconf 91' lang='lat' dir='ltr'>Per</span> <span class='ocrx_word' id='word_1_41' title='bbox 1703 828 1961 882; x_wconf 84' lang='lat' dir='ltr'>dextram</span> <span class='ocrx_word' id='word_1_42' title='bbox 1982 844 2120 898; x_wconf 88' lang='lat' dir='ltr'>quo-</span> 
     </span>
    </p>
   </div>
   <div class='ocr_carea' id='block_1_8' title="bbox 470 913 2114 987">
    <p class='ocr_par' dir='ltr' id='par_1_8' title="bbox 470 913 2114 987">
     <span class='ocr_line' id='line_1_8' title="bbox 470 913 2114 987; baseline 0.002 -19"><span class='ocrx_word' id='word_1_43' title='bbox 470 929 578 984; x_wconf 89' lang='lat' dir='ltr'>que</span> <span class='ocrx_word' id='word_1_44' title='bbox 602 930 768 985; x_wconf 92' lang='lat' dir='ltr'>opem</span> <span class='ocrx_word' id='word_1_45' title='bbox 794 913 1050 969; x_wconf 85' lang='lat' dir='ltr'>divinam</span> <span class='ocrx_word' id='word_1_46' title='bbox 1076 915 1397 987; x_wconf 80' lang='lat' dir='ltr'>intelligere</span> <span class='ocrx_word' id='word_1_47' title='bbox 1417 915 1690 983; x_wconf 90' lang='lat' dir='ltr'>solemus,</span> <span class='ocrx_word' id='word_1_48' title='bbox 1717 934 1843 987; x_wconf 78' lang='lat' dir='ltr'>quea</span> <span class='ocrx_word' id='word_1_49' title='bbox 1866 917 2034 972; x_wconf 91' lang='lat' dir='ltr'>nobis</span> <span class='ocrx_word' id='word_1_50' title='bbox 2058 916 2114 971; x_wconf 93' lang='lat' dir='ltr'>in</span> 
     </span>
    </p>
   </div>
   <div class='ocr_carea' id='block_1_9' title="bbox 465 1004 2115 1077">
    <p class='ocr_par' dir='ltr' id='par_1_9' title="bbox 465 1004 2115 1077">
     <span class='ocr_line' id='line_1_9' title="bbox 465 1004 2115 1077; baseline 0.001 -20"><span class='ocrx_word' id='word_1_51' title='bbox 465 1004 644 1058; x_wconf 86' lang='lat' dir='ltr'>rebus</span> <span class='ocrx_word' id='word_1_52' title='bbox 678 1004 970 1074; x_wconf 87' lang='lat' dir='ltr'>prosperis</span> <span class='ocrx_word' id='word_1_53' title='bbox 1001 1005 1197 1060; x_wconf 85' lang='lat' dir='ltr'>adest:</span> <span class='ocrx_word' id='word_1_54' title='bbox 1223 1005 1282 1058; x_wconf 92' lang='lat' dir='ltr'>in</span> <span class='ocrx_word' id='word_1_55' title='bbox 1315 1005 1382 1060; x_wconf 92' lang='lat' dir='ltr'>iis</span> <span class='ocrx_word' id='word_1_56' title='bbox 1414 1005 1569 1060; x_wconf 89' lang='lat' dir='ltr'>enim</span> <span class='ocrx_word' id='word_1_57' title='bbox 1596 1023 1725 1076; x_wconf 76' lang='lat' dir='ltr'>quae</span> <span class='ocrx_word' id='word_1_58' title='bbox 1774 1007 1947 1077; x_wconf 89' lang='lat' dir='ltr'>paulo</span> <span class='ocrx_word' id='word_1_59' title='bbox 1973 1005 2115 1077; x_wconf 89' lang='lat' dir='ltr'>poli-</span> 
     </span>
    </p>
   </div>
   <div class='ocr_carea' id='block_1_10' title="bbox 466 1093 2116 1167">
    <p class='ocr_par' dir='ltr' id='par_1_10' title="bbox 466 1093 2116 1167">
     <span class='ocr_line' id='line_1_10' title="bbox 466 1093 2116 1167; baseline 0.002 -19"><span class='ocrx_word' id='word_1_60' title='bbox 466 1093 614 1148; x_wconf 88' lang='lat' dir='ltr'>tiora</span> <span class='ocrx_word' id='word_1_61' title='bbox 643 1098 698 1148; x_wconf 88' lang='lat' dir='ltr'>et</span> <span class='ocrx_word' id='word_1_62' title='bbox 722 1094 1014 1150; x_wconf 79' lang='lat' dir='ltr'>ornatiora</span> <span class='ocrx_word' id='word_1_63' title='bbox 1036 1095 1206 1150; x_wconf 92' lang='lat' dir='ltr'>nobis</span> <span class='ocrx_word' id='word_1_64' title='bbox 1226 1100 1399 1166; x_wconf 89' lang='lat' dir='ltr'>atque</span> <span class='ocrx_word' id='word_1_65' title='bbox 1418 1095 1685 1166; x_wconf 87' lang='lat' dir='ltr'>pluribus</span> <span class='ocrx_word' id='word_1_66' title='bbox 1708 1112 1873 1167; x_wconf 85' lang='lat' dir='ltr'>egere</span> <span class='ocrx_word' id='word_1_67' title='bbox 1894 1097 2116 1151; x_wconf 89' lang='lat' dir='ltr'>viribus</span> 
     </span>
    </p>
   </div>
   <div class='ocr_carea' id='block_1_11' title="bbox 466 1182 2116 1257">
    <p class='ocr_par' dir='ltr' id='par_1_11' title="bbox 466 1182 2116 1257">
     <span class='ocr_line' id='line_1_11' title="bbox 466 1182 2116 1257; baseline 0.001 -19"><span class='ocrx_word' id='word_1_68' title='bbox 466 1182 756 1250; x_wconf 86' lang='lat' dir='ltr'>videntur,</span> <span class='ocrx_word' id='word_1_69' title='bbox 774 1186 973 1239; x_wconf 86' lang='lat' dir='ltr'>dextra</span> <span class='ocrx_word' id='word_1_70' title='bbox 995 1200 1173 1239; x_wconf 89' lang='lat' dir='ltr'>manu</span> <span class='ocrx_word' id='word_1_71' title='bbox 1196 1186 1310 1240; x_wconf 86' lang='lat' dir='ltr'>fere</span> <span class='ocrx_word' id='word_1_72' title='bbox 1333 1185 1710 1250; x_wconf 83' lang='lat' dir='ltr'>utimur,Jam</span> <span class='ocrx_word' id='word_1_73' title='bbox 1735 1184 2116 1257; x_wconf 86' lang='lat' dir='ltr'>palpationem</span> 
     </span>
    </p>
   </div>
   <div class='ocr_carea' id='block_1_12' title="bbox 469 1271 2113 1344">
    <p class='ocr_par' dir='ltr' id='par_1_12' title="bbox 469 1271 2113 1344">
     <span class='ocr_line' id='line_1_12' title="bbox 469 1271 2113 1344; baseline 0.002 -18"><span class='ocrx_word' id='word_1_74' title='bbox 469 1271 612 1342; x_wconf 80' lang='lat' dir='ltr'>quid</span> <span class='ocrx_word' id='word_1_75' title='bbox 645 1271 826 1340; x_wconf 90' lang='lat' dir='ltr'>aliud,</span> <span class='ocrx_word' id='word_1_76' title='bbox 852 1289 1070 1343; x_wconf 82' lang='lat' dir='ltr'>quaeso,</span> <span class='ocrx_word' id='word_1_77' title='bbox 1095 1290 1224 1329; x_wconf 81' lang='lat' dir='ltr'>esse</span> <span class='ocrx_word' id='word_1_78' title='bbox 1247 1273 1526 1339; x_wconf 89' lang='lat' dir='ltr'>dicemus,</span> <span class='ocrx_word' id='word_1_79' title='bbox 1554 1291 1726 1344; x_wconf 88' lang='lat' dir='ltr'>quam</span> <span class='ocrx_word' id='word_1_80' title='bbox 1753 1274 2113 1330; x_wconf 89' lang='lat' dir='ltr'>subtiliorem</span> 
     </span>
    </p>
   </div>
   <div class='ocr_carea' id='block_1_13' title="bbox 471 1360 2116 1433">
    <p class='ocr_par' dir='ltr' id='par_1_13' title="bbox 471 1360 2116 1433">
     <span class='ocr_line' id='line_1_13' title="bbox 471 1360 2116 1433; baseline 0.003 -18"><span class='ocrx_word' id='word_1_81' title='bbox 471 1360 570 1416; x_wconf 89' lang='lat' dir='ltr'>Dei</span> <span class='ocrx_word' id='word_1_82' title='bbox 600 1367 656 1416; x_wconf 91' lang='lat' dir='ltr'>et</span> <span class='ocrx_word' id='word_1_83' title='bbox 686 1377 888 1416; x_wconf 87' lang='lat' dir='ltr'>eorum</span> <span class='ocrx_word' id='word_1_84' title='bbox 921 1379 1045 1433; x_wconf 70' lang='lat' dir='ltr'>quae</span> <span class='ocrx_word' id='word_1_85' title='bbox 1075 1367 1214 1418; x_wconf 91' lang='lat' dir='ltr'>sunt</span> <span class='ocrx_word' id='word_1_86' title='bbox 1260 1363 1428 1418; x_wconf 89' lang='lat' dir='ltr'>valde</span> <span class='ocrx_word' id='word_1_87' title='bbox 1477 1363 1714 1418; x_wconf 85' lang='lat' dir='ltr'>subtilia</span> <span class='ocrx_word' id='word_1_88' title='bbox 1764 1369 1820 1419; x_wconf 90' lang='lat' dir='ltr'>et</span> <span class='ocrx_word' id='word_1_89' title='bbox 1866 1372 2116 1420; x_wconf 84' lang='lat' dir='ltr'>obscura</span> 
     </span>
    </p>
   </div>
   <div class='ocr_carea' id='block_1_14' title="bbox 469 1452 2114 1527">
    <p class='ocr_par' dir='ltr' id='par_1_14' title="bbox 469 1452 2114 1527">
     <span class='ocr_line' id='line_1_14' title="bbox 469 1452 2114 1527; baseline 0.002 -21"><span class='ocrx_word' id='word_1_90' title='bbox 469 1452 966 1523; x_wconf 82' lang='lat' dir='ltr'>disquisitionem,</span> <span class='ocrx_word' id='word_1_91' title='bbox 1007 1458 1063 1510; x_wconf 89' lang='lat' dir='ltr'>et</span> <span class='ocrx_word' id='word_1_92' title='bbox 1109 1455 1456 1510; x_wconf 82' lang='lat' dir='ltr'>exactiorem</span> <span class='ocrx_word' id='word_1_93' title='bbox 1508 1455 2114 1527; x_wconf 67' lang='lat' dir='ltr'>praevestigationem?</span> 
     </span>
    </p>
   </div>
   <div class='ocr_carea' id='block_1_15' title="bbox 467 1540 2110 1617">
    <p class='ocr_par' dir='ltr' id='par_1_15' title="bbox 467 1540 2110 1617">
     <span class='ocr_line' id='line_1_15' title="bbox 467 1540 2110 1617; baseline 0.003 -22"><span class='ocrx_word' id='word_1_94' title='bbox 467 1540 730 1597; x_wconf 88' lang='lat' dir='ltr'>humano</span> <span class='ocrx_word' id='word_1_95' title='bbox 761 1544 915 1598; x_wconf 90' lang='lat' dir='ltr'>enim</span> <span class='ocrx_word' id='word_1_96' title='bbox 952 1559 1112 1599; x_wconf 91' lang='lat' dir='ltr'>more</span> <span class='ocrx_word' id='word_1_97' title='bbox 1143 1544 1228 1610; x_wconf 85' lang='lat' dir='ltr'>ﬁt,</span> <span class='ocrx_word' id='word_1_98' title='bbox 1264 1549 1327 1599; x_wconf 83' lang='lat' dir='ltr'>ut</span> <span class='ocrx_word' id='word_1_99' title='bbox 1356 1543 1455 1616; x_wconf 90' lang='lat' dir='ltr'>qui</span> <span class='ocrx_word' id='word_1_100' title='bbox 1489 1543 1803 1617; x_wconf 84' lang='lat' dir='ltr'>palpantur</span> <span class='ocrx_word' id='word_1_101' title='bbox 1827 1588 1840 1614; x_wconf 91' lang='lat'>,</span> <span class='ocrx_word' id='word_1_102' title='bbox 1876 1544 2020 1600; x_wconf 89' lang='lat' dir='ltr'>nihil</span> <span class='ocrx_word' id='word_1_103' title='bbox 2053 1545 2110 1600; x_wconf 92' lang='lat' dir='ltr'>in</span> 
     </span>
    </p>
   </div>
   <div class='ocr_carea' id='block_1_16' title="bbox 469 1631 2110 1704">
    <p class='ocr_par' dir='ltr' id='par_1_16' title="bbox 469 1631 2110 1704">
     <span class='ocr_line' id='line_1_16' title="bbox 469 1631 2110 1704; baseline 0.002 -19"><span class='ocrx_word' id='word_1_104' title='bbox 469 1646 531 1685; x_wconf 88' lang='lat' dir='ltr'>se</span> <span class='ocrx_word' id='word_1_105' title='bbox 564 1631 708 1701; x_wconf 89' lang='lat' dir='ltr'>ipsis</span> <span class='ocrx_word' id='word_1_106' title='bbox 740 1631 923 1688; x_wconf 87' lang='lat' dir='ltr'>celare</span> <span class='ocrx_word' id='word_1_107' title='bbox 955 1638 1196 1704; x_wconf 87' lang='lat' dir='ltr'>queant.</span> <span class='ocrx_word' id='word_1_108' title='bbox 1233 1634 1487 1690; x_wconf 88' lang='lat' dir='ltr'>Pedibus</span> <span class='ocrx_word' id='word_1_109' title='bbox 1520 1633 1906 1689; x_wconf 87' lang='lat' dir='ltr'>consimiliter</span> <span class='ocrx_word' id='word_1_110' title='bbox 1933 1639 1988 1689; x_wconf 91' lang='lat' dir='ltr'>et</span> <span class='ocrx_word' id='word_1_111' title='bbox 2022 1635 2110 1688; x_wconf 91' lang='lat' dir='ltr'>in-</span> 
     </span>
    </p>
   </div>
   <div class='ocr_carea' id='block_1_17' title="bbox 469 1720 2114 1794">
    <p class='ocr_par' dir='ltr' id='par_1_17' title="bbox 469 1720 2114 1794">
     <span class='ocr_line' id='line_1_17' title="bbox 469 1720 2114 1794; baseline 0.003 -19"><span class='ocrx_word' id='word_1_112' title='bbox 469 1736 662 1789; x_wconf 82' lang='lat' dir='ltr'>cessu,</span> <span class='ocrx_word' id='word_1_113' title='bbox 711 1720 904 1776; x_wconf 89' lang='lat' dir='ltr'>venire</span> <span class='ocrx_word' id='word_1_114' title='bbox 949 1728 1275 1793; x_wconf 66' lang='lat' dir='ltr'>praestoque</span> <span class='ocrx_word' id='word_1_115' title='bbox 1325 1723 1527 1778; x_wconf 89' lang='lat' dir='ltr'>adesse</span> <span class='ocrx_word' id='word_1_116' title='bbox 1572 1724 1989 1794; x_wconf 81' lang='lat' dir='ltr'>signiﬁcamus,</span> <span class='ocrx_word' id='word_1_117' title='bbox 2040 1724 2114 1780; x_wconf 87' lang='lat' dir='ltr'>ad</span> 
     </span>
    </p>
   </div>
   <div class='ocr_carea' id='block_1_18' title="bbox 469 1809 2112 1889">
    <p class='ocr_par' dir='ltr' id='par_1_18' title="bbox 469 1809 2112 1889">
     <span class='ocr_line' id='line_1_18' title="bbox 469 1809 2112 1889; baseline 0.001 -23"><span class='ocrx_word' id='word_1_118' title='bbox 469 1826 635 1880; x_wconf 91' lang='lat' dir='ltr'>opem</span> <span class='ocrx_word' id='word_1_119' title='bbox 669 1809 1034 1882; x_wconf 89' lang='lat' dir='ltr'>supplicibus</span> <span class='ocrx_word' id='word_1_120' title='bbox 1069 1812 1386 1882; x_wconf 81' lang='lat' dir='ltr'>ferendam,</span> <span class='ocrx_word' id='word_1_121' title='bbox 1418 1813 1504 1868; x_wconf 89' lang='lat' dir='ltr'>vel</span> <span class='ocrx_word' id='word_1_122' title='bbox 1536 1812 1734 1869; x_wconf 90' lang='lat' dir='ltr'>hostes</span> <span class='ocrx_word' id='word_1_123' title='bbox 1766 1814 2112 1889; x_wconf 79' lang='lat' dir='ltr'>propulsan-</span> 
     </span>
    </p>
   </div>
   <div class='ocr_carea' id='block_1_19' title="bbox 471 1897 2192 1992">
    <p class='ocr_par' dir='ltr' id='par_1_19' title="bbox 471 1897 2192 1992">
     <span class='ocr_line' id='line_1_19' title="bbox 471 1897 2192 1992; baseline 0.003 -40"><span class='ocrx_word' id='word_1_124' title='bbox 471 1898 716 1992; x_wconf 39' lang='lat' dir='ltr'>dos,-vel</span> <span class='ocrx_word' id='word_1_125' title='bbox 749 1897 907 1992; x_wconf 73' lang='lat' dir='ltr'>aliud</span> <span class='ocrx_word' id='word_1_126' title='bbox 941 1901 1168 1971; x_wconf 87' lang='lat' dir='ltr'>quidvis</span> <span class='ocrx_word' id='word_1_127' title='bbox 1209 1901 1396 1992; x_wconf 86' lang='lat' dir='ltr'>simile</span> <span class='ocrx_word' id='word_1_128' title='bbox 1435 1903 1748 1992; x_wconf 82' lang='lat' dir='ltr'>agendum,</span> <span class='ocrx_word' id='word_1_129' title='bbox 1810 1907 2113 1992; x_wconf 83' lang='lat' dir='ltr'>propterea</span> <span class='ocrx_word' id='word_1_130' title='bbox 2143 1928 2192 1992; x_wconf 82' lang='lat' dir='ltr'><strong>B</strong></span> 
     </span>
    </p>
   </div>
   <div class='ocr_carea' id='block_1_20' title="bbox 471 1986 2112 2062">
    <p class='ocr_par' dir='ltr' id='par_1_20' title="bbox 471 1986 2112 2062">
     <span class='ocr_line' id='line_1_20' title="bbox 471 1986 2112 2062; baseline 0.002 -22"><span class='ocrx_word' id='word_1_131' title='bbox 471 1986 626 2058; x_wconf 91' lang='lat' dir='ltr'>quod</span> <span class='ocrx_word' id='word_1_132' title='bbox 658 1988 905 2058; x_wconf 91' lang='lat' dir='ltr'>pedibus</span> <span class='ocrx_word' id='word_1_133' title='bbox 949 2006 1014 2044; x_wconf 92' lang='lat' dir='ltr'>eo</span> <span class='ocrx_word' id='word_1_134' title='bbox 1067 1991 1364 2060; x_wconf 88' lang='lat' dir='ltr'>pervenire</span> <span class='ocrx_word' id='word_1_135' title='bbox 1411 1990 1724 2057; x_wconf 88' lang='lat' dir='ltr'>soleamus,</span> <span class='ocrx_word' id='word_1_136' title='bbox 1773 2007 1886 2062; x_wconf 89' lang='lat' dir='ltr'>quo</span> <span class='ocrx_word' id='word_1_137' title='bbox 1936 1990 2112 2046; x_wconf 84' lang='lat' dir='ltr'>desti-</span> 
     </span>
    </p>
   </div>
   <div class='ocr_carea' id='block_1_21' title="bbox 468 2076 2113 2151">
    <p class='ocr_par' dir='ltr' id='par_1_21' title="bbox 468 2076 2113 2151">
     <span class='ocr_line' id='line_1_21' title="bbox 468 2076 2113 2151; baseline 0.002 -20"><span class='ocrx_word' id='word_1_138' title='bbox 468 2076 759 2132; x_wconf 89' lang='lat' dir='ltr'>navimus.</span> <span class='ocrx_word' id='word_1_139' title='bbox 794 2078 1182 2149; x_wconf 86' lang='lat' dir='ltr'>Jurejurando</span> <span class='ocrx_word' id='word_1_140' title='bbox 1213 2079 1415 2134; x_wconf 87' lang='lat' dir='ltr'>itidem</span> <span class='ocrx_word' id='word_1_141' title='bbox 1450 2097 1626 2151; x_wconf 90' lang='lat' dir='ltr'>quam</span> <span class='ocrx_word' id='word_1_142' title='bbox 1677 2080 1847 2134; x_wconf 82' lang='lat' dir='ltr'>firma</span> <span class='ocrx_word' id='word_1_143' title='bbox 1898 2079 1972 2135; x_wconf 87' lang='lat' dir='ltr'>sit</span> <span class='ocrx_word' id='word_1_144' title='bbox 2015 2097 2113 2136; x_wconf 88' lang='lat' dir='ltr'>vo-</span> 
     </span>
    </p>
   </div>
   <div class='ocr_carea' id='block_1_22' title="bbox 469 2163 2114 2240">
    <p class='ocr_par' dir='ltr' id='par_1_22' title="bbox 469 2163 2114 2240">
     <span class='ocr_line' id='line_1_22' title="bbox 469 2163 2114 2240; baseline 0.003 -20"><span class='ocrx_word' id='word_1_145' title='bbox 469 2163 671 2221; x_wconf 88' lang='lat' dir='ltr'>luntas</span> <span class='ocrx_word' id='word_1_146' title='bbox 719 2166 912 2222; x_wconf 90' lang='lat' dir='ltr'>divina</span> <span class='ocrx_word' id='word_1_147' title='bbox 969 2168 1314 2236; x_wconf 87' lang='lat' dir='ltr'>ostenditur,</span> <span class='ocrx_word' id='word_1_148' title='bbox 1362 2185 1468 2224; x_wconf 91' lang='lat' dir='ltr'>nos</span> <span class='ocrx_word' id='word_1_149' title='bbox 1517 2169 1672 2223; x_wconf 90' lang='lat' dir='ltr'>enim</span> <span class='ocrx_word' id='word_1_150' title='bbox 1721 2169 2114 2240; x_wconf 85' lang='lat' dir='ltr'>jurisjurandi</span> 
     </span>
    </p>
   </div>
   <div class='ocr_carea' id='block_1_23' title="bbox 475 2253 2115 2326">
    <p class='ocr_par' dir='ltr' id='par_1_23' title="bbox 475 2253 2115 2326">
     <span class='ocr_line' id='line_1_23' title="bbox 475 2253 2115 2326; baseline 0.004 -17"><span class='ocrx_word' id='word_1_151' title='bbox 475 2253 757 2326; x_wconf 84' lang='lat' dir='ltr'>religione</span> <span class='ocrx_word' id='word_1_152' title='bbox 789 2256 1013 2312; x_wconf 91' lang='lat' dir='ltr'>mutuis</span> <span class='ocrx_word' id='word_1_153' title='bbox 1044 2258 1524 2313; x_wconf 88' lang='lat' dir='ltr'>conventionibus</span> <span class='ocrx_word' id='word_1_154' title='bbox 1571 2259 1786 2314; x_wconf 88' lang='lat' dir='ltr'>nostris</span> <span class='ocrx_word' id='word_1_155' title='bbox 1834 2259 2012 2314; x_wconf 92' lang='lat' dir='ltr'>robur</span> <span class='ocrx_word' id='word_1_156' title='bbox 2057 2264 2115 2315; x_wconf 87' lang='lat' dir='ltr'>et</span> 
     </span>
    </p>
   </div>
   <div class='ocr_carea' id='block_1_24' title="bbox 472 2344 2112 2414">
    <p class='ocr_par' dir='ltr' id='par_1_24' title="bbox 472 2344 2112 2414">
     <span class='ocr_line' id='line_1_24' title="bbox 472 2344 2112 2414; baseline 0.003 -15"><span class='ocrx_word' id='word_1_157' title='bbox 472 2344 704 2414; x_wconf 89' lang='lat' dir='ltr'>pondus</span> <span class='ocrx_word' id='word_1_158' title='bbox 736 2345 947 2400; x_wconf 91' lang='lat' dir='ltr'>addere</span> <span class='ocrx_word' id='word_1_159' title='bbox 978 2346 1410 2401; x_wconf 88' lang='lat' dir='ltr'>consuevimus.</span> <span class='ocrx_word' id='word_1_160' title='bbox 1444 2348 1724 2402; x_wconf 66' lang='lat' dir='ltr'>Caeterum</span> <span class='ocrx_word' id='word_1_161' title='bbox 1752 2347 1851 2403; x_wconf 75' lang='lat' dir='ltr'>irae</span> <span class='ocrx_word' id='word_1_162' title='bbox 1872 2348 2112 2404; x_wconf 89' lang='lat' dir='ltr'>furoris-</span> 
     </span>
    </p>
   </div>
   <div class='ocr_carea' id='block_1_25' title="bbox 472 2433 2111 2508">
    <p class='ocr_par' dir='ltr' id='par_1_25' title="bbox 472 2433 2111 2508">
     <span class='ocr_line' id='line_1_25' title="bbox 472 2433 2111 2508; baseline 0.004 -20"><span class='ocrx_word' id='word_1_163' title='bbox 472 2449 587 2504; x_wconf 91' lang='lat' dir='ltr'>que</span> <span class='ocrx_word' id='word_1_164' title='bbox 617 2433 854 2489; x_wconf 89' lang='lat' dir='ltr'>nomine</span> <span class='ocrx_word' id='word_1_165' title='bbox 885 2434 1286 2506; x_wconf 83' lang='lat' dir='ltr'>signiﬁcamus</span> <span class='ocrx_word' id='word_1_166' title='bbox 1310 2441 1528 2507; x_wconf 90' lang='lat' dir='ltr'>quanto</span> <span class='ocrx_word' id='word_1_167' title='bbox 1557 2435 1710 2493; x_wconf 90' lang='lat' dir='ltr'>Deus</span> <span class='ocrx_word' id='word_1_168' title='bbox 1733 2437 1864 2493; x_wconf 90' lang='lat' dir='ltr'>odio</span> <span class='ocrx_word' id='word_1_169' title='bbox 1881 2437 2111 2508; x_wconf 87' lang='lat' dir='ltr'>habeat,</span> 
     </span>
    </p>
   </div>
   <div class='ocr_carea' id='block_1_26' title="bbox 470 2527 2110 2602">
    <p class='ocr_par' dir='ltr' id='par_1_26' title="bbox 470 2527 2110 2602">
     <span class='ocr_line' id='line_1_26' title="bbox 470 2527 2110 2602; baseline 0.004 -23"><span class='ocrx_word' id='word_1_170' title='bbox 470 2529 875 2598; x_wconf 88' lang='lat' dir='ltr'>quantumque</span> <span class='ocrx_word' id='word_1_171' title='bbox 910 2532 1204 2582; x_wconf 89' lang='lat' dir='ltr'>aversetur</span> <span class='ocrx_word' id='word_1_172' title='bbox 1235 2527 1460 2583; x_wconf 77' lang='lat' dir='ltr'>vitium.</span> <span class='ocrx_word' id='word_1_173' title='bbox 1495 2528 1608 2583; x_wconf 88' lang='lat' dir='ltr'>Nos</span> <span class='ocrx_word' id='word_1_174' title='bbox 1648 2528 1826 2598; x_wconf 86' lang='lat' dir='ltr'>enim,</span> <span class='ocrx_word' id='word_1_175' title='bbox 1873 2529 1921 2584; x_wconf 92' lang='lat' dir='ltr'>si</span> <span class='ocrx_word' id='word_1_176' title='bbox 1968 2531 2110 2602; x_wconf 91' lang='lat' dir='ltr'>quid</span> 
     </span>
    </p>
   </div>
   <div class='ocr_carea' id='block_1_27' title="bbox 468 2615 2112 2688">
    <p class='ocr_par' dir='ltr' id='par_1_27' title="bbox 468 2615 2112 2688">
     <span class='ocr_line' id='line_1_27' title="bbox 468 2615 2112 2688; baseline 0.003 -21"><span class='ocrx_word' id='word_1_177' title='bbox 468 2618 668 2669; x_wconf 88' lang='lat' dir='ltr'>contra</span> <span class='ocrx_word' id='word_1_178' title='bbox 699 2615 822 2682; x_wconf 86' lang='lat' dir='ltr'>fiat,</span> <span class='ocrx_word' id='word_1_179' title='bbox 855 2632 1028 2687; x_wconf 89' lang='lat' dir='ltr'>quam</span> <span class='ocrx_word' id='word_1_180' title='bbox 1063 2615 1232 2672; x_wconf 87' lang='lat' dir='ltr'>nobis</span> <span class='ocrx_word' id='word_1_181' title='bbox 1264 2617 1543 2684; x_wconf 88' lang='lat' dir='ltr'>videatur,</span> <span class='ocrx_word' id='word_1_182' title='bbox 1577 2617 1866 2688; x_wconf 89' lang='lat' dir='ltr'>indignari</span> <span class='ocrx_word' id='word_1_183' title='bbox 1899 2622 1953 2673; x_wconf 89' lang='lat' dir='ltr'>et</span> <span class='ocrx_word' id='word_1_184' title='bbox 1973 2634 2112 2674; x_wconf 91' lang='lat' dir='ltr'>suc-</span> 
     </span>
    </p>
   </div>
   <div class='ocr_carea' id='block_1_28' title="bbox 461 2703 2109 2779">
    <p class='ocr_par' dir='ltr' id='par_1_28' title="bbox 461 2703 2109 2779">
     <span class='ocr_line' id='line_1_28' title="bbox 461 2703 2109 2779; baseline 0.002 -20"><span class='ocrx_word' id='word_1_185' title='bbox 461 2719 698 2760; x_wconf 87' lang='lat' dir='ltr'>censere</span> <span class='ocrx_word' id='word_1_186' title='bbox 751 2703 1030 2760; x_wconf 88' lang='lat' dir='ltr'>solemus.</span> <span class='ocrx_word' id='word_1_187' title='bbox 1092 2706 1199 2761; x_wconf 91' lang='lat' dir='ltr'>Per</span> <span class='ocrx_word' id='word_1_188' title='bbox 1260 2705 1608 2762; x_wconf 80' lang='lat' dir='ltr'>oblivionem</span> <span class='ocrx_word' id='word_1_189' title='bbox 1676 2707 1949 2779; x_wconf 89' lang='lat' dir='ltr'>denique,</span> <span class='ocrx_word' id='word_1_190' title='bbox 2008 2725 2109 2778; x_wconf 90' lang='lat' dir='ltr'>per</span> 
     </span>
    </p>
   </div>
   <div class='ocr_carea' id='block_1_29' title="bbox 457 2795 2108 2869">
    <p class='ocr_par' dir='ltr' id='par_1_29' title="bbox 457 2795 2108 2869">
     <span class='ocr_line' id='line_1_29' title="bbox 457 2795 2108 2869; baseline 0.003 -21"><span class='ocrx_word' id='word_1_191' title='bbox 457 2810 750 2862; x_wconf 88' lang='lat' dir='ltr'>somnum,</span> <span class='ocrx_word' id='word_1_192' title='bbox 786 2799 844 2850; x_wconf 88' lang='lat' dir='ltr'>at</span> <span class='ocrx_word' id='word_1_193' title='bbox 889 2811 990 2866; x_wconf 93' lang='lat' dir='ltr'>per</span> <span class='ocrx_word' id='word_1_194' title='bbox 1037 2795 1528 2863; x_wconf 87' lang='lat' dir='ltr'>dormitationem,</span> <span class='ocrx_word' id='word_1_195' title='bbox 1578 2796 1782 2852; x_wconf 88' lang='lat' dir='ltr'>dilatio</span> <span class='ocrx_word' id='word_1_196' title='bbox 1831 2802 2108 2869; x_wconf 91' lang='lat' dir='ltr'>repetun-</span> 
     </span>
    </p>
   </div>
   <div class='ocr_carea' id='block_1_30' title="bbox 456 2882 2108 2959">
    <p class='ocr_par' dir='ltr' id='par_1_30' title="bbox 456 2882 2108 2959">
     <span class='ocr_line' id='line_1_30' title="bbox 456 2882 2108 2959; baseline 0.002 -20"><span class='ocrx_word' id='word_1_197' title='bbox 456 2882 663 2940; x_wconf 86' lang='lat' dir='ltr'>darum</span> <span class='ocrx_word' id='word_1_198' title='bbox 699 2886 769 2941; x_wconf 94' lang='lat' dir='ltr'>de</span> <span class='ocrx_word' id='word_1_199' title='bbox 800 2886 966 2942; x_wconf 90' lang='lat' dir='ltr'>hoste</span> <span class='ocrx_word' id='word_1_200' title='bbox 997 2904 1300 2958; x_wconf 80' lang='lat' dir='ltr'>poenarum</span> <span class='ocrx_word' id='word_1_201' title='bbox 1333 2891 1389 2943; x_wconf 91' lang='lat' dir='ltr'>et</span> <span class='ocrx_word' id='word_1_202' title='bbox 1427 2888 1963 2959; x_wconf 85' lang='lat' dir='ltr'>comperendinatio</span> <span class='ocrx_word' id='word_1_203' title='bbox 2015 2889 2108 2943; x_wconf 91' lang='lat' dir='ltr'>in-</span> 
     </span>
    </p>
   </div>
   <div class='ocr_carea' id='block_1_31' title="bbox 455 2973 2108 3047">
    <p class='ocr_par' dir='ltr' id='par_1_31' title="bbox 455 2973 2108 3047">
     <span class='ocr_line' id='line_1_31' title="bbox 455 2973 2108 3047; baseline 0.004 -20"><span class='ocrx_word' id='word_1_204' title='bbox 455 2973 754 3045; x_wconf 84' lang='lat' dir='ltr'>telligitur,</span> <span class='ocrx_word' id='word_1_205' title='bbox 789 2975 1062 3047; x_wconf 89' lang='lat' dir='ltr'>solitique</span> <span class='ocrx_word' id='word_1_206' title='bbox 1106 2976 1303 3031; x_wconf 84' lang='lat' dir='ltr'>auxilii</span> <span class='ocrx_word' id='word_1_207' title='bbox 1359 2977 1741 3032; x_wconf 79' lang='lat' dir='ltr'>familiaribus</span> <span class='ocrx_word' id='word_1_208' title='bbox 1788 2977 2003 3034; x_wconf 86' lang='lat' dir='ltr'>nostris</span> <span class='ocrx_word' id='word_1_209' title='bbox 2051 2981 2108 3033; x_wconf 88' lang='lat' dir='ltr'>et</span> 
     </span>
    </p>
   </div>
   <div class='ocr_carea' id='block_1_32' title="bbox 461 3063 2103 3135">
    <p class='ocr_par' dir='ltr' id='par_1_32' title="bbox 461 3063 2103 3135">
     <span class='ocr_line' id='line_1_32' title="bbox 461 3063 2103 3135; baseline 0.001 -17"><span class='ocrx_word' id='word_1_210' title='bbox 461 3063 668 3119; x_wconf 87' lang='lat' dir='ltr'>amicis</span> <span class='ocrx_word' id='word_1_211' title='bbox 701 3065 1014 3130; x_wconf 82' lang='lat' dir='ltr'>praestandi</span> <span class='ocrx_word' id='word_1_212' title='bbox 1050 3065 1514 3135; x_wconf 81' lang='lat' dir='ltr'>procrastinatio.</span> <span class='ocrx_word' id='word_1_213' title='bbox 1539 3064 1612 3120; x_wconf 88' lang='lat' dir='ltr'>Ut</span> <span class='ocrx_word' id='word_1_214' title='bbox 1643 3066 1820 3122; x_wconf 90' lang='lat' dir='ltr'>simul</span> <span class='ocrx_word' id='word_1_215' title='bbox 1843 3070 1900 3122; x_wconf 89' lang='lat' dir='ltr'>et</span> <span class='ocrx_word' id='word_1_216' title='bbox 1922 3065 2103 3122; x_wconf 90' lang='lat' dir='ltr'>semel</span> 
     </span>
    </p>
   </div>
   <div class='ocr_carea' id='block_1_33' title="bbox 458 3151 2105 3225">
    <p class='ocr_par' dir='ltr' id='par_1_33' title="bbox 458 3151 2105 3225">
     <span class='ocr_line' id='line_1_33' title="bbox 458 3151 2105 3225; baseline 0.001 -17"><span class='ocrx_word' id='word_1_217' title='bbox 458 3151 829 3218; x_wconf 88' lang='lat' dir='ltr'>concludam,</span> <span class='ocrx_word' id='word_1_218' title='bbox 883 3153 1185 3224; x_wconf 86' lang='lat' dir='ltr'>multaque</span> <span class='ocrx_word' id='word_1_219' title='bbox 1234 3154 1435 3224; x_wconf 90' lang='lat' dir='ltr'>paucis</span> <span class='ocrx_word' id='word_1_220' title='bbox 1483 3155 1876 3225; x_wconf 83' lang='lat' dir='ltr'>complectar;</span> <span class='ocrx_word' id='word_1_221' title='bbox 1928 3156 1984 3210; x_wconf 90' lang='lat' dir='ltr'>in</span> <span class='ocrx_word' id='word_1_222' title='bbox 2034 3155 2105 3210; x_wconf 90' lang='lat' dir='ltr'>iis</span> 
     </span>
    </p>
   </div>
   <div class='ocr_carea' id='block_1_34' title="bbox 457 3239 2187 3351">
    <p class='ocr_par' dir='ltr' id='par_1_34' title="bbox 457 3239 2187 3351">
     <span class='ocr_line' id='line_1_34' title="bbox 457 3239 2187 3351; baseline 0.001 -55"><span class='ocrx_word' id='word_1_223' title='bbox 457 3239 734 3296; x_wconf 87' lang='lat' dir='ltr'>Omnibus</span> <span class='ocrx_word' id='word_1_224' title='bbox 761 3256 887 3309; x_wconf 74' lang='lat' dir='ltr'>quae</span> <span class='ocrx_word' id='word_1_225' title='bbox 919 3241 1298 3312; x_wconf 86' lang='lat' dir='ltr'>corporaliter</span> <span class='ocrx_word' id='word_1_226' title='bbox 1326 3243 1394 3296; x_wconf 91' lang='lat' dir='ltr'>de</span> <span class='ocrx_word' id='word_1_227' title='bbox 1435 3243 1550 3298; x_wconf 92' lang='lat' dir='ltr'>Deo</span> <span class='ocrx_word' id='word_1_228' title='bbox 1598 3244 1891 3312; x_wconf 87' lang='lat' dir='ltr'>dicuntur,</span> <span class='ocrx_word' id='word_1_229' title='bbox 1943 3260 2102 3298; x_wconf 84' lang='lat' dir='ltr'>arca-</span> <span class='ocrx_word' id='word_1_230' title='bbox 2145 3283 2187 3351; x_wconf 65' lang='grc' dir='ltr'><strong>Ο</strong></span> 
     </span>
     <span class='ocr_line' id='line_1_35' title="bbox 457 3326 2098 3351; baseline 0 0"><span class='ocrx_word' id='word_1_231' title='bbox 457 3340 565 3351; x_wconf 72' lang='grc' dir='ltr'>..ι---</span> <span class='ocrx_word' id='word_1_232' title='bbox 601 3326 832 3351; x_wconf 57' lang='grc' dir='ltr'>’.ηελλ-..-</span> <span class='ocrx_word' id='word_1_233' title='bbox 871 3343 1079 3351; x_wconf 66' lang='grc' dir='ltr'>,ιιι-...η-</span> <span class='ocrx_word' id='word_1_234' title='bbox 1125 3329 1404 3351; x_wconf 73' lang='lat' dir='ltr'>J_I:|-_-!L</span> <span class='ocrx_word' id='word_1_235' title='bbox 1467 3331 1558 3351; x_wconf 62' lang='lat'>..-_.&#39;</span> <span class='ocrx_word' id='word_1_236' title='bbox 1594 3347 1778 3351; x_wconf 65' lang='lat'>__-______</span> <span class='ocrx_word' id='word_1_237' title='bbox 1821 3334 1970 3351; x_wconf 56' lang='lat'>:,_1-_</span> <span class='ocrx_word' id='word_1_238' title='bbox 1997 3349 2020 3351; x_wconf 39' lang='grc' dir='ltr'><em>Α</em></span> <span class='ocrx_word' id='word_1_239' title='bbox 2047 3349 2098 3351; x_wconf 81' lang='lat'><em>__</em></span> 
     </span>
    </p>
   </div>
   <div class='ocr_carea' id='block_1_35' title="bbox 454 3326 2103 3400">
    <p class='ocr_par' dir='ltr' id='par_1_35' title="bbox 454 3326 2103 3400">
     <span class='ocr_line' id='line_1_36' title="bbox 454 3326 2103 3400; baseline 0.005 -22"><span class='ocrx_word' id='word_1_240' title='bbox 454 3340 567 3380; x_wconf 91' lang='lat' dir='ltr'>nus</span> <span class='ocrx_word' id='word_1_241' title='bbox 599 3326 836 3396; x_wconf 90' lang='lat' dir='ltr'>quidam</span> <span class='ocrx_word' id='word_1_242' title='bbox 870 3343 1081 3382; x_wconf 87' lang='lat' dir='ltr'>sensus</span> <span class='ocrx_word' id='word_1_243' title='bbox 1121 3329 1428 3400; x_wconf 84' lang='lat' dir='ltr'>delitescit,</span> <span class='ocrx_word' id='word_1_244' title='bbox 1460 3331 1561 3400; x_wconf 90' lang='lat' dir='ltr'>qui</span> <span class='ocrx_word' id='word_1_245' title='bbox 1593 3347 1786 3386; x_wconf 91' lang='lat' dir='ltr'>rerum</span> <span class='ocrx_word' id='word_1_246' title='bbox 1821 3334 1974 3387; x_wconf 89' lang='lat' dir='ltr'>inter</span> <span class='ocrx_word' id='word_1_247' title='bbox 1996 3349 2103 3388; x_wconf 93' lang='lat' dir='ltr'>nos</span> 
     </span>
    </p>
   </div>
   <div class='ocr_carea' id='block_1_36' title="bbox 454 3412 2094 3490">
    <p class='ocr_par' dir='ltr' id='par_1_36' title="bbox 454 3412 2094 3490">
     <span class='ocr_line' id='line_1_37' title="bbox 454 3412 2094 3490; baseline 0.005 -24"><span class='ocrx_word' id='word_1_248' title='bbox 454 3412 804 3469; x_wconf 85' lang='lat' dir='ltr'>usitatarum</span> <span class='ocrx_word' id='word_1_249' title='bbox 837 3415 1075 3470; x_wconf 89' lang='lat' dir='ltr'>obtentu</span> <span class='ocrx_word' id='word_1_250' title='bbox 1108 3433 1174 3471; x_wconf 87' lang='lat' dir='ltr'>ea</span> <span class='ocrx_word' id='word_1_251' title='bbox 1207 3433 1335 3487; x_wconf 64' lang='lat' dir='ltr'>quae</span> <span class='ocrx_word' id='word_1_252' title='bbox 1367 3435 1546 3490; x_wconf 88' lang='lat' dir='ltr'>supra</span> <span class='ocrx_word' id='word_1_253' title='bbox 1569 3435 1674 3474; x_wconf 92' lang='lat' dir='ltr'>nos</span> <span class='ocrx_word' id='word_1_254' title='bbox 1705 3424 1842 3474; x_wconf 90' lang='lat' dir='ltr'>sunt</span> <span class='ocrx_word' id='word_1_255' title='bbox 1874 3421 2094 3490; x_wconf 91' lang='lat' dir='ltr'>edocet,</span> 
     </span>
    </p>
   </div>
   <div class='ocr_carea' id='block_1_37' title="bbox 457 3502 2106 3577">
    <p class='ocr_par' dir='ltr' id='par_1_37' title="bbox 457 3502 2106 3577">
     <span class='ocr_line' id='line_1_38' title="bbox 457 3502 2106 3577; baseline 0.004 -19"><span class='ocrx_word' id='word_1_256' title='bbox 457 3502 570 3558; x_wconf 89' lang='lat' dir='ltr'>nisi</span> <span class='ocrx_word' id='word_1_257' title='bbox 603 3503 748 3559; x_wconf 88' lang='lat' dir='ltr'>forte</span> <span class='ocrx_word' id='word_1_258' title='bbox 782 3505 921 3575; x_wconf 89' lang='lat' dir='ltr'>quid</span> <span class='ocrx_word' id='word_1_259' title='bbox 954 3507 1020 3561; x_wconf 93' lang='lat' dir='ltr'>de</span> <span class='ocrx_word' id='word_1_260' title='bbox 1050 3505 1335 3577; x_wconf 89' lang='lat' dir='ltr'>corporali</span> <span class='ocrx_word' id='word_1_261' title='bbox 1369 3507 1534 3563; x_wconf 88' lang='lat' dir='ltr'>Verbi</span> <span class='ocrx_word' id='word_1_262' title='bbox 1569 3509 1662 3563; x_wconf 90' lang='lat' dir='ltr'>Dei</span> <span class='ocrx_word' id='word_1_263' title='bbox 1717 3509 1968 3564; x_wconf 89' lang='lat' dir='ltr'>adventu</span> <span class='ocrx_word' id='word_1_264' title='bbox 2015 3509 2106 3565; x_wconf 94' lang='lat' dir='ltr'>di-</span> 
     </span>
    </p>
   </div>
   <div class='ocr_carea' id='block_1_38' title="bbox 461 3593 2105 3667">
    <p class='ocr_par' dir='ltr' id='par_1_38' title="bbox 461 3593 2105 3667">
     <span class='ocr_line' id='line_1_39' title="bbox 461 3593 2105 3667; baseline 0.004 -18"><span class='ocrx_word' id='word_1_265' title='bbox 461 3598 616 3649; x_wconf 90' lang='lat' dir='ltr'>ctum</span> <span class='ocrx_word' id='word_1_266' title='bbox 644 3593 739 3650; x_wconf 89' lang='lat' dir='ltr'>sit.</span> <span class='ocrx_word' id='word_1_267' title='bbox 774 3594 828 3650; x_wconf 89' lang='lat' dir='ltr'>Is</span> <span class='ocrx_word' id='word_1_268' title='bbox 859 3595 1014 3650; x_wconf 90' lang='lat' dir='ltr'>enim</span> <span class='ocrx_word' id='word_1_269' title='bbox 1048 3601 1236 3652; x_wconf 91' lang='lat' dir='ltr'>totum</span> <span class='ocrx_word' id='word_1_270' title='bbox 1270 3597 1566 3653; x_wconf 87' lang='lat' dir='ltr'>hominem</span> <span class='ocrx_word' id='word_1_271' title='bbox 1591 3599 1802 3667; x_wconf 89' lang='lat' dir='ltr'>induit,</span> <span class='ocrx_word' id='word_1_272' title='bbox 1829 3604 1893 3654; x_wconf 91' lang='lat' dir='ltr'>ut</span> <span class='ocrx_word' id='word_1_273' title='bbox 1912 3598 2105 3656; x_wconf 87' lang='lat' dir='ltr'>salvos</span> 
     </span>
    </p>
   </div>
   <div class='ocr_carea' id='block_1_39' title="bbox 461 3684 2101 3763">
    <p class='ocr_par' dir='ltr' id='par_1_39' title="bbox 461 3684 2101 3763">
     <span class='ocr_line' id='line_1_40' title="bbox 461 3684 2101 3763; baseline 0.005 -25"><span class='ocrx_word' id='word_1_274' title='bbox 461 3700 568 3740; x_wconf 89' lang='lat' dir='ltr'>nos</span> <span class='ocrx_word' id='word_1_275' title='bbox 602 3684 834 3750; x_wconf 82' lang='lat' dir='ltr'>faceret,</span> <span class='ocrx_word' id='word_1_276' title='bbox 867 3685 975 3741; x_wconf 91' lang='lat' dir='ltr'>hoc</span> <span class='ocrx_word' id='word_1_277' title='bbox 997 3691 1086 3741; x_wconf 91' lang='lat' dir='ltr'>est</span> <span class='ocrx_word' id='word_1_278' title='bbox 1109 3687 1364 3742; x_wconf 87' lang='lat' dir='ltr'>animam</span> <span class='ocrx_word' id='word_1_279' title='bbox 1391 3686 1720 3744; x_wconf 85' lang='lat' dir='ltr'>intellectus</span> <span class='ocrx_word' id='word_1_280' title='bbox 1743 3689 2101 3763; x_wconf 84' lang='lat' dir='ltr'>participem.</span> 
     </span>
    </p>
   </div>
   <div class='ocr_carea' id='block_1_40' title="bbox 460 3774 2103 3851">
    <p class='ocr_par' dir='ltr' id='par_1_40' title="bbox 460 3774 2103 3851">
     <span class='ocr_line' id='line_1_41' title="bbox 460 3774 2103 3851; baseline 0.004 -23"><span class='ocrx_word' id='word_1_281' title='bbox 460 3777 518 3828; x_wconf 88' lang='lat' dir='ltr'>et</span> <span class='ocrx_word' id='word_1_282' title='bbox 545 3787 777 3844; x_wconf 90' lang='lat' dir='ltr'>corpus,</span> <span class='ocrx_word' id='word_1_283' title='bbox 811 3790 928 3830; x_wconf 88' lang='lat' dir='ltr'>una</span> <span class='ocrx_word' id='word_1_284' title='bbox 958 3791 1086 3830; x_wconf 89' lang='lat' dir='ltr'>cum</span> <span class='ocrx_word' id='word_1_285' title='bbox 1121 3774 1192 3830; x_wconf 90' lang='lat' dir='ltr'>iis</span> <span class='ocrx_word' id='word_1_286' title='bbox 1224 3791 1350 3847; x_wconf 74' lang='lat' dir='ltr'>quea</span> <span class='ocrx_word' id='word_1_287' title='bbox 1391 3781 1608 3832; x_wconf 74' lang='lat' dir='ltr'>naturis</span> <span class='ocrx_word' id='word_1_288' title='bbox 1654 3777 1924 3833; x_wconf 62' lang='lat' dir='ltr'>humanae</span> <span class='ocrx_word' id='word_1_289' title='bbox 1968 3796 2103 3851; x_wconf 87' lang='lat' dir='ltr'>pro-</span> 
     </span>
    </p>
   </div>
   <div class='ocr_carea' id='block_1_41' title="bbox 452 3863 2102 3941">
    <p class='ocr_par' dir='ltr' id='par_1_41' title="bbox 452 3863 2102 3941">
     <span class='ocr_line' id='line_1_42' title="bbox 452 3863 2102 3941; baseline 0.006 -26"><span class='ocrx_word' id='word_1_290' title='bbox 452 3867 580 3933; x_wconf 88' lang='lat' dir='ltr'>pria</span> <span class='ocrx_word' id='word_1_291' title='bbox 621 3867 778 3929; x_wconf 89' lang='lat' dir='ltr'>sunt,</span> <span class='ocrx_word' id='word_1_292' title='bbox 809 3863 1061 3934; x_wconf 92' lang='lat' dir='ltr'>denique</span> <span class='ocrx_word' id='word_1_293' title='bbox 1089 3863 1384 3920; x_wconf 87' lang='lat' dir='ltr'>naturales</span> <span class='ocrx_word' id='word_1_294' title='bbox 1411 3870 1467 3920; x_wconf 91' lang='lat' dir='ltr'>et</span> <span class='ocrx_word' id='word_1_295' title='bbox 1513 3865 1914 3923; x_wconf 90' lang='lat' dir='ltr'>immutabiles</span> <span class='ocrx_word' id='word_1_296' title='bbox 1969 3885 2102 3941; x_wconf 89' lang='lat' dir='ltr'>pas-</span> 
     </span>
    </p>
   </div>
   <div class='ocr_carea' id='block_1_42' title="bbox 458 3966 670 4009">
    <p class='ocr_par' dir='ltr' id='par_1_42' title="bbox 458 3966 670 4009">
     <span class='ocr_line' id='line_1_43' title="bbox 458 3966 670 4009; baseline 0.014 -3"><span class='ocrx_word' id='word_1_297' title='bbox 458 3966 670 4009; x_wconf 73' lang='lat'>8101163.</span> 
     </span>
    </p>
   </div>
   <div class='ocr_carea' id='block_1_43' title="bbox 1130 4118 1449 4175">
    <p class='ocr_par' dir='ltr' id='par_1_43' title="bbox 1130 4118 1449 4175">
     <span class='ocr_line' id='line_1_44' title="bbox 1130 4118 1449 4175; baseline 0.006 -2"><span class='ocrx_word' id='word_1_298' title='bbox 1130 4118 1284 4174; x_wconf 86' lang='lat' dir='ltr'>CAP.</span> <span class='ocrx_word' id='word_1_299' title='bbox 1327 4119 1449 4175; x_wconf 82' lang='lat' dir='ltr'>XL.</span> 
     </span>
    </p>
   </div>
   <div class='ocr_carea' id='block_1_44' title="bbox 566 4239 1992 4320">
    <p class='ocr_par' dir='ltr' id='par_1_44' title="bbox 566 4239 1992 4320">
     <span class='ocr_line' id='line_1_45' title="bbox 566 4239 1992 4320; baseline 0.006 -26"><span class='ocrx_word' id='word_1_300' title='bbox 566 4239 638 4296; x_wconf 81' lang='lat' dir='ltr'>De</span> <span class='ocrx_word' id='word_1_301' title='bbox 666 4239 899 4312; x_wconf 77' lang='lat' dir='ltr'>angelis,</span> <span class='ocrx_word' id='word_1_302' title='bbox 931 4241 1104 4296; x_wconf 73' lang='lat' dir='ltr'>altera</span> <span class='ocrx_word' id='word_1_303' title='bbox 1130 4243 1262 4299; x_wconf 79' lang='lat' dir='ltr'>libri</span> <span class='ocrx_word' id='word_1_304' title='bbox 1300 4244 1460 4314; x_wconf 76' lang='lat' dir='ltr'>huius</span> <span class='ocrx_word' id='word_1_305' title='bbox 1498 4249 1661 4318; x_wconf 80' lang='lat' dir='ltr'>parte</span> <span class='ocrx_word' id='word_1_306' title='bbox 1695 4248 1992 4320; x_wconf 69' lang='lat' dir='ltr'>praecipua.</span> 
     </span>
    </p>
   </div>
   <div class='ocr_carea' id='block_1_45' title="bbox 529 4382 2102 4457">
    <p class='ocr_par' dir='ltr' id='par_1_45' title="bbox 529 4382 2102 4457">
     <span class='ocr_line' id='line_1_46' title="bbox 529 4382 2102 4457; baseline 0.006 -20"><span class='ocrx_word' id='word_1_307' title='bbox 529 4382 674 4446; x_wconf 87' lang='lat' dir='ltr'>Quia</span> <span class='ocrx_word' id='word_1_308' title='bbox 702 4398 836 4439; x_wconf 90' lang='lat' dir='ltr'>vero</span> <span class='ocrx_word' id='word_1_309' title='bbox 868 4383 1123 4455; x_wconf 90' lang='lat' dir='ltr'>primum</span> <span class='ocrx_word' id='word_1_310' title='bbox 1154 4387 1551 4457; x_wconf 70' lang='lat' dir='ltr'>aeternumque</span> <span class='ocrx_word' id='word_1_311' title='bbox 1582 4386 1780 4443; x_wconf 88' lang='lat' dir='ltr'>lumen</span> <span class='ocrx_word' id='word_1_312' title='bbox 1817 4389 1966 4445; x_wconf 88' lang='lat' dir='ltr'>Deus</span> <span class='ocrx_word' id='word_1_313' title='bbox 2009 4390 2102 4445; x_wconf 88' lang='lat' dir='ltr'>di-</span> 
     </span>
    </p>
   </div>
   <div class='ocr_carea' id='block_1_46' title="bbox 454 4472 2102 4549">
    <p class='ocr_par' dir='ltr' id='par_1_46' title="bbox 454 4472 2102 4549">
     <span class='ocr_line' id='line_1_47' title="bbox 454 4472 2102 4549; baseline 0.005 -23"><span class='ocrx_word' id='word_1_314' title='bbox 454 4472 625 4541; x_wconf 90' lang='lat' dir='ltr'>citur,</span> <span class='ocrx_word' id='word_1_315' title='bbox 678 4474 1000 4530; x_wconf 88' lang='lat' dir='ltr'>secundum</span> <span class='ocrx_word' id='word_1_316' title='bbox 1057 4482 1273 4541; x_wconf 88' lang='lat' dir='ltr'>autem,</span> <span class='ocrx_word' id='word_1_317' title='bbox 1324 4476 1558 4532; x_wconf 89' lang='lat' dir='ltr'>ordines</span> <span class='ocrx_word' id='word_1_318' title='bbox 1617 4476 1958 4549; x_wconf 85' lang='lat' dir='ltr'>angelorum</span> <span class='ocrx_word' id='word_1_319' title='bbox 2009 4479 2102 4534; x_wconf 92' lang='lat' dir='ltr'>in-</span> 
     </span>
    </p>
   </div>
   <div class='ocr_carea' id='block_1_47' title="bbox 451 4561 2102 4636">
    <p class='ocr_par' dir='ltr' id='par_1_47' title="bbox 451 4561 2102 4636">
     <span class='ocr_line' id='line_1_48' title="bbox 451 4561 2102 4636; baseline 0.003 -18"><span class='ocrx_word' id='word_1_320' title='bbox 451 4561 678 4618; x_wconf 86' lang='lat' dir='ltr'>tellectu</span> <span class='ocrx_word' id='word_1_321' title='bbox 738 4563 987 4636; x_wconf 67' lang='lat' dir='ltr'>praediti,</span> <span class='ocrx_word' id='word_1_322' title='bbox 1047 4565 1118 4620; x_wconf 91' lang='lat' dir='ltr'>de</span> <span class='ocrx_word' id='word_1_323' title='bbox 1175 4565 1246 4619; x_wconf 89' lang='lat' dir='ltr'>iis</span> <span class='ocrx_word' id='word_1_324' title='bbox 1303 4581 1537 4635; x_wconf 90' lang='lat' dir='ltr'>quoque</span> <span class='ocrx_word' id='word_1_325' title='bbox 1589 4581 1770 4636; x_wconf 88' lang='lat' dir='ltr'>pauca</span> <span class='ocrx_word' id='word_1_326' title='bbox 1843 4567 2102 4623; x_wconf 89' lang='lat' dir='ltr'>dicenda</span> 
     </span>
    </p>
   </div>
   <div class='ocr_carea' id='block_1_48' title="bbox 457 4662 613 4711">
    <p class='ocr_par' dir='ltr' id='par_1_48' title="bbox 457 4662 613 4711">
     <span class='ocr_line' id='line_1_49' title="bbox 457 4662 613 4711; baseline 0.006 -1"><span class='ocrx_word' id='word_1_327' title='bbox 457 4662 613 4711; x_wconf 84' lang='lat' dir='ltr'>sunt.</span> 
     </span>
    </p>
   </div>
   <div class='ocr_carea' id='block_1_49' title="bbox 522 4741 2096 4819">
    <p class='ocr_par' dir='ltr' id='par_1_49' title="bbox 522 4741 2096 4819">
     <span class='ocr_line' id='line_1_50' title="bbox 522 4741 2096 4819; baseline 0.003 -20"><span class='ocrx_word' id='word_1_328' title='bbox 522 4744 773 4816; x_wconf 83' lang='lat' dir='ltr'>Angelus</span> <span class='ocrx_word' id='word_1_329' title='bbox 828 4743 1086 4802; x_wconf 85' lang='lat' dir='ltr'>essentia</span> <span class='ocrx_word' id='word_1_330' title='bbox 1141 4747 1230 4798; x_wconf 91' lang='lat' dir='ltr'>est</span> <span class='ocrx_word' id='word_1_331' title='bbox 1287 4741 1588 4799; x_wconf 90' lang='lat' dir='ltr'>intellectu</span> <span class='ocrx_word' id='word_1_332' title='bbox 1646 4745 1906 4816; x_wconf 66' lang='lat' dir='ltr'>pradita,</span> <span class='ocrx_word' id='word_1_333' title='bbox 1969 4763 2096 4819; x_wconf 84' lang='lat' dir='ltr'>quae</span> 
     </span>
    </p>
   </div>
   <div class='ocr_carea' id='block_1_50' title="bbox 451 4831 2097 4905">
    <p class='ocr_par' dir='ltr' id='par_1_50' title="bbox 451 4831 2097 4905">
     <span class='ocr_line' id='line_1_51' title="bbox 451 4831 2097 4905; baseline 0.003 -18"><span class='ocrx_word' id='word_1_334' title='bbox 451 4848 684 4905; x_wconf 88' lang='lat' dir='ltr'>semper</span> <span class='ocrx_word' id='word_1_335' title='bbox 712 4838 996 4903; x_wconf 89' lang='lat' dir='ltr'>movetur,</span> <span class='ocrx_word' id='word_1_336' title='bbox 1058 4831 1226 4887; x_wconf 88' lang='lat' dir='ltr'>liberi</span> <span class='ocrx_word' id='word_1_337' title='bbox 1279 4831 1528 4899; x_wconf 86' lang='lat' dir='ltr'>arbitrii,</span> <span class='ocrx_word' id='word_1_338' title='bbox 1581 4833 1942 4905; x_wconf 87' lang='lat' dir='ltr'>incorporea,</span> <span class='ocrx_word' id='word_1_339' title='bbox 2000 4839 2097 4893; x_wconf 90' lang='lat' dir='ltr'>Dei</span> 
     </span>
    </p>
   </div>
   <div class='ocr_carea' id='block_1_51' title="bbox 454 4922 2098 4994">
    <p class='ocr_par' dir='ltr' id='par_1_51' title="bbox 454 4922 2098 4994">
     <span class='ocr_line' id='line_1_52' title="bbox 454 4922 2098 4994; baseline 0.004 -18"><span class='ocrx_word' id='word_1_340' title='bbox 454 4923 780 4978; x_wconf 88' lang='lat' dir='ltr'>ministerio</span> <span class='ocrx_word' id='word_1_341' title='bbox 811 4930 868 4979; x_wconf 89' lang='lat' dir='ltr'>et</span> <span class='ocrx_word' id='word_1_342' title='bbox 897 4923 1081 4979; x_wconf 90' lang='lat' dir='ltr'>cultui</span> <span class='ocrx_word' id='word_1_343' title='bbox 1104 4922 1357 4987; x_wconf 89' lang='lat' dir='ltr'>addicta,</span> <span class='ocrx_word' id='word_1_344' title='bbox 1381 4930 1720 4994; x_wconf 67' lang='lat' dir='ltr'>naturaeque</span> <span class='ocrx_word' id='word_1_345' title='bbox 1746 4925 2098 4982; x_wconf 89' lang='lat' dir='ltr'>immortalis</span> 
     </span>
    </p>
   </div>
   <div class='ocr_carea' id='block_1_52' title="bbox 453 5012 2095 5086">
    <p class='ocr_par' dir='ltr' id='par_1_52' title="bbox 453 5012 2095 5086">
     <span class='ocr_line' id='line_1_53' title="bbox 453 5012 2095 5086; baseline 0.004 -21"><span class='ocrx_word' id='word_1_346' title='bbox 453 5025 557 5080; x_wconf 89' lang='lat' dir='ltr'>per</span> <span class='ocrx_word' id='word_1_347' title='bbox 609 5012 855 5082; x_wconf 85' lang='lat' dir='ltr'>gratiam</span> <span class='ocrx_word' id='word_1_348' title='bbox 916 5013 1204 5084; x_wconf 88' lang='lat' dir='ltr'>particeps</span> <span class='ocrx_word' id='word_1_349' title='bbox 1281 5012 1505 5070; x_wconf 79' lang='lat' dir='ltr'>effecta.</span> <span class='ocrx_word' id='word_1_350' title='bbox 1589 5013 1772 5085; x_wconf 90' lang='lat' dir='ltr'>Cujus</span> <span class='ocrx_word' id='word_1_351' title='bbox 1857 5016 2095 5086; x_wconf 90' lang='lat' dir='ltr'>quidem</span> 
     </span>
    </p>
   </div>
   <div class='ocr_carea' id='block_1_53' title="bbox 452 5100 2097 5174">
    <p class='ocr_par' dir='ltr' id='par_1_53' title="bbox 452 5100 2097 5174">
     <span class='ocr_line' id='line_1_54' title="bbox 452 5100 2097 5174; baseline 0.005 -21"><span class='ocrx_word' id='word_1_352' title='bbox 452 5100 717 5154; x_wconf 80' lang='lat' dir='ltr'>essentiae</span> <span class='ocrx_word' id='word_1_353' title='bbox 748 5117 874 5171; x_wconf 61' lang='lat' dir='ltr'>quae</span> <span class='ocrx_word' id='word_1_354' title='bbox 906 5104 983 5158; x_wconf 87' lang='lat' dir='ltr'>sit</span> <span class='ocrx_word' id='word_1_355' title='bbox 1013 5104 1218 5172; x_wconf 86' lang='lat' dir='ltr'>lorma,</span> <span class='ocrx_word' id='word_1_356' title='bbox 1251 5102 1467 5174; x_wconf 90' lang='lat' dir='ltr'>quique</span> <span class='ocrx_word' id='word_1_357' title='bbox 1497 5103 1781 5159; x_wconf 87' lang='lat' dir='ltr'>terminus</span> <span class='ocrx_word' id='word_1_358' title='bbox 1802 5104 1906 5160; x_wconf 92' lang='lat' dir='ltr'>soli</span> <span class='ocrx_word' id='word_1_359' title='bbox 1931 5109 2097 5162; x_wconf 84' lang='lat' dir='ltr'>Crea-</span> 
     </span>
    </p>
   </div>
   <div class='ocr_carea' id='block_1_54' title="bbox 447 5188 2098 5267">
    <p class='ocr_par' dir='ltr' id='par_1_54' title="bbox 447 5188 2098 5267">
     <span class='ocr_line' id='line_1_55' title="bbox 447 5188 2098 5267; baseline 0.005 -23"><span class='ocrx_word' id='word_1_360' title='bbox 447 5188 558 5244; x_wconf 87' lang='lat' dir='ltr'>tori</span> <span class='ocrx_word' id='word_1_361' title='bbox 589 5197 956 5260; x_wconf 79' lang='lat' dir='ltr'>perspectum</span> <span class='ocrx_word' id='word_1_362' title='bbox 1009 5197 1066 5246; x_wconf 91' lang='lat' dir='ltr'>et</span> <span class='ocrx_word' id='word_1_363' title='bbox 1122 5191 1520 5263; x_wconf 89' lang='lat' dir='ltr'>exsploratum</span> <span class='ocrx_word' id='word_1_364' title='bbox 1586 5198 1696 5248; x_wconf 91' lang='lat' dir='ltr'>est.</span> <span class='ocrx_word' id='word_1_365' title='bbox 1751 5193 2098 5267; x_wconf 88' lang='lat' dir='ltr'>Incorporea</span> 
     </span>
    </p>
   </div>
   <div class='ocr_carea' id='block_1_55' title="bbox 449 5280 2096 5350">
    <p class='ocr_par' dir='ltr' id='par_1_55' title="bbox 449 5280 2096 5350">
     <span class='ocr_line' id='line_1_56' title="bbox 449 5280 2096 5350; baseline 0.005 -17"><span class='ocrx_word' id='word_1_366' title='bbox 449 5293 621 5348; x_wconf 88' lang='lat' dir='ltr'>porro</span> <span class='ocrx_word' id='word_1_367' title='bbox 679 5282 738 5332; x_wconf 91' lang='lat' dir='ltr'>et</span> <span class='ocrx_word' id='word_1_368' title='bbox 794 5295 999 5350; x_wconf 81' lang='lat' dir='ltr'>expers</span> <span class='ocrx_word' id='word_1_369' title='bbox 1052 5281 1306 5336; x_wconf 66' lang='lat' dir='ltr'>materias</span> <span class='ocrx_word' id='word_1_370' title='bbox 1361 5280 1597 5348; x_wconf 91' lang='lat' dir='ltr'>dicitur,</span> <span class='ocrx_word' id='word_1_371' title='bbox 1670 5281 1721 5337; x_wconf 90' lang='lat' dir='ltr'>si</span> <span class='ocrx_word' id='word_1_372' title='bbox 1789 5284 2096 5340; x_wconf 87' lang='lat' dir='ltr'>nobiscum</span> 
     </span>
    </p>
   </div>
   <div class='ocr_carea' id='block_1_56' title="bbox 451 5367 2100 5438">
    <p class='ocr_par' dir='ltr' id='par_1_56' title="bbox 451 5367 2100 5438">
     <span class='ocr_line' id='line_1_57' title="bbox 451 5367 2100 5438; baseline 0.006 -16"><span class='ocrx_word' id='word_1_373' title='bbox 451 5368 805 5423; x_wconf 88' lang='lat' dir='ltr'>conferatur.</span> <span class='ocrx_word' id='word_1_374' title='bbox 849 5367 1140 5438; x_wconf 88' lang='lat' dir='ltr'>Quidquid</span> <span class='ocrx_word' id='word_1_375' title='bbox 1189 5369 1342 5425; x_wconf 90' lang='lat' dir='ltr'>enim</span> <span class='ocrx_word' id='word_1_376' title='bbox 1392 5375 1482 5426; x_wconf 90' lang='lat' dir='ltr'>est</span> <span class='ocrx_word' id='word_1_377' title='bbox 1529 5371 1588 5425; x_wconf 92' lang='lat' dir='ltr'>in</span> <span class='ocrx_word' id='word_1_378' title='bbox 1640 5389 1836 5428; x_wconf 77' lang='lat' dir='ltr'>rerum</span> <span class='ocrx_word' id='word_1_379' title='bbox 1887 5380 2100 5432; x_wconf 86' lang='lat' dir='ltr'>natura</span> 
     </span>
    </p>
   </div>
   <div class='ocr_carea' id='block_1_57' title="bbox 455 5455 2098 5530">
    <p class='ocr_par' dir='ltr' id='par_1_57' title="bbox 455 5455 2098 5530">
     <span class='ocr_line' id='line_1_58' title="bbox 455 5455 2098 5530; baseline 0.007 -21"><span class='ocrx_word' id='word_1_380' title='bbox 455 5470 718 5510; x_wconf 86' lang='lat' dir='ltr'>crassum</span> <span class='ocrx_word' id='word_1_381' title='bbox 749 5461 805 5513; x_wconf 90' lang='lat' dir='ltr'>et</span> <span class='ocrx_word' id='word_1_382' title='bbox 836 5455 1132 5512; x_wconf 86' lang='lat' dir='ltr'>materiale</span> <span class='ocrx_word' id='word_1_383' title='bbox 1163 5457 1640 5530; x_wconf 86' lang='lat' dir='ltr'>deprehenditur,</span> <span class='ocrx_word' id='word_1_384' title='bbox 1683 5463 1735 5517; x_wconf 89' lang='lat' dir='ltr'>si</span> <span class='ocrx_word' id='word_1_385' title='bbox 1799 5479 1930 5518; x_wconf 89' lang='lat' dir='ltr'>cum</span> <span class='ocrx_word' id='word_1_386' title='bbox 1988 5467 2098 5521; x_wconf 89' lang='lat' dir='ltr'>Deo</span> 
     </span>
    </p>
   </div>
   <div class='ocr_carea' id='block_1_58' title="bbox 453 5545 2100 5622">
    <p class='ocr_par' dir='ltr' id='par_1_58' title="bbox 453 5545 2100 5622">
     <span class='ocr_line' id='line_1_59' title="bbox 453 5545 2100 5622; baseline 0.007 -22"><span class='ocrx_word' id='word_1_387' title='bbox 453 5545 803 5614; x_wconf 84' lang='lat' dir='ltr'>conferatur,</span> <span class='ocrx_word' id='word_1_388' title='bbox 837 5546 938 5618; x_wconf 89' lang='lat' dir='ltr'>qui</span> <span class='ocrx_word' id='word_1_389' title='bbox 969 5545 1130 5602; x_wconf 88' lang='lat' dir='ltr'>solus</span> <span class='ocrx_word' id='word_1_390' title='bbox 1179 5547 1249 5603; x_wconf 87' lang='lat' dir='ltr'>ab</span> <span class='ocrx_word' id='word_1_391' title='bbox 1298 5549 1459 5603; x_wconf 92' lang='lat' dir='ltr'>omni</span> <span class='ocrx_word' id='word_1_392' title='bbox 1506 5550 1908 5622; x_wconf 89' lang='lat' dir='ltr'>corporatione</span> <span class='ocrx_word' id='word_1_393' title='bbox 1952 5552 2100 5611; x_wconf 91' lang='lat' dir='ltr'>liber</span> 
     </span>
    </p>
   </div>
   <div class='ocr_carea' id='block_1_59' title="bbox 453 5635 2094 5712">
    <p class='ocr_par' dir='ltr' id='par_1_59' title="bbox 453 5635 2094 5712">
     <span class='ocr_line' id='line_1_60' title="bbox 453 5635 2094 5712; baseline 0.004 -20"><span class='ocrx_word' id='word_1_394' title='bbox 453 5642 508 5692; x_wconf 85' lang='lat' dir='ltr'>et</span> <span class='ocrx_word' id='word_1_395' title='bbox 563 5635 845 5694; x_wconf 85' lang='lat' dir='ltr'>immunis</span> <span class='ocrx_word' id='word_1_396' title='bbox 897 5639 1114 5691; x_wconf 88' lang='lat' dir='ltr'>manet.</span> <span class='ocrx_word' id='word_1_397' title='bbox 1175 5635 1470 5705; x_wconf 87' lang='lat' dir='ltr'>Siquidem</span> <span class='ocrx_word' id='word_1_398' title='bbox 1535 5637 1688 5695; x_wconf 90' lang='lat' dir='ltr'>Deus</span> <span class='ocrx_word' id='word_1_399' title='bbox 1762 5640 1926 5697; x_wconf 92' lang='lat' dir='ltr'>solus</span> <span class='ocrx_word' id='word_1_400' title='bbox 1986 5648 2094 5712; x_wconf 90' lang='lat' dir='ltr'>est,</span> 
     </span>
    </p>
   </div>
   <div class='ocr_carea' id='block_1_60' title="bbox 451 5723 2095 5806">
    <p class='ocr_par' dir='ltr' id='par_1_60' title="bbox 451 5723 2095 5806">
     <span class='ocr_line' id='line_1_61' title="bbox 451 5723 2095 5806; baseline 0.006 -22"><span class='ocrx_word' id='word_1_401' title='bbox 451 5725 555 5804; x_wconf 75' lang='lat' dir='ltr'>qui</span> <span class='ocrx_word' id='word_1_402' title='bbox 611 5743 742 5806; x_wconf 86' lang='lat' dir='ltr'>vere</span> <span class='ocrx_word' id='word_1_403' title='bbox 798 5726 872 5786; x_wconf 84' lang='lat' dir='ltr'>ab</span> <span class='ocrx_word' id='word_1_404' title='bbox 944 5723 1104 5781; x_wconf 88' lang='lat' dir='ltr'>omni</span> <span class='ocrx_word' id='word_1_405' title='bbox 1177 5725 1424 5785; x_wconf 80' lang='lat' dir='ltr'>materia</span> <span class='ocrx_word' id='word_1_406' title='bbox 1507 5732 1794 5800; x_wconf 82' lang='lat' dir='ltr'>remotus,</span> <span class='ocrx_word' id='word_1_407' title='bbox 1871 5734 1929 5792; x_wconf 87' lang='lat' dir='ltr'>et</span> <span class='ocrx_word' id='word_1_408' title='bbox 1999 5733 2095 5794; x_wconf 88' lang='lat' dir='ltr'>in-</span> 
     </span>
    </p>
   </div>
   <div class='ocr_carea' id='block_1_61' title="bbox 2230 642 3860 716">
    <p class='ocr_par' dir='ltr' id='par_1_61' title="bbox 2230 642 3860 716">
     <span class='ocr_line' id='line_1_62' title="bbox 2230 642 3860 716; baseline 0.002 -18"><span class='ocrx_word' id='word_1_409' title='bbox 2230 644 2493 709; x_wconf 85' lang='lat' dir='ltr'>rationis,</span> <span class='ocrx_word' id='word_1_410' title='bbox 2545 642 2893 709; x_wconf 88' lang='lat' dir='ltr'>intellectus,</span> <span class='ocrx_word' id='word_1_411' title='bbox 2953 646 3010 698; x_wconf 88' lang='lat' dir='ltr'>et</span> <span class='ocrx_word' id='word_1_412' title='bbox 3066 643 3233 698; x_wconf 87' lang='lat' dir='ltr'>liberi</span> <span class='ocrx_word' id='word_1_413' title='bbox 3293 643 3518 698; x_wconf 85' lang='lat' dir='ltr'>arbitrii</span> <span class='ocrx_word' id='word_1_414' title='bbox 3569 646 3860 716; x_wconf 82' lang='lat' dir='ltr'>particeps,</span> 
     </span>
    </p>
   </div>
   <div class='ocr_carea' id='block_1_62' title="bbox 2230 734 3861 806">
    <p class='ocr_par' dir='ltr' id='par_1_62' title="bbox 2230 734 3861 806">
     <span class='ocr_line' id='line_1_63' title="bbox 2230 734 3861 806; baseline 0.001 -18"><span class='ocrx_word' id='word_1_415' title='bbox 2230 750 2355 806; x_wconf 74' lang='lat' dir='ltr'>quae</span> <span class='ocrx_word' id='word_1_416' title='bbox 2385 734 2732 789; x_wconf 89' lang='lat' dir='ltr'>sententiam</span> <span class='ocrx_word' id='word_1_417' title='bbox 2751 737 2976 789; x_wconf 88' lang='lat' dir='ltr'>mutare</span> <span class='ocrx_word' id='word_1_418' title='bbox 2999 737 3208 805; x_wconf 89' lang='lat' dir='ltr'>potest,</span> <span class='ocrx_word' id='word_1_419' title='bbox 3233 750 3333 789; x_wconf 88' lang='lat' dir='ltr'>seu</span> <span class='ocrx_word' id='word_1_420' title='bbox 3359 739 3564 806; x_wconf 88' lang='lat' dir='ltr'>sponte</span> <span class='ocrx_word' id='word_1_421' title='bbox 3587 735 3861 791; x_wconf 83' lang='lat' dir='ltr'>mutabilis</span> 
     </span>
    </p>
   </div>
   <div class='ocr_carea' id='block_1_63' title="bbox 2229 822 3858 894">
    <p class='ocr_par' dir='ltr' id='par_1_63' title="bbox 2229 822 3858 894">
     <span class='ocr_line' id='line_1_64' title="bbox 2229 822 3858 894; baseline 0.001 -16"><span class='ocrx_word' id='word_1_422' title='bbox 2229 827 2340 878; x_wconf 87' lang='lat' dir='ltr'>est.</span> <span class='ocrx_word' id='word_1_423' title='bbox 2373 822 2669 894; x_wconf 90' lang='lat' dir='ltr'>Quidquid</span> <span class='ocrx_word' id='word_1_424' title='bbox 2703 822 2857 878; x_wconf 93' lang='lat' dir='ltr'>enim</span> <span class='ocrx_word' id='word_1_425' title='bbox 2890 827 3175 891; x_wconf 86' lang='lat' dir='ltr'>creatum,</span> <span class='ocrx_word' id='word_1_426' title='bbox 3199 823 3352 879; x_wconf 90' lang='lat' dir='ltr'>idem</span> <span class='ocrx_word' id='word_1_427' title='bbox 3377 827 3432 877; x_wconf 88' lang='lat' dir='ltr'>et</span> <span class='ocrx_word' id='word_1_428' title='bbox 3456 824 3732 880; x_wconf 91' lang='lat' dir='ltr'>mutabile</span> <span class='ocrx_word' id='word_1_429' title='bbox 3748 830 3858 881; x_wconf 89' lang='lat' dir='ltr'>est:</span> 
     </span>
    </p>
   </div>
   <div class='ocr_carea' id='block_1_64' title="bbox 2227 910 3852 983">
    <p class='ocr_par' dir='ltr' id='par_1_64' title="bbox 2227 910 3852 983">
     <span class='ocr_line' id='line_1_65' title="bbox 2227 910 3852 983; baseline 0.001 -17"><span class='ocrx_word' id='word_1_430' title='bbox 2227 912 2553 967; x_wconf 87' lang='lat' dir='ltr'>inereatum</span> <span class='ocrx_word' id='word_1_431' title='bbox 2589 910 2779 967; x_wconf 89' lang='lat' dir='ltr'>solum</span> <span class='ocrx_word' id='word_1_432' title='bbox 2815 915 2902 967; x_wconf 90' lang='lat' dir='ltr'>est</span> <span class='ocrx_word' id='word_1_433' title='bbox 2932 911 3318 968; x_wconf 86' lang='lat' dir='ltr'>immutabile.</span> <span class='ocrx_word' id='word_1_434' title='bbox 3364 914 3507 968; x_wconf 87' lang='lat' dir='ltr'>Item</span> <span class='ocrx_word' id='word_1_435' title='bbox 3581 914 3852 983; x_wconf 86' lang='lat' dir='ltr'>quidquid</span> 
     </span>
    </p>
   </div>
   <div class='ocr_carea' id='block_1_65' title="bbox 2227 999 3860 1070">
    <p class='ocr_par' dir='ltr' id='par_1_65' title="bbox 2227 999 3860 1070">
     <span class='ocr_line' id='line_1_66' title="bbox 2227 999 3860 1070; baseline 0.001 -15"><span class='ocrx_word' id='word_1_436' title='bbox 2227 1000 2452 1055; x_wconf 89' lang='lat' dir='ltr'>ratione</span> <span class='ocrx_word' id='word_1_437' title='bbox 2483 999 2811 1070; x_wconf 74' lang='lat' dir='ltr'>praeditum,</span> <span class='ocrx_word' id='word_1_438' title='bbox 2844 1000 2998 1056; x_wconf 88' lang='lat' dir='ltr'>idem</span> <span class='ocrx_word' id='word_1_439' title='bbox 3034 1004 3090 1054; x_wconf 92' lang='lat' dir='ltr'>et</span> <span class='ocrx_word' id='word_1_440' title='bbox 3119 1000 3285 1056; x_wconf 90' lang='lat' dir='ltr'>liberi</span> <span class='ocrx_word' id='word_1_441' title='bbox 3319 1000 3545 1056; x_wconf 86' lang='lat' dir='ltr'>arbitrii</span> <span class='ocrx_word' id='word_1_442' title='bbox 3573 1005 3684 1057; x_wconf 91' lang='lat' dir='ltr'>est.</span> <span class='ocrx_word' id='word_1_443' title='bbox 3726 1004 3860 1066; x_wconf 86' lang='lat' dir='ltr'>Qua-</span> 
     </span>
    </p>
   </div>
   <div class='ocr_carea' id='block_1_66' title="bbox 2227 1088 3860 1162">
    <p class='ocr_par' dir='ltr' id='par_1_66' title="bbox 2227 1088 3860 1162">
     <span class='ocr_line' id='line_1_67' title="bbox 2227 1088 3860 1162; baseline 0.001 -18"><span class='ocrx_word' id='word_1_444' title='bbox 2227 1094 2398 1145; x_wconf 92' lang='lat' dir='ltr'>tenus</span> <span class='ocrx_word' id='word_1_445' title='bbox 2446 1103 2582 1161; x_wconf 91' lang='lat' dir='ltr'>ergo</span> <span class='ocrx_word' id='word_1_446' title='bbox 2633 1089 2874 1145; x_wconf 88' lang='lat' dir='ltr'>rationis</span> <span class='ocrx_word' id='word_1_447' title='bbox 2927 1093 2984 1144; x_wconf 91' lang='lat' dir='ltr'>et</span> <span class='ocrx_word' id='word_1_448' title='bbox 3038 1088 3373 1146; x_wconf 90' lang='lat' dir='ltr'>intellectus</span> <span class='ocrx_word' id='word_1_449' title='bbox 3423 1089 3718 1162; x_wconf 87' lang='lat' dir='ltr'>particeps</span> <span class='ocrx_word' id='word_1_450' title='bbox 3764 1094 3860 1159; x_wconf 85' lang='lat' dir='ltr'>est,</span> 
     </span>
    </p>
   </div>
   <div class='ocr_carea' id='block_1_67' title="bbox 2226 1178 3862 1250">
    <p class='ocr_par' dir='ltr' id='par_1_67' title="bbox 2226 1178 3862 1250">
     <span class='ocr_line' id='line_1_68' title="bbox 2226 1178 3862 1250; baseline 0.001 -17"><span class='ocrx_word' id='word_1_451' title='bbox 2226 1179 2394 1234; x_wconf 90' lang='lat' dir='ltr'>liberi</span> <span class='ocrx_word' id='word_1_452' title='bbox 2429 1195 2662 1250; x_wconf 91' lang='lat' dir='ltr'>quoque</span> <span class='ocrx_word' id='word_1_453' title='bbox 2692 1178 2914 1234; x_wconf 87' lang='lat' dir='ltr'>arbitrii</span> <span class='ocrx_word' id='word_1_454' title='bbox 2949 1182 3074 1235; x_wconf 90' lang='lat' dir='ltr'>est:</span> <span class='ocrx_word' id='word_1_455' title='bbox 3108 1183 3394 1250; x_wconf 87' lang='lat' dir='ltr'>quatenus</span> <span class='ocrx_word' id='word_1_456' title='bbox 3443 1186 3638 1234; x_wconf 88' lang='lat' dir='ltr'>autern</span> <span class='ocrx_word' id='word_1_457' title='bbox 3690 1184 3862 1235; x_wconf 78' lang='lat' dir='ltr'>creata</span> 
     </span>
    </p>
   </div>
   <div class='ocr_carea' id='block_1_68' title="bbox 2225 1268 3858 1336">
    <p class='ocr_par' dir='ltr' id='par_1_68' title="bbox 2225 1268 3858 1336">
     <span class='ocr_line' id='line_1_69' title="bbox 2225 1268 3858 1336; baseline 0.001 -13"><span class='ocrx_word' id='word_1_458' title='bbox 2225 1273 2334 1336; x_wconf 90' lang='lat' dir='ltr'>est,</span> <span class='ocrx_word' id='word_1_459' title='bbox 2370 1268 2679 1323; x_wconf 89' lang='lat' dir='ltr'>mutationi</span> <span class='ocrx_word' id='word_1_460' title='bbox 2707 1269 2884 1324; x_wconf 86' lang='lat' dir='ltr'>etiam</span> <span class='ocrx_word' id='word_1_461' title='bbox 2915 1269 3166 1324; x_wconf 84' lang='lat' dir='ltr'>obnoxia</span> <span class='ocrx_word' id='word_1_462' title='bbox 3203 1274 3311 1326; x_wconf 90' lang='lat' dir='ltr'>est.</span> <span class='ocrx_word' id='word_1_463' title='bbox 3365 1273 3437 1324; x_wconf 92' lang='lat' dir='ltr'>Ut</span> <span class='ocrx_word' id='word_1_464' title='bbox 3482 1269 3574 1324; x_wconf 89' lang='lat' dir='ltr'>cui</span> <span class='ocrx_word' id='word_1_465' title='bbox 3625 1268 3858 1324; x_wconf 86' lang='lat' dir='ltr'>liberum</span> 
     </span>
    </p>
   </div>
   <div class='ocr_carea' id='block_1_69' title="bbox 2225 1357 3858 1430">
    <p class='ocr_par' dir='ltr' id='par_1_69' title="bbox 2225 1357 3858 1430">
     <span class='ocr_line' id='line_1_70' title="bbox 2225 1357 3858 1430; baseline 0 -17"><span class='ocrx_word' id='word_1_466' title='bbox 2225 1361 2280 1413; x_wconf 89' lang='lat' dir='ltr'>et</span> <span class='ocrx_word' id='word_1_467' title='bbox 2312 1357 2604 1429; x_wconf 88' lang='lat' dir='ltr'>integrum</span> <span class='ocrx_word' id='word_1_468' title='bbox 2638 1357 2717 1413; x_wconf 89' lang='lat' dir='ltr'>sit</span> <span class='ocrx_word' id='word_1_469' title='bbox 2747 1373 2982 1414; x_wconf 88' lang='lat' dir='ltr'>manere</span> <span class='ocrx_word' id='word_1_470' title='bbox 3012 1366 3066 1413; x_wconf 90' lang='lat' dir='ltr'>et.</span> <span class='ocrx_word' id='word_1_471' title='bbox 3099 1358 3378 1430; x_wconf 81' lang='lat' dir='ltr'>proficere</span> <span class='ocrx_word' id='word_1_472' title='bbox 3402 1359 3458 1413; x_wconf 91' lang='lat' dir='ltr'>in</span> <span class='ocrx_word' id='word_1_473' title='bbox 3490 1359 3669 1429; x_wconf 92' lang='lat' dir='ltr'>bono,</span> <span class='ocrx_word' id='word_1_474' title='bbox 3702 1364 3858 1430; x_wconf 81' lang='lat' dir='ltr'>atque</span> 
     </span>
    </p>
   </div>
   <div class='ocr_carea' id='block_1_70' title="bbox 2225 1447 3858 1520">
    <p class='ocr_par' dir='ltr' id='par_1_70' title="bbox 2225 1447 3858 1520">
     <span class='ocr_line' id='line_1_71' title="bbox 2225 1447 3858 1520; baseline 0 -18"><span class='ocrx_word' id='word_1_475' title='bbox 2225 1447 2282 1502; x_wconf 90' lang='lat' dir='ltr'>in</span> <span class='ocrx_word' id='word_1_476' title='bbox 2308 1447 2562 1504; x_wconf 89' lang='lat' dir='ltr'>deterius</span> <span class='ocrx_word' id='word_1_477' title='bbox 2583 1447 2903 1503; x_wconf 83' lang='lat' dir='ltr'>deﬂectere.</span> <span class='ocrx_word' id='word_1_478' title='bbox 2934 1447 3322 1503; x_wconf 75' lang='lat' dir='ltr'>Pmnitudinis</span> <span class='ocrx_word' id='word_1_479' title='bbox 3342 1453 3532 1503; x_wconf 89' lang='lat' dir='ltr'>autem</span> <span class='ocrx_word' id='word_1_480' title='bbox 3557 1464 3739 1520; x_wconf 80' lang='lat' dir='ltr'>capax</span> <span class='ocrx_word' id='word_1_481' title='bbox 3761 1464 3858 1502; x_wconf 90' lang='lat' dir='ltr'>non</span> 
     </span>
    </p>
   </div>
   <div class='ocr_carea' id='block_1_71' title="bbox 2225 1537 3858 1609">
    <p class='ocr_par' dir='ltr' id='par_1_71' title="bbox 2225 1537 3858 1609">
     <span class='ocr_line' id='line_1_72' title="bbox 2225 1537 3858 1609; baseline 0 -18"><span class='ocrx_word' id='word_1_482' title='bbox 2225 1544 2335 1606; x_wconf 88' lang='lat' dir='ltr'>est,</span> <span class='ocrx_word' id='word_1_483' title='bbox 2361 1537 2494 1608; x_wconf 89' lang='lat' dir='ltr'>quia</span> <span class='ocrx_word' id='word_1_484' title='bbox 2526 1537 2886 1608; x_wconf 87' lang='lat' dir='ltr'>incorporea.</span> <span class='ocrx_word' id='word_1_485' title='bbox 2927 1537 3235 1592; x_wconf 89' lang='lat' dir='ltr'>Hominem</span> <span class='ocrx_word' id='word_1_486' title='bbox 3267 1537 3425 1592; x_wconf 90' lang='lat' dir='ltr'>enim</span> <span class='ocrx_word' id='word_1_487' title='bbox 3469 1543 3708 1609; x_wconf 90' lang='lat' dir='ltr'>propter</span> <span class='ocrx_word' id='word_1_488' title='bbox 3750 1553 3858 1593; x_wconf 87' lang='lat' dir='ltr'>cor-</span> 
     </span>
    </p>
   </div>
   <div class='ocr_carea' id='block_1_72' title="bbox 2223 1626 3860 1699">
    <p class='ocr_par' dir='ltr' id='par_1_72' title="bbox 2223 1626 3860 1699">
     <span class='ocr_line' id='line_1_73' title="bbox 2223 1626 3860 1699; baseline -0.001 -17"><span class='ocrx_word' id='word_1_489' title='bbox 2223 1626 2381 1698; x_wconf 90' lang='lat' dir='ltr'>poris</span> <span class='ocrx_word' id='word_1_490' title='bbox 2407 1627 2764 1682; x_wconf 83' lang='lat' dir='ltr'>debilitatem</span> <span class='ocrx_word' id='word_1_491' title='bbox 2798 1627 3078 1699; x_wconf 88' lang='lat' dir='ltr'>poenitere</span> <span class='ocrx_word' id='word_1_492' title='bbox 3111 1631 3318 1698; x_wconf 89' lang='lat' dir='ltr'>potest.</span> <span class='ocrx_word' id='word_1_493' title='bbox 3355 1627 3718 1682; x_wconf 88' lang='lat' dir='ltr'>Immortalis</span> <span class='ocrx_word' id='word_1_494' title='bbox 3740 1643 3860 1699; x_wconf 75' lang='lat' dir='ltr'>pra:-</span> 
     </span>
    </p>
   </div>
   <div class='ocr_carea' id='block_1_73' title="bbox 2225 1715 3858 1788">
    <p class='ocr_par' dir='ltr' id='par_1_73' title="bbox 2225 1715 3858 1788">
     <span class='ocr_line' id='line_1_74' title="bbox 2225 1715 3858 1788; baseline 0 -18"><span class='ocrx_word' id='word_1_495' title='bbox 2225 1722 2379 1772; x_wconf 90' lang='lat' dir='ltr'>terea</span> <span class='ocrx_word' id='word_1_496' title='bbox 2408 1720 2516 1783; x_wconf 91' lang='lat' dir='ltr'>est,</span> <span class='ocrx_word' id='word_1_497' title='bbox 2551 1720 2608 1771; x_wconf 89' lang='lat' dir='ltr'>at</span> <span class='ocrx_word' id='word_1_498' title='bbox 2639 1733 2752 1772; x_wconf 92' lang='lat' dir='ltr'>non</span> <span class='ocrx_word' id='word_1_499' title='bbox 2786 1721 3015 1784; x_wconf 90' lang='lat' dir='ltr'>natura,</span> <span class='ocrx_word' id='word_1_500' title='bbox 3043 1717 3141 1771; x_wconf 92' lang='lat' dir='ltr'>sed</span> <span class='ocrx_word' id='word_1_501' title='bbox 3162 1717 3370 1784; x_wconf 78' lang='lat' dir='ltr'>gratia.</span> <span class='ocrx_word' id='word_1_502' title='bbox 3393 1715 3695 1788; x_wconf 88' lang='lat' dir='ltr'>Quidquid</span> <span class='ocrx_word' id='word_1_503' title='bbox 3717 1717 3858 1772; x_wconf 87' lang='lat' dir='ltr'>enim</span> 
     </span>
    </p>
   </div>
   <div class='ocr_carea' id='block_1_74' title="bbox 2223 1807 3855 1880">
    <p class='ocr_par' dir='ltr' id='par_1_74' title="bbox 2223 1807 3855 1880">
     <span class='ocr_line' id='line_1_75' title="bbox 2223 1807 3855 1880; baseline -0.002 -17"><span class='ocrx_word' id='word_1_504' title='bbox 2223 1807 2416 1880; x_wconf 70' lang='lat' dir='ltr'>coepit,</span> <span class='ocrx_word' id='word_1_505' title='bbox 2441 1808 2592 1862; x_wconf 91' lang='lat' dir='ltr'>idem</span> <span class='ocrx_word' id='word_1_506' title='bbox 2616 1812 2674 1862; x_wconf 91' lang='lat' dir='ltr'>et</span> <span class='ocrx_word' id='word_1_507' title='bbox 2694 1811 2900 1864; x_wconf 75' lang='lat' dir='ltr'>natura</span> <span class='ocrx_word' id='word_1_508' title='bbox 2917 1807 3150 1878; x_wconf 89' lang='lat' dir='ltr'>desinit,</span> <span class='ocrx_word' id='word_1_509' title='bbox 3167 1813 3223 1864; x_wconf 91' lang='lat' dir='ltr'>et</span> <span class='ocrx_word' id='word_1_510' title='bbox 3249 1809 3319 1863; x_wconf 87' lang='lat' dir='ltr'>ad</span> <span class='ocrx_word' id='word_1_511' title='bbox 3339 1807 3641 1863; x_wconf 90' lang='lat' dir='ltr'>interitum</span> <span class='ocrx_word' id='word_1_512' title='bbox 3668 1807 3855 1863; x_wconf 88' lang='lat' dir='ltr'>tendit.</span> 
     </span>
    </p>
   </div>
   <div class='ocr_carea' id='block_1_75' title="bbox 2222 1896 3858 1969">
    <p class='ocr_par' dir='ltr' id='par_1_75' title="bbox 2222 1896 3858 1969">
     <span class='ocr_line' id='line_1_76' title="bbox 2222 1896 3858 1969; baseline 0 -19"><span class='ocrx_word' id='word_1_513' title='bbox 2222 1896 2389 1952; x_wconf 88' lang='lat' dir='ltr'>Solus</span> <span class='ocrx_word' id='word_1_514' title='bbox 2421 1901 2614 1952; x_wconf 89' lang='lat' dir='ltr'>autem</span> <span class='ocrx_word' id='word_1_515' title='bbox 2649 1897 2804 1952; x_wconf 90' lang='lat' dir='ltr'>Deus</span> <span class='ocrx_word' id='word_1_516' title='bbox 2836 1902 3089 1953; x_wconf 64' lang='lat' dir='ltr'>aeternus</span> <span class='ocrx_word' id='word_1_517' title='bbox 3119 1901 3230 1963; x_wconf 88' lang='lat' dir='ltr'>est,</span> <span class='ocrx_word' id='word_1_518' title='bbox 3265 1898 3405 1966; x_wconf 78' lang='lat' dir='ltr'>imo,</span> <span class='ocrx_word' id='word_1_519' title='bbox 3439 1914 3622 1969; x_wconf 87' lang='lat' dir='ltr'>supra</span> <span class='ocrx_word' id='word_1_520' title='bbox 3646 1912 3858 1952; x_wconf 86' lang='lat' dir='ltr'>omnem</span> 
     </span>
    </p>
   </div>
   <div class='ocr_carea' id='block_1_76' title="bbox 2227 1987 3860 2059">
    <p class='ocr_par' dir='ltr' id='par_1_76' title="bbox 2227 1987 3860 2059">
     <span class='ocr_line' id='line_1_77' title="bbox 2227 1987 3860 2059; baseline 0.001 -19"><span class='ocrx_word' id='word_1_521' title='bbox 2227 1987 2630 2056; x_wconf 68' lang='lat' dir='ltr'>aeternitatem,</span> <span class='ocrx_word' id='word_1_522' title='bbox 2655 2004 2760 2043; x_wconf 92' lang='lat' dir='ltr'>nec</span> <span class='ocrx_word' id='word_1_523' title='bbox 2783 1987 2936 2043; x_wconf 89' lang='lat' dir='ltr'>enim</span> <span class='ocrx_word' id='word_1_524' title='bbox 2960 1987 3202 2059; x_wconf 88' lang='lat' dir='ltr'>tempori</span> <span class='ocrx_word' id='word_1_525' title='bbox 3228 1988 3559 2059; x_wconf 89' lang='lat' dir='ltr'>subjicitur,</span> <span class='ocrx_word' id='word_1_526' title='bbox 3575 1988 3680 2043; x_wconf 89' lang='lat' dir='ltr'>sed</span> <span class='ocrx_word' id='word_1_527' title='bbox 3702 2003 3860 2058; x_wconf 82' lang='lat' dir='ltr'>supra</span> 
     </span>
    </p>
   </div>
   <div class='ocr_carea' id='block_1_77' title="bbox 2224 2075 3859 2148">
    <p class='ocr_par' dir='ltr' id='par_1_77' title="bbox 2224 2075 3859 2148">
     <span class='ocr_line' id='line_1_78' title="bbox 2224 2075 3859 2148; baseline 0 -19"><span class='ocrx_word' id='word_1_528' title='bbox 2224 2079 2458 2146; x_wconf 89' lang='lat' dir='ltr'>tempus</span> <span class='ocrx_word' id='word_1_529' title='bbox 2490 2075 2540 2131; x_wconf 89' lang='lat' dir='ltr'>is</span> <span class='ocrx_word' id='word_1_530' title='bbox 2572 2081 2679 2146; x_wconf 88' lang='lat' dir='ltr'>est,</span> <span class='ocrx_word' id='word_1_531' title='bbox 2705 2093 2737 2132; x_wconf 91' lang='lat' dir='ltr'>a</span> <span class='ocrx_word' id='word_1_532' title='bbox 2767 2093 2881 2148; x_wconf 92' lang='lat' dir='ltr'>quo</span> <span class='ocrx_word' id='word_1_533' title='bbox 2904 2083 3166 2148; x_wconf 88' lang='lat' dir='ltr'>tempora</span> <span class='ocrx_word' id='word_1_534' title='bbox 3187 2077 3420 2132; x_wconf 79' lang='lat' dir='ltr'>condita</span> <span class='ocrx_word' id='word_1_535' title='bbox 3443 2081 3603 2133; x_wconf 89' lang='lat' dir='ltr'>sunt.</span> <span class='ocrx_word' id='word_1_536' title='bbox 3629 2075 3859 2132; x_wconf 85' lang='lat' dir='ltr'>Lumina</span> 
     </span>
    </p>
   </div>
   <div class='ocr_carea' id='block_1_78' title="bbox 2225 2164 3855 2238">
    <p class='ocr_par' dir='ltr' id='par_1_78' title="bbox 2225 2164 3855 2238">
     <span class='ocr_line' id='line_1_79' title="bbox 2225 2164 3855 2238; baseline 0.001 -20"><span class='ocrx_word' id='word_1_537' title='bbox 2225 2179 2396 2235; x_wconf 90' lang='lat' dir='ltr'>porro</span> <span class='ocrx_word' id='word_1_538' title='bbox 2430 2166 2688 2220; x_wconf 89' lang='lat' dir='ltr'>secunda</span> <span class='ocrx_word' id='word_1_539' title='bbox 2714 2164 3013 2220; x_wconf 89' lang='lat' dir='ltr'>intellectu</span> <span class='ocrx_word' id='word_1_540' title='bbox 3046 2165 3307 2237; x_wconf 79' lang='lat' dir='ltr'>praedita,</span> <span class='ocrx_word' id='word_1_541' title='bbox 3341 2182 3468 2236; x_wconf 58' lang='lat' dir='ltr'>quae</span> <span class='ocrx_word' id='word_1_542' title='bbox 3501 2164 3855 2238; x_wconf 87' lang='lat' dir='ltr'>splendorem</span> 
     </span>
    </p>
   </div>
   <div class='ocr_carea' id='block_1_79' title="bbox 2226 2255 3863 2328">
    <p class='ocr_par' dir='ltr' id='par_1_79' title="bbox 2226 2255 3863 2328">
     <span class='ocr_line' id='line_1_80' title="bbox 2226 2255 3863 2328; baseline 0.001 -18"><span class='ocrx_word' id='word_1_543' title='bbox 2226 2271 2399 2310; x_wconf 88' lang='lat' dir='ltr'>suum</span> <span class='ocrx_word' id='word_1_544' title='bbox 2433 2272 2466 2310; x_wconf 88' lang='lat' dir='ltr'>a</span> <span class='ocrx_word' id='word_1_545' title='bbox 2495 2255 2681 2326; x_wconf 90' lang='lat' dir='ltr'>primo</span> <span class='ocrx_word' id='word_1_546' title='bbox 2711 2255 2953 2323; x_wconf 84' lang='lat' dir='ltr'>lumine,</span> <span class='ocrx_word' id='word_1_547' title='bbox 2988 2257 3143 2328; x_wconf 90' lang='lat' dir='ltr'>quod</span> <span class='ocrx_word' id='word_1_548' title='bbox 3179 2256 3465 2328; x_wconf 91' lang='lat' dir='ltr'>principio</span> <span class='ocrx_word' id='word_1_549' title='bbox 3525 2262 3706 2326; x_wconf 87' lang='lat' dir='ltr'>caret,</span> <span class='ocrx_word' id='word_1_550' title='bbox 3750 2273 3863 2311; x_wconf 89' lang='lat' dir='ltr'>mu—</span> 
     </span>
    </p>
   </div>
   <div class='ocr_carea' id='block_1_80' title="bbox 2223 2344 3852 2417">
    <p class='ocr_par' dir='ltr' id='par_1_80' title="bbox 2223 2344 3852 2417">
     <span class='ocr_line' id='line_1_81' title="bbox 2223 2344 3852 2417; baseline 0.001 -19"><span class='ocrx_word' id='word_1_551' title='bbox 2223 2347 2388 2398; x_wconf 89' lang='lat' dir='ltr'>tuata</span> <span class='ocrx_word' id='word_1_552' title='bbox 2417 2348 2577 2412; x_wconf 89' lang='lat' dir='ltr'>sunt,</span> <span class='ocrx_word' id='word_1_553' title='bbox 2613 2361 2716 2400; x_wconf 91' lang='lat' dir='ltr'>nec</span> <span class='ocrx_word' id='word_1_554' title='bbox 2737 2344 2939 2417; x_wconf 87' lang='lat' dir='ltr'>lingua</span> <span class='ocrx_word' id='word_1_555' title='bbox 2961 2361 3063 2400; x_wconf 90' lang='lat' dir='ltr'>nec</span> <span class='ocrx_word' id='word_1_556' title='bbox 3082 2345 3284 2400; x_wconf 89' lang='lat' dir='ltr'>auditu</span> <span class='ocrx_word' id='word_1_557' title='bbox 3308 2349 3503 2416; x_wconf 88' lang='lat' dir='ltr'>egent,</span> <span class='ocrx_word' id='word_1_558' title='bbox 3529 2347 3634 2402; x_wconf 91' lang='lat' dir='ltr'>sed</span> <span class='ocrx_word' id='word_1_559' title='bbox 3654 2347 3852 2416; x_wconf 83' lang='lat' dir='ltr'>absque</span> 
     </span>
    </p>
   </div>
   <div class='ocr_carea' id='block_1_81' title="bbox 2225 2432 3851 2506">
    <p class='ocr_par' dir='ltr' id='par_1_81' title="bbox 2225 2432 3851 2506">
     <span class='ocr_line' id='line_1_82' title="bbox 2225 2432 3851 2506; baseline 0.002 -19"><span class='ocrx_word' id='word_1_560' title='bbox 2225 2432 2512 2488; x_wconf 88' lang='lat' dir='ltr'>sermonis</span> <span class='ocrx_word' id='word_1_561' title='bbox 2545 2432 2720 2489; x_wconf 90' lang='lat' dir='ltr'>ullius</span> <span class='ocrx_word' id='word_1_562' title='bbox 2753 2432 3074 2504; x_wconf 84' lang='lat' dir='ltr'>prolatione</span> <span class='ocrx_word' id='word_1_563' title='bbox 3125 2435 3391 2506; x_wconf 89' lang='lat' dir='ltr'>proprios</span> <span class='ocrx_word' id='word_1_564' title='bbox 3435 2436 3622 2491; x_wconf 89' lang='lat' dir='ltr'>animi</span> <span class='ocrx_word' id='word_1_565' title='bbox 3670 2451 3851 2491; x_wconf 85' lang='lat' dir='ltr'>conce-</span> 
     </span>
    </p>
   </div>
   <div class='ocr_carea' id='block_1_82' title="bbox 2222 2522 3850 2596">
    <p class='ocr_par' dir='ltr' id='par_1_82' title="bbox 2222 2522 3850 2596">
     <span class='ocr_line' id='line_1_83' title="bbox 2222 2522 3850 2596; baseline 0.001 -20"><span class='ocrx_word' id='word_1_566' title='bbox 2222 2525 2362 2592; x_wconf 90' lang='lat' dir='ltr'>ptus</span> <span class='ocrx_word' id='word_1_567' title='bbox 2385 2525 2442 2576; x_wconf 91' lang='lat' dir='ltr'>et</span> <span class='ocrx_word' id='word_1_568' title='bbox 2465 2522 2790 2578; x_wconf 86' lang='lat' dir='ltr'>voluntates</span> <span class='ocrx_word' id='word_1_569' title='bbox 2815 2523 2964 2578; x_wconf 87' lang='lat' dir='ltr'>inter</span> <span class='ocrx_word' id='word_1_570' title='bbox 2985 2539 3049 2578; x_wconf 91' lang='lat' dir='ltr'>se</span> <span class='ocrx_word' id='word_1_571' title='bbox 3069 2525 3524 2579; x_wconf 88' lang='lat' dir='ltr'>communicant.</span> <span class='ocrx_word' id='word_1_572' title='bbox 3553 2526 3749 2596; x_wconf 85' lang='lat' dir='ltr'>Itaque</span> <span class='ocrx_word' id='word_1_573' title='bbox 3770 2540 3850 2578; x_wconf 84' lang='lat' dir='ltr'>an-</span> 
     </span>
    </p>
   </div>
   <div class='ocr_carea' id='block_1_83' title="bbox 2220 2610 3856 2685">
    <p class='ocr_par' dir='ltr' id='par_1_83' title="bbox 2220 2610 3856 2685">
     <span class='ocr_line' id='line_1_84' title="bbox 2220 2610 3856 2685; baseline 0.001 -20"><span class='ocrx_word' id='word_1_574' title='bbox 2220 2610 2329 2681; x_wconf 85' lang='lat' dir='ltr'>geli</span> <span class='ocrx_word' id='word_1_575' title='bbox 2359 2626 2562 2666; x_wconf 88' lang='lat' dir='ltr'>omnes</span> <span class='ocrx_word' id='word_1_576' title='bbox 2586 2628 2618 2667; x_wconf 89' lang='lat' dir='ltr'>a</span> <span class='ocrx_word' id='word_1_577' title='bbox 2648 2611 2835 2668; x_wconf 89' lang='lat' dir='ltr'>Verbo</span> <span class='ocrx_word' id='word_1_578' title='bbox 2865 2613 3063 2680; x_wconf 88' lang='lat' dir='ltr'>creati,</span> <span class='ocrx_word' id='word_1_579' title='bbox 3093 2617 3149 2668; x_wconf 91' lang='lat' dir='ltr'>et</span> <span class='ocrx_word' id='word_1_580' title='bbox 3179 2630 3211 2667; x_wconf 90' lang='lat' dir='ltr'>a</span> <span class='ocrx_word' id='word_1_581' title='bbox 3240 2613 3457 2685; x_wconf 89' lang='lat' dir='ltr'>Spiritu</span> <span class='ocrx_word' id='word_1_582' title='bbox 3492 2621 3694 2670; x_wconf 87' lang='lat' dir='ltr'>sancto</span> <span class='ocrx_word' id='word_1_583' title='bbox 3739 2630 3856 2668; x_wconf 86' lang='lat' dir='ltr'>san-</span> 
     </span>
    </p>
   </div>
   <div class='ocr_carea' id='block_1_84' title="bbox 2220 2700 3853 2773">
    <p class='ocr_par' dir='ltr' id='par_1_84' title="bbox 2220 2700 3853 2773">
     <span class='ocr_line' id='line_1_85' title="bbox 2220 2700 3853 2773; baseline 0 -18"><span class='ocrx_word' id='word_1_584' title='bbox 2220 2700 2570 2757; x_wconf 83' lang='lat' dir='ltr'>ctificatione</span> <span class='ocrx_word' id='word_1_585' title='bbox 2602 2701 2842 2772; x_wconf 79' lang='lat' dir='ltr'>perfecti</span> <span class='ocrx_word' id='word_1_586' title='bbox 2874 2709 3031 2769; x_wconf 88' lang='lat' dir='ltr'>sunt,</span> <span class='ocrx_word' id='word_1_587' title='bbox 3065 2718 3168 2773; x_wconf 90' lang='lat' dir='ltr'>pro</span> <span class='ocrx_word' id='word_1_588' title='bbox 3198 2703 3502 2772; x_wconf 81' lang='lat' dir='ltr'>dignitatis</span> <span class='ocrx_word' id='word_1_589' title='bbox 3552 2707 3612 2758; x_wconf 91' lang='lat' dir='ltr'>et</span> <span class='ocrx_word' id='word_1_590' title='bbox 3656 2701 3853 2758; x_wconf 85' lang='lat' dir='ltr'>ordinis</span> 
     </span>
    </p>
   </div>
   <div class='ocr_carea' id='block_1_85' title="bbox 2219 2789 3848 2863">
    <p class='ocr_par' dir='ltr' id='par_1_85' title="bbox 2219 2789 3848 2863">
     <span class='ocr_line' id='line_1_86' title="bbox 2219 2789 3848 2863; baseline 0 -19"><span class='ocrx_word' id='word_1_591' title='bbox 2219 2790 2590 2862; x_wconf 90' lang='lat' dir='ltr'>proportione</span> <span class='ocrx_word' id='word_1_592' title='bbox 2621 2789 2857 2846; x_wconf 89' lang='lat' dir='ltr'>luminis</span> <span class='ocrx_word' id='word_1_593' title='bbox 2887 2795 2944 2846; x_wconf 90' lang='lat' dir='ltr'>et</span> <span class='ocrx_word' id='word_1_594' title='bbox 2983 2791 3184 2862; x_wconf 74' lang='lat' dir='ltr'>gratias</span> <span class='ocrx_word' id='word_1_595' title='bbox 3232 2792 3567 2863; x_wconf 88' lang='lat' dir='ltr'>partlcipes.</span> <span class='ocrx_word' id='word_1_596' title='bbox 3615 2791 3848 2847; x_wconf 88' lang='lat' dir='ltr'>Circum-</span> 
     </span>
    </p>
   </div>
   <div class='ocr_carea' id='block_1_86' title="bbox 2219 2878 3839 2950">
    <p class='ocr_par' dir='ltr' id='par_1_86' title="bbox 2219 2878 3839 2950">
     <span class='ocr_line' id='line_1_87' title="bbox 2219 2878 3839 2950; baseline 0 -17"><span class='ocrx_word' id='word_1_597' title='bbox 2219 2878 2422 2950; x_wconf 91' lang='lat' dir='ltr'>scripti</span> <span class='ocrx_word' id='word_1_598' title='bbox 2456 2885 2630 2935; x_wconf 90' lang='lat' dir='ltr'>sunt:</span> <span class='ocrx_word' id='word_1_599' title='bbox 2657 2896 2790 2934; x_wconf 90' lang='lat' dir='ltr'>nam</span> <span class='ocrx_word' id='word_1_600' title='bbox 2825 2879 2873 2934; x_wconf 92' lang='lat' dir='ltr'>si</span> <span class='ocrx_word' id='word_1_601' title='bbox 2901 2879 3021 2935; x_wconf 92' lang='lat' dir='ltr'>sint</span> <span class='ocrx_word' id='word_1_602' title='bbox 3046 2880 3103 2934; x_wconf 91' lang='lat' dir='ltr'>in</span> <span class='ocrx_word' id='word_1_603' title='bbox 3127 2879 3290 2947; x_wconf 88' lang='lat' dir='ltr'>coelo,</span> <span class='ocrx_word' id='word_1_604' title='bbox 3315 2897 3431 2935; x_wconf 93' lang='lat' dir='ltr'>non</span> <span class='ocrx_word' id='word_1_605' title='bbox 3454 2885 3596 2936; x_wconf 88' lang='lat' dir='ltr'>sunt</span> <span class='ocrx_word' id='word_1_606' title='bbox 3617 2881 3839 2944; x_wconf 86' lang='lat' dir='ltr'>interra,</span> 
     </span>
    </p>
   </div>
   <div class='ocr_carea' id='block_1_87' title="bbox 2217 2967 3838 3040">
    <p class='ocr_par' dir='ltr' id='par_1_87' title="bbox 2217 2967 3838 3040">
     <span class='ocr_line' id='line_1_88' title="bbox 2217 2967 3838 3040; baseline 0.001 -19"><span class='ocrx_word' id='word_1_607' title='bbox 2217 2973 2269 3021; x_wconf 87' lang='lat' dir='ltr'>et</span> <span class='ocrx_word' id='word_1_608' title='bbox 2301 2967 2350 3023; x_wconf 89' lang='lat' dir='ltr'>si</span> <span class='ocrx_word' id='word_1_609' title='bbox 2383 2985 2417 3023; x_wconf 90' lang='lat' dir='ltr'>a</span> <span class='ocrx_word' id='word_1_610' title='bbox 2446 2968 2561 3024; x_wconf 93' lang='lat' dir='ltr'>Deo</span> <span class='ocrx_word' id='word_1_611' title='bbox 2596 2969 2650 3023; x_wconf 92' lang='lat' dir='ltr'>in</span> <span class='ocrx_word' id='word_1_612' title='bbox 2675 2972 2891 3024; x_wconf 88' lang='lat' dir='ltr'>terram</span> <span class='ocrx_word' id='word_1_613' title='bbox 2926 2969 3333 3036; x_wconf 88' lang='lat' dir='ltr'>demittantur,</span> <span class='ocrx_word' id='word_1_614' title='bbox 3362 2969 3420 3023; x_wconf 94' lang='lat' dir='ltr'>in</span> <span class='ocrx_word' id='word_1_615' title='bbox 3451 2970 3593 3025; x_wconf 67' lang='lat' dir='ltr'>coelo</span> <span class='ocrx_word' id='word_1_616' title='bbox 3642 2985 3838 3040; x_wconf 87' lang='lat' dir='ltr'>nequa-</span> 
     </span>
    </p>
   </div>
   <div class='ocr_carea' id='block_1_88' title="bbox 2217 3056 3834 3128">
    <p class='ocr_par' dir='ltr' id='par_1_88' title="bbox 2217 3056 3834 3128">
     <span class='ocr_line' id='line_1_89' title="bbox 2217 3056 3834 3128; baseline -0.002 -17"><span class='ocrx_word' id='word_1_617' title='bbox 2217 3073 2393 3128; x_wconf 88' lang='lat' dir='ltr'>quam</span> <span class='ocrx_word' id='word_1_618' title='bbox 2419 3061 2743 3127; x_wconf 88' lang='lat' dir='ltr'>remanent,</span> <span class='ocrx_word' id='word_1_619' title='bbox 2773 3058 3085 3124; x_wconf 83' lang='lat' dir='ltr'>mcenibus,</span> <span class='ocrx_word' id='word_1_620' title='bbox 3109 3059 3315 3128; x_wconf 86' lang='lat' dir='ltr'>portis,</span> <span class='ocrx_word' id='word_1_621' title='bbox 3338 3057 3630 3124; x_wconf 87' lang='lat' dir='ltr'>claustris,</span> <span class='ocrx_word' id='word_1_622' title='bbox 3651 3056 3834 3123; x_wconf 77' lang='lat' dir='ltr'>sigillis</span> 
     </span>
    </p>
   </div>
   <div class='ocr_carea' id='block_1_89' title="bbox 2217 3147 3820 3205">
    <p class='ocr_par' dir='ltr' id='par_1_89' title="bbox 2217 3147 3820 3205">
     <span class='ocr_line' id='line_1_90' title="bbox 2217 3147 3820 3205; baseline -0.003 -3"><span class='ocrx_word' id='word_1_623' title='bbox 2217 3163 2333 3202; x_wconf 91' lang='lat' dir='ltr'>non</span> <span class='ocrx_word' id='word_1_624' title='bbox 2368 3147 2816 3204; x_wconf 90' lang='lat' dir='ltr'>concluduntur.</span> <span class='ocrx_word' id='word_1_625' title='bbox 2853 3148 3142 3204; x_wconf 83' lang='lat' dir='ltr'>Indeﬁniti</span> <span class='ocrx_word' id='word_1_626' title='bbox 3176 3153 3335 3205; x_wconf 88' lang='lat' dir='ltr'>sunt.</span> <span class='ocrx_word' id='word_1_627' title='bbox 3372 3149 3685 3205; x_wconf 83' lang='lat' dir='ltr'>Indeﬁnitos</span> <span class='ocrx_word' id='word_1_628' title='bbox 3726 3161 3820 3199; x_wconf 87' lang='lat' dir='ltr'>au-</span> 
     </span>
    </p>
   </div>
   <div class='ocr_carea' id='block_1_90' title="bbox 2215 3234 3821 3310">
    <p class='ocr_par' dir='ltr' id='par_1_90' title="bbox 2215 3234 3821 3310">
     <span class='ocr_line' id='line_1_91' title="bbox 2215 3234 3821 3310; baseline -0.002 -20"><span class='ocrx_word' id='word_1_629' title='bbox 2215 3239 2334 3291; x_wconf 90' lang='lat' dir='ltr'>tem</span> <span class='ocrx_word' id='word_1_630' title='bbox 2367 3236 2520 3303; x_wconf 89' lang='lat' dir='ltr'>dico,</span> <span class='ocrx_word' id='word_1_631' title='bbox 2554 3253 2667 3292; x_wconf 92' lang='lat' dir='ltr'>non</span> <span class='ocrx_word' id='word_1_632' title='bbox 2691 3237 2845 3292; x_wconf 92' lang='lat' dir='ltr'>enim</span> <span class='ocrx_word' id='word_1_633' title='bbox 2872 3241 3046 3309; x_wconf 91' lang='lat' dir='ltr'>prout</span> <span class='ocrx_word' id='word_1_634' title='bbox 3074 3242 3237 3310; x_wconf 87' lang='lat' dir='ltr'>sunt,</span> <span class='ocrx_word' id='word_1_635' title='bbox 3268 3239 3350 3294; x_wconf 89' lang='lat' dir='ltr'>ita</span> <span class='ocrx_word' id='word_1_636' title='bbox 3372 3239 3502 3294; x_wconf 87' lang='lat' dir='ltr'>viris</span> <span class='ocrx_word' id='word_1_637' title='bbox 3525 3234 3700 3307; x_wconf 86' lang='lat' dir='ltr'>dignis</span> <span class='ocrx_word' id='word_1_638' title='bbox 3729 3248 3821 3302; x_wconf 87' lang='lat' dir='ltr'>ap-</span> 
     </span>
    </p>
   </div>
   <div class='ocr_carea' id='block_1_91' title="bbox 2217 3321 3834 3398">
    <p class='ocr_par' dir='ltr' id='par_1_91' title="bbox 2217 3321 3834 3398">
     <span class='ocr_line' id='line_1_92' title="bbox 2217 3321 3834 3398; baseline -0.004 -17"><span class='ocrx_word' id='word_1_639' title='bbox 2217 3333 2442 3397; x_wconf 88' lang='lat' dir='ltr'>parent,</span> <span class='ocrx_word' id='word_1_640' title='bbox 2481 3327 2694 3398; x_wconf 90' lang='lat' dir='ltr'>quibus</span> <span class='ocrx_word' id='word_1_641' title='bbox 2737 3344 2836 3383; x_wconf 91' lang='lat' dir='ltr'>eos</span> <span class='ocrx_word' id='word_1_642' title='bbox 2894 3344 3173 3398; x_wconf 89' lang='lat' dir='ltr'>apparere</span> <span class='ocrx_word' id='word_1_643' title='bbox 3232 3328 3390 3384; x_wconf 90' lang='lat' dir='ltr'>Deus</span> <span class='ocrx_word' id='word_1_644' title='bbox 3440 3324 3686 3388; x_wconf 89' lang='lat' dir='ltr'>voluerit,</span> <span class='ocrx_word' id='word_1_645' title='bbox 3733 3321 3834 3378; x_wconf 85' lang='lat' dir='ltr'>sed</span> 
     </span>
    </p>
   </div>
   <div class='ocr_carea' id='block_1_92' title="bbox 2214 3415 3845 3489">
    <p class='ocr_par' dir='ltr' id='par_1_92' title="bbox 2214 3415 3845 3489">
     <span class='ocr_line' id='line_1_93' title="bbox 2214 3415 3845 3489; baseline -0.002 -20"><span class='ocrx_word' id='word_1_646' title='bbox 2214 3415 2642 3487; x_wconf 83' lang='lat' dir='ltr'>transfigurati,</span> <span class='ocrx_word' id='word_1_647' title='bbox 2675 3421 2848 3487; x_wconf 89' lang='lat' dir='ltr'>prout</span> <span class='ocrx_word' id='word_1_648' title='bbox 2881 3417 3027 3472; x_wconf 89' lang='lat' dir='ltr'>ferre</span> <span class='ocrx_word' id='word_1_649' title='bbox 3058 3423 3324 3487; x_wconf 90' lang='lat' dir='ltr'>possunt,</span> <span class='ocrx_word' id='word_1_650' title='bbox 3361 3417 3460 3489; x_wconf 90' lang='lat' dir='ltr'>qui</span> <span class='ocrx_word' id='word_1_651' title='bbox 3489 3433 3582 3474; x_wconf 85' lang='lat' dir='ltr'>eos</span> <span class='ocrx_word' id='word_1_652' title='bbox 3627 3415 3845 3469; x_wconf 85' lang='lat' dir='ltr'>intuen-</span> 
     </span>
    </p>
   </div>
   <div class='ocr_carea' id='block_1_93' title="bbox 2213 3504 3847 3576">
    <p class='ocr_par' dir='ltr' id='par_1_93' title="bbox 2213 3504 3847 3576">
     <span class='ocr_line' id='line_1_94' title="bbox 2213 3504 3847 3576; baseline -0.002 -17"><span class='ocrx_word' id='word_1_653' title='bbox 2213 3507 2330 3560; x_wconf 89' lang='lat' dir='ltr'>tur.</span> <span class='ocrx_word' id='word_1_654' title='bbox 2363 3504 2510 3560; x_wconf 86' lang='lat' dir='ltr'>Nam</span> <span class='ocrx_word' id='word_1_655' title='bbox 2544 3507 2698 3576; x_wconf 91' lang='lat' dir='ltr'>quod</span> <span class='ocrx_word' id='word_1_656' title='bbox 2732 3505 3056 3561; x_wconf 90' lang='lat' dir='ltr'>increatum</span> <span class='ocrx_word' id='word_1_657' title='bbox 3089 3511 3198 3576; x_wconf 89' lang='lat' dir='ltr'>est,</span> <span class='ocrx_word' id='word_1_658' title='bbox 3230 3506 3386 3562; x_wconf 90' lang='lat' dir='ltr'>idem</span> <span class='ocrx_word' id='word_1_659' title='bbox 3419 3516 3628 3563; x_wconf 87' lang='lat' dir='ltr'>natura</span> <span class='ocrx_word' id='word_1_660' title='bbox 3654 3509 3708 3562; x_wconf 88' lang='lat' dir='ltr'>et</span> <span class='ocrx_word' id='word_1_661' title='bbox 3725 3518 3847 3576; x_wconf 85' lang='lat' dir='ltr'>pro-</span> 
     </span>
    </p>
   </div>
   <div class='ocr_carea' id='block_1_94' title="bbox 2214 3595 3854 3667">
    <p class='ocr_par' dir='ltr' id='par_1_94' title="bbox 2214 3595 3854 3667">
     <span class='ocr_line' id='line_1_95' title="bbox 2214 3595 3854 3667; baseline -0.001 -18"><span class='ocrx_word' id='word_1_662' title='bbox 2214 3595 2336 3667; x_wconf 91' lang='lat' dir='ltr'>prie</span> <span class='ocrx_word' id='word_1_663' title='bbox 2366 3595 2741 3652; x_wconf 86' lang='lat' dir='ltr'>indeﬁnitum</span> <span class='ocrx_word' id='word_1_664' title='bbox 2773 3601 2882 3652; x_wconf 90' lang='lat' dir='ltr'>est.</span> <span class='ocrx_word' id='word_1_665' title='bbox 2915 3597 3121 3652; x_wconf 91' lang='lat' dir='ltr'>Omnis</span> <span class='ocrx_word' id='word_1_666' title='bbox 3153 3602 3347 3653; x_wconf 90' lang='lat' dir='ltr'>autem</span> <span class='ocrx_word' id='word_1_667' title='bbox 3395 3603 3665 3653; x_wconf 84' lang='lat' dir='ltr'>creatura</span> <span class='ocrx_word' id='word_1_668' title='bbox 3709 3598 3854 3650; x_wconf 76' lang='lat' dir='ltr'>extra</span> 
     </span>
    </p>
   </div>
   <div class='ocr_carea' id='block_1_95' title="bbox 2215 3681 3858 3741">
    <p class='ocr_par' dir='ltr' id='par_1_95' title="bbox 2215 3681 3858 3741">
     <span class='ocr_line' id='line_1_96' title="bbox 2215 3681 3858 3741; baseline -0.002 -3"><span class='ocrx_word' id='word_1_669' title='bbox 2215 3683 2530 3738; x_wconf 88' lang='lat' dir='ltr'>essentiam</span> <span class='ocrx_word' id='word_1_670' title='bbox 2563 3701 2594 3739; x_wconf 85' lang='lat' dir='ltr'>a</span> <span class='ocrx_word' id='word_1_671' title='bbox 2624 3684 2892 3740; x_wconf 88' lang='lat' dir='ltr'>Creatore</span> <span class='ocrx_word' id='word_1_672' title='bbox 2924 3702 3030 3740; x_wconf 89' lang='lat' dir='ltr'>suo</span> <span class='ocrx_word' id='word_1_673' title='bbox 3063 3685 3363 3740; x_wconf 85' lang='lat' dir='ltr'>deﬁnitur.</span> <span class='ocrx_word' id='word_1_674' title='bbox 3399 3686 3580 3741; x_wconf 91' lang='lat' dir='ltr'>Iidem</span> <span class='ocrx_word' id='word_1_675' title='bbox 3610 3681 3858 3740; x_wconf 82' lang='lat' dir='ltr'>sanctiﬁ-</span> 
     </span>
    </p>
   </div>
   <div class='ocr_carea' id='block_1_96' title="bbox 2214 3772 3859 3847">
    <p class='ocr_par' dir='ltr' id='par_1_96' title="bbox 2214 3772 3859 3847">
     <span class='ocr_line' id='line_1_97' title="bbox 2214 3772 3859 3847; baseline -0.001 -20"><span class='ocrx_word' id='word_1_676' title='bbox 2214 3772 2503 3828; x_wconf 87' lang='lat' dir='ltr'>cationem</span> <span class='ocrx_word' id='word_1_677' title='bbox 2535 3791 2568 3828; x_wconf 90' lang='lat' dir='ltr'>a</span> <span class='ocrx_word' id='word_1_678' title='bbox 2625 3778 2826 3829; x_wconf 89' lang='lat' dir='ltr'>sancto</span> <span class='ocrx_word' id='word_1_679' title='bbox 2867 3774 3089 3846; x_wconf 89' lang='lat' dir='ltr'>Spiritu</span> <span class='ocrx_word' id='word_1_680' title='bbox 3135 3774 3376 3840; x_wconf 84' lang='lat' dir='ltr'>habent,</span> <span class='ocrx_word' id='word_1_681' title='bbox 3424 3775 3626 3830; x_wconf 87' lang='lat' dir='ltr'>divina</span> <span class='ocrx_word' id='word_1_682' title='bbox 3680 3772 3859 3847; x_wconf 83' lang='lat' dir='ltr'>gratia</span> 
     </span>
    </p>
   </div>
   <div class='ocr_carea' id='block_1_97' title="bbox 2211 3859 3867 3936">
    <p class='ocr_par' dir='ltr' id='par_1_97' title="bbox 2211 3859 3867 3936">
     <span class='ocr_line' id='line_1_98' title="bbox 2211 3859 3867 3936; baseline 0 -20"><span class='ocrx_word' id='word_1_683' title='bbox 2211 3859 2631 3928; x_wconf 88' lang='lat' dir='ltr'>vaticinantur,</span> <span class='ocrx_word' id='word_1_684' title='bbox 2687 3863 2908 3934; x_wconf 88' lang='lat' dir='ltr'>nuptiis</span> <span class='ocrx_word' id='word_1_685' title='bbox 2968 3863 3430 3936; x_wconf 84' lang='lat' dir='ltr'>haudquaquam</span> <span class='ocrx_word' id='word_1_686' title='bbox 3481 3868 3679 3934; x_wconf 86' lang='lat' dir='ltr'>egent,</span> <span class='ocrx_word' id='word_1_687' title='bbox 3730 3877 3867 3918; x_wconf 83' lang='lat' dir='ltr'>mor-</span> 
     </span>
    </p>
   </div>
   <div class='ocr_carea' id='block_1_98' title="bbox 2213 3951 3862 4024">
    <p class='ocr_par' dir='ltr' id='par_1_98' title="bbox 2213 3951 3862 4024">
     <span class='ocr_line' id='line_1_99' title="bbox 2213 3951 3862 4024; baseline 0.001 -20"><span class='ocrx_word' id='word_1_688' title='bbox 2213 3951 2354 4007; x_wconf 89' lang='lat' dir='ltr'>tales</span> <span class='ocrx_word' id='word_1_689' title='bbox 2385 3951 2540 4006; x_wconf 91' lang='lat' dir='ltr'>enim</span> <span class='ocrx_word' id='word_1_690' title='bbox 2577 3968 2691 4007; x_wconf 92' lang='lat' dir='ltr'>non</span> <span class='ocrx_word' id='word_1_691' title='bbox 2725 3956 2885 4007; x_wconf 91' lang='lat' dir='ltr'>sunt.</span> <span class='ocrx_word' id='word_1_692' title='bbox 2916 3952 3024 4007; x_wconf 90' lang='lat' dir='ltr'>Sed</span> <span class='ocrx_word' id='word_1_693' title='bbox 3055 3969 3192 4008; x_wconf 90' lang='lat' dir='ltr'>cum</span> <span class='ocrx_word' id='word_1_694' title='bbox 3212 3952 3332 4008; x_wconf 90' lang='lat' dir='ltr'>sint</span> <span class='ocrx_word' id='word_1_695' title='bbox 3353 3953 3628 4024; x_wconf 86' lang='lat' dir='ltr'>spiritus,</span> <span class='ocrx_word' id='word_1_696' title='bbox 3662 3952 3862 4008; x_wconf 85' lang='lat' dir='ltr'>idcirco</span> 
     </span>
    </p>
   </div>
   <div class='ocr_carea' id='block_1_99' title="bbox 2213 4039 3860 4113">
    <p class='ocr_par' dir='ltr' id='par_1_99' title="bbox 2213 4039 3860 4113">
     <span class='ocr_line' id='line_1_100' title="bbox 2213 4039 3860 4113; baseline -0.001 -18"><span class='ocrx_word' id='word_1_697' title='bbox 2213 4039 2389 4095; x_wconf 89' lang='lat' dir='ltr'>etiam</span> <span class='ocrx_word' id='word_1_698' title='bbox 2421 4039 2482 4094; x_wconf 91' lang='lat' dir='ltr'>in</span> <span class='ocrx_word' id='word_1_699' title='bbox 2512 4039 2660 4095; x_wconf 91' lang='lat' dir='ltr'>locis</span> <span class='ocrx_word' id='word_1_700' title='bbox 2692 4039 3008 4096; x_wconf 90' lang='lat' dir='ltr'>intellectui</span> <span class='ocrx_word' id='word_1_701' title='bbox 3041 4040 3146 4096; x_wconf 88' lang='lat' dir='ltr'>soli</span> <span class='ocrx_word' id='word_1_702' title='bbox 3180 4041 3394 4113; x_wconf 89' lang='lat' dir='ltr'>perviis</span> <span class='ocrx_word' id='word_1_703' title='bbox 3429 4040 3724 4105; x_wconf 85' lang='lat' dir='ltr'>habitant,</span> <span class='ocrx_word' id='word_1_704' title='bbox 3761 4057 3860 4096; x_wconf 90' lang='lat' dir='ltr'>non</span> 
     </span>
    </p>
   </div>
   <div class='ocr_carea' id='block_1_100' title="bbox 2213 4129 3865 4204">
    <p class='ocr_par' dir='ltr' id='par_1_100' title="bbox 2213 4129 3865 4204">
     <span class='ocr_line' id='line_1_101' title="bbox 2213 4129 3865 4204; baseline -0.001 -21"><span class='ocrx_word' id='word_1_705' title='bbox 2213 4132 2278 4183; x_wconf 90' lang='lat' dir='ltr'>ut</span> <span class='ocrx_word' id='word_1_706' title='bbox 2307 4145 2546 4201; x_wconf 91' lang='lat' dir='ltr'>corpore</span> <span class='ocrx_word' id='word_1_707' title='bbox 2587 4129 3183 4186; x_wconf 88' lang='lat' dir='ltr'>circumscribantur:</span> <span class='ocrx_word' id='word_1_708' title='bbox 3237 4147 3341 4185; x_wconf 91' lang='lat' dir='ltr'>nec</span> <span class='ocrx_word' id='word_1_709' title='bbox 3389 4130 3547 4185; x_wconf 88' lang='lat' dir='ltr'>enim</span> <span class='ocrx_word' id='word_1_710' title='bbox 3590 4144 3865 4204; x_wconf 82' lang='lat' dir='ltr'>corporea</span> 
     </span>
    </p>
   </div>
   <div class='ocr_carea' id='block_1_101' title="bbox 2213 4218 3865 4292">
    <p class='ocr_par' dir='ltr' id='par_1_101' title="bbox 2213 4218 3865 4292">
     <span class='ocr_line' id='line_1_102' title="bbox 2213 4218 3865 4292; baseline 0.001 -19"><span class='ocrx_word' id='word_1_711' title='bbox 2213 4221 2420 4273; x_wconf 89' lang='lat' dir='ltr'>natura</span> <span class='ocrx_word' id='word_1_712' title='bbox 2454 4233 2557 4273; x_wconf 88' lang='lat' dir='ltr'>seu</span> <span class='ocrx_word' id='word_1_713' title='bbox 2585 4218 2868 4274; x_wconf 79' lang='lat' dir='ltr'>exteriore</span> <span class='ocrx_word' id='word_1_714' title='bbox 2897 4219 3083 4290; x_wconf 81' lang='lat' dir='ltr'>ﬁgura</span> <span class='ocrx_word' id='word_1_715' title='bbox 3135 4219 3444 4291; x_wconf 85' lang='lat' dir='ltr'>effigieque</span> <span class='ocrx_word' id='word_1_716' title='bbox 3497 4219 3691 4277; x_wconf 86' lang='lat' dir='ltr'>dividi</span> <span class='ocrx_word' id='word_1_717' title='bbox 3743 4235 3865 4292; x_wconf 84' lang='lat' dir='ltr'>pos-</span> 
     </span>
    </p>
   </div>
   <div class='ocr_carea' id='block_1_102' title="bbox 2211 4307 3864 4379">
    <p class='ocr_par' dir='ltr' id='par_1_102' title="bbox 2211 4307 3864 4379">
     <span class='ocr_line' id='line_1_103' title="bbox 2211 4307 3864 4379; baseline -0.001 -17"><span class='ocrx_word' id='word_1_718' title='bbox 2211 4311 2372 4376; x_wconf 91' lang='lat' dir='ltr'>sunt,</span> <span class='ocrx_word' id='word_1_719' title='bbox 2404 4307 2504 4363; x_wconf 88' lang='lat' dir='ltr'>sed</span> <span class='ocrx_word' id='word_1_720' title='bbox 2564 4307 2703 4378; x_wconf 89' lang='lat' dir='ltr'>quia</span> <span class='ocrx_word' id='word_1_721' title='bbox 2758 4307 3056 4363; x_wconf 89' lang='lat' dir='ltr'>intellectu</span> <span class='ocrx_word' id='word_1_722' title='bbox 3120 4307 3246 4364; x_wconf 91' lang='lat' dir='ltr'>solo</span> <span class='ocrx_word' id='word_1_723' title='bbox 3307 4307 3505 4379; x_wconf 86' lang='lat' dir='ltr'>pervia</span> <span class='ocrx_word' id='word_1_724' title='bbox 3554 4307 3864 4379; x_wconf 74' lang='lat' dir='ltr'>praesentia</span> 
     </span>
    </p>
   </div>
   <div class='ocr_carea' id='block_1_103' title="bbox 2211 4395 3868 4469">
    <p class='ocr_par' dir='ltr' id='par_1_103' title="bbox 2211 4395 3868 4469">
     <span class='ocr_line' id='line_1_104' title="bbox 2211 4395 3868 4469; baseline -0.001 -17"><span class='ocrx_word' id='word_1_725' title='bbox 2211 4400 2372 4465; x_wconf 86' lang='lat' dir='ltr'>sunt,</span> <span class='ocrx_word' id='word_1_726' title='bbox 2415 4395 2689 4467; x_wconf 89' lang='lat' dir='ltr'>jussique</span> <span class='ocrx_word' id='word_1_727' title='bbox 2745 4399 3167 4468; x_wconf 89' lang='lat' dir='ltr'>obsequuntur,</span> <span class='ocrx_word' id='word_1_728' title='bbox 3223 4413 3328 4452; x_wconf 91' lang='lat' dir='ltr'>nec</span> <span class='ocrx_word' id='word_1_729' title='bbox 3375 4414 3493 4453; x_wconf 91' lang='lat' dir='ltr'>uno</span> <span class='ocrx_word' id='word_1_730' title='bbox 3549 4400 3868 4469; x_wconf 85' lang='lat' dir='ltr'>eodemque</span> 
     </span>
    </p>
   </div>
   <div class='ocr_carea' id='block_1_104' title="bbox 2209 4485 3868 4559">
    <p class='ocr_par' dir='ltr' id='par_1_104' title="bbox 2209 4485 3868 4559">
     <span class='ocr_line' id='line_1_105' title="bbox 2209 4485 3868 4559; baseline 0 -16"><span class='ocrx_word' id='word_1_731' title='bbox 2209 4491 2500 4543; x_wconf 89' lang='lat' dir='ltr'>momento</span> <span class='ocrx_word' id='word_1_732' title='bbox 2543 4486 2638 4543; x_wconf 89' lang='lat' dir='ltr'>hic</span> <span class='ocrx_word' id='word_1_733' title='bbox 2695 4491 2750 4542; x_wconf 91' lang='lat' dir='ltr'>et</span> <span class='ocrx_word' id='word_1_734' title='bbox 2809 4487 2927 4542; x_wconf 91' lang='lat' dir='ltr'>illic</span> <span class='ocrx_word' id='word_1_735' title='bbox 2977 4504 3105 4544; x_wconf 90' lang='lat' dir='ltr'>esse</span> <span class='ocrx_word' id='word_1_736' title='bbox 3152 4491 3208 4543; x_wconf 89' lang='lat' dir='ltr'>et</span> <span class='ocrx_word' id='word_1_737' title='bbox 3256 4504 3498 4544; x_wconf 89' lang='lat' dir='ltr'>munere</span> <span class='ocrx_word' id='word_1_738' title='bbox 3546 4506 3672 4546; x_wconf 86' lang='lat' dir='ltr'>suo</span> <span class='ocrx_word' id='word_1_739' title='bbox 3721 4485 3868 4559; x_wconf 84' lang='lat' dir='ltr'>fungi</span> 
     </span>
    </p>
   </div>
   <div class='ocr_carea' id='block_1_105' title="bbox 2211 4577 3866 4648">
    <p class='ocr_par' dir='ltr' id='par_1_105' title="bbox 2211 4577 3866 4648">
     <span class='ocr_line' id='line_1_106' title="bbox 2211 4577 3866 4648; baseline -0.001 -16"><span class='ocrx_word' id='word_1_740' title='bbox 2211 4581 2480 4648; x_wconf 89' lang='lat' dir='ltr'>possunt.</span> <span class='ocrx_word' id='word_1_741' title='bbox 2513 4578 2598 4631; x_wconf 85' lang='lat' dir='ltr'>Au</span> <span class='ocrx_word' id='word_1_742' title='bbox 2629 4580 2823 4632; x_wconf 88' lang='lat' dir='ltr'>autem</span> <span class='ocrx_word' id='word_1_743' title='bbox 2859 4593 3028 4647; x_wconf 88' lang='lat' dir='ltr'>pares</span> <span class='ocrx_word' id='word_1_744' title='bbox 3059 4577 3315 4632; x_wconf 88' lang='lat' dir='ltr'>essentia</span> <span class='ocrx_word' id='word_1_745' title='bbox 3344 4577 3485 4644; x_wconf 90' lang='lat' dir='ltr'>sint,</span> <span class='ocrx_word' id='word_1_746' title='bbox 3510 4594 3590 4632; x_wconf 90' lang='lat' dir='ltr'>an</span> <span class='ocrx_word' id='word_1_747' title='bbox 3617 4596 3757 4636; x_wconf 81' lang='lat' dir='ltr'>vero</span> <span class='ocrx_word' id='word_1_748' title='bbox 3783 4577 3866 4635; x_wconf 82' lang='lat' dir='ltr'>alii</span> 
     </span>
    </p>
   </div>
   <div class='ocr_carea' id='block_1_106' title="bbox 2134 4660 3870 4734">
    <p class='ocr_par' dir='ltr' id='par_1_106' title="bbox 2134 4660 3870 4734">
     <span class='ocr_line' id='line_1_107' title="bbox 2134 4660 3870 4734; baseline -0.001 -12"><span class='ocrx_word' id='word_1_749' title='bbox 2134 4660 2181 4722; x_wconf 91' lang='lat' dir='ltr'>D</span> <span class='ocrx_word' id='word_1_750' title='bbox 2211 4665 2282 4720; x_wconf 89' lang='lat' dir='ltr'>ab</span> <span class='ocrx_word' id='word_1_751' title='bbox 2314 4665 2444 4721; x_wconf 89' lang='lat' dir='ltr'>aliis</span> <span class='ocrx_word' id='word_1_752' title='bbox 2477 4665 2767 4734; x_wconf 75' lang='lat' dir='ltr'>differant,</span> <span class='ocrx_word' id='word_1_753' title='bbox 2802 4667 3113 4722; x_wconf 86' lang='lat' dir='ltr'>nescimus.</span> <span class='ocrx_word' id='word_1_754' title='bbox 3157 4668 3326 4722; x_wconf 89' lang='lat' dir='ltr'>Solus</span> <span class='ocrx_word' id='word_1_755' title='bbox 3384 4682 3597 4724; x_wconf 86' lang='lat' dir='ltr'>eorum</span> <span class='ocrx_word' id='word_1_756' title='bbox 3653 4673 3870 4724; x_wconf 83' lang='lat' dir='ltr'>creator</span> 
     </span>
    </p>
   </div>
   <div class='ocr_carea' id='block_1_107' title="bbox 2205 4754 3873 4827">
    <p class='ocr_par' dir='ltr' id='par_1_107' title="bbox 2205 4754 3873 4827">
     <span class='ocr_line' id='line_1_108' title="bbox 2205 4754 3873 4827; baseline 0.002 -18"><span class='ocrx_word' id='word_1_757' title='bbox 2205 4758 2358 4810; x_wconf 90' lang='lat' dir='ltr'>Deus</span> <span class='ocrx_word' id='word_1_758' title='bbox 2391 4756 2448 4810; x_wconf 91' lang='lat' dir='ltr'>id</span> <span class='ocrx_word' id='word_1_759' title='bbox 2485 4757 2664 4823; x_wconf 92' lang='lat' dir='ltr'>novit,</span> <span class='ocrx_word' id='word_1_760' title='bbox 2697 4758 2788 4810; x_wconf 88' lang='lat' dir='ltr'>cui</span> <span class='ocrx_word' id='word_1_761' title='bbox 2822 4754 3000 4811; x_wconf 91' lang='lat' dir='ltr'>etiam</span> <span class='ocrx_word' id='word_1_762' title='bbox 3032 4755 3230 4810; x_wconf 88' lang='lat' dir='ltr'>omnia</span> <span class='ocrx_word' id='word_1_763' title='bbox 3247 4756 3488 4827; x_wconf 85' lang='lat' dir='ltr'>cognita</span> <span class='ocrx_word' id='word_1_764' title='bbox 3509 4766 3688 4814; x_wconf 89' lang='lat' dir='ltr'>sunt.</span> <span class='ocrx_word' id='word_1_765' title='bbox 3714 4757 3873 4814; x_wconf 77' lang='lat' dir='ltr'>Diife-</span> 
     </span>
    </p>
   </div>
   <div class='ocr_carea' id='block_1_108' title="bbox 2207 4842 3869 4915">
    <p class='ocr_par' dir='ltr' id='par_1_108' title="bbox 2207 4842 3869 4915">
     <span class='ocr_line' id='line_1_109' title="bbox 2207 4842 3869 4915; baseline 0.001 -18"><span class='ocrx_word' id='word_1_766' title='bbox 2207 4850 2344 4898; x_wconf 89' lang='lat' dir='ltr'>runt</span> <span class='ocrx_word' id='word_1_767' title='bbox 2375 4851 2567 4900; x_wconf 90' lang='lat' dir='ltr'>autem</span> <span class='ocrx_word' id='word_1_768' title='bbox 2601 4844 2698 4898; x_wconf 86' lang='lat' dir='ltr'>alii</span> <span class='ocrx_word' id='word_1_769' title='bbox 2729 4844 2800 4898; x_wconf 86' lang='lat' dir='ltr'>ab</span> <span class='ocrx_word' id='word_1_770' title='bbox 2834 4842 2966 4899; x_wconf 86' lang='lat' dir='ltr'>aliis</span> <span class='ocrx_word' id='word_1_771' title='bbox 2999 4843 3310 4915; x_wconf 90' lang='lat' dir='ltr'>splendore</span> <span class='ocrx_word' id='word_1_772' title='bbox 3369 4849 3426 4898; x_wconf 91' lang='lat' dir='ltr'>et</span> <span class='ocrx_word' id='word_1_773' title='bbox 3472 4847 3720 4914; x_wconf 88' lang='lat' dir='ltr'>ordine,</span> <span class='ocrx_word' id='word_1_774' title='bbox 3766 4849 3869 4903; x_wconf 82' lang='lat' dir='ltr'>sive</span> 
     </span>
    </p>
   </div>
   <div class='ocr_carea' id='block_1_109' title="bbox 2207 4932 3874 5009">
    <p class='ocr_par' dir='ltr' id='par_1_109' title="bbox 2207 4932 3874 5009">
     <span class='ocr_line' id='line_1_110' title="bbox 2207 4932 3874 5009; baseline 0.002 -22"><span class='ocrx_word' id='word_1_775' title='bbox 2207 4934 2472 4988; x_wconf 91' lang='lat' dir='ltr'>ordinem</span> <span class='ocrx_word' id='word_1_776' title='bbox 2505 4936 2735 4989; x_wconf 82' lang='lat' dir='ltr'>servent</span> <span class='ocrx_word' id='word_1_777' title='bbox 2759 4934 2827 4988; x_wconf 87' lang='lat' dir='ltr'>ad</span> <span class='ocrx_word' id='word_1_778' title='bbox 2855 4932 3251 5004; x_wconf 91' lang='lat' dir='ltr'>splendorem,</span> <span class='ocrx_word' id='word_1_779' title='bbox 3285 4934 3404 4988; x_wconf 86' lang='lat' dir='ltr'>sive</span> <span class='ocrx_word' id='word_1_780' title='bbox 3423 4933 3759 5005; x_wconf 86' lang='lat' dir='ltr'>splendore</span> <span class='ocrx_word' id='word_1_781' title='bbox 3783 4953 3874 5009; x_wconf 80' lang='lat' dir='ltr'>po-</span> 
     </span>
    </p>
   </div>
   <div class='ocr_carea' id='block_1_110' title="bbox 2207 5009 3869 5093">
    <p class='ocr_par' dir='ltr' id='par_1_110' title="bbox 2207 5009 3869 5093">
     <span class='ocr_line' id='line_1_111' title="bbox 2207 5009 3869 5093; baseline 0.002 -17"><span class='ocrx_word' id='word_1_782' title='bbox 2207 5009 2718 5093; x_wconf 81' lang='lat' dir='ltr'>tiantur,eumque</span> <span class='ocrx_word' id='word_1_783' title='bbox 2743 5021 2839 5076; x_wconf 88' lang='lat' dir='ltr'>alii</span> <span class='ocrx_word' id='word_1_784' title='bbox 2866 5021 3001 5077; x_wconf 89' lang='lat' dir='ltr'>altis</span> <span class='ocrx_word' id='word_1_785' title='bbox 3022 5026 3482 5092; x_wconf 85' lang='lat' dir='ltr'>communicent,</span> <span class='ocrx_word' id='word_1_786' title='bbox 3507 5033 3575 5079; x_wconf 89' lang='lat' dir='ltr'>ut</span> <span class='ocrx_word' id='word_1_787' title='bbox 3599 5028 3869 5082; x_wconf 86' lang='lat' dir='ltr'>ordinem</span> 
     </span>
    </p>
   </div>
   <div class='ocr_carea' id='block_1_111' title="bbox 2210 5110 3874 5182">
    <p class='ocr_par' dir='ltr' id='par_1_111' title="bbox 2210 5110 3874 5182">
     <span class='ocr_line' id='line_1_112' title="bbox 2210 5110 3874 5182; baseline 0.002 -16"><span class='ocrx_word' id='word_1_788' title='bbox 2210 5114 2573 5166; x_wconf 89' lang='lat' dir='ltr'>conservent.</span> <span class='ocrx_word' id='word_1_789' title='bbox 2607 5110 2836 5166; x_wconf 89' lang='lat' dir='ltr'>Certum</span> <span class='ocrx_word' id='word_1_790' title='bbox 2870 5119 2927 5165; x_wconf 89' lang='lat' dir='ltr'>et</span> <span class='ocrx_word' id='word_1_791' title='bbox 2955 5115 3151 5166; x_wconf 89' lang='lat' dir='ltr'>autem</span> <span class='ocrx_word' id='word_1_792' title='bbox 3186 5127 3286 5166; x_wconf 90' lang='lat' dir='ltr'>eos</span> <span class='ocrx_word' id='word_1_793' title='bbox 3317 5112 3413 5182; x_wconf 90' lang='lat' dir='ltr'>qui</span> <span class='ocrx_word' id='word_1_794' title='bbox 3448 5115 3690 5171; x_wconf 79' lang='lat' dir='ltr'>suntin</span> <span class='ocrx_word' id='word_1_795' title='bbox 3739 5115 3874 5171; x_wconf 84' lang='lat' dir='ltr'>infe-</span> 
     </span>
    </p>
   </div>
   <div class='ocr_carea' id='block_1_112' title="bbox 2208 5199 3872 5274">
    <p class='ocr_par' dir='ltr' id='par_1_112' title="bbox 2208 5199 3872 5274">
     <span class='ocr_line' id='line_1_113' title="bbox 2208 5199 3872 5274; baseline 0.002 -20"><span class='ocrx_word' id='word_1_796' title='bbox 2208 5200 2461 5254; x_wconf 81' lang='lat' dir='ltr'>rioribus</span> <span class='ocrx_word' id='word_1_797' title='bbox 2493 5200 2800 5256; x_wconf 88' lang='lat' dir='ltr'>ordinibus</span> <span class='ocrx_word' id='word_1_798' title='bbox 2831 5205 2887 5256; x_wconf 89' lang='lat' dir='ltr'>et</span> <span class='ocrx_word' id='word_1_799' title='bbox 2919 5199 3290 5272; x_wconf 89' lang='lat' dir='ltr'>splendorem</span> <span class='ocrx_word' id='word_1_800' title='bbox 3345 5205 3401 5256; x_wconf 88' lang='lat' dir='ltr'>et</span> <span class='ocrx_word' id='word_1_801' title='bbox 3457 5205 3872 5274; x_wconf 88' lang='lat' dir='ltr'>cognitionem</span> 
     </span>
    </p>
   </div>
   <div class='ocr_carea' id='block_1_113' title="bbox 2209 5289 3880 5366">
    <p class='ocr_par' dir='ltr' id='par_1_113' title="bbox 2209 5289 3880 5366">
     <span class='ocr_line' id='line_1_114' title="bbox 2209 5289 3880 5366; baseline 0.002 -22"><span class='ocrx_word' id='word_1_802' title='bbox 2209 5289 2280 5344; x_wconf 89' lang='lat' dir='ltr'>ab</span> <span class='ocrx_word' id='word_1_803' title='bbox 2309 5289 2380 5344; x_wconf 90' lang='lat' dir='ltr'>iis</span> <span class='ocrx_word' id='word_1_804' title='bbox 2414 5289 2581 5360; x_wconf 88' lang='lat' dir='ltr'>quasi</span> <span class='ocrx_word' id='word_1_805' title='bbox 2613 5306 2714 5360; x_wconf 89' lang='lat' dir='ltr'>per</span> <span class='ocrx_word' id='word_1_806' title='bbox 2745 5306 2956 5345; x_wconf 85' lang='lat' dir='ltr'>manus</span> <span class='ocrx_word' id='word_1_807' title='bbox 2988 5290 3267 5361; x_wconf 88' lang='lat' dir='ltr'>accipere,</span> <span class='ocrx_word' id='word_1_808' title='bbox 3302 5289 3399 5359; x_wconf 89' lang='lat' dir='ltr'>qui</span> <span class='ocrx_word' id='word_1_809' title='bbox 3431 5297 3579 5346; x_wconf 88' lang='lat' dir='ltr'>sunt</span> <span class='ocrx_word' id='word_1_810' title='bbox 3612 5294 3677 5348; x_wconf 91' lang='lat' dir='ltr'>in</span> <span class='ocrx_word' id='word_1_811' title='bbox 3714 5308 3880 5366; x_wconf 87' lang='lat' dir='ltr'>supe-</span> 
     </span>
    </p>
   </div>
   <div class='ocr_carea' id='block_1_114' title="bbox 2208 5379 3882 5450">
    <p class='ocr_par' dir='ltr' id='par_1_114' title="bbox 2208 5379 3882 5450">
     <span class='ocr_line' id='line_1_115' title="bbox 2208 5379 3882 5450; baseline 0.002 -16"><span class='ocrx_word' id='word_1_812' title='bbox 2208 5379 2484 5434; x_wconf 89' lang='lat' dir='ltr'>rioribus.</span> <span class='ocrx_word' id='word_1_813' title='bbox 2519 5379 2717 5434; x_wconf 90' lang='lat' dir='ltr'>Fortes</span> <span class='ocrx_word' id='word_1_814' title='bbox 2751 5387 3023 5450; x_wconf 68' lang='lat' dir='ltr'>prmterea</span> <span class='ocrx_word' id='word_1_815' title='bbox 3054 5382 3214 5443; x_wconf 89' lang='lat' dir='ltr'>sunt,</span> <span class='ocrx_word' id='word_1_816' title='bbox 3249 5384 3308 5433; x_wconf 90' lang='lat' dir='ltr'>et</span> <span class='ocrx_word' id='word_1_817' title='bbox 3339 5379 3528 5450; x_wconf 89' lang='lat' dir='ltr'>parati</span> <span class='ocrx_word' id='word_1_818' title='bbox 3562 5384 3642 5437; x_wconf 86' lang='lat' dir='ltr'>ad</span> <span class='ocrx_word' id='word_1_819' title='bbox 3669 5384 3882 5438; x_wconf 67' lang='lat' dir='ltr'>divine</span> 
     </span>
    </p>
   </div>
   <div class='ocr_carea' id='block_1_115' title="bbox 2206 5467 3884 5541">
    <p class='ocr_par' dir='ltr' id='par_1_115' title="bbox 2206 5467 3884 5541">
     <span class='ocr_line' id='line_1_116' title="bbox 2206 5467 3884 5541; baseline 0.004 -19"><span class='ocrx_word' id='word_1_820' title='bbox 2206 5469 2523 5523; x_wconf 88' lang='lat' dir='ltr'>voluntatis</span> <span class='ocrx_word' id='word_1_821' title='bbox 2553 5469 3006 5533; x_wconf 87' lang='lat' dir='ltr'>exsecutionem,</span> <span class='ocrx_word' id='word_1_822' title='bbox 3037 5467 3469 5539; x_wconf 80' lang='lat' dir='ltr'>confestimque</span> <span class='ocrx_word' id='word_1_823' title='bbox 3512 5473 3759 5541; x_wconf 85' lang='lat' dir='ltr'>passim</span> <span class='ocrx_word' id='word_1_824' title='bbox 3795 5488 3884 5528; x_wconf 85' lang='lat' dir='ltr'>re.-</span> 
     </span>
    </p>
   </div>
   <div class='ocr_carea' id='block_1_116' title="bbox 2207 5556 3884 5635">
    <p class='ocr_par' dir='ltr' id='par_1_116' title="bbox 2207 5556 3884 5635">
     <span class='ocr_line' id='line_1_117' title="bbox 2207 5556 3884 5635; baseline 0.004 -23"><span class='ocrx_word' id='word_1_825' title='bbox 2207 5556 2539 5628; x_wconf 91' lang='lat' dir='ltr'>periuntur,</span> <span class='ocrx_word' id='word_1_826' title='bbox 2574 5560 2733 5612; x_wconf 86' lang='lat' dir='ltr'>tanta</span> <span class='ocrx_word' id='word_1_827' title='bbox 2762 5560 2850 5613; x_wconf 88' lang='lat' dir='ltr'>est</span> <span class='ocrx_word' id='word_1_828' title='bbox 2876 5572 3080 5612; x_wconf 90' lang='lat' dir='ltr'>eorum</span> <span class='ocrx_word' id='word_1_829' title='bbox 3115 5559 3333 5610; x_wconf 81' lang='lat' dir='ltr'>naturae</span> <span class='ocrx_word' id='word_1_830' title='bbox 3365 5556 3677 5628; x_wconf 87' lang='lat' dir='ltr'>celeritas,</span> <span class='ocrx_word' id='word_1_831' title='bbox 3738 5579 3884 5635; x_wconf 85' lang='lat' dir='ltr'>quo-</span> 
     </span>
    </p>
   </div>
   <div class='ocr_carea' id='block_1_117' title="bbox 2207 5641 3881 5716">
    <p class='ocr_par' dir='ltr' id='par_1_117' title="bbox 2207 5641 3881 5716">
     <span class='ocr_line' id='line_1_118' title="bbox 2207 5641 3881 5716; baseline 0.004 -16"><span class='ocrx_word' id='word_1_832' title='bbox 2207 5661 2437 5716; x_wconf 89' lang='lat' dir='ltr'>cunque</span> <span class='ocrx_word' id='word_1_833' title='bbox 2453 5645 2685 5702; x_wconf 88' lang='lat' dir='ltr'>divinus</span> <span class='ocrx_word' id='word_1_834' title='bbox 2704 5645 2836 5701; x_wconf 89' lang='lat' dir='ltr'>illos</span> <span class='ocrx_word' id='word_1_835' title='bbox 2855 5648 3033 5701; x_wconf 90' lang='lat' dir='ltr'>nutus</span> <span class='ocrx_word' id='word_1_836' title='bbox 3047 5641 3447 5700; x_wconf 78' lang='lat' dir='ltr'>emendaverit</span> <span class='ocrx_word' id='word_1_837' title='bbox 3463 5662 3476 5701; x_wconf 89' lang='lat'><strong>:</strong></span> <span class='ocrx_word' id='word_1_838' title='bbox 3494 5652 3881 5706; x_wconf 86' lang='lat' dir='ltr'>custodiunt-</span> 
     </span>
    </p>
   </div>
   <div class='ocr_carea' id='block_1_118' title="bbox 2207 5731 3896 5817">
    <p class='ocr_par' dir='ltr' id='par_1_118' title="bbox 2207 5731 3896 5817">
     <span class='ocr_line' id='line_1_119' title="bbox 2207 5731 3896 5817; baseline 0.007 -27"><span class='ocrx_word' id='word_1_839' title='bbox 2207 5748 2317 5807; x_wconf 87' lang='lat' dir='ltr'>que</span> <span class='ocrx_word' id='word_1_840' title='bbox 2362 5734 2632 5808; x_wconf 79' lang='lat' dir='ltr'>regiones</span> <span class='ocrx_word' id='word_1_841' title='bbox 2665 5741 2845 5806; x_wconf 80' lang='lat' dir='ltr'>terrea,</span> <span class='ocrx_word' id='word_1_842' title='bbox 2876 5733 3150 5808; x_wconf 83' lang='lat' dir='ltr'>gentibus</span> <span class='ocrx_word' id='word_1_843' title='bbox 3177 5735 3231 5792; x_wconf 84' lang='lat' dir='ltr'>et</span> <span class='ocrx_word' id='word_1_844' title='bbox 3258 5731 3406 5793; x_wconf 81' lang='lat' dir='ltr'>locis</span> <span class='ocrx_word' id='word_1_845' title='bbox 3426 5735 3742 5810; x_wconf 59' lang='lat' dir='ltr'>prafecti,</span> <span class='ocrx_word' id='word_1_846' title='bbox 3767 5757 3896 5817; x_wconf 81' lang='lat' dir='ltr'>pro-</span> 
     </span>
    </p>
   </div>
  </div>
