4090 6298
317 394 467 456 1181

1658 389 1969 454 THESAU
1978 390 2059 451 BI
2101 390 2255 453 LIB.
2303 390 2381 454 Il.

3563 394 3720 455 1182

323 530 389 581 ut
418 525 670 581 Creatori
698 525 809 596 ipsi
843 523 1144 596 placuerit,
1193 527 1366 596 atque
1425 524 1500 580 ita
1535 539 1628 580 res
1679 523 1966 580 humanas
1993 523 2045 591 Α
2079 524 2422 595 participem
2463 524 2744 590 condidit,
2776 524 3034 596 angelos,
3098 525 3340 596 inquam
3399 529 3459 580 et
3506 541 3710 582 omnes

324 614 762 682 administrant,
795 613 1080 684 nobisque
1111 613 1411 684 suppetias
1460 614 1672 668 ferunt.
1705 613 1956 668 Omnino

319 710 514 759 autem
558 701 696 774 quia
725 717 792 756 ex
824 700 1026 755 divina
1046 701 1362 757 voluntatis
1396 705 1454 757 et
1498 700 1784 771 jussionis
1819 717 1962 772 pra:-

321 793 556 863 scripto,
589 808 768 862 supra
800 807 906 845 nos
937 795 1093 860 sunt,
1127 791 1360 863 Deoque
1391 806 1623 861 semper
1652 790 1955 846 assistunt.

319 881 564 952 Insuper
595 881 863 951 quamvis
895 881 966 934 ad
1016 879 1236 935 malum
1294 881 1388 934 vix
1447 884 1810 945 moveantur,
1841 895 1958 934 non

317 973 514 1024 tamen
547 968 881 1024 immobiles
913 973 1074 1024 sunt.
1107 969 1271 1024 Nunc
1303 975 1495 1025 autem
1529 971 1704 1025 etiam
1737 969 1956 1023 immo-

319 1060 468 1117 biles
502 1067 761 1126 manent,
796 1077 909 1115 non
945 1066 1176 1129 natura,
1208 1062 1308 1117 sed
1349 1062 1556 1133 gratia,
1594 1069 1646 1116 et
1675 1060 1798 1131 Dei,
1857 1059 1958 1131 qui

321 1149 483 1206 solus
507 1148 695 1204 bonus
719 1157 826 1217 esl,
861 1150 1149 1220 praesidio.
1184 1150 1365 1206 Deum
1410 1149 1610 1205 vident
1641 1153 1816 1222 prout
1872 1149 1957 1204 eis

317 1235 705 1309 permittitur,
739 1236 965 1308 hocque
1001 1238 1266 1294 ciborum
1313 1238 1438 1295 vice
1478 1238 1714 1294 habent.
1771 1238 1959 1309 Supra

317 1343 424 1382 nos
454 1329 613 1396 sunt,
634 1326 1337 1399 tanquamincorporei,et
1360 1327 1430 1383 ab
1462 1327 1622 1384 omni
1656 1325 1958 1382 all‘ectione

316 1429 594 1488 corporea
621 1414 930 1486 liberi,non
965 1421 1160 1472 tamen
1185 1417 1582 1490 impatibiles:
1619 1415 1782 1474 solus
1798 1416 1954 1472 enim

314 1503 870 1577 Deusimpatibilis.
928 1506 1453 1563 Transformantur
1509 1512 1702 1563 autem
1764 1507 1820 1561 in
1872 1506 1954 1576 id,

312 1594 706 1665 quodcunque
727 1593 1014 1650 Dominus
1045 1595 1198 1650 Deus
1221 1596 1489 1666 jusserit,
1522 1602 1700 1668 atque
1748 1595 1829 1652 ita
1860 1596 1956 1651 ho-

315 1681 574 1737 minibus
598 1686 900 1753 apparent,
917 1683 1121 1755 eisque
1151 1685 1347 1741 divina
1373 1688 1648 1759 mysteria
1677 1685 1952 1742 revelant.

315 1774 379 1828 In
414 1772 556 1828 coelo
587 1777 916 1840 versantur,
941 1774 1156 1846 unique
1200 1777 1280 1832 rei
1313 1779 1456 1833 dant
1480 1795 1740 1850 operam,
1774 1776 1950 1831 nimi-

309 1879 438 1918 rum
472 1871 533 1917 ut
567 1863 743 1918 Deum
777 1861 1037 1932 laudent,
1069 1871 1127 1921 et
1155 1866 1363 1924 divina)
1396 1869 1522 1940 ejus
1548 1867 1829 1924 voluntati
1851 1868 1954 1922 ob-
1985 1897 2033 1960 Β

304 1956 648 2023 sequantur.

944 2062 1105 2118 CAP.
1139 2064 1283 2120 XLI.

305 2147 647 2210 Hierarchiaa
682 2155 950 2225 Synopsis.
982 2153 1218 2224 Angela:
1274 2159 1578 2225 creaturas,
1632 2169 1745 2206 non
1802 2168 1953 2208 crea-

686 2224 832 2284 tores
859 2241 991 2295 esse,
1021 2229 1214 2280 contra
1243 2224 1548 2280 Selhianos.

375 2318 880 2383 Quemadmodum
903 2319 1094 2370 autem
1149 2315 1560 2370 sanctissimus
1605 2313 1724 2381 ille,
1756 2330 1954 2370 sacra-

309 2405 715 2479 tissimusque.
751 2421 978 2462 necnon
1022 2405 1080 2459 in
1112 2404 1286 2459 rebus
1343 2403 1686 2476 theologicis
1743 2401 1954 2459 exerci-

307 2495 633 2552 tatissimus
659 2496 972 2568 Dionysius
1006 2493 1355 2566 Areopagita
1382 2492 1954 2567 testatur,theologia

303 2585 516 2653 omnis,
551 2601 654 2642 seu
709 2584 1009 2656 Scriptura
1066 2599 1253 2646 sacra,
1287 2599 1491 2638 novem
1547 2582 1808 2638 cmlestes
1869 2599 1954 2638 es-

302 2675 527 2729 sentias
561 2673 865 2746 expressit.
896 2672 1004 2727 Eas
1035 2670 1266 2726 divinus
1297 2670 1392 2725 ille
1424 2687 1616 2726 rerum
1651 2688 1950 2726 sacrarum

303 2762 744 2819 administrator
761 2763 950 2818 tribus
983 2760 1255 2816 ternariis
1287 2760 1592 2816 ordinibus
1619 2760 1948 2832 distinguit.

305 2852 495 2920 Atque
539 2852 806 2906 omnium
862 2851 1112 2920 primum
1157 2850 1324 2904 illum
1383 2865 1511 2905 esse
1569 2849 1793 2918 statuit,
1851 2850 1951 2922 qui

307 2937 493 2993 Deum
527 2940 910 2995 circumstare
941 2955 1195 3011 semper,
1219 2938 1389 3010 eique
1441 2937 1713 3010 contigue
1743 2944 1798 2994 et
1829 2939 1949 2994 im-

309 3026 560 3082 mediate
590 3027 865 3099 conjungi
893 3027 1093 3083 fertur.
1136 3028 1190 3082 Is
1213 3027 1353 3082 ordo
1389 3030 1478 3082 est
1505 3029 1614 3080 τῶν
1647 3027 1948 3099 Seraphim

303 3133 404 3172 sex
437 3115 559 3172 alas
611 3116 979 3186 habentium,
1012 3125 1065 3171 et
1095 3116 1552 3172 multoculorum
1611 3116 1948 3189 Cheruhim,

302 3207 552 3278 denique
592 3207 1102 3263 sanctissimorum
1162 3207 1554 3263 Throuorum.
1606 3207 1939 3263 Secundum

303 3302 499 3353 autem
552 3297 1054 3368 Dominationum,
1085 3298 1381 3353 Virtutum
1442 3302 1500 3354 et
1553 3299 1938 3354 Potestatum.

295 3387 554 3444 Tertium
612 3391 666 3442 et
718 3386 987 3443 ultimum
1049 3387 1510 3460 Principatuum,
1547 3388 1938 3461 Archangelo-

297 3492 430 3530 rum
464 3480 522 3531 et
551 3475 908 3548 Angelorum
941 3494 1069 3534 esse
1100 3478 1201 3533 ait.

370 3565 498 3621 Jam
535 3566 836 3622 nonnullis
856 3566 1088 3623 videtur
1117 3567 1249 3623 illos
1279 3573 1414 3624 ante
1457 3573 1782 3625 creaturam
1814 3585 1938 3624 om-

298 3670 432 3710 nem
465 3655 730 3711 conditos
780 3656 982 3722 fuisse,
1015 3660 1079 3712 ut
1123 3656 1430 3728 Gregorius
1477 3656 1808 3728 Theologus
1861 3656 1942 3711 ait

295 3743 390 3800 his
420 3744 649 3800 verbis:
684 3744 944 3801 Primum
991 3745 1284 3818 angelicas
1317 3751 1373 3803 et
1401 3747 1664 3804 caelestes
1694 3747 1938 3803 virtutes

289 3833 352 3888 in
416 3833 612 3890 animo
669 3839 880 3900 versat,
931 3839 1109 3907 atque
1175 3837 1448 3908 cogitatio
1507 3835 1608 3892 illa
1673 3837 1732 3892 in
1791 3853 1938 3909 opus

291 3924 507 3978 evadit.
536 3923 679 3980 Aliis
706 3929 901 3980 autem
933 3940 1032 3981 eos
1056 3931 1187 3996 post
1211 3927 1464 3997 primum
1498 3926 1708 3982 ecslum
1738 3927 1938 3981 condi-

290 4013 382 4066 tos
416 4012 596 4068 fuisse
638 4012 880 4084 placuit.
932 4013 1100 4070 Certe
1148 4019 1281 4070 ante
1339 4022 1594 4071 creatum
1635 4014 1934 4071 hominem

296 4101 562 4156 conditos
585 4118 756 4157 nemo
789 4118 904 4157 non
941 4102 1183 4157 fatetur.
1221 4103 1338 4173 Ego
1384 4119 1520 4158 vero
1575 4103 1632 4157 in
1675 4103 1938 4175 Gregorii

289 4186 568 4261 Theologi
625 4191 976 4246 sententiam
1040 4190 1287 4261 pedibus
1336 4206 1425 4246 eo.
1494 4191 1793 4262 Siquidem
1847 4209 1936 4247 ra-

289 4275 431 4332 tioni
464 4284 928 4335 consentaneum
963 4282 1111 4348 erat,
1146 4283 1210 4335 ut
1270 4279 1458 4350 primo
1508 4281 1631 4336 loco
1685 4281 1939 4337 essentia

284 4363 585 4421 intellectu
622 4367 867 4437 praedita
897 4374 1214 4433 crearetur,
1247 4371 1372 4422 tum
1439 4367 1648 4424 deinde
1702 4385 1769 4424 ea
1807 4385 1936 4441 quis

285 4470 498 4510 sensus
531 4457 818 4528 particeps
849 4464 957 4525 est,
991 4460 1164 4529 atque
1195 4457 1279 4513 ita
1310 4457 1544 4513 demum
1593 4475 1660 4514 ex
1691 4462 1936 4531 utraque

284 4543 461 4599 homo
493 4547 1155 4602 conﬂaretur.Caaterum
1181 4547 1220 4601 ii
1253 4547 1351 4618 qui
1398 4546 1638 4620 angelos
1669 4549 1932 4605 essentia

2071 612 2334 670 caelestes
2366 616 2673 670 exercitus.
2708 617 2770 670 In
2831 615 2985 668 enim
3037 614 3215 670 dubio
3273 614 3468 684 procul
3501 623 3712 671 natura

2067 702 2399 759 intellectus
2440 704 2717 775 participe
2747 708 2805 759 et
2858 703 3201 774 incorporea
3266 705 3493 775 praediti
3548 710 3707 760 sunt.

2069 793 2436 863 Incorporea,
2472 795 2738 864 inquam,
2772 794 2820 848 si
2863 809 2998 848 cum
3035 793 3289 848 materiae
3321 794 3712 851 crassitudine

2070 883 2419 939 conferatur.
2448 883 2594 937 Nam
2645 883 2807 938 solus
2859 884 3008 937 Deus
3057 898 3254 938 revera
3297 885 3554 940 materiei
3614 902 3714 940 ex—

2073 987 2205 1043 pers
2235 976 2292 1026 et
2320 971 2698 1043 incorporeus
2727 976 2837 1028 est.
2867 972 3084 1027 Deinde
3141 988 3276 1027 vero
3324 989 3451 1029 eam
3485 990 3714 1046 quoque

2071 1062 2382 1116 essentiam
2425 1062 2665 1130 creavit,
2691 1079 2814 1133 quae
2845 1063 2956 1117 sub
2988 1078 3226 1118 sensum
3269 1063 3444 1132 cadit,
3477 1063 3710 1132 caelum,

2069 1149 2334 1221 inquam,
2368 1155 2604 1220 terram,
2633 1156 2690 1205 et
2719 1168 2845 1222 quas
2888 1151 2946 1205 in
3005 1167 3202 1206 eorum
3248 1153 3439 1209 medio
3491 1153 3709 1223 jacent,

2071 1245 2247 1310 atque
2277 1239 2437 1295 illam
2471 1241 2709 1312 quidem
2749 1240 3042 1312 propriam
3077 1247 3135 1296 et
3191 1241 3540 1297 familiarem
3597 1242 3708 1314 (fa-

2072 1328 2329 1384 miliaris
2376 1328 2530 1384 enim
2591 1328 2706 1385 Deo
2765 1332 2977 1384 natura
3037 1329 3134 1385 illa
3165 1335 3274 1397 est,
3325 1347 3456 1401 quos
3490 1331 3714 1387 ratione

2071 1417 2252 1473 utitur
2272 1416 2516 1489 solaque
2546 1420 2742 1474 mente
2789 1419 3351 1492 comprehenditur),
3385 1420 3534 1476 hanc
3573 1437 3707 1477 vero

2067 1507 2458 1578 undecunque
2515 1507 2993 1576 remotissimam,
3055 1524 3182 1578 qua:
3271 1509 3548 1565 nimirum
3599 1509 3711 1566 sub

2067 1611 2302 1652 sensum
2335 1595 2523 1653 cadat.
2557 1597 2688 1653 Jam
2719 1614 2850 1653 vero
2883 1614 2951 1653 ex
2991 1598 3254 1670 utrisque
3308 1599 3503 1656 mistio
3556 1615 3708 1671 quae-

2065 1685 2200 1740 dam
2228 1686 2589 1742 etl‘ormanda
2619 1691 2764 1753 erat,
2798 1691 2862 1742 ut
2916 1692 3072 1744 esset
3109 1688 3353 1759 majoris
3411 1689 3707 1760 sapientiae

2065 1782 2121 1830 et
2161 1775 2605 1846 magnificentiae
2652 1793 2846 1831 rerum
2899 1777 3252 1832 naturalium
3301 1778 3597 1850 specimen
3649 1783 3708 1834 et

2066 1863 2319 1934 insigne,
2353 1865 2750 1936 utGregorius
2781 1865 3112 1939 Theologus
3135 1867 3298 1935 ait,et
3327 1867 3496 1938 quasi
3544 1884 3701 1938 quas-

2065 1954 2199 2006 dam
2235 1952 2538 2024 utriusque
2568 1960 2787 2010 naturae
2837 1956 3194 2026 conjunctio,
3235 1958 3362 2028 ejus
3402 1957 3708 2027 nimirum,

2063 2058 2192 2113 quae
2222 2041 2471 2098 visibilis
2527 2047 2638 2111 est,
2672 2048 2727 2100 et
2785 2045 2909 2115 ejus
2943 2062 3066 2116 quas
3131 2062 3247 2101 non
3306 2045 3554 2102 videtur.
3599 2047 3709 2102 Par

2062 2135 2205 2198 erat,
2239 2131 2501 2202 inquam,
2556 2139 2616 2188 ut
2666 2133 3006 2203 hujusmodi
3065 2134 3384 2205 specimine
3435 2135 3706 2190 voluntas

2061 2219 2353 2276 Creatoris
2410 2221 2820 2278 inuotesceret.
2879 2222 3008 2277 Ηωο
3061 2223 3214 2278 enim
3290 2223 3705 2279 decentissima.

2061 2309 2150 2364 lex
2181 2313 2239 2364 et
2295 2310 2496 2382 regula
2552 2316 2662 2379 est,
2693 2312 2763 2367 ad
2798 2312 2962 2382 cujus
3023 2313 3427 2384 praescriptum
3477 2313 3699 2369 exami-

2062 2399 2257 2454 nanda
2307 2403 2445 2454 sunt
2474 2399 2692 2455 omnia.
2726 2399 2790 2454 Et
2835 2415 3006 2455 nemo
3064 2400 3298 2471 quidem
3331 2418 3397 2457 eo
3455 2399 3700 2456 vesanus

2059 2488 2352 2558 procedet,
2388 2492 2451 2543 ut
2481 2488 2810 2544 Creatorem
2837 2505 3010 2546 suum
3041 2490 3126 2544 sic
3177 2490 3531 2561 interroget:
3587 2489 3702 2544 Cur

2059 2577 2142 2633 ita
2174 2594 2267 2634 me
2299 2578 2613 2634 formasti?
2640 2579 2832 2634 Potest
2859 2580 3016 2634 enim
3050 2578 3266 2648 figulus
3324 2595 3391 2634 ex
3421 2579 3542 2634 luto
3593 2595 3699 2635 suo

2057 2665 2219 2723 varia
2248 2683 2388 2722 vasa
2419 2668 2657 2739 lingere,
2677 2668 2892 2738 quibus
2917 2669 3215 2739 sapientia
3248 2684 3366 2724 suae
3399 2668 3696 2739 specimen

2058 2757 2194 2813 edat
2223 2758 2357 2829 (15).

2130 2847 2271 2902 Cum
2306 2847 2423 2902 haec
2456 2847 2535 2903 ita
2566 2863 2627 2903 se
2653 2846 2926 2916 habeant,
2959 2863 3027 2904 ex
3065 2847 3281 2904 visibili
3330 2853 3386 2904 et
3415 2846 3694 2904 invisibili

2057 2940 2270 2992 natura
2301 2937 2596 2993 hominem
2629 2938 2878 3008 propriis
2927 2937 3200 2994 manibus
3246 2938 3314 2992 ad
3375 2937 3691 3009 imaginem

2058 3032 2115 3081 et
2144 3026 2590 3082 similitudinem
2625 3042 2787 3082 suam
2819 3027 3053 3096 creavit,
3087 3044 3328 3100 corpore
3367 3027 3600 3100 quidem
3661 3044 3692 3084 θ

2056 3120 2210 3171 terra
2242 3116 2512 3182 formato,
2544 3116 2741 3172 anima
2790 3133 2920 3173 vero
2972 3116 3220 3174 rationis
3262 3123 3320 3173 et
3367 3115 3694 3173 intellectus

2056 3205 2338 3276 participe
2378 3206 2427 3262 ei
2461 3207 2696 3279 proprio
2729 3208 3064 3264 sufﬂamine
3101 3208 3321 3277 infusa,
3346 3209 3501 3280 quod
3561 3207 3694 3279 qui-

2055 3294 2188 3350 dem
2239 3296 2444 3350 divinae
2502 3296 2778 3368 imaginis
2827 3298 3213 3370 appellatione
3282 3297 3692 3370 intelligimus.

2052 3384 2199 3440 Illud
2228 3385 2405 3456 enim,
2436 3387 2506 3442 ad
2540 3387 2878 3459 imaginem,
2919 3389 3035 3443 vim
3069 3387 3229 3444 illam
3277 3387 3510 3453 indicat,
3562 3403 3687 3459 quis

2050 3476 2379 3532 intellectus
2411 3477 2698 3549 particeps
2733 3478 3032 3550 liberoque
3052 3478 3293 3534 arbitrio
3314 3477 3552 3542 praedita
3573 3479 3684 3532 est.

2049 3569 2170 3622 Hoc
2199 3571 2417 3634 autem,
2453 3567 2520 3621 ad
2556 3567 3025 3634 similitudinem,
3060 3567 3172 3621 vim
3225 3565 3387 3621 illam
3429 3566 3683 3635 denotat,

2050 3673 2177 3727 quae
2210 3655 2419 3710 divinae
2457 3655 2712 3725 virtutis,
2739 3656 2928 3727 quoad
2970 3658 3100 3726 ejus
3131 3654 3253 3711 fieri
3282 3658 3492 3726 potest,
3522 3654 3688 3710 simi-

2050 3743 2358 3800 litudinem
2380 3745 2570 3799 refert.

2592 3850 2743 3907 CAP.
2777 3851 3140 3908 XLII-XLIV.

2118 3940 2364 3997 Hominis
2382 3948 2583 4012 partes,
2615 3946 2665 3997 et
2694 3943 2944 4068 priitinae
3003 3940 3314 4012 qualitates.
3364 3939 3615 4012 Spiritus

2757 4029 2785 4068 ε
2835 4028 2982 4068 caro.

2757 4028 2808 4068 ει
2835 4028 2982 4068 caro.

2117 4101 2395 4158 Caeterum
2437 4118 2649 4173 corpus
2680 4107 2736 4158 et
2791 4101 2991 4158 anima
3028 4102 3205 4158 simul
3244 4103 3493 4159 formata
3522 4106 3680 4170 sunt,

2046 4207 2162 4248 non
2190 4197 2384 4247 autem
2419 4190 2562 4246 illud
2588 4191 2824 4264 quidem
2857 4191 3043 4262 prius,
3066 4193 3184 4248 haec
3213 4209 3347 4249 vero
3379 4192 3683 4264 posterior,

2049 4286 2110 4337 ut
2132 4280 2408 4352 Origenes
2435 4279 2834 4337 deliramentis
2885 4281 3008 4338 suis
3044 4282 3260 4351 voluit;
3293 4283 3492 4353 itaque
3531 4284 3681 4340 Deus

2044 4369 2342 4425 hominem
2375 4369 2592 4427 ereavit
2614 4386 2850 4442 purum,
2880 4377 3126 4438 rectum,
3161 4372 3391 4441 fortem,
3414 4371 3683 4443 hilarem,

2045 4475 2340 4530 securum,
2399 4459 2562 4514 nulla
2615 4476 2728 4516 non
2778 4460 2992 4516 virtute
3064 4468 3357 4529 ornatum,
3409 4461 3685 4516 omnibus

2047 4549 2214 4606 bonis
2241 4550 2664 4618 abundantem,
2694 4549 2863 4621 quasi
2893 4551 3202 4622 quemdam
3256 4549 3540 4605 mundum
3601 4565 3686 4605 se-

280 4633 599 4702 cujuslibet
639 4640 930 4692 creatores
969 4637 1150 4692 fuisse
1175 4641 1501 4708 autumant,
1537 4638 1594 4692 id
1634 4637 1926 4709 effutiunt,
1965 4623 2010 4688 D
2042 4640 2318 4709 cundum,
2356 4639 2416 4696 in
2447 4655 2661 4712 magno
2686 4655 2962 4710 parvum:
3006 4639 3186 4695 alium
3223 4638 3496 4711 angelum
3538 4638 3679 4694 ado-

279 4723 439 4793 quod
470 4728 629 4793 pater
661 4724 928 4780 diabolus
961 4725 1046 4781 eis
1093 4726 1368 4798 suggerit.
1403 4729 1546 4781 Cum
1578 4726 1734 4782 enim
1767 4743 1924 4783 crea-

285 4814 433 4865 turae
466 4812 601 4880 sint,
654 4818 946 4869 creatores
987 4831 1102 4870 non
1149 4819 1305 4872 sunt.
1341 4815 1447 4880 Qui
1480 4819 1675 4872 autem
1732 4817 1929 4873 omnia

277 4897 438 4964 fecit,
469 4901 744 4956 omnibus
777 4903 1060 4972 providet,
1110 4904 1308 4960 omnia
1355 4905 1614 4961 continet
1666 4905 1841 4972 Deus,
1877 4905 1928 4963 is

277 5003 434 5042 unus
482 4989 776 5044 increatus
835 4996 946 5057 est,
987 4993 1084 5063 qui
1138 4993 1248 5048 sub
1298 4995 1509 5062 Patris,
1560 5000 1618 5051 et
1668 4995 1820 5064 Filii,
1870 5000 1928 5053 et

277 5075 537 5148 Spiritus
602 5078 794 5132 sancti
854 5080 1091 5136 nomine
1153 5080 1430 5140 laudibus
1489 5083 1816 5142 celebratur
1870 5090 1928 5142 et

280 5166 664 5239 glorificatur.

919 5275 1074 5333 CAP.
1110 5279 1286 5338 XLII.

277 5363 630 5439 Βθλιοτηὺιεἶ
659 5366 920 5439 ﬂuentia?
975 5366 1200 5424 divisio.
1259 5371 1528 5439 Imaginis
1559 5377 1611 5428 et
1663 5372 1926 5429 similitu-

345 5437 496 5492 dinis
527 5439 585 5492 in
603 5437 708 5494 Deo
738 5436 1083 5510 timet-entia.
1129 5436 1851 5512 Origenis'deliramentum.

342 5526 504 5582 Hunc
529 5542 664 5599 ergo
693 5525 755 5583 in
781 5528 1022 5585 modum
1054 5528 1212 5586 Deus
1241 5533 1557 5590 essentiam
1591 5533 1925 5594 intellectus

339 5713 451 5800 (15)
474 5714 707 5778 Alludit
734 5719 806 5780 ad
839 5719 1035 5778 locum
1065 5717 1129 5796 B._
1160 5717 1350 5788 Pauli,
1381 5717 1548 5778 Rom.
1571 5735 1648 5780 ix.

2036 4733 2302 4800 ratorem,
2337 4730 2604 4797 mistum,
2627 4747 2825 4785 earum
2847 4733 3241 4786 creaturarum
3264 4728 3680 4799 inspectorem,

2037 4834 2162 4890 qum
2205 4818 2392 4875 oculis
2451 4819 2876 4890 subjiciuntur:
2934 4835 3134 4874 earum
3177 4822 3371 4874 autem
3405 4835 3530 4890 quas
3570 4817 3681 4875 soli

2037 4911 2376 4981 cogitationi
2410 4916 2632 4984 patent,
2656 4911 3013 4982 discipulum
3043 4928 3056 4967 :
3089 4927 3282 4982 regem
3317 4927 3517 4968 eorum
3551 4927 3681 4984 quin

2036 4999 2095 5054 in
2129 5003 2284 5055 terra
2315 5005 2489 5058 sunt:
2530 5001 2677 5072 Regi
2716 5017 2969 5073 superno
3027 5001 3355 5070 subditum,
3389 5005 3682 5058 terrenum

2035 5093 2095 5144 et
2124 5089 2437 5160 caelestem,
2471 5091 2778 5147 mortalem
2836 5098 2890 5146 et
2936 5090 3355 5159 immortalem,
3387 5091 3676 5148 visibilem

2035 5182 2092 5234 et
2121 5178 2416 5236 intellectu
2472 5179 2930 5251 perceptibilem,
2965 5180 3220 5238 medium
3281 5181 3436 5237 inter
3491 5181 3677 5239 subli-

2035 5267 2300 5323 mitatem
2331 5273 2389 5324 et
2419 5268 2838 5339 humilitatem,
2870 5271 3142 5326 eumdem
3195 5275 3251 5326 et
3307 5271 3579 5342 spiritum
3619 5275 3676 5327 et

2035 5373 2301 5412 carnem:
2337 5373 2571 5414 carnem
2607 5359 3128 5431 quidem,propter
3147 5361 3676 5418 extuberationem:

2035 5447 2309 5520 spiritum
2341 5464 2498 5515 vero,
2532 5452 2771 5521 propter
2828 5449 3110 5520 gratiam:
3155 5451 3367 5521 partim
3402 5457 3462 5506 ut
3492 5450 3677 5522 patia-

2029 5541 2146 5608 tur,
2208 5535 2545 5609 patiensque
2611 5537 3044 5610 commoneﬁat,
3103 5543 3161 5596 et
3220 5539 3540 5609 erudiatur,
3602 5539 3674 5598 ad
