4090 6298
421 377 576 438 1183

1729 365 2038 428 ΝΙΟΕΤΛΕ
2080 364 2506 428 CHONIATJE

3675 358 3848 420 ιιει

417 507 836 566 sublimitatem
873 521 1084 578 magno
1113 503 1306 559 studio
1341 501 1526 558 anniti
1557 505 1824 573 oportere
1852 519 1864 555 :
1927 518 2062 572 par-
2093 507 2148 574 Α
2179 501 2340 559 ribus
2369 505 2716 570 conﬂantur,
2739 501 2876 556 etin
2907 498 3140 556 eosdem
3189 494 3582 552 resolvuntur.
3639 491 3831 560 Quid-

415 600 522 656 tim
555 602 618 653 ut
651 603 999 669 perseveret,
1051 598 1108 649 et
1157 593 1480 648 Creatorem
1536 591 1858 648 beneficum
1891 590 2064 660 glori-

422 690 592 743 ficet:
629 685 845 742 animal
879 684 1032 756 quod
1056 683 1150 738 hic
1181 683 1440 754 quidem,
1475 682 1532 736 id
1577 686 1668 735 est
1698 681 1754 736 in
1790 679 2064 752 praesenti

419 778 558 844 vita,
591 777 913 848 gubernat:
948 773 1058 830 alio
1091 772 1426 838 autem,hoc
1454 775 1542 826 est
1573 771 1632 826 in
1665 771 1924 824 futurum
1954 786 2064 824 sre-

420 867 640 934 culum,
677 863 1092 936 transmigrat:
1131 862 1612 932 tandemque,qui
1645 861 1824 915 totius
1861 867 2066 930 myste-

417 956 490 1012 rii
548 955 682 1010 ﬁnis
746 963 832 1010 est
889 954 1084 1008 divino
1148 952 1390 1006 numine
1441 951 1584 1006 deus
1639 949 1850 1006 evadit.
1886 948 2064 1020 Deus,

419 1043 689 1116 inquam,
721 1043 860 1114 quia
881 1041 1060 1096 divini
1086 1039 1416 1113 splendoris
1451 1039 1738 1110 particeps
1771 1036 2059 1094 efﬁcitur:

421 1142 614 1188 etnon
647 1134 703 1188 in
737 1132 992 1188 divinam
1026 1131 1236 1186 transit
1292 1130 1630 1184 essentiam.
1680 1127 1910 1184 Creavit
1961 1127 2062 1182 ho-

417 1223 634 1278 minem
667 1223 822 1278 Deus
854 1239 886 1276 a
919 1225 1150 1293 peccato
1181 1227 1388 1274 natura
1416 1219 2066 1288 immunem,vo|untate

415 1311 686 1368 liberum.
719 1312 1070 1383 (Immunem
1104 1327 1134 1363 a
1167 1313 1400 1380 peccato
1429 1309 1580 1375 dico,
1623 1325 1740 1362 non
1772 1307 1910 1378 quia
1943 1322 2066 1377 pec-

417 1401 526 1456 cati
560 1418 738 1472 cap:.x
769 1417 882 1456 non
917 1399 1023 1454 sit:
1059 1399 1220 1456 solus
1249 1398 1402 1455 enim
1439 1398 1584 1453 Deus
1616 1397 1834 1468 peccati
1863 1412 2062 1467 capax,

421 1507 536 1546 non
565 1497 688 1546 est:
742 1489 842 1546 sed
875 1490 1046 1560 cujus
1085 1489 1144 1544 in
1178 1493 1332 1546 terra
1380 1491 1684 1561 peccatum
1731 1503 1842 1542 non
1875 1487 2063 1542 esset:

420 1581 541 1635 imo
573 1581 632 1634 in
664 1579 964 1634 voluntate
989 1579 1206 1650 potius)
1257 1580 1375 1634 sive
1405 1578 1488 1634 ita
1541 1581 1968 1648 comparatum,
2003 1579 2068 1630 ut

421 1685 790 1742 perseverare
820 1673 996 1740 atque
1027 1669 1084 1723 in
1119 1669 1272 1724 bono
1298 1668 1596 1740 proﬁcere,
1631 1667 1826 1722 divina
1859 1679 2066 1735 coope-

419 1765 580 1816 rante
615 1760 822 1832 gratia,
885 1759 1202 1830 itidemque
1259 1777 1290 1813 a
1341 1759 1493 1814 bono
1550 1757 1619 1812 ad
1655 1755 1898 1824 malum,
1949 1754 2064 1808 Deo

417 1851 816 1922 permittente,
853 1855 1086 1921 propter
1115 1849 1364 1904 liberum
1424 1846 1748 1912 arbitrium,
1775 1843 2066 1900 declinare
2100 1863 2144 1928 Β

416 1943 630 2012 posset.
669 1939 784 1995 Nec
813 1939 970 1994 enim
997 1938 1181 1994 virtus
1203 1943 1291 1994 est
1311 1937 1394 2002 id,
1427 1937 1578 2009 quod
1604 1936 1654 1990 vi
1689 1935 1771 1990 ﬁt.

1061 2065 1217 2119 CAP.
1263 2061 1417 2117 XLV.

637 2173 716 2227 De
745 2173 956 2238 anima,
992 2173 1188 2238 mente,
1224 2175 1274 2225 et
1301 2169 1461 2224 rebus
1492 2167 1844 2238 incorporate.

489 2277 670 2349 Igitur
703 2277 900 2333 anima
921 2281 1012 2333 est
1046 2277 1300 2332 essentia
1328 2274 1546 2342 vivens,
1571 2273 1836 2346 simplex,
1867 2274 2058 2329 incor-

417 2387 614 2442 porea,
651 2370 821 2439 cujus
845 2367 1080 2440 propria
1112 2371 1334 2422 natura
1363 2366 1653 2438 corporeis
1688 2365 1874 2422 oculis
1905 2364 2064 2420 cerni

419 2479 538 2518 non
565 2467 776 2534 potest,
807 2459 1182 2528 immortalis,
1207 2459 1450 2516 rationis
1480 2463 1537 2514 et
1565 2458 1895 2514 intellectus
1927 2475 2058 2530 par-

420 2551 628 2622 ticeps,
669 2551 857 2623 ﬁgura
889 2566 1124 2606 carens:
1159 2566 1287 2620 quas
1337 2564 1598 2620 corpore,
1635 2555 1911 2620 tanquam
1971 2548 2058 2602 in-

419 2643 768 2704 strumento,
843 2639 1049 2707 utitur,
1107 2638 1276 2710 eique
1341 2640 1543 2702 vitam,
1617 2637 2060 2702 incrementum,

422 2747 684 2798 sensum,
719 2730 956 2802 vimque
986 2730 1400 2802 generalricem
1444 2728 1742 2800 suggerit:
1805 2732 2060 2783 mentem

420 2820 476 2874 in
502 2820 718 2892 seipse,
753 2836 868 2875 non
903 2823 1183 2890 tanquam
1218 2819 1514 2874 diversum
1573 2818 1736 2889 quid,
1770 2817 1870 2872 sed
1927 2821 2062 2872 tan-

419 2924 591 2980 quem
628 2909 1006 2980 purissimam
1033 2909 1124 2962 sui
1173 2911 1417 2978 partem,
1459 2905 1852 2979 complectens
1883 2907 2062 2978 (quod

417 2999 572 3054 enim
605 2997 808 3054 oculus
839 2997 899 3054 in
959 3012 1220 3070 corpore,
1247 2997 1302 3052 id
1339 3013 1504 3052 mens
1553 2999 1642 3052 est
1695 2995 1752 3050 in
1817 2995 2060 3066 anima),

421 3089 588 3146 liberi
623 3089 873 3156 arbitrii,
903 3089 1098 3144 liberae
1132 3087 1450 3144 voluntatis
1481 3093 1538 3143 et
1597 3086 1880 3144 actionis:
1932 3103 2062 3142 mu-

419 3179 618 3235 tabilis
649 3196 750 3234 seu
786 3178 1094 3234 mutationi
1127 3177 1273 3234 ultro
1303 3178 1573 3248 obnoxia,
1609 3179 1748 3250 quia
1778 3177 2058 3232 nimirum

422 3272 616 3322 creata
647 3272 753 3322 est.
784 3266 914 3320 Haec
963 3267 1158 3322 omnia
1221 3267 1584 3334 naturaliter,
1628 3267 1910 3322 Creatoris
1967 3265 2060 3322 sui

422 3355 613 3427 gratia
669 3359 726 3410 et
775 3355 1077 3425 beneﬁcio,
1111 3355 1350 3427 accepit,
1384 3355 1522 3426 quia
1579 3355 1818 3426 quidem
1877 3357 2065 3428 gratia

423 3442 532 3511 illi,
565 3447 622 3500 et
644 3445 798 3516 quod
823 3449 932 3512 est,
967 3445 1117 3516 quod
1171 3445 1252 3501 ita
1305 3445 1644 3502 naturaliter
1691 3450 1801 3516 est,
1835 3446 2062 3516 obtigit.

421 3538 552 3591 Jan.
585 3552 652 3592 ea
707 3553 835 3608 quae
895 3535 1260 3607 incorporea,
1287 3539 1342 3590 et
1397 3535 1735 3604 invisibilia,
1763 3540 1822 3592 et
1865 3537 2066 3610 figuras

426 3624 684 3697 expertia
733 3629 894 3690 sunt,
927 3625 1175 3694 fduobus
1225 3626 1413 3681 modis
1457 3625 1920 3696 consideramus,
1954 3625 2068 3682 alia

425 3729 494 3770 ex
523 3715 798 3782 essentia,
827 3713 940 3769 alia
970 3731 1034 3770 ex
1067 3715 1274 3786 gratia,
1307 3723 1362 3770 et
1403 3713 1500 3768 illa
1521 3715 1751 3786 quidem
1787 3715 1864 3770 ita
1895 3719 2068 3770 natu-

429 3804 628 3860 raliter
659 3804 1146 3877 comparata,haac
1171 3821 1306 3860 vero
1328 3804 1496 3876 quasi
1529 3806 1600 3860 ad
1636 3807 1888 3861 materiis
1909 3821 2068 3862 cras-

428 3893 747 3950 situdinem
833 3895 1187 3950 accedentia.
1247 3897 1447 3966 Itaque
1507 3895 1564 3950 in
1627 3895 1746 3952 Deo
1800 3895 2068 3967 incorpo-

434 3999 624 4052 reum,
659 3987 906 4039 natura:
953 3985 1010 4038 in
1063 3983 1286 4056 angelis
1344 3989 1562 4053 autem,
1605 3986 1970 4040 daemonibus
2015 3987 2072 4040 et

431 4073 642 4128 animis
673 4073 862 4144 gratia
903 4073 1136 4142 dicitur,
1193 4079 1368 4145 atque
1421 4074 1782 4146 hujusmodi,
1819 4079 1879 4130 ut
1935 4091 2070 4130 cum

433 4161 686 4216 materiae
711 4161 1100 4218 crassitudine
1131 4163 1474 4220 afﬁnitatem
1499 4166 1812 4236 quamdam
1839 4163 2069 4222 habeat.

1071 4287 1219 4342 CAP.
1255 4287 1448 4344 XLVI.

687 4398 754 4453 De
775 4413 1022 4470 corpore,
1055 4397 1356 4462 elementis,
1387 4404 1444 4453 et
1483 4397 1821 4454 humoribus.

502 4505 728 4578 Corpus
793 4511 990 4564 autem

429 4689 548 4742 tate
579 4689 637 4740 et
671 4683 1082 4742 crassitudine.
1137 4682 1418 4740 Caeterum
1471 4699 1683 4756 corpus
1732 4703 1904 4742 omne
1929 4705 2072 4758 qua-

431 4783 561 4832 tuor
601 4793 670 4832 ex
703 4776 1054 4832 humoribus
1097 4773 1410 4830 conflatum
1468 4779 1576 4830 est.
1631 4776 1943 4832 Sciendum
1987 4784 2076 4836 est

430 4865 718 4922 elementa
743 4870 992 4938 quatuor
1017 4880 1166 4932 esse,
1193 4867 1402 4920 terram
1437 4865 1650 4920 siccam
1677 4871 1732 4922 et
1764 4867 2072 4939 frigidam:

427 4969 640 5024 aquam
683 4955 950 5028 frigidam
982 4959 1039 5010 et
1089 4953 1414 5022 humidam,
1449 4970 1642 5010 aerem
1675 4955 1982 5012 humidum
2019 4961 2076 5014 et

433 5043 728 5100 calidum:
763 5045 954 5116 ignem
987 5041 1240 5100 calidum
1287 5048 1344 5099 et
1392 5044 1644 5111 siccum;
1687 5045 1902 5118 quibus
1961 5047 2075 5104 hu-

435 5147 626 5186 mores
657 5137 908 5202 quatuor
938 5149 1006 5188 ex
1027 5134 1311 5188 diametro
1345 5135 1728 5206 respondent:
1764 5140 1889 5192 atra
1919 5139 2072 5194 enim

435 5219 490 5275 bi
517 5219 648 5287 lis,u
694 5238 744 5276 m
779 5222 931 5278 sicca
962 5225 1038 5278 sit
1093 5229 1150 5279 et
1179 5225 1409 5296 frigida,
1443 5229 1646 5282 terrae:
1699 5227 1906 5298 pituita
1971 5229 2075 5284 fri-

433 5309 572 5380 gida
603 5314 660 5364 et
688 5307 947 5378 humida,
975 5329 1137 5382 uquze
1165 5329 1180 5368 :
1243 5315 1484 5387 sanguis
1529 5315 1810 5372 humidus
1849 5321 1906 5372 et
1935 5318 2074 5374 cali-

439 5397 574 5462 dus,
598 5399 714 5454 aeri
741 5415 754 5455 :
797 5398 942 5454 ﬂava
975 5400 1108 5456 bilis
1129 5401 1318 5458 calida
1340 5408 1396 5459 et
1453 5406 1628 5473 sicca,
1671 5405 1792 5478 igni
1823 5407 1980 5463 velut
2009 5426 2078 5466 ex

440 5485 724 5546 diametro
755 5490 1088 5562 respondet.

505 5575 712 5652 Itaque
743 5581 974 5636 fructus
1003 5596 1072 5635 ex
1099 5580 1426 5648 elementis,
1455 5582 1735 5642 humores
1767 5589 1966 5643 autem
2020 5589 2077 5644 et

431 5662 745 5740 fructibus,
777 5669 1162 5727 animantium
1195 5667 1446 5744 denique
1501 5687 1744 5746 corpora
1774 5689 1844 5732 ex
1873 5673 2078 5735 humo-

2171 591 2310 664 quid
2345 591 2500 648 enim
2534 589 2924 662 compositum
2957 591 3064 654 est,
3091 587 3150 642 in
3184 584 3282 640 illa
3325 584 3451 656 ipsa
3481 598 3550 638 ex
3599 581 3824 653 quibus

2172 685 2421 752 constat,
2449 679 2688 736 tandem
2721 677 2928 734 resolvi
2959 677 3128 734 solet.

2789 803 2944 859 CAP.
2975 801 3194 857 XLVII.

2175 913 2406 968 Homini
2463 911 2596 986 quid
2624 929 2748 967 cum
2807 913 3097 986 inanimis,
3143 911 3336 974 brutis,
3371 912 3438 986 ἀοι
3495 906 3828 976 intelligen-

2565 985 2664 1041 tia?
2691 983 2981 1054 capaczbus
3009 997 3295 1038 commune
3327 981 3424 1034 sit.

2242 1091 2550 1146 Sciendum
2585 1108 2755 1163 porro
2787 1095 2876 1146 est
2903 1089 3129 1145 homini
3187 1087 3409 1160 aliquid
3441 1102 3575 1142 cum
3641 1085 3822 1140 rebus

2173 1180 2448 1236 inanimis
2479 1196 2790 1236 commune
2821 1195 2970 1246 esse,
2999 1194 3249 1249 eumque
3297 1177 3424 1230 vitae
3457 1191 3590 1230 cum
3623 1173 3822 1228 brutis

2173 1269 2607 1340 participem,et
2633 1285 2768 1324 cum
2799 1267 2874 1324 iis
2905 1285 3031 1340 quas
3065 1267 3290 1324 ratione
3323 1269 3574 1320 utuntur
3603 1261 3830 1317 intelli-

2172 1360 2367 1431 gentia
2425 1359 2734 1430 prteditum
2779 1373 2927 1414 esse.
2971 1359 3194 1429 Corpus
3245 1357 3398 1411 enim
3459 1359 3514 1410 et
3571 1357 3830 1424 quatuor

2171 1448 2592 1504 elementorum
2624 1441 3150 1520 temperamentum
3185 1445 3518 1502 communia
3567 1459 3700 1498 cum
3733 1458 3826 1498 re-

2171 1536 2282 1592 bus
2316 1535 2594 1592 inanimis
2625 1537 2820 1594 habet.
2855 1537 2997 1593 Cum
3031 1535 3246 1608 plantis
3278 1551 3433 1600 vero,
3469 1543 3678 1605 praeter
3717 1549 3824 1587 su-

2173 1642 2276 1696 pra
2337 1626 2515 1691 dicta,
2581 1626 2684 1682 has
2745 1643 2978 1700 quoque
3067 1625 3392 1688 facultates,
3465 1621 3828 1688 nutritivam,

2173 1715 2575 1786 vegetativam,
2612 1719 2667 1771 et
2697 1715 3466 1788 generativam,communes
3501 1712 3828 1784 experitur.

2170 1811 2314 1861 Cum
2349 1805 2530 1860 brutis
2563 1805 2723 1874 item,
2751 1811 2958 1878 praeter
2981 1811 3112 1861 ante
3145 1805 3321 1872 dicta,
3354 1808 3410 1858 et
3467 1802 3588 1857 haec
3619 1805 3834 1856 aucta-

2173 1891 2242 1947 rii
2285 1893 2406 1949 vice
2457 1895 2640 1949 eidem
2684 1899 3046 1964 accrescunt,
3101 1895 3416 1966 appetitus,
3452 1909 3552 1947 seu
3589 1891 3830 1946 animo-

2167 1979 2332 2050 sitas,
2390 1987 2450 2038 et
2521 1985 3014 2054 concupiscentia,
3075 1983 3284 2039 deinde
3365 1997 3600 2050 sensus,
3683 1983 3816 2035 tum

2167 2073 2404 2127 demum
2437 2073 2506 2128 ad
2543 2089 2662 2128 rem
2706 2074 3072 2146 concupitum
3105 2081 3318 2130 motus.
3349 2073 3568 2128 Sensus
3613 2075 3814 2126 autem

2168 2162 2428 2234 quinque
2481 2169 2640 2232 sunt,
2675 2164 2856 2229 visus,
2903 2164 3172 2232 olfactus,
3206 2163 3465 2232 auditus,
3501 2170 3718 2234 gustus
3761 2167 3818 2218 et

2168 2255 2376 2308 tactus.
2407 2254 2642 2309 Concito
2701 2253 2800 2309 illo
2831 2255 2902 2310 ad
2961 2271 3083 2309 rem
3115 2253 3488 2325 concupitum
3525 2256 3690 2307 motu
3729 2252 3818 2317 ﬁt,

2169 2346 2234 2396 ut
2261 2359 2290 2398 e
2319 2341 2440 2398 loco
2473 2343 2531 2397 in
2563 2343 2756 2398 locum
2787 2347 3193 2410 transeat,toto
3223 2357 3462 2413 corpore
3485 2344 3818 2402 moveatur,

2166 2453 2304 2492 voce
2337 2441 2392 2491 et
2449 2435 2829 2508 respiratione
2871 2442 3084 2494 utatur.
3120 2443 3338 2493 Horum
3399 2435 3556 2490 enim
3614 2434 3830 2490 facien-

2169 2525 2378 2581 dorum
2439 2527 2524 2582 vel
2583 2528 3043 2584 omittendorum
3095 2526 3278 2583 libera
3327 2525 3576 2580 facultas
3643 2525 3825 2580 insita

2171 2615 2339 2671 nobis
2371 2620 2476 2672 est.
2513 2615 2654 2687 Ejus
2703 2617 2953 2688 denique
3001 2617 3184 2688 partis
3245 2615 3452 2670 animm
3507 2613 3819 2678 beneﬁcio,

2171 2722 2299 2776 quae
2357 2705 2600 2761 rationis
2651 2711 2740 2762 est
2801 2707 3114 2778 particeps,
3166 2707 3394 2761 naturis
3451 2703 3820 2775 incorporeis

2171 2793 2670 2868 intelligentiaque
2701 2795 2954 2866 praeditis
2985 2793 3380 2866 conjungitur,
3413 2809 3547 2848 cum
3583 2791 3818 2864 singula

2170 2883 2486 2955 perpendit,
2523 2883 2795 2956 intelligit
2824 2891 2878 2941 et
2922 2885 3198 2956 judicat;
3256 2899 3508 2954 cumque
3565 2882 3808 2937 virtutes

2169 2978 2226 3028 et
2257 2973 2546 3044 imprimis
2577 2975 2874 3046 pietatem,
2905 2975 3186 3030 virtutum
3239 2973 3644 3044 colophonem,
3679 2987 3808 3026 am-

2170 3063 2458 3134 plectitur.
2491 3065 2616 3130 Qua
2646 3065 2823 3120 etiam
2857 3065 2928 3120 de
2973 3080 3152 3120 causa
3185 3064 3358 3119 homo
3391 3079 3600 3134 parvus
3629 3076 3796 3114 mun-

2169 3153 2280 3208 dus
2314 3159 2426 3208 est.

2773 3262 2922 3318 CAP.
2967 3261 3211 3318 XLVIII.

2239 3369 2373 3436 Qua:
2417 3367 2632 3439 corpori
2676 3377 2751 3450 et,
2777 3371 2984 3450 anima:
3021 3369 3254 3450 propria
3279 3369 3418 3436 sint,
3465 3380 3582 3439 qua
3605 3365 3740 3422 item

2693 3443 2914 3511 utrique
2943 3443 3282 3498 communia.

2239 3546 2558 3603 Sciendum
2589 3553 2682 3604 est
2707 3556 2902 3604 autem
2931 3550 3271 3616 sectionem,
3305 3549 3558 3617 ﬂuxum,
3590 3553 3648 3602 et
3687 3565 3820 3602 mu-

2171 3636 2452 3692 tationem
2481 3637 2592 3692 soli
2651 3639 2882 3709 corpori
2915 3638 3242 3694 convenire.
3279 3639 3526 3694 Mutatio
3575 3638 3822 3710 quidem

2171 3725 2476 3796 qualitatis
2503 3730 2612 3792 est,
2639 3726 2918 3782 nimirum
2951 3727 3182 3796 caloris,
3213 3727 3470 3798 frigoris,
3503 3731 3560 3782 et
3587 3731 3824 3782 caetero-

2173 3831 2304 3870 rum
2335 3815 2392 3870 id
2425 3831 2630 3888 genus.

2245 3904 2460 3960 Fluxus
2517 3909 2714 3962 autem
2743 3907 2814 3962 ad
2866 3907 3206 3962 vacuitatem
3258 3906 3622 3962 referendus.
3683 3907 3824 3960 Eva-

2173 3997 2424 4050 cuantur
2443 3996 2596 4052 enim
2629 4012 2718 4062 ea,
2751 4012 2880 4068 quae
2905 3995 3062 4052 sicca
3091 4001 3150 4052 et
3181 3994 3422 4050 humida
3455 3999 3620 4065 sunt,
3649 3999 3832 4066 atque

2175 4084 2449 4156 spiritus:
2481 4102 2735 4156 quorum
2770 4085 3086 4157 repletione
3135 4101 3346 4157 corpus
3395 4089 3546 4156 eget.
3579 4085 3664 4140 Ex
3711 4101 3826 4155 quo

2177 4175 2242 4230 ﬁt
2265 4179 2328 4229 ut
2375 4175 2558 4231 fames
2589 4178 2646 4231 et
2694 4175 2819 4230 sitis
2877 4173 3246 4230 naturalibus
3273 4173 3694 4229 affectionibus
3733 4189 3836 4229 ae-

2177 4267 2548 4320 censeantur.
2571 4265 2788 4320 Animae
2829 4267 3050 4328 autem,
3080 4263 3266 4335 pietas
3323 4267 3380 4318 et
3439 4263 3832 4334 intelligentia

2177 4354 2424 4426 propria
2455 4361 2610 4410 sunt.
2643 4354 2903 4410 Virtutes
2938 4369 3074 4408 vero
3103 4357 3162 4408 et
3209 4352 3440 4424 corpori
3501 4357 3558 4408 et
3615 4353 3832 4408 anima

2179 4449 2316 4498 sunt
2357 4459 2734 4500 communes:
2789 4459 2923 4500 cum
2979 4442 3101 4498 hac
3153 4457 3386 4513 quoque
3438 4442 3512 4497 ad
3573 4442 3832 4500 animum

746 4595 758 4608 ,
793 4511 990 4608 “fuam
1015 4593 1028 4608 ,
1047 4510 1136 4562 eat
1158 4507 1346 4608 fluffd
1411 4505 1640 4608 ,ίᾞξικξξ
1711 4508 2076 4608 ἀίωθῗδίοξξθ
2105 4587 2146 4608 n
2179 4531 2498 4590 evehuntur
2517 4539 2798 4606 tanquam
2827 4533 3022 4588 anima
3053 4548 3292 4604 corpore
3317 4533 3618 4589 abutatur.

430 4599 678 4662 constat,
701 4595 981 4651 nimirum
1015 4593 1737 4666 longitudine,latitudine,
1763 4599 2068 4668 profundi-
2101 4587 2148 4652 D

2805 4657 2958 4714 CAP.
2989 4657 3181 4713 XLIX.

2571 4767 2916 4823 Facultatum
2952 4768 3160 4822 animm
3209 4763 3428 4820 divisio.

2253 4872 2566 4928 Sciendum
2599 4876 2708 4940 est,
2732 4888 2858 4928 eam
2887 4871 3098 4926 animae
3135 4875 3381 4944 partem,
3413 4887 3541 4943 quae
3581 4871 3832 4928 rationis

2183 4965 2272 5016 est
2301 4961 2616 5034 particeps,
2645 4963 2694 5018 ei
2729 4977 3000 5034 prmesse,
3035 4977 3160 5034 quae
3196 4961 3440 5016 rationis
3486 4977 3696 5032 eXpers
3727 4967 3834 5018 est.

2183 5051 2476 5121 Siquidem
2521 5051 2768 5107 facultas
2819 5050 3028 5106 animas
3079 5047 3298 5121 duplex
3345 5059 3454 5106 est.
3503 5051 3631 5106 Alia
3673 5051 3836 5107 enim

2186 5139 2435 5196 racionis
2476 5157 2678 5212 capax,
2709 5139 2822 5196 alia
2881 5141 3074 5196 bruta.
3103 5139 3235 5195 Jam
3299 5139 3484 5196 brutaa
3545 5141 3838 5197 facultatis

2185 5230 2298 5286 duo
2327 5234 2466 5285 sunt
2485 5245 2718 5302 genera.
2745 5229 2938 5285 Unum
2971 5246 3196 5298 earum,
3221 5245 3346 5299 quae
3383 5231 3572 5286 brutm
3597 5233 3838 5287 omnino

2187 5323 2326 5374 sunt
2356 5335 2460 5374 nec
2483 5319 2698 5375 rationi
2730 5319 3045 5376 obediunt:
3109 5317 3360 5374 alterum
3421 5335 3654 5390 earum,
3709 5337 3840 5391 quae

2186 5408 2396 5464 rationi
2456 5407 2894 5480 quodammodo
2948 5411 3175 5479 parent.
3237 5405 3419 5462 Bruta
3473 5411 3716 5466 omnino
3771 5425 3840 5464 ea

2185 5514 2320 5570 pars
2343 5501 2455 5566 est,
2487 5513 2610 5569 quas
2657 5495 2853 5552 vitalis
2877 5499 2934 5553 et
2961 5493 3334 5552 constrictiva
3388 5495 3627 5566 dicitur,
3687 5497 3834 5554 item

2185 5588 2538 5658 generativa,
2573 5587 2822 5659 denique
2863 5585 3264 5658 germinativa,
3289 5601 3418 5658 qua
3461 5586 3612 5644 aiias
3647 5589 3838 5644 nutri-

2185 5675 2302 5734 tiva
2333 5681 2592 5736 vocatur.
2616 5676 2730 5734 Sub
2753 5692 2879 5752 qua
2903 5691 2972 5735 ea
2999 5689 3232 5750 quoque
3281 5674 3840 5752 comprehenditur,
