4090 6298
280 421 432 482 1185

1623 403 2022 475 THESAUBI
2067 404 2216 466 LIB.
2264 409 2344 467 II.

3529 420 3686 482 1186

278 571 451 629 quam
483 553 864 626 vegetativam
919 551 1130 623 vulgus
1187 555 1377 618 vocat,
1409 553 1466 606 et
1495 566 1622 623 qua
1673 559 1916 616 corpora
1949 539 1997 606 Α
2030 538 2359 629 telligentiae
2391 558 2570 614 capax
2620 546 2906 615 est,quem
2965 545 3408 622 αὐτοάνθρωπον,
3458 551 3566 611 hoc
3598 563 3684 614 est

277 647 562 702 etl‘ormat.
598 643 726 698 Haec
783 641 937 697 enim
971 659 1084 697 non
1145 643 1385 710 ratione,
1436 641 1536 696 sed
1592 642 1802 692 natura
1834 647 1924 687 rec

280 740 520 809 guntur.
555 734 696 803 Ejus
729 737 920 786 autem
965 749 1092 804 quas
1152 731 1360 786 rationi
1413 733 1574 801 paret
1628 727 1751 780 dua:
1787 725 1924 778 sunt

276 825 522 894 species,
565 823 854 891 cupiditas
895 827 953 876 et
1005 821 1372 877 animositas.
1424 819 1705 874 Caeterum
1758 813 1926 868 bruta

275 913 376 968 illa
407 929 542 985 pars
589 912 798 966 animas
831 910 1002 981 vulgo
1035 911 1358 978 affectativa
1386 914 1443 964 et
1491 905 1806 978 appetitiva
1838 903 1922 956 di-

275 1003 447 1057 citur.
480 999 791 1054 Sciendum
828 1004 1100 1072 prreterea
1132 1007 1238 1065 est,
1273 999 1347 1053 ad
1380 996 1587 1052 rationi
1623 996 1921 1066 parentem

271 1091 456 1145 bruta:
491 1088 784 1146 facultatis
813 1089 1020 1143 animae
1054 1086 1484 1159 partem,illum
1517 1098 1752 1156 quoque
1782 1097 1920 1137 con-

275 1180 453 1234 citum
488 1179 558 1234 ad
611 1194 729 1234 rem
760 1182 1016 1250 optatam
1054 1182 1275 1232 motum
1305 1174 1502 1230 referri
1535 1172 1742 1228 solere.

966 1302 1124 1357 CAP.
1166 1303 1228 1354 L.

274 1415 448 1470 Plura
473 1413 538 1469 de
587 1427 815 1482 corpore
843 1415 893 1464 et
921 1410 1133 1464 anima.
1170 1414 1246 1464 De
1271 1409 1476 1489 animm
1506 1404 1922 1489 immortalitate

521 1488 573 1540 et
603 1487 825 1550 natura,
844 1491 1111 1554 quatenus
1141 1485 1355 1552 corpori
1377 1485 1668 1550 jungatur.

351 1591 766 1648 Immortalitas
796 1589 1021 1645 homini
1053 1588 1342 1660 acquisita
1370 1590 1482 1655 est,
1515 1587 1615 1658 qui
1649 1583 1916 1657 quamvis

272 1684 350 1739 sit
383 1681 725 1738 naturaliter
759 1678 1042 1746 mortalis,
1091 1678 1298 1732 anima:
1359 1685 1546 1732 tamen
1581 1674 1917 1746 praestantia

273 1774 729 1843 consequiturut
748 1767 1180 1824 immortalibus
1201 1767 1478 1823 assideat.
1507 1765 1686 1837 Igitur
1706 1765 1913 1819 animze

273 1869 506 1929 natura,
541 1865 602 1916 ut
634 1859 987 1932 quibusdam
1023 1857 1238 1928 placuit
1268 1857 1513 1927 perfecta
1543 1857 1670 1926 ejus
1700 1855 1908 1926 ipsius,

2034 627 2229 699 ipsum
2261 645 2358 684 seu
2395 632 2712 701 perfectum
2756 633 3053 689 hominem
3099 635 3140 690 ii
3172 645 3394 706 vocant,
3430 643 3529 712 qui
3563 645 3682 700 for-

2035 733 2260 774 marum.
2295 721 2788 792 speculationibus
2821 724 3036 780 addicti
3079 733 3236 783 sunt.
3270 730 3452 788 Homo
3486 735 3683 807 itaque

2034 807 2242 878 triplex
2288 815 2394 864 est.
2429 809 2589 865 Unus
2622 811 2854 881 quidem
2907 814 3092 888 νοερὸς
3157 816 3552 891 intelligentia
3583 841 3684 881 ca-

2034 913 2162 967 pax,
2197 897 2362 967 isque
2395 899 2725 956 uniformis.
2785 901 2945 957 Alter
2994 920 3126 960 vero
3175 904 3396 980 λογικὸς
3437 913 3681 971 rationis

2035 987 2343 1059 particeps,
2415 989 2578 1060 isque
2636 991 2962 1062 tripartitus
3031 999 3085 1049 et
3145 996 3356 1067 triplici
3407 1001 3682 1061 facultate

2035 1077 2335 1147 praeditus.
2389 1081 2612 1134 Tertius
2686 1081 2937 1153 denique
2994 1081 3334 1156 αἲσΟητικὸς,
3407 1092 3679 1149 sensibus

2033 1165 2325 1236 addictus,
2381 1166 2548 1239 isque
2609 1169 2988 1228 multiformis
3025 1181 3079 1228 et
3137 1177 3350 1232 varius.
3388 1178 3450 1233 Id
3484 1197 3676 1252 porro,

2033 1256 2186 1324 quod
2222 1256 2603 1312 ratiocinator
2633 1263 2689 1314 et
2707 1262 3271 1334 contemplatur,nos
3302 1267 3414 1337 ipsi
3447 1285 3674 1326 sumus.

2030 1343 2144 1399 Nec
2199 1346 2352 1401 enim
2386 1347 2704 1419 quidquam
2755 1349 2904 1406 inter
2933 1368 3038 1408 nos
3071 1357 3128 1408 et
3183 1354 3438 1412 animam
3471 1358 3673 1413 discri-

2029 1434 2204 1491 minis
2236 1439 2345 1491 est.

2684 1559 2839 1614 CAP.
2887 1560 3027 1616 LIII.

2027 1664 2100 1718 De
2134 1667 2314 1746 mente
2343 1667 2637 1746 et_am’ma,
2688 1667 3024 1746 (Graecorum
3073 1671 3291 1742 aliquot
3345 1673 3659 1746 philosopho

2061 1751 2189 1789 rum
2220 1736 2284 1790 de
2313 1739 2522 1794 animm
2550 1747 2605 1794 et
2629 1736 2868 1812 corporis
2896 1736 3278 1800 coniunctione
3299 1736 3632 1820 sententiae.)

2101 1851 2176 1906 Ex
2207 1853 2541 1924 sapientum
2595 1857 2921 1913 Graacorum
2958 1875 3201 1915 numero
3250 1861 3406 1918 Plato
3436 1863 3671 1934 quidem

272 1956 330 2006 et
381 1949 745 2005 dimensione
799 1964 1004 2003 carens
1035 1945 1291 2002 essentia
1328 1951 1416 2000 est
1462 1962 1475 1999 :
1512 1961 1638 2015 qua:
1684 1943 1908 2014 corpori
1949 1921 1995 1984 Β
2029 1945 2084 1996 et
2124 1942 2454 2000 Aristoteles
2513 1946 2770 2002 animam
2816 1964 3055 2019 corpore
3112 1954 3392 2022 tanquam
3450 1953 3672 2009 instru-

275 2050 550 2112 tanqunm
599 2037 794 2094 currui
847 2036 1080 2091 insidet.
1116 2035 1261 2099 Quia
1289 2051 1420 2090 vero
1469 2033 1582 2088 vita
1615 2032 1714 2088 toti
1747 2033 1912 2087 sufﬁ-

271 2131 496 2196 cienda,
527 2135 584 2186 et
613 2129 736 2185 suis
760 2128 816 2183 id
850 2127 1006 2182 \elut
1036 2125 1266 2197 angulis
1310 2124 1910 2180 circumscribendum

273 2225 379 2287 est,
404 2237 470 2274 ea
500 2221 570 2275 de
601 2235 776 2274 causa
809 2218 1002 2286 ipsum
1037 2218 1316 2286 permeat,
1353 2213 1459 2268 hoc
1489 2217 1578 2267 est
1608 2212 1908 2278 dividitur,

271 2319 324 2366 et
357 2326 456 2380 per
485 2308 750 2379 singulas
780 2307 908 2376 ejus
936 2309 1129 2376 partes
1161 2303 1530 2369 diffunditur,
1555 2302 1909 2371 profundum

267 2401 398 2470 ejus
429 2403 483 2454 et
508 2397 868 2468 superficiem
897 2412 965 2450 ex
991 2410 1156 2464 aequo
1188 2392 1476 2459 animans,
1510 2396 1684 2460 atque
1716 2390 1909 2462 ipsum

269 2488 506 2559 quidem
540 2487 652 2541 sibi
681 2485 791 2554 ipsi
853 2479 1302 2544 circumscribit,
1333 2479 1381 2534 ei
1433 2488 1624 2534 autem
1655 2476 1908 2549 seipsam

262 2577 440 2632 certis
473 2577 691 2630 finibus
723 2570 1140 2628 accommodat.

938 2697 1089 2753 CAP.
1142 2697 1230 2752 LI.

261 2814 399 2867 Item
427 2810 490 2866 de
527 2811 732 2864 anima.
783 2805 1116 2889 Angelorurn
1139 2809 1191 2858 et
1244 2803 1562 2858 animarum
1616 2798 1912 2856 creationis

999 2885 1169 2930 ratio.

333 3007 457 3062 Una
505 3021 636 3058 cum
667 3001 1063 3072 angelicorum
1115 2999 1351 3070 quidem
1385 2998 1659 3054 ordinum
1693 2995 1906 3068 specie,

262 3095 698 3151 individuorum
733 3108 966 3163 quoque
989 3106 1267 3145 numerus
1299 3088 1357 3143 in
1392 3087 1581 3159 prima
1611 3086 1715 3141 illa
1746 3102 1912 3139 mun-

264 3188 320 3242 di
373 3185 662 3241 creatione
721 3181 1046 3252 completus
1095 3196 1224 3235 esse
1282 3179 1465 3234 fertur
1513 3196 1526 3232 :
1579 3177 1910 3232 animarum

2029 2042 2222 2087 mento
2257 2033 2338 2086 uti
2367 2039 2626 2090 censent.
2662 2040 2829 2092 Decet
2859 2037 3035 2108 enim,
3069 2039 3258 2112 inquit
3301 2042 3670 2110 Aristoteles,

2029 2129 2087 2176 ut
2127 2139 2224 2178 ars
2269 2121 2393 2177 suis
2453 2123 2884 2191 instrumentis,
2937 2127 3134 2183 anima
3183 2133 3373 2185 autem
3429 2148 3670 2203 corpore

2027 2216 2244 2268 utatur.
2307 2213 2670 2286 Peripatetici
2725 2232 2857 2272 vero
2939 2217 3272 2292 philosophi
3335 2220 3493 2277 illam
3551 2241 3668 2279 non

2025 2318 2195 2356 secus
2246 2310 2414 2374 atque
2466 2305 2712 2361 formam
2761 2307 3002 2362 materia
3033 2314 3399 2366 constantem
3441 2314 3671 2384 corpori

2025 2391 2410 2446 commiscent
2435 2398 2491 2448 ct
2523 2394 2844 2464 implicant.

2096 2480 2358 2536 Cleantes
2410 2481 2570 2538 illam
2615 2485 2791 2540 etiam
2837 2502 3047 2557 corpus
3103 2503 3232 2544 esse
3284 2490 3668 2561 demonstrat,

2019 2585 2152 2639 quas
2185 2573 2376 2625 tamen
2423 2571 2737 2643 aliquando
2787 2575 2858 2630 ab
2901 2592 2966 2631 eo
3016 2577 3174 2648 quod
3223 2579 3333 2633 sub
3365 2587 3666 2652 aspectum

2025 2659 2181 2713 cadit
2203 2661 2461 2730 separari
2489 2666 2678 2732 queat.

2098 2748 2360 2804 Plotinus
2415 2756 2610 2806 autem
2666 2751 2825 2808 illam
2880 2755 2950 2809 ad
3009 2757 3268 2827 corporis
3325 2757 3666 2817 affectiones

2025 2837 2362 2893 subeundas
2387 2839 2838 2912 haudquaquam
2871 2843 3025 2915 adigi
3058 2850 3259 2901 auctor
3283 2850 3666 2919 est,quando-

2026 2927 2261 2996 quidem
2295 2945 2398 2984 nec
2429 2929 2548 2985 ullo
2577 2948 2834 3003 unquam
2870 2932 2990 2988 fieri
3019 2934 3189 2990 modo
3217 2941 3411 3006 queat,
3438 2942 3502 2992 ut
3522 2939 3664 2993 arti-

2024 3016 2115 3070 fex
2171 3019 2698 3076 instrumentorum
2757 3022 3092 3078 atfectiones
3143 3023 3367 3080 induat.
3419 3026 3667 3083 Necesse

2025 3113 2218 3164 autem
2272 3110 2488 3178 est,ait,
2524 3115 2585 3164 ut
2634 3127 2810 3166 sensu
2860 3117 3082 3170 utatur.
3132 3115 3294 3180 Quod
3349 3115 3504 3170 enim
3540 3133 3664 3172 cor~

2026 3215 2164 3269 pore
2207 3200 2350 3270 agit,
2385 3216 2416 3253 a
2467 3216 2642 3255 sensu
2703 3201 3014 3270 adiuvatur
3062 3210 3172 3257 :ut
3219 3205 3347 3274 ejus
3388 3205 3666 3262 beneficio

267 3283 460 3333 autem
510 3290 784 3329 numerus
807 3289 838 3326 ἃ
869 3277 1125 3326 creatore
1173 3267 1358 3322 Verbo
1393 3268 1510 3340 (συί
1572 3268 1714 3323 nihil
1761 3267 1913 3321 mm'
1945 3286 1986 3352 C
2025 3267 2270 3343 externa
2291 3295 2348 3343 et
2377 3289 2691 3343 adventiti-i
2740 3267 3070 3362 cognoscat.
3098 3267 3322 3347 Jamvsi
3353 3292 3550 3349 anima
3582 3295 3670 3348 in-

266 3385 397 3421 rum
453 3379 550 3419 aut
593 3368 899 3418 venturum
960 3365 1069 3425 est,
1131 3359 1230 3414 sed
1290 3359 1485 3414 omnia
1545 3359 1910 3430 perspicuam

267 3463 536 3511 naturam
570 3455 781 3524 adepta
814 3450 974 3521 sunt)
1011 3451 1327 3520 productus
1360 3448 1596 3520 quidem
1630 3466 1758 3506 esse
1789 3468 1918 3521 per-

265 3548 519 3612 hibetur,
554 3549 611 3598 at
660 3559 774 3598 non
831 3558 945 3596 uno
994 3556 1122 3596 cum
1155 3556 1347 3594 rerum
1401 3539 1781 3596 universitate
1813 3542 1914 3598 de-

262 3639 591 3707 promptus,
638 3632 754 3686 imo
805 3630 917 3685 illae
971 3646 1040 3684 ex
1101 3627 1281 3683 nihilo
1338 3633 1567 3695 creatae,
1599 3633 1656 3686 et
1685 3647 1911 3709 eorum,

261 3724 399 3796 quia
429 3741 462 3777 a
495 3720 695 3776 mundi
729 3718 1047 3792 primordio
1067 3718 1140 3774 ad
1171 3717 1323 3774 hunc
1359 3735 1544 3790 usque
1570 3720 1728 3776 diem
1759 3723 1912 3776 vixe-

258 3817 414 3879 runt,
449 3811 788 3881 corporibus
847 3809 1052 3864 infusis
1105 3807 1285 3863 fuisse
1335 3825 1348 3864 :
1385 3813 1557 3879 atque
1591 3809 1650 3864 in
1679 3808 1772 3864 die
1805 3810 1907 3864 in-

260 3902 425 3957 fundi
463 3901 750 3956 feruntur.

915 4006 1068 4062 CAP.
1141 4006 1256 4060 LII.

264 4117 395 4170 Item
451 4115 514 4169 de
564 4117 775 4171 anima.
827 4113 1050 4183 Triplex
1105 4111 1306 4166 animae
1353 4112 1584 4183 affectio,
1625 4111 1908 4183 triplicem

738 4201 948 4256 quoque
973 4183 1250 4239 hominem
1279 4185 1436 4252 facit.

335 4310 562 4384 Triplex
590 4328 759 4382 porro
783 4313 871 4365 est
901 4309 1109 4364 animle
1140 4307 1389 4376 affectio,
1423 4307 1712 4378 siquidem
1747 4313 1900 4381 quod

258 4401 316 4457 in
361 4401 459 4456 illa
490 4417 789 4456 summum
823 4403 929 4464 est,
954 4402 1172 4454 etcum
1220 4397 1390 4452 rebus
1421 4414 1547 4468 quae
1606 4397 1902 4457 intellectu

259 4491 676 4564 percipiuntur,
729 4489 1134 4562 cognationem
1187 4487 1382 4557 habet,
1429 4485 1635 4556 νόησις,
1681 4506 1782 4545 seu
1811 4491 1902 4546 in-

255 4581 578 4652 telligentia
633 4579 1016 4637 nominatur:
1054 4577 1208 4648 quod
1259 4593 1389 4632 vero
1446 4581 1796 4647 extremum,
1848 4587 1902 4636 et

2025 3393 2305 3449 corporea
2332 3387 2439 3443 est,
2474 3379 2630 3434 illam
2667 3395 2954 3450 corporeis
3000 3381 3333 3438 affectiones
3367 3382 3670 3456 haudqua-

2024 3484 2197 3536 quam
2235 3469 2655 3537 penetrabuut:
2692 3470 2846 3541 quod
2868 3471 2914 3524 si
2950 3470 3182 3527 veniant
3214 3472 3668 3545 haudquaquam

2022 3557 2081 3609 in
2141 3557 2268 3625 ejus
2315 3559 2658 3624 essentiam,
2717 3560 2814 3614 sed
2876 3565 3096 3614 tantum
3145 3559 3204 3614 in
3251 3560 3556 3617 facultates
3615 3567 3676 3618 et

2021 3644 2282 3700 actiones
2313 3646 2438 3714 ejus
2469 3646 2724 3702 venient.

2679 3764 2833 3819 CAP.
2878 3763 3010 3819 LIV.

2018 3853 2091 3906 De
2121 3853 2332 3907 anima.
2369 3853 2585 3907 Misceri
2612 3868 2736 3923 quae
2763 3855 3043 3918 dicantur,
3075 3857 3126 3906 et
3175 3854 3436 3924 quomodo
3465 3855 3665 3914 anima

2508 3926 2725 3995 corpori
2751 3925 3182 3980 commisceatur.

2089 4040 2314 4097 Misceri
2346 4041 2626 4097 dicuntur
2673 4057 2761 4110 ea,
2795 4058 2918 4112 quae
2953 4042 3412 4099 commiscentur
3441 4049 3497 4100 et
3529 4061 3670 4101 con-

2017 4130 2348 4186 funduntur
2397 4131 2546 4185 inter
2573 4148 2654 4200 se,
2690 4138 2749 4185 ut
2781 4146 2872 4186 res
2917 4130 3171 4188 humidae
3205 4132 3292 4188 vel
3342 4133 3667 4206 implicitm,

2015 4225 2079 4274 ut
2112 4237 2208 4276 aer
2239 4224 2296 4278 et
2322 4219 2520 4276 lumen
2556 4240 2570 4288 ;
2606 4220 2690 4275 vel
2724 4224 2784 4274 ut
2820 4220 3027 4287 forma,
3062 4239 3187 4294 quas
3219 4241 3250 4278 a
3299 4225 3541 4280 materia
3574 4240 3665 4281 se-

2014 4311 2207 4382 parari
2240 4327 2354 4365 non
2387 4314 2596 4382 potest.
2651 4310 2812 4374 Quod
2846 4311 2895 4365 si
2953 4328 3016 4366 se
3046 4312 3132 4367 vel
3194 4312 3492 4368 tantillum
3527 4331 3666 4370 con-

2007 4399 2264 4470 tingant,
2314 4401 2571 4455 essentia
2622 4400 2860 4471 quidem
2913 4406 3284 4470 separantur,
3337 4403 3666 4460 actionibus

2011 4506 2143 4545 vero
2197 4489 2676 4545 eommiscentur.
2711 4491 2844 4554 Quae
2895 4505 2988 4544 res
3035 4489 3400 4545 Aristotelem
3437 4508 3666 4563 quoque

2013 4579 2394 4652 permovit,ut
2424 4578 2715 4650 duplicem
2749 4577 3008 4634 animam
3041 4593 3168 4633 esse
3197 4577 3417 4634 diceret
3448 4595 3459 4633 :
3488 4597 3668 4637 unam

256 4676 535 4744 tanquam
569 4686 768 4726 eorum
822 4684 952 4739 quae
988 4666 1095 4722 sub
1129 4682 1370 4721 sensum
1403 4666 1641 4734 cadunt,
1695 4683 1907 4726 sensus
1940 4653 1984 4717 D
2018 4669 2280 4740 quidem,
2331 4684 2454 4739 quis
2506 4685 2538 4723 a
2576 4684 2814 4739 corpore
2873 4675 3191 4739 separetur,
3243 4665 3484 4723 alteram
3533 4685 3666 4726 vero

253 4760 590 4818 communis
633 4758 940 4826 beneficio,
971 4772 1226 4829 gnomon
1260 4758 1317 4810 et
1363 4756 1564 4828 regula
1611 4761 1723 4824 est,
1759 4754 1904 4829 δόξα,

255 4867 356 4906 seu
401 4848 620 4919 Opinio,
679 4847 938 4902 dicitur:
986 4844 1143 4917 quod
1193 4844 1447 4916 denique
1494 4845 1906 4905 intermedium

256 4942 550 5008 est,atque
576 4937 656 4991 ita
678 4942 1098 5006 comparatum,
1139 4938 1205 4989 ut
1241 4936 1412 4989 modo
1445 4951 1705 5006 sursum,
1735 4939 1904 4994 modo

255 5029 522 5083 deorsum
560 5025 799 5090 feratur,
836 5020 1068 5100 διάνοια,
1102 5041 1201 5080 seu
1238 5023 1510 5097 cogitatio
1542 5025 1694 5081 dicta
1721 5032 1827 5083 est.

327 5119 514 5186 Atque
566 5113 658 5169 his
711 5113 924 5169 finibus
968 5115 1166 5180 homo,
1225 5131 1324 5168 seu
1379 5113 1635 5170 hominis
1683 5117 1901 5187 opinio,

252 5205 639 5277 exspatiatur,
671 5207 917 5272 tumque
947 5203 1182 5258 domum
1240 5203 1456 5259 animal
1486 5205 1695 5259 evadit.
1729 5207 1899 5278 Cogi-

247 5295 392 5352 tatio
424 5293 581 5349 enim
641 5289 946 5362 multiplex
979 5292 1241 5364 quaedam
1276 5297 1485 5348 natura
1518 5296 1626 5348 est.
1677 5295 1899 5349 Intelli-

245 5384 437 5458 gentia
490 5399 624 5437 vero
658 5380 979 5436 divinitatis
1032 5387 1121 5437 est
1179 5383 1492 5453 particeps.
1529 5382 1676 5437 Cum
1741 5383 1898 5439 enim

243 5474 535 5546 cupiditas
583 5470 890 5542 multieeps
923 5471 1216 5541 quoddam
1274 5470 1511 5537 animal,
1553 5471 1900 5528 animositas

240 5565 438 5616 autem
488 5562 722 5619 leonina
756 5559 831 5616 sit
883 5575 895 5614 :
945 5560 1091 5614 ratio
1153 5558 1276 5615 sola
1325 5559 1627 5616 hominem
1691 5575 1897 5618 verum

237 5651 562 5720 constituit,
593 5669 706 5726 quo
741 5656 938 5707 tamen
971 5648 1122 5705 alius
1154 5664 1388 5721 quoque
1439 5649 1693 5706 divinior
1722 5649 1898 5708 homo

239 5741 546 5814 veriorque
595 5740 1069 5815 deprehenditur,
1101 5738 1373 5812 quisquis
1425 5739 1636 5813 νοερὸς,
1668 5757 1769 5798 seu
1805 5742 1894 5798 in.

2016 4775 2145 4831 quae
2228 4758 2286 4813 in
2373 4774 2611 4829 corpore
2687 4756 2989 4813 subsistat.
3062 4756 3141 4811 Ea
3217 4771 3386 4827 porro
3451 4756 3660 4812 animis

2017 4849 2223 4914 forma,
2253 4865 2378 4919 quas
2405 4846 2633 4918 corpori
2664 4846 2837 4912 inest,
2865 4845 3238 4901 instrumenti
3271 4845 3455 4902 vicem
3489 4849 3661 4918 gerit,

2016 4953 2130 5007 quo
2162 4936 2232 4991 ad
2263 4935 2622 5007 superiorem
2655 4935 2912 4990 animam
2945 4936 3105 5007 regia
3150 4933 3422 4992 facultate
3455 4937 3662 5007 pradi-

2015 5030 2134 5080 tam
2197 5025 2571 5080 subvehatur.
2645 5026 2916 5080 Caeterum
2993 5023 3189 5079 anima
3258 5040 3384 5096 quas
3436 5028 3666 5098 corpori

2013 5114 2182 5180 inest,
2218 5114 2672 5187 haudquaquam
2706 5115 2814 5170 sub
2858 5131 3099 5170 sensum
3129 5114 3280 5171 cadit
3315 5131 3328 5169 :
3364 5115 3659 5187 siquidem

2012 5205 2239 5275 corpori
2289 5205 2588 5260 commista
2619 5208 2725 5272 est,
2781 5205 2882 5260 sed
2920 5204 3112 5276 ipsum
3165 5221 3378 5276 corpus
3439 5206 3664 5260 anima-

2010 5297 2160 5348 tum.
2191 5295 2413 5364 Corpus
2459 5293 2616 5348 enim
2650 5294 2860 5349 animae
2893 5294 3174 5350 beneficio
3213 5310 3447 5363 sensus,
3479 5311 3657 5367 appe-

2011 5383 2237 5444 titus,et
2269 5388 2609 5437 caeterarum
2641 5382 3012 5438 aﬁ‘ectionum
3044 5383 3336 5456 particeps
3367 5388 3476 5441 est.

2082 5471 2241 5526 Plato
2291 5477 2484 5526 autem
2534 5487 2727 5527 veram
2761 5472 2968 5528 animae
3018 5473 3334 5528 essentiam
3377 5490 3410 5528 a
3465 5472 3655 5544 seipsa

2010 5564 2334 5634 dependere
2372 5563 2592 5619 scribit.
2629 5563 2791 5627 Quod
2833 5563 2988 5619 enim
3023 5563 3084 5618 in
3141 5563 3250 5619 alio
3276 5562 3563 5631 subsistit,
3593 5561 3653 5617 id

2008 5651 2334 5710 essentialis
2369 5651 2668 5724 qualitatis
2698 5654 3094 5722 formam,non
3118 5657 3310 5709 autem
3338 5650 3652 5709 essentiam

2009 5741 2285 5816 appellat.
