  <div class='ocr_page' id='page_1' title='image "/cluster/home/n/w/nwhite01/storage/ocr_20150623/139/mdp.39015078384214/606.png"; bbox 0 0 4090 6298; ppageno 0'>
   <div class='ocr_carea' id='block_1_1' title="bbox 255 363 406 425">
    <p class='ocr_par' dir='ltr' id='par_1_1' title="bbox 255 363 406 425">
     <span class='ocr_line' id='line_1_1' title="bbox 255 363 406 425; baseline -0.02 0"><span class='ocrx_word' id='word_1_1' title='bbox 255 363 406 425; x_wconf 71' lang='grc'>1189</span> 
     </span>
    </p>
   </div>
   <div class='ocr_carea' id='block_1_2' title="bbox 1593 351 2311 416">
    <p class='ocr_par' dir='ltr' id='par_1_2' title="bbox 1593 351 2311 416">
     <span class='ocr_line' id='line_1_2' title="bbox 1593 351 2311 416; baseline 0.004 -3"><span class='ocrx_word' id='word_1_2' title='bbox 1593 351 1995 415; x_wconf 73' lang='lat' dir='ltr'>TBESAURI</span> <span class='ocrx_word' id='word_1_3' title='bbox 2038 354 2190 415; x_wconf 89' lang='lat' dir='ltr'>LIB.</span> <span class='ocrx_word' id='word_1_4' title='bbox 2233 353 2311 416; x_wconf 86' lang='grc' dir='ltr'>ΙΙ.</span> 
     </span>
    </p>
   </div>
   <div class='ocr_carea' id='block_1_3' title="bbox 3502 357 3663 419">
    <p class='ocr_par' dir='ltr' id='par_1_3' title="bbox 3502 357 3663 419">
     <span class='ocr_line' id='line_1_3' title="bbox 3502 357 3663 419; baseline -0.012 0"><span class='ocrx_word' id='word_1_5' title='bbox 3502 357 3663 419; x_wconf 84' lang='grc'>1190</span> 
     </span>
    </p>
   </div>
   <div class='ocr_carea' id='block_1_4' title="bbox 260 488 3659 567">
    <p class='ocr_par' dir='ltr' id='par_1_4' title="bbox 260 488 3659 567">
     <span class='ocr_line' id='line_1_4' title="bbox 260 488 3659 567; baseline -0.001 -11"><span class='ocrx_word' id='word_1_6' title='bbox 260 500 554 562; x_wconf 68' lang='grc' dir='ltr'>οοὴωτθει,</span> <span class='ocrx_word' id='word_1_7' title='bbox 591 493 743 567; x_wconf 89' lang='lat' dir='ltr'>quod</span> <span class='ocrx_word' id='word_1_8' title='bbox 778 491 1015 563; x_wconf 83' lang='lat' dir='ltr'>quidem</span> <span class='ocrx_word' id='word_1_9' title='bbox 1047 489 1194 546; x_wconf 90' lang='lat' dir='ltr'>nihil</span> <span class='ocrx_word' id='word_1_10' title='bbox 1225 488 1382 545; x_wconf 80' lang='lat' dir='ltr'>aliud</span> <span class='ocrx_word' id='word_1_11' title='bbox 1422 492 1531 558; x_wconf 83' lang='lat' dir='ltr'>est,</span> <span class='ocrx_word' id='word_1_12' title='bbox 1562 505 1740 560; x_wconf 88' lang='lat' dir='ltr'>quam</span> <span class='ocrx_word' id='word_1_13' title='bbox 1769 505 1894 545; x_wconf 88' lang='lat' dir='ltr'>cor-</span> <span class='ocrx_word' id='word_1_14' title='bbox 1928 494 1980 560; x_wconf 81' lang='grc' dir='ltr'><strong>Α</strong></span> <span class='ocrx_word' id='word_1_15' title='bbox 2011 506 2073 546; x_wconf 79' lang='grc' dir='ltr'>ιθ</span> <span class='ocrx_word' id='word_1_16' title='bbox 2103 491 2450 548; x_wconf 79' lang='lat' dir='ltr'><strong>conveniant</strong></span> <span class='ocrx_word' id='word_1_17' title='bbox 2477 511 2492 561; x_wconf 87' lang='lat'><strong>;</strong></span> <span class='ocrx_word' id='word_1_18' title='bbox 2521 493 2622 550; x_wconf 87' lang='lat' dir='ltr'>sed</span> <span class='ocrx_word' id='word_1_19' title='bbox 2657 493 2803 549; x_wconf 81' lang='lat' dir='ltr'>alter</span> <span class='ocrx_word' id='word_1_20' title='bbox 2831 491 3255 566; x_wconf 64' lang='lat' dir='ltr'>praetentiorls</span> <span class='ocrx_word' id='word_1_21' title='bbox 3313 492 3518 550; x_wconf 70' lang='lat' dir='ltr'>anime</span> <span class='ocrx_word' id='word_1_22' title='bbox 3563 513 3659 552; x_wconf 89' lang='lat' dir='ltr'>ra-</span> 
     </span>
    </p>
   </div>
   <div class='ocr_carea' id='block_1_5' title="bbox 260 578 1892 664">
    <p class='ocr_par' dir='ltr' id='par_1_5' title="bbox 260 578 1892 664">
     <span class='ocr_line' id='line_1_5' title="bbox 260 578 1892 664; baseline -0.008 -19"><span class='ocrx_word' id='word_1_23' title='bbox 260 607 365 664; x_wconf 92' lang='lat' dir='ltr'>pus</span> <span class='ocrx_word' id='word_1_24' title='bbox 396 586 565 654; x_wconf 83' lang='lat' dir='ltr'>illud,</span> <span class='ocrx_word' id='word_1_25' title='bbox 598 583 753 656; x_wconf 91' lang='lat' dir='ltr'>quod</span> <span class='ocrx_word' id='word_1_26' title='bbox 787 579 958 652; x_wconf 82' lang='lat' dir='ltr'>vulgo</span> <span class='ocrx_word' id='word_1_27' title='bbox 981 579 1242 635; x_wconf 87' lang='lat' dir='ltr'>divinum</span> <span class='ocrx_word' id='word_1_28' title='bbox 1283 579 1535 635; x_wconf 89' lang='lat' dir='ltr'>dicitur:</span> <span class='ocrx_word' id='word_1_29' title='bbox 1598 579 1747 650; x_wconf 86' lang='lat' dir='ltr'>quod</span> <span class='ocrx_word' id='word_1_30' title='bbox 1809 578 1892 634; x_wconf 89' lang='lat' dir='ltr'>si-</span> 
     </span>
    </p>
   </div>
   <div class='ocr_carea' id='block_1_6' title="bbox 265 668 1904 748">
    <p class='ocr_par' dir='ltr' id='par_1_6' title="bbox 265 668 1904 748">
     <span class='ocr_line' id='line_1_6' title="bbox 265 668 1904 748; baseline -0.008 -13"><span class='ocrx_word' id='word_1_31' title='bbox 265 679 380 736; x_wconf 91' lang='lat' dir='ltr'>mul</span> <span class='ocrx_word' id='word_1_32' title='bbox 411 682 586 748; x_wconf 88' lang='lat' dir='ltr'>atque</span> <span class='ocrx_word' id='word_1_33' title='bbox 617 671 800 729; x_wconf 83' lang='lat' dir='ltr'>subiit</span> <span class='ocrx_word' id='word_1_34' title='bbox 831 671 1052 738; x_wconf 89' lang='lat' dir='ltr'>anima,</span> <span class='ocrx_word' id='word_1_35' title='bbox 1085 669 1358 724; x_wconf 79' lang='lat' dir='ltr'>crassiori</span> <span class='ocrx_word' id='word_1_36' title='bbox 1389 670 1579 724; x_wconf 89' lang='lat' dir='ltr'>denuo</span> <span class='ocrx_word' id='word_1_37' title='bbox 1626 668 1772 741; x_wconf 90' lang='lat' dir='ltr'>parti</span> <span class='ocrx_word' id='word_1_38' title='bbox 1806 669 1904 723; x_wconf 87' lang='lat' dir='ltr'>ad-</span> 
     </span>
    </p>
   </div>
   <div class='ocr_carea' id='block_1_7' title="bbox 265 757 1902 835">
    <p class='ocr_par' dir='ltr' id='par_1_7' title="bbox 265 757 1902 835">
     <span class='ocr_line' id='line_1_7' title="bbox 265 757 1902 835; baseline -0.008 -11"><span class='ocrx_word' id='word_1_39' title='bbox 265 771 453 832; x_wconf 77' lang='lat' dir='ltr'>haeret,</span> <span class='ocrx_word' id='word_1_40' title='bbox 486 780 664 835; x_wconf 91' lang='lat' dir='ltr'>quam</span> <span class='ocrx_word' id='word_1_41' title='bbox 699 761 935 833; x_wconf 86' lang='lat' dir='ltr'>quidem</span> <span class='ocrx_word' id='word_1_42' title='bbox 987 758 1296 814; x_wconf 75' lang='lat' dir='ltr'>acmlestis</span> <span class='ocrx_word' id='word_1_43' title='bbox 1352 763 1647 814; x_wconf 87' lang='lat' dir='ltr'>astrorum</span> <span class='ocrx_word' id='word_1_44' title='bbox 1711 757 1902 829; x_wconf 85' lang='lat' dir='ltr'>dispo-</span> 
     </span>
    </p>
   </div>
   <div class='ocr_carea' id='block_1_8' title="bbox 262 849 1904 925">
    <p class='ocr_par' dir='ltr' id='par_1_8' title="bbox 262 849 1904 925">
     <span class='ocr_line' id='line_1_8' title="bbox 262 849 1904 925; baseline -0.008 -10"><span class='ocrx_word' id='word_1_45' title='bbox 262 858 488 925; x_wconf 86' lang='lat' dir='ltr'>sitione,</span> <span class='ocrx_word' id='word_1_46' title='bbox 547 857 611 908; x_wconf 92' lang='lat' dir='ltr'>ut</span> <span class='ocrx_word' id='word_1_47' title='bbox 669 852 749 906; x_wconf 89' lang='lat' dir='ltr'>ita</span> <span class='ocrx_word' id='word_1_48' title='bbox 798 850 1014 916; x_wconf 87' lang='lat' dir='ltr'>dicam,</span> <span class='ocrx_word' id='word_1_49' title='bbox 1053 854 1353 921; x_wconf 89' lang='lat' dir='ltr'>acceptam</span> <span class='ocrx_word' id='word_1_50' title='bbox 1437 849 1553 919; x_wconf 83' lang='lat' dir='ltr'>ipsi</span> <span class='ocrx_word' id='word_1_51' title='bbox 1622 852 1904 918; x_wconf 88' lang='lat' dir='ltr'>tanquam</span> 
     </span>
    </p>
   </div>
   <div class='ocr_carea' id='block_1_9' title="bbox 265 938 1906 1015">
    <p class='ocr_par' dir='ltr' id='par_1_9' title="bbox 265 938 1906 1015">
     <span class='ocr_line' id='line_1_9' title="bbox 265 938 1906 1015; baseline -0.007 -11"><span class='ocrx_word' id='word_1_52' title='bbox 265 951 456 1005; x_wconf 88' lang='lat' dir='ltr'>centro</span> <span class='ocrx_word' id='word_1_53' title='bbox 487 943 840 1015; x_wconf 85' lang='lat' dir='ltr'>appingunt,</span> <span class='ocrx_word' id='word_1_54' title='bbox 874 955 1118 1010; x_wconf 82' lang='lat' dir='ltr'>eamque</span> <span class='ocrx_word' id='word_1_55' title='bbox 1159 944 1299 994; x_wconf 90' lang='lat' dir='ltr'>tunc</span> <span class='ocrx_word' id='word_1_56' title='bbox 1360 939 1595 994; x_wconf 90' lang='lat' dir='ltr'>demum</span> <span class='ocrx_word' id='word_1_57' title='bbox 1655 938 1906 994; x_wconf 88' lang='lat' dir='ltr'>formam</span> 
     </span>
    </p>
   </div>
   <div class='ocr_carea' id='block_1_10' title="bbox 269 1027 1911 1101">
    <p class='ocr_par' dir='ltr' id='par_1_10' title="bbox 269 1027 1911 1101">
     <span class='ocr_line' id='line_1_10' title="bbox 269 1027 1911 1101; baseline -0.007 -8"><span class='ocrx_word' id='word_1_58' title='bbox 269 1036 469 1094; x_wconf 70' lang='lat' dir='ltr'>animas</span> <span class='ocrx_word' id='word_1_59' title='bbox 503 1031 749 1088; x_wconf 78' lang='lat' dir='ltr'>rationis</span> <span class='ocrx_word' id='word_1_60' title='bbox 798 1033 1092 1101; x_wconf 86' lang='lat' dir='ltr'>expertem</span> <span class='ocrx_word' id='word_1_61' title='bbox 1144 1032 1371 1097; x_wconf 89' lang='lat' dir='ltr'>vocant,</span> <span class='ocrx_word' id='word_1_62' title='bbox 1433 1044 1501 1083; x_wconf 87' lang='lat' dir='ltr'>ex</span> <span class='ocrx_word' id='word_1_63' title='bbox 1558 1045 1673 1100; x_wconf 90' lang='lat' dir='ltr'>qua</span> <span class='ocrx_word' id='word_1_64' title='bbox 1730 1027 1911 1082; x_wconf 89' lang='lat' dir='ltr'>nimi-</span> 
     </span>
    </p>
   </div>
   <div class='ocr_carea' id='block_1_11' title="bbox 271 1116 1914 1194">
    <p class='ocr_par' dir='ltr' id='par_1_11' title="bbox 271 1116 1914 1194">
     <span class='ocr_line' id='line_1_11' title="bbox 271 1116 1914 1194; baseline -0.006 -12"><span class='ocrx_word' id='word_1_65' title='bbox 271 1143 392 1182; x_wconf 89' lang='lat' dir='ltr'>rum</span> <span class='ocrx_word' id='word_1_66' title='bbox 447 1121 666 1194; x_wconf 85' lang='lat' dir='ltr'>opinio.</span> <span class='ocrx_word' id='word_1_67' title='bbox 727 1136 963 1189; x_wconf 84' lang='lat' dir='ltr'>sensus,</span> <span class='ocrx_word' id='word_1_68' title='bbox 1019 1118 1354 1190; x_wconf 83' lang='lat' dir='ltr'>phantasia,</span> <span class='ocrx_word' id='word_1_69' title='bbox 1411 1132 1609 1173; x_wconf 87' lang='lat' dir='ltr'>eorum</span> <span class='ocrx_word' id='word_1_70' title='bbox 1659 1116 1914 1187; x_wconf 86' lang='lat' dir='ltr'>denique</span> 
     </span>
    </p>
   </div>
   <div class='ocr_carea' id='block_1_12' title="bbox 266 1206 1911 1288">
    <p class='ocr_par' dir='ltr' id='par_1_12' title="bbox 266 1206 1911 1288">
     <span class='ocr_line' id='line_1_12' title="bbox 266 1206 1911 1288; baseline -0.007 -18"><span class='ocrx_word' id='word_1_71' title='bbox 266 1211 913 1288; x_wconf 76' lang='lat' dir='ltr'>generandorum,quze</span> <span class='ocrx_word' id='word_1_72' title='bbox 971 1208 1082 1262; x_wconf 88' lang='lat' dir='ltr'>sub</span> <span class='ocrx_word' id='word_1_73' title='bbox 1152 1206 1592 1278; x_wconf 84' lang='lat' dir='ltr'>generationem</span> <span class='ocrx_word' id='word_1_74' title='bbox 1676 1206 1911 1272; x_wconf 90' lang='lat' dir='ltr'>cadunt,</span> 
     </span>
    </p>
   </div>
   <div class='ocr_carea' id='block_1_13' title="bbox 273 1294 1918 1377">
    <p class='ocr_par' dir='ltr' id='par_1_13' title="bbox 273 1294 1918 1377">
     <span class='ocr_line' id='line_1_13' title="bbox 273 1294 1918 1377; baseline -0.008 -15"><span class='ocrx_word' id='word_1_75' title='bbox 273 1302 560 1377; x_wconf 84' lang='lat' dir='ltr'>appetitus</span> <span class='ocrx_word' id='word_1_76' title='bbox 592 1298 872 1371; x_wconf 87' lang='lat' dir='ltr'>procedit.</span> <span class='ocrx_word' id='word_1_77' title='bbox 907 1297 1024 1353; x_wconf 87' lang='lat' dir='ltr'>Nec</span> <span class='ocrx_word' id='word_1_78' title='bbox 1055 1297 1210 1353; x_wconf 85' lang='lat' dir='ltr'>enim</span> <span class='ocrx_word' id='word_1_79' title='bbox 1242 1297 1430 1352; x_wconf 86' lang='lat' dir='ltr'>eidem</span> <span class='ocrx_word' id='word_1_80' title='bbox 1492 1298 1712 1351; x_wconf 68' lang='lat' dir='ltr'>natura:</span> <span class='ocrx_word' id='word_1_81' title='bbox 1748 1294 1918 1349; x_wconf 88' lang='lat' dir='ltr'>unius</span> 
     </span>
    </p>
   </div>
   <div class='ocr_carea' id='block_1_14' title="bbox 274 1387 1917 1462">
    <p class='ocr_par' dir='ltr' id='par_1_14' title="bbox 274 1387 1917 1462">
     <span class='ocr_line' id='line_1_14' title="bbox 274 1387 1917 1462; baseline -0.007 -13"><span class='ocrx_word' id='word_1_82' title='bbox 274 1389 845 1462; x_wconf 85' lang='lat' dir='ltr'>contemplationem,</span> <span class='ocrx_word' id='word_1_83' title='bbox 901 1387 1120 1458; x_wconf 86' lang='lat' dir='ltr'>primas</span> <span class='ocrx_word' id='word_1_84' title='bbox 1192 1387 1478 1453; x_wconf 89' lang='lat' dir='ltr'>notiones,</span> <span class='ocrx_word' id='word_1_85' title='bbox 1567 1387 1917 1454; x_wconf 89' lang='lat' dir='ltr'>exactasque</span> 
     </span>
    </p>
   </div>
   <div class='ocr_carea' id='block_1_15' title="bbox 275 1475 1920 1547">
    <p class='ocr_par' dir='ltr' id='par_1_15' title="bbox 275 1475 1920 1547">
     <span class='ocr_line' id='line_1_15' title="bbox 275 1475 1920 1547; baseline -0.008 -7"><span class='ocrx_word' id='word_1_86' title='bbox 275 1482 712 1546; x_wconf 34' lang='lat' dir='ltr'>scientiae-,una</span> <span class='ocrx_word' id='word_1_87' title='bbox 742 1493 875 1532; x_wconf 87' lang='lat' dir='ltr'>cum</span> <span class='ocrx_word' id='word_1_88' title='bbox 932 1476 1096 1532; x_wconf 85' lang='lat' dir='ltr'>falsis</span> <span class='ocrx_word' id='word_1_89' title='bbox 1156 1475 1557 1547; x_wconf 86' lang='lat' dir='ltr'>opinionibus,</span> <span class='ocrx_word' id='word_1_90' title='bbox 1613 1478 1670 1530; x_wconf 91' lang='lat' dir='ltr'>et</span> <span class='ocrx_word' id='word_1_91' title='bbox 1721 1489 1920 1530; x_wconf 89' lang='lat' dir='ltr'>eorum</span> 
     </span>
    </p>
   </div>
   <div class='ocr_carea' id='block_1_16' title="bbox 272 1561 1922 1646">
    <p class='ocr_par' dir='ltr' id='par_1_16' title="bbox 272 1561 1922 1646">
     <span class='ocr_line' id='line_1_16' title="bbox 272 1561 1922 1646; baseline -0.007 -19"><span class='ocrx_word' id='word_1_92' title='bbox 272 1590 394 1646; x_wconf 66' lang='lat' dir='ltr'>quae</span> <span class='ocrx_word' id='word_1_93' title='bbox 427 1585 606 1626; x_wconf 90' lang='lat' dir='ltr'>sensu</span> <span class='ocrx_word' id='word_1_94' title='bbox 643 1567 888 1638; x_wconf 70' lang='lat' dir='ltr'>praedita</span> <span class='ocrx_word' id='word_1_95' title='bbox 925 1569 1065 1622; x_wconf 87' lang='lat' dir='ltr'>sunt</span> <span class='ocrx_word' id='word_1_96' title='bbox 1127 1563 1715 1636; x_wconf 87' lang='lat' dir='ltr'>apprehensionibus,</span> <span class='ocrx_word' id='word_1_97' title='bbox 1748 1561 1922 1617; x_wconf 87' lang='lat' dir='ltr'>nimi-</span> 
     </span>
    </p>
   </div>
   <div class='ocr_carea' id='block_1_17' title="bbox 275 1651 1925 1732">
    <p class='ocr_par' dir='ltr' id='par_1_17' title="bbox 275 1651 1925 1732">
     <span class='ocr_line' id='line_1_17' title="bbox 275 1651 1925 1732; baseline -0.007 -15"><span class='ocrx_word' id='word_1_98' title='bbox 275 1677 396 1717; x_wconf 88' lang='lat' dir='ltr'>rum</span> <span class='ocrx_word' id='word_1_99' title='bbox 423 1658 790 1732; x_wconf 83' lang='lat' dir='ltr'>phantastica</span> <span class='ocrx_word' id='word_1_100' title='bbox 835 1655 1139 1723; x_wconf 76' lang='lat' dir='ltr'>facultate,</span> <span class='ocrx_word' id='word_1_101' title='bbox 1193 1669 1513 1724; x_wconf 86' lang='lat' dir='ltr'>rerumque</span> <span class='ocrx_word' id='word_1_102' title='bbox 1571 1651 1925 1709; x_wconf 87' lang='lat' dir='ltr'>deteriorum</span> 
     </span>
    </p>
   </div>
   <div class='ocr_carea' id='block_1_18' title="bbox 275 1745 1234 1812">
    <p class='ocr_par' dir='ltr' id='par_1_18' title="bbox 275 1745 1234 1812">
     <span class='ocr_line' id='line_1_18' title="bbox 275 1745 1234 1812; baseline -0.01 -5"><span class='ocrx_word' id='word_1_103' title='bbox 275 1751 497 1808; x_wconf 87' lang='lat' dir='ltr'>actione</span> <span class='ocrx_word' id='word_1_104' title='bbox 556 1747 848 1812; x_wconf 89' lang='lat' dir='ltr'>tribuunt,</span> <span class='ocrx_word' id='word_1_105' title='bbox 930 1745 1048 1799; x_wconf 89' lang='lat' dir='ltr'>imo</span> <span class='ocrx_word' id='word_1_106' title='bbox 1099 1759 1234 1798; x_wconf 79' lang='lat' dir='ltr'>vero</span> 
     </span>
    </p>
   </div>
   <div class='ocr_carea' id='block_1_19' title="bbox 1330 1740 1930 1825">
    <p class='ocr_par' dir='ltr' id='par_1_19' title="bbox 1330 1740 1930 1825">
     <span class='ocr_line' id='line_1_19' title="bbox 1330 1740 1930 1825; baseline -0.005 -28"><span class='ocrx_word' id='word_1_107' title='bbox 1330 1759 1456 1813; x_wconf 70' lang='lat' dir='ltr'>quae</span> <span class='ocrx_word' id='word_1_108' title='bbox 1525 1740 1930 1825; x_wconf 68' lang='lat' dir='ltr'>praestantiora</span> 
     </span>
    </p>
   </div>
   <div class='ocr_carea' id='block_1_20' title="bbox 2002 580 3654 656">
    <p class='ocr_par' dir='ltr' id='par_1_20' title="bbox 2002 580 3654 656">
     <span class='ocr_line' id='line_1_20' title="bbox 2002 580 3654 656; baseline 0.005 -22"><span class='ocrx_word' id='word_1_109' title='bbox 2002 580 2148 635; x_wconf 90' lang='lat' dir='ltr'>tioni</span> <span class='ocrx_word' id='word_1_110' title='bbox 2207 588 2423 653; x_wconf 91' lang='lat' dir='ltr'>pareat,</span> <span class='ocrx_word' id='word_1_111' title='bbox 2465 583 2614 638; x_wconf 90' lang='lat' dir='ltr'>alter</span> <span class='ocrx_word' id='word_1_112' title='bbox 2667 599 2782 653; x_wconf 90' lang='lat' dir='ltr'>quo</span> <span class='ocrx_word' id='word_1_113' title='bbox 2828 581 3134 638; x_wconf 87' lang='lat' dir='ltr'>deterioris</span> <span class='ocrx_word' id='word_1_114' title='bbox 3175 583 3329 654; x_wconf 87' lang='lat' dir='ltr'>rapit</span> <span class='ocrx_word' id='word_1_115' title='bbox 3377 582 3654 656; x_wconf 88' lang='lat' dir='ltr'>impetus,</span> 
     </span>
    </p>
   </div>
   <div class='ocr_carea' id='block_1_21' title="bbox 2007 671 3660 744">
    <p class='ocr_par' dir='ltr' id='par_1_21' title="bbox 2007 671 3660 744">
     <span class='ocr_line' id='line_1_21' title="bbox 2007 671 3660 744; baseline 0.003 -19"><span class='ocrx_word' id='word_1_116' title='bbox 2007 687 2074 726; x_wconf 88' lang='lat' dir='ltr'>eo</span> <span class='ocrx_word' id='word_1_117' title='bbox 2106 687 2361 744; x_wconf 61' lang='lat' dir='ltr'>preceps</span> <span class='ocrx_word' id='word_1_118' title='bbox 2387 678 2559 728; x_wconf 89' lang='lat' dir='ltr'>ruat:</span> <span class='ocrx_word' id='word_1_119' title='bbox 2592 676 2764 742; x_wconf 88' lang='lat' dir='ltr'>atque</span> <span class='ocrx_word' id='word_1_120' title='bbox 2793 671 2876 728; x_wconf 91' lang='lat' dir='ltr'>sic</span> <span class='ocrx_word' id='word_1_121' title='bbox 2894 671 3041 726; x_wconf 87' lang='lat' dir='ltr'>alter</span> <span class='ocrx_word' id='word_1_122' title='bbox 3092 672 3262 727; x_wconf 87' lang='lat' dir='ltr'>bonis</span> <span class='ocrx_word' id='word_1_123' title='bbox 3306 673 3660 742; x_wconf 88' lang='lat' dir='ltr'>actionibus,</span> 
     </span>
    </p>
   </div>
   <div class='ocr_carea' id='block_1_22' title="bbox 2011 759 3658 833">
    <p class='ocr_par' dir='ltr' id='par_1_22' title="bbox 2011 759 3658 833">
     <span class='ocr_line' id='line_1_22' title="bbox 2011 759 3658 833; baseline 0.002 -17"><span class='ocrx_word' id='word_1_124' title='bbox 2011 759 2157 816; x_wconf 84' lang='lat' dir='ltr'>alter</span> <span class='ocrx_word' id='word_1_125' title='bbox 2178 761 2800 833; x_wconf 58' lang='lat' dir='ltr'>malisinviligetﬁum</span> <span class='ocrx_word' id='word_1_126' title='bbox 2833 761 2970 816; x_wconf 85' lang='lat' dir='ltr'>Afer</span> <span class='ocrx_word' id='word_1_127' title='bbox 2999 765 3198 818; x_wconf 88' lang='lat' dir='ltr'>contra</span> <span class='ocrx_word' id='word_1_128' title='bbox 3238 763 3440 818; x_wconf 92' lang='lat' dir='ltr'>eadem</span> <span class='ocrx_word' id='word_1_129' title='bbox 3473 765 3658 820; x_wconf 83' lang='lat' dir='ltr'>animi</span> 
     </span>
    </p>
   </div>
   <div class='ocr_carea' id='block_1_23' title="bbox 2014 850 3660 922">
    <p class='ocr_par' dir='ltr' id='par_1_23' title="bbox 2014 850 3660 922">
     <span class='ocr_line' id='line_1_23' title="bbox 2014 850 3660 922; baseline 0.004 -18"><span class='ocrx_word' id='word_1_130' title='bbox 2014 851 2401 922; x_wconf 88' lang='lat' dir='ltr'>propensione</span> <span class='ocrx_word' id='word_1_131' title='bbox 2424 868 2557 907; x_wconf 88' lang='lat' dir='ltr'>cum</span> <span class='ocrx_word' id='word_1_132' title='bbox 2584 854 2779 907; x_wconf 69' lang='lat' dir='ltr'>Graaco</span> <span class='ocrx_word' id='word_1_133' title='bbox 2804 851 3041 906; x_wconf 88' lang='lat' dir='ltr'>homine</span> <span class='ocrx_word' id='word_1_134' title='bbox 3109 850 3276 908; x_wconf 87' lang='lat' dir='ltr'>facile</span> <span class='ocrx_word' id='word_1_135' title='bbox 3331 855 3660 910; x_wconf 88' lang='lat' dir='ltr'>conveniat.</span> 
     </span>
    </p>
   </div>
   <div class='ocr_carea' id='block_1_24' title="bbox 2656 959 3015 1016">
    <p class='ocr_par' dir='ltr' id='par_1_24' title="bbox 2656 959 3015 1016">
     <span class='ocr_line' id='line_1_24' title="bbox 2656 959 3015 1016; baseline -0.003 -2"><span class='ocrx_word' id='word_1_136' title='bbox 2656 963 2810 1016; x_wconf 87' lang='lat' dir='ltr'>CAP.</span> <span class='ocrx_word' id='word_1_137' title='bbox 2883 959 3015 1014; x_wconf 85' lang='lat' dir='ltr'>LXI.</span> 
     </span>
    </p>
   </div>
   <div class='ocr_carea' id='block_1_25' title="bbox 2017 1057 3664 1115">
    <p class='ocr_par' dir='ltr' id='par_1_25' title="bbox 2017 1057 3664 1115">
     <span class='ocr_line' id='line_1_25' title="bbox 2017 1057 3664 1115; baseline 0.002 -3"><span class='ocrx_word' id='word_1_138' title='bbox 2017 1059 2150 1112; x_wconf 82' lang='lat' dir='ltr'>Item</span> <span class='ocrx_word' id='word_1_139' title='bbox 2171 1057 2234 1113; x_wconf 76' lang='lat' dir='ltr'>de</span> <span class='ocrx_word' id='word_1_140' title='bbox 2264 1060 2478 1114; x_wconf 84' lang='lat' dir='ltr'>anima.</span> <span class='ocrx_word' id='word_1_141' title='bbox 2503 1057 2685 1115; x_wconf 68' lang='lat' dir='ltr'>Variae</span> <span class='ocrx_word' id='word_1_142' title='bbox 2731 1058 3081 1113; x_wconf 83' lang='lat' dir='ltr'>Ethnicorum</span> <span class='ocrx_word' id='word_1_143' title='bbox 3110 1061 3161 1113; x_wconf 86' lang='lat' dir='ltr'>et</span> <span class='ocrx_word' id='word_1_144' title='bbox 3219 1057 3664 1115; x_wconf 83' lang='lat' dir='ltr'>Christianorum</span> 
     </span>
    </p>
   </div>
   <div class='ocr_carea' id='block_1_26' title="bbox 2693 1131 3002 1186">
    <p class='ocr_par' dir='ltr' id='par_1_26' title="bbox 2693 1131 3002 1186">
     <span class='ocr_line' id='line_1_26' title="bbox 2693 1131 3002 1186; baseline -0.003 -2"><span class='ocrx_word' id='word_1_145' title='bbox 2693 1131 3002 1186; x_wconf 63' lang='lat' dir='ltr'>sententiae.</span> 
     </span>
    </p>
   </div>
   <div class='ocr_carea' id='block_1_27' title="bbox 2093 1218 3661 1292">
    <p class='ocr_par' dir='ltr' id='par_1_27' title="bbox 2093 1218 3661 1292">
     <span class='ocr_line' id='line_1_27' title="bbox 2093 1218 3661 1292; baseline 0.001 -17"><span class='ocrx_word' id='word_1_146' title='bbox 2093 1220 2219 1275; x_wconf 90' lang='lat' dir='ltr'>Non</span> <span class='ocrx_word' id='word_1_147' title='bbox 2250 1221 2580 1290; x_wconf 79' lang='lat' dir='ltr'>defuerunt,</span> <span class='ocrx_word' id='word_1_148' title='bbox 2615 1220 2714 1291; x_wconf 93' lang='lat' dir='ltr'>qui</span> <span class='ocrx_word' id='word_1_149' title='bbox 2746 1218 3004 1274; x_wconf 89' lang='lat' dir='ltr'>animam</span> <span class='ocrx_word' id='word_1_150' title='bbox 3061 1218 3410 1292; x_wconf 87' lang='lat' dir='ltr'>sanguinem</span> <span class='ocrx_word' id='word_1_151' title='bbox 3494 1220 3661 1278; x_wconf 90' lang='lat' dir='ltr'>illum</span> 
     </span>
    </p>
   </div>
   <div class='ocr_carea' id='block_1_28' title="bbox 2019 1309 3662 1382">
    <p class='ocr_par' dir='ltr' id='par_1_28' title="bbox 2019 1309 3662 1382">
     <span class='ocr_line' id='line_1_28' title="bbox 2019 1309 3662 1382; baseline 0.001 -17"><span class='ocrx_word' id='word_1_152' title='bbox 2019 1326 2148 1366; x_wconf 90' lang='lat' dir='ltr'>esse</span> <span class='ocrx_word' id='word_1_153' title='bbox 2205 1310 2481 1380; x_wconf 89' lang='lat' dir='ltr'>dicerent,</span> <span class='ocrx_word' id='word_1_154' title='bbox 2517 1327 2633 1382; x_wconf 89' lang='lat' dir='ltr'>quo</span> <span class='ocrx_word' id='word_1_155' title='bbox 2667 1311 2926 1365; x_wconf 83' lang='lat' dir='ltr'>vivimus.</span> <span class='ocrx_word' id='word_1_156' title='bbox 2975 1309 3084 1364; x_wconf 85' lang='lat' dir='ltr'>Alii</span> <span class='ocrx_word' id='word_1_157' title='bbox 3117 1325 3344 1381; x_wconf 90' lang='lat' dir='ltr'>quoque</span> <span class='ocrx_word' id='word_1_158' title='bbox 3376 1311 3662 1381; x_wconf 76' lang='lat' dir='ltr'>[spiritum</span> 
     </span>
    </p>
   </div>
   <div class='ocr_carea' id='block_1_29' title="bbox 2025 1398 3667 1470">
    <p class='ocr_par' dir='ltr' id='par_1_29' title="bbox 2025 1398 3667 1470">
     <span class='ocr_line' id='line_1_29' title="bbox 2025 1398 3667 1470; baseline 0.001 -16"><span class='ocrx_word' id='word_1_159' title='bbox 2025 1399 2194 1454; x_wconf 89' lang='lat' dir='ltr'>illum</span> <span class='ocrx_word' id='word_1_160' title='bbox 2223 1416 2350 1456; x_wconf 87' lang='lat' dir='ltr'>esse</span> <span class='ocrx_word' id='word_1_161' title='bbox 2377 1399 2660 1466; x_wconf 89' lang='lat' dir='ltr'>ratisunt,</span> <span class='ocrx_word' id='word_1_162' title='bbox 2688 1399 2790 1470; x_wconf 87' lang='lat' dir='ltr'>qui</span> <span class='ocrx_word' id='word_1_163' title='bbox 2815 1399 2980 1454; x_wconf 87' lang='lat' dir='ltr'>nobis</span> <span class='ocrx_word' id='word_1_164' title='bbox 3017 1398 3088 1453; x_wconf 91' lang='lat' dir='ltr'>ab</span> <span class='ocrx_word' id='word_1_165' title='bbox 3147 1398 3312 1454; x_wconf 88' lang='lat' dir='ltr'>initio</span> <span class='ocrx_word' id='word_1_166' title='bbox 3365 1415 3483 1455; x_wconf 90' lang='lat' dir='ltr'>una</span> <span class='ocrx_word' id='word_1_167' title='bbox 3531 1416 3667 1455; x_wconf 90' lang='lat' dir='ltr'>cum</span> 
     </span>
    </p>
   </div>
   <div class='ocr_carea' id='block_1_30' title="bbox 2027 1487 3666 1562">
    <p class='ocr_par' dir='ltr' id='par_1_30' title="bbox 2027 1487 3666 1562">
     <span class='ocr_line' id='line_1_30' title="bbox 2027 1487 3666 1562; baseline -0.001 -17"><span class='ocrx_word' id='word_1_168' title='bbox 2027 1489 2594 1559; x_wconf 83' lang='lat' dir='ltr'>seminisparentum</span> <span class='ocrx_word' id='word_1_169' title='bbox 2660 1489 2974 1544; x_wconf 89' lang='lat' dir='ltr'>emissione</span> <span class='ocrx_word' id='word_1_170' title='bbox 3024 1487 3235 1542; x_wconf 90' lang='lat' dir='ltr'>insitus</span> <span class='ocrx_word' id='word_1_171' title='bbox 3295 1493 3514 1555; x_wconf 86' lang='lat' dir='ltr'>est;ex</span> <span class='ocrx_word' id='word_1_172' title='bbox 3550 1505 3666 1562; x_wconf 90' lang='lat' dir='ltr'>quo</span> 
     </span>
    </p>
   </div>
   <div class='ocr_carea' id='block_1_31' title="bbox 2030 1575 3662 1648">
    <p class='ocr_par' dir='ltr' id='par_1_31' title="bbox 2030 1575 3662 1648">
     <span class='ocr_line' id='line_1_31' title="bbox 2030 1575 3662 1648; baseline 0.001 -16"><span class='ocrx_word' id='word_1_173' title='bbox 2030 1577 2186 1633; x_wconf 89' lang='lat' dir='ltr'>calor</span> <span class='ocrx_word' id='word_1_174' title='bbox 2206 1579 2380 1634; x_wconf 91' lang='lat' dir='ltr'>etiam</span> <span class='ocrx_word' id='word_1_175' title='bbox 2415 1577 2688 1634; x_wconf 84' lang='lat' dir='ltr'>exoritur.</span> <span class='ocrx_word' id='word_1_176' title='bbox 2723 1577 2869 1642; x_wconf 90' lang='lat' dir='ltr'>Quia</span> <span class='ocrx_word' id='word_1_177' title='bbox 2898 1576 3053 1631; x_wconf 82' lang='lat' dir='ltr'>enim</span> <span class='ocrx_word' id='word_1_178' title='bbox 3101 1575 3296 1647; x_wconf 88' lang='lat' dir='ltr'>aliquo</span> <span class='ocrx_word' id='word_1_179' title='bbox 3355 1593 3662 1648; x_wconf 89' lang='lat' dir='ltr'>corporum</span> 
     </span>
    </p>
   </div>
   <div class='ocr_carea' id='block_1_32' title="bbox 2035 1666 3667 1739">
    <p class='ocr_par' dir='ltr' id='par_1_32' title="bbox 2035 1666 3667 1739">
     <span class='ocr_line' id='line_1_32' title="bbox 2035 1666 3667 1739; baseline 0.002 -19"><span class='ocrx_word' id='word_1_180' title='bbox 2035 1673 2238 1723; x_wconf 86' lang='lat' dir='ltr'>natura</span> <span class='ocrx_word' id='word_1_181' title='bbox 2291 1668 2520 1739; x_wconf 84' lang='lat' dir='ltr'>egebat,</span> <span class='ocrx_word' id='word_1_182' title='bbox 2570 1684 2603 1722; x_wconf 92' lang='lat' dir='ltr'>a</span> <span class='ocrx_word' id='word_1_183' title='bbox 2638 1683 2754 1738; x_wconf 86' lang='lat' dir='ltr'>quo</span> <span class='ocrx_word' id='word_1_184' title='bbox 2834 1667 3213 1731; x_wconf 89' lang='lat' dir='ltr'>animaretur,</span> <span class='ocrx_word' id='word_1_185' title='bbox 3283 1670 3342 1721; x_wconf 91' lang='lat' dir='ltr'>et</span> <span class='ocrx_word' id='word_1_186' title='bbox 3415 1666 3667 1723; x_wconf 91' lang='lat' dir='ltr'>calorem</span> 
     </span>
    </p>
   </div>
   <div class='ocr_carea' id='block_1_33' title="bbox 2035 1755 3670 1827">
    <p class='ocr_par' dir='ltr' id='par_1_33' title="bbox 2035 1755 3670 1827">
     <span class='ocr_line' id='line_1_33' title="bbox 2035 1755 3670 1827; baseline 0.001 -15"><span class='ocrx_word' id='word_1_187' title='bbox 2035 1757 2375 1827; x_wconf 88' lang='lat' dir='ltr'>susciperet,</span> <span class='ocrx_word' id='word_1_188' title='bbox 2434 1757 2650 1813; x_wconf 89' lang='lat' dir='ltr'>idcirco</span> <span class='ocrx_word' id='word_1_189' title='bbox 2707 1763 2917 1812; x_wconf 89' lang='lat' dir='ltr'>natura</span> <span class='ocrx_word' id='word_1_190' title='bbox 2978 1755 3144 1810; x_wconf 89' lang='lat' dir='ltr'>illum</span> <span class='ocrx_word' id='word_1_191' title='bbox 3205 1755 3554 1827; x_wconf 87' lang='lat' dir='ltr'>aspiratione</span> <span class='ocrx_word' id='word_1_192' title='bbox 3611 1760 3670 1814; x_wconf 81' lang='lat' dir='ltr'>et</span> 
     </span>
    </p>
   </div>
   <div class='ocr_carea' id='block_1_34' title="bbox 276 1829 1917 1932">
    <p class='ocr_par' dir='ltr' id='par_1_34' title="bbox 276 1829 1917 1907">
     <span class='ocr_line' id='line_1_34' title="bbox 276 1829 1917 1907; baseline -0.008 -10"><span class='ocrx_word' id='word_1_193' title='bbox 276 1848 530 1907; x_wconf 89' lang='lat' dir='ltr'>sunt,ea</span> <span class='ocrx_word' id='word_1_194' title='bbox 555 1835 860 1892; x_wconf 83' lang='lat' dir='ltr'>rationali:</span> <span class='ocrx_word' id='word_1_195' title='bbox 932 1851 1056 1904; x_wconf 72' lang='lat' dir='ltr'>quae</span> <span class='ocrx_word' id='word_1_196' title='bbox 1116 1849 1252 1888; x_wconf 89' lang='lat' dir='ltr'>vero</span> <span class='ocrx_word' id='word_1_197' title='bbox 1316 1832 1627 1899; x_wconf 84' lang='lat' dir='ltr'>deteriora,</span> <span class='ocrx_word' id='word_1_198' title='bbox 1684 1847 1752 1886; x_wconf 89' lang='lat' dir='ltr'>ea</span> <span class='ocrx_word' id='word_1_199' title='bbox 1778 1829 1917 1902; x_wconf 70' lang='lat' dir='ltr'>part7</span> 
     </span>
    </p>
   </div>
   <div class='ocr_carea' id='block_1_35' title="bbox 2034 1829 3678 1932">
    <p class='ocr_par' dir='ltr' id='par_1_35' title="bbox 2039 1844 3678 1916">
     <span class='ocr_line' id='line_1_35' title="bbox 2039 1844 3678 1916; baseline 0.001 -15"><span class='ocrx_word' id='word_1_200' title='bbox 2039 1846 2421 1916; x_wconf 73' lang='lat' dir='ltr'>reapiratione</span> <span class='ocrx_word' id='word_1_201' title='bbox 2481 1847 2738 1910; x_wconf 88' lang='lat' dir='ltr'>donavit,</span> <span class='ocrx_word' id='word_1_202' title='bbox 2804 1844 3198 1915; x_wconf 87' lang='lat' dir='ltr'>sanguinique</span> <span class='ocrx_word' id='word_1_203' title='bbox 3274 1845 3678 1902; x_wconf 90' lang='lat' dir='ltr'>animantiin-</span> 
     </span>
    </p>
   </div>
   <div class='ocr_carea' id='block_1_36' title="bbox 283 1919 1930 1995">
    <p class='ocr_par' dir='ltr' id='par_1_36' title="bbox 283 1919 1930 1995">
     <span class='ocr_line' id='line_1_36' title="bbox 283 1919 1930 1995; baseline -0.007 -10"><span class='ocrx_word' id='word_1_204' title='bbox 283 1929 525 1985; x_wconf 85' lang='lat' dir='ltr'>rationis</span> <span class='ocrx_word' id='word_1_205' title='bbox 551 1925 768 1995; x_wconf 86' lang='lat' dir='ltr'>experti</span> <span class='ocrx_word' id='word_1_206' title='bbox 821 1927 1174 1978; x_wconf 77' lang='lat' dir='ltr'>accensent:</span> <span class='ocrx_word' id='word_1_207' title='bbox 1231 1939 1342 1977; x_wconf 91' lang='lat' dir='ltr'>non</span> <span class='ocrx_word' id='word_1_208' title='bbox 1403 1925 1465 1975; x_wconf 91' lang='lat' dir='ltr'>ut</span> <span class='ocrx_word' id='word_1_209' title='bbox 1514 1919 1771 1976; x_wconf 85' lang='lat' dir='ltr'>maculas</span> <span class='ocrx_word' id='word_1_210' title='bbox 1831 1922 1930 1974; x_wconf 90' lang='lat' dir='ltr'>aut</span> 
     </span>
    </p>
   </div>
   <div class='ocr_carea' id='block_1_37' title="bbox 280 2009 1927 2074">
    <p class='ocr_par' dir='ltr' id='par_1_37' title="bbox 280 2009 1927 2074">
     <span class='ocr_line' id='line_1_37' title="bbox 280 2009 1927 2074; baseline -0.007 0"><span class='ocrx_word' id='word_1_211' title='bbox 280 2017 575 2074; x_wconf 89' lang='lat' dir='ltr'>labeculas</span> <span class='ocrx_word' id='word_1_212' title='bbox 605 2014 760 2070; x_wconf 87' lang='lat' dir='ltr'>ullas</span> <span class='ocrx_word' id='word_1_213' title='bbox 807 2014 915 2068; x_wconf 88' lang='lat' dir='ltr'>hac</span> <span class='ocrx_word' id='word_1_214' title='bbox 948 2011 1357 2066; x_wconf 85' lang='lat' dir='ltr'>distributione</span> <span class='ocrx_word' id='word_1_215' title='bbox 1398 2027 1429 2064; x_wconf 89' lang='lat' dir='ltr'>a</span> <span class='ocrx_word' id='word_1_216' title='bbox 1493 2009 1774 2064; x_wconf 71' lang='lat' dir='ltr'>diviniore</span> <span class='ocrx_word' id='word_1_217' title='bbox 1825 2024 1927 2063; x_wconf 90' lang='lat' dir='ltr'>na-</span> 
     </span>
    </p>
   </div>
   <div class='ocr_carea' id='block_1_38' title="bbox 271 2098 1930 2176">
    <p class='ocr_par' dir='ltr' id='par_1_38' title="bbox 271 2098 1930 2176">
     <span class='ocr_line' id='line_1_38' title="bbox 271 2098 1930 2176; baseline -0.007 -12"><span class='ocrx_word' id='word_1_218' title='bbox 271 2119 402 2164; x_wconf 88' lang='lat' dir='ltr'>tura</span> <span class='ocrx_word' id='word_1_219' title='bbox 432 2107 797 2176; x_wconf 85' lang='lat' dir='ltr'>abstergant,</span> <span class='ocrx_word' id='word_1_220' title='bbox 839 2103 939 2157; x_wconf 92' lang='lat' dir='ltr'>sed</span> <span class='ocrx_word' id='word_1_221' title='bbox 999 2106 1062 2156; x_wconf 92' lang='lat' dir='ltr'>ut</span> <span class='ocrx_word' id='word_1_222' title='bbox 1112 2099 1211 2155; x_wconf 91' lang='lat' dir='ltr'>illa</span> <span class='ocrx_word' id='word_1_223' title='bbox 1255 2098 1600 2154; x_wconf 86' lang='lat' dir='ltr'>necessariis</span> <span class='ocrx_word' id='word_1_224' title='bbox 1654 2099 1930 2170; x_wconf 84' lang='lat' dir='ltr'>fungente</span> 
     </span>
    </p>
   </div>
   <div class='ocr_carea' id='block_1_39' title="bbox 270 2191 1925 2259">
    <p class='ocr_par' dir='ltr' id='par_1_39' title="bbox 270 2191 1925 2259">
     <span class='ocr_line' id='line_1_39' title="bbox 270 2191 1925 2259; baseline -0.008 -6"><span class='ocrx_word' id='word_1_225' title='bbox 270 2195 636 2259; x_wconf 88' lang='lat' dir='ltr'>muneribus,</span> <span class='ocrx_word' id='word_1_226' title='bbox 669 2195 788 2248; x_wconf 65' lang='lat' dir='ltr'>hac</span> <span class='ocrx_word' id='word_1_227' title='bbox 821 2192 891 2246; x_wconf 89' lang='lat' dir='ltr'>ad</span> <span class='ocrx_word' id='word_1_228' title='bbox 926 2205 988 2245; x_wconf 81' lang='lat' dir='ltr'>ea</span> <span class='ocrx_word' id='word_1_229' title='bbox 1023 2193 1256 2245; x_wconf 84' lang='lat' dir='ltr'>tantum</span> <span class='ocrx_word' id='word_1_230' title='bbox 1289 2205 1352 2244; x_wconf 86' lang='lat' dir='ltr'>se</span> <span class='ocrx_word' id='word_1_231' title='bbox 1418 2191 1732 2255; x_wconf 87' lang='lat' dir='ltr'>convertat,</span> <span class='ocrx_word' id='word_1_232' title='bbox 1798 2203 1925 2258; x_wconf 68' lang='lat' dir='ltr'>qua:</span> 
     </span>
    </p>
   </div>
   <div class='ocr_carea' id='block_1_40' title="bbox 270 2275 1923 2358">
    <p class='ocr_par' dir='ltr' id='par_1_40' title="bbox 270 2275 1923 2358">
     <span class='ocr_line' id='line_1_40' title="bbox 270 2275 1923 2358; baseline -0.008 -16"><span class='ocrx_word' id='word_1_233' title='bbox 270 2286 510 2358; x_wconf 88' lang='lat' dir='ltr'>propius</span> <span class='ocrx_word' id='word_1_234' title='bbox 553 2285 623 2340; x_wconf 91' lang='lat' dir='ltr'>ad</span> <span class='ocrx_word' id='word_1_235' title='bbox 661 2287 932 2337; x_wconf 85' lang='lat' dir='ltr'>naturam</span> <span class='ocrx_word' id='word_1_236' title='bbox 991 2281 1258 2335; x_wconf 88' lang='lat' dir='ltr'>divinam</span> <span class='ocrx_word' id='word_1_237' title='bbox 1305 2277 1613 2332; x_wconf 89' lang='lat' dir='ltr'>accedunt.</span> <span class='ocrx_word' id='word_1_238' title='bbox 1666 2280 1783 2332; x_wconf 83' lang='lat' dir='ltr'>Hoc</span> <span class='ocrx_word' id='word_1_239' title='bbox 1814 2275 1923 2348; x_wconf 86' lang='lat' dir='ltr'>igi-</span> 
     </span>
    </p>
   </div>
   <div class='ocr_carea' id='block_1_41' title="bbox 276 2365 1926 2442">
    <p class='ocr_par' dir='ltr' id='par_1_41' title="bbox 276 2365 1926 2442">
     <span class='ocr_line' id='line_1_41' title="bbox 276 2365 1926 2442; baseline -0.008 -10"><span class='ocrx_word' id='word_1_240' title='bbox 276 2374 613 2432; x_wconf 90' lang='lat' dir='ltr'>turidolum</span> <span class='ocrx_word' id='word_1_241' title='bbox 644 2389 713 2429; x_wconf 83' lang='lat' dir='ltr'>ea</span> <span class='ocrx_word' id='word_1_242' title='bbox 768 2373 1006 2442; x_wconf 89' lang='lat' dir='ltr'>propter</span> <span class='ocrx_word' id='word_1_243' title='bbox 1055 2369 1125 2424; x_wconf 89' lang='lat' dir='ltr'>ab</span> <span class='ocrx_word' id='word_1_244' title='bbox 1181 2367 1384 2422; x_wconf 90' lang='lat' dir='ltr'>anima</span> <span class='ocrx_word' id='word_1_245' title='bbox 1446 2365 1691 2421; x_wconf 90' lang='lat' dir='ltr'>rationis</span> <span class='ocrx_word' id='word_1_246' title='bbox 1743 2365 1926 2437; x_wconf 85' lang='lat' dir='ltr'>parti-</span> 
     </span>
    </p>
   </div>
   <div class='ocr_carea' id='block_1_42' title="bbox 278 2455 1926 2538">
    <p class='ocr_par' dir='ltr' id='par_1_42' title="bbox 278 2455 1926 2538">
     <span class='ocr_line' id='line_1_42' title="bbox 278 2455 1926 2538; baseline -0.008 -16"><span class='ocrx_word' id='word_1_247' title='bbox 278 2466 403 2538; x_wconf 91' lang='lat' dir='ltr'>cipe</span> <span class='ocrx_word' id='word_1_248' title='bbox 435 2462 690 2535; x_wconf 88' lang='lat' dir='ltr'>separari</span> <span class='ocrx_word' id='word_1_249' title='bbox 725 2477 840 2516; x_wconf 93' lang='lat' dir='ltr'>non</span> <span class='ocrx_word' id='word_1_250' title='bbox 902 2473 1071 2529; x_wconf 89' lang='lat' dir='ltr'>posse</span> <span class='ocrx_word' id='word_1_251' title='bbox 1131 2457 1380 2512; x_wconf 90' lang='lat' dir='ltr'>docent:</span> <span class='ocrx_word' id='word_1_252' title='bbox 1443 2455 1678 2512; x_wconf 87' lang='lat' dir='ltr'>homine</span> <span class='ocrx_word' id='word_1_253' title='bbox 1727 2460 1926 2510; x_wconf 90' lang='lat' dir='ltr'>autem</span> 
     </span>
    </p>
   </div>
   <div class='ocr_carea' id='block_1_43' title="bbox 271 2543 1924 2622">
    <p class='ocr_par' dir='ltr' id='par_1_43' title="bbox 271 2543 1924 2622">
     <span class='ocr_line' id='line_1_43' title="bbox 271 2543 1924 2622; baseline -0.007 -12"><span class='ocrx_word' id='word_1_254' title='bbox 271 2554 553 2611; x_wconf 84' lang='lat' dir='ltr'>dissoluto</span> <span class='ocrx_word' id='word_1_255' title='bbox 604 2547 1072 2622; x_wconf 70' lang='lat' dir='ltr'>praestantiorem</span> <span class='ocrx_word' id='word_1_256' title='bbox 1108 2545 1368 2602; x_wconf 87' lang='lat' dir='ltr'>animam</span> <span class='ocrx_word' id='word_1_257' title='bbox 1418 2561 1526 2600; x_wconf 86' lang='lat' dir='ltr'>una</span> <span class='ocrx_word' id='word_1_258' title='bbox 1572 2560 1706 2600; x_wconf 89' lang='lat' dir='ltr'>cum</span> <span class='ocrx_word' id='word_1_259' title='bbox 1747 2543 1924 2599; x_wconf 90' lang='lat' dir='ltr'>lumi-</span> 
     </span>
    </p>
   </div>
   <div class='ocr_carea' id='block_1_44' title="bbox 275 2633 1923 2709">
    <p class='ocr_par' dir='ltr' id='par_1_44' title="bbox 275 2633 1923 2709">
     <span class='ocr_line' id='line_1_44' title="bbox 275 2633 1923 2709; baseline -0.007 -9"><span class='ocrx_word' id='word_1_260' title='bbox 275 2639 703 2700; x_wconf 86' lang='lat' dir='ltr'>nosovehiculo</span> <span class='ocrx_word' id='word_1_261' title='bbox 729 2639 801 2694; x_wconf 90' lang='lat' dir='ltr'>ad</span> <span class='ocrx_word' id='word_1_262' title='bbox 871 2638 1162 2709; x_wconf 89' lang='lat' dir='ltr'>propriam</span> <span class='ocrx_word' id='word_1_263' title='bbox 1225 2634 1480 2706; x_wconf 85' lang='lat' dir='ltr'>quietem</span> <span class='ocrx_word' id='word_1_264' title='bbox 1555 2633 1923 2689; x_wconf 88' lang='lat' dir='ltr'>subvehunt:</span> 
     </span>
    </p>
   </div>
   <div class='ocr_carea' id='block_1_45' title="bbox 274 2721 1926 2796">
    <p class='ocr_par' dir='ltr' id='par_1_45' title="bbox 274 2721 1926 2796">
     <span class='ocr_line' id='line_1_45' title="bbox 274 2721 1926 2796; baseline -0.007 -7"><span class='ocrx_word' id='word_1_265' title='bbox 274 2729 673 2789; x_wconf 81' lang='lat' dir='ltr'>irrationalem</span> <span class='ocrx_word' id='word_1_266' title='bbox 729 2742 922 2783; x_wconf 91' lang='lat' dir='ltr'>veroa</span> <span class='ocrx_word' id='word_1_267' title='bbox 979 2740 1219 2796; x_wconf 90' lang='lat' dir='ltr'>corpore</span> <span class='ocrx_word' id='word_1_268' title='bbox 1273 2731 1605 2794; x_wconf 85' lang='lat' dir='ltr'>separatam</span> <span class='ocrx_word' id='word_1_269' title='bbox 1691 2721 1780 2778; x_wconf 90' lang='lat' dir='ltr'>vel</span> <span class='ocrx_word' id='word_1_270' title='bbox 1851 2722 1926 2777; x_wconf 91' lang='lat' dir='ltr'>ad</span> 
     </span>
    </p>
   </div>
   <div class='ocr_carea' id='block_1_46' title="bbox 275 2812 1646 2882">
    <p class='ocr_par' dir='ltr' id='par_1_46' title="bbox 275 2812 1646 2882">
     <span class='ocr_line' id='line_1_46' title="bbox 275 2812 1646 2882; baseline -0.009 -4"><span class='ocrx_word' id='word_1_271' title='bbox 275 2823 498 2878; x_wconf 87' lang='lat' dir='ltr'>inferos</span> <span class='ocrx_word' id='word_1_272' title='bbox 524 2818 860 2882; x_wconf 86' lang='lat' dir='ltr'>detrudunt,</span> <span class='ocrx_word' id='word_1_273' title='bbox 887 2814 973 2870; x_wconf 89' lang='lat' dir='ltr'>vel</span> <span class='ocrx_word' id='word_1_274' title='bbox 1000 2815 1150 2868; x_wconf 91' lang='lat' dir='ltr'>inter</span> <span class='ocrx_word' id='word_1_275' title='bbox 1177 2818 1336 2869; x_wconf 88' lang='lat' dir='ltr'>astra</span> <span class='ocrx_word' id='word_1_276' title='bbox 1366 2812 1646 2868; x_wconf 88' lang='lat' dir='ltr'>referunt.</span> 
     </span>
    </p>
   </div>
   <div class='ocr_carea' id='block_1_47' title="bbox 935 2903 1271 2959">
    <p class='ocr_par' dir='ltr' id='par_1_47' title="bbox 935 2903 1271 2959">
     <span class='ocr_line' id='line_1_47' title="bbox 935 2903 1271 2959; baseline 0 0"><span class='ocrx_word' id='word_1_277' title='bbox 935 2905 1088 2959; x_wconf 80' lang='lat' dir='ltr'>CAP.</span> <span class='ocrx_word' id='word_1_278' title='bbox 1126 2903 1271 2959; x_wconf 83' lang='lat' dir='ltr'>LIX.</span> 
     </span>
    </p>
   </div>
   <div class='ocr_carea' id='block_1_48' title="bbox 389 2992 1815 3066">
    <p class='ocr_par' dir='ltr' id='par_1_48' title="bbox 389 2992 1815 3066">
     <span class='ocr_line' id='line_1_48' title="bbox 389 2992 1815 3066; baseline -0.005 -12"><span class='ocrx_word' id='word_1_279' title='bbox 389 3002 464 3054; x_wconf 82' lang='lat' dir='ltr'>De</span> <span class='ocrx_word' id='word_1_280' title='bbox 495 3000 820 3054; x_wconf 82' lang='lat' dir='ltr'>animarum</span> <span class='ocrx_word' id='word_1_281' title='bbox 845 2996 903 3050; x_wconf 87' lang='lat' dir='ltr'>in</span> <span class='ocrx_word' id='word_1_282' title='bbox 923 2996 1039 3051; x_wconf 81' lang='lat' dir='ltr'>alia</span> <span class='ocrx_word' id='word_1_283' title='bbox 1082 3011 1307 3066; x_wconf 75' lang='lat' dir='ltr'>corpora</span> <span class='ocrx_word' id='word_1_284' title='bbox 1327 2992 1815 3054; x_wconf 68' lang='lat' dir='ltr'>translationibus.</span> 
     </span>
    </p>
   </div>
   <div class='ocr_carea' id='block_1_49' title="bbox 358 3080 1922 3158">
    <p class='ocr_par' dir='ltr' id='par_1_49' title="bbox 358 3080 1922 3158">
     <span class='ocr_line' id='line_1_49' title="bbox 358 3080 1922 3158; baseline -0.004 -14"><span class='ocrx_word' id='word_1_285' title='bbox 358 3089 553 3144; x_wconf 84' lang='lat' dir='ltr'>Eidem</span> <span class='ocrx_word' id='word_1_286' title='bbox 612 3103 782 3158; x_wconf 90' lang='lat' dir='ltr'>porro</span> <span class='ocrx_word' id='word_1_287' title='bbox 848 3085 948 3158; x_wconf 87' lang='lat' dir='ltr'>qui</span> <span class='ocrx_word' id='word_1_288' title='bbox 1008 3085 1339 3140; x_wconf 90' lang='lat' dir='ltr'>animarum</span> <span class='ocrx_word' id='word_1_289' title='bbox 1417 3080 1765 3158; x_wconf 75' lang='grc' dir='ltr'>προγενεσίαν</span> <span class='ocrx_word' id='word_1_290' title='bbox 1821 3099 1922 3138; x_wconf 91' lang='lat' dir='ltr'>seu</span> 
     </span>
    </p>
   </div>
   <div class='ocr_carea' id='block_1_50' title="bbox 278 3172 1920 3251">
    <p class='ocr_par' dir='ltr' id='par_1_50' title="bbox 278 3172 1920 3251">
     <span class='ocr_line' id='line_1_50' title="bbox 278 3172 1920 3251; baseline -0.004 -18"><span class='ocrx_word' id='word_1_291' title='bbox 278 3176 757 3251; x_wconf 69' lang='lat' dir='ltr'>pracexistcntiam</span> <span class='ocrx_word' id='word_1_292' title='bbox 821 3174 1166 3239; x_wconf 89' lang='lat' dir='ltr'>docuerunt,</span> <span class='ocrx_word' id='word_1_293' title='bbox 1278 3172 1617 3228; x_wconf 86' lang='lat' dir='ltr'>earumdem</span> <span class='ocrx_word' id='word_1_294' title='bbox 1687 3188 1920 3244; x_wconf 90' lang='lat' dir='ltr'>quoque</span> 
     </span>
    </p>
   </div>
   <div class='ocr_carea' id='block_1_51' title="bbox 277 3231 1996 3342">
    <p class='ocr_par' dir='ltr' id='par_1_51' title="bbox 277 3231 1996 3342">
     <span class='ocr_line' id='line_1_51' title="bbox 278 3231 1840 3251; baseline -0.005 0"><span class='ocrx_word' id='word_1_295' title='bbox 502 3231 509 3232; x_wconf 47' lang='grc' dir='ltr'>ί</span> <span class='ocrx_word' id='word_1_296' title='bbox 1153 3231 1163 3239; x_wconf 68' lang='grc' dir='ltr'><em>ι</em></span> <span class='ocrx_word' id='word_1_297' title='bbox 1706 3231 1722 3244; x_wconf 90' lang='grc'>.</span> <span class='ocrx_word' id='word_1_298' title='bbox 1822 3231 1840 3242; x_wconf 87' lang='grc'><strong>.</strong></span> 
     </span>
     <span class='ocr_line' id='line_1_52' title="bbox 277 3231 1996 3342; baseline -0.003 -21"><span class='ocrx_word' id='word_1_299' title='bbox 277 3263 682 3342; x_wconf 71' lang='grc' dir='ltr'>μεταγγισμοῦς</span> <span class='ocrx_word' id='word_1_300' title='bbox 713 3282 812 3320; x_wconf 89' lang='lat' dir='ltr'>seu</span> <span class='ocrx_word' id='word_1_301' title='bbox 875 3263 1300 3331; x_wconf 86' lang='lat' dir='ltr'>elutriationes,</span> <span class='ocrx_word' id='word_1_302' title='bbox 1361 3267 1418 3316; x_wconf 88' lang='lat' dir='ltr'>ct</span> <span class='ocrx_word' id='word_1_303' title='bbox 1475 3261 1641 3334; x_wconf 89' lang='lat' dir='ltr'>quasi</span> <span class='ocrx_word' id='word_1_304' title='bbox 1700 3278 1729 3316; x_wconf 92' lang='lat' dir='ltr'>e</span> <span class='ocrx_word' id='word_1_305' title='bbox 1785 3231 1996 3316; x_wconf 75' lang='lat' dir='ltr'>vasec</span> 
     </span>
    </p>
   </div>
   <div class='ocr_carea' id='block_1_52' title="bbox 279 3350 1921 3414">
    <p class='ocr_par' dir='ltr' id='par_1_52' title="bbox 279 3350 1921 3414">
     <span class='ocr_line' id='line_1_53' title="bbox 279 3350 1921 3414; baseline -0.005 -1"><span class='ocrx_word' id='word_1_306' title='bbox 279 3375 394 3414; x_wconf 90' lang='lat' dir='ltr'>uno</span> <span class='ocrx_word' id='word_1_307' title='bbox 427 3358 482 3411; x_wconf 90' lang='lat' dir='ltr'>in</span> <span class='ocrx_word' id='word_1_308' title='bbox 519 3355 672 3410; x_wconf 90' lang='lat' dir='ltr'>aliud</span> <span class='ocrx_word' id='word_1_309' title='bbox 733 3371 833 3408; x_wconf 90' lang='lat' dir='ltr'>vas</span> <span class='ocrx_word' id='word_1_310' title='bbox 901 3351 1331 3407; x_wconf 85' lang='lat' dir='ltr'>transfusiones</span> <span class='ocrx_word' id='word_1_311' title='bbox 1385 3350 1704 3406; x_wconf 81' lang='lat' dir='ltr'>commenti</span> <span class='ocrx_word' id='word_1_312' title='bbox 1761 3354 1921 3404; x_wconf 90' lang='lat' dir='ltr'>sunt.</span> 
     </span>
    </p>
   </div>
   <div class='ocr_carea' id='block_1_53' title="bbox 274 3438 1925 3514">
    <p class='ocr_par' dir='ltr' id='par_1_53' title="bbox 274 3438 1925 3514">
     <span class='ocr_line' id='line_1_54' title="bbox 274 3438 1925 3514; baseline -0.005 -12"><span class='ocrx_word' id='word_1_313' title='bbox 274 3448 372 3502; x_wconf 85' lang='lat' dir='ltr'>Est</span> <span class='ocrx_word' id='word_1_314' title='bbox 424 3452 616 3501; x_wconf 90' lang='lat' dir='ltr'>autem</span> <span class='ocrx_word' id='word_1_315' title='bbox 682 3440 1046 3514; x_wconf 74' lang='grc' dir='ltr'><strong>μεταγγισμὸς</strong></span> <span class='ocrx_word' id='word_1_316' title='bbox 1095 3457 1194 3495; x_wconf 89' lang='lat' dir='ltr'>seu</span> <span class='ocrx_word' id='word_1_317' title='bbox 1266 3438 1585 3504; x_wconf 89' lang='lat' dir='ltr'>elutriatio,</span> <span class='ocrx_word' id='word_1_318' title='bbox 1619 3455 1744 3494; x_wconf 80' lang='lat' dir='ltr'>cum</span> <span class='ocrx_word' id='word_1_319' title='bbox 1807 3455 1925 3494; x_wconf 90' lang='lat' dir='ltr'>una</span> 
     </span>
    </p>
   </div>
   <div class='ocr_carea' id='block_1_54' title="bbox 281 3533 1921 3602">
    <p class='ocr_par' dir='ltr' id='par_1_54' title="bbox 281 3533 1921 3602">
     <span class='ocr_line' id='line_1_55' title="bbox 281 3533 1921 3602; baseline -0.006 -9"><span class='ocrx_word' id='word_1_320' title='bbox 281 3537 555 3594; x_wconf 90' lang='lat' dir='ltr'>eteadem</span> <span class='ocrx_word' id='word_1_321' title='bbox 575 3534 772 3590; x_wconf 89' lang='lat' dir='ltr'>anima</span> <span class='ocrx_word' id='word_1_322' title='bbox 803 3550 871 3588; x_wconf 86' lang='lat' dir='ltr'>ex</span> <span class='ocrx_word' id='word_1_323' title='bbox 904 3533 1157 3588; x_wconf 88' lang='lat' dir='ltr'>humano</span> <span class='ocrx_word' id='word_1_324' title='bbox 1217 3546 1450 3602; x_wconf 86' lang='lat' dir='ltr'>egressa</span> <span class='ocrx_word' id='word_1_325' title='bbox 1499 3545 1761 3602; x_wconf 90' lang='lat' dir='ltr'>corpore,</span> <span class='ocrx_word' id='word_1_326' title='bbox 1794 3547 1921 3585; x_wconf 85' lang='lat' dir='ltr'>cor-</span> 
     </span>
    </p>
   </div>
   <div class='ocr_carea' id='block_1_55' title="bbox 287 3617 1921 3698">
    <p class='ocr_par' dir='ltr' id='par_1_55' title="bbox 287 3617 1921 3698">
     <span class='ocr_line' id='line_1_56' title="bbox 287 3617 1921 3698; baseline -0.002 -20"><span class='ocrx_word' id='word_1_327' title='bbox 287 3642 396 3698; x_wconf 87' lang='lat' dir='ltr'>pus</span> <span class='ocrx_word' id='word_1_328' title='bbox 427 3625 482 3680; x_wconf 88' lang='lat' dir='ltr'>in</span> <span class='ocrx_word' id='word_1_329' title='bbox 517 3623 676 3679; x_wconf 88' lang='lat' dir='ltr'>aliud</span> <span class='ocrx_word' id='word_1_330' title='bbox 708 3620 1128 3692; x_wconf 83' lang='lat' dir='ltr'>transmigrat:</span> <span class='ocrx_word' id='word_1_331' title='bbox 1163 3624 1335 3691; x_wconf 89' lang='lat' dir='ltr'>atque</span> <span class='ocrx_word' id='word_1_332' title='bbox 1393 3618 1710 3690; x_wconf 84' lang='lat' dir='ltr'>aliquando</span> <span class='ocrx_word' id='word_1_333' title='bbox 1747 3617 1921 3675; x_wconf 89' lang='lat' dir='ltr'>etiam</span> 
     </span>
    </p>
   </div>
   <div class='ocr_carea' id='block_1_56' title="bbox 275 3707 1742 3783">
    <p class='ocr_par' dir='ltr' id='par_1_56' title="bbox 275 3707 1742 3783">
     <span class='ocr_line' id='line_1_57' title="bbox 275 3707 1742 3783; baseline -0.004 -13"><span class='ocrx_word' id='word_1_334' title='bbox 275 3713 600 3770; x_wconf 86' lang='lat' dir='ltr'>volatilium</span> <span class='ocrx_word' id='word_1_335' title='bbox 635 3711 1207 3783; x_wconf 87' lang='lat' dir='ltr'>quadrupedumque</span> <span class='ocrx_word' id='word_1_336' title='bbox 1268 3725 1514 3780; x_wconf 87' lang='lat' dir='ltr'>corpora</span> <span class='ocrx_word' id='word_1_337' title='bbox 1565 3707 1742 3764; x_wconf 87' lang='lat' dir='ltr'>subit.</span> 
     </span>
    </p>
   </div>
   <div class='ocr_carea' id='block_1_57' title="bbox 939 3797 1262 3854">
    <p class='ocr_par' dir='ltr' id='par_1_57' title="bbox 939 3797 1262 3854">
     <span class='ocr_line' id='line_1_58' title="bbox 939 3797 1262 3854; baseline -0.009 0"><span class='ocrx_word' id='word_1_338' title='bbox 939 3799 1090 3854; x_wconf 81' lang='lat' dir='ltr'>CAP.</span> <span class='ocrx_word' id='word_1_339' title='bbox 1151 3797 1262 3852; x_wconf 84' lang='lat' dir='ltr'>LX.</span> 
     </span>
    </p>
   </div>
   <div class='ocr_carea' id='block_1_58' title="bbox 343 3885 1850 3956">
    <p class='ocr_par' dir='ltr' id='par_1_58' title="bbox 343 3885 1850 3956">
     <span class='ocr_line' id='line_1_59' title="bbox 343 3885 1850 3956; baseline -0.005 -8"><span class='ocrx_word' id='word_1_340' title='bbox 343 3895 416 3948; x_wconf 86' lang='lat' dir='ltr'>De</span> <span class='ocrx_word' id='word_1_341' title='bbox 447 3892 725 3948; x_wconf 77' lang='lat' dir='ltr'>luminosa</span> <span class='ocrx_word' id='word_1_342' title='bbox 776 3897 828 3945; x_wconf 83' lang='lat' dir='ltr'>et</span> <span class='ocrx_word' id='word_1_343' title='bbox 887 3889 1224 3944; x_wconf 75' lang='lat' dir='ltr'>tenebricoso</span> <span class='ocrx_word' id='word_1_344' title='bbox 1245 3889 1454 3943; x_wconf 72' lang='lat' dir='ltr'>animae</span> <span class='ocrx_word' id='word_1_345' title='bbox 1491 3885 1850 3956; x_wconf 78' lang='lat' dir='ltr'>natura(l7).</span> 
     </span>
    </p>
   </div>
   <div class='ocr_carea' id='block_1_59' title="bbox 344 3975 1928 4050">
    <p class='ocr_par' dir='ltr' id='par_1_59' title="bbox 344 3975 1928 4050">
     <span class='ocr_line' id='line_1_60' title="bbox 344 3975 1928 4050; baseline -0.006 -13"><span class='ocrx_word' id='word_1_346' title='bbox 344 3983 595 4049; x_wconf 88' lang='lat' dir='ltr'>Quidam</span> <span class='ocrx_word' id='word_1_347' title='bbox 647 3996 777 4036; x_wconf 91' lang='lat' dir='ltr'>vero</span> <span class='ocrx_word' id='word_1_348' title='bbox 832 3979 1127 4050; x_wconf 90' lang='lat' dir='ltr'>duplicem</span> <span class='ocrx_word' id='word_1_349' title='bbox 1160 3993 1391 4049; x_wconf 87' lang='lat' dir='ltr'>quoque</span> <span class='ocrx_word' id='word_1_350' title='bbox 1446 3975 1774 4031; x_wconf 87' lang='lat' dir='ltr'>animarum</span> <span class='ocrx_word' id='word_1_351' title='bbox 1829 3991 1928 4029; x_wconf 88' lang='lat' dir='ltr'>na-</span> 
     </span>
    </p>
   </div>
   <div class='ocr_carea' id='block_1_60' title="bbox 276 4065 1923 4137">
    <p class='ocr_par' dir='ltr' id='par_1_60' title="bbox 276 4065 1923 4137">
     <span class='ocr_line' id='line_1_61' title="bbox 276 4065 1923 4137; baseline -0.005 -11"><span class='ocrx_word' id='word_1_352' title='bbox 276 4076 471 4126; x_wconf 89' lang='lat' dir='ltr'>turam</span> <span class='ocrx_word' id='word_1_353' title='bbox 502 4087 629 4126; x_wconf 80' lang='lat' dir='ltr'>esse</span> <span class='ocrx_word' id='word_1_354' title='bbox 660 4070 951 4136; x_wconf 85' lang='lat' dir='ltr'>dixerunt,</span> <span class='ocrx_word' id='word_1_355' title='bbox 996 4085 1174 4122; x_wconf 87' lang='lat' dir='ltr'>unam</span> <span class='ocrx_word' id='word_1_356' title='bbox 1246 4067 1482 4137; x_wconf 89' lang='lat' dir='ltr'>quidem</span> <span class='ocrx_word' id='word_1_357' title='bbox 1543 4065 1923 4131; x_wconf 90' lang='lat' dir='ltr'>luminosam,</span> 
     </span>
    </p>
   </div>
   <div class='ocr_carea' id='block_1_61' title="bbox 277 4153 1926 4226">
    <p class='ocr_par' dir='ltr' id='par_1_61' title="bbox 277 4153 1926 4226">
     <span class='ocr_line' id='line_1_62' title="bbox 277 4153 1926 4226; baseline -0.005 -11"><span class='ocrx_word' id='word_1_358' title='bbox 277 4159 520 4215; x_wconf 87' lang='lat' dir='ltr'>alteram</span> <span class='ocrx_word' id='word_1_359' title='bbox 551 4176 681 4216; x_wconf 91' lang='lat' dir='ltr'>vero</span> <span class='ocrx_word' id='word_1_360' title='bbox 733 4158 1181 4215; x_wconf 88' lang='lat' dir='ltr'>tenebricosam.</span> <span class='ocrx_word' id='word_1_361' title='bbox 1241 4157 1311 4211; x_wconf 89' lang='lat' dir='ltr'>Et</span> <span class='ocrx_word' id='word_1_362' title='bbox 1380 4155 1531 4209; x_wconf 88' lang='lat' dir='ltr'>hanc</span> <span class='ocrx_word' id='word_1_363' title='bbox 1581 4153 1818 4226; x_wconf 89' lang='lat' dir='ltr'>quidem</span> <span class='ocrx_word' id='word_1_364' title='bbox 1841 4154 1926 4207; x_wconf 91' lang='lat' dir='ltr'>in.</span> 
     </span>
    </p>
   </div>
   <div class='ocr_carea' id='block_1_62' title="bbox 276 4242 1926 4319">
    <p class='ocr_par' dir='ltr' id='par_1_62' title="bbox 276 4242 1926 4319">
     <span class='ocr_line' id='line_1_63' title="bbox 276 4242 1926 4319; baseline -0.004 -13"><span class='ocrx_word' id='word_1_365' title='bbox 276 4249 440 4306; x_wconf 87' lang='lat' dir='ltr'>ferne</span> <span class='ocrx_word' id='word_1_366' title='bbox 462 4248 762 4318; x_wconf 88' lang='lat' dir='ltr'>scaturire,</span> <span class='ocrx_word' id='word_1_367' title='bbox 825 4252 997 4319; x_wconf 89' lang='lat' dir='ltr'>atque</span> <span class='ocrx_word' id='word_1_368' title='bbox 1050 4243 1446 4302; x_wconf 84' lang='lat' dir='ltr'>subterraneis</span> <span class='ocrx_word' id='word_1_369' title='bbox 1507 4259 1576 4298; x_wconf 86' lang='lat' dir='ltr'>ex</span> <span class='ocrx_word' id='word_1_370' title='bbox 1635 4242 1926 4299; x_wconf 82' lang='lat' dir='ltr'>meatibus</span> 
     </span>
    </p>
   </div>
   <div class='ocr_carea' id='block_1_63' title="bbox 275 4332 1927 4395">
    <p class='ocr_par' dir='ltr' id='par_1_63' title="bbox 275 4332 1927 4395">
     <span class='ocr_line' id='line_1_64' title="bbox 275 4332 1927 4395; baseline -0.005 0"><span class='ocrx_word' id='word_1_371' title='bbox 275 4338 546 4395; x_wconf 86' lang='lat' dir='ltr'>exsilire:</span> <span class='ocrx_word' id='word_1_372' title='bbox 588 4337 748 4393; x_wconf 89' lang='lat' dir='ltr'>illam</span> <span class='ocrx_word' id='word_1_373' title='bbox 783 4353 914 4393; x_wconf 89' lang='lat' dir='ltr'>vero</span> <span class='ocrx_word' id='word_1_374' title='bbox 945 4354 975 4391; x_wconf 94' lang='lat' dir='ltr'>e</span> <span class='ocrx_word' id='word_1_375' title='bbox 1025 4335 1152 4392; x_wconf 78' lang='lat' dir='ltr'>cceli</span> <span class='ocrx_word' id='word_1_376' title='bbox 1202 4332 1410 4389; x_wconf 88' lang='lat' dir='ltr'>vertice</span> <span class='ocrx_word' id='word_1_377' title='bbox 1469 4349 1774 4389; x_wconf 88' lang='lat' dir='ltr'>accensam</span> <span class='ocrx_word' id='word_1_378' title='bbox 1825 4334 1927 4387; x_wconf 90' lang='lat' dir='ltr'>de-</span> 
     </span>
    </p>
   </div>
   <div class='ocr_carea' id='block_1_64' title="bbox 276 4420 1923 4498">
    <p class='ocr_par' dir='ltr' id='par_1_64' title="bbox 276 4420 1923 4498">
     <span class='ocr_line' id='line_1_65' title="bbox 276 4420 1923 4498; baseline -0.005 -14"><span class='ocrx_word' id='word_1_379' title='bbox 276 4427 454 4498; x_wconf 85' lang='lat' dir='ltr'>mitti,</span> <span class='ocrx_word' id='word_1_380' title='bbox 513 4432 575 4483; x_wconf 88' lang='lat' dir='ltr'>ut</span> <span class='ocrx_word' id='word_1_381' title='bbox 631 4431 931 4483; x_wconf 88' lang='lat' dir='ltr'>terrenum</span> <span class='ocrx_word' id='word_1_382' title='bbox 983 4425 1090 4480; x_wconf 88' lang='lat' dir='ltr'>hoc</span> <span class='ocrx_word' id='word_1_383' title='bbox 1165 4422 1428 4494; x_wconf 90' lang='lat' dir='ltr'>corporis</span> <span class='ocrx_word' id='word_1_384' title='bbox 1515 4420 1923 4478; x_wconf 89' lang='lat' dir='ltr'>domilicilium</span> 
     </span>
    </p>
   </div>
   <div class='ocr_carea' id='block_1_65' title="bbox 273 4511 1922 4588">
    <p class='ocr_par' dir='ltr' id='par_1_65' title="bbox 273 4511 1922 4588">
     <span class='ocr_line' id='line_1_66' title="bbox 273 4511 1922 4588; baseline -0.005 -15"><span class='ocrx_word' id='word_1_385' title='bbox 273 4521 533 4574; x_wconf 83' lang='lat' dir='ltr'>exornet.</span> <span class='ocrx_word' id='word_1_386' title='bbox 569 4518 700 4582; x_wconf 68' lang='lat' dir='ltr'>Quae</span> <span class='ocrx_word' id='word_1_387' title='bbox 734 4515 973 4588; x_wconf 90' lang='lat' dir='ltr'>quidem</span> <span class='ocrx_word' id='word_1_388' title='bbox 999 4514 1359 4568; x_wconf 83' lang='lat' dir='ltr'>descendens</span> <span class='ocrx_word' id='word_1_389' title='bbox 1413 4527 1613 4568; x_wconf 89' lang='lat' dir='ltr'>cavere</span> <span class='ocrx_word' id='word_1_390' title='bbox 1661 4511 1922 4582; x_wconf 87' lang='lat' dir='ltr'>jubetur,</span> 
     </span>
    </p>
   </div>
   <div class='ocr_carea' id='block_1_66' title="bbox 2036 1935 3674 2008">
    <p class='ocr_par' dir='ltr' id='par_1_66' title="bbox 2036 1935 3674 2008">
     <span class='ocr_line' id='line_1_67' title="bbox 2036 1935 3674 2008; baseline 0.001 -16"><span class='ocrx_word' id='word_1_391' title='bbox 2036 1939 2276 1992; x_wconf 86' lang='lat' dir='ltr'>troitum</span> <span class='ocrx_word' id='word_1_392' title='bbox 2329 1942 2385 1992; x_wconf 89' lang='lat' dir='ltr'>et</span> <span class='ocrx_word' id='word_1_393' title='bbox 2441 1935 2659 1992; x_wconf 79' lang='lat' dir='ltr'>exitum</span> <span class='ocrx_word' id='word_1_394' title='bbox 2718 1935 3068 2008; x_wconf 66' lang='lat' dir='ltr'>praestruxit.</span> <span class='ocrx_word' id='word_1_395' title='bbox 3143 1935 3246 1991; x_wconf 85' lang='lat' dir='ltr'>Hic</span> <span class='ocrx_word' id='word_1_396' title='bbox 3280 1936 3493 2008; x_wconf 46' lang='lat' dir='ltr'>.itaque</span> <span class='ocrx_word' id='word_1_397' title='bbox 3550 1937 3674 2008; x_wconf 89' lang='lat' dir='ltr'>spi-</span> 
     </span>
    </p>
   </div>
   <div class='ocr_carea' id='block_1_67' title="bbox 2036 2025 3677 2098">
    <p class='ocr_par' dir='ltr' id='par_1_67' title="bbox 2036 2025 3677 2098">
     <span class='ocr_line' id='line_1_68' title="bbox 2036 2025 3677 2098; baseline -0.001 -17"><span class='ocrx_word' id='word_1_398' title='bbox 2036 2027 2178 2083; x_wconf 85' lang='lat' dir='ltr'>ritus</span> <span class='ocrx_word' id='word_1_399' title='bbox 2230 2043 2475 2097; x_wconf 89' lang='lat' dir='ltr'>corpora</span> <span class='ocrx_word' id='word_1_400' title='bbox 2536 2030 2818 2098; x_wconf 90' lang='lat' dir='ltr'>permeat,</span> <span class='ocrx_word' id='word_1_401' title='bbox 2919 2025 3247 2093; x_wconf 88' lang='lat' dir='ltr'>constituit,</span> <span class='ocrx_word' id='word_1_402' title='bbox 3327 2025 3677 2098; x_wconf 88' lang='lat' dir='ltr'>corrumpit,</span> 
     </span>
    </p>
   </div>
   <div class='ocr_carea' id='block_1_68' title="bbox 2034 2114 2964 2187">
    <p class='ocr_par' dir='ltr' id='par_1_68' title="bbox 2034 2114 2964 2187">
     <span class='ocr_line' id='line_1_69' title="bbox 2034 2114 2964 2187; baseline -0.001 -17"><span class='ocrx_word' id='word_1_403' title='bbox 2034 2131 2265 2187; x_wconf 90' lang='lat' dir='ltr'>unaque</span> <span class='ocrx_word' id='word_1_404' title='bbox 2297 2131 2430 2170; x_wconf 90' lang='lat' dir='ltr'>cum</span> <span class='ocrx_word' id='word_1_405' title='bbox 2462 2114 2578 2171; x_wconf 90' lang='lat' dir='ltr'>illis</span> <span class='ocrx_word' id='word_1_406' title='bbox 2609 2115 2964 2187; x_wconf 87' lang='lat' dir='ltr'>deperditur.</span> 
     </span>
    </p>
   </div>
   <div class='ocr_carea' id='block_1_69' title="bbox 2104 2203 3670 2277">
    <p class='ocr_par' dir='ltr' id='par_1_69' title="bbox 2104 2203 3670 2277">
     <span class='ocr_line' id='line_1_70' title="bbox 2104 2203 3670 2277; baseline -0.001 -17"><span class='ocrx_word' id='word_1_407' title='bbox 2104 2206 2186 2260; x_wconf 87' lang='lat' dir='ltr'>Ex</span> <span class='ocrx_word' id='word_1_408' title='bbox 2217 2209 2428 2261; x_wconf 66' lang='lat' dir='ltr'>nostra:</span> <span class='ocrx_word' id='word_1_409' title='bbox 2460 2221 2593 2261; x_wconf 88' lang='lat' dir='ltr'>vero</span> <span class='ocrx_word' id='word_1_410' title='bbox 2612 2204 2910 2277; x_wconf 84' lang='lat' dir='ltr'>religionis</span> <span class='ocrx_word' id='word_1_411' title='bbox 2971 2203 3432 2272; x_wconf 83' lang='lat' dir='ltr'>hominibus,alii</span> <span class='ocrx_word' id='word_1_412' title='bbox 3457 2203 3670 2277; x_wconf 50' lang='lat' dir='ltr'>,csscn-</span> 
     </span>
    </p>
   </div>
   <div class='ocr_carea' id='block_1_70' title="bbox 2033 2293 3674 2366">
    <p class='ocr_par' dir='ltr' id='par_1_70' title="bbox 2033 2293 3674 2366">
     <span class='ocr_line' id='line_1_71' title="bbox 2033 2293 3674 2366; baseline -0.002 -15"><span class='ocrx_word' id='word_1_413' title='bbox 2033 2295 2226 2352; x_wconf 88' lang='lat' dir='ltr'>tialem</span> <span class='ocrx_word' id='word_1_414' title='bbox 2257 2295 2466 2350; x_wconf 65' lang='lat' dir='ltr'>animas</span> <span class='ocrx_word' id='word_1_415' title='bbox 2522 2311 2759 2350; x_wconf 91' lang='lat' dir='ltr'>causam</span> <span class='ocrx_word' id='word_1_416' title='bbox 2796 2294 2996 2366; x_wconf 58' lang='lat' dir='ltr'>prima;</span> <span class='ocrx_word' id='word_1_417' title='bbox 3054 2293 3138 2349; x_wconf 90' lang='lat' dir='ltr'>illi</span> <span class='ocrx_word' id='word_1_418' title='bbox 3198 2293 3522 2365; x_wconf 76' lang='lat' dir='ltr'>divinaeque</span> <span class='ocrx_word' id='word_1_419' title='bbox 3582 2293 3674 2348; x_wconf 89' lang='lat' dir='ltr'>in-</span> 
     </span>
    </p>
   </div>
   <div class='ocr_carea' id='block_1_71' title="bbox 2033 2383 3674 2456">
    <p class='ocr_par' dir='ltr' id='par_1_71' title="bbox 2033 2383 3674 2456">
     <span class='ocr_line' id='line_1_72' title="bbox 2033 2383 3674 2456; baseline -0.001 -15"><span class='ocrx_word' id='word_1_420' title='bbox 2033 2383 2352 2441; x_wconf 82' lang='lat' dir='ltr'>sufﬂationi</span> <span class='ocrx_word' id='word_1_421' title='bbox 2400 2385 2824 2456; x_wconf 89' lang='lat' dir='ltr'>ascripserunt,</span> <span class='ocrx_word' id='word_1_422' title='bbox 2880 2388 3054 2454; x_wconf 89' lang='lat' dir='ltr'>atque</span> <span class='ocrx_word' id='word_1_423' title='bbox 3104 2383 3410 2438; x_wconf 89' lang='lat' dir='ltr'>hominum</span> <span class='ocrx_word' id='word_1_424' title='bbox 3466 2399 3674 2455; x_wconf 87' lang='lat' dir='ltr'>corpo-</span> 
     </span>
    </p>
   </div>
   <div class='ocr_carea' id='block_1_72' title="bbox 2034 2471 3672 2545">
    <p class='ocr_par' dir='ltr' id='par_1_72' title="bbox 2034 2471 3672 2545">
     <span class='ocr_line' id='line_1_73' title="bbox 2034 2471 3672 2545; baseline 0.001 -16"><span class='ocrx_word' id='word_1_425' title='bbox 2034 2473 2195 2529; x_wconf 90' lang='lat' dir='ltr'>ribus</span> <span class='ocrx_word' id='word_1_426' title='bbox 2225 2473 2332 2545; x_wconf 85' lang='lat'>(18)</span> <span class='ocrx_word' id='word_1_427' title='bbox 2363 2490 2479 2545; x_wconf 90' lang='lat' dir='ltr'>quo</span> <span class='ocrx_word' id='word_1_428' title='bbox 2512 2478 2773 2545; x_wconf 91' lang='lat' dir='ltr'>tempore</span> <span class='ocrx_word' id='word_1_429' title='bbox 2803 2477 3096 2540; x_wconf 91' lang='lat' dir='ltr'>creantur,</span> <span class='ocrx_word' id='word_1_430' title='bbox 3131 2471 3672 2531; x_wconf 89' lang='lat' dir='ltr'>infundidixerunt.</span> 
     </span>
    </p>
   </div>
   <div class='ocr_carea' id='block_1_73' title="bbox 2039 2561 3677 2634">
    <p class='ocr_par' dir='ltr' id='par_1_73' title="bbox 2039 2561 3677 2634">
     <span class='ocr_line' id='line_1_74' title="bbox 2039 2561 3677 2634; baseline 0.001 -19"><span class='ocrx_word' id='word_1_431' title='bbox 2039 2561 2149 2617; x_wconf 86' lang='lat' dir='ltr'>Alii</span> <span class='ocrx_word' id='word_1_432' title='bbox 2174 2563 2427 2618; x_wconf 89' lang='lat' dir='ltr'>animam</span> <span class='ocrx_word' id='word_1_433' title='bbox 2497 2578 2598 2634; x_wconf 83' lang='lat' dir='ltr'>per</span> <span class='ocrx_word' id='word_1_434' title='bbox 2655 2578 2716 2616; x_wconf 88' lang='lat' dir='ltr'>se</span> <span class='ocrx_word' id='word_1_435' title='bbox 2775 2561 3191 2617; x_wconf 87' lang='lat' dir='ltr'>subsistentem</span> <span class='ocrx_word' id='word_1_436' title='bbox 3251 2561 3473 2633; x_wconf 89' lang='lat' dir='ltr'>corpori</span> <span class='ocrx_word' id='word_1_437' title='bbox 3534 2577 3677 2616; x_wconf 92' lang='lat' dir='ltr'>con-</span> 
     </span>
    </p>
   </div>
   <div class='ocr_carea' id='block_1_74' title="bbox 2034 2651 3676 2724">
    <p class='ocr_par' dir='ltr' id='par_1_74' title="bbox 2034 2651 3676 2724">
     <span class='ocr_line' id='line_1_75' title="bbox 2034 2651 3676 2724; baseline 0 -18"><span class='ocrx_word' id='word_1_438' title='bbox 2034 2668 2266 2708; x_wconf 88' lang='lat' dir='ltr'>currere</span> <span class='ocrx_word' id='word_1_439' title='bbox 2299 2655 2605 2724; x_wconf 89' lang='lat' dir='ltr'>putarunt:</span> <span class='ocrx_word' id='word_1_440' title='bbox 2665 2651 2746 2706; x_wconf 88' lang='lat' dir='ltr'>ita</span> <span class='ocrx_word' id='word_1_441' title='bbox 2824 2654 2889 2706; x_wconf 91' lang='lat' dir='ltr'>ut</span> <span class='ocrx_word' id='word_1_442' title='bbox 2945 2666 3132 2722; x_wconf 88' lang='lat' dir='ltr'>neque</span> <span class='ocrx_word' id='word_1_443' title='bbox 3188 2666 3399 2720; x_wconf 89' lang='lat' dir='ltr'>corpus</span> <span class='ocrx_word' id='word_1_444' title='bbox 3463 2666 3565 2721; x_wconf 91' lang='lat' dir='ltr'>per</span> <span class='ocrx_word' id='word_1_445' title='bbox 3615 2665 3676 2706; x_wconf 88' lang='lat' dir='ltr'>se</span> 
     </span>
    </p>
   </div>
   <div class='ocr_carea' id='block_1_75' title="bbox 2035 2739 3674 2812">
    <p class='ocr_par' dir='ltr' id='par_1_75' title="bbox 2035 2739 3674 2812">
     <span class='ocr_line' id='line_1_76' title="bbox 2035 2739 3674 2812; baseline 0 -16"><span class='ocrx_word' id='word_1_446' title='bbox 2035 2743 2440 2811; x_wconf 72' lang='lat' dir='ltr'>constituatur,</span> <span class='ocrx_word' id='word_1_447' title='bbox 2501 2757 2604 2797; x_wconf 91' lang='lat' dir='ltr'>nec</span> <span class='ocrx_word' id='word_1_448' title='bbox 2663 2742 2861 2797; x_wconf 90' lang='lat' dir='ltr'>anima</span> <span class='ocrx_word' id='word_1_449' title='bbox 2892 2757 3130 2812; x_wconf 89' lang='lat' dir='ltr'>corpore</span> <span class='ocrx_word' id='word_1_450' title='bbox 3201 2739 3358 2811; x_wconf 90' lang='lat' dir='ltr'>prior</span> <span class='ocrx_word' id='word_1_451' title='bbox 3411 2739 3674 2796; x_wconf 82' lang='lat' dir='ltr'>exsistat.</span> 
     </span>
    </p>
   </div>
   <div class='ocr_carea' id='block_1_76' title="bbox 2034 2829 3674 2903">
    <p class='ocr_par' dir='ltr' id='par_1_76' title="bbox 2034 2829 3674 2903">
     <span class='ocr_line' id='line_1_77' title="bbox 2034 2829 3674 2903; baseline -0.001 -17"><span class='ocrx_word' id='word_1_452' title='bbox 2034 2831 2312 2887; x_wconf 81' lang='lat' dir='ltr'>Eamdem</span> <span class='ocrx_word' id='word_1_453' title='bbox 2383 2847 2551 2902; x_wconf 89' lang='lat' dir='ltr'>porro</span> <span class='ocrx_word' id='word_1_454' title='bbox 2636 2829 2927 2903; x_wconf 90' lang='lat' dir='ltr'>duplicem</span> <span class='ocrx_word' id='word_1_455' title='bbox 3023 2832 3419 2894; x_wconf 88' lang='lat' dir='ltr'>asseruerunt,</span> <span class='ocrx_word' id='word_1_456' title='bbox 3502 2830 3674 2900; x_wconf 90' lang='lat' dir='ltr'>cujus</span> 
     </span>
    </p>
   </div>
   <div class='ocr_carea' id='block_1_77' title="bbox 2035 2917 3668 2994">
    <p class='ocr_par' dir='ltr' id='par_1_77' title="bbox 2035 2917 3668 2994">
     <span class='ocr_line' id='line_1_78' title="bbox 2035 2917 3668 2994; baseline 0 -20"><span class='ocrx_word' id='word_1_457' title='bbox 2035 2937 2171 2994; x_wconf 87' lang='lat' dir='ltr'>pars</span> <span class='ocrx_word' id='word_1_458' title='bbox 2231 2937 2348 2975; x_wconf 90' lang='lat' dir='ltr'>una</span> <span class='ocrx_word' id='word_1_459' title='bbox 2405 2919 2649 2976; x_wconf 84' lang='lat' dir='ltr'>rationis</span> <span class='ocrx_word' id='word_1_460' title='bbox 2681 2919 2992 2992; x_wconf 89' lang='lat' dir='ltr'>particeps,</span> <span class='ocrx_word' id='word_1_461' title='bbox 3053 2917 3236 2973; x_wconf 90' lang='lat' dir='ltr'>altera</span> <span class='ocrx_word' id='word_1_462' title='bbox 3318 2933 3522 2989; x_wconf 85' lang='lat' dir='ltr'>expers</span> <span class='ocrx_word' id='word_1_463' title='bbox 3573 2919 3668 2974; x_wconf 89' lang='lat' dir='ltr'>sit.</span> 
     </span>
    </p>
   </div>
   <div class='ocr_carea' id='block_1_78' title="bbox 2033 3007 3678 3081">
    <p class='ocr_par' dir='ltr' id='par_1_78' title="bbox 2033 3007 3678 3081">
     <span class='ocr_line' id='line_1_79' title="bbox 2033 3007 3678 3081; baseline -0.001 -17"><span class='ocrx_word' id='word_1_464' title='bbox 2033 3009 2175 3064; x_wconf 92' lang='lat' dir='ltr'>Eam</span> <span class='ocrx_word' id='word_1_465' title='bbox 2245 3013 2491 3081; x_wconf 87' lang='lat' dir='ltr'>partem,</span> <span class='ocrx_word' id='word_1_466' title='bbox 2545 3026 2673 3079; x_wconf 69' lang='lat' dir='ltr'>quas</span> <span class='ocrx_word' id='word_1_467' title='bbox 2735 3007 2974 3064; x_wconf 90' lang='lat' dir='ltr'>rationis</span> <span class='ocrx_word' id='word_1_468' title='bbox 3025 3023 3230 3078; x_wconf 90' lang='lat' dir='ltr'>expers</span> <span class='ocrx_word' id='word_1_469' title='bbox 3302 3013 3412 3077; x_wconf 90' lang='lat' dir='ltr'>est,</span> <span class='ocrx_word' id='word_1_470' title='bbox 3462 3007 3521 3063; x_wconf 92' lang='lat' dir='ltr'>in</span> <span class='ocrx_word' id='word_1_471' title='bbox 3555 3008 3678 3064; x_wconf 85' lang='lat' dir='ltr'>ani-</span> 
     </span>
    </p>
   </div>
   <div class='ocr_carea' id='block_1_79' title="bbox 2035 3097 3675 3169">
    <p class='ocr_par' dir='ltr' id='par_1_79' title="bbox 2035 3097 3675 3169">
     <span class='ocr_line' id='line_1_80' title="bbox 2035 3097 3675 3169; baseline -0.001 -15"><span class='ocrx_word' id='word_1_472' title='bbox 2035 3116 2260 3154; x_wconf 88' lang='lat' dir='ltr'>mosam</span> <span class='ocrx_word' id='word_1_473' title='bbox 2321 3104 2376 3154; x_wconf 89' lang='lat' dir='ltr'>ct</span> <span class='ocrx_word' id='word_1_474' title='bbox 2460 3098 2733 3169; x_wconf 89' lang='lat' dir='ltr'>cupidam</span> <span class='ocrx_word' id='word_1_475' title='bbox 2804 3097 3145 3154; x_wconf 89' lang='lat' dir='ltr'>diviserunt.</span> <span class='ocrx_word' id='word_1_476' title='bbox 3272 3097 3459 3168; x_wconf 86' lang='lat' dir='ltr'>Atque</span> <span class='ocrx_word' id='word_1_477' title='bbox 3545 3113 3675 3154; x_wconf 90' lang='lat' dir='ltr'>eam</span> 
     </span>
    </p>
   </div>
   <div class='ocr_carea' id='block_1_80' title="bbox 2035 3187 3676 3261">
    <p class='ocr_par' dir='ltr' id='par_1_80' title="bbox 2035 3187 3676 3261">
     <span class='ocr_line' id='line_1_81' title="bbox 2035 3187 3676 3261; baseline -0.001 -18"><span class='ocrx_word' id='word_1_478' title='bbox 2035 3190 2272 3261; x_wconf 90' lang='lat' dir='ltr'>quidem</span> <span class='ocrx_word' id='word_1_479' title='bbox 2333 3193 2578 3260; x_wconf 90' lang='lat' dir='ltr'>partem,</span> <span class='ocrx_word' id='word_1_480' title='bbox 2629 3204 2754 3259; x_wconf 70' lang='lat' dir='ltr'>quae</span> <span class='ocrx_word' id='word_1_481' title='bbox 2814 3187 3056 3242; x_wconf 90' lang='lat' dir='ltr'>rationis</span> <span class='ocrx_word' id='word_1_482' title='bbox 3116 3191 3204 3242; x_wconf 89' lang='lat' dir='ltr'>est</span> <span class='ocrx_word' id='word_1_483' title='bbox 3247 3187 3558 3260; x_wconf 89' lang='lat' dir='ltr'>particeps,</span> <span class='ocrx_word' id='word_1_484' title='bbox 3616 3188 3676 3242; x_wconf 92' lang='lat' dir='ltr'>in</span> 
     </span>
    </p>
   </div>
   <div class='ocr_carea' id='block_1_81' title="bbox 2035 3277 3681 3352">
    <p class='ocr_par' dir='ltr' id='par_1_81' title="bbox 2035 3277 3681 3352">
     <span class='ocr_line' id='line_1_82' title="bbox 2035 3277 3681 3352; baseline -0.001 -18"><span class='ocrx_word' id='word_1_485' title='bbox 2035 3285 2265 3352; x_wconf 85' lang='lat' dir='ltr'>pectore</span> <span class='ocrx_word' id='word_1_486' title='bbox 2297 3279 2495 3333; x_wconf 90' lang='lat' dir='ltr'>sedem</span> <span class='ocrx_word' id='word_1_487' title='bbox 2551 3277 2807 3345; x_wconf 87' lang='lat' dir='ltr'>habere;</span> <span class='ocrx_word' id='word_1_488' title='bbox 2871 3293 2997 3332; x_wconf 88' lang='lat' dir='ltr'>eam</span> <span class='ocrx_word' id='word_1_489' title='bbox 3055 3293 3208 3343; x_wconf 91' lang='lat' dir='ltr'>vero,</span> <span class='ocrx_word' id='word_1_490' title='bbox 3264 3294 3390 3348; x_wconf 68' lang='lat' dir='ltr'>quas</span> <span class='ocrx_word' id='word_1_491' title='bbox 3458 3277 3681 3332; x_wconf 82' lang='lat' dir='ltr'>ratione</span> 
     </span>
    </p>
   </div>
   <div class='ocr_carea' id='block_1_82' title="bbox 2032 3365 3679 3438">
    <p class='ocr_par' dir='ltr' id='par_1_82' title="bbox 2032 3365 3679 3438">
     <span class='ocr_line' id='line_1_83' title="bbox 2032 3365 3679 3438; baseline -0.003 -14"><span class='ocrx_word' id='word_1_492' title='bbox 2032 3373 2320 3438; x_wconf 86' lang='lat' dir='ltr'>caret,per</span> <span class='ocrx_word' id='word_1_493' title='bbox 2351 3367 2682 3423; x_wconf 82' lang='lat' dir='ltr'>universam</span> <span class='ocrx_word' id='word_1_494' title='bbox 2710 3367 2971 3438; x_wconf 89' lang='lat' dir='ltr'>corporis</span> <span class='ocrx_word' id='word_1_495' title='bbox 3014 3369 3351 3438; x_wconf 75' lang='lat' dir='ltr'>compagem</span> <span class='ocrx_word' id='word_1_496' title='bbox 3393 3365 3679 3438; x_wconf 40' lang='lat' dir='ltr'>.difll’undi</span> 
     </span>
    </p>
   </div>
   <div class='ocr_carea' id='block_1_83' title="bbox 2030 3453 3674 3529">
    <p class='ocr_par' dir='ltr' id='par_1_83' title="bbox 2030 3453 3674 3529">
     <span class='ocr_line' id='line_1_84' title="bbox 2030 3453 3674 3529; baseline -0.002 -17"><span class='ocrx_word' id='word_1_497' title='bbox 2030 3458 2422 3512; x_wconf 80' lang='lat' dir='ltr'>afﬁrmarunt.</span> <span class='ocrx_word' id='word_1_498' title='bbox 2462 3458 2534 3512; x_wconf 87' lang='lat' dir='ltr'>At</span> <span class='ocrx_word' id='word_1_499' title='bbox 2587 3473 2719 3512; x_wconf 89' lang='lat' dir='ltr'>vero</span> <span class='ocrx_word' id='word_1_500' title='bbox 2779 3453 3108 3529; x_wconf 82' lang='grc' dir='ltr'>ἡγεμονικὸν</span> <span class='ocrx_word' id='word_1_501' title='bbox 3162 3471 3392 3526; x_wconf 90' lang='lat' dir='ltr'>quoque</span> <span class='ocrx_word' id='word_1_502' title='bbox 3449 3454 3674 3527; x_wconf 88' lang='lat' dir='ltr'>ipsum,</span> 
     </span>
    </p>
   </div>
   <div class='ocr_carea' id='block_1_84' title="bbox 2033 3543 3674 3618">
    <p class='ocr_par' dir='ltr' id='par_1_84' title="bbox 2033 3543 3674 3618">
     <span class='ocr_line' id='line_1_85' title="bbox 2033 3543 3674 3618; baseline -0.003 -17"><span class='ocrx_word' id='word_1_503' title='bbox 2033 3545 2154 3602; x_wconf 87' lang='lat' dir='ltr'>sive</span> <span class='ocrx_word' id='word_1_504' title='bbox 2188 3545 2736 3618; x_wconf 75' lang='lat' dir='ltr'>praestantissimam</span> <span class='ocrx_word' id='word_1_505' title='bbox 2795 3545 3006 3600; x_wconf 75' lang='lat' dir='ltr'>animas</span> <span class='ocrx_word' id='word_1_506' title='bbox 3064 3548 3289 3616; x_wconf 90' lang='lat' dir='ltr'>partem</span> <span class='ocrx_word' id='word_1_507' title='bbox 3319 3543 3482 3598; x_wconf 89' lang='lat' dir='ltr'>Plato</span> <span class='ocrx_word' id='word_1_508' title='bbox 3541 3544 3674 3613; x_wconf 91' lang='lat' dir='ltr'>qui-</span> 
     </span>
    </p>
   </div>
   <div class='ocr_carea' id='block_1_85' title="bbox 2032 3629 3671 3700">
    <p class='ocr_par' dir='ltr' id='par_1_85' title="bbox 2032 3629 3671 3700">
     <span class='ocr_line' id='line_1_86' title="bbox 2032 3629 3671 3700; baseline -0.002 -13"><span class='ocrx_word' id='word_1_509' title='bbox 2032 3635 2162 3688; x_wconf 88' lang='lat' dir='ltr'>dem</span> <span class='ocrx_word' id='word_1_510' title='bbox 2197 3640 2255 3687; x_wconf 88' lang='lat' dir='ltr'>et</span> <span class='ocrx_word' id='word_1_511' title='bbox 2285 3633 2650 3690; x_wconf 89' lang='lat' dir='ltr'>Democritus</span> <span class='ocrx_word' id='word_1_512' title='bbox 2682 3634 2878 3688; x_wconf 91' lang='lat' dir='ltr'>sedem</span> <span class='ocrx_word' id='word_1_513' title='bbox 2938 3632 2997 3686; x_wconf 89' lang='lat' dir='ltr'>in</span> <span class='ocrx_word' id='word_1_514' title='bbox 3058 3635 3174 3686; x_wconf 90' lang='lat' dir='ltr'>toto</span> <span class='ocrx_word' id='word_1_515' title='bbox 3233 3631 3422 3700; x_wconf 89' lang='lat' dir='ltr'>capite</span> <span class='ocrx_word' id='word_1_516' title='bbox 3453 3629 3671 3685; x_wconf 88' lang='lat' dir='ltr'>habere</span> 
     </span>
    </p>
   </div>
   <div class='ocr_carea' id='block_1_86' title="bbox 2033 3717 3672 3798">
    <p class='ocr_par' dir='ltr' id='par_1_86' title="bbox 2033 3717 3672 3798">
     <span class='ocr_line' id='line_1_87' title="bbox 2033 3717 3672 3798; baseline -0.002 -20"><span class='ocrx_word' id='word_1_517' title='bbox 2033 3723 2328 3791; x_wconf 84' lang='lat' dir='ltr'>dixerunt,</span> <span class='ocrx_word' id='word_1_518' title='bbox 2388 3721 2486 3776; x_wconf 90' lang='lat' dir='ltr'>alii</span> <span class='ocrx_word' id='word_1_519' title='bbox 2547 3721 2606 3776; x_wconf 93' lang='lat' dir='ltr'>in</span> <span class='ocrx_word' id='word_1_520' title='bbox 2678 3719 2968 3798; x_wconf 70' lang='grc' dir='ltr'>μεσοφρύῳ</span> <span class='ocrx_word' id='word_1_521' title='bbox 3056 3737 3156 3776; x_wconf 89' lang='lat' dir='ltr'>seu</span> <span class='ocrx_word' id='word_1_522' title='bbox 3225 3717 3672 3791; x_wconf 88' lang='lat' dir='ltr'>superciliorum</span> 
     </span>
    </p>
   </div>
   <div class='ocr_carea' id='block_1_87' title="bbox 2033 3808 3670 3879">
    <p class='ocr_par' dir='ltr' id='par_1_87' title="bbox 2033 3808 3670 3879">
     <span class='ocr_line' id='line_1_88' title="bbox 2033 3808 3670 3879; baseline -0.003 -14"><span class='ocrx_word' id='word_1_523' title='bbox 2033 3809 2382 3879; x_wconf 89' lang='lat' dir='ltr'>meditullio,</span> <span class='ocrx_word' id='word_1_524' title='bbox 2438 3808 2537 3864; x_wconf 89' lang='lat' dir='ltr'>alii</span> <span class='ocrx_word' id='word_1_525' title='bbox 2601 3808 2756 3863; x_wconf 89' lang='lat' dir='ltr'>circa</span> <span class='ocrx_word' id='word_1_526' title='bbox 2822 3808 3043 3863; x_wconf 87' lang='lat' dir='ltr'>cerebri</span> <span class='ocrx_word' id='word_1_527' title='bbox 3131 3808 3486 3878; x_wconf 88' lang='lat' dir='ltr'>meningem,</span> <span class='ocrx_word' id='word_1_528' title='bbox 3543 3823 3670 3877; x_wconf 70' lang='lat' dir='ltr'>quae</span> 
     </span>
    </p>
   </div>
   <div class='ocr_carea' id='block_1_88' title="bbox 2034 3893 3673 3969">
    <p class='ocr_par' dir='ltr' id='par_1_88' title="bbox 2034 3893 3673 3969">
     <span class='ocr_line' id='line_1_89' title="bbox 2034 3893 3673 3969; baseline -0.002 -16"><span class='ocrx_word' id='word_1_529' title='bbox 2034 3899 2206 3969; x_wconf 85' lang='lat' dir='ltr'>vulgo</span> <span class='ocrx_word' id='word_1_530' title='bbox 2240 3897 2335 3969; x_wconf 90' lang='lat' dir='ltr'>pia</span> <span class='ocrx_word' id='word_1_531' title='bbox 2394 3904 2600 3966; x_wconf 88' lang='lat' dir='ltr'>mater,</span> <span class='ocrx_word' id='word_1_532' title='bbox 2657 3897 2886 3969; x_wconf 89' lang='lat' dir='ltr'>alioque</span> <span class='ocrx_word' id='word_1_533' title='bbox 2946 3895 3182 3951; x_wconf 86' lang='lat' dir='ltr'>nomina</span> <span class='ocrx_word' id='word_1_534' title='bbox 3238 3893 3514 3968; x_wconf 78' lang='grc' dir='ltr'>ἐπικρανὶς</span> <span class='ocrx_word' id='word_1_535' title='bbox 3571 3910 3673 3949; x_wconf 90' lang='lat' dir='ltr'>seu</span> 
     </span>
    </p>
   </div>
   <div class='ocr_carea' id='block_1_89' title="bbox 2033 3983 3668 4059">
    <p class='ocr_par' dir='ltr' id='par_1_89' title="bbox 2033 3983 3668 4059">
     <span class='ocr_line' id='line_1_90' title="bbox 2033 3983 3668 4059; baseline -0.003 -16"><span class='ocrx_word' id='word_1_536' title='bbox 2033 3987 2384 4043; x_wconf 85' lang='lat' dir='ltr'>cerebellum</span> <span class='ocrx_word' id='word_1_537' title='bbox 2419 3987 2768 4059; x_wconf 88' lang='lat' dir='ltr'>appellatur.</span> <span class='ocrx_word' id='word_1_538' title='bbox 2821 3987 3067 4051; x_wconf 88' lang='lat' dir='ltr'>Quidam</span> <span class='ocrx_word' id='word_1_539' title='bbox 3111 3986 3288 4040; x_wconf 87' lang='lat' dir='ltr'>etiam</span> <span class='ocrx_word' id='word_1_540' title='bbox 3342 3985 3401 4040; x_wconf 91' lang='lat' dir='ltr'>in</span> <span class='ocrx_word' id='word_1_541' title='bbox 3445 3983 3668 4040; x_wconf 90' lang='lat' dir='ltr'>cerebri</span> 
     </span>
    </p>
   </div>
   <div class='ocr_carea' id='block_1_90' title="bbox 2033 4072 3668 4146">
    <p class='ocr_par' dir='ltr' id='par_1_90' title="bbox 2033 4072 3668 4146">
     <span class='ocr_line' id='line_1_91' title="bbox 2033 4072 3668 4146; baseline -0.002 -16"><span class='ocrx_word' id='word_1_542' title='bbox 2033 4081 2252 4132; x_wconf 90' lang='lat' dir='ltr'>ventre.</span> <span class='ocrx_word' id='word_1_543' title='bbox 2283 4075 2398 4132; x_wconf 90' lang='lat' dir='ltr'>Nec</span> <span class='ocrx_word' id='word_1_544' title='bbox 2462 4077 2792 4145; x_wconf 87' lang='lat' dir='ltr'>defuerunt,</span> <span class='ocrx_word' id='word_1_545' title='bbox 2833 4075 2929 4146; x_wconf 91' lang='lat' dir='ltr'>qui</span> <span class='ocrx_word' id='word_1_546' title='bbox 2988 4075 3094 4129; x_wconf 91' lang='lat' dir='ltr'>toti</span> <span class='ocrx_word' id='word_1_547' title='bbox 3154 4073 3372 4145; x_wconf 90' lang='lat' dir='ltr'>pectori</span> <span class='ocrx_word' id='word_1_548' title='bbox 3448 4072 3668 4143; x_wconf 89' lang='lat' dir='ltr'>totique</span> 
     </span>
    </p>
   </div>
   <div class='ocr_carea' id='block_1_91' title="bbox 2033 4161 3672 4238">
    <p class='ocr_par' dir='ltr' id='par_1_91' title="bbox 2033 4161 3672 4238">
     <span class='ocr_line' id='line_1_92' title="bbox 2033 4161 3672 4238; baseline -0.003 -17"><span class='ocrx_word' id='word_1_549' title='bbox 2033 4166 2188 4222; x_wconf 91' lang='lat' dir='ltr'>cordi</span> <span class='ocrx_word' id='word_1_550' title='bbox 2225 4165 2310 4221; x_wconf 85' lang='lat' dir='ltr'>vel</span> <span class='ocrx_word' id='word_1_551' title='bbox 2342 4167 2686 4238; x_wconf 89' lang='lat' dir='ltr'>spirituicor</span> <span class='ocrx_word' id='word_1_552' title='bbox 2715 4163 3012 4233; x_wconf 88' lang='lat' dir='ltr'>ambienti,</span> <span class='ocrx_word' id='word_1_553' title='bbox 3055 4169 3111 4218; x_wconf 87' lang='lat' dir='ltr'>et</span> <span class='ocrx_word' id='word_1_554' title='bbox 3164 4161 3472 4235; x_wconf 87' lang='lat' dir='ltr'>sanguinis</span> <span class='ocrx_word' id='word_1_555' title='bbox 3514 4179 3672 4217; x_wconf 88' lang='lat' dir='ltr'>cras-</span> 
     </span>
    </p>
   </div>
   <div class='ocr_carea' id='block_1_92' title="bbox 2034 4249 3669 4323">
    <p class='ocr_par' dir='ltr' id='par_1_92' title="bbox 2034 4249 3669 4323">
     <span class='ocr_line' id='line_1_93' title="bbox 2034 4249 3669 4323; baseline -0.003 -12"><span class='ocrx_word' id='word_1_556' title='bbox 2034 4255 2282 4311; x_wconf 90' lang='lat' dir='ltr'>situdini</span> <span class='ocrx_word' id='word_1_557' title='bbox 2341 4255 2726 4311; x_wconf 89' lang='lat' dir='ltr'>ascriberunt.</span> <span class='ocrx_word' id='word_1_558' title='bbox 2791 4252 2903 4307; x_wconf 82' lang='lat' dir='ltr'>Alii</span> <span class='ocrx_word' id='word_1_559' title='bbox 2957 4253 3016 4307; x_wconf 90' lang='lat' dir='ltr'>in</span> <span class='ocrx_word' id='word_1_560' title='bbox 3100 4251 3423 4323; x_wconf 90' lang='lat' dir='ltr'>pracordiis</span> <span class='ocrx_word' id='word_1_561' title='bbox 3506 4249 3669 4306; x_wconf 88' lang='lat' dir='ltr'>illam</span> 
     </span>
    </p>
   </div>
   <div class='ocr_carea' id='block_1_93' title="bbox 2033 4340 3668 4414">
    <p class='ocr_par' dir='ltr' id='par_1_93' title="bbox 2033 4340 3668 4414">
     <span class='ocr_line' id='line_1_94' title="bbox 2033 4340 3668 4414; baseline -0.004 -13"><span class='ocrx_word' id='word_1_562' title='bbox 2033 4348 2386 4402; x_wconf 88' lang='lat' dir='ltr'>statuerunt.</span> <span class='ocrx_word' id='word_1_563' title='bbox 2419 4343 2566 4400; x_wconf 79' lang='lat' dir='ltr'>Aliis</span> <span class='ocrx_word' id='word_1_564' title='bbox 2597 4361 2631 4398; x_wconf 92' lang='lat' dir='ltr'>a</span> <span class='ocrx_word' id='word_1_565' title='bbox 2662 4341 2959 4414; x_wconf 91' lang='lat' dir='ltr'>vitaliejus</span> <span class='ocrx_word' id='word_1_566' title='bbox 2985 4341 3280 4408; x_wconf 87' lang='lat' dir='ltr'>facultate,</span> <span class='ocrx_word' id='word_1_567' title='bbox 3314 4358 3410 4396; x_wconf 92' lang='lat' dir='ltr'>cor</span> <span class='ocrx_word' id='word_1_568' title='bbox 3431 4340 3668 4410; x_wconf 89' lang='lat' dir='ltr'>ambiri,</span> 
     </span>
    </p>
   </div>
   <div class='ocr_carea' id='block_1_94' title="bbox 2033 4430 3563 4509">
    <p class='ocr_par' dir='ltr' id='par_1_94' title="bbox 2033 4430 3563 4509">
     <span class='ocr_line' id='line_1_95' title="bbox 2033 4430 3563 4509; baseline -0.004 -17"><span class='ocrx_word' id='word_1_569' title='bbox 2033 4445 2205 4509; x_wconf 89' lang='lat' dir='ltr'>caput</span> <span class='ocrx_word' id='word_1_570' title='bbox 2234 4439 2429 4492; x_wconf 88' lang='lat' dir='ltr'>autem</span> <span class='ocrx_word' id='word_1_571' title='bbox 2463 4453 2496 4491; x_wconf 90' lang='lat' dir='ltr'>a</span> <span class='ocrx_word' id='word_1_572' title='bbox 2527 4433 2794 4490; x_wconf 85' lang='lat' dir='ltr'>rationali</span> <span class='ocrx_word' id='word_1_573' title='bbox 2826 4438 2882 4488; x_wconf 92' lang='lat' dir='ltr'>et</span> <span class='ocrx_word' id='word_1_574' title='bbox 2915 4431 3291 4488; x_wconf 88' lang='lat' dir='ltr'>intellectuali</span> <span class='ocrx_word' id='word_1_575' title='bbox 3322 4430 3563 4502; x_wconf 90' lang='lat' dir='ltr'>placuit,</span> 
     </span>
    </p>
   </div>
   <div class='ocr_carea' id='block_1_95' title="bbox 2673 4530 3031 4588">
    <p class='ocr_par' dir='ltr' id='par_1_95' title="bbox 2673 4530 3031 4588">
     <span class='ocr_line' id='line_1_96' title="bbox 2673 4530 3031 4588; baseline 0 -1"><span class='ocrx_word' id='word_1_576' title='bbox 2673 4532 2824 4588; x_wconf 85' lang='lat' dir='ltr'>CAP.</span> <span class='ocrx_word' id='word_1_577' title='bbox 2860 4530 3031 4588; x_wconf 83' lang='lat' dir='ltr'>LXII.</span> 
     </span>
    </p>
   </div>
   <div class='ocr_carea' id='block_1_96' title="bbox 275 4600 3677 4692">
    <p class='ocr_par' dir='ltr' id='par_1_96' title="bbox 275 4600 3677 4692">
     <span class='ocr_line' id='line_1_97' title="bbox 275 4600 3677 4692; baseline -0.004 -7"><span class='ocrx_word' id='word_1_578' title='bbox 275 4623 351 4663; x_wconf 71' lang='grc' dir='ltr'>Πθ</span> <span class='ocrx_word' id='word_1_579' title='bbox 382 4606 520 4660; x_wconf 73' lang='lat' dir='ltr'>dum</span> <span class='ocrx_word' id='word_1_580' title='bbox 541 4622 752 4677; x_wconf 75' lang='grc' dir='ltr'>⁰⁰¹Ῥ⁰⁸</span> <span class='ocrx_word' id='word_1_581' title='bbox 809 4604 917 4660; x_wconf 68' lang='lat' dir='ltr'>hoc</span> <span class='ocrx_word' id='word_1_582' title='bbox 971 4602 1223 4657; x_wconf 58' lang='lat' dir='ltr'>informe</span> <span class='ocrx_word' id='word_1_583' title='bbox 1289 4605 1344 4692; x_wconf 35' lang='lat' dir='ltr'>ei</span> <span class='ocrx_word' id='word_1_584' title='bbox 1384 4601 1693 4692; x_wconf 59' lang='grc' dir='ltr'>οοηίιξειξω</span> <span class='ocrx_word' id='word_1_585' title='bbox 1746 4600 1918 4654; x_wconf 50' lang='grc' dir='ltr'>ίθῖοτ·</span> <span class='ocrx_word' id='word_1_586' title='bbox 1948 4602 1994 4667; x_wconf 82' lang='lat' dir='ltr'><strong>D</strong></span> <span class='ocrx_word' id='word_1_587' title='bbox 2027 4625 2099 4679; x_wconf 86' lang='lat' dir='ltr'>De</span> <span class='ocrx_word' id='word_1_588' title='bbox 2127 4625 2312 4678; x_wconf 82' lang='lat' dir='ltr'>anime</span> <span class='ocrx_word' id='word_1_589' title='bbox 2341 4622 2762 4679; x_wconf 80' lang='lat' dir='ltr'>immortalitate</span> <span class='ocrx_word' id='word_1_590' title='bbox 2793 4620 2924 4692; x_wconf 85' lang='lat' dir='ltr'>quid</span> <span class='ocrx_word' id='word_1_591' title='bbox 2952 4617 3203 4684; x_wconf 78' lang='lat' dir='ltr'>ethnicis,</span> <span class='ocrx_word' id='word_1_592' title='bbox 3237 4615 3365 4688; x_wconf 84' lang='lat' dir='ltr'>quid</span> <span class='ocrx_word' id='word_1_593' title='bbox 3422 4614 3677 4670; x_wconf 82' lang='lat' dir='ltr'>christia-</span> 
     </span>
    </p>
   </div>
   <div class='ocr_carea' id='block_1_97' title="bbox 271 4689 1919 4762">
    <p class='ocr_par' dir='ltr' id='par_1_97' title="bbox 271 4689 1919 4762">
     <span class='ocr_line' id='line_1_98' title="bbox 271 4689 1919 4762; baseline -0.005 -10"><span class='ocrx_word' id='word_1_594' title='bbox 271 4713 432 4752; x_wconf 84' lang='lat' dir='ltr'>mare</span> <span class='ocrx_word' id='word_1_595' title='bbox 482 4700 538 4752; x_wconf 92' lang='lat' dir='ltr'>et</span> <span class='ocrx_word' id='word_1_596' title='bbox 584 4712 862 4752; x_wconf 87' lang='lat' dir='ltr'>exornare</span> <span class='ocrx_word' id='word_1_597' title='bbox 922 4692 1242 4757; x_wconf 85' lang='lat' dir='ltr'>contendit,</span> <span class='ocrx_word' id='word_1_598' title='bbox 1323 4691 1452 4762; x_wconf 88' lang='lat' dir='ltr'>ipsa</span> <span class='ocrx_word' id='word_1_599' title='bbox 1525 4689 1806 4746; x_wconf 90' lang='lat' dir='ltr'>dedecore</span> <span class='ocrx_word' id='word_1_600' title='bbox 1863 4696 1919 4744; x_wconf 88' lang='lat' dir='ltr'>et</span> 
     </span>
    </p>
   </div>
   <div class='ocr_carea' id='block_1_98' title="bbox 267 4780 1917 4856">
    <p class='ocr_par' dir='ltr' id='par_1_98' title="bbox 267 4780 1917 4856">
     <span class='ocr_line' id='line_1_99' title="bbox 267 4780 1917 4856; baseline -0.006 -12"><span class='ocrx_word' id='word_1_601' title='bbox 267 4785 612 4844; x_wconf 85' lang='lat' dir='ltr'>confusione</span> <span class='ocrx_word' id='word_1_602' title='bbox 657 4786 1008 4856; x_wconf 89' lang='lat' dir='ltr'>impleatur:</span> <span class='ocrx_word' id='word_1_603' title='bbox 1072 4787 1247 4854; x_wconf 87' lang='lat' dir='ltr'>atque</span> <span class='ocrx_word' id='word_1_604' title='bbox 1307 4782 1392 4836; x_wconf 91' lang='lat' dir='ltr'>ita</span> <span class='ocrx_word' id='word_1_605' title='bbox 1449 4780 1654 4836; x_wconf 92' lang='lat' dir='ltr'>eadem</span> <span class='ocrx_word' id='word_1_606' title='bbox 1714 4783 1917 4850; x_wconf 89' lang='lat' dir='ltr'>postea</span> 
     </span>
    </p>
   </div>
   <div class='ocr_carea' id='block_1_99' title="bbox 262 4869 1917 4944">
    <p class='ocr_par' dir='ltr' id='par_1_99' title="bbox 262 4869 1917 4944">
     <span class='ocr_line' id='line_1_100' title="bbox 262 4869 1917 4944; baseline -0.005 -12"><span class='ocrx_word' id='word_1_607' title='bbox 262 4876 357 4932; x_wconf 85' lang='lat' dir='ltr'>via</span> <span class='ocrx_word' id='word_1_608' title='bbox 390 4876 649 4944; x_wconf 82' lang='lat' dir='ltr'>reﬂuere,</span> <span class='ocrx_word' id='word_1_609' title='bbox 683 4879 740 4930; x_wconf 90' lang='lat' dir='ltr'>et</span> <span class='ocrx_word' id='word_1_610' title='bbox 787 4873 846 4928; x_wconf 91' lang='lat' dir='ltr'>in</span> <span class='ocrx_word' id='word_1_611' title='bbox 889 4874 1144 4944; x_wconf 88' lang='lat' dir='ltr'>primum</span> <span class='ocrx_word' id='word_1_612' title='bbox 1217 4869 1634 4941; x_wconf 89' lang='lat' dir='ltr'>propriumque</span> <span class='ocrx_word' id='word_1_613' title='bbox 1698 4870 1917 4924; x_wconf 87' lang='lat' dir='ltr'>fontem</span> 
     </span>
    </p>
   </div>
   <div class='ocr_carea' id='block_1_100' title="bbox 269 4957 1920 5034">
    <p class='ocr_par' dir='ltr' id='par_1_100' title="bbox 269 4957 1920 5034">
     <span class='ocr_line' id='line_1_101' title="bbox 269 4957 1920 5034; baseline -0.005 -14"><span class='ocrx_word' id='word_1_614' title='bbox 269 4963 506 5020; x_wconf 70' lang='lat' dir='ltr'>rotundi</span> <span class='ocrx_word' id='word_1_615' title='bbox 541 4970 811 5034; x_wconf 85' lang='lat' dir='ltr'>nequeat,</span> <span class='ocrx_word' id='word_1_616' title='bbox 848 4963 946 5018; x_wconf 89' lang='lat' dir='ltr'>sed</span> <span class='ocrx_word' id='word_1_617' title='bbox 1008 4962 1077 5016; x_wconf 87' lang='lat' dir='ltr'>ad</span> <span class='ocrx_word' id='word_1_618' title='bbox 1127 4960 1542 5016; x_wconf 88' lang='lat' dir='ltr'>subterraneos</span> <span class='ocrx_word' id='word_1_619' title='bbox 1595 4957 1727 5013; x_wconf 85' lang='lat' dir='ltr'>illos</span> <span class='ocrx_word' id='word_1_620' title='bbox 1769 4975 1920 5012; x_wconf 85' lang='lat' dir='ltr'>mea-</span> 
     </span>
    </p>
   </div>
   <div class='ocr_carea' id='block_1_101' title="bbox 269 5048 1812 5123">
    <p class='ocr_par' dir='ltr' id='par_1_101' title="bbox 269 5048 1812 5123">
     <span class='ocr_line' id='line_1_102' title="bbox 269 5048 1812 5123; baseline -0.004 -15"><span class='ocrx_word' id='word_1_621' title='bbox 269 5060 373 5109; x_wconf 87' lang='lat' dir='ltr'>tus</span> <span class='ocrx_word' id='word_1_622' title='bbox 405 5051 570 5107; x_wconf 86' lang='lat' dir='ltr'>alteri</span> <span class='ocrx_word' id='word_1_623' title='bbox 602 5053 812 5106; x_wconf 64' lang='lat' dir='ltr'>animm</span> <span class='ocrx_word' id='word_1_624' title='bbox 844 5055 1120 5123; x_wconf 85' lang='lat' dir='ltr'>cognatos</span> <span class='ocrx_word' id='word_1_625' title='bbox 1154 5055 1484 5104; x_wconf 86' lang='lat' dir='ltr'>transversa</span> <span class='ocrx_word' id='word_1_626' title='bbox 1531 5048 1812 5120; x_wconf 81' lang='lat' dir='ltr'>rapiatur,</span> 
     </span>
    </p>
   </div>
   <div class='ocr_carea' id='block_1_102' title="bbox 334 5155 1923 5229">
    <p class='ocr_par' dir='ltr' id='par_1_102' title="bbox 334 5155 1923 5229">
     <span class='ocr_line' id='line_1_103' title="bbox 334 5155 1923 5229; baseline -0.003 -13"><span class='ocrx_word' id='word_1_627' title='bbox 334 5162 506 5216; x_wconf 86' lang='lat' dir='ltr'>Livor</span> <span class='ocrx_word' id='word_1_628' title='bbox 534 5158 656 5225; x_wconf 81' lang='lat' dir='ltr'>ubi,</span> <span class='ocrx_word' id='word_1_629' title='bbox 684 5163 845 5229; x_wconf 79' lang='lat' dir='ltr'>atque</span> <span class='ocrx_word' id='word_1_630' title='bbox 877 5155 1311 5228; x_wconf 70' lang='lat' dir='ltr'>odium,species</span> <span class='ocrx_word' id='word_1_631' title='bbox 1348 5158 1398 5210; x_wconf 85' lang='lat' dir='ltr'>el</span> <span class='ocrx_word' id='word_1_632' title='bbox 1429 5156 1589 5210; x_wconf 79' lang='lat' dir='ltr'>mille</span> <span class='ocrx_word' id='word_1_633' title='bbox 1649 5159 1923 5214; x_wconf 87' lang='lat' dir='ltr'>malorum</span> 
     </span>
    </p>
   </div>
   <div class='ocr_carea' id='block_1_103' title="bbox 346 5229 1591 5300">
    <p class='ocr_par' dir='ltr' id='par_1_103' title="bbox 346 5229 1591 5300">
     <span class='ocr_line' id='line_1_104' title="bbox 346 5229 1591 5300; baseline -0.006 -12"><span class='ocrx_word' id='word_1_634' title='bbox 346 5235 547 5288; x_wconf 81' lang='lat' dir='ltr'>Errant</span> <span class='ocrx_word' id='word_1_635' title='bbox 579 5233 840 5287; x_wconf 59' lang='lat' dir='ltr'>tartarum</span> <span class='ocrx_word' id='word_1_636' title='bbox 860 5231 1040 5300; x_wconf 87' lang='lat' dir='ltr'>pratis</span> <span class='ocrx_word' id='word_1_637' title='bbox 1071 5231 1136 5284; x_wconf 80' lang='lat' dir='ltr'>in</span> <span class='ocrx_word' id='word_1_638' title='bbox 1167 5229 1418 5284; x_wconf 78' lang='lat' dir='ltr'>tristibus</span> <span class='ocrx_word' id='word_1_639' title='bbox 1450 5229 1591 5283; x_wconf 81' lang='lat' dir='ltr'>Ales.</span> 
     </span>
    </p>
   </div>
   <div class='ocr_carea' id='block_1_104' title="bbox 352 5335 1922 5411">
    <p class='ocr_par' dir='ltr' id='par_1_104' title="bbox 352 5335 1922 5411">
     <span class='ocr_line' id='line_1_105' title="bbox 352 5335 1922 5411; baseline -0.003 -15"><span class='ocrx_word' id='word_1_640' title='bbox 352 5340 428 5396; x_wconf 85' lang='lat' dir='ltr'>Ex</span> <span class='ocrx_word' id='word_1_641' title='bbox 453 5355 568 5411; x_wconf 89' lang='lat' dir='ltr'>quo</span> <span class='ocrx_word' id='word_1_642' title='bbox 602 5337 776 5393; x_wconf 89' lang='lat' dir='ltr'>etiam</span> <span class='ocrx_word' id='word_1_643' title='bbox 808 5351 960 5405; x_wconf 71' lang='lat' dir='ltr'>stepe</span> <span class='ocrx_word' id='word_1_644' title='bbox 990 5335 1295 5406; x_wconf 84' lang='lat' dir='ltr'>contingit,</span> <span class='ocrx_word' id='word_1_645' title='bbox 1317 5339 1381 5390; x_wconf 88' lang='lat' dir='ltr'>ut</span> <span class='ocrx_word' id='word_1_646' title='bbox 1413 5336 1623 5390; x_wconf 89' lang='lat' dir='ltr'>iisdem</span> <span class='ocrx_word' id='word_1_647' title='bbox 1657 5337 1922 5405; x_wconf 85' lang='lat' dir='ltr'>prognati</span> 
     </span>
    </p>
   </div>
   <div class='ocr_carea' id='block_1_105' title="bbox 266 5423 1924 5500">
    <p class='ocr_par' dir='ltr' id='par_1_105' title="bbox 266 5423 1924 5500">
     <span class='ocr_line' id='line_1_106' title="bbox 266 5423 1924 5500; baseline -0.003 -16"><span class='ocrx_word' id='word_1_648' title='bbox 266 5429 639 5500; x_wconf 88' lang='lat' dir='ltr'>parentibus,</span> <span class='ocrx_word' id='word_1_649' title='bbox 662 5442 731 5480; x_wconf 90' lang='lat' dir='ltr'>ne</span> <span class='ocrx_word' id='word_1_650' title='bbox 749 5423 1082 5479; x_wconf 87' lang='lat' dir='ltr'>animarum</span> <span class='ocrx_word' id='word_1_651' title='bbox 1131 5424 1368 5494; x_wconf 89' lang='lat' dir='ltr'>quidem</span> <span class='ocrx_word' id='word_1_652' title='bbox 1394 5423 1742 5494; x_wconf 87' lang='lat' dir='ltr'>cognatione</span> <span class='ocrx_word' id='word_1_653' title='bbox 1772 5425 1924 5479; x_wconf 88' lang='lat' dir='ltr'>inter</span> 
     </span>
    </p>
   </div>
   <div class='ocr_carea' id='block_1_106' title="bbox 339 5601 1921 5679">
    <p class='ocr_par' dir='ltr' id='par_1_106' title="bbox 339 5601 1921 5679">
     <span class='ocr_line' id='line_1_107' title="bbox 339 5601 1921 5679; baseline 0.002 -22"><span class='ocrx_word' id='word_1_654' title='bbox 339 5606 450 5679; x_wconf 62' lang='lat' dir='ltr'>(l7)</span> <span class='ocrx_word' id='word_1_655' title='bbox 477 5605 836 5679; x_wconf 15' lang='lat' dir='ltr'>Exisynesio‘</span> <span class='ocrx_word' id='word_1_656' title='bbox 867 5604 978 5679; x_wconf 92' lang='lat' dir='ltr'>lib._</span> <span class='ocrx_word' id='word_1_657' title='bbox 996 5620 1014 5659; x_wconf 85' lang='grc' dir='ltr'>ι</span> <span class='ocrx_word' id='word_1_658' title='bbox 1041 5604 1115 5679; x_wconf 73' lang='lat' dir='ltr'>De</span> <span class='ocrx_word' id='word_1_659' title='bbox 1142 5601 1522 5679; x_wconf 58' lang='lat' dir='ltr'>graciglentia,</span> <span class='ocrx_word' id='word_1_660' title='bbox 1575 5601 1709 5660; x_wconf 87' lang='lat' dir='ltr'>infr.</span> <span class='ocrx_word' id='word_1_661' title='bbox 1765 5609 1808 5658; x_wconf 89' lang='grc' dir='ltr'><strong>Ι.</strong></span> <span class='ocrx_word' id='word_1_662' title='bbox 1841 5621 1921 5676; x_wconf 83' lang='lat' dir='ltr'>1v,</span> 
     </span>
    </p>
   </div>
   <div class='ocr_carea' id='block_1_107' title="bbox 265 5673 1547 5748">
    <p class='ocr_par' dir='ltr' id='par_1_107' title="bbox 265 5673 1547 5748">
     <span class='ocr_line' id='line_1_108' title="bbox 265 5673 1547 5748; baseline -0.002 -18"><span class='ocrx_word' id='word_1_663' title='bbox 265 5693 323 5731; x_wconf 87' lang='lat' dir='ltr'>c.</span> <span class='ocrx_word' id='word_1_664' title='bbox 355 5677 447 5748; x_wconf 85' lang='lat'>36,</span> <span class='ocrx_word' id='word_1_665' title='bbox 475 5676 534 5734; x_wconf 88' lang='lat' dir='ltr'>in</span> <span class='ocrx_word' id='word_1_666' title='bbox 559 5673 672 5736; x_wconf 74' lang='lat' dir='ltr'>ﬁne</span> <span class='ocrx_word' id='word_1_667' title='bbox 698 5675 1117 5738; x_wconf 83' lang='lat' dir='ltr'>confutationis</span> <span class='ocrx_word' id='word_1_668' title='bbox 1146 5673 1547 5731; x_wconf 85' lang='lat' dir='ltr'>Euchitarum.</span> 
     </span>
    </p>
   </div>
   <div class='ocr_carea' id='block_1_108' title="bbox 2632 4692 3057 4764">
    <p class='ocr_par' dir='ltr' id='par_1_108' title="bbox 2632 4692 3057 4764">
     <span class='ocr_line' id='line_1_109' title="bbox 2632 4692 3057 4764; baseline -0.007 -16"><span class='ocrx_word' id='word_1_669' title='bbox 2632 4692 2722 4748; x_wconf 73' lang='lat' dir='ltr'>nis</span> <span class='ocrx_word' id='word_1_670' title='bbox 2756 4693 3057 4764; x_wconf 81' lang='lat' dir='ltr'>placuerit.</span> 
     </span>
    </p>
   </div>
   <div class='ocr_carea' id='block_1_109' title="bbox 2097 4795 3676 4868">
    <p class='ocr_par' dir='ltr' id='par_1_109' title="bbox 2097 4795 3676 4868">
     <span class='ocr_line' id='line_1_110' title="bbox 2097 4795 3676 4868; baseline -0.004 -11"><span class='ocrx_word' id='word_1_671' title='bbox 2097 4802 2227 4857; x_wconf 87' lang='lat' dir='ltr'>Jam</span> <span class='ocrx_word' id='word_1_672' title='bbox 2285 4818 2416 4858; x_wconf 92' lang='lat' dir='ltr'>vero</span> <span class='ocrx_word' id='word_1_673' title='bbox 2470 4801 2676 4856; x_wconf 66' lang='lat' dir='ltr'>animae</span> <span class='ocrx_word' id='word_1_674' title='bbox 2728 4799 3155 4854; x_wconf 88' lang='lat' dir='ltr'>immortalitem</span> <span class='ocrx_word' id='word_1_675' title='bbox 3253 4795 3522 4852; x_wconf 89' lang='lat' dir='ltr'>nonnulli</span> <span class='ocrx_word' id='word_1_676' title='bbox 3578 4812 3676 4868; x_wconf 84' lang='lat' dir='ltr'>ap-</span> 
     </span>
    </p>
   </div>
   <div class='ocr_carea' id='block_1_110' title="bbox 2030 4886 3676 4961">
    <p class='ocr_par' dir='ltr' id='par_1_110' title="bbox 2030 4886 3676 4961">
     <span class='ocr_line' id='line_1_111' title="bbox 2030 4886 3676 4961; baseline -0.002 -17"><span class='ocrx_word' id='word_1_677' title='bbox 2030 4891 2354 4961; x_wconf 90' lang='lat' dir='ltr'>probarunt</span> <span class='ocrx_word' id='word_1_678' title='bbox 2387 4905 2632 4960; x_wconf 90' lang='lat' dir='ltr'>eamque</span> <span class='ocrx_word' id='word_1_679' title='bbox 2662 4905 2898 4960; x_wconf 90' lang='lat' dir='ltr'>corpore</span> <span class='ocrx_word' id='word_1_680' title='bbox 2955 4889 3282 4960; x_wconf 85' lang='lat' dir='ltr'>digressam</span> <span class='ocrx_word' id='word_1_681' title='bbox 3344 4887 3415 4941; x_wconf 89' lang='lat' dir='ltr'>ad</span> <span class='ocrx_word' id='word_1_682' title='bbox 3473 4886 3676 4958; x_wconf 63' lang='lat' dir='ltr'>:ipsius</span> 
     </span>
    </p>
   </div>
   <div class='ocr_carea' id='block_1_111' title="bbox 2032 4976 3680 5048">
    <p class='ocr_par' dir='ltr' id='par_1_111' title="bbox 2032 4976 3680 5048">
     <span class='ocr_line' id='line_1_112' title="bbox 2032 4976 3680 5048; baseline -0.002 -15"><span class='ocrx_word' id='word_1_683' title='bbox 2032 4978 2430 5034; x_wconf 88' lang='lat' dir='ltr'>universitatis</span> <span class='ocrx_word' id='word_1_684' title='bbox 2463 4979 2719 5033; x_wconf 88' lang='lat' dir='ltr'>animam</span> <span class='ocrx_word' id='word_1_685' title='bbox 2745 4984 3024 5048; x_wconf 84' lang='lat' dir='ltr'>tanquam</span> <span class='ocrx_word' id='word_1_686' title='bbox 3057 4976 3170 5032; x_wconf 90' lang='lat' dir='ltr'>sibi</span> <span class='ocrx_word' id='word_1_687' title='bbox 3219 4982 3530 5048; x_wconf 86' lang='lat' dir='ltr'>cognatam</span> <span class='ocrx_word' id='word_1_688' title='bbox 3592 4991 3680 5030; x_wconf 85' lang='lat' dir='ltr'>re-</span> 
     </span>
    </p>
   </div>
   <div class='ocr_carea' id='block_1_112' title="bbox 2030 5064 3674 5135">
    <p class='ocr_par' dir='ltr' id='par_1_112' title="bbox 2030 5064 3674 5135">
     <span class='ocr_line' id='line_1_113' title="bbox 2030 5064 3674 5135; baseline -0.002 -13"><span class='ocrx_word' id='word_1_689' title='bbox 2030 5068 2155 5122; x_wconf 90' lang='lat' dir='ltr'>dire</span> <span class='ocrx_word' id='word_1_690' title='bbox 2185 5068 2474 5122; x_wconf 87' lang='lat' dir='ltr'>dixerunt.</span> <span class='ocrx_word' id='word_1_691' title='bbox 2520 5064 2634 5120; x_wconf 86' lang='lat' dir='ltr'>Alii</span> <span class='ocrx_word' id='word_1_692' title='bbox 2677 5070 2881 5120; x_wconf 90' lang='lat' dir='ltr'>contra</span> <span class='ocrx_word' id='word_1_693' title='bbox 2928 5065 3288 5135; x_wconf 86' lang='lat' dir='ltr'>corruptioni</span> <span class='ocrx_word' id='word_1_694' title='bbox 3335 5064 3674 5134; x_wconf 87' lang='lat' dir='ltr'>obnoxiam,</span> 
     </span>
    </p>
   </div>
   <div class='ocr_carea' id='block_1_113' title="bbox 2031 5153 3678 5228">
    <p class='ocr_par' dir='ltr' id='par_1_113' title="bbox 2031 5153 3678 5228">
     <span class='ocr_line' id='line_1_114' title="bbox 2031 5153 3678 5228; baseline -0.003 -14"><span class='ocrx_word' id='word_1_695' title='bbox 2031 5172 2260 5228; x_wconf 74' lang='lat' dir='ltr'>unaque</span> <span class='ocrx_word' id='word_1_696' title='bbox 2291 5172 2422 5212; x_wconf 91' lang='lat' dir='ltr'>cum</span> <span class='ocrx_word' id='word_1_697' title='bbox 2442 5172 2682 5228; x_wconf 80' lang='lat' dir='ltr'>corpore</span> <span class='ocrx_word' id='word_1_698' title='bbox 2709 5155 2942 5210; x_wconf 88' lang='lat' dir='ltr'>interire</span> <span class='ocrx_word' id='word_1_699' title='bbox 2971 5153 3306 5210; x_wconf 90' lang='lat' dir='ltr'>maluerunt</span> <span class='ocrx_word' id='word_1_700' title='bbox 3336 5155 3467 5224; x_wconf 83' lang='grc'><strong>(19).</strong></span> <span class='ocrx_word' id='word_1_701' title='bbox 3531 5155 3678 5209; x_wconf 89' lang='lat' dir='ltr'>Aliis</span> 
     </span>
    </p>
   </div>
   <div class='ocr_carea' id='block_1_114' title="bbox 2031 5243 3671 5319">
    <p class='ocr_par' dir='ltr' id='par_1_114' title="bbox 2031 5243 3671 5319">
     <span class='ocr_line' id='line_1_115' title="bbox 2031 5243 3671 5319; baseline -0.004 -15"><span class='ocrx_word' id='word_1_702' title='bbox 2031 5265 2158 5304; x_wconf 87' lang='lat' dir='ltr'>eam</span> <span class='ocrx_word' id='word_1_703' title='bbox 2190 5250 2318 5319; x_wconf 89' lang='lat' dir='ltr'>ejus</span> <span class='ocrx_word' id='word_1_704' title='bbox 2373 5250 2620 5317; x_wconf 90' lang='lat' dir='ltr'>partem,</span> <span class='ocrx_word' id='word_1_705' title='bbox 2680 5261 2806 5317; x_wconf 64' lang='lat' dir='ltr'>quas</span> <span class='ocrx_word' id='word_1_706' title='bbox 2888 5244 3132 5300; x_wconf 89' lang='lat' dir='ltr'>rationis</span> <span class='ocrx_word' id='word_1_707' title='bbox 3204 5251 3296 5301; x_wconf 88' lang='lat' dir='ltr'>est</span> <span class='ocrx_word' id='word_1_708' title='bbox 3357 5243 3671 5316; x_wconf 88' lang='lat' dir='ltr'>particeps,</span> 
     </span>
    </p>
   </div>
   <div class='ocr_carea' id='block_1_115' title="bbox 2031 5334 3678 5408">
    <p class='ocr_par' dir='ltr' id='par_1_115' title="bbox 2031 5334 3678 5408">
     <span class='ocr_line' id='line_1_116' title="bbox 2031 5334 3678 5408; baseline -0.004 -16"><span class='ocrx_word' id='word_1_709' title='bbox 2031 5336 2453 5392; x_wconf 85' lang='lat' dir='ltr'>immortalem:</span> <span class='ocrx_word' id='word_1_710' title='bbox 2487 5352 2612 5406; x_wconf 59' lang='lat' dir='ltr'>quas</span> <span class='ocrx_word' id='word_1_711' title='bbox 2637 5350 2773 5390; x_wconf 92' lang='lat' dir='ltr'>vero</span> <span class='ocrx_word' id='word_1_712' title='bbox 2821 5334 3064 5390; x_wconf 90' lang='lat' dir='ltr'>rationis</span> <span class='ocrx_word' id='word_1_713' title='bbox 3121 5351 3328 5408; x_wconf 77' lang='lat' dir='ltr'>expers</span> <span class='ocrx_word' id='word_1_714' title='bbox 3376 5338 3486 5402; x_wconf 87' lang='lat' dir='ltr'>est,</span> <span class='ocrx_word' id='word_1_715' title='bbox 3529 5347 3678 5387; x_wconf 90' lang='lat' dir='ltr'>mor-</span> 
     </span>
    </p>
   </div>
   <div class='ocr_carea' id='block_1_116' title="bbox 2030 5419 3677 5495">
    <p class='ocr_par' dir='ltr' id='par_1_116' title="bbox 2030 5419 3677 5495">
     <span class='ocr_line' id='line_1_117' title="bbox 2030 5419 3677 5495; baseline -0.003 -14"><span class='ocrx_word' id='word_1_716' title='bbox 2030 5427 2190 5482; x_wconf 84' lang='lat' dir='ltr'>talem</span> <span class='ocrx_word' id='word_1_717' title='bbox 2237 5441 2367 5480; x_wconf 77' lang='lat' dir='ltr'>esso</span> <span class='ocrx_word' id='word_1_718' title='bbox 2407 5423 2642 5495; x_wconf 92' lang='lat' dir='ltr'>placuit.</span> <span class='ocrx_word' id='word_1_719' title='bbox 2705 5423 3048 5479; x_wconf 88' lang='lat' dir='ltr'>Nostrorum</span> <span class='ocrx_word' id='word_1_720' title='bbox 3108 5429 3305 5480; x_wconf 90' lang='lat' dir='ltr'>autem</span> <span class='ocrx_word' id='word_1_721' title='bbox 3349 5439 3453 5478; x_wconf 90' lang='lat' dir='ltr'>seu</span> <span class='ocrx_word' id='word_1_722' title='bbox 3511 5419 3677 5477; x_wconf 88' lang='lat' dir='ltr'>Chri-</span> 
     </span>
    </p>
   </div>
   <div class='ocr_carea' id='block_1_117' title="bbox 2099 5602 2641 5676">
    <p class='ocr_par' dir='ltr' id='par_1_117' title="bbox 2099 5602 2641 5676">
     <span class='ocr_line' id='line_1_118' title="bbox 2099 5602 2641 5676; baseline -0.002 -16"><span class='ocrx_word' id='word_1_723' title='bbox 2099 5605 2214 5676; x_wconf 70' lang='grc'>(18)</span> <span class='ocrx_word' id='word_1_724' title='bbox 2245 5603 2318 5676; x_wconf 86' lang='lat' dir='ltr'>Ut</span> <span class='ocrx_word' id='word_1_725' title='bbox 2341 5602 2641 5676; x_wconf 84' lang='lat' dir='ltr'>Origenes.</span> 
     </span>
    </p>
   </div>
   <div class='ocr_carea' id='block_1_118' title="bbox 2105 5673 3466 5748">
    <p class='ocr_par' dir='ltr' id='par_1_118' title="bbox 2105 5673 3466 5748">
     <span class='ocr_line' id='line_1_119' title="bbox 2105 5673 3466 5748; baseline -0.004 -16"><span class='ocrx_word' id='word_1_726' title='bbox 2105 5673 2867 5748; x_wconf 63' lang='lat' dir='ltr'>(19&#39;)UtThanatopsyohitts</span> <span class='ocrx_word' id='word_1_727' title='bbox 2899 5675 3120 5746; x_wconf 87' lang='lat' dir='ltr'>infral,</span> <span class='ocrx_word' id='word_1_728' title='bbox 3179 5692 3254 5733; x_wconf 80' lang='lat' dir='ltr'>1v.</span> <span class='ocrx_word' id='word_1_729' title='bbox 3293 5689 3344 5728; x_wconf 89' lang='grc' dir='ltr'>ο.</span> <span class='ocrx_word' id='word_1_730' title='bbox 3377 5673 3466 5728; x_wconf 79' lang='grc'>42.</span> 
     </span>
    </p>
   </div>
  </div>
