4090 6298
464 383 613 445 1191

1765 371 2076 436 ΝΙΟΕΤΑΞ
2116 369 2547 432 ΟΗΟΝΙΑΤΛΕ

3717 375 3858 438 U92

459 519 780 576 stianorum
847 514 1330 588 philosophorum
1397 529 1464 569 ex
1524 512 1727 569 animae
1774 507 2330 576 actionibusAtur.
2361 505 2517 562 Nihil
2552 509 2748 563 autem
2812 503 2968 560 aliud
2994 507 3082 560 est
3131 521 3309 577 quam
3365 505 3608 564 habitus
3667 512 3738 567 ad
3793 529 3855 570 ea

455 611 602 669 alias
623 610 766 666 citra
811 606 996 662 ullum
1043 604 1305 675 corporis
1359 603 1704 674 obsequium
1775 617 1945 672 agere
1991 598 2098 670 (si-

457 701 696 775 quidem
725 715 914 764 mens,
947 695 1242 768 cogitatio,
1273 698 1329 750 et
1387 694 1717 766 phantasia,
1771 691 1857 746 vel
1906 691 2098 762 quieto

457 807 694 864 corpore
746 793 1106 860 operantur),
1141 785 1282 841 alias
1333 801 1466 841 vero
1513 783 1771 855 corporis
1818 780 2097 852 obsequio

457 897 624 953 egere
682 879 971 934 dixerunt.
1026 877 1248 932 Sensus
1301 873 1457 929 enim
1548 875 1764 943 absque
1824 871 1917 937 iis,
1970 887 2100 942 quae

458 972 565 1026 sub
590 984 828 1024 sensum
863 967 1102 1034 cadunt,
1161 981 1330 1036 agere
1361 981 1476 1020 non
1529 967 1737 1035 potest.
1782 961 1892 1016 Sed
1951 977 2096 1032 quo-

453 1061 766 1115 dummodo
825 1057 1201 1128 compatitur,
1268 1059 1325 1110 et
1356 1070 1422 1110 ea
1486 1053 1712 1124 corpori
1801 1050 2094 1108 conciliat.

453 1150 617 1206 Unde
641 1149 705 1204 ﬁt
737 1153 796 1202 ut
827 1161 1219 1218 saepenumero
1277 1145 1396 1216 typi
1451 1143 1690 1215 quidam
1742 1147 1798 1196 et
1857 1141 2098 1196 charac-

454 1245 630 1308 teres,
679 1238 912 1294 obscuri
971 1253 1192 1306 eorum,
1236 1253 1362 1307 quae
1421 1233 1636 1306 singuli
1693 1234 1803 1288 hac
1863 1233 1920 1287 in
1979 1231 2096 1286 vita

451 1331 545 1403 pie
603 1333 660 1385 et
699 1345 766 1384 ex
817 1325 1116 1398 religionis
1167 1325 1504 1397 praescripto
1561 1328 1825 1395 egerunt,
1886 1323 2094 1378 animae

451 1424 652 1490 postea
689 1433 864 1490 quam
918 1433 950 1470 a
1002 1431 1230 1485 corpore
1273 1419 1545 1486 separata
1613 1417 1724 1479 est,
1795 1412 2090 1483 impressi,

449 1515 506 1565 et
537 1508 693 1564 velut
721 1506 1002 1578 insculpti
1059 1503 1379 1573 supersint.
1429 1502 1574 1566 Quia
1613 1501 1890 1557 nimirum
1923 1501 2091 1556 ali‘ec-

455 1599 641 1654 tiones
684 1595 819 1664 illrs,
869 1611 998 1667 quae
1057 1593 1256 1649 sensui
1307 1593 1719 1664 subjiciuntur,
1754 1607 2092 1648 communes

455 1689 664 1744 animm
695 1685 1040 1757 corporique
1070 1689 1225 1741 sunt.

523 1779 734 1832 Beatus
765 1791 992 1846 quoque
1026 1775 1331 1847 Nysscuus
1357 1773 1453 1828 ille
1491 1771 1800 1845 Gregorius
1857 1770 1909 1826 ei
1967 1769 2091 1826 ani-

449 1885 556 1922 mae
587 1865 870 1934 facultati,
925 1881 1042 1936 qua
1089 1864 1487 1928 recordamur,

445 1963 729 2028 tanquam
761 1953 1022 2026 sigillum
1047 1969 1190 2008 cerae
1221 1953 1594 2024 impressum,
1641 1950 1922 2005 inhaerere
1955 1952 2085 2020 post

448 2051 692 2102 mortem
729 2050 933 2100 auctor
963 2047 1072 2112 est,
1106 2041 1321 2096 idcirco
1355 2041 1529 2095 etiam
1588 2040 1748 2094 dives
1810 2039 2082 2093 Lazarum

448 2134 770 2203 cognoscit,
795 2137 850 2188 et
879 2133 937 2188 id
971 2129 1208 2202 quidem
1243 2131 1461 2186 merito.
1499 2130 1646 2184 Nam
1697 2128 1746 2184 si
1806 2127 1994 2184 brutis
2026 2125 2084 2182 in

451 2223 1070 2293 animantibus,tantas
1090 2223 1298 2275 natura
1322 2219 1473 2274 vires
1495 2235 1632 2274 suas
1655 2233 1784 2275 esse
1810 2218 2084 2290 ostendit,

451 2321 514 2371 ut
545 2313 774 2388 agnella
803 2329 1004 2368 recens
1029 2317 1166 2367 nata
1209 2310 1423 2366 multos
1473 2310 1646 2366 alieni
1696 2309 1863 2366 lactis
1902 2310 2089 2365 fontes

455 2409 776 2477 prmtereat,
812 2404 950 2458 dum
977 2403 1048 2458 ad
1113 2402 1316 2457 matris
1361 2401 1537 2456 ubera
1576 2400 1913 2473 parveniat:
1975 2417 2089 2456 non

453 2493 905 2566 poteritnalurae
937 2491 1210 2548 Conditor
1241 2491 1415 2562 hujus
1474 2489 1742 2546 miraculi
1805 2507 2088 2562 praeroga-

453 2583 630 2640 tivam
683 2583 904 2638 ratione
961 2581 1222 2654 praeditis
1281 2581 1681 2638 animantibus
1754 2581 2089 2650 concedere,

451 2674 772 2746 animeeque
823 2677 878 2729 et
927 2671 1150 2744 corpori
1211 2671 1564 2745 conjugibus
1607 2670 1716 2727 hoc
1773 2669 1994 2743 largiri,
2028 2675 2093 2726 ut

447 2767 802 2819 concurrant
829 2767 886 2818 et
916 2762 1366 2833 conjungantur.

1081 2871 1238 2926 CAP.
1270 2869 1459 2926 LXIII.

444 2967 572 3036 +De
597 2967 795 3021 mente.
830 2963 1213 3043 lntelligentz'a_
1267 2958 1536 3088 qpomodo
1591 2959 1792 3015 animm
1821 2963 1874 3014 et
1917 2959 2093 3014 menti

1191 3050 1302 3088 um
1331 3074 1344 3086 .

1191 3050 1344 3088 ῑηειι.

511 3141 916 3214 Ιηῐθηὶεςθηιίω
946 3140 1182 3211 quidem
1239 3155 1422 3210 capax
1461 3137 1660 3194 anima
1703 3141 1812 3206 est,
1873 3135 2086 3192 intelli-

1577 1863 1747 1934 signa
1822 1859 2105 1948 corporis,
2138 1871 2185 1938 Β

2208 596 2358 651 bona
2391 597 2886 668 praestanda,qu:s
2921 595 3098 650 menti
3141 611 3209 649 ex
3266 595 3459 653 ofﬁcio
3507 600 3852 658 conveniunt

2207 685 2369 741 Mens
2399 690 2592 741 autem
2624 683 2951 740 essentialis
2987 682 3202 754 duplex
3260 691 3370 754 est,
3447 704 3562 742 una
3592 689 3846 760 quidem.

2209 791 2335 846 qua
2367 773 2784 830 communicari
2819 790 2930 828 non
2965 777 3175 843 potest,
3209 771 3392 830 altera
3446 794 3577 848 quae
3635 783 3852 850 potest:

2209 880 2339 934 quae
2369 863 2604 935 quidem
2631 861 3000 933 particularis
3019 860 3298 932 appellari
3331 863 3510 932 solet.

2279 953 2410 1008 Haec
2459 969 2630 1024 porro
2677 968 2842 1008 mens
2881 951 3214 1007 communis
3288 957 3348 1007 et
3403 954 3628 1026 privata
3693 958 3848 1015 nobis

2207 1045 2396 1100 inest:
2423 1043 3032 1115 communisquidem,
3071 1047 3354 1114 tanquam
3381 1061 3496 1100 una
3527 1051 3586 1101 et
3633 1048 3842 1104 indivi-

2206 1134 2342 1202 dua,
2402 1134 2625 1205 privata
2685 1149 2818 1188 vero
2873 1139 3160 1204 quatenus
3214 1137 3336 1188 tota
3393 1134 3638 1207 singulis
3693 1139 3848 1198 inest.

2205 1230 2395 1298 Atque
2437 1223 2722 1279 animales
2753 1224 2990 1294 quidem
3026 1223 3223 1278 formae
3245 1225 3556 1280 essentiam
3593 1232 3848 1285 nostram

2203 1315 2538 1386 complent:
2599 1312 2886 1369 mentales
2929 1329 3063 1368 vero
3123 1312 3534 1383 perfectionem
3605 1317 3776 1372 nobis
3803 1325 3854 1373 et

2203 1411 2471 1462 ornatum
2543 1405 2841 1460 afferunt:
2905 1403 3046 1474 quin
3095 1407 3151 1458 et
3239 1402 3527 1458 mentales
3613 1407 3844 1476 quidem

2202 1497 2526 1566 conjunctae
2551 1491 3005 1558 eunt,animales
3019 1507 3151 1546 vero
3173 1490 3518 1547 divisionem
3537 1493 3850 1565 recipiunt.

2201 1589 2486 1643 Caeterum
2500 1583 2554 1637 vi
2569 1584 2696 1654 ejus
2717 1585 3089 1652 naturaequae
3115 1579 3516 1652 intelligentiae
3551 1585 3850 1658 particeps

2203 1680 2313 1747 est,
2349 1681 2499 1730 Deus
2529 1672 3005 1744 nobis,tanquam
3031 1673 3232 1745 auriga
3255 1672 3449 1729 currui
3479 1675 3848 1744 suo,insidet.

2843 1779 3203 1851 CApgrxv.

2394 1875 2432 1942 -ι-
2467 1877 2542 1928 De
2573 1870 2868 1927 virtutibus
2891 1877 2944 1925 et
2973 1885 3156 1926 eorum
3215 1869 3438 1941 triplici
3463 1871 3676 1927 ordine.

2285 1962 2414 2018 Jam
2435 1977 2590 2028 vero,
2625 1961 2759 2030 quia
2788 1960 3032 2016 virtutes
3075 1961 3146 2014 ad
3195 1963 3450 2015 mentem
3501 1965 3558 2017 et
3597 1962 3850 2020 animam

2194 2050 2540 2116 referuntur,
2569 2050 2636 2104 de
2664 2050 2734 2104 iis
2759 2065 2944 2122 pauca
2966 2049 3141 2105 etiam
3173 2050 3480 2105 tractanda
3513 2057 3674 2107 sunt.

2267 2140 2558 2194 Virtutum
2593 2138 2802 2212 triplex
2833 2143 2917 2194 est
2947 2138 3107 2194 ordo.
3156 2137 3285 2193 Aliae
3339 2139 3496 2193 enim
3531 2139 3846 2212 hominem,

2197 2229 2304 2285 hoc
2335 2233 2424 2284 est
2453 2230 2710 2284 animam
2743 2244 2874 2283 cum
2907 2244 3146 2298 corpore
3185 2231 3414 2284 ornant.
3457 2227 3598 2284 Aliae
3659 2248 3692 2286 a
3723 2249 3842 2288 cor-

2200 2319 2608 2391 poreanimam
2652 2321 2924 2390 purgant,
2985 2322 3041 2372 et
3093 2317 3162 2372 ad
3215 2317 3475 2390 seipsam
3539 2327 3840 2388 revocant,

2202 2425 2326 2482 qua:
2359 2408 2590 2480 quidem
2655 2407 2973 2480 purgativae
3013 2407 3308 2462 dicuntur.
3371 2406 3502 2462 Aliae
3591 2409 3843 2466 animam

2203 2499 2451 2571 perfecte
2487 2503 2795 2570 purgatam
2821 2499 2875 2553 in
2895 2513 3088 2552 rerum
3141 2513 3268 2568 quae
3321 2495 3619 2554 intellectu
3671 2503 3850 2572 perci-

2202 2589 2448 2662 piuntur
2493 2585 2986 2658 contemplatione
3044 2593 3364 2654 excercent,
3415 2603 3546 2658 quae
3603 2590 3837 2661 quidem

2201 2676 2664 2749 contemplativa:
2724 2680 2898 2749 atque
2947 2673 3376 2731 intellectuales
3452 2677 3846 2749 appellantur.

2199 2769 2269 2823 Et
2299 2767 2410 2823 alia
2431 2766 2668 2836 quidem
2694 2763 2944 2834 Dci,alia
2966 2764 3178 2838 angeli,
3214 2765 3328 2820 alia
3371 2765 3632 2822 hominis
3657 2769 3846 2826 virtus

2199 2855 2820 2920 est.Quemadmodum
2854 2853 3010 2909 enim
3041 2854 3382 2920 variae,sunt
3413 2871 3618 2910 eorum
3651 2873 3846 2914 essen-

2199 2947 2312 3014 tiae,
2347 2947 2430 3001 ita
2495 2949 2552 3001 et
2601 2946 2846 3000 virtutes
2896 2945 3086 3001 variae.
3134 2947 3319 3016 Atque
3359 2945 3553 3000 anima
3609 2948 3844 3018 quidem

2201 3037 2432 3110 prOprie
2465 3034 2828 3089 rationabilis
2859 3039 2962 3100 est,
2998 3037 3053 3089 et
3080 3033 3314 3090 dicitur.
3361 3034 3525 3090 Mens
3568 3041 3759 3092 auten:
3787 3039 3838 3091 id

2201 3127 2351 3200 quod
2388 3125 2597 3180 animae
2649 3131 2864 3196 praeest.
2934 3122 3294 3178 Rationalem
3355 3139 3522 3194 porro
3582 3125 3826 3180 animam

441 3233 647 3306 gentiae
671 3213 850 3300 capax
883 3229 1012 3299 ipsa
1042 3244 1274 3298 quoque
1309 3244 1512 3282 mens:
1561 3227 1680 3282 huic
1726 3225 1961 3298 quidem
2017 3243 2084 3280 ex
2124 3219 2166 3287 C
2195 3215 2554 3272 irrationalis
2586 3213 3120 3284 anima,ipsumque
3163 3213 3374 3268 animae
3403 3213 3624 3284 {idolum
3670 3215 3816 3267 sub-

441 3317 837 3384 suiessentia,
869 3317 969 3372 illa
1003 3333 1132 3372 vero
1177 3315 1644 3388 participatione.
1706 3316 1869 3370 Mens
1927 3316 2079 3370 enim

437 3409 544 3464 hoc
577 3405 882 3480 privilegio
909 3405 1124 3462 donata
1145 3408 1256 3470 est,
1305 3407 1366 3458 ut
1398 3407 1454 3460 et
1504 3403 1900 3476 intelligentiae
1949 3421 2080 3476 par-

437 3498 643 3568 ticeps,
673 3499 730 3550 et
761 3511 926 3550 mens
961 3494 1057 3562 sit,
1083 3493 1236 3564 quod
1271 3509 1453 3548 unum
1480 3499 1535 3548 et
1555 3493 1708 3548 idem
1741 3497 1845 3548 est.
1870 3493 2082 3550 Anima

436 3603 570 3644 vero
592 3584 996 3658 intelligentiae
1047 3601 1230 3656 capax
1279 3584 1350 3640 ad
1393 3588 1650 3640 mentem
1711 3583 1964 3654 respicit,
2025 3588 2082 3640 et

437 3673 970 3750 quasisecundario
1003 3671 1300 3729 intellectu
1325 3672 1566 3745 praedita
1597 3676 1702 3743 est,
1738 3674 1838 3744 qui
1897 3674 2079 3728 menti

434 3766 756 3838 primarius
770 3773 876 3832 est,
901 3767 1076 3837 atque
1105 3764 1246 3820 adeo
1278 3779 1346 3820 ex
1389 3764 1606 3820 mentis
1634 3763 2079 3836 participatione

435 3854 830 3928 intelligentiae
851 3871 1032 3926 capax
1053 3870 1180 3911 esse
1237 3853 1480 3922 dicetur,
1525 3854 1679 3924 quod
1731 3852 2079 3910 beneﬁcium

431 3961 498 4001 ex
521 3963 628 4000 sua
657 3944 913 4001 essentia
945 3959 1111 4000 mens
1163 3943 1357 4000 habet.
1417 3944 1618 4015 Itaque
1673 3943 2073 4015 intelligentiae

431 4051 611 4106 capax
667 4041 752 4088 est
810 4033 1030 4102 anima,
1093 4033 1308 4089 mentis
1389 4031 1849 4104 participatione.
1933 4033 2076 4088 Cum

434 4125 591 4179 enim
653 4123 851 4178 anima
909 4121 1202 4195 intelligit,
1249 4127 1305 4178 et
1355 4139 1516 4178 tuens
1577 4121 1634 4176 in
1719 4121 1888 4178 nobis
1937 4138 2075 4192 ope-

435 4217 618 4278 ratur,
675 4217 815 4268 tunc
869 4213 1104 4268 demum
1161 4214 1356 4268 anima
1437 4211 1836 4280 intelligentiae
1894 4227 2076 4284 capax

431 4301 797 4372 etparticeps
855 4301 1128 4356 efﬁcitur.
1185 4302 1408 4358 Animae
1454 4305 1650 4356 autem
1721 4305 1931 4356 nostra;
1977 4299 2074 4356 illa

430 4389 754 4463 singularis
786 4407 950 4447 mens
977 4395 1204 4462 praeest,
1237 4407 1364 4462 quae
1409 4407 1542 4462 pars
1601 4406 1830 4460 quoque
1889 4391 2074 4445 nostri

429 4481 878 4551 dicitur:cujus
923 4480 1200 4536 nimirum
1249 4496 1355 4536 nos
1437 4479 1704 4550 privatim
1765 4479 2072 4551 participes

2193 3304 2479 3376 sequitur.
2511 3303 2638 3358 Jam
2675 3318 2774 3374 per
2806 3317 3007 3357 omnes
3025 3301 3362 3373 angelorum
3389 3303 3602 3358 ordines
3631 3301 3820 3358 virtus

2193 3393 2554 3460 diffunditur,
2579 3409 2704 3464 quae
2727 3389 2832 3444 ἀπὸ
2885 3391 2993 3443 τῶν
3049 3391 3353 3462 Seraphim
3409 3390 3627 3463 incipit.
3676 3393 3832 3448 Deus

2191 3489 2390 3540 autem
2423 3499 2604 3554 supra
2631 3480 2927 3545 virtutem,
2963 3496 3140 3536 omne
3184 3481 3424 3550 bonum,
3485 3497 3833 3554 omnemque

2190 3572 2604 3646 perfectionem
2638 3569 3054 3642 supereminet.

2807 3687 2960 3744 CAP.
3041 3689 3226 3746 LXVI.

2365 3783 2500 3836 Item
2531 3779 2594 3835 de
2619 3779 2920 3834 virtutibus
2943 3787 2996 3834 et
3025 3795 3124 3834 sese
3153 3779 3420 3848 gradibus
3466 3797 3666 3836 earum

2303 3848 2996 3928 φυσική.ἡθικὴ.πολίτικὴ
3055 3851 3364 3925 θεωρητικὴ
3415 3854 3738 3928 θεουργικῆ.

2256 3951 2551 4006 Virtutum
2585 3951 2798 4021 gradus
2829 3965 2928 4005 sex
2959 3965 3086 4006 esse
3109 3949 3652 4021 perhibentur.Alia
3681 3952 3842 4007 enim

2185 4041 2370 4096 virtus
2405 4036 2689 4094 naturalis
2721 4041 2832 4104 est,
2865 4053 2990 4108 qum
3025 4038 3338 4108 quidemiu
3399 4039 3540 4094 feris
3595 4056 3842 4112 quoque

2185 4127 2660 4200 deprehenditur.
2715 4125 2843 4181 Alia
2900 4126 3161 4193 moralis,
3239 4143 3356 4200 qua
3421 4127 3844 4198 imperitorum

2187 4233 2420 4290 quoque
2451 4213 2716 4272 nonnulli
2763 4215 2986 4286 przsditi
3037 4221 3196 4272 sunt.
3257 4215 3387 4272 Alia
3443 4217 3660 4284 civilis,
3709 4235 3844 4291 qua

2185 4307 2411 4362 ratione
2443 4309 2501 4360 et
2533 4305 2846 4378 prudentia
2869 4303 3292 4377 rempublicam
3327 4307 3690 4362 moderatur.
3717 4309 3850 4363 Alis.

2185 4395 2650 4468 purgativa,quec
2681 4394 2979 4450 hominem
3000 4395 3072 4450 ab
3091 4395 3252 4449 omni
3287 4395 3654 4452 affectionem
3695 4405 3847 4470 pert-

2184 4485 2586 4541 turbationeve
2609 4483 2976 4556 purgat.Alia
3006 4484 3476 4556 contemplativa,
3507 4504 3650 4557 ,quae
3687 4505 3850 4542 men-

427 4589 658 4629 sumus.
691 4571 977 4627 Continuo
1009 4570 1162 4627 enim
1187 4570 1258 4624 ad
1283 4567 1444 4624 illam
1477 4569 1872 4638 ascendimus,
1907 4569 2065 4640 ejus-
2093 4591 2142 4656 D
2171 4591 2290 4648 tem
2322 4572 2781 4643 contemplatur.
2815 4572 2941 4628 Alia
2989 4572 3846 4644 deiﬁcativa,queediviniorem

428 4679 539 4734 que
571 4662 849 4718 beneﬁcio
880 4662 949 4716 ad
973 4660 1302 4716 universam
1337 4661 1590 4714 mentem
1648 4658 2064 4729 convertimur,

427 4752 560 4808 etin
591 4767 657 4809 ea
681 4753 911 4808 tandem
935 4749 1288 4820 perﬁcimur.

1064 4859 1213 4916 CAP.
1237 4855 1423 4912 LXIV.

427 4967 559 5036 JrDe
587 4976 764 5022 mente
810 4979 862 5024 et
915 4967 1124 5031 anima,
1157 4971 1208 5022 et
1259 4967 1546 5037 utriusque
1594 4964 1789 5035 [armis
1843 4981 2066 5020 earum-

1005 5056 1108 5112 que
1149 5039 1485 5112 diﬁerentis.

498 5141 737 5196 Formas
771 5143 998 5200 duobus
1019 5145 1210 5201 modis
1225 5144 1596 5212 habemus,in
1615 5142 1806 5199 anima
1827 5142 2066 5214 quidem

424 5231 592 5302 quasi
627 5231 1026 5304 subvolantes,
1061 5235 1350 5308 quasique
1377 5239 1722 5306 separatas;
1774 5234 1831 5288 in
1875 5239 2068 5288 mente

421 5335 556 5374 vero
579 5317 756 5374 simul
787 5337 1011 5376 omnes.

499 5407 696 5462 Mense
721 5413 912 5463 autem
947 5409 1060 5465 alia
1089 5417 1178 5467 est
1211 5413 1805 5485 participatione,qum
1850 5412 2064 5467 rectius

425 5490 704 5565 ἔλλαμψις
733 5496 912 5570 νοερά,
971 5515 1072 5552 seu
1123 5499 1473 5556 illuminatio
1509 5499 1920 5556 intellectualis
1970 5517 2063 5572 ap-

424 5581 693 5654 pellatur,
739 5585 856 5642 alia
891 5602 1025 5640 vero
1056 5588 1538 5645 essentialis.Jam
1589 5606 1752 5645 mens
1779 5607 1910 5662 qua-
1939 5607 2066 5662 par—

423 5671 762 5744 ticipatione
795 5676 1046 5740 constat,
1077 5691 1145 5730 ea
1174 5674 1256 5728 est
1288 5691 1414 5745 qum
1443 5677 1650 5734 animis
1675 5679 2064 5736 communica-

2176 4662 2384 4719 animm
2447 4665 2656 4717 nostrae
2725 4663 2946 4732 partem
3027 4661 3260 4730 excitat,
3332 4678 3468 4717 cum
3539 4663 3670 4733 ipso
3729 4665 3846 4718 Deo

2174 4750 2498 4824 conjungit,
2533 4755 2706 4822 atque
2765 4749 3025 4806 divinum
3071 4749 3327 4806 favorem
3365 4751 3662 4808 immittit.
3693 4751 3850 4808 Sunt

2174 4859 2307 4899 vero
2355 4840 2480 4896 aliis
2533 4855 2767 4911 quoque
2816 4839 2908 4894 his
2969 4840 3302 4911 superiores
3362 4839 3632 4898 virtutes.
3699 4841 3844 4898 Alia

2176 4931 2412 5003 quidem
2437 4937 2716 4999 tanquam
2753 4927 3114 4998 reliquarum
3173 4929 3456 4986 virtutum
3509 4930 3844 5003 exemplar,

2179 5019 2306 5076 alias
2335 5017 2652 5074 essentiam
2677 5032 2911 5072 omnem
2945 5017 3368 5074 transcendunt
3395 5033 3408 5074 :
3445 5019 3844 5090 quaquidem

2178 5125 2292 5165 non
2316 5111 2454 5163 sunt
2474 5105 3321 5176 accidentia,quemadmodum
3343 5112 3562 5162 caeteras
3587 5106 3844 5162 virtutes

2178 5197 2346 5254 nobis
2380 5195 2674 5255 accidere.
2709 5195 2940 5251 solent:
2989 5195 3088 5252 sed
3147 5193 3598 5266 intellectuales,
3659 5201 3848 5268 atque

2176 5287 2700 5364 superessentiales
2731 5287 3018 5344 assentire.

2781 5409 2938 5462 CAP.
3017 5403 3226 5460 LXVII.

2285 5499 2368 5552 De
2389 5494 2686 5552 virtutibus
2714 5493 2914 5565 quibus
2971 5493 3128 5550 homo
3182 5497 3456 5564 perfectus
3518 5495 3728 5550 evadit.

2243 5587 2383 5643 Tres
2407 5587 2548 5642 sunt
2575 5582 2820 5639 virtutes
2851 5582 3064 5653 quibus
3085 5582 3257 5638 homo
3291 5582 3594 5654 perfectus
3623 5583 3858 5640 evadit:

2171 5674 2474 5740 sanctitas,
2545 5687 2677 5745 quas
2731 5672 2804 5728 ad
2869 5674 3047 5729 Deum
3109 5672 3426 5730 ascendere
3507 5673 3866 5738 contendit,
