4090 6298
275 423 428 483 1193

1621 425 2021 488 THESAURI
2069 428 2216 488 LIB.
2267 433 2345 491 II.

3519 451 3674 510 1194

275 556 441 627 quasi
464 553 714 609 hominis
732 555 908 609 vitam
933 556 1042 609 Deo
1064 571 1415 612 consecrans
1439 555 1912 626 :alterajustitia,
1946 561 1996 626 Α
2032 559 2196 630 psit?
2227 566 2323 620 sed
2369 567 2640 637 praeclare
2698 571 2998 626 nobiscum
3036 578 3260 644 agatur,
3296 576 3344 631 si
3377 594 3481 633 nos
3511 579 3673 651 ipsos

274 662 396 715 qtlt‘B
429 645 601 698 rebus
640 644 985 699 necessariis
1019 644 1316 715 providet;
1380 645 1548 700 tertia
1611 645 1919 714 prudentia

274 751 396 804 qua:
447 735 616 787 nobis
675 733 819 803 ipsis
877 732 1053 788 vitam
1115 733 1513 805 intelligentia:
1576 735 1916 806 perticipem

274 824 708 878 accommodare
763 824 977 877 studet.
1038 822 1181 877 Nam
1251 825 1533 878 sancitate
1607 841 1739 877 cum
1801 839 1916 878 uno

274 919 443 983 atque
503 929 635 966 cum
698 911 811 966 Deo
875 913 1286 984 conjungitur:
1349 913 1574 982 iustitia
1633 929 1767 968 vero
1843 912 1916 966 iis

273 1002 664 1072 providemus,
685 1017 815 1070 quas
844 1000 1116 1056 inferiora
1148 1005 1315 1056 sunt:
1339 1001 1647 1072 prudentia
1668 1000 1915 1070 denique

271 1091 572 1145 scientiam
616 1089 966 1144 ineffabilem
1023 1091 1448 1160 consequimur.
1481 1095 1609 1144 Jam
1674 1090 1913 1144 moralis

271 1182 449 1234 virtus
481 1197 512 1233 ει
536 1179 846 1250 prudentia
868 1180 1158 1233 exoritur:
1187 1195 1290 1234 nec
1324 1179 1680 1245 actione,sed
1715 1194 1910 1233 rerum

272 1285 374 1322 usu
409 1273 799 1338 comparatur.
838 1267 912 1322 Ea
961 1283 1130 1338 porro
1182 1268 1414 1322 virtutis
1475 1267 1750 1322 divinitas
1796 1272 1908 1335 est,

272 1363 330 1410 ut
372 1357 570 1411 omnia
622 1373 744 1426 quae
799 1361 937 1410 sunt
998 1357 1054 1411 in
1113 1373 1308 1411 rerum
1366 1362 1575 1411 natura
1630 1361 1906 1426 permeet.

272 1453 364 1501 le
394 1447 549 1500 enim
583 1444 1521 1516 supercmlestis,snpermuudana
1539 1451 1595 1500 et
1615 1445 1911 1499 mundana

269 1538 469 1590 virtus.
532 1535 674 1588 Item
735 1534 1171 1599 intellectualis,
1208 1535 1500 1599 animalis,
1545 1535 1806 1606 angelica
1856 1538 1910 1588 et

271 1626 541 1680 humana.

338 1716 432 1769 Est
462 1731 592 1769 vero
635 1714 947 1768 virtutibus
982 1731 1119 1768 suus
1151 1714 1318 1784 quasi
1356 1714 1501 1778 fons,
1554 1715 1724 1780 cujus
1781 1717 1904 1767 tum

270 1805 499 1858 demum
537 1803 844 1872 participes
876 1802 1182 1870 efficimur,
1210 1819 1339 1856 cum
1375 1802 1709 1872 particulari
1744 1800 1908 1854 intel-

2024 648 2338 708 virtutibus
2372 655 2641 712 civilibus
2674 674 2953 716 exornare
2977 663 3294 732 possimus.

2671 776 2824 830 CAP.
2859 777 3019 831 LXX.

2611 885 2744 937 Item
2776 884 2839 937 de
2876 888 3086 940 anima.

2094 992 2299 1048 Anima
2354 995 2654 1052 rationalis
2690 1003 2778 1052 est
2820 1003 3071 1055 essentia
3131 1003 3343 1070 tenuis,
3406 1008 3661 1062 materiai

2020 1084 2076 1134 et
2101 1081 2295 1136 formae
2319 1099 2545 1154 expers,
2578 1093 2748 1156 typus
2779 1094 2834 1141 et
2868 1088 3060 1160 imago
3097 1091 3212 1146 Dei.
3250 1093 3460 1149 Anima
3494 1113 3665 1164 porro

2020 1186 2052 1254 a
2130 1171 2346 1225 Graecis
2415 1173 2567 1244 ψυχὴ
2643 1175 2859 1230 dicitur
2925 1173 3016 1230 διὰ
3116 1178 3178 1231 τὸ
3264 1179 3480 1254 ψύχειν,
3541 1181 3664 1251 ἤτοι

2019 1252 2105 1309 διὰ
2134 1263 2233 1325 τῆς
2267 1259 2465 1320 οἰκείας
2506 1259 2770 1336 ἐνεργείας
2800 1269 3093 1332 ζωοποιεῖν
3134 1267 3195 1321 τὸ
3231 1273 3413 1341 σῶμα,
3449 1273 3554 1327 hoc
3584 1279 3672 1329 est

2020 1356 2323 1420 propterea
2373 1356 2522 1424 quod
2558 1371 2772 1425 corpus
2825 1358 3145 1428 refrigeret,
3201 1361 3544 1430 propriaque
3584 1381 3672 1419 ac-

2019 1438 2175 1493 tione
2208 1440 2475 1497 viviﬁcet.
2512 1442 2722 1497 Anima
2748 1445 3050 1500 rationalis
3115 1457 3200 1502 est
3253 1451 3484 1505 materia
3540 1468 3672 1507 con-

2017 1531 2180 1582 stans
2205 1530 2375 1598 actio,
2413 1549 2540 1602 quas
2573 1533 2813 1601 spiritus
2845 1534 3125 1590 beneﬁcio
3154 1538 3426 1608 sanguini
3466 1541 3669 1607 vitam,

2013 1617 2287 1684 calorem,
2345 1624 2402 1673 et
2443 1625 2661 1675 motum
2706 1623 3052 1692 suppeditat.
3101 1624 3230 1679 Vita
3287 1637 3480 1681 autem
3540 1629 3668 1683 ani-

2015 1706 2188 1760 malis
2217 1713 2306 1760 est.
2364 1708 2613 1764 facultas
2647 1711 2966 1766 materialis
3027 1717 3216 1768 activa
3247 1721 3302 1769 et
3360 1717 3665 1783 sensitiva,

2013 1811 2130 1864 qua
2153 1812 2364 1865 corpus
2412 1803 2658 1852 constat.
2698 1799 2860 1855 Mens
2913 1802 3216 1858 rationalis
3274 1821 3484 1859 sensus
3548 1806 3662 1870 ille,

268 1893 506 1965 ligentia
535 1891 774 1963 longum
797 1891 1187 1961 valerejussa,
1213 1891 1632 1962 perfectissime
1661 1891 1905 1945 virtutes
1938 1921 1985 1984 Β
2016 1901 2130 1954 quo
2163 1886 2416 1941 animam
2448 1888 2838 1984 immortalem
2885 1896 2940 1944 et
2971 1891 3373 1964 intelligentiae
3421 1895 3661 1964 partici-

267 1999 466 2038 omnes
497 1981 890 2052 exsequimur.

873 2107 1024 2162 CAP.
1060 2107 1302 2162 LXVIII.

273 2233 340 2286 De
414 2231 727 2295 virtutibus,
782 2238 831 2285 et
906 2245 1106 2318 eorum
1157 2229 1363 2298 ﬁnibus
1419 2227 1809 2303 μετριοπάθεια
1861 2235 1913 2283 ει

977 2311 1203 2361 ἀπάθεια

341 2400 608 2456 Civilium
642 2399 875 2470 quidem
904 2401 1318 2465 virtutum,seu
1338 2397 1623 2452 exteriora
1651 2397 1912 2452 hominis

276 2490 681 2544 exornantium
718 2485 1130 2560 μετριοπάθεια,
1153 2503 1254 2541 seu
1289 2486 1654 2541 afl‘ectionum
1684 2486 1912 2552 modus,

275 2580 406 2634 finis
429 2583 536 2641 est,
571 2595 698 2649 quae
752 2575 988 2648 quidem
1052 2579 1120 2630 ad
1181 2576 1500 2631 humanam
1554 2577 1909 2640 societatem,

276 2686 400 2741 quae
433 2686 465 2722 a
523 2669 737 2722 damno
786 2665 994 2720 vicinis
1039 2665 1340 2719 inferendo
1389 2669 1568 2732 cavet,
1632 2669 1914 2735 tanquam

276 2759 344 2814 ad
370 2773 608 2828 scopum
640 2755 1042 2826 respicientes,
1076 2771 1108 2808 a
1134 2753 1578 2822 congregatione
1597 2759 1918 2824 mutuaque

277 2845 674 2901 benevolentia
703 2843 902 2899 civiles
934 2841 1687 2913 dicuntur.Purgativarum
1722 2846 1916 2896 autem

279 2937 556 2988 virtutum
593 2934 722 2987 finis
753 2931 1031 2999 ἀπάθειαη
1065 2949 1164 2986 seu
1199 2930 1617 3002 impatibilitas.
1653 2932 1918 2984 Contem-

282 3023 629 3094 plativarum
666 3038 834 3094 porro
866 3022 963 3076 Dei
1008 3020 1370 3076 assimilatio.
1405 3021 1591 3090 Alque
1622 3019 1736 3074 alio
1793 3019 1918 3090 qui-

282 3113 411 3167 dem
460 3112 631 3165 modo
675 3109 1082 3181 temperantia,
1133 3109 1461 3181 prudentia,
1517 3109 1818 3174 fortitudo,
1865 3111 1923 3162 et

273 3200 508 3272 justitia
547 3200 605 3254 in
653 3199 968 3254 virtutibus
1021 3197 1312 3267 civilibus,
1342 3198 1453 3252 alio
1485 3199 1542 3251 in
1578 3197 1920 3268 purgativis,

283 3291 392 3346 alio
407 3289 654 3360 denique
671 3288 726 3342 in
743 3292 970 3343 contem
983 3287 1209 3359 plativis
1230 3287 1913 3342 considerantur.Rerum

282 3380 435 3436 enim
457 3379 855 3447 subjectarum
881 3376 1348 3444 modi,virtutum
1373 3392 1601 3445 quoque
1625 3377 1924 3430 facultates

284 3468 681 3522 nominantur.
716 3466 780 3520 Et
813 3465 912 3536 qui
943 3465 1266 3536 majoribus
1299 3466 1573 3534 praeditus
1626 3474 1710 3518 est
1743 3465 1921 3518 virtu-

284 3559 464 3622 tibus,
499 3557 652 3610 idem
695 3562 747 3608 et
809 3555 1130 3609 minoribus
1175 3555 1451 3624 praeditus
1496 3559 1603 3608 est.
1655 3553 1760 3616 Qui
1794 3569 1926 3607 vero

287 3647 614 3701 minoribus
645 3644 982 3709 caret,idem
1017 3644 1337 3712 majoribus
1371 3658 1600 3714 quoque
1631 3640 1926 3710 caret,nisi

289 3736 359 3790 ad
391 3734 520 3790 illas
553 3734 904 3804 proficiendo
935 3732 1232 3788 ascendat.

926 3856 1073 3911 CAP.
1105 3856 1288 3912 LXIX.

365 3989 435 4041 De
462 3985 783 4042 virtutibus.
821 3988 926 4041 Deo
957 3985 1167 4039 similes
1223 3986 1396 4040 variis
1421 3984 1595 4039 modis
1622 3981 1928 4053 efﬁcimur.

367 4111 492 4166 Non
524 4129 640 4166 una
670 4113 988 4178 eademque
1022 4125 1262 4164 numero
1314 4109 1412 4164 Dei
1445 4107 1765 4163 similitudo
1824 4112 1932 4176 est,

299 4199 416 4253 imo
466 4201 700 4256 diversae
734 4205 892 4254 sunt.
928 4198 1016 4253 Illi
1064 4199 1219 4252 enim
1281 4198 1500 4252 similes
1529 4196 1831 4251 evadimus
1878 4201 1933 4250 et

300 4289 550 4343 civilium
610 4288 891 4344 beneficio
923 4289 1224 4353 virtutum,
1260 4288 1360 4340 sed
1421 4286 1728 4340 obscurius
1759 4290 1936 4354 atque

299 4375 1192 4446 tenebricosius.Purgativarum
1218 4389 1447 4444 quoque
1472 4373 1748 4427 beneticio
1780 4373 1939 4426 simi-

309 4464 398 4519 les
429 4465 514 4518 illi
568 4465 878 4529 efflcimur,
921 4463 1020 4517 sed
1080 4461 1434 4533 expressius.
1464 4460 1938 4532 Contemplativaa

295 4552 535 4623 insuper
565 4570 672 4607 nos
702 4553 752 4608 ei
786 4553 1011 4607 similes
1041 4551 1320 4616 efﬁciunt,
1355 4552 1453 4605 sed
1491 4550 1662 4604 etiam
1700 4549 1936 4605 clarius.

2020 1989 2150 2043 pem
2211 1975 2695 2047 contemplamur.
2749 1981 2913 2043 Item,
2969 1997 3129 2035 mens
3185 1987 3273 2036 est
3322 1983 3663 2053 incorporea

2018 2063 2191 2130 visio,
2224 2081 2350 2134 quae
2382 2065 2529 2119 citra
2559 2064 2816 2122 laborem
2836 2069 3031 2124 omnia
3063 2086 3192 2140 quas
3225 2080 3361 2125 sunt
3382 2071 3440 2125 in
3467 2089 3662 2127 rerum

2021 2158 2229 2207 natura
2260 2153 2557 2209 discurrit.

2641 2247 2792 2301 CAP.
2844 2247 3036 2302 LXXI.

2026 2361 2105 2412 De
2134 2358 2803 2435 animarum_in_corpora
2843 2363 3243 2417 insinuatione.
3291 2364 3665 2435 Philosophiae

2343 2429 2690 2498 difﬁcillima
2716 2447 2944 2503 quaeque
2961 2435 3163 2502 [acilio
3188 2440 3339 2489 sunt.

2101 2544 2314 2600 Modus
2341 2563 2455 2616 quo
2487 2547 2690 2601 animas
2719 2548 2776 2601 in
2809 2564 3049 2618 corpora
3109 2549 3509 2619 insinuantur,
3545 2571 3667 2621 per-

2009 2634 2159 2688 ‘inde
2219 2640 2393 2704 atque
2444 2636 2514 2704 is,
2566 2653 2680 2706 quo
2741 2636 2875 2690 hinc
2943 2639 3157 2691 eaedem
3221 2656 3254 2692 a
3325 2642 3668 2711 corporibus

2028 2721 2434 2777 dissolvuntur
2463 2729 2564 2778 aut
2612 2729 2979 2795 separantur,
3012 2731 3069 2780 et
3117 2727 3524 2798 ambiguitatis
3575 2747 3670 2784 re-

2032 2811 2407 2877 fertissimus,
2436 2817 2491 2867 et
2548 2814 2781 2882 cognitu
2822 2813 3206 2870 difﬁcillimus
3260 2821 3368 2871 est.
3403 2817 3664 2880 Quonam

2027 2900 2180 2954 enim
2213 2901 2383 2955 modo
2416 2901 2604 2971 prima
2636 2902 2735 2956 illa
2755 2901 3174 2958 elementorum
3212 2913 3668 2975 temperamenta

2027 2989 2085 3042 in
2137 2989 2305 3043 nobis
2365 2990 2509 3060 ipsis
2555 2990 2821 3056 coierint,
2867 3008 3035 3047 nemo
3097 2998 3186 3047 est
3242 2996 3533 3062 omnium,
3565 2996 3665 3066 qui

2030 3078 2384 3133 meminerit.
2414 3083 2694 3134 Praeterea
2726 3079 2822 3135 illa
2869 3081 3240 3152 singulorum
3285 3083 3672 3139 animantium

2032 3166 2335 3222 dissolutio
2367 3168 2857 3237 futuris,necdu.'n
2892 3169 3262 3234 factis,rebus
3307 3177 3668 3230 accensetur.

1958 3266 2000 3332 ο
2030 3257 2135 3320 Qui
2174 3258 2292 3312 fieri
2325 3275 2461 3330 ergo
2504 3263 2716 3330 potest,
2752 3263 2811 3314 ut
2859 3276 3059 3315 eorum
3101 3259 3246 3315 ratio
3291 3279 3321 3315 a
3373 3279 3668 3334 quoquam

2032 3349 2329 3416 reddatur,
2384 3367 2632 3421 quorum
2680 3367 2785 3406 nec
2844 3352 3132 3422 meminit,
3183 3369 3288 3408 nec
3349 3355 3673 3424 periculum

2033 3441 2204 3495 fecit?
2232 3439 2447 3495 Verum
2480 3441 2772 3496 enimvero
2805 3441 2941 3513 quia
2974 3442 3118 3496 nihil
3144 3447 3260 3496 tam
3285 3445 3535 3498 arduum
3564 3448 3672 3514 est,

2035 3530 2186 3601 quod
2224 3529 2594 3600 philOSOphia
2617 3531 2877 3600 improbo
2910 3530 3105 3584 labore
3139 3547 3249 3584 non
3284 3531 3530 3596 evincat,
3557 3533 3674 3587 imo

2036 3634 2168 3674 vero
2199 3618 2250 3671 ei
2279 3618 2434 3672 dictu
2473 3617 2664 3672 facilia
2694 3623 2853 3685 sunt,
2887 3634 3012 3688 quae
3046 3617 3192 3672 alias
3234 3618 3556 3673 ineffabilia
3583 3637 3595 3673 :
3621 3625 3678 3675 et

2036 3707 2325 3774 explicato
2362 3705 2658 3773 facillima,
2693 3723 2818 3777 qua:
2868 3705 3136 3760 intricata
3172 3707 3418 3761 maxime
3450 3707 3680 3777 perple-

2037 3809 2223 3864 xaque
2255 3794 2502 3861 videtur,
2553 3794 2768 3847 idcirco
2819 3794 2891 3848 ab
2941 3793 3044 3848 illa
3099 3811 3295 3848 eorum
3347 3795 3418 3850 de
3465 3795 3677 3866 quibus

2038 3881 2345 3938 addubitas
2369 3880 2689 3937 solutiones
2726 3881 2827 3936 tibi
2865 3883 3202 3936 mutuandm
3233 3888 3388 3937 sunt.

2641 3988 2798 4043 CAP.
2844 3988 3070 4044 LXXII.

2042 4097 2287 4163 Quatuor
2306 4095 2578 4165 exemplis
2607 4097 2920 4149 animarum
2954 4097 3010 4149 in
3042 4111 3274 4168 corpora
3305 4098 3684 4154 insinuatione

2666 4167 3079 4221 demonstratur

2116 4277 2416 4350 Itaque(ut
2441 4274 2550 4327 hoc
2584 4273 2771 4342 primo
2793 4274 3196 4344 eXpediamus)
3233 4274 3687 4331 insinuationem

2047 4370 2204 4425 illam
2254 4366 2583 4421 animarum
2614 4361 2673 4415 in
2706 4378 2948 4433 corpora
2995 4378 3131 4418 cave
3182 4380 3521 4433 corpoream
3569 4364 3690 4419 exi-

2046 4460 2252 4514 stimes
2283 4460 2385 4510 aut
2415 4453 2673 4508 animam
2705 4467 2834 4521 quas
2864 4466 3114 4520 superne
3143 4451 3697 4517 dimittitur,neces-

2049 4545 2203 4602 sario
2235 4544 2304 4598 ad
2338 4557 2549 4611 corpus
2572 4538 2876 4610 applicari,
2911 4541 3014 4592 aut
3039 4539 3314 4593 diuturno
3347 4541 3404 4592 in
3441 4537 3498 4591 id
3529 4544 3691 4592 motu

300 4642 655 4697 Deificativis
687 4642 940 4712 denique
971 4641 1278 4696 virtutibus
1337 4645 1452 4695 Deo
1483 4640 1706 4696 similes
1759 4639 1939 4694 efﬁci-
1973 4633 2019 4697 D
2056 4631 2354 4705 inspirari,
2389 4635 2491 4685 aut
2520 4627 2744 4683 inferne
2773 4626 2924 4682 trahi
2961 4625 3295 4698 aepirative,
3319 4635 3416 4680 aut
3465 4642 3534 4679 ex
3564 4642 3696 4680 aere

299 4748 452 4799 mur,
502 4748 602 4802 per
645 4747 792 4802 quas
833 4747 967 4786 vere
1022 4731 1260 4784 demum
1330 4730 1784 4801 praestantiorem
1849 4730 1945 4783 Dei

295 4819 749 4876 similitudinem
773 4819 1557 4890 consequimur.Animarum
1578 4818 1734 4873 enim
1757 4819 1948 4888 expia-

296 4911 400 4975 tio,
436 4914 492 4964 ct
531 4925 731 4962 eorum
785 4925 908 4979 quas
955 4913 1093 4964 sunt
1143 4907 1576 4977 contemplatio,
1638 4923 1751 4962 non
1785 4905 1948 4961 omni

301 5013 370 5052 ex
407 5001 566 5066 parte
592 5001 702 5051 Deo
733 5006 872 5052 sunt
901 4998 1143 5053 similes.

380 5085 481 5139 Ille
517 5084 674 5139 enim
707 5085 1088 5155 expiationem
1122 5103 1351 5141 omnem
1386 5091 1441 5141 et
1499 5085 1951 5157 contemplatio-

302 5191 439 5230 nem
492 5179 821 5243 exsuperat.
854 5175 964 5229 Sed
1027 5175 1272 5231 facultas
1336 5175 1456 5244 illa,
1490 5192 1616 5246 quae
1651 5175 1951 5230 hominem

301 5263 559 5328 deiﬁcat,
597 5262 850 5316 materias
883 5263 1178 5325 subducit,
1214 5269 1388 5336 atque
1415 5267 1487 5319 ab
1521 5265 1824 5319 effectibus
1870 5265 1954 5318 ita

299 5353 532 5420 liberat,
587 5357 652 5405 ut
708 5351 954 5407 alterum
1006 5353 1205 5408 eadem
1268 5354 1629 5408 rleilicatione
1684 5359 1955 5421 praestare

303 5441 648 5513 possit,illa,
671 5441 1354 5513 inquam,perfectissiina
1379 5443 1478 5498 Dei
1503 5443 1827 5497 similitudo
1846 5446 1952 5496 est.

303 5530 402 5583 Ait
429 5532 583 5584 enim
617 5530 770 5586 Deus
802 5531 862 5585 in
896 5531 1220 5602 Evangeliis
1250 5550 1261 5586 :
1297 5533 1401 5598 Qui
1455 5536 1685 5602 separat
1745 5530 1956 5602 pretio-

307 5630 440 5669 sum
475 5616 826 5688 avili,quasi
860 5634 924 5672 os
951 5635 1144 5672 meum
1178 5619 1824 5687 erit.Viden,quomodo
1843 5619 1960 5673 dei-

311 5704 550 5759 licativae
565 5707 762 5763 virtuti
777 5708 1148 5764 verissimam
1171 5708 1270 5763 Dei
1289 5708 1759 5764 similitudimem
1779 5709 1956 5764 ascri-

635 5841 891 5897 PATROL.
941 5837 1049 5895 Gn.
1099 5834 1416 5895 CXXXIX.

2058 4723 2203 4794 rapi,
2262 4724 2363 4774 aut
2413 4734 2511 4788 per
2588 4718 2842 4784 narium,
2894 4715 2979 4769 vel
3036 4715 3314 4786 corporis,
3375 4713 3462 4767 vel
3519 4715 3695 4768 etiam

2059 4814 2308 4868 incertos
2338 4808 2484 4863 alios
2528 4805 2812 4876 quosdam
2848 4809 3101 4869 meatus,
3154 4819 3266 4858 non
3301 4819 3470 4858 secus
3521 4808 3698 4874 atque

2061 4917 2162 4973 per
2191 4897 2478 4970 quasdam
2510 4896 2683 4961 fores,
2719 4894 2943 4964 ingredi
2981 4892 3287 4961 putes.Nec
3312 4889 3408 4947 illa
3441 4891 3699 4950 hominis

2061 4989 2299 5062 agitatio
2330 4983 2547 5040 similia
2577 4983 2871 5038 similibus
2893 4996 3199 5052 aggerens,
3233 4982 3459 5036 animas
3483 4979 3541 5034 in
3575 4997 3701 5036 cor-

2063 5095 2203 5150 pora
2259 5072 2540 5129 detrudit.
2600 5075 2715 5125 Nec
2773 5068 3022 5124 coalestis
3074 5070 3336 5138 inﬂuxio,
3369 5072 3440 5125 ab
3481 5073 3702 5124 oriente

2064 5167 2402 5242 procedens,
2436 5161 2670 5215 easdem
2708 5167 2896 5230 urget,
2929 5159 3150 5215 introve
3181 5159 3376 5230 pellit:
3410 5177 3513 5215 nec
3545 5159 3701 5214 enim

2063 5257 2261 5313 anima
2291 5258 2566 5321 tanquam
2603 5265 2670 5303 ex
2700 5252 3072 5320 aposten‘ate,
3107 5253 3206 5303 aut
3228 5264 3480 5315 secessu,
3519 5263 3708 5318 neque

2066 5344 2428 5409 circuitione,
2459 5354 2646 5408 neque
2685 5355 2743 5391 se
2776 5337 3058 5407 paulatim
3091 5338 3371 5392 movendo
3403 5336 3473 5391 ad
3497 5352 3710 5406 corpus

2067 5431 2328 5506 appellit,
2361 5429 2530 5498 eique
2589 5426 2984 5497 conjungitur.
3019 5426 3123 5480 Sed
3161 5427 3251 5498 (ut
3283 5442 3402 5482 rem
3445 5423 3716 5494 exemplis

2067 5516 2902 5588 illustrem)quemadmodum
2935 5533 2965 5570 e
3023 5515 3202 5570 nihilo
3248 5530 3593 5586 progressus
3645 5513 3715 5568 ad

2068 5629 2262 5672 rerum
2299 5614 2569 5664 naturam
2606 5607 2728 5662 fieri
2762 5606 2926 5674 solet,
2950 5606 3032 5661 ita
3058 5607 3231 5661 etiam
3265 5606 3424 5660 illam
3464 5604 3723 5659 conferta

2068 5704 2244 5762 simul
2278 5704 2334 5756 et
2356 5698 2482 5754 sine
2518 5701 2677 5751 motu
2713 5695 2993 5766 procedit.

3326 5819 3402 5879 38
