4090 6298
431 437 586 500 1195

1751 407 2058 468 NICETIS
2103 401 2541 466 CHONIA'I‘JE.

3685 395 3848 457 1196

505 567 572 620 Et
603 555 1097 634 quemadmodum
1123 569 1152 604 a
1185 547 1326 604 solis
1355 547 1485 602 ortu
1535 545 1746 600 cuncta
1773 539 1898 594 sine
1949 535 2069 634 ulla
2103 535 2152 602 Α
2183 531 2968 634 quastione-{impositaqu
2999 531 3073 634 ab
3104 528 3393 634 apostolis
3427 528 3732 592 traditum,
3762 526 3850 582 vel

433 673 597 712 mora
619 627 1010 711 illustrantur,
1034 649 1091 696 et
1120 641 1178 694 in
1213 637 1418 710 primis
1451 651 1566 700 aer,
1586 633 1680 700 qui
1718 647 1821 684 nos
1855 627 2032 683 ambit
2061 643 2072 678 :

434 739 930 818 quemadmodum
965 736 1099 788 item
1158 729 1385 784 chordas
1431 726 1492 779 in
1553 723 1767 776 ﬁdibus
1815 735 1918 773 suo
1949 717 2074 818 Ioc-0

439 807 756 906 dispositae,
807 824 1036 883 etiamsi
1113 819 1284 892 paulo
1357 815 1592 886 longius
1641 815 1876 866 remotae
1935 807 2080 874 sint,

442 903 557 980 una
611 927 807 976 tamen
859 932 984 971 cum
1053 909 1183 966 aliis
1254 909 1583 968 moventur,
1645 903 2083 966 concentusque

441 1012 750 1087 participes
785 1009 961 1062 ﬁunt:
1022 996 1512 1073 quemadmodum
1564 991 1816 1060 denique
1865 985 2084 1087 Phthas

441 1077 536 1162 ille
561 1077 668 1174 qui
693 1099 928 1160 dicitur,
955 1110 1055 1150 seu
1081 1090 1396 1153 Vulcanus,
1420 1085 1500 1138 ita
1537 1083 1666 1138 iane
1691 1077 2086 1141 succenditur,

444 1205 508 1252 ut
563 1166 948 1247 intermedius
1008 1197 1104 1236 aer
1171 1193 1285 1232 non
1345 1175 1718 1230 exardescat:
1781 1169 1862 1222 ita
1916 1166 2086 1220 etiam

446 1295 658 1350 corpus
691 1275 994 1332 confertim
1027 1275 1082 1324 et
1121 1263 1298 1322 simul
1345 1263 1414 1318 ab
1468 1261 1661 1316 anima
1695 1253 2090 1315 succenditur,

447 1377 503 1428 et
551 1343 904 1430 illustratur,
966 1364 1140 1430 atque
1183 1352 1562 1410 facultatibus
1623 1351 1746 1414 eius
1815 1343 2092 1413 repletur,

450 1465 506 1516 et
531 1459 604 1513 iis
636 1455 849 1528 quibus
871 1463 1064 1506 rerum
1085 1443 1476 1517 cognitionem
1525 1435 1903 1508 adipiscatur,
1939 1436 1994 1486 et
2025 1431 2095 1484 iis

454 1550 670 1620 quibus
713 1543 824 1599 sibi
851 1537 1044 1596 simile
1072 1535 1434 1606 progeneret.

527 1637 642 1692 Nec
699 1647 834 1687 vero
879 1628 978 1683 illa
1027 1623 1309 1697 paulatim
1372 1633 1472 1690 per
1527 1613 1788 1684 corporis
1835 1607 2103 1666 membra

456 1723 832 1786 diti'unditur,
889 1729 1078 1786 neque
1139 1727 1238 1767 cor
1297 1709 1550 1780 primum
1594 1709 1693 1757 aut
1743 1701 1944 1771 hepar,
2003 1707 2107 1786 aut

456 1815 765 1872 cerebrum
790 1785 1054 1877 occupat,
1082 1801 1339 1870 indeque
1369 1812 1470 1868 per
1499 1801 1736 1848 caeteras
1770 1794 1962 1860 partes
1993 1785 2104 1839 dif-

2187 623 2258 676 ab
2283 621 2419 676 ullis
2451 622 2578 676 aliis
2608 621 2828 676 sanctis
2861 617 3136 675 Patribus
3169 619 3524 690 accepimus,
3557 624 3848 688 quantum

2190 727 2258 764 ex
2291 709 2522 766 illorum
2579 709 2818 781 scriptis
2878 709 3147 779 colligere
3199 723 3456 778 possum.
3493 711 3845 760 Nostrorum

2191 817 2328 872 ergo
2375 801 2661 868 nonnulli,
2695 801 2796 872 qui
2858 817 2925 855 ea
2987 815 3112 870 quae
3167 797 3510 852 sublimiora
3573 797 3852 849 videntur

2195 890 2480 962 sagaciori
2504 891 2788 962 persecuti
2824 895 2961 943 sunt
2994 887 3289 958 indagine,
3325 901 3522 940 semen
3572 884 3852 948 animari,

2197 995 2328 1034 cum
2363 981 2616 1049 primum
2647 979 2826 1034 vulvae
2875 979 3150 1047 injectum
3187 981 3296 1043 est,
3353 979 3698 1030 constanter
3755 989 3847 1026 es-

2199 1083 2389 1124 serere
2421 1083 2533 1121 non
2569 1067 3022 1122 addubitarunt:
3085 1065 3168 1118 ita
3217 1069 3280 1117 ut
3335 1063 3588 1134 partium
3646 1065 3858 1114 neutra

2201 1155 2678 1227 compositionem
2714 1160 2815 1210 aut
2847 1153 3151 1224 praecedat,
3185 1157 3284 1206 aut
3313 1152 3738 1222 subsequatur.

2271 1251 2597 1302 Graecorum
2630 1251 2823 1301 autem
2858 1245 3213 1315 sapientiora
3243 1241 3545 1297 nonnullis
3577 1241 3855 1312 embryo-

2205 1353 2328 1403 nes,
2361 1351 2463 1390 seu
2485 1335 2862 1406 imperfectus
2892 1335 2949 1388 in
2987 1339 3153 1388 utero
3203 1333 3352 1387 fetus
3393 1330 3592 1386 statim
3637 1333 3708 1384 ab
3761 1329 3862 1384 illa

2207 1425 2570 1479 inl'ormisua
2601 1425 2785 1478 forma
2841 1421 3091 1477 animari
3129 1421 3368 1493 placuit.
3407 1419 3550 1475 Aliis
3619 1420 3858 1474 eosdem

2207 1517 2350 1567 tunc
2373 1511 2621 1567 animari
2671 1511 2864 1567 visum
2921 1519 3027 1578 est,
3076 1527 3208 1564 cum.
3259 1511 3503 1578 jamjam
3557 1507 3617 1561 in
3661 1513 3860 1562 ventre

2213 1602 2480 1656 movendi
2511 1605 2728 1656 essent.
2765 1601 2908 1654 Aliis
2934 1601 3095 1664 item,
3143 1615 3274 1653 cum
3337 1615 3368 1653 a
3401 1597 3572 1652 vulva
3629 1595 3864 1650 divelle-

2207 1685 2497 1760 'rentur,et
2519 1691 2646 1760 jam
2679 1691 2750 1744 ad
2783 1689 3011 1762 lapsum
3051 1693 3354 1760 partumve
3385 1687 3860 1756 disponerentur.

2217 1779 2324 1845 Qui
2360 1779 2607 1850 denique
2639 1795 2759 1833 rem
2793 1779 3083 1834 oculatius
3113 1781 3169 1832 et
3199 1776 3454 1846 penitins
3487 1776 3682 1830 rimati
3711 1779 3866 1840 sunt,

676 1865 776 1955 sed
809 1865 988 1952 simul
1044 1865 1388 1946 universum
1449 1880 1840 1952 amplectitur,
1875 1883 1928 1930 et
1977 1889 2108 1928 con—
2135 1899 2181 1966 Β
2217 1886 2316 1924 eos
2347 1869 2784 1939 statimapartu
2806 1867 3115 1938 participes
3150 1867 3356 1920 animae
3375 1865 3683 1920 rationalis
3717 1865 3868 1918 efﬁci

462 1995 606 2048 ferto
675 1987 902 2044 lumine
961 1982 1236 2038 illustrat.
1270 1980 1552 2032 Caeterum
1613 1967 1842 2022 vincula
1889 1963 2103 2035 quibus

464 2081 696 2152 corpori
731 2077 1025 2148 alligatur,
1061 2071 1176 2122 haec
1209 2068 1366 2120 sunt.
1430 2059 1788 2116 Harmonice
1828 2053 2104 2152 rationes,

467 2175 526 2226 et
559 2141 878 2224 formarum
911 2161 1320 2214 decrementa:
1379 2149 1596 2220 quibus
1653 2147 1717 2200 fit
1749 2149 1812 2198 ut
1869 2147 1926 2197 et
1974 2141 2108 2195 uni-

467 2275 656 2324 versa,
709 2263 762 2310 et
815 2247 1132 2320 singularis
1191 2246 1419 2306 natura,
1451 2237 1660 2292 deinde
1701 2236 1824 2305 ipse
1873 2247 2108 2302 quoquo

470 2365 664 2408 sermo
687 2339 1106 2402 enuntiativus,
1132 2333 1324 2390 animo
1348 2333 1682 2398 conceptus,
1711 2331 1768 2380 et
1798 2325 2108 2395 perfectus,

475 2439 673 2497 adhzec
706 2435 834 2505 ipsa
875 2433 1072 2485 formae
1113 2422 1492 2484 continuitas,
1525 2429 1642 2472 tina
1673 2431 1804 2470 cum
1855 2410 2110 2482 corporis

477 2503 802 2601 aptitudine
831 2515 1216 2576 validioribus
1264 2508 1520 2566 cedentis
1555 2503 1954 2572 falcatatibus,
1995 2517 2110 2555 non

476 2597 682 2690 parum
716 2615 774 2669 in
809 2610 932 2665 dies
973 2604 1423 2661 imminuantur.
1460 2599 1522 2652 In
1593 2597 1716 2666 ipso
1781 2608 1947 2664 porro
1977 2606 2111 2644 con-

474 2677 650 2763 cursu
685 2704 999 2772 operantur
1029 2691 1368 2764 angelorum
1405 2686 1913 2758 praefectura,quae
1941 2677 2115 2736 simul

477 2811 679 2854 omnes
732 2791 988 2846 animam
1033 2799 1164 2840 cum
1199 2793 1438 2849 corpore
1485 2775 1829 2844 disponunt,
1872 2775 1927 2826 et
1977 2785 2112 2824 con-

473 2891 724 2942 servant.

1069 2961 1221 3015 CAP.
1261 2955 1509 3012 LXXIII.

490 3068 564 3120 De
604 3063 927 3117 animarum
960 3049 1276 3122 praesertim
1330 3047 1667 3110 sanctarum,
1718 3057 1750 3094 a
1803 3035 2118 3108 corporibus

1186 3133 1425 3188 egressu.

547 3225 725 3291 Atque
756 3217 850 3272 hic
881 3211 1117 3285 quidem
1149 3207 1360 3262 modus
1391 3205 1498 3271 est,
1533 3217 1648 3272 quo
1680 3199 1884 3253 animas
1907 3197 1966 3250 in
1998 3212 2120 3291 cor-

485 3267 1051 3382 pora1i-nsi—nuaiitur.
1083 3297 1362 3366 Superest
1392 3295 1455 3346 ut
1485 3267 1632 3344 eum
1680 3303 1908 3358 quoque
1968 3283 2116 3382 adei-
2157 3267 2200 3330 C

480 3373 650 3468 ciam,
677 3411 792 3466 quo
825 3390 1057 3446 tandem
1094 3403 1124 3440 a
1157 3381 1499 3454 corporibus
1530 3377 1832 3434 excedunt.
1869 3373 2124 3444 Angelus

481 3463 708 3559 itaque,
732 3489 793 3539 ut
827 3482 1006 3544 aiunt,
1038 3476 1126 3532 cui
1163 3473 1399 3546 quidem
1439 3469 1644 3523 anima-3
1682 3463 1946 3520 custodia
1976 3463 2124 3518 divi-

481 3555 639 3634 nitus
657 3565 1004 3630 demandata
1017 3557 1535 3632 est,dissolutionis
1547 3555 1852 3611 occasione
1865 3557 2124 3624 accepta,

483 3667 644 3724 illam
697 3653 1078 3718 intellectuali
1140 3635 1364 3707 lumine
1421 3645 1790 3702 ineli'abiliter
1848 3643 2124 3708 illustrat,

481 3770 732 3826 moxque
781 3747 1165 3805 defatiscente
1222 3753 1480 3808 corpore,
1515 3751 1620 3790 nec
1659 3733 1784 3804 jam
1827 3731 1983 3787 illius
2027 3748 2124 3786 ca-

481 3862 617 3918 pace
637 3819 813 3914 .(quia
861 3835 1138 3892 nimirum
1173 3827 1460 3902 pristinus
1517 3823 1613 3879 ille
1661 3825 1976 3877 concentus
2001 3819 2126 3890 jam

481 3909 804 3992 dissolutus
829 3931 936 3995 est,
961 3919 1432 3988 barmonicmque
1464 3911 1720 3969 rationes
1752 3929 1812 3966 se
1845 3909 2125 3981 paulatim

482 4023 912 4084 subduxerunt)
945 4017 1000 4069 in
1029 4021 1212 4067 unum
1245 4005 1524 4077 congerit,
1550 4011 1604 4057 et
1635 4001 1706 4054 ad
1764 4000 1876 4054 sibi
1927 4016 2130 4070 cogna-

481 4119 600 4168 tam
633 4111 822 4165 lucem
857 4103 1118 4160 retrahit.
1156 4103 1342 4167 Atque
1375 4097 1445 4149 ab
1489 4093 1598 4146 hac
1647 4089 1894 4158 caligine
1946 4092 2128 4142 mate-

485 4202 614 4257 riali
645 4203 900 4268 ereptam
935 4191 1242 4264 praelucida
1285 4183 1529 4242 materia
1559 4181 1842 4251 impertit,
1879 4179 2129 4250 igncque

485 4285 902 4356 divinoreplel.
930 4283 1042 4336 Nec
1073 4295 1204 4334 vero
1239 4276 1342 4331 tibi
1377 4287 1531 4328 nunc
1563 4285 1831 4341 quaenam
1886 4285 2010 4322 mea
2059 4269 2128 4320 de

483 4379 780 4434 variarum
819 4372 1144 4428 animarum
1165 4365 1318 4420 exitu
1353 4359 1641 4416 sententia
1667 4357 2126 4422 slt,edisseram:

484 4469 590 4524 sed
627 4481 778 4533 eam,
813 4479 939 4533 quas
969 4459 1194 4529 Optima
1241 4453 1491 4514 videtur,
1524 4447 1860 4503 accuratius
1909 4444 2128 4498 exarui-

482 4558 650 4614 nabo.
683 4547 1186 4618 Quemadmodum
1219 4557 1356 4612 ergo
1414 4534 1883 4606 comprehensim
1942 4538 1998 4588 et
2026 4549 2126 4588 cu-

479 4646 700 4702 mulate
737 4653 1059 4698 concursus
1083 4633 1291 4688 animm
1323 4627 1582 4698 corporis
1605 4639 1694 4692 gue
1725 4623 1809 4685 ﬁt,
1845 4624 1924 4676 ita
1955 4622 2128 4676 etiam

479 4730 914 4806 disjunetio.lta
938 4733 998 4781 ut
1024 4723 1279 4779 animam
1315 4711 1716 4771 circumscribi
1741 4727 1854 4765 non
1889 4711 2126 4764 omnino

479 4803 671 4895 posse,
707 4824 806 4875 aut
839 4816 1001 4874 omni
1052 4825 1292 4886 prorsus
1337 4807 1492 4860 motu
1555 4817 1768 4868 carere,
1823 4803 1916 4854 vix
1973 4805 2127 4855 certo

483 4889 741 4968 asserere
769 4909 981 4974 ausim,
1015 4899 1285 4975 quamvis
1336 4911 1460 4952 eam
1512 4889 1956 4963 impartibilem,
2015 4891 2128 4943 cito

484 4999 805 5060 discedere,
841 5013 943 5052 nec
995 4993 1102 5056 illi,
1135 4991 1254 5046 sive
1310 4983 1608 5050 ascendat,
1643 4979 1760 5034 sive
1793 4978 2126 5046 descendat,

485 5089 607 5144 ulla
637 5087 922 5158 temporis
947 5081 1314 5139 dimensione
1345 5089 1490 5146 opus
1516 5087 1662 5140 esse,
1698 5069 1968 5124 difﬁtear.

1094 5189 1247 5245 CAP.
1285 5181 1525 5240 LXXIV.

485 5307 561 5360 De
584 5304 830 5375 corporis
881 5303 960 5375 in_
989 5303 1139 5375 utero
1170 5293 1527 5375 forma-tione
1575 5283 1726 5375 quid
1758 5293 1955 5352 nostri,
2001 5285 2132 5356 quid

868 5371 1093 5427 externi
1125 5365 1432 5440 philosophi
1455 5365 1747 5416 senserint.

553 5465 685 5519 Jam
735 5467 935 5516 utrum
999 5457 1182 5512 mavis
1235 5455 1338 5509 tibi
1397 5449 1802 5522 respondeam,
1865 5461 2129 5518 quaenam

479 5559 839 5616 sanctorum,
891 5549 987 5617 qui
1045 5549 1243 5600 nostra
1294 5543 1362 5596 de
1413 5539 1693 5606 religione
1743 5531 2132 5607 philosophati

482 5647 639 5711 sant,
665 5641 960 5699 sententia
991 5635 1185 5699 fuerit,
1223 5650 1294 5686 an
1325 5647 1458 5686 vero
1480 5627 1620 5700 quid
1680 5625 1856 5680 Graeci
1892 5643 2135 5680 censue-

475 5732 636 5788 rim?
691 5737 804 5790 Nec
861 5725 1016 5778 M3.“
1073 5735 1390 5775 commune
1448 5717 1632 5770 ullum
1686 5715 1902 5786 dogma
1960 5731 2137 5786 super

2215 1958 2506 2026 dixerunt,
2531 1957 2714 2030 idque
2742 1957 3231 2028 comprehensim,
3265 1959 3544 2026 tanquam
3579 1954 3630 2007 si
3673 1953 3868 2008 divino

2217 2049 2672 2102 accenderentur
2720 2047 2964 2114 lumine,
3019 2049 3123 2100 aut
3185 2045 3257 2100 ad
3319 2045 3498 2099 vitam
3535 2044 3866 2098 inﬂamma-

2219 2143 2439 2190 rentur.
2473 2137 2742 2202 Quandiu
2768 2141 2962 2190 autem
3005 2135 3161 2189 intra
3209 2133 3392 2187 vulvas
3435 2137 3605 2204 septa
3657 2131 3866 2196 clausi,

2219 2225 2502 2295 quasique
2525 2225 2781 2280 obserati
2833 2228 3092 2290 manent,
3119 2223 3190 2277 iis
3249 2222 3429 2276 vitam
3463 2221 3733 2292 quidem,
3767 2221 3866 2274 sed

2219 2329 2345 2367 eam
2379 2313 2700 2394 naturalem
2741 2318 2795 2368 et
2825 2312 3068 2368 rationis
3107 2327 3350 2382 prorsus
3409 2315 3708 2380 expertem
3771 2327 3866 2364 su-

2223 2403 2464 2474 peditari
2524 2403 2953 2464 existimarunt,
3007 2405 3284 2473 tanquam
3345 2400 3541 2454 radice
3591 2401 3866 2471 quadam,

2223 2509 2354 2564 quae
2411 2491 2687 2546 umbilico
2745 2492 2944 2545 innixa
3023 2507 3195 2545 suum
3280 2489 3464 2544 vulvas
3521 2489 3868 2543 alimentum

2224 2593 2496 2656 suggerat
2524 2599 2536 2637 :
2562 2581 2842 2637 animalia
2871 2597 3003 2636 vero
3036 2595 3187 2646 esse,
3225 2579 3582 2634 nominative
3641 2581 3870 2646 debere,

2225 2671 2464 2728 inﬁciati
2523 2673 2680 2737 sunt,
2733 2687 2867 2725 cum
2955 2667 3413 2740 imperfectiores
3497 2667 3640 2738 sint,
3700 2685 3870 2740 quam

2227 2761 2317 2834 qui
2382 2759 2684 2815 divinioris
2734 2760 2942 2814 animae
3005 2773 3246 2830 capaces
3305 2773 3432 2812 esse
3491 2765 3732 2828 queant.
3765 2757 3870 2810 Nec

2225 2851 2382 2906 enim
2417 2845 2714 2905 rationalis
2748 2847 2944 2904 anima
3001 2845 3220 2902 volucri
3277 2845 3490 2901 similis
3545 2851 3752 2914 est,ut
3805 2846 3862 2900 in

2227 2940 2475 3012 quodvis
2505 2937 2921 3010 corpusculum
2957 2935 3152 2991 vivum
3185 2940 3404 2990 temere
3465 2935 3872 3006 protundatur,

2227 3031 2346 3086 sive
2393 3029 2708 3084 inhabitet:
2760 3025 2866 3083 sed
2910 3043 3041 3082 cum
3099 3026 3352 3095 primum
3405 3023 3700 3088 idoneum,
3751 3023 3870 3078 sui-

2228 3135 2341 3192 que
2397 3135 2578 3190 capax
2638 3115 2910 3186 cccurrit,
2967 3115 3014 3172 ei
3077 3131 3205 3170 mox
3251 3113 3534 3170 ineffabili
3583 3129 3860 3169 concursu

2233 3215 2499 3271 cohaeret.

2850 3302 2999 3357 CAP.
3037 3299 3246 3356 LXXV.

2233 3428 2512 3501 Quomodo
2595 3427 2858 3498 embryon
2935 3428 2996 3552 i7;
3081 3433 3236 3550 πτισνο
3321 3427 3598 3480 moveatur
3659 3429 3704 3477 et
3759 3437 3878 3478 coa-

2985 3513 3107 3552 esca
3137 3535 3150 3550 .

2985 3513 3150 3552 εεεαι.

2303 3618 2431 3672 Jam
2477 3629 2635 3680 vero,
2667 3615 2764 3684 qui
2799 3613 2924 3668 fieri
2975 3613 3158 3682 possit
3210 3615 3274 3666 ut
3329 3612 3500 3665 vivus
3549 3611 3792 3679 embryo
3827 3610 3882 3662 in

2233 3705 2357 3760 loco
2406 3703 2650 3759 humido
2710 3700 3038 3758 coalescat?
3077 3703 3359 3770 Itemque,
3415 3713 3552 3755 cum
3601 3715 3669 3753 os
3719 3701 3774 3754 ei
3833 3705 3888 3752 et

2235 3810 2404 3849 nares
2434 3793 2780 3847 obturentur
2809 3795 2864 3846 et
2895 3789 3297 3859 occludanlur,
3345 3805 3630 3858 quonam,
3663 3804 3891 3858 quaeso,

2237 3883 2408 3937 modo
2441 3881 2768 3952 respiraret,
2803 3880 2852 3934 si
2906 3879 3038 3950 quis
3089 3879 3167 3933 ibi
3215 3895 3396 3949 purus
3430 3893 3530 3932 aer
3559 3877 3770 3932 esset”?
3825 3879 3894 3930 At

2235 3973 2627 4026 animatarum
2679 3970 2926 4023 vitarum
2973 3967 3029 4022 in
3087 3967 3205 4022 illis
3253 3963 3490 4030 indicia,
3525 3971 3591 4020 ut
3633 3965 3828 4026 aiunt,
3865 3983 3894 4018 a

2237 4060 2492 4116 motibus
2543 4059 2996 4128 haudquaquam
3043 4061 3274 4127 petente
3345 4061 3508 4110 sunt.
3581 4053 3670 4110 Illi
3735 4054 3892 4108 enim

2237 4169 2340 4208 nec
2371 4150 2700 4222 phantasia,
2733 4166 2838 4204 nec
2904 4149 3025 4204 ulla
3085 4147 3265 4204 subiti
3311 4147 3556 4202 attentus
3613 4147 3894 4200 facultate

2237 4243 2424 4298 fiunt:
2457 4241 2556 4296 sed
2617 4240 2700 4294 ita
2751 4243 3080 4304 moventur,
3113 4247 3173 4292 ut
3231 4235 3648 4292 intestinorum
3723 4235 3896 4290 invol-

2238 4331 2377 4396 vuli,
2435 4337 2488 4386 et
2545 4329 2844 4384 anfractus
2919 4326 3326 4382 suffarcinati:
3383 4329 3566 4394 utque
3647 4325 3896 4379 cortices

2237 4421 2688 4485 arborum,cum
2740 4435 2773 4473 a
2829 4416 3056 4470 truncis
3116 4415 3495 4470 divelluntur.
3529 4413 3686 4479 Quin
3723 4415 3892 4469 etiam

2235 4509 2376 4579 ipsae
2409 4522 2636 4578 quoque.
2688 4505 2902 4576 plautas
2945 4507 3238 4571 crescunt,
3285 4508 3344 4556 et
3391 4503 3771 4568 excoluntur,
3806 4519 3896 4555 ea-

2161 4623 2207 4690 Ι)
2242 4613 2492 4667 rumque
2525 4597 2756 4650 frondes
2787 4594 2954 4664 quasi
3005 4591 3454 4662 complicantur,
3491 4596 3750 4661 tumque
3797 4592 3898 4644 de-

2240 4701 2400 4740 mum
2435 4681 3326 4755 explicantur,quemadmodum
3361 4679 3562 4734 lothus
3585 4679 3732 4734 solis
3763 4696 3868 4734 con

2239 4775 2501 4829 versione
2561 4774 2728 4828 solet.
2763 4773 3144 4842 Posteaquam
3203 4787 3334 4825 vero
3393 4769 3567 4824 vulva
3615 4771 3896 4824 emissus.

2239 4871 2296 4920 et
2327 4867 2398 4920 ab
2429 4864 2530 4920 illa
2561 4864 2754 4920 radice
2792 4863 3030 4918 avulsus
3079 4861 3270 4928 fuerit,
3304 4861 3432 4916 sine
3481 4860 3604 4914 ulla
3651 4877 3817 4915 more
3847 4863 3896 4912 et

2241 4953 2548 5010 confestim
2581 4953 2882 5007 rationalis
2915 4953 3125 5006 animos
3160 4951 3451 5021 particeps
3483 4950 3768 5018 efﬁcitur,
3803 4964 3896 5019 pu-

2241 5059 2484 5114 rumque
2511 5041 2784 5112 deinceps
2817 5040 3037 5096 animal
3069 5041 3282 5096 evadit.

2844 5165 2994 5221 CAP.
3045 5165 3288 5222 LXXVI.

2243 5255 2314 5313 De
2346 5257 2536 5312 anima
2566 5259 2792 5313 ratione
2811 5255 3086 5328 participe
3119 5273 3135 5308 :
3166 5251 3434 5328 quomodo
3496 5255 3720 5324 corpori
3775 5271 3900 5308 con-

2691 5327 3005 5400 jungatur,
3027 5329 3185 5397 eique
3208 5327 3424 5397 pra'sit.

2317 5447 2581 5505 Rationis
2603 5447 2893 5520 particeps
2932 5446 3128 5501 anima
3175 5461 3287 5500 non
3329 5443 3652 5500 miscetur:
3689 5443 3896 5514 hujus

2247 5533 2402 5590 modi
2435 5535 2586 5590 enim
2631 5551 2949 5590 concursus
3002 5533 3341 5604 corporibus
3387 5533 3769 5599 conveniunt,
3805 5531 3906 5584 sed

2245 5641 2318 5680 ne
2349 5639 2558 5694 corpus
2591 5625 2824 5696 quidem
2857 5625 3042 5678 instar
3071 5623 3266 5676 formae
3291 5621 3540 5676 materia
3575 5621 3910 5678 constantis

2249 5715 2548 5780 informat,
2603 5713 2683 5769 ita
2717 5713 2868 5768 cnim
2923 5729 3060 5768 suos
3111 5711 3234 5782 ipsa
3291 5709 3512 5766 limites
3573 5713 3904 5778 excederet,
