4090 6298
282 413 434 473 H97

282 636 686 700 fundamento,
721 640 781 688 at
842 650 911 688 nc
961 634 1046 688 sic
1097 634 1331 704 quidem
1394 636 1622 706 corpori
1697 640 1929 706 praeest,

282 724 782 794 quemadmodum
871 724 1076 794 auriga
1129 726 1343 785 currui,
1427 724 1513 779 vel
1575 727 1930 796 gubernator

285 813 453 866 navi:
493 814 569 866 ita
599 814 754 868 enim
791 817 1012 883 partem
1047 813 1209 868 illam
1267 813 1573 878 animaret,
1642 813 1735 868 cui
1784 813 1929 868 insi-

284 903 466 967 deret,
500 919 566 957 ea
591 920 720 958 vero
754 903 845 958 cui
879 904 1076 957 minus
1109 904 1408 973 insideret,
1443 905 1707 960 inanima
1737 920 1932 973 super-

283 1000 453 1046 esset.
491 993 748 1047 Tametsi
781 998 976 1047 autem
1001 1008 1200 1047 eorum
1249 994 1537 1061 nonnulli,
1593 993 1692 1064 qui
1752 992 1933 1063 philo-

281 1081 542 1151 sophicis
575 1082 631 1136 in
693 1083 867 1137 rebus
929 1082 1344 1147 excelluerunt,
1404 1084 1721 1154 imperium
1760 1081 1928 1149 illud,

281 1171 438 1240 quod
499 1169 697 1224 anima
727 1169 783 1223 in
812 1187 1025 1240 corpus
1057 1177 1298 1238 exercet,
1328 1171 1542 1241 aurigas
1562 1179 1612 1224 et
1645 1171 1928 1242 guberna-

282 1259 395 1312 tori
429 1257 623 1313 simile
647 1261 961 1328 linxerunt,
996 1276 1108 1313 non
1143 1261 1197 1313 id
1229 1266 1424 1314 tamen
1461 1259 1794 1327 voluerunt,
1829 1259 1930 1312 sed

283 1349 402 1403 haec
435 1350 550 1403 duo
574 1354 1028 1420 proposuerunt,
1062 1350 1463 1404 ulessentiam
1500 1349 1706 1403 anima;
1740 1365 1773 1403 a
1818 1365 1935 1402 cor—

279 1453 420 1508 pore
455 1437 711 1506 separari
747 1453 916 1508 posse
948 1436 1231 1508 appositis
1272 1438 1553 1509 exemplis
1588 1438 1930 1502 indicarent,

277 1543 409 1597 quae
444 1543 545 1581 nec
578 1542 696 1580 una
719 1541 848 1580 cum
873 1527 1120 1580 seminis
1148 1527 1537 1595 ejaculatione
1569 1528 1928 1594 conferatur,

278 1617 381 1670 sed
446 1615 684 1668 tandem
755 1613 1018 1670 absoluto
1109 1615 1519 1683 instrumento,
1612 1621 1934 1686 naturaque

286 1704 604 1774 disposita,
667 1703 972 1758 lamiliaris
1057 1702 1161 1770 illi,
1245 1706 1526 1776 quasique
1614 1704 1936 1760 domestica

280 1796 411 1859 ﬁat,
445 1799 501 1849 et
536 1793 914 1849 adhaerescet.
955 1795 1033 1848 Ita
1069 1793 1221 1849 enim
1255 1795 1382 1866 ipse
1433 1811 1665 1866 quoque
1730 1795 1934 1865 auriga

1623 412 2011 475 THESAURI
2060 413 2205 473 LIB.
2253 413 2329 472 II.

277 550 508 615 totaque
539 545 766 615 corpori
811 545 1200 612 addiceretur,
1255 551 1435 617 atque
1481 546 1672 602 alieno
1732 551 1928 618 egeret
1960 554 2010 617 Α
2043 554 2093 601 et
2152 545 2437 616 ﬂagitiose
2478 545 2741 613 vixerint,

3538 413 3695 473 1I98

2822 545 2944 600 sive
3002 546 3227 600 fortiter
3281 551 3337 600 et
3413 562 3695 616 generose

2039 650 2172 688 cum
2196 645 2401 688 natura
2432 650 2534 688 sua
2593 633 2916 688 colluctatis
2975 635 3115 700 sint,
3175 634 3337 691 locus
3387 635 3482 691 ille
3543 642 3697 692 recta

2040 724 2439 789 concenditur,
2478 725 2574 794 qui
2626 740 2803 794 supra
2865 724 3067 778 mundi
3145 725 3418 780 verticem
3471 725 3698 797 [super—

2038 814 2269 867 eminet.
2306 813 2414 867 Sed
2449 828 2812 883 quaecunque
2831 829 3005 882 puras
3039 829 3100 867 se
3126 813 3499 884 integrasque
3547 831 3686 869 con-

2041 907 2365 967 servarunt,
2420 902 2680 972 quandiu
2741 901 2964 971 corpori
3023 903 3351 970 conjunctae
3427 904 3694 973 fuerunt,

2044 1007 2147 1046 nec
2179 991 2455 1046 creatoris
2480 990 2664 1044 Patris
2691 991 2807 1045 ullo
2859 997 2998 1044 sunt
3057 990 3247 1046 oblitae
3309 993 3501 1060 modo,
3577 992 3695 1046 imo

2043 1079 2298 1136 assiduis
2356 1080 2416 1134 in
2475 1096 2606 1134 eum
2665 1080 3142 1135 meditationibus
3200 1081 3325 1150 ejus
3372 1081 3697 1152 exemplar

2045 1169 2103 1224 in
2165 1166 2419 1239 imagine
2482 1167 2728 1222 illaesum
2794 1169 3175 1222 custodiunt:
3239 1167 3373 1233 illis,
3424 1171 3688 1242 inquam,

2045 1261 2206 1328 grata
2230 1257 2328 1310 illa
2359 1257 2861 1326 requiefruuntur,
2896 1273 3021 1326 quer
3059 1273 3236 1326 supra
3272 1257 3452 1314 totius
3490 1261 3695 1314 mundi

2043 1345 2345 1416 fastigium
2372 1345 2556 1400 beatis
2591 1350 2789 1416 parata
2819 1351 2929 1411 est,
2962 1345 3164 1415 eisque
3223 1346 3366 1400 aulae
3412 1347 3690 1416 caelestis,

2045 1436 2196 1507 prati
2250 1441 2306 1490 et
2343 1434 2598 1506 paradisi
2650 1435 2792 1495 loco,
2880 1436 3237 1491 incredibilis
3310 1453 3506 1491 eorum
3561 1453 3689 1506 quas

2045 1532 2183 1579 sunt
2213 1523 2828 1594 ordo,divinorumque
2860 1524 3145 1580 bonorum
3194 1525 3688 1596 complementum

2046 1614 2405 1685 proponitur.

2114 1706 2478 1776 Quaecunque
2511 1722 2639 1762 vere
2669 1707 2826 1762 omni
2862 1706 3267 1775 praadictorum
3311 1724 3453 1764 cura
3505 1707 3685 1780 [sepo-

2047 1796 2157 1850 sita
2217 1797 2476 1866 corporis
2519 1795 2687 1866 genio
2760 1796 3163 1866 indulgerunt,
3225 1797 3314 1851 his
3369 1797 3683 1852 rotundum

275 1884 619 1941 vehiculum
653 1885 1012 1949 conscendit,
1049 1892 1108 1940 et
1165 1902 1371 1940 navem
1433 1887 1792 1956 gubernator
1843 1885 1929 1938 in-
1964 1905 2009 1969 Β
2045 1885 2171 1938 cmli
2231 1900 2439 1953 corpus
2491 1885 2887 1955 praetenditur,
2931 1889 2988 1940 et
3072 1885 3223 1941 circa
3284 1885 3559 1940 esthereas
3593 1901 3681 1940 re-

277 1974 573 2045 greditur.

346 2065 631 2128 Quzenam
665 2066 750 2116 est
797 2063 975 2133 igitur
1024 2063 1233 2117 animae
1284 2080 1417 2118 cum
1481 2080 1724 2135 corpore
1792 2079 1928 2118 con-

259 2152 1255 2226 junctio?Instrumentinimirum
1317 2155 1388 2207 ad
1441 2154 1599 2210 illam
1663 2156 1927 2226 aptitudo

265 2251 321 2299 et
388 2242 740 2307 similitudo,
795 2258 922 2312 quae
975 2248 1115 2296 tunc
1176 2247 1434 2313 apparet,
1484 2259 1616 2297 cum
1693 2244 1927 2314 propria

269 2333 456 2399 hujus
509 2331 627 2384 vita
670 2329 727 2383 in
782 2329 882 2384 illo
951 2329 1247 2392 elucescit,
1321 2333 1599 2397 secunda,
1655 2331 1922 2402 inquam,

263 2422 410 2478 vitae
464 2418 822 2488 conjunctio,
912 2418 1168 2489 itemque
1252 2420 1543 2476 rationum
1610 2427 1926 2476 concentus

267 2517 327 2566 et
399 2513 669 2563 accurata
731 2507 1047 2578 proportio.
1124 2511 1256 2578 Ipsa
1321 2510 1476 2564 enim
1547 2527 1655 2565 sua
1737 2511 1925 2580 ipsius

266 2599 328 2653 vi
363 2595 657 2663 subsistit,
693 2595 1190 2667 quemadmodum
1231 2597 1437 2652 solaris
1509 2598 1741 2669 globus,
1798 2615 1926 2668 ,non

271 2692 445 2744 extra
529 2701 743 2755 corpus
834 2688 1128 2755 evagatur,
1226 2687 1325 2740 sed
1421 2686 1748 2740 incredibili
1835 2703 1923 2740 ra-

266 2780 438 2835 tione
489 2778 545 2831 in
608 2794 673 2831 eo
717 2776 1069 2845 continetur,
1128 2777 1179 2832 ei
1289 2794 1420 2832 vero
1496 2777 1548 2832 vi
1631 2781 1924 2834 radiorum

267 2871 348 2925 ab
385 2883 453 2920 eo
513 2867 637 2935 ipso
692 2866 1129 2936 procedentium
1171 2865 1446 2935 cohaeret,
1507 2867 1626 2937 qui,
1689 2870 1920 2925 etiamsi

268 2971 495 3024 corpus
556 2955 749 3024 ipsum
802 2955 1143 3022 dissecetur,
1206 2960 1309 3011 aut
1367 2956 1528 3011 aliud
1596 2957 1736 3027 quid
1789 2974 1923 3029 gra-

264 3045 410 3100 vius
445 3042 721 3113 patiatur,
793 3042 1137 3100 insecabiles
1194 3049 1391 3101 tamen
1451 3045 1925 3118 impatibilesque

269 3137 548 3192 manent.

338 3221 856 3288 Quemadmodum
890 3221 1064 3278 etiam
1126 3239 1258 3279 aere
1305 3228 1612 3280 ventorum
1683 3225 1922 3283 flatibus

250 3311 565 3370 concitato
596 3313 653 3366 et
682 3315 930 3382 mutato,
952 3311 1150 3369 lumen
1182 3313 1348 3378 solis,
1403 3329 1516 3384 quo
1568 3313 1922 3378 illustratur.

248 3417 465 3474 neque
497 3400 764 3468 sectioni,
791 3415 982 3472 neque
1014 3400 1218 3470 ﬂuxui,
1254 3417 1442 3473 neque
1488 3403 1801 3462 mutationi
1833 3405 1929 3460 ob-

252 3491 520 3550 noxium
550 3493 658 3545 est.

852 3597 1008 3653 CAP.
1079 3598 1353 3654 LXXVII.

254 3711 338 3764 De
364 3707 702 3762 animarum
733 3706 791 3758 in
813 3705 1094 3771 integrum
1123 3706 1490 3772 restitutione,
1523 3721 1648 3777 quae
1701 3708 1925 3776 angelo-

818 3792 942 3830 rum
982 3777 1098 3831 min
1108 3778 1292 3832 ister-io
1320 3780 1400 3846 ﬁt.

329 3864 858 3932 Quemadmodum
893 3864 1198 3920 facultates
1214 3866 1408 3920 anima
1429 3869 1654 3938 corpori
1680 3871 1926 3939 conjun-

239 3965 348 4013 cta
370 3954 820 4027 praestantiores
853 3954 980 4024 ejus
1003 3955 1131 4009 vitae
1152 3961 1495 4025 prazsunt,et
1525 3963 1722 4027 postea
1747 3976 1922 4028 quam

240 4047 489 4100 idonea
513 4042 870 4111 generationi
902 4042 1104 4097 ellecta
1146 4049 1254 4109 est,
1291 4061 1323 4098 a
1361 4046 1469 4099 Deo
1507 4046 1823 4102 mittuntur
1862 4052 1926 4103 ut

239 4134 391 4203 ejus
424 4147 634 4184 curam
659 4138 895 4202 gerant:
924 4131 999 4186 ita
1015 4133 1190 4187 etiam
1206 4148 1338 4186 eum
1359 4135 1611 4203 primum
1638 4151 1924 4204 acorpore

236 4223 554 4293 separata
584 4225 691 4285 est,
717 4220 840 4274 aliae
875 4221 1166 4291 prioribus
1200 4221 1469 4277 meliores
1514 4239 1743 4278 sursum
1796 4242 1920 4280 eve-

233 4313 438 4376 hunt,
494 4308 605 4363 hoc
637 4309 982 4381 obsequium
1017 4315 1296 4366 creaturae
1329 4317 1692 4382 praestantes,
1733 4319 1789 4370 et
1819 4317 1926 4371 ad—

231 4404 560 4462 ministras
594 4401 1028 4456 restitutionum
1062 4402 1118 4456 in
1176 4405 1467 4475 integrum
1533 4409 1773 4476 statum,
1821 4407 1922 4478 qui

232 4493 503 4562 unique
528 4489 735 4543 animae
768 4491 1095 4545 conveniat.

319 4581 457 4638 Nec
502 4594 634 4632 vero
681 4577 877 4634 anima
937 4579 1010 4633 ab
1073 4579 1480 4649 hujuscemodi
1546 4584 1923 4641 facultatibus

222 4675 326 4728 ita
359 4668 586 4739 agitur
628 4670 904 4736 tanquam
966 4667 1150 4722 forma
1202 4670 1514 4740 quaepiam,
1566 4688 1691 4741 quas
1741 4674 1929 4729 aliena

216 4761 282 4819 vi
325 4753 712 4821 concitetur,
753 4772 998 4826 quaeque
1051 4774 1149 4825 pro
1215 4757 1459 4814 libidine
1500 4759 1613 4815 huc
1675 4767 1731 4816 et
1787 4762 1927 4819 illuc

220 4851 379 4907 sine
431 4843 788 4898 discrimine
850 4844 1098 4898 distrahi
1151 4846 1356 4916 possit,
1419 4849 1536 4903 imo
1602 4866 1735 4904 vero
1789 4857 1930 4907 tunc

217 4929 571 5006 temporis
603 4930 688 4983 vis
721 4929 819 4986 illa
851 4932 908 4986 in
942 4935 1136 4988 anima
1166 4935 1462 5003 elucescit,
1522 4956 1635 5007 quo
1689 4957 1785 5009 per
1871 4960 1932 4997 se

213 5030 381 5100 ipsa
423 5019 1146 5092 movetur,eodemque,ut
1177 5023 1257 5078 ita
1286 5025 1498 5095 dicam,
1521 5027 1738 5097 impetu
1799 5047 1929 5085 cum

213 5109 537 5176 ducibus
565 5106 688 5162 suis
721 5107 778 5162 in
811 5109 1064 5167 sublime
1095 5113 1297 5183 tendit,
1323 5130 1430 5170 nec
1461 5116 1620 5186 vagis
1652 5119 1933 5188 gradibus

209 5194 688 5268 consequitur.

859 5307 1017 5360 CAP.
1078 5307 1362 5365 LXXVIII.

202 5424 300 5478 De
348 5407 898 5493 ίηάέσίοηεεειτενηορ
930 5425 1033 5493 σξιο
1063 5415 1266 5493 enim
1297 5416 1673 5493 αφτραηαάίδί
1721 5435 1936 5493 (θυννο-

484 5489 578 5536 tes
603 5481 764 5548 fiunt,
798 5487 913 5550 aut,
946 5484 1009 5539 in
1065 5485 1274 5554 infero:
1332 5488 1722 5544 detruduntur.

298 5597 544 5661 Atque
581 5586 847 5660 singulas
879 5591 1123 5662 quidem
1179 5594 1430 5661 animus,
1493 5593 1612 5649 sive
1676 5599 1942 5670 nequiter

302 5708 448 5787 (20)
491 5703 721 5762 Contra
746 5706 1075 5779 Origenem.

1955 3273 1997 3341 C

2041 1979 2241 2042 giones
2289 1975 2634 2044 allegantur,
2708 1983 2765 2030 et
2807 1974 2965 2029 velut
3024 1976 3328 2032 decuriatae
3376 1977 3433 2030 in
3484 1991 3682 2030 earum

2037 2071 2400 2129 naturarum,
2435 2063 2649 2134 quibus
2693 2064 2789 2118 hic
2846 2064 3087 2118 addictaa
3147 2064 3514 2135 sub-ditesque
3559 2064 3685 2118 fue-

2038 2157 2191 2212 runt,
2227 2151 2424 2206 album
2460 2151 2813 2216 referuntur,
2851 2168 2956 2206 nec
2989 2152 3228 2208 omnino
3255 2157 3357 2208 aut
3389 2154 3679 2208 bonorum

2037 2240 2440 2296 autmalorum
2471 2240 2643 2295 sortis
2675 2241 2987 2316 participes
3019 2241 3307 2296 evadunt:
3362 2241 3478 2296 imo
3525 2257 3684 2311 qure-

2036 2330 2169 2385 dam
2190 2329 2640 2397 boni,autbono
2687 2331 2958 2386 contrarii
3028 2329 3188 2400 mali,
3239 2331 3485 2402 vestigia
3533 2329 3681 2384 ima-

2035 2419 2314 2489 ginantur
2345 2426 2400 2473 et
2430 2418 2776 2488 inspiciunt,
2810 2419 2958 2473 inter
2989 2434 3050 2475 se
3110 2420 3467 2490 quibusdam
3526 2419 3683 2474 velut

2033 2507 2093 2562 in
2126 2505 2819 2574 somniisconversantes,
2863 2511 3143 2577 quantum
3212 2507 3295 2562 eis
3347 2524 3380 2561 a
3429 2507 3678 2562 ducibus

2034 2596 2160 2650 suis
2182 2595 2557 2666 permititur:
2591 2596 2816 2665 hocque
2869 2595 3064 2650 divino
3124 2596 3378 2666 quodam
3432 2595 3674 2650 numine

2035 2684 2292 2739 faciunt:
2327 2700 2432 2738 nec
2467 2689 2655 2739 tamen
2685 2683 2927 2756 singulae
2960 2683 3226 2755 singulas
3283 2692 3513 2751 norunt,
3575 2685 3676 2739 sed

2035 2791 2163 2846 quas
2185 2775 2600 2829 sunteamdem
2634 2777 2850 2828 sortem
2880 2774 3122 2844 adeptae,
3156 2789 3293 2829 suos
3365 2773 3490 2828 alias
3539 2774 3678 2828 alia-

2035 2881 2166 2920 rum
2190 2863 2424 2919 ordines
2451 2868 2786 2935 perspectos
2817 2863 3054 2919 habent.
3117 2864 3232 2919 Nec
3287 2870 3482 2920 tamen
3529 2864 3682 2919 inter

2037 2970 2096 3010 se
2129 2954 2620 3010 contabulantur:
2667 2952 2772 3008 sed
2829 2951 3236 3009 collocationis
3281 2953 3403 3008 vice
3459 2958 3675 3008 mutuae

2035 3043 2253 3099 cedunt
2283 3042 2680 3112 cogitationes,
2721 3046 2776 3097 et
2813 3043 3099 3113 quidquid
3161 3044 3234 3099 ab
3286 3061 3404 3098 una
3451 3044 3678 3112 cogita-

2035 3131 2373 3198 tumiuerit,
2424 3131 2603 3200 hujus
2655 3136 2824 3201 typus
2875 3131 3185 3188 confestim
3235 3133 3296 3187 in
3337 3132 3519 3187 altera
3577 3133 3680 3187 de-

2035 3220 2504 3292 prehenditur,ac
2537 3220 2585 3274 si
2610 3219 2822 3275 anima:
2851 3219 2973 3274 aliae
3006 3220 3251 3275 aliarum
3277 3219 3525 3291 cogitata
3556 3236 3688 3275 mu-

2041 3309 2309 3365 tuointer
2339 3324 2401 3363 se
2432 3308 2890 3365 communicent.

2633 3435 2785 3490 CAP.
2838 3435 3080 3490 LXXIX.

2040 3543 2230 3599 Utrum
2251 3542 2460 3598 animo?
2488 3543 2808 3611 corporibus
2832 3543 3275 3611 przrexsliterin:
3318 3540 3686 3596 Earumdem-

2565 3628 2668 3682 que
2721 3629 2924 3690 genera
2983 3615 3158 3668 varia.

2104 3731 2385 3782 Caeterum
2437 3728 2800 3797 antiquiores
2849 3726 3191 3797 corporibus
3249 3725 3477 3779 animas
3519 3723 3676 3781 haud

2035 3832 2330 3887 quaquam
2361 3816 2829 3886 asserimus(20),
2864 3815 2962 3869 sed
3029 3832 3142 3869 una
3202 3830 3330 3868 cum
3373 3813 3491 3868 illis
3540 3830 3680 3868 ena-

2035 3909 2303 3960 scentes:
2338 3920 2450 3958 non
2480 3903 2696 3974 quiain
2731 3903 2848 3958 illis
2882 3902 3000 3957 ullo
3022 3903 3242 3957 semine
3263 3907 3682 3958 concrescant:

2035 3993 2135 4050 sed
2168 3992 2302 4063 quia
2327 3993 2691 4063 corporibus,
2725 3991 2900 4046 simul
2937 3999 3109 4060 atque
3177 3995 3566 4061 compacta,et
3600 3991 3668 4044 ad

2033 4080 2467 4155 generationem
2502 4079 2789 4153 disposita
2819 4083 2978 4145 sunt,
3037 4084 3188 4134 Deus
3237 4079 3370 4134 illas
3411 4079 3679 4149 inspiret.

2033 4169 2217 4228 Graeci
2258 4175 2448 4224 autem
2486 4171 2788 4223 universas
2823 4169 3046 4223 animas
3071 4170 3142 4224 ab
3173 4173 3388 4224 aeterno
3429 4173 3680 4233 creatas,

2033 4266 2089 4315 et
2121 4278 2153 4315 a
2182 4260 2451 4314 Creatore
2483 4259 2780 4328 dispersas
2813 4259 2994 4312 fuisse
3027 4258 3210 4325 aiunt,
3255 4275 3506 4329 quarum
3550 4257 3677 4313 aliae

2033 4365 2211 4420 supra
2243 4347 2452 4403 cmlum
2485 4351 2702 4413 essent,
2738 4363 2862 4415 quae
2923 4347 3412 4416 supermundanai
3443 4361 3678 4416 quoque

2034 4433 2558 4490 dicerenturzalize
2587 4433 2892 4488 veroinfra
2942 4433 3176 4499 coelum,
3237 4449 3488 4503 quarum
3548 4432 3672 4486 alia:

2034 4541 2166 4580 cum
2227 4522 2770 4590 lirmamento,alize
2795 4540 2927 4578 cum
2999 4522 3288 4576 sideribus
3336 4521 3679 4575 circumvol-

1963 4639 2005 4700 Β
2037 4619 2342 4668 verentur:
2369 4612 2663 4667 nonnullae
2695 4629 2825 4668 vero
2878 4611 3030 4665 infra
3069 4610 3440 4677 sublunares,
3501 4624 3684 4678 eaque

2040 4703 2109 4758 ad
2144 4703 2577 4773 generationem
2631 4702 2877 4756 maxime
2923 4701 3168 4762 idoneae,
3220 4715 3470 4770 quarum
3518 4697 3677 4761 alias,

2041 4809 2168 4864 quze
2200 4790 2449 4862 graviter
2470 4807 2780 4862 corporum
2813 4789 3095 4845 custodiae
3129 4788 3512 4857 invigilarint,
3567 4786 3693 4841 nul-

2039 4881 2276 4952 lamque
2306 4881 2398 4934 hic
2433 4879 2746 4943 maculam,
2784 4895 2885 4949 pro
2911 4879 3135 4932 ratione
3167 4876 3520 4948 moduloque
3555 4877 3682 4931 vitae

2043 4969 2460 5035 contraxerint,
2493 4968 2940 5023 sublimioribus
2965 4967 3104 5021 locis
3150 4967 3491 5038 assignant:
3543 4965 3689 5021 alias

2042 5076 2196 5127 vero,
2230 5075 2358 5128 quae
2391 5057 2683 5128 corporeis
2737 5055 3132 5126 voluptatibus
3179 5054 3312 5126 plus
3366 5072 3543 5127 quam
3588 5072 3693 5126 par

2047 5153 2136 5203 est
2165 5145 2558 5213 inservierint,
2593 5150 2796 5201 contra
2833 5144 2970 5200 hinc
3031 5143 3306 5200 deorsum
3372 5144 3698 5216 praecipites

2050 5237 2116 5291 ad
2150 5236 2268 5290 ima
2298 5234 2604 5304 dejiciunt,
2639 5238 2697 5289 et
2725 5233 3070 5303 corporibus
3093 5233 3224 5288 aliis
3256 5233 3696 5306 alligant.Quod

2048 5324 2097 5380 si
2121 5323 2266 5378 forte
2297 5322 2550 5377 Creatori
2578 5321 2821 5393 placeat,
2857 5325 2924 5376 ut
2963 5321 3296 5378 sublimiorl
3354 5328 3410 5379 et
3469 5323 3702 5378 meliori

2049 5413 2395 5484 praefectum
2426 5411 2546 5465 vita
2583 5411 2705 5465 haec
2737 5410 3162 5479 committatur,
3185 5411 3702 5482 admirabiliorquc

2051 5501 2223 5557 rebus
2258 5500 2503 5554 mutatio
2569 5502 2933 5558 decernatur.
2989 5504 3127 5554 tunc
3185 5500 3697 5572 supermundana-

2053 5609 2179 5647 rum
2213 5593 2541 5647 animarum
2578 5591 2880 5647 nonnullis
2906 5591 3142 5646 concedi
3177 5598 3466 5662 asserunt,
3537 5596 3598 5644 ut
3643 5593 3699 5645 in
