4090 6298
451 420 608 481 1199

1769 421 2088 484 ΝΙΟΕΤιΕ
2133 422 2576 486 [ΞΗΟΝΙΑΤΔΞ.

3703 434 3852 494 1200

451 556 640 608 terras
661 552 1294 624 descendant,moxque
1318 553 1413 609 ille
1442 571 1574 610 cum
1609 555 1908 625 triumpho
1951 569 2100 625 pree-
2129 557 2184 624 Α
2215 556 2318 610 des
2341 557 2528 612 redire
2559 575 2749 629 posse,
2783 577 2958 630 quam
2991 562 3038 616 si
3079 563 3695 634 corporibus,utantur
3725 583 3850 636 pur-

453 641 833 697 etantioribus
865 641 1148 696 comitatae
1203 644 1425 699 naturis
1485 644 1598 700 huc
1640 644 2006 699 descendunt
2048 647 2106 697 et

457 731 798 802 corporibus
831 731 1134 800 praefectus,
1169 733 1344 804 l'mga
1371 733 1466 788 die
1497 733 1826 789 libertatem
1851 731 2026 787 simul
2049 737 2107 786 et

454 819 706 874 salutem
737 820 808 874 iis
841 827 1174 889 procurant,
1195 837 1322 891 quae
1351 822 1408 876 in
1435 823 1549 877 vita
1594 823 1703 878 sibi
1738 821 1928 876 labem
1975 837 2106 891 per-

457 917 788 987 niciemque
845 923 1271 973 contraxerant.

1063 1025 1215 1080 CAP.
1296 1025 1503 1081 LXXX.

455 1137 528 1190 De
549 1130 736 1204 idolis,
761 1147 854 1185 seu
874 1133 1106 1204 spectris
1149 1133 1424 1188 umbrisve
1469 1129 1904 1204 φιλοσωμάτοις,
1957 1133 2104 1186 circa

517 1203 771 1272 sepulcra
799 1203 1160 1257 versantibus.
1209 1204 1408 1258 Eadem
1472 1203 1694 1274 prorsus
1727 1205 1796 1258 ad
1855 1205 2106 1272 verbum,

533 1287 658 1343 quae
691 1289 880 1344 supra.

529 1381 653 1435 Jam
714 1381 764 1435 si
805 1380 1013 1435 animas
1073 1398 1106 1436 a
1193 1381 1548 1452 quibusdam
1609 1399 1916 1453 corporum
1951 1381 2107 1435 idola

459 1469 624 1524 dicta
648 1474 806 1536 sunt,
841 1487 907 1524 ex
940 1469 1049 1526 hoc
1082 1471 1294 1526 inferre
1323 1471 1662 1543 quisquiam
1717 1471 1954 1543 poterit,
2035 1471 2106 1524 ab

456 1559 668 1612 animis
719 1557 1112 1628 imaginativis
1163 1560 1590 1632 corporearum‘g
1614 1561 1933 1614 formarum
1994 1559 2106 1612 im-

459 1645 794 1716 pressiones
817 1650 869 1700 vi
902 1662 1130 1718 eorum,
1190 1665 1316 1719 quae
1361 1649 1470 1704 sub
1518 1655 1812 1719 aspectum
1869 1648 2108 1714 cadunt,

459 1735 660 1804 recipi.
691 1736 916 1807 Corpus
947 1738 1105 1792 enim
1140 1738 1326 1808 ﬁgura
1360 1743 1607 1807 rectum,
1657 1743 1811 1793 tactu
1875 1739 2111 1806 durum,

2211 645 2535 717 gativisque
2565 649 2884 706 virtutibus
2917 652 3262 722 expientur:
3325 656 3478 710 unde
3539 655 3606 710 fit
3663 658 3848 726 etiam,

2214 740 2278 791 ut
2309 753 2382 791 ne
2413 737 2774 794 demonibus
2809 742 3044 810 quidem
3077 745 3146 796 ad
3167 744 3476 814 pristinam
3509 746 3847 816 dignitatem

2213 825 2438 879 reditus
2497 841 2755 896 unquam
2801 835 2998 898 patere
3057 831 3262 901 possit,
3345 834 3446 903 qui
3518 835 3672 888 enim
3735 837 3850 892 ﬁeri

2213 920 2408 986 queat,
2435 919 2498 970 ut
2529 917 2794 972 diabolus
2826 921 2896 974 ad
2931 919 3126 975 lumen
3175 928 3512 988 revertatur,
3577 930 3852 996 potestate

2216 1005 2498 1058 redeundi
2541 1006 2828 1077 denegata
2851 1007 3011 1062 ‘INec
3038 1009 3191 1064 enim
3229 1011 3450 1066 reditus
3505 1013 3602 1068 ille
3637 1015 3846 1070 reditui

2216 1109 2476 1163 personae
2507 1096 2863 1166 cujusquam
2897 1097 3104 1152 similis
3139 1105 3248 1168 est,
3299 1104 3364 1154 ut
3417 1117 3548 1156 cum
3603 1102 3792 1158 solem
3823 1122 3856 1159 a

2215 1185 2375 1251 tergo
2406 1181 2636 1249 habeat,
2677 1201 2924 1256 moxque
2971 1187 3362 1244 anterioribus
3413 1189 3472 1245 in
3537 1193 3854 1262 posteriora

2215 1271 2510 1326 conversis
2546 1271 2710 1328 illum
2763 1275 3028 1346 aspiciat,
3089 1277 3192 1332 sed
3250 1279 3488 1350 speculo
3549 1280 3742 1350 potius
3769 1283 3858 1336 ob-

2217 1375 2388 1414 scuro
2419 1360 2703 1416 assimilis
2761 1363 2878 1417 dici
2937 1369 3149 1434 potest,
3212 1368 3364 1437 quod
3427 1369 3666 1437 quidem
3701 1369 3748 1423 si
3780 1371 3854 1424 ita

2217 1448 2292 1503 sit
2331 1449 2626 1518 affectum,
2659 1451 2986 1521 quamlibet
3043 1455 3150 1508 soli
3185 1461 3524 1526 exponetur,
3561 1475 3854 1528 nunquam

2215 1538 2274 1594 in
2335 1557 2396 1595 se
2455 1541 2650 1596 lumen
2695 1543 2986 1610 admittat,
3048 1563 3152 1600 nec
3201 1546 3511 1618 splendore
3605 1565 3708 1604 suo
3781 1551 3856 1606 illi

2219 1631 2584 1700 respondeat,
2643 1632 2755 1686 nisi
2807 1635 2953 1687 forte
2985 1634 3148 1704 prius
3183 1645 3591 1708 perpurgetur,
3629 1643 3687 1694 et
3739 1657 3860 1710 per-

2221 1718 2492 1790 poliatur.
2528 1721 2596 1773 At
2625 1736 2780 1784 vero,
2813 1722 2914 1792 qui
2955 1723 3076 1777 fieri
3109 1726 3312 1794 possit,
3349 1731 3413 1780 ut
3443 1727 3716 1782 sordibus
3741 1729 3856 1784 suis

462 1823 655 1880 colore
687 1825 908 1892 album,
934 1825 1184 1898 denique
1229 1843 1403 1898 grave
1444 1834 1500 1882 et
1545 1844 1814 1898 asperum
1862 1831 1970 1894 est,
2007 1841 2099 1880 nec

2219 1807 2451 1864 eluatur
2479 1809 2730 1876 daemon,
2761 1827 2892 1865 cum
2922 1811 3192 1867 voluntas
3215 1814 3266 1868 ei
3299 1831 3414 1869 non
3445 1815 3600 1870 adsit
3631 1833 3758 1887 quae
3791 1819 3856 1871 ad

461 1913 546 1968 ita
576 1921 1001 1986 comparatum,
1036 1897 1178 1970 utin
1211 1933 1342 1971 aere
1383 1916 1835 1980 circumvolitet,
1887 1915 2099 1969 idolum

2221 1897 2608 1968 expiationem
2645 1899 2922 1970 sufﬁciat,
2989 1901 3322 1972 viribusque
3381 1904 3460 1959 sit
3520 1905 3860 1972 exhaustus,

462 2007 656 2057 autem
718 2005 1152 2059 tenebricosum
1226 2009 1336 2072 est,
1394 2009 1451 2059 et
1499 2005 1721 2059 umbrae.
1783 2001 2106 2074 persimile,

461 2091 638 2162 idque
705 2094 870 2161 adeo,
917 2094 1070 2163 quod
1130 2093 1301 2162 quale
1355 2094 1432 2148 sit
1479 2095 1570 2148 vix
1625 2092 1920 2163 conjicias.
1971 2094 2104 2156 Quae

457 2195 551 2235 res
585 2179 876 2234 Platonem
911 2197 1144 2251 quoque
1177 2181 1374 2252 movit,
1433 2185 1494 2235 ut
1543 2187 1772 2252 spectra
1827 2181 1930 2236 illa
1981 2199 2107 2236 um-

461 2269 713 2336 bratilia,
749 2286 876 2341 quae
907 2271 964 2324 in
1001 2269 1282 2341 sepulcris
1314 2272 1916 2340 apparerent,animas
1939 2268 2104 2346 φιλο-

466 2357 772 2429 σωμάτους,
807 2360 916 2415 hoc
946 2365 1036 2415 est
1066 2375 1375 2431 corporum
1430 2365 1714 2426 amantes,
1758 2360 2104 2415 nominave-

460 2451 554 2520 rit,
588 2458 649 2506 ut
681 2467 807 2521 quae
841 2467 911 2506 ne
934 2456 1056 2505 tum
1092 2452 1352 2522 quidem,
1396 2467 1528 2506 cum
1577 2451 1648 2505 ab
1712 2451 1822 2506 hoc
1882 2451 2102 2505 mundo

461 2541 736 2614 digressae
769 2543 909 2609 sint,
944 2544 1014 2597 ad
1067 2559 1278 2614 purum
1319 2543 1516 2598 lumen
1581 2547 1970 2611 revertantur;
2000 2543 2101 2598 sed

460 2631 656 2700 etiam,
681 2636 824 2687 tunc
856 2633 1006 2688 circa
1035 2649 1277 2703 corpora
1310 2637 1631 2698 versentur,
1684 2649 1813 2703 quae
1863 2631 2100 2703 quidem

465 2719 758 2776 servilium
807 2719 1169 2791 voluptatum
1219 2720 1507 2776 illecebris
1563 2727 1742 2792 captae
1785 2721 1841 2775 in
1894 2719 2103 2792 primis

460 2813 752 2865 amarunt.
812 2810 1033 2880 Corpus
1093 2827 1259 2880 porro
1321 2809 1540 2865 idolum
1602 2825 1834 2881 quoque
1891 2809 2101 2864 animis

457 2899 676 2954 dictum
701 2899 954 2970 est,quia
976 2899 1128 2969 quod
1163 2898 1246 2952 illi
1280 2898 1506 2967 oculus,
1541 2900 1676 2953 huic
1709 2915 1913 2954 mens:
1947 2899 2098 2968 quod

455 2987 540 3042 illi
571 2991 782 3054 tactus,
816 2987 953 3042 huic
984 2991 1068 3043 vis
1097 2987 1201 3042 illa
1231 2997 1316 3044 est
1349 3005 1466 3060 qua
1500 3005 1692 3043 rerum
1761 2988 1970 3043 veritas
2001 3003 2100 3043 ex-

456 3077 730 3148 quiritur.
765 3077 1042 3140 Quamvis
1073 3078 1193 3132 haec
1233 3078 1498 3148 gentium
1546 3078 1821 3148 dogmata
1882 3077 2101 3146 majore

460 3167 550 3223 sui
583 3183 649 3221 ex
676 3171 838 3236 parte
871 3164 1189 3220 redoleant.

1047 3273 1204 3327 CAP.
1257 3271 1497 3328 LXXXI.

462 3363 540 3416 An
588 3362 788 3416 anima
836 3375 962 3415 cum
1025 3361 1392 3486 corporibus!
1454 3362 1522 3416 ad
1607 3363 1879 3432 pristinas
1967 3361 2098 3430 ﬁdes

1159 3447 1218 3486 re
1259 3447 1362 3486 can
1402 3474 1414 3486 .

1159 3447 1254 3486 rea
1259 3447 1362 3486 can
1372 3447 1392 3485 ι
1402 3474 1414 3488 .

525 3520 798 3576 Gentium
829 3521 1172 3592 dogmataet
1199 3519 1307 3576 hoc
1339 3520 1580 3587 redolet,
1615 3521 1662 3576 si
1695 3521 1825 3592 quis
1872 3521 2098 3578 animas

453 3625 686 3680 quoque
719 3609 965 3678 peccatis
993 3610 1296 3678 obnoxias,
1345 3611 1724 3682 corporisque
1781 3609 2096 3666 iatniliares

456 3702 514 3754 et
552 3703 828 3769 cognatas
858 3713 988 3754 esse
1043 3699 1220 3766 dicat,
1282 3715 1384 3754 nec
1411 3697 1576 3755 aliter
1596 3699 1666 3755 ad
1699 3699 1979 3770 pristinas
2009 3715 2098 3755 se-

2221 1987 2438 2056 quibus
2465 1986 2517 2042 id
2554 1989 2943 2060 assequatur?

2827 2109 3254 2166 CAP.LXXX[I.

2221 2197 2294 2248 De
2327 2197 2682 2262 metangi'smo
2695 2211 2788 2250 seu
2807 2198 3260 2270 metempsychosi
3279 2197 3736 2270 Pyshagorica,et
3759 2203 3866 2257 hare

2715 2284 2904 2338 supra,
2933 2269 3131 2324 iisdem
3162 2269 3364 2326 verbis.

2287 2355 2442 2411 Idem
2479 2373 2648 2427 porro
2712 2357 3140 2434 μεταγγισμοὺς,
3189 2377 3421 2432 quoque
3489 2363 3848 2433 animarum,

2216 2447 2323 2502 hoc
2345 2451 2435 2502 est
2466 2447 2886 2518 elutriationes,
2906 2455 2962 2504 et
2991 2449 3063 2503 ab
3093 2467 3208 2505 uno
3227 2467 3364 2506 vase
3385 2451 3442 2506 in
3475 2452 3636 2508 aliud
3659 2458 3854 2508 trans-

2215 2537 2477 2591 fusiones
2509 2536 2900 2593 tradiderunt.
2937 2538 3034 2593 Est
3075 2543 3266 2594 autem
3303 2542 3707 2614 μεταγγιπμὸς,
3757 2543 3858 2598 hoc

2212 2631 2301 2682 est
2331 2625 2642 2695 elutriatio,
2701 2643 2830 2682 cum
2859 2645 2976 2683 una
3014 2633 3070 2684 et
3121 2630 3324 2685 eadem
3385 2633 3582 2686 anima
3645 2649 3714 2688 ex
3743 2633 3852 2688 hu-

2215 2731 2386 2771 mano
2417 2732 2650 2786 egressa
2721 2733 2981 2788 corpore,
3050 2735 3260 2789 corpus
3307 2719 3368 2774 in
3391 2719 3550 2774 aliud
3589 2725 3858 2776 transmi-

2210 2805 2682 2876 grat,aliquando
2715 2808 2890 2862 etiam
2923 2806 3248 2862 volatilium
3295 2813 3352 2863 et
3403 2811 3854 2882 quadrupedum

2211 2911 2454 2966 corpora
2481 2897 2657 2951 subit.
2695 2899 2881 2968 Hujus
2921 2899 3002 2953 rei
3057 2899 3414 2972 Pythagoras
3469 2901 3570 2956 ille
3628 2903 3858 2958 Samius

2215 2983 2377 3040 testis
2399 2989 2508 3053 est,
2541 2987 2640 3056 qui
2665 2985 3042 3057 Euphorbum
3095 2988 3262 3042 illum
3323 2990 3700 3060 statuarium,
3747 2993 3861 3062 .qui

2213 3089 2314 3144 pro
2363 3074 2629 3144 Trojanis
2676 3080 2878 3130 contra
2917 3079 3140 3132 Graecos
3195 3077 3688 3144 dimicaverat,ac
3733 3097 3858 3135 esse

2212 3161 2610 3232 profitebatur.
2665 3163 2852 3218 Testis
2910 3165 3046 3219 item
3107 3163 3320 3237 sybilla
3367 3167 3668 3239 Erythraea,
3730 3183 3846 3235 quo

2133 3286 2176 3351 α
2213 3267 2346 3306 cum
2381 3251 2635 3321 primum
2661 3268 2691 3307 e
2723 3253 2928 3308 matris
2957 3263 3115 3309 utero
3147 3254 3386 3326 prodiit,
3439 3258 3502 3310 de
3545 3254 3656 3324 poli
3721 3269 3836 3308 cce-

2215 3340 2568 3412 lestiumque
2601 3357 2908 3411 corporum
2953 3347 3160 3398 natura
3211 3343 3594 3416 philosophari
3643 3342 3843 3413 coepit.

2210 3429 2400 3484 Testi
2423 3429 2956 3502 deniqueTyaneus
2969 3431 3240 3502 Apolloni
3253 3435 3673 3498 us,Zoroastres
3691 3433 3858 3503 digg-

2211 3519 2389 3589 ptius.
2419 3518 2486 3572 Hi
2509 3519 2666 3574 enim
2698 3537 2765 3575 ex
2797 3520 3044 3576 aliarum
3077 3522 3414 3578 animorum
3449 3521 3862 3592 metangismis

2211 3609 2318 3662 hoc
2341 3613 2429 3662 est
2458 3607 2930 3666 elutriationibus
2963 3615 3020 3668 et
3069 3613 3600 3680 transfusionibus,
3655 3629 3716 3668 se
3747 3615 3864 3668 ori-

2207 3698 2405 3770 ginem
2431 3699 2666 3756 duvisse
2697 3702 2990 3758 dicebant.

1164 4039 1950 4204 NICET/E
2053 4015 3138 4207 CHONIAT/E

856 4329 1713 4454 THESAURI
1809 4333 2903 4460 ORTHUDUXAS
2993 4339 3438 4460 FlDEI

1641 4582 2009 4676 LIBER
2093 4585 2644 4681 TERTIUS.

1537 4783 1630 4839 DE
1660 4783 1877 4841 VERBI
1907 4785 2138 4844 DlVlNI
2171 4789 2728 4846 INCARNATIONE.

1096 5027 1326 5085 CAPUT
1367 5031 1410 5084 Ι.

432 5134 840 5202 Prophetarum
882 5138 954 5192 de
1011 5137 1167 5192 Verbi
1239 5137 1419 5190 divini
1499 5137 1883 5192 incarnatione
1931 5139 2086 5194 testi-

1149 5223 1359 5263 monia.

511 5313 764 5372 Utilibus
787 5316 856 5370 de
915 5317 1314 5373 incarnatione
1361 5317 1538 5372 Verbi
1597 5316 1912 5388 capitibus,
1951 5339 2080 5378 san-

432 5407 775 5475 ctorumque
835 5405 1070 5461 Patrum
1150 5407 1595 5474 assertionibus,
1677 5410 2082 5478 pramittenda

431 5502 568 5545 sunt
619 5495 1031 5564 prophetarum
1086 5496 1380 5550 vaticina:
1451 5496 1670 5566 quibus
1727 5497 1811 5554 illi
1869 5499 2080 5556 Filium

433 5575 532 5632 Dei
590 5597 657 5636 ex
713 5581 952 5656 Virgine
1033 5598 1268 5638 carnem
1365 5587 1834 5656 assumpturum,
1903 5595 1959 5644 et
2019 5591 2076 5646 in

505 5711 549 5744 1³
583 5715 734 5771 Pul.
761 5731 874 5788 uix,
908 5715 962 5769 3.

2197 5050 2370 5089 carne
2433 5051 2564 5091 cum
2653 5036 2992 5093 hominibus
3083 5043 3478 5110 versaturum,
3570 5041 3856 5112 sepelien-

2199 5125 2357 5196 dum,
2411 5131 2894 5197 resurrecturum,
2941 5131 2998 5182 et
3045 5129 3101 5183 in
3190 5128 3368 5184 oculos
3457 5144 3857 5186 escensurum

2197 5213 2613 5287 praedixerunt.

2592 5329 2636 5378 ι.
2699 5331 2773 5380 De
2825 5325 3031 5380 Lhristi
3062 5325 3444 5394 generatione.

2267 5417 2316 5470 1.
2348 5415 2578 5470 Psalmo
2599 5415 2911 5470 centesimo
2936 5415 3352 5470 nonoDavides
3376 5417 3494 5471 ait:
3555 5418 3640 5472 Ex
3689 5425 3870 5472 utero

2191 5515 2318 5560 ante
2349 5507 2644 5574 luci/erum
2670 5507 2840 5574 genui
2865 5511 2916 5559 te
2949 5503 3010 5558 ‘3.
3043 5505 3112 5558 Et
3133 5505 3409 5560 Salomon
3473 5506 3536 5561 in
3601 5523 3874 5579 persona

2193 5593 2563 5664 Verbi,quod
2589 5593 2740 5648 Patri
2766 5601 3110 5650 coaeternum
3165 5601 3290 5648 est:
3343 5595 3596 5651 Necdum
3642 5605 3878 5651 montes
