4090 6298
265 342 413 403 1201

1600 354 2007 419 THESAURI
2050 360 2200 421 LIB.
2246 362 2354 423 III.

3511 372 3667 433 1202

254 496 416 566 gravi
459 495 604 552 male
677 496 1056 565 constiterant,
1118 500 1349 557 necdum
1396 512 1573 574 fontes
1619 523 1902 578 aquarum
1934 495 2177 572 Asuper
2227 501 2426 569 ﬂuctus
2453 498 2623 553 maris
2671 498 2715 533 ³¹
2770 499 3075 570 [tauquam
3134 516 3312 572 super
3350 502 3644 574 pavimen-

258 594 583 657 eruperant,
624 593 754 642 ante
793 602 981 644 omnes
1010 590 1181 646 colles
1236 595 1589 658 parturiebar
1621 599 1685 653 ιδ.
1727 595 1915 654 ltem-'

259 691 369 746 que
405 676 643 730 Davides
703 675 816 732 alio
848 677 908 732 iu
966 677 1128 734 loco:
1160 681 1482 738 Benedictus
1520 686 1618 755 qui
1664 688 1817 741 venit
1845 688 1906 742 in

259 765 481 818 nomine
514 764 766 820 Domini:
825 770 970 821 Deus
1017 768 1278 824 Dominus
1334 780 1386 826 et
1416 773 1611 829 illuxit
1653 774 1807 830 nobis
1838 775 1902 829 1⁸.

256 852 399 906 Item
425 868 437 906 :
471 853 611 907 Deus
649 859 840 909 noster
868 858 1159 926 manifeste
1175 860 1376 928 veniet,
1407 868 1460 916 et
1491 878 1600 917 non
1629 862 1901 919 silebit“.

255 941 519 1012 Regnabit
550 948 696 997 Deus
723 959 887 1013 super
913 955 1099 1014 gentes
1132 944 1197 1000 ⁸⁷.
1230 950 1454 1005 Postula
1481 967 1515 1005 a
1548 967 1653 1018 me,
1684 959 1737 1009 et
1766 953 1904 1008 dabo

255 1031 360 1086 tibi
385 1035 568 1101 gentes
598 1031 979 1089 haereditatem
1010 1041 1165 1090 tuam
1198 1036 1261 1091 ι’.
1296 1037 1491 1095 Omnes
1518 1047 1704 1109 gentes
1730 1058 1903 1113 quas-

249 1135 466 1193 cunque
513 1123 725 1191 fecisti,
784 1125 1024 1189 venient,
1059 1135 1108 1179 et
1163 1125 1472 1183 adorabunt
1509 1146 1699 1184 coram
1727 1139 1777 1185 te
1836 1131 1900 1185 ¹⁹.

244 1210 393 1266 Item
424 1211 626 1267 Isaias.
690 1210 814 1270 Non
848 1213 1109 1284 angelus,
1174 1233 1287 1270 non
1327 1216 1576 1287 legatus,
1630 1220 1732 1275 sed
1763 1221 1903 1276 Deus

242 1300 365 1371 ipse
389 1300 588 1366 veniet,
620 1299 735 1371 ipse
765 1303 1014 1357 saloabit
1046 1319 1162 1359 nos.
1216 1306 1361 1360 Tunc
1394 1309 1718 1377 aperientur
1753 1309 1904 1366 oculi

243 1405 542 1459 ocrearum,
572 1402 627 1446 et
669 1408 833 1446 aures
879 1392 1178 1450 sui-dorum
1223 1396 1507 1466 patebunt.
1565 1398 1710 1453 Tunc
1728 1399 1902 1454 saliet

242 1482 392 1535 sicut
432 1497 621 1536 servus
672 1480 930 1548 claudus,
961 1486 1013 1538 et
1076 1494 1283 1556 aperta
1334 1488 1443 1542 erit
1496 1489 1692 1559 lingua
1720 1493 1898 1545 muto-

244 1585 375 1624 rum
408 1570 472 1624 ²⁰.
514 1569 651 1625 Item
679 1587 691 1624 :
729 1572 859 1627 Ecce
885 1572 1058 1640 Virgo
1084 1575 1373 1645 concipiet,
1406 1580 1454 1632 et
1480 1577 1666 1648 pariet
1691 1578 1897 1647 ﬁlium,

242 1668 295 1714 et
326 1660 615 1715 vocabitur
647 1677 848 1717 nomen
877 1663 996 1731 ejus
1026 1664 1356 1721 Emmanuel
1386 1666 1457 1722 τί.

314 1750 601 1805 Parvulas
659 1755 810 1806 enim
872 1757 1037 1807 natus
1083 1758 1158 1809 est
1215 1756 1395 1824 nobis,
1452 1762 1505 1812 et
1557 1758 1710 1828 ﬁlius
1742 1758 1899 1814 datus

234 1845 314 1894 est
352 1839 529 1904 nobis,
574 1844 647 1895 et!
670 1843 851 1909 factus
898 1845 977 1897 est
1021 1842 1367 1914 principatus
1408 1862 1569 1917 super
1599 1847 1887 1902 humerum
1921 1837 1968 1901 Β

236 1930 401 1997 ejus:
435 1931 488 1982 et
529 1930 816 1983 vocabitur
870 1946 1070 1985 nomen
1120 1934 1235 2001 ejus
1281 1934 1653 2001 admirabilis,
1699 1938 1882 1990 consi-

234 2018 472 2082 liarius,
509 2018 664 2084 Deus,
711 2019 908 2086 Fortis,
941 2020 1110 2075 Pater
1161 2024 1349 2089 futuri
1387 2022 1601 2089 seaculi,
1626 2026 1883 2095 princeps

225 2107 403 2178 pacis
460 2106 524 2160 ²².
549 2108 741 2162 Amen.

301 2196 471 2251 Idem
506 2195 618 2250 alio
652 2196 808 2251 loco:
844 2197 1011 2252 Terra
1053 2198 1331 2265 Zabulon,
1362 2206 1417 2254 et
1455 2207 1608 2255 terra
1646 2201 1883 2270 Nephta-

232 2286 365 2351 lim,
398 2285 485 2339 via
528 2286 725 2351 maris,
775 2291 929 2339 trans
978 2287 1269 2342 Iordanem
1330 2288 1573 2345 Galilsese
1613 2292 1880 2359 gentium.

242 2374 510 2446 Populus,
564 2375 663 2444 qui
720 2374 1041 2429 ambulabat
1086 2375 1143 2430 in
1204 2378 1464 2446 tenebris,
1515 2379 1655 2433 vidit
1711 2379 1885 2434 lucem

240 2478 505 2533 magnam
535 2462 602 2517 ³³.
641 2462 785 2516 Item
817 2463 1123 2517 Michtras:
1160 2465 1224 2519 Et
1250 2469 1332 2533 tu,
1366 2467 1662 2537 Bethleem,
1694 2469 1884 2523 domus

241 2552 508 2621 Ephrata,
541 2567 892 2623 nequaquam
922 2553 1164 2607 minima
1185 2569 1241 2608 es
1272 2556 1591 2611 inmillibus
1619 2555 1774 2613 Iuda.
1804 2560 1884 2611 Ex

241 2645 293 2696 te
321 2642 469 2696 enim
500 2641 642 2696 mihi
695 2640 946 2696 adveniet
990 2643 1135 2707 Dux,
1186 2647 1248 2697 ut
1275 2643 1349 2699 sit
1374 2646 1632 2717 princeps
1672 2647 1729 2700 in
1757 2646 1884 2700 Hie-

239 2730 514 2799 rusalem,
546 2738 598 2787 et
627 2734 810 2787 exitus
839 2733 957 2789 eius
984 2748 1017 2786 a
1047 2732 1239 2789 diebus
1262 2736 1456 2790 saeculi
1483 2736 1547 2791 ²⁴.
1598 2738 1743 2791 Item
1778 2736 1883 2790 Da-

239 2823 405 2876 vides
430 2820 602 2877 alibi:
637 2822 802 2876 Mater
825 2822 963 2877 Sion
1021 2822 1203 2879 dicet:
1232 2824 1420 2890 Homo,
1450 2828 1502 2879 et
1532 2824 1688 2881 homo
1718 2835 1883 2881 natus

244 2918 326 2965 est
353 2910 412 2964 in
437 2926 522 2975 ea,
554 2919 603 2967 et
632 2913 747 2981 ipse
773 2910 1028 2982 fundavit
1051 2928 1170 2967 eam
1199 2912 1526 2969 Altissimus
1555 2913 1621 2969 εδ.

759 3038 812 3092 2.
852 3043 931 3092 De
956 3039 1092 3109 fuga
1122 3038 1351 3095 Christi.

307 3141 530 3197 Rursus
562 3142 740 3198 Isaias
792 3144 861 3199 de
913 3144 1124 3201 Christi
1173 3146 1310 3216 fuga
1343 3145 1402 3203 iu
1447 3149 1761 3218 Egyptum
1795 3148 1878 3204 sic

233 3231 351 3287 ait:
385 3231 517 3286 Ecce
543 3230 808 3288 Dominus
854 3232 1114 3288 ascendet
1164 3250 1332 3305 super
1358 3235 1558 3290 nubem
1603 3235 1796 3304 levem,
1828 3244 1881 3292 et

232 3319 582 3391 ingredietur
609 3322 925 3392 Egyptum,
976 3333 1027 3378 et
1056 3324 1544 3379 commovebuntur
1583 3326 1883 3381 simulacra

237 3408 472 3481 Egypti
501 3427 534 3464 a
562 3412 709 3475 facie
728 3411 847 3478 eius
868 3411 935 3465 ³⁸.

2010 590 2187 661 tum.]

2080 681 2225 735 Item
2250 676 2589 735 Zacharias:
2640 677 2865 732 Exsulta
2888 678 3040 744 satis,
3084 678 3212 750 ﬁlia
3240 680 3414 738 Sion:
3452 682 3653 753 iubila,

2008 769 2127 841 ﬁlia
2155 769 2483 826 Jerusalem.
2538 769 2668 822 Ecce
2717 770 2829 824 Rex
2879 777 3005 824 tuus
3061 771 3213 825 venit
3239 771 3344 827 tibi
3380 773 3565 844 justus
3593 782 3647 831 et

2009 860 2278 925 Salvator,
2316 859 2425 929 ipse
2488 873 2700 928 pauper
2746 859 3038 913 ascendens
3091 875 3255 931 super
3307 860 3549 929 asinam,
3592 868 3646 920 et

2006 964 2171 1020 super
2191 946 2416 1018 pullum
2445 946 2626 1017 ﬁlium
2655 948 2832 1003 asinae
2860 945 2928 1002 32.

2374 1066 2427 1120 6.
2458 1066 2530 1119 De
2557 1064 2708 1121 Inda
2730 1064 2938 1119 Christi
2964 1065 3266 1135 prodilore.

2079 1183 2355 1238 Praeterea
2386 1179 2632 1235 Davides
2660 1180 2729 1234 de
2757 1179 2921 1235 Judte
2954 1189 3007 1235 et
3046 1181 3477 1239 Pharisaeorum
3514 1202 3643 1257 pro-

2004 1271 2244 1336 ditione,
2319 1270 2471 1324 hunc
2554 1268 2610 1323 in
2668 1270 2904 1324 modum
2987 1270 3230 1326 scribit:
3289 1275 3401 1342 Qui
3462 1273 3653 1331 edebat

1998 1377 2175 1432 panes
2206 1376 2439 1427 mecum,
2499 1360 2875 1429 magni/ienuit
2920 1376 3085 1430 super
3113 1376 3212 1429 ,me
3243 1363 3647 1433 supplantatio-

2001 1465 2127 1505 nem
2156 1448 2223 1504 ⁸³.

2077 1540 2249 1593 Item:
2285 1538 2465 1607 Quare
2514 1540 2864 1608 fremuerunt
2909 1542 3121 1609 gentes,
3153 1547 3202 1593 et
3243 1541 3438 1610 populi
3465 1541 3643 1596 medi-

2002 1630 2108 1684 tati
2132 1630 2262 1683 sunl
2292 1625 2492 1681 inania
2522 1624 2565 1660 ³⁸
2587 1626 2615 1681 ?

2427 1757 2486 1810 7.
2528 1760 2606 1810 De
2628 1755 2842 1810 Christi
2871 1752 3199 1810 delenlione.

2071 1894 2211 1964 Ejus
2260 1907 2491 1963 quoque
2550 1888 2938 1944 deleutionem
2999 1889 3090 1944 his
3153 1891 3346 1946 verbis
3376 1891 3643 1961 praedixit

1997 1982 2179 2038 Isaias
2203 1998 2215 2035 :
2256 1982 2344 2037 νδε
2373 1981 2582 2035 animae
2610 1995 2817 2049 eorum,
2849 1980 3121 2049 quoniam
3151 1979 3378 2035 reddita
3398 1986 3525 2035 sunt
3552 1998 3636 2035 eis

1995 2072 2147 2127 mala
2177 2068 2244 2141 ³⁵,
2272 2068 2488 2141 quippe
2532 2068 2633 2139 qui
2683 2066 2974 2121 dixerint:
3024 2066 3634 2138 Circumveniamusju-

1996 2170 2162 2228 stum,
2190 2158 2322 2232 quia
2352 2156 2576 2213 inutilis
2606 2165 2682 2211 est
2710 2156 2869 2211 nobis
2898 2155 2961 2210 ³⁸.

2459 2303 2512 2356 8.
2547 2306 2625 2357 De
2649 2300 2863 2357 Christo
2889 2301 3175 2371 cruciﬁxo.

2068 2440 2226 2495 Idem
2282 2435 2569 2509 propheta
2600 2435 2668 2489 de
2720 2433 2934 2490 Christi
3001 2450 3229 2505 quoque
3267 2433 3640 2490 cruaiiixioue

1998 2529 2084 2584 sie
2116 2526 2330 2583 habet:
2391 2524 2542 2579 Sicut
2578 2524 2694 2579 ovis
2764 2522 2835 2578 ad
2900 2524 3227 2578 occisionem
3284 2523 3539 2589 ducetur,
3589 2528 3641 2579 et

1996 2618 2156 2687 quasi
2181 2630 2355 2685 agnus
2384 2629 2573 2669 coram
2603 2614 2861 2667 tondente
2888 2627 2944 2668 se
2974 2611 3342 2667 obmutescet:
3374 2626 3479 2667 non
3510 2628 3636 2682 ape-

1998 2708 2102 2760 riet
2132 2719 2190 2759 os
2215 2719 2392 2757 suum.
2427 2702 2500 2757 De
2556 2699 2821 2771 angustia
2851 2704 2902 2754 ct
2926 2699 2990 2755 de
3004 2698 3226 2771 judicio
3254 2700 3502 2754 sublatus
3530 2705 3630 2755 est.

1999 2791 2412 2848 Generationem
2462 2789 2577 2860 ejus
2623 2791 2747 2859 quis
2790 2788 3082 2845 enarrabit
3129 2786 3219 2842 37?
3250 2788 3507 2859 (Hocest
3537 2804 3637 2855 ge-

1998 2879 2358 2936 nerationem
2410 2880 2558 2949 ejus,
2615 2894 2740 2949 quae
2791 2878 3004 2933 saecula
3058 2876 3256 2933 omnia
3312 2876 3632 2949 praecessit)

1992 2975 2217 3041 propter
2245 2970 2420 3024 scelus
2476 2967 2670 3039 populi
2698 2970 2810 3023 mei
2867 2968 3114 3039 percussi
3165 2983 3309 3021 eum.
3354 2966 3532 3022 ltem:
3574 2967 3639 3021 Et

1994 3059 2146 3114 dabit
2189 3058 2388 3130 impios
2441 3073 2539 3129 pro
2581 3056 2884 3128 sepultura,
2935 3062 2987 3111 et
3037 3057 3269 3112 divitem
3313 3070 3412 3121 pro
3459 3062 3636 3111 morte

1991 3165 2088 3205 sua
2117 3147 2184 3204 ³⁸.

2112 3282 2166 3336 9.
2201 3282 2276 3337 De
2302 3280 2616 3336 verberibus
2648 3284 2699 3335 et
2728 3280 2995 3350 colaphis,
3026 3278 3228 3350 quibus
3255 3279 3509 3336 Christus

2650 3366 2823 3409 οέεειιε
2855 3359 2959 3408 est.

2060 3467 2263 3522 Itidem
2300 3468 2372 3522 de
2421 3467 2515 3536 iis,
2548 3466 2647 3538 qui
2692 3465 3030 3522 verberibus
3075 3479 3209 3521 eum
3269 3470 3326 3520 et
3369 3465 3632 3538 colaphis

1984 3574 2091 3615 con
2105 3558 2549 3628 fecerunt,apud
2580 3558 2850 3612 eumdem
2876 3555 3215 3627 prophetam
3246 3554 3370 3610 haec
3400 3560 3456 3610 et
3476 3555 3633 3626 ejus-

1988 3646 2144 3703 modi
2188 3647 2491 3719 leguutur:
2552 3649 2760 3717 Corpus
2788 3661 2971 3701 meum
3031 3643 3157 3699 dedi
3200 3643 3632 3715 percutientibus

1984 3738 2033 3791 et
2062 3750 2231 3805 genus
2281 3733 2622 3789 vellentibus.
2681 3732 2895 3788 Faciem
2952 3747 3128 3786 meam
3186 3748 3296 3787 non
3344 3734 3516 3787 averti
3551 3731 3624 3787 ab

1983 3822 2395 3892 increpantibus
2422 3826 2475 3877 et
2504 3821 2922 3893 conspuentibus
2949 3818 3016 3876 ³ο.

2058 3913 2183 3982 Ipse
2239 3926 2473 3982 quoque
2547 3910 2789 3965 Devides
2833 3910 2891 3963 in
2959 3925 3209 3980 persona
3265 3910 3474 3966 Christi
3539 3911 3624 3967 sic

1984 4000 2160 4056 habet
2184 4017 2198 4054 :
2233 3999 2503 4066 Quoniam
2533 4013 2627 4069 ego
2656 4000 2715 4052 in
2743 3997 2966 4070 ﬂagella
3011 4005 3244 4067 paratus
3277 4015 3422 4069 sum,
3448 4005 3501 4054 et
3531 4000 3624 4054 do-

700 3535 755 3590 3.
788 3536 862 3591 De
887 3537 1153 3608 baptismo
1184 3538 1406 3595 Christi.

308 3642 459 3696 Item
495 3641 566 3695 de
625 3642 915 3711 Baptismo
949 3643 1077 3713 ejus
1127 3644 1262 3699 alibi
1297 3645 1542 3703 Davides
1573 3646 1654 3703 ita
1676 3646 1832 3702 canit
1860 3663 1874 3702 :

239 3732 355 3787 Vox
380 3732 611 3785 Domini
637 3745 806 3801 super
855 3747 1047 3802 aquas.
1084 3734 1225 3789 Deus
1270 3737 1582 3803 maiestatis
1612 3737 1879 3803 intonuit,

238 3823 515 3877 Dominus
536 3836 700 3891 super
722 3836 894 3892 aquas
922 3822 1127 3877 multas
1157 3822 1222 3879 ετ.

567 3910 618 3963 4.
656 3911 731 3964 De
757 3909 964 3964 morbis
994 3927 1027 3964 a
1061 3911 1277 3967 Christo
1307 3913 1541 3967 curatis.

311 3995 451 4049 Item
477 3995 548 4050 de
602 3995 821 4051 morbis
848 3998 920 4051 ab
973 4012 1041 4052 eo
1090 4000 1340 4055 curatis:
1407 3998 1534 4054 Vere
1590 3997 1881 4067 languores

238 4086 457 4138 nostros
510 4086 625 4153 ipse
670 4083 828 4156 tulit,
876 4096 928 4141 et
978 4086 1191 4141 dolores
1254 4091 1469 4141 nostros
1523 4086 1637 4157 ipse
1692 4091 1879 4157 porta-

240 4172 318 4225 vit
347 4170 413 4227 ³⁸.

625 4280 679 4333 5.
713 4280 786 4334 De
811 4279 1073 4336 descensu
1104 4278 1165 4335 in
1198 4280 1493 4353 Virginem.

309 4385 453 4441 Item
483 4385 555 4440 de
584 4386 869 4443 descensu
902 4388 1160 4458 ejusdem
1194 4387 1254 4442 in
1285 4388 1607 4459 virgineam
1641 4388 1835 4444 alvum
1862 4405 1878 4444 :

236 4473 537 4529 Descendet
556 4476 698 4530 sicut
745 4477 937 4546 pluvia
970 4478 1031 4531 in
1072 4475 1269 4545 vellus,
1322 4481 1373 4532 et
1400 4476 1546 4532 sicut
1584 4477 1878 4533 stillicidia

233 4563 518 4619 stillantia
557 4580 724 4636 super
770 4575 974 4620 terram
1008 4565 1074 4619 ’9.
1139 4566 1203 4620 Et
1235 4566 1406 4637 paulo
1439 4571 1604 4637 post:
1639 4568 1776 4622 Ante
1793 4584 1879 4622 so-
1913 4555 1957 4618 D

235 4654 345 4709 lem
383 4657 672 4726 permanet
728 4670 929 4709 nomen
958 4654 1094 4725 ejus,
1142 4658 1196 4710 et
1255 4654 1634 4710 benedicentur
1679 4654 1740 4709 in
1765 4657 1883 4727 ipso

232 4759 424 4800 omnes
473 4743 650 4799 tribus
718 4752 907 4812 terrae,
981 4759 1163 4800 omnes
1214 4751 1400 4814 gentes
1454 4743 1886 4815 magniﬁcabunt

230 4849 357 4889 eum
387 4833 454 4887 ³³.

306 4919 459 4974 Fieri
493 4925 688 4975 autem
751 4937 867 4976 non
917 4925 1124 4992 potest,
1179 4926 1240 4976 ut
1284 4920 1405 4977 haec
1452 4922 1523 4978 de
1549 4922 1884 4991 Salomone,

232 5012 524 5079 tanquam
547 5007 770 5077 Judaao,
800 5009 955 5066 dicta
985 5012 1124 5080 sint,
1157 5027 1262 5066 nec
1292 5010 1445 5067 enim
1487 5012 1598 5067 fuit
1619 5010 1717 5067 ille
1748 5015 1886 5068 ante

232 5097 442 5154 solem.

309 5188 454 5243 Item
487 5183 709 5241 Jobus:
742 5188 855 5257 Qui
885 5191 1132 5246 extendit
1159 5191 1319 5246 ccelos
1337 5188 1511 5258 solus,
1544 5193 1598 5245 et
1628 5188 1886 5261 graditur

1987 4091 2070 4146 lor
2088 4104 2243 4145 meus
2272 4091 2332 4143 in
2353 4092 2641 4159 conspectu
2670 4102 2787 4142 meo
2818 4102 3034 4159 semper
3061 4089 3125 4144 ‘°.

2449 4213 2536 4268 10.
2572 4215 2649 4268 De
2678 4213 2898 4270 Christo
2927 4214 3161 4270 vendito.

2060 4332 2135 4387 De
2164 4328 2497 4386 venditione
2547 4343 2779 4400 quoque
2837 4329 2966 4399 ejus
3023 4330 3307 4388 Jeremies
3365 4331 3523 4388 hunc
3570 4332 3629 4387 in

1988 4422 2221 4476 modum
2255 4419 2428 4474 verba
2473 4418 2734 4473 facit:Et
2791 4425 3116 4488 acceperunt
3165 4422 3409 4493 triginta
3438 4436 3633 4489 argen-

1990 4518 2117 4574 teos,
2180 4508 2417 4578 pretium
2484 4508 2802 4578 appretiati,
2861 4523 3021 4578 quem
3077 4510 3535 4578 appretiavernnt
3591 4526 3630 4561 α

1990 4598 2131 4670 ﬁliis
2160 4598 2349 4665 Israel,
2383 4605 2434 4652 et
2480 4595 2751 4651 dederunt
2796 4612 2884 4652 eos
2915 4599 2970 4652 in
3004 4613 3207 4668 agrum
3257 4595 3449 4667 ﬁguli,
3495 4598 3635 4652 sicut

1991 4688 2278 4744 constituit
2307 4686 2450 4741 milii
2472 4685 2732 4740 Dominus
2751 4686 2794 4722 “
2809 4727 2822 4740 .

2062 4777 2127 4830 Et
2155 4777 2500 4835 Zacharias:
2550 4781 2626 4835 Et
2670 4776 3056 4850 appenderunt
3103 4773 3398 4831 mercedem
3457 4787 3639 4829 meam

1992 4865 2230 4936 triginta
2250 4870 2524 4936 argenteis
2554 4867 2623 4922 η.

2483 4985 2565 5041 11.
2598 4985 2674 5041 De
2700 4984 2893 5056 spinea
2921 4999 3145 5040 corona.

2065 5107 2212 5173 Quin
2244 5112 2300 5162 et
2352 5107 2624 5165 Salomon
2684 5109 2744 5164 in
2811 5108 3048 5166 Cantica
3105 5108 3467 5164 canticorum
3515 5105 3637 5162 ait:

1995 5196 2360 5268 Egredimini,
2415 5202 2465 5253 et
2505 5197 2701 5268 videte,
2762 5199 2894 5269 ﬁlix
2951 5197 3108 5264 Sion,
3169 5213 3356 5271 regem
3394 5196 3637 5252 Salomo-

308 5352 357 5390 ¹⁴
391 5352 567 5408 Prov.
603 5353 850 5417 v111,25.
930 5351 977 5386 ‘5
1009 5354 1155 5409 Psal.
1232 5370 1402 5418 cxvn,
1461 5355 1549 5409 26.
1628 5352 1672 5389 ¹⁸
1705 5351 1856 5407 Psal.
1911 5368 2065 5416 χιιι,
2120 5353 2176 5407 3.
2253 5351 2299 5385 ‘7
2333 5352 2481 5406 Psal.
2530 5369 2681 5418 x1.v1,
2737 5354 2791 5409 9.
2873 5353 2915 5387 ¹⁸
2962 5353 3111 5408 Psal.
3173 5371 3234 5420 11,
3268 5355 3320 5409 8.
3401 5350 3447 5385 ¹⁹
3476 5350 3629 5407 Psal.

234 5424 534 5497 LXXXVLQ.
614 5423 660 5460 ³ο
688 5425 801 5480 Isa.
843 5441 1008 5493 xxxv,
1059 5427 1091 5481 4
1122 5442 1285 5497 seqq.
1364 5428 1405 5475 ι¹
1440 5426 1551 5481 Isa.
1602 5441 1730 5497 ιρι.-
1766 5424 1851 5497 14.

2018 5423 2249 5497 Isa._1x,
2275 5424 2360 5497 U6.

2439 5425 2483 5459 ²³
2546 5426 2655 5481 Isa.
2721 5429 2837 5493 1,2.
2916 5424 2962 5459 “
3019 5425 3189 5479 Mich.
3225 5442 3278 5494 ν,
3327 5423 3646 5488 2;Matth.

246 5512 309 5550 11.
338 5498 421 5567 6._
456 5495 504 5531 ²⁸
535 5497 693 5553 Psal.
728 5513 952 5564 1.xxxv1,
982 5498 1035 5552 5.
1093 5496 1140 5531 ²⁶
1172 5494 1284 5552 Isa.
1316 5513 1434 5567 χιχ,
1467 5497 1518 5552 1.
1597 5494 1645 5530 ³⁷
1700 5494 1850 5551 Psal.

2018 5510 2105 5567 111,
2136 5495 2193 5567 3.
2269 5494 2319 5529 ³⁸
2347 5497 2459 5553 Isu.
2482 5511 2613 5567 1:111,
2646 5497 2699 5553 4.
2777 5495 2821 5532 ²⁹
2854 5496 3004 5552 Psal.
3039 5512 3191 5563 uxr,
3223 5498 3278 5552 6.
3355 5495 3401 5537 ³⁸
3430 5494 3643 5567 l_l_1.it6,

236 5567 327 5621 i7.
406 5565 450 5603 ³⁸
489 5567 619 5624 Job.
655 5585 732 5632 lx,
765 5570 819 5623 8.
897 5568 943 5602 ”
978 5568 1157 5624 Zarch
1202 5584 1276 5630 ιι.
1300 5568 1355 5624 9.
1422 5564 1478 5615 ⁷³³
1506 5567 1659 5624 Psal.
1697 5582 1788 5635 11.,
1821 5567 1886 5621 10

2018 5565 2032 5599 ¹
2067 5566 2220 5622 Psal.
2256 5583 2318 5635 ιι,
2352 5568 2401 5621 1.
2478 5564 2527 5600 ³⁵
2561 5566 2667 5624 Isa.
2702 5568 2864 5633 111,9.
2940 5568 2987 5604 ³⁸
3012 5573 3144 5636 Bap.
3183 5584 3241 5623 11.
3278 5568 3363 5621 13.
3439 5565 3484 5599 ³⁷
3515 5566 3626 5619 Isa.

237 5653 362 5705 1.111,
404 5638 460 5692 7.
541 5639 584 5674 ³⁸
611 5639 755 5696 ibid.
795 5642 849 5695 8.
926 5638 973 5675 ³⁸
1002 5641 1110 5697 Isa.
1166 5656 1217 5708 1.,
1248 5639 1302 5694 6.
1379 5637 1426 5672 ⁴⁰
1454 5639 1610 5695 Psal.
1643 5653 1889 5708 xxxvn,‘

2046 5636 2090 5673 “
2116 5637 2319 5693 Matth.
2355 5655 2528 5708 χχιι-ιι,
2559 5638 2614 5693 9.
2691 5639 2737 5673 δ’
2767 5640 2939 5695 Zacb.
2972 5655 3053 5705 ιι,
3088 5641 3173 5693 12.
