4090 6298
394 337 552 404 1203

401 566 466 621 in
491 564 581 618 die
609 557 1052 632 desponsationis
1081 555 1240 611 illius
1269 551 1336 606 ‘3.

473 654 759 710 Coronam
794 653 988 704 autem
1014 645 1279 717 spineam
1328 638 1628 710 intelligit,
1661 653 1780 710 qua
1809 650 2048 692 corona-

400 750 500 800 tus
522 745 613 798 est
642 740 913 797 Christus
967 740 1231 805 tempore
1280 728 1599 803 passionis,
1643 745 1678 782 a
1710 730 1895 782 matre
1927 739 2058 790 sua,

399 832 742 889 Judasorum
771 832 1096 899 Synagoga.

663 973 752 1029 12.
783 972 855 1027 De
879 971 1072 1038 clavis,
1105 965 1358 1033 vestibus,
1383 963 1530 1034 felle,
1563 969 1614 1018 et
1635 967 1804 1016 aceto.

1711 319 2034 384 NICETIE
2075 317 2494 383 αΗοΝιΑΤΑς

395 493 521 533 nem
554 474 616 530 in
647 469 988 533 diademate,
1038 481 1142 538 quo
1169 459 1463 520 coronavit
1519 459 1684 516 illum
1711 465 1891 513 mater
1916 471 2043 521 sua,
2083 457 2140 524 Α

3663 317 3835 380 1204

2500 459 2585 514 16.
2621 459 2694 515 De
2723 458 3016 513 Daminica
3045 457 3477 512 Resurrectione.

2235 565 2394 621 Idem
2428 581 2662 638 quoque
2693 565 2764 621 de
2819 563 3244 620 resurrectione
3289 563 3448 618 hunc
3478 564 3538 618 in
3571 562 3824 617 modum

2163 653 2512 710 vaticinalus
2543 660 2666 711 est:
2703 655 2818 710 Non
2873 653 3218 725 derelinques
3269 651 3518 708 animam
3547 667 3735 706 meam
3759 653 3820 706 in

2163 745 2412 815 Inferna,
2445 759 2620 816 neque
2674 744 2828 799 dabis
2880 747 3128 798 sanctum
3181 744 3340 796 tuum
3397 743 3587 797 videre
3623 755 3828 795 corru—

2164 831 2402 903 ptionem
2431 832 2496 888 ⁸⁵.

2241 921 2382 976 Item
2415 921 2598 977 Osee:
2639 921 2844 995 Venite,
2901 928 2952 976 et
2985 927 3325 976 revertamur
3379 917 3457 974 ad
3486 918 3821 987 Dominum,

2169 1026 2298 1082 quia
2357 1012 2474 1082 ipse
2519 1011 2683 1082 cepit,
2724 1015 2776 1066 et
2813 1008 3036 1065 sanabit
3078 1024 3175 1064 nos
3226 1016 3352 1080 post
3386 1008 3520 1064 duos
3575 1007 3719 1063 dies.
3765 1008 3830 1062 In

477 1101 609 1157 Alio
641 1098 784 1154 item
815 1095 941 1152 loco
972 1093 1220 1150 Βανίάθε
1271 1091 1340 1146 de
1381 1088 1594 1144 ϐὶᾶνίεε
1633 1085 1906 1141 “derum
1936 1097 2062 1137 ma'
2169 1100 2258 1156 die
2287 1103 2449 1155 tertia
2503 1099 2793 1156 suscitabit
2846 1115 2961 1167 nos,
3019 1103 3070 1154 et
3125 1099 3367 1154 vivemus
3422 1098 3485 1153 in
3532 1099 3829 1168 conspectu

407 1207 514 1245 nus
542 1203 712 1254 meas,
761 1194 812 1241 et
867 1182 1028 1256 pedes
1095 1197 1266 1247 meos,
1315 1178 1818 1233 dinumeraverunt
1876 1168 2063 1226 omnia

409 1294 534 1335 ossa
566 1293 706 1332 mea.
761 1275 1072 1328 Diviserunt
1105 1269 1216 1324 sibi
1262 1265 1584 1323 vestimenta
1641 1277 1780 1326 mea,
1813 1265 1862 1316 et
1895 1273 2066 1330 super

410 1377 611 1424 vestem
639 1381 818 1421 meam
867 1365 1138 1418 miserunt
1193 1366 1402 1414 sortem
1445 1356 1510 1408 “.
1545 1354 1643 1408 Et:
1704 1350 1974 1406 Dederunt
2007 1349 2070 1402 in

410 1472 589 1512 escam
645 1469 822 1508 meam
893 1450 988 1520 fel,
1043 1452 1097 1504 et
1141 1447 1202 1503 in
1251 1447 1346 1501 siti
1421 1459 1546 1498 mea
1604 1442 1926 1512 potaverunt
1979 1451 2070 1490 me

413 1554 565 1602 aceto
597 1543 667 1595 ‘5.
700 1539 1008 1596 Zacharias
1067 1551 1299 1609 quoque
1344 1531 1628 1606 prepheta
1663 1530 1748 1584 sic
1771 1544 1790 1582 :
1820 1529 1888 1582 Et
1915 1526 2071 1582 dice-

417 1639 510 1690 tur
537 1635 625 1688 ei:
659 1630 802 1699 Quid
830 1639 960 1685 sunt
987 1627 1162 1698 plaga
1186 1629 1303 1680 istae
1345 1623 1406 1678 in
1439 1621 1620 1678 medio
1651 1634 1919 1674 manuum
1943 1618 2071 1670 tua-

420 1726 588 1778 rum.’
613 1726 681 1778 Et
732 1721 910 1776 dicet:
960 1720 1050 1774 His
1077 1717 1330 1789 plagulas
1386 1729 1508 1768 sum
1551 1711 1610 1766 in
1670 1710 1825 1765 domo
1862 1723 2072 1775 eorum,

419 1815 522 1886 qui
547 1811 851 1881 diligebant
877 1823 963 1863 me
990 1805 1058 1860 ⁴⁶.

608 1955 695 2010 13.
732 1957 808 2009 De
837 1949 1077 2008 tenebris
1095 1964 1130 2004 a
1149 1945 1368 2003 Christi
1391 1945 1654 2016 passione
1680 1937 1898 1996 obortis.

495 2087 577 2144 De
609 2084 865 2142 tenebris
917 2089 1111 2138 autem
1143 2079 1300 2134 idem
1353 2076 1636 2148 propheta
1684 2072 1934 2144 quodam
1965 2066 2080 2124 alio

425 2179 486 2233 in
515 2177 640 2231 1000
681 2173 765 2228 sic
791 2171 909 2226 ait:
943 2173 1016 2224 Et
1045 2169 1154 2224 erit
1183 2169 1242 2222 in
1270 2165 1357 2220 die
1387 2164 1528 2220 illa:
1566 2177 1676 2217 non
1709 2159 1816 2216 erit
1847 2154 2082 2229 lucc,{sed

425 2267 610 2338 frigus
640 2271 696 2318 et
737 2261 888 2331 gelu.
919 2260 987 2314 Et
1037 2258 1150 2312 erit
1179 2256 1298 2311 dies
1354 2269 1488 2322 una,
1522 2265 1649 2324 quae
1703 2253 1837 2305 nota
1868 2255 1951 2338 est
1981 2251 2082 2300 Do-

427 2335 602 2420 mino,
633 2367 747 2408 non
779 2347 922 2415 dies,
944 2361 1118 2420 neque
1132 2360 1284 2411 mon,
1303 2352 1355 2398 et
1387 2341 1448 2397 in
1480 2351 1718 2412 tempore
1736 2336 1954 2407 vesperi
1971 2335 2082 2391 erit

435 2445 536 2499 lus:
567 2439 633 2497 ⁵⁷.

509 2535 680 2586 Amos
701 2528 840 2583 item
873 2523 1194 2598 propheta:
1225 2523 1292 2578 Et
1320 2519 1431 2576 erit
1460 2522 1519 2574 in
1536 2517 1624 2574 die
1655 2517 1785 2586 illa,
1807 2516 1943 2571 dicit
1973 2516 2084 2569 Do-

435 2625 626 2678 minus
651 2635 664 2674 :
694 2615 908 2673 Occidet
924 2615 1004 2671 sol
1034 2614 1096 2668 in
1123 2611 1386 2681 meridie,
1416 2613 1464 2665 et
1497 2608 1859 2664 tenebrescere
1877 2603 2083 2676 faciam

448 2713 658 2766 terram
689 2710 748 2761 in
771 2705 860 2761 die
889 2703 1118 2760 luminis
1146 2700 1212 2756 ‘3.

514 2803 776 2869 Itemque
795 2793 956 2850 Joel:
991 2792 1084 2848 Sol
1117 2796 1166 2847 et
1197 2791 1329 2844 luna
1362 2787 1529 2844 simul
1566 2783 1903 2843 obtenebrali
1927 2786 2080 2848 sunt,

436 2897 490 2943 et
521 2887 699 2942 stellae
727 2888 1097 2940 retraxerunt
1124 2878 1464 2952 splendorem
1495 2892 1694 2947 ,suum,
1734 2881 1786 2930 et
1824 2871 2085 2928 Dominus

436 2977 588 3034 dedit
618 2991 802 3032 vocem
833 2989 990 3029 suam
1012 2969 1082 3026 ‘9.

509 3073 572 3123 In
605 3063 814 3137 primis
845 3069 1038 3118 autem
1081 3061 1270 3116 Moses
1302 3057 1381 3112 ait
1421 3075 1434 3113 :
1468 3054 1797 3127 Prophetam
1841 3051 1912 3107 de
1929 3054 2086 3124 gente

443 3167 564 3225 tua,
592 3167 645 3210 et
684 3151 958 3224 fratribus
1014 3151 1122 3205 tuis
1152 3150 1288 3204 sicut
1308 3163 1417 3212 me,
1448 3144 1732 3200 suscitabit
1763 3141 1867 3197 tibi
1901 3140 2082 3196 Domi-

442 3261 550 3300 nus
589 3243 730 3300 Deus
789 3250 936 3304 tuus,
980 3237 1164 3309 ipsum
1215 3234 1428 3292 audies.
1475 3235 1540 3290 Et
1595 3233 1702 3288 erit
1751 3231 1862 3286 vita
1895 3232 2080 3284 vestra

438 3330 678 3405 pendens
709 3335 839 3383 ante
859 3326 1038 3383 oculos
1055 3327 1258 3380 vestros
1281 3324 1348 3377 ⁸ο.

941 3470 1026 3524 14.
1061 3470 1136 3524 De
1168 3467 1374 3523 Christi
1397 3469 1588 3522 morte.

517 3591 599 3647 De
626 3591 816 3646 morte
873 3586 1138 3657 ejusdem
1197 3583 1281 3639 sic
1338 3582 1557 3639 Isaias:
1612 3582 1802 3638 Justus
1857 3580 2000 3650 perit
2039 3581 2092 3637 et

445 3686 654 3739 nonest
684 3680 781 3753 qui
834 3676 1091 3748 recogitet
1120 3676 1180 3730 in
1232 3672 1394 3728 corde
1421 3687 1535 3728 suo.
1598 3669 1912 3744 [Nimirum
1963 3669 2094 3740 ejus

445 3766 984 3838 resurrectionem]
1045 3765 1184 3821 Item
1219 3781 1231 3818 :
1273 3763 1309 3818 Α
1364 3761 1509 3833 facie
1557 3761 1806 3817 malitia
1836 3759 2093 3818 collectus

445 3869 531 3916 est
559 3861 760 3924 iustus,
781 3865 832 3912 et
860 3857 968 3912 erit
997 3855 1062 3909 in
1090 3867 1222 3926 pace
1249 3851 1534 3923 sepultura
1555 3851 1674 3916 eius
1701 3848 1769 3903 δί.

521 3946 813 4015 Quaesitus
843 3945 998 4001 enim
1045 3947 1134 3998 est
1178 3941 1251 3997 ab
1288 3939 1562 4013 .losepho,
1595 3937 1776 4012 {eique
1807 3937 1998 4006 datus,
2032 3938 2095 3992 ut

448 4037 814 4109 sepeliretur.
877 4033 1002 4096 Qua
1026 4033 1098 4086 de
1148 4046 1210 4086 re
1248 4029 1374 4102 ipse
1432 4043 1666 4099 quoque
1723 4024 1972 4085 Davides
2002 4025 2094 4081 his

445 4127 643 4183 verbis
674 4122 924 4180 cecinit:
978 4123 1282 4176 Posuerunt
1331 4134 1418 4174 me
1446 4120 1504 4173 in
1555 4117 1678 4173 lacu
1697 4115 1955 4185 inferiori
1987 4130 2000 4168 :
2035 4115 2094 4168 in

449 4214 712 4280 tenebris,
744 4216 792 4266 et
825 4212 884 4266 in
913 4209 1114 4265 umbra
1161 4206 1356 4264 mortis
1401 4204 1487 4261 ⁸³⁸.
1524 4207 1664 4260 Item
1691 4219 1706 4259 :
1739 4206 1940 4260 Factus
1968 4217 2095 4257 sum

447 4307 587 4361 sicut
632 4303 790 4359 homo
863 4301 986 4356 sine
1031 4296 1328 4368 adjutorio,
1379 4298 1527 4352 inter
1555 4297 1798 4350 mortuos
1845 4291 1987 4348 liber
2027 4291 2092 4346 ⁵².

449 4395 568 4452 Hoc
599 4396 690 4452 est
714 4409 748 4448 a
769 4389 1023 4464 peccatis
1052 4381 1352 4443 immunis.

748 4527 832 4582 15.
857 4526 932 4582 De
957 4523 1169 4580 Christi
1195 4522 1452 4579 descensu
1476 4519 1549 4576 ad
1579 4517 1807 4589 inferos.

519 4651 602 4708 Ita
621 4663 754 4706 vero
778 4643 938 4716 apud
961 4641 1175 4698 Jobum
1225 4637 1538 4695 scribitur:
1592 4634 1853 4705 Nunquid
1882 4643 2098 4703 apertae

450 4745 582 4798 sunt
637 4738 736 4796 tibi
787 4737 963 4806 porta
1045 4731 1251 4794 mortis,
1309 4730 1364 4782 et
1411 4726 1550 4782 ostia
1609 4725 1909 4796 ;tenebrosa
1963 4725 2100 4784 vidi.

517 4827 650 4882 E53?

451 4841 525 4887 sti
550 4841 600 4864 ³³
621 4841 650 4882 ‘t

521 4919 587 4974 In
614 4914 877 4972 eamdem
927 4907 1280 4967 sententiam
1327 4904 1574 4962 Davides
1600 4920 1613 4958 :
1643 4903 1752 4969 Qui
1774 4901 1952 4958 educit
1981 4903 2099 4956 vin-

452 5013 565 5064 etas
585 5006 649 5061 in
677 5002 1026 5075 fortitudine,
1075 4999 1344 5056 similiter
1377 5011 1472 5052 eos
1501 4997 1598 5066 qui
1614 4997 1966 5066 exasperant,
1998 4993 2100 5064 qui

455 5093 709 5150 habitant
739 5095 796 5148 in
829 5091 1097 5161 sepulcris
1125 5087 1192 5142 ⁵⁸.

2171 1196 2288 1268 ejus
2316 1195 2384 1252 ⁵⁸.

2495 1303 2583 1361 17.
2618 1302 2690 1358 De
2719 1300 3127 1373 unguenti/eris
3155 1301 3504 1356 mulieribus.

2246 1415 2326 1465 De
2357 1407 2785 1482 unguentil‘eris
2841 1424 2978 1464 vero
3027 1407 3376 1464 mulieribus
3406 1406 3564 1462 hunc
3588 1406 3652 1462 in
3700 1423 3834 1462 mo-

2178 1503 2321 1558 dum
2355 1501 2536 1558 Isaias
2568 1499 2996 1555 vaticinanlur:
3032 1499 3293 1556 Mulieres
3329 1499 3611 1554 venientes
3639 1505 3694 1554 et
3733 1496 3836 1553 do-

2179 1599 2360 1648 centes
2383 1607 2528 1646 eam.
2560 1591 2676 1646 Non
2702 1598 2777 1646 est
2795 1588 2944 1645 enim
2965 1589 3200 1660 populus
3229 1589 3445 1660 sapiens
3473 1587 3537 1642 ⁵⁷.

2596 1745 2682 1798 18.
2714 1747 2798 1800 De
2819 1743 3144 1799 Ascensione
3165 1743 3402 1798 Domini.

2101 1825 2149 1892 Β
2255 1855 2368 1910 Sed
2402 1858 2460 1910 et
2503 1854 2574 1909 de
2620 1853 2963 1908 ascensione
3011 1850 3296 1907 Davides:
3347 1849 3602 1905 Ascendit
3656 1865 3832 1917 super

2188 1943 2499 2010 Cherubim,
2547 1946 2600 1999 et
2662 1941 2912 1998 volavit:
2946 1941 3151 1996 volavit
3197 1956 3362 2012 super
3403 1954 3618 2010 pennas
3655 1943 3844 1994 vento-

2186 2053 2310 2092 rum
2333 2035 2397 2090 ⁵⁸.

2261 2127 2406 2182 Item
2434 2141 2448 2179 :
2480 2124 2728 2182 Ascendit
2782 2123 2920 2178 Deus
2952 2125 3014 2177 in
3071 2121 3265 2192 iubilo,
3327 2119 3591 2176 Dominus
3620 2120 3684 2174 in
3716 2135 3838 2175 voce

2189 2221 2247 2272 tu
2256 2215 2338 2272 bze
2375 2214 2442 2269 ⁵⁸.

2258 2308 2402 2362 Item
2427 2321 2440 2359 :
2493 2303 2752 2362 Atlollite
2778 2308 2969 2371 portas
2996 2301 3274 2372 principes
3294 2305 3529 2368 vestras,
3551 2305 3604 2354 et
3625 2298 3842 2354 introi-

2192 2393 2268 2451 bit
2293 2397 2408 2448 Rex
2433 2393 2632 2462 gloriae
2661 2389 2728 2444 ⁸ο.

2263 2483 2403 2540 Item
2437 2480 2648 2538 Isaias:
2697 2480 2830 2550 Quis
2861 2487 2940 2534 est
2987 2480 3112 2545 iste,
3157 2476 3254 2548 qui
3304 2477 3456 2532 venit
3512 2477 3588 2532 de
3637 2475 3847 2532 Edam?

2191 2573 2379 2626 tinctis
2409 2571 2640 2626 vestibus
2669 2569 2732 2625 de
2762 2571 2938 2624 Bosra
2965 2569 3006 2602 ⁶¹
3028 2567 3056 2623 ‘l

2265 2663 2406 2718 Item
2435 2678 2448 2716 :
2481 2660 2660 2728 Quare
2691 2674 2815 2730 ergo
2847 2657 3082 2714 rubrum
3105 2659 3188 2712 est
3217 2654 3606 2711 indumentum
3640 2657 3844 2708 tuum?

2187 2756 2242 2806 et
2285 2749 2604 2804 vestimenta
2652 2757 2750 2802 tua
2804 2749 2947 2804 sicut
3007 2744 3348 2801 calcantium
3393 2743 3454 2797 in
3527 2741 3848 2796 torculari?

2195 2838 2441 2894 torcular
2467 2835 2682 2894 calcavi
2702 2837 2870 2904 solus,
2894 2843 2948 2891 et
2973 2833 3042 2890 de
3065 2833 3319 2904 gentibus
3348 2847 3460 2886 non
3511 2834 3592 2888 est
3613 2833 3706 2886 vir
3735 2845 3850 2885 me-

2191 2944 2313 2984 cum
2343 2925 2414 2982 ”.

2261 3021 2543 3073 Praeterea
2589 3032 2722 3071 vero
2744 3013 3051 3070 Zacharias
3105 3013 3224 3067 ait:
3285 3011 3349 3066 Et
3401 3011 3627 3066 stabunt
3667 3009 3854 3080 pedes-

2197 3109 2414 3166 Domini
2441 3123 2607 3179 super
2651 3115 2892 3162 montem
2923 3104 3230 3171 Oliuarum,
3292 3105 3392 3174 qui
3418 3111 3493 3159 est
3536 3104 3720 3157 contra
3759 3101 3827 3154 [α

2119 3183 2166 3248 C
2196 3199 2438 3255 rusalem
2461 3198 2533 3253 ad
2561 3195 2828 3254 orientem
2855 3193 2922 3251 ⁸³.

2658 3343 2744 3397 19.
2771 3343 2844 3396 De
2864 3340 3083 3413 judicio
3113 3345 3381 3398 extremo.

2271 3470 2349 3525 De
2371 3469 2630 3525 secundo
2659 3471 2853 3522 autem
2899 3466 3170 3536 adventu,
3229 3462 3431 3520 Daniel
3461 3463 3542 3518 ita
3570 3460 3855 3517 vaticina-

2197 3564 2297 3616 tus
2321 3562 2450 3614 est:
2511 3555 2852 3628 Aspiciebam
2901 3570 3034 3628 ergo
3075 3556 3134 3610 in
3179 3554 3390 3610 visione
3438 3551 3635 3617 noctis,
3662 3560 3716 3607 et
3745 3565 3862 3608 ecce

2201 3666 2324 3706 cum
2355 3647 2589 3704 nubibus
2629 3645 2753 3702 εαξιί
2781 3646 2941 3718 quasi
2995 3643 3177 3701 Filius
3202 3642 3442 3698 hominis
3499 3639 3775 3705 veniebat,
3813 3649 3865 3696 et

2199 3753 2371 3809 usque
2392 3736 2462 3792 ad
2483 3735 2786 3806 Antiquum
2831 3733 3054 3789 dierum
3100 3733 3370 3806 pervenit,
3404 3740 3456 3786 et
3480 3747 3540 3785 in
3572 3731 3867 3799 conspectu

2203 3827 2322 3899 ejus
2349 3825 2663 3880 obtulerunt
2708 3838 2852 3878 eum.
2876 3822 2940 3877 Et
2970 3820 3118 3876 dedit
3149 3820 3205 3876 ei
3249 3822 3571 3891 potestatem
3615 3823 3666 3873 et
3703 3819 3868 3872 hanc-

2201 3933 2338 3986 rem,
2367 3921 2422 3970 et
2451 3930 2705 3984 regnum,
2764 3919 2819 3969 et
2858 3927 3045 3968 omnes
3091 3910 3305 3982 populi,
3347 3908 3524 3965 tribus
3571 3917 3626 3964 et
3651 3907 3868 3978 linguae

2201 4006 2314 4084 ipsi
2353 4005 2609 4060 servient.
2670 4003 2912 4058 Potestas
2981 4001 3097 4073 ejus
3141 4001 3377 4071 potestas
3432 4007 3673 4066 aeterna,
3745 4011 3870 4068 qua

2201 4111 2312 4150 non
2340 4095 2642 4164 auferetur,
2690 4099 2741 4148 et
2769 4106 3008 4162 regnum
3063 4091 3186 4160 ejus
3246 4087 3392 4159 quod
3446 4103 3560 4144 non
3607 4101 3868 4142 corrum-

2201 4189 2362 4257 petur
2389 4181 2457 4236 ⁸4.

2274 4276 2416 4330 Item
2437 4271 2549 4328 alio
2578 4269 2702 4327 loco
2729 4286 2741 4324 :
2771 4267 3118 4338 Aspiciebam
3138 4269 3305 4323 donec
3323 4267 3495 4338 positi
3507 4277 3640 4322 sunt
3655 4267 3865 4332 throni,

2201 4366 2251 4418 et
2280 4363 2544 4433 antiquus
2581 4359 2797 4415 dierum
2853 4357 3012 4426 sedit,
3081 4359 3466 4412 vestimentum
3503 4357 3630 4418 eius
3672 4355 3864 4412 candi-

2203 4451 2358 4518 dum,
2389 4449 2550 4522 quasi
2572 4451 2694 4519 nix,
2751 4453 2806 4503 et
2849 4448 3048 4518 capilli
3102 4447 3303 4517 capitis
3345 4446 3466 4514 eius
3520 4446 3692 4516 quasi
3738 4445 3866 4499 lana

2131 4551 2174 4617 Ι)
2204 4541 2431 4598 munda.
2465 4539 2708 4596 Thr-onus
2754 4537 2875 4609 ejus
2904 4539 3151 4607 ﬂamma
3201 4536 3372 4607 ignis.
3397 4536 3632 4591 Flavius
3673 4536 3869 4604 igneus

2207 4631 2538 4704 rapidusque
2563 4628 2952 4698 egrediebatur
2978 4645 3012 4682 a
3031 4625 3182 4696 facie
3206 4627 3361 4694 eius;
3393 4622 3588 4680 millia
3621 4623 3870 4679 millium

2207 4720 2602 4776 ministrabant
2630 4718 2704 4781 ei,
2738 4719 2918 4774 decies
2955 4716 3161 4772 millies
3189 4717 3417 4770 centena
3431 4714 3616 4770 millia
3648 4715 3869 4769 assiste-

2209 4812 2340 4867 bant
2368 4813 2440 4866 ei.
2471 4809 2766 4868 Iudicium
2782 4807 2943 4865 sedit:
2977 4810 3028 4861 et
3055 4806 3185 4860 libri
3209 4805 3393 4875 aperti
3449 4812 3602 4860 sunt.
3628 4804 3873 4875 Aspicie‘

2207 4899 2354 4969 bam,
2411 4900 2640 4969 prapter
2715 4911 2898 4952 vocem
2979 4908 3292 4950 sermonum
3353 4890 3680 4962 prandium,
3737 4905 3868 4962 quos

2205 5003 2374 5046 cornu
2407 4985 2550 5042 illud
2616 4985 2957 5057 loquebatur,
2998 4987 3050 5038 et
3079 4982 3210 5038 vidi
3261 4981 3526 5053 quoniam
3579 4983 3870 5051 interfecta

2203 5081 2340 5134 esset
2372 5077 2543 5132 bestia
2565 5075 2614 5112 ⁸⁵
2638 5075 2761 5147 [qui
2795 5079 2884 5130 est
2913 5071 3356 5142 Antichristus.]
3379 5070 3516 5142 (21).

524 5235 572 5270 ⁴³
601 5237 764 5292 Cant.
799 5248 887 5299 ιιι,
915 5232 1002 5286 11.
1079 5231 1126 5265 ⁸⁵
1156 5227 1306 5284 Psal.
1331 5244 1448 5296 xxI,
1494 5228 1571 5299 ΓΙ,
1605 5225 1694 5282 19.
1770 5223 1820 5258 ⁴⁵
1849 5224 2082 5299 Ρεα1.ηι

2214 5223 2384 5299 [1,2ξι1
2455 5218 2718 5299 ‘°__Z_ach.
2753 5216 3086 5299 mx,_6.___‘1
3106 5213 3279 5299 zacb.
3335 5231 3454 5278 xxv,
3492 5215 3554 5299 6_,
3588 5212 3770 5299 ’.ηξξ
3799 5215 3876 5299 Α-

457 5323 588 5364 mos
611 5285 947 5370 Gi‘iig'of'u
975 5300 1122 5356 Joel.
1158 5317 1216 5365 ιι,
1246 5285 1447 5370 10,11:
1523 5285 1572 5333 5‘
1600 5301 1767 5370 Deut.
1803 5312 1962 5370 xvm,
2007 5297 2108 5370 l5_:
2129 5285 2288 5370 uni,
2319 5293 2412 5348 66.
2487 5291 2851 5370 “ianuam,
2882 5291 2933 5342 1.
2967 5286 3201 5370 "'Pssl:
3236 5301 3486 5370 Lux-xy",
3515 5287 3574 5340 7.
3655 5286 3702 5322 ⁵³
3725 5285 3874 5370 Ibid.

454 5357 891 5434 56.35161).
936 5387 1168 5436 xxxvm,
1206 5357 1331 5424 ’17.’
1383 5369 1432 5405 ⁵⁸
1487 5367 1638 5424 Psal.
1700 5385 1868 5434 van,
1937 5357 1991 5422 ’7.
2067 5365 2082 5400 '

2214 5357 2312 5422 sal.
2373 5380 2467 5431 xv,
2527 5363 2614 5418 10.
2653 5359 2766 5436 __5{_
2797 5360 2980 5436 _Qse_e,
3039 5375 3116 5436 ir},
3149 5359 3230 5436 _1.
3257 5427 3270 5436 _
3305 5357 3348 5391 ⁸⁷
3383 5357 3524 5436 Isa._
3556 5373 3767 5436 χχχιι)ιᾷ
3792 5357 3879 5412 11.

457 5427 680 5502 item.
709 5427 844 5513 xvii,
880 5443 965 5498 il.
1019 5442 1088 5513 _‘_'
1117 5427 1268 5496 P'sal.
1303 5457 1417 5507 xu,
1447 5440 1500 5494 6.
1534 5510 1544 5513 _
1578 5440 1624 5475 ⁸ο
1646 5438 1795 5494 Psal.
1829 5427 1992 5505 x'xul,
2021 5437 2055 5492 7

2214 5427 2494 5504 leonum,
2521 5435 2571 5488 1.
2647 5432 2695 5468 ⁸³
2725 5431 2873 5488 Ibid.
2911 5431 2966 5484 2.
3043 5428 3090 5464 ⁸⁸
3143 5427 3314 5484 Zacb.
3347 5444 3465 5497 xiv,
3499 5430 3554 5484 4.
3634 5428 3685 5464 ⁶⁴
3727 5429 3877 5484 Dan.

457 5534 558 5572 vn.
593 5518 678 5585 13,
713 5518 799 5572 44.
832 5510 838 5513 ⁷
875 5515 920 5550 ⁸⁸
951 5511 1095 5568 Ibid.
1128 5513 1184 5574 9.
1219 5527 1380 5581 seqq.
1415 5510 1586 5580 paulo
1619 5515 1772 5566 ante.

533 5668 642 5739 (21)
671 5665 1026 5724 Bcutarioles
1059 5659 1152 5716 hic
1184 5657 1598 5730 prophetarum
1633 5664 1836 5714 contra
1863 5659 2100 5716 Iudaeos
2129 5656 2471 5714 testimonia
2499 5652 2817 5710 desiderat.
