4090 6298
266 342 418 403 1205

964 480 1116 533 CAP.
1153 479 1223 534 Il.

271 587 500 646 Joannis
563 589 906 656 Damasceni,
986 588 1050 643 de
1123 589 1330 643 Christi
1395 589 1761 658 conceptione,
1829 600 1927 640 seu

454 660 650 716 diuina
690 660 945 715 humanas
989 661 1172 714 carnis
1213 663 1579 731 assumptione
1609 663 1740 731 (22).

345 770 603 840 Angelus
653 769 886 825 Domini
920 769 1134 824 missus
1182 771 1252 824 ad
1307 777 1564 824 sanctam
1597 767 1921 839 Virginem,

273 879 399 932 quis
457 876 642 931 genus
702 875 770 913 ex
824 859 1103 914 Davidica
1163 859 1320 914 tribu
1371 860 1621 914 ducebat
1672 860 1925 929 (constat

273 950 427 1004 enim
481 948 796 1003 Dominum
848 964 916 1003 ex
963 948 1117 1002 Juda
1163 953 1354 1003 ortum
1403 950 1672 1013 traxisse,
1706 963 1818 1018 qua
1858 963 1924 1001 ex

270 1037 458 1091 tribus
495 1035 688 1090 nullus
749 1035 1009 1089 animum
1043 1036 1115 1089 ad
1149 1035 1536 1090 sacerdotium
1584 1034 1827 1105 appulit,
1862 1037 1926 1087 ut

275 1128 476 1179 beatus
510 1123 826 1195 Apostolus
858 1123 956 1190 ait,
993 1125 1064 1178 de
1087 1141 1202 1194 quo
1237 1129 1437 1195 postea
1468 1124 1732 1178 dicemus
1760 1137 1921 1193 aper-

271 1215 434 1280 tius),
464 1214 546 1267 sic
579 1213 992 1284 Evangelizans
1034 1213 1218 1267 dixit:
1253 1215 1358 1267 Ave
1384 1212 1567 1281 gratia
1588 1212 1784 1284 plena,
1819 1217 1924 1267 Do-

273 1305 453 1357 minus
484 1308 676 1357 tecum.
709 1303 842 1366 Qua
875 1317 1008 1355 cum
1041 1303 1271 1356 turbata
1296 1307 1454 1356 esset
1485 1301 1592 1356 hoc
1623 1317 1919 1368 sermone,

272 1392 519 1459 subjecit
549 1391 834 1461 angelus:
868 1393 948 1446 Ne
992 1393 1209 1457 timeas,
1242 1391 1435 1458 Maria,
1473 1391 1738 1446 invenisti
1775 1392 1922 1444 enim

272 1479 521 1551 gratiam
551 1482 698 1549 apud
749 1479 1056 1543 Dominum,
1080 1484 1133 1533 et
1177 1480 1358 1549 paries
1406 1480 1651 1539 Filium;
1683 1486 1734 1532 ei
1766 1494 1926 1533 voca-

276 1570 355 1623 bis
401 1584 599 1624 nomen
645 1570 763 1640 ejus
815 1570 997 1623 Iesum
1028 1567 1097 1622 ⁸⁸.
1151 1568 1268 1638 Ipse
1310 1571 1461 1622 enim
1495 1570 1711 1623 salvum
1753 1567 1925 1638 faciet

271 1659 537 1729 papulum
584 1674 744 1711 suum
777 1673 809 1711 a
838 1659 1069 1726 peccatis
1097 1671 1284 1711 eorum
1315 1657 1378 1710 ⁸⁷.
1419 1656 1574 1712 Unde
1603 1661 1770 1711 Jesus
1801 1673 1923 1711 ser-

271 1753 527 1801 vatorem
561 1746 1014 1817 signiticet.Qua
1047 1760 1180 1799 cum
1207 1746 1475 1800 haesitans
1503 1746 1919 1816 respondisset:

1611 340 2021 404 THESAURI
2073 336 2216 398 LIB.
2271 337 2376 400 III.

1959 474 2010 538 Α
2041 470 2219 538 tione,
2254 472 2420 528 nulla
2442 472 2726 530 divisione
2758 474 2944 530 facta:
2979 475 3300 533 divinitatis
3332 495 3452 533 sua
3483 485 3695 538 natura

3544 348 3698 408 1206

2031 559 2091 615 in
2125 561 2316 616 carnis
2339 563 2653 617 essentiam
2691 564 2932 618 minime
2963 571 3207 633 mutata,
3233 583 3424 638 neque
3456 576 3680 641 contra,

2031 649 2224 702 carnis
2274 665 2394 704 sua
2440 652 2696 704 essentia
2754 651 2811 705 in
2862 668 2981 705 sua
3029 654 3357 710 divinitatis
3411 665 3680 714 naturam

2030 752 2328 803 conversa,
2387 755 2573 809 neque
2622 757 2738 794 una
2766 741 3088 812 eademque
3121 749 3326 799 natura
3362 750 3688 818 composita

2031 841 2095 880 ex
2128 826 2322 882 divina
2374 845 2480 882 sua
2511 833 2740 894 natura,
2798 834 2853 883 et
2904 829 3184 898 humana,
3218 850 3392 903 quam
3445 853 3684 890 assum-

2030 921 2246 986 pserat.

2712 1009 2862 1064 CAP.
2906 1010 3004 1064 III.

2029 1113 2306 1181 Ejusdem,
2377 1113 2713 1196 denduatus
2764 1119 3000 1184 naturis,
3060 1119 3524 1196 adversusgillos
3583 1129 3684 1196 qui

2244 1202 2414 1241 unam
2447 1186 2659 1241 Christo
2691 1196 2945 1242 naturam
2969 1206 3080 1245 esse
3101 1191 3301 1246 dicunt
3327 1194 3462 1266 (24).

2100 1294 2328 1348 Natura
2363 1294 2515 1348 inter
2545 1311 2626 1360 se,
2683 1295 2844 1349 nulla
2890 1295 3218 1354 inversione
3265 1306 3320 1355 et
3353 1307 3676 1361 mutatione

2030 1383 2198 1449 facta,
2223 1385 2545 1453 conjuncta
2597 1389 2776 1439 sunt:
2811 1386 2891 1440 ita
2925 1391 2986 1439 ut
3022 1404 3209 1458 neque
3240 1390 3438 1446 divina
3470 1399 3681 1451 natura

2029 1490 2059 1527 θ
2113 1474 2346 1543 propria
2403 1473 2776 1544 simplicitate
2824 1477 3156 1545 excesserit,
3211 1495 3313 1534 nec
3372 1497 3401 1535 e
3441 1482 3676 1540 diverso

2029 1561 2291 1617 humana
2337 1563 2424 1616 vel
2458 1563 2516 1616 in
2561 1563 2886 1618 divinitatis
2934 1571 3204 1621 naturam
3254 1584 3438 1636 versa,
3472 1571 3558 1626 vel
3611 1573 3681 1627 ad

2032 1649 2279 1706 nihilum
2314 1652 2546 1707 redacta
2568 1651 2664 1716 sit,
2699 1669 2888 1723 neque
2919 1655 3057 1707 item
3095 1654 3324 1711 duabus
3356 1674 3422 1710 ex
3453 1660 3685 1714 naturis

2032 1756 2148 1793 una
2179 1739 2502 1811 composita
2533 1742 2852 1796 emerserit.
2889 1742 3193 1812 Siquidem
3225 1747 3550 1816 composita
3585 1765 3682 1803 na-

295 1835 566 1902 Quomodo
594 1836 684 1904 ﬁet
715 1835 890 1898 istud,
923 1837 1052 1905 quia
1074 1836 1258 1888 virum
1279 1850 1386 1888 non
1417 1849 1671 1904 cognosco
1693 1835 1719 1888 ‘I
1749 1835 1914 1903 Adje-
1943 1824 1990 1894 Β
2020 1832 2148 1883 tura
2168 1845 2366 1883 earum
2399 1846 2465 1883 ex
2488 1829 2702 1899 quibus
2735 1835 2996 1885 constala
3041 1837 3130 1886 est
3160 1839 3502 1890 naturarum
3532 1853 3677 1892 neu-

270 1924 346 1979 cit
394 1924 674 1995 angelus:
713 1923 955 1992 Spiritus
1007 1933 1226 1977 sanctus
1281 1926 1622 1994 superveniet
1663 1926 1724 1977 in
1753 1928 1828 1987 te,
1869 1930 1921 1977 et

266 2014 441 2068 virtus
474 2013 742 2067 Attissimi
771 2013 1114 2067 obumbrabit
1143 2011 1266 2067 tibi.
1319 2013 1545 2083 Ideoque
1566 2020 1619 2066 et
1648 2011 1788 2082 quod
1817 2027 1918 2065 na-

264 2109 444 2156 scetur
473 2119 544 2156 ea:
572 2107 623 2156 te
645 2102 935 2165 Sanctum,
963 2101 1243 2156 vocabitur
1262 2101 1442 2154 Filius
1465 2100 1580 2156 Dei.
1616 2100 1719 2155 llla
1739 2117 1873 2154 vero
1901 2117 1914 2153 :

239 2193 413 2257 Ecce,
473 2191 686 2262 inquit,
735 2191 943 2245 ancilla
989 2190 1225 2263 Domini,
1283 2191 1382 2259 ﬁat
1429 2190 1571 2243 mihi
1620 2189 1916 2243 secundum

264 2282 488 2335 verbum
518 2285 676 2334 tuum
709 2279 774 2334 ⁸⁸.

338 2373 540 2440 Itaque
573 2370 669 2424 ubi
704 2368 960 2439 primum
986 2376 1184 2422 sancta
1206 2368 1487 2422 consentit
1511 2366 1707 2438 Virgo,
1730 2367 1913 2436 Spiri-

268 2466 361 2513 tus
393 2463 630 2514 sanctus
662 2459 720 2511 in
753 2473 877 2511 eam
926 2457 1241 2522 descendit,
1276 2461 1449 2525 prout
1480 2455 1769 2511 Dominus
1812 2471 1914 2526 per

268 2548 540 2619 angelum
599 2547 841 2613 dixerat,
895 2551 953 2599 ut
983 2560 1108 2599 eam
1162 2549 1456 2615 purgaret,
1499 2546 1736 2615 vimque
1766 2545 1910 2598 divi-

264 2637 401 2691 ΐιιίὶε
449 2641 505 2690 et
555 2636 948 2706 generationis
998 2633 1170 2688 Verbi
1217 2650 1488 2704 capacem
1549 2640 1907 2704 suggereret.

267 2727 548 2796 Tuncque
581 2741 681 2794 per
711 2741 772 2778 se
803 2723 1133 2778 subsistens
1176 2722 1460 2776 Altissimi
1494 2722 1592 2777 Dei
1625 2723 1914 2792 sapientia

262 2822 318 2869 et
338 2815 541 2879 virtus,
565 2813 838 2867 nimirum
868 2812 964 2866 Dei
993 2811 1169 2866 Filius
1196 2811 1343 2866 Patri
1367 2811 1907 2880 consubstantialis,

260 2903 412 2957 haud
448 2918 616 2957 secus
648 2906 824 2970 atque
852 2901 1114 2954 divinum
1148 2916 1343 2954 semen
1387 2900 1777 2967 obumbravit,
1829 2902 1907 2955 si-

260 2989 436 3060 bique
469 2990 579 3060 ipsi
611 3005 679 3043 ex
708 2989 886 3044 castis
907 2989 1034 3059 ejus
1066 2995 1122 3043 et
1155 2988 1492 3059 purissimis
1515 2988 1908 3058 sanguinibus

259 3095 493 3134 carnem
553 3077 811 3134 animam
845 3077 1089 3132 rationis
1139 3082 1196 3132 et
1255 3076 1586 3131 intellectus
1628 3078 1908 3149 particips

2031 1916 2103 1972 tri
2155 1917 2671 1973 consubstantiaiis
2703 1935 2831 1974 esse
2883 1923 3088 1990 potest,
3131 1938 3264 1976 cum
3317 1940 3385 1977 ex
3433 1925 3682 1981 diversis

2029 2006 2325 2061 diversum
2387 2008 2651 2062 efﬁciat:
2703 2009 3216 2078 quemadmodum,
3262 2014 3418 2068 verbi
3467 2015 3676 2085 gratia,

2027 2111 2240 2166 corpus
2289 2100 2541 2165 quatuor
2570 2113 2639 2149 ex
2668 2097 2974 2152 elementis
3015 2102 3429 2169 compositum,
3493 2119 3680 2173 neque

2025 2186 2289 2254 ejusdem
2340 2203 2474 2241 cum
2530 2188 2663 2257 igne
2701 2188 2968 2242 essentia
3021 2189 3257 2258 dicitur,
3291 2207 3478 2262 neque
3519 2193 3676 2264 ignis

2026 2276 2397 2330 nominatur:
2434 2291 2620 2346 neque
2667 2275 2805 2331 item
2851 2293 2967 2345 aer,
3025 2295 3212 2349 neque
3271 2296 3441 2350 aqua,
3478 2287 3678 2354 ‘neque

2021 2368 2178 2419 terra
2207 2364 2438 2432 dicitur,
2474 2381 2576 2419 nec
2609 2364 2712 2420 ulli
2760 2382 3000 2435 prorsus
3032 2383 3233 2423 eorum
3285 2371 3675 2426 consubstan-

2021 2453 2158 2508 tiale
2193 2457 2302 2508 est.

2090 2544 2213 2599 tam
2246 2542 2317 2610 si,
2353 2547 2415 2597 ut
2471 2543 2756 2598 harsticis
2816 2546 3023 2615 placet,
3056 2547 3322 2602 Christus
3373 2558 3497 2619 post
3539 2566 3681 2606 con-

2021 2631 2379 2699 iunctionem
2417 2633 2588 2686 unica
2642 2634 2964 2704 composita
3017 2640 3227 2690 natura
3281 2643 3546 2692 constare
3577 2639 3673 2694 di-

2019 2727 2144 2775 ctus
2174 2725 2261 2774 est
2291 2737 2359 2774 ex
2389 2720 2636 2789 simplici
2688 2721 2886 2791 utique
2935 2726 3142 2777 natura
3189 2725 3248 2778 in
3281 2727 3666 2796 compositam

2019 2808 2288 2862 transiit:
2325 2811 2404 2862 ita
2450 2809 2656 2876 utjam
2714 2826 2816 2864 nec
2848 2811 3028 2879 Patri,
3079 2813 3250 2881 cujus
3300 2812 3550 2884 simplex
3579 2820 3670 2871 est

2020 2903 2250 2958 natura,
2313 2898 2830 2952 consubstantialis
2880 2900 2994 2954 sit:
3057 2916 3245 2970 neque
3295 2901 3485 2968 Matri,
3542 2920 3672 2975 qua

2019 2987 2255 3058 quidem
2291 3002 2358 3040 ex
2387 2987 2690 3042 divinitate
2723 2992 2779 3040 et
2802 2988 3167 3044 humanitate
3199 3006 3312 3044 non
3346 2995 3672 3061 composita

2018 3080 2196 3138 esset,
2231 3091 2422 3144 neque
2453 3075 2590 3130 item
2623 3074 2948 3132 divinitatis
2977 3084 3036 3132 et
3067 3077 3459 3135 humanitatis
3483 3083 3668 3150 parti-

261 3169 586 3222 auimatum
621 3168 931 3238 compegit,
968 3171 1178 3220 nostra
1224 3181 1430 3220 massa
1463 3166 1739 3236 primitia.
1788 3170 1904 3221 Nec
1934 3173 1976 3238 ρ
2015 3181 2153 3235 ceps
2183 3180 2310 3218 esse
2333 3169 2529 3234 queat,
2563 3164 2815 3236 denique
2839 3183 3026 3237 neque
3051 3167 3150 3222 Dei
3188 3183 3377 3240 neque
3408 3170 3666 3228 hominis

261 3261 316 3313 id
351 3275 419 3312 ex
470 3258 712 3324 semine,
747 3259 847 3312 sed
899 3257 1094 3312 divino
1151 3257 1421 3321 artiﬁcio,
1473 3273 1574 3327 per
1621 3257 1901 3325 Spiritum

263 3354 531 3403 sanctum
583 3364 686 3402 nec
719 3348 906 3417 ﬁgura
937 3345 1219 3416 paulatim
1268 3347 1705 3401 accessionibus
1735 3346 1906 3401 etl'or-

270 3448 441 3499 mata,
497 3437 598 3490 sed
679 3452 793 3490 uno
869 3435 1187 3504 eodemque
1258 3439 1552 3489 momento
1632 3436 1902 3504 perfecta,

265 3527 462 3597 ipsum
512 3527 609 3581 Dei
646 3527 898 3580 Verbum
929 3525 1120 3580 carnis
1152 3525 1515 3596 hypostasim
1557 3525 1900 3596 assumpsit.

249 3615 383 3684 [(23)
438 3615 551 3669 Nec
604 3614 759 3668 enim
812 3629 939 3668 eam
995 3612 1105 3666 sibi
1165 3614 1312 3666 Deus
1358 3611 1616 3667 Verbum
1668 3626 1901 3667 carnem

254 3705 592 3774 assumpsit,
619 3721 745 3774 qua
782 3719 880 3772 per
909 3717 971 3758 se
993 3707 1165 3756 antea
1188 3701 1556 3768 subsisteret,
1586 3702 1685 3756 sed
1712 3701 1768 3754 in
1798 3718 1905 3756 sua

250 3793 435 3865 ipsius
486 3793 790 3864 hypostasi
840 3792 1065 3847 ratione
1116 3791 1716 3860 incircumscriptibili
1765 3807 1902 3844 ven-
1938 3838 1952 3849 .

250 3887 396 3937 trem
428 3889 637 3937 sancta
669 3881 927 3952 Virginis
961 3881 1323 3947 inhabitans,
1358 3895 1421 3934 ex
1463 3881 1641 3935 castis
1674 3897 1906 3950 semper

257 3971 497 4041 virginis
527 3971 916 4041 sanguinibus
949 3985 1182 4024 carnem
1226 3970 1424 4023 anima
1451 3969 1695 4024 rationis
1727 3974 1782 4022 et
1815 3969 1902 4022 in-

260 4058 521 4112 tellectus
561 4061 835 4129 participe
856 4060 1176 4113 animatam
1198 4058 1416 4114 subiit:
1455 4065 1664 4112 nostra
1700 4075 1904 4112 massa

264 4147 552 4214 primitias
606 4163 932 4203 assumens.
967 4147 1224 4202 Verbum
1258 4148 1451 4216 ipsum
1498 4148 1711 4200 factum
1747 4147 1905 4201 carni

259 4234 635 4305 hypostasis.]
683 4238 879 4306 Itaque
925 4253 1058 4290 cum
1118 4236 1373 4305 primum
1433 4251 1566 4289 caro
1617 4235 1744 4299 fuit,
1807 4235 1905 4290 Dei

256 4339 489 4394 quoque
536 4324 698 4379 Verbi
733 4341 866 4380 caro
909 4326 1034 4380 fuit.
1071 4325 1138 4379 Et
1169 4341 1302 4378 cum
1339 4323 1594 4394 primum
1645 4326 1908 4378 animata

257 4430 409 4480 caro,
446 4416 797 4486 rationisque
830 4419 885 4470 et
933 4415 1262 4470 intellectus
1313 4413 1599 4484 particeps
1649 4415 1772 4473 fuit,
1809 4412 1907 4467 Dei

258 4521 489 4576 quoque
522 4504 686 4560 Verbi
720 4505 982 4560 animata
1012 4520 1168 4567 caro,
1204 4503 1564 4573 rationisque
1593 4511 1648 4557 et
1680 4502 1905 4558 intelle-
1941 4543 1986 4604 Β

259 4599 392 4651 ctus
450 4594 734 4665 particeps
768 4595 893 4648 fuit.
929 4593 1209 4657 Quocirca
1250 4608 1362 4646 non
1411 4592 1708 4646 hominem
1743 4592 1908 4646 deiti-

260 4689 481 4754 catum,
542 4687 640 4738 sed
704 4684 955 4740 Verbum
1016 4682 1382 4736 incarnatum
1443 4682 1717 4736 dicimus.
1765 4681 1908 4735 Nam

262 4791 394 4828 cum
429 4778 717 4844 perfectus
750 4779 957 4826 natura
988 4772 1141 4826 Deus
1173 4775 1347 4836 esset,
1379 4770 1533 4824 idem
1559 4770 1732 4825 homo
1763 4787 1914 4842 quo-

261 4878 370 4930 que
403 4863 691 4932 perfectus
743 4866 949 4916 natura
1008 4863 1198 4916 factus
1248 4865 1356 4915 est.
1393 4860 1590 4930 Neque
1641 4865 1910 4914 naturam

267 4955 522 5017 mutans,
556 4967 743 5020 neque
777 4967 878 5021 per
919 4949 1290 5020 phantasiam
1343 4965 1444 5003 seu
1477 4947 1910 5004 simulationem

265 5038 602 5109 disprnens,
652 5039 753 5093 sed
797 5054 1031 5093 carnem
1084 5039 1281 5093 anima
1330 5037 1574 5092 rationis
1608 5043 1665 5093 et
1696 5038 1916 5092 intelle-

262 5134 394 5183 ctus
428 5126 712 5198 participe
772 5127 1090 5181 animatam
1133 5143 1198 5181 ex
1255 5131 1453 5181 sancta
1490 5127 1721 5198 Virgine
1751 5143 1912 5181 assu-

266 5234 432 5272 mens
465 5232 708 5287 quaque
739 5215 794 5269 in
829 5215 954 5286 ipso
985 5216 1304 5271 essentiam
1341 5216 1599 5283 haberet,
1635 5217 1910 5286 byposta-

262 5308 373 5362 tice
407 5307 752 5376 ccnjunctus
785 5309 872 5359 est
900 5320 912 5358 :
938 5303 1099 5357 nulla
1129 5303 1491 5369 confusione,
1529 5303 1689 5359 nulla
1721 5308 1911 5358 muta-

331 5449 398 5503 δθ.
437 5450 521 5504 Lu
567 5490 579 5502 .
617 5449 745 5517 1,28
777 5463 939 5516 seqq.
1017 5444 1060 5480 ⁸⁷
1097 5445 1305 5501 Matth.
1339 5463 1378 5513 ι,
1455 5445 1499 5480 ³⁸
1527 5447 1660 5516 Luc,
1693 5447 1761 5500 34-
1791 5463 1954 5522 δείῖίῐο

333 5583 441 5651 (22)
471 5583 615 5637 Vide
657 5579 997 5646 Patrologiae
1027 5583 1164 5651 tom.
1199 5577 1390 5644 XCIV,
1409 5577 1531 5651 icol.
1563 5579 1688 5632 983.

336 5649 444 5722 (23')
479 5653 577 5707 His
610 5656 764 5708 notis
797 5653 1024 5705 inclusa
1071 5649 1360 5719 Zigabeno
1391 5650 1604 5703 desunt
1641 5660 1697 5704 et
1729 5649 1821 5704 hic
1853 5656 1912 5705 et

2016 3253 2252 3309 nomine
2282 3262 2583 3308 censeatur
2612 3271 2624 3307 :
2659 3255 2760 3310 sed
2815 3255 3084 3312 Christus
3135 3259 3443 3325 duntaxat,
3477 3277 3665 3333 neque

2013 3343 2275 3398 Christus
2307 3343 2414 3397 erit
2445 3344 2824 3415 hypostaseos
2879 3347 3007 3416 ejus
3064 3363 3297 3418 nomen,
3339 3351 3436 3404 sed
3485 3352 3663 3408 unius

2015 3437 2235 3486 natura
2267 3431 2325 3485 in
2357 3448 2424 3486 eo
2455 3432 2928 3503 deprehenditur.
2973 3435 3088 3490 Nos
3120 3442 3315 3492 autem
3364 3439 3656 3495 Christum

2013 3521 2192 3576 unius
2225 3526 2444 3576 natura
2477 3525 2813 3592 composita
2846 3525 3020 3579 fuisse
3065 3526 3517 3596 haudquaquam
3551 3531 3657 3583 do-

2014 3627 2237 3678 cemus,
2271 3625 2456 3680 neque
2509 3628 2576 3665 ex
2625 3613 2870 3666 diversis
2929 3615 3221 3668 diversum
3257 3618 3421 3685 quid,
3475 3623 3537 3672 ut
3592 3635 3661 3675 ex

2015 3701 2212 3755 anima
2241 3703 2296 3753 et
2325 3715 2563 3768 corpore
2596 3699 2913 3769 hominem,
2953 3701 3034 3755 vel
3075 3707 3136 3756 ut
3167 3720 3235 3756 ex
3273 3713 3526 3773 quatuor
3555 3708 3666 3764 ele-

2017 3785 2226 3842 mentis
2265 3803 2515 3855 corpus:
2569 3788 2670 3840 sed
2704 3805 2771 3842 ex
2829 3789 3070 3843 diversis
3102 3792 3302 3846 eadem
3335 3793 3480 3861 ipsa.
3515 3795 3660 3851 Nam

2015 3892 2083 3931 ex
2114 3874 2412 3928 divinitate
2445 3883 2497 3929 et
2530 3874 2896 3931 humanitate
2955 3879 3226 3934 eumdem
3261 3881 3443 3937 Deum
3479 3885 3664 3955 perfe-

2016 3969 2171 4020 ctum
2204 3968 2260 4016 et
2324 3965 2642 4033 perfectum
2693 3966 2991 4020 hominem
3043 3984 3171 4022 esse
3219 3975 3277 4024 et
3323 3972 3458 4038 dici,
3491 3983 3543 4027 et
3599 3991 3665 4028 ex

2017 4054 2247 4108 duabus
2295 4058 2352 4106 et
2383 4051 2439 4105 in
2481 4053 2710 4108 duabus
2745 4055 2971 4109 naturis
3023 4057 3390 4116 conﬁtemur.
3442 4062 3663 4118 Nomen

2017 4148 2235 4205 autem,
2289 4139 2582 4204 Christus,
2618 4157 2872 4210 persona
2906 4160 3117 4199 nomen
3153 4149 3494 4214 asserimus,
3529 4167 3663 4206 cum

2019 4247 2132 4284 nou
2165 4248 2282 4286 uno
2315 4231 2488 4285 modo
2509 4231 2766 4298 dicatur,
2799 4234 2900 4287 sed
2919 4236 3066 4290 duas
3092 4241 3332 4293 naturas
3351 4239 3666 4310 signiticet.

2018 4322 2160 4376 Nam
2194 4323 2317 4389 ipse
2349 4324 2604 4392 seipsum
2641 4325 2828 4390 unxit,
2854 4340 3062 4393 corpus
3096 4328 3330 4396 quidem
3361 4331 3665 4386 divinitate

2019 4427 2124 4464 sua
2159 4417 2437 4481 tanquam
2495 4411 2647 4465 Deus
2682 4429 2926 4480 ungens,
2961 4421 3176 4470 unctus
3217 4433 3348 4471 vero
3379 4425 3668 4488 quatenus

2019 4503 2210 4556 homo.
2260 4503 2552 4574 Siquidem
2588 4503 2710 4574 ipse
2742 4509 2799 4557 et
2842 4504 2948 4558 hoc
2983 4509 3040 4558 et
3064 4504 3210 4559 illud
3243 4512 3349 4560 est.
3389 4510 3668 4565 Divinitas

2019 4596 2214 4645 autem
2267 4591 2654 4647 humanitatis
2714 4591 2911 4647 unctio
2964 4597 3074 4647 est.
3111 4593 3253 4649 Nam
3306 4597 3351 4648 si
3404 4595 3670 4654 Christus

2023 4686 2242 4734 natura
2302 4681 2478 4735 unius
2528 4683 2861 4751 composita
2919 4681 3174 4736 existens
3226 4683 3378 4736 Patri
3425 4687 3672 4740 consub-

2020 4769 2310 4824 stantialis
2367 4777 2477 4836 est,
2529 4771 2888 4840 compositus
2938 4775 3090 4825 certe
3149 4771 3334 4838 Pater,
3395 4777 3449 4827 et
3497 4791 3670 4831 carne

2019 4858 2539 4913 consubstantialis
2588 4860 2718 4913 erit.
2801 4860 2961 4923 Quod
3024 4859 3260 4929 quidem
3320 4861 3668 4932 absurdum,

2023 4947 2299 5017 nullaque
2332 4964 2442 5002 non
2479 4947 2847 5016 blasphemia
2879 4949 3153 5002 refertum
3185 4955 3292 5004 est.
3351 4956 3464 5018 Age
3512 4969 3666 5022 vero,

2022 5037 2122 5106 qui
2161 5035 2282 5089 ﬁeri
2314 5035 2519 5105 possit,
2554 5040 2618 5088 ut
2650 5051 2762 5089 una
2792 5039 2995 5091 natura
3019 5039 3439 5094 contrariarum
3473 5059 3670 5097 essen-

2022 5124 2228 5180 tialum
2280 5124 2742 5178 differentiarum
2804 5140 2986 5195 capax
3027 5126 3302 5182 dicatur?
3349 5130 3455 5194 Qui
3515 5135 3669 5188 enim

2025 5213 2145 5267 ﬁeri
2197 5218 2386 5284 potest
2454 5217 2519 5266 ut
2588 5213 2788 5266 eadem
2854 5219 3061 5267 natura
3113 5217 3313 5271 eodem
3377 5227 3674 5278 momento

2023 5306 2217 5356 creata
2271 5305 2326 5356 et
2383 5301 2660 5366 increata,
2723 5301 2982 5357 mortalis
3031 5309 3087 5358 et
3143 5305 3507 5375 immortalis,
3561 5310 3672 5370 cir_

2021 5577 2171 5632 infra
2206 5577 2302 5632 ubi
2337 5577 2541 5632 iisdem
2575 5577 2770 5631 verbis
2803 5581 3162 5648 repetuntur.

2093 5650 2207 5718 (24)
2241 5649 2378 5704 Vide
2405 5651 2849 5715 Damascenum,
2880 5649 3045 5716 ibid.,
3081 5650 3188 5704 col.
3217 5651 3341 5705 787.
