4090 6298
289 309 320 366 1
333 310 446 367 209

281 529 597 601 pertinent,
650 545 1000 599 carnemque
1057 545 1280 597 eorum,
1343 547 1468 601 quas
1539 529 1772 602 propria
1821 527 1932 582 sibi

282 622 442 681 sunt,
476 623 697 672 mutuae
720 619 1217 688 compensationis
1252 622 1424 676 modo
1455 625 1510 675 et
1543 624 1764 674 mutuae
1808 635 1935 690 par-

280 707 428 761 tium
474 706 797 774 affinitatis,
847 707 1337 781 hypostaticaequc
1376 709 1805 779 conjunctionis
1839 726 1931 763 ra-

284 795 461 862 tione,
501 796 842 867 participem
873 797 1024 852 facit.
1068 799 1275 853 Adhzec
1307 800 1443 870 quia
1477 815 1630 854 unus
1664 799 1934 868 idemque

279 883 332 938 is
359 891 499 951 erat,
555 886 655 952 qui
717 886 914 940 divina
971 892 1028 940 et
1086 887 1347 942 humana
1390 889 1446 942 in
1481 894 1729 958 utraque
1753 888 1934 941 forma

289 975 644 1044 operabatur
698 991 826 1028 cum
887 975 1128 1030 alterius
1187 980 1617 1032 communione.
1652 977 1933 1043 Quocirca

290 1062 577 1116 Dominus
639 1078 870 1133 quoque
924 1063 1117 1134 gloriae
1177 1066 1492 1120 cruciﬁxus
1537 1082 1662 1120 esse
1696 1064 1930 1129 dicitur,

281 1152 544 1220 quamvis
579 1152 770 1205 divina
820 1153 947 1222 ejus
991 1159 1201 1207 natura
1235 1172 1407 1225 passa
1439 1172 1550 1209 non
1586 1155 1679 1210 sit.
1716 1153 1925 1210 Filium

281 1244 422 1297 item
458 1242 716 1296 hominis
767 1247 901 1297 ante
952 1244 1282 1312 passionem
1316 1245 1368 1298 in
1404 1244 1546 1298 cosio
1580 1245 1758 1298 fuisse
1790 1261 1926 1298 con-

279 1336 425 1396 stat,
478 1337 540 1384 ut
598 1330 880 1385 Dominus
923 1332 1046 1403 ipse
1077 1331 1323 1389 dicebat.
1363 1333 1520 1388 Unus
1551 1334 1706 1389 enim
1739 1333 1928 1388 idem-

276 1436 399 1492 que
436 1419 630 1490 gloriae
663 1419 947 1474 Dominus
982 1421 1030 1475 is
1060 1426 1202 1488 erat,
1236 1422 1330 1492 qui
1366 1427 1568 1477 natura
1603 1427 1661 1478 et
1705 1439 1765 1477 re
1796 1439 1925 1478 vera

269 1509 463 1565 Filius
517 1509 794 1578 hominis,
846 1526 947 1564 seu
1009 1510 1180 1566 homo
1227 1511 1414 1566 factus
1469 1513 1702 1566 luerat:
1750 1519 1925 1582 atque

262 1600 562 1656 miracula
593 1601 721 1670 ejus
757 1602 1173 1671 passionesqne
1195 1619 1305 1656 non
1332 1603 1688 1674 ignoramus,
1722 1619 1924 1673 quam-

270 1692 365 1743 vis
403 1690 520 1743 alia
551 1691 772 1742 ratione
806 1689 1085 1744 miracula
1111 1691 1326 1755 ederet,
1377 1691 1492 1745 alia
1532 1691 1667 1746 item
1700 1692 1922 1760 passio-

277 1781 464 1834 nibus
494 1778 782 1832 obnoxius
813 1785 986 1834 esset.
1017 1779 1087 1833 Ut
1115 1796 1270 1833 enim
1305 1797 1480 1835 unam
1505 1782 1632 1848 ejus
1655 1780 1924 1852 byposta-
1960 1811 2000 1873 Β

271 1872 390 1934 sin,
455 1870 539 1925 ita
587 1877 644 1924 et
702 1871 1070 1926 csseutialem
1135 1878 1474 1927 naturarum
1535 1873 1920 1927 differentiam

268 1959 498 2018 servari
567 1960 856 2014 novimus.
916 1959 1046 2014 Jam
1107 1963 1202 2032 qui
1235 1961 1356 2016 fieri
1388 1967 1594 2032 potest,
1631 1967 1692 2016 ut
1721 1978 1922 2016 essen-

263 2047 435 2103 tialis
467 2047 795 2101 differentia
829 2053 1054 2102 servata
1085 2050 1178 2113 sit,
1214 2050 1326 2103 nisi
1353 2066 1420 2104 ea
1449 2066 1677 2119 quoque
1697 2055 1923 2104 servata

266 2140 416 2202 sint,
448 2153 574 2206 quas
634 2136 785 2190 inter
834 2152 893 2190 se
936 2143 1140 2190 mutuo
1189 2136 1466 2191 differunt
1515 2137 1541 2190 ?
1585 2137 1921 2193 Differentia

265 2228 432 2283 enim
467 2243 669 2280 eorum
718 2243 844 2296 qua
895 2225 1172 2280 differunt
1206 2225 1532 2281 differentia
1563 2233 1668 2282 est.
1706 2229 1916 2282 Eadem

264 2317 456 2388 igitur
487 2315 727 2384 ratione,
765 2332 880 2385 qua
911 2313 1124 2368 Christi
1159 2321 1378 2369 naturas
1428 2317 1579 2369 inter
1635 2333 1696 2371 se
1754 2316 1916 2370 diffe-

265 2408 432 2472 runt,
503 2404 610 2459 hoc
664 2408 754 2459 est
811 2403 1072 2459 essentiae
1130 2404 1368 2470 ratione,
1427 2404 1620 2475 ipsum
1683 2419 1914 2475 quoque

267 2511 404 2549 cum
441 2494 714 2548 extremis
755 2493 1083 2559 convenire,
1122 2493 1440 2561 divinitate,
1474 2494 1744 2566 inquam,
1777 2511 1912 2550 cum

267 2584 438 2638 Patre
467 2585 521 2634 et
551 2581 772 2652 Spiritu
808 2599 820 2636 :
853 2581 1236 2650 humanitate,
1268 2599 1400 2637 vero
1455 2599 1584 2637 cum
1638 2584 1820 2638 Matre
1859 2589 1916 2638 et

262 2671 436 2725 nobis
469 2671 808 2724 asserimus.
846 2671 968 2741 ipse
999 2670 1154 2724 enim
1191 2671 1342 2725 Patri
1375 2676 1431 2725 et
1461 2671 1913 2742 Spirituisancto

269 2759 596 2813 divinitatis
646 2762 868 2816 ratione
915 2760 1436 2816 consubstantialis
1469 2767 1575 2830 est,
1609 2763 1774 2817 Matri
1807 2780 1913 2817 au-

269 2853 388 2900 tem
450 2853 505 2899 et
560 2849 788 2904 cunctis
840 2849 1199 2917 hominibus,
1253 2851 1476 2904 ratione
1510 2851 1909 2905 humanitatis.

274 2934 398 2997 Qua
430 2941 623 2988 autem
661 2937 879 2992 ratione
902 2945 1122 2993 naturas
1144 2940 1272 3009 ejus
1304 2941 1677 3006 conveniunt,
1709 2939 1908 2994 eadem

273 3026 471 3094 ipsum
507 3041 736 3096 quoque
798 3026 1026 3082 differre
1085 3029 1359 3092 dicimus,
1419 3035 1543 3083 tum
1597 3029 1824 3083 aPatre
1855 3033 1909 3082 et

1631 304 2036 368 THESAURI
2083 305 2228 364 LIB.
2278 304 2382 364 Ill.

279 441 439 494 enim
500 442 639 494 sunt
695 456 780 509 ea,
841 457 967 511 quae
1027 441 1098 494 ad
1166 445 1424 496 sancturn
1497 443 1624 512 ejus
1692 455 1925 495 carnem
1961 437 2446 504 Adifflcultatem
2506 437 2994 508 comprehendas,

3544 304 3702 365 1210

3071 438 3144 492 de
3217 441 3452 508 quarto"
3502 444 3699 496 autem

2045 525 2200 596 quod
2231 525 2531 581 difﬁcilius
2563 532 2671 593 est,
2695 527 2822 596 jam
2856 526 3167 581 dicendum
3201 526 3368 582 nobis
3396 529 3702 602 est.Enhy-

2045 619 2342 686 postatum
2377 615 2437 669 id
2467 621 2574 685 est,
2609 616 2763 686 quod
2790 631 2923 669 cum
2950 614 3063 668 alio
3089 615 3348 670 essentia
3379 617 3607 674 diverso
3632 622 3701 676 ad

2045 706 2222 761 unius
2254 707 2737 762 constitutionem
2789 724 3072 778 personas,
3116 709 3412 780 uniusque
3459 726 3700 781 genera-

2044 795 2260 850 tionem
2292 797 2696 868 hypostaseos,
2731 798 3191 866 componitur,et
3225 814 3342 852 una
3378 798 3648 854 subsistit
3684 817 3697 854 :

2047 900 2158 938 non
2195 890 2413 954 autem,
2449 901 2550 957 per
2580 901 2642 940 se
2695 885 3087 955 cognoscitur.
3125 888 3494 943 Attendenda
3526 906 3696 958 porro

2043 979 2130 1029 est
2161 974 2280 1029 haec
2325 977 2691 1047 enhypostati
2741 975 3025 1030 definitio.
3071 975 3282 1030 Sancta
3305 977 3565 1032 Ecclesia
3597 995 3693 1034 ca-

2040 1063 2256 1118 tholica
2312 1064 2371 1118 in
2429 1064 2869 1135 dispensatione
2909 1063 3327 1119 incarnationis
3374 1083 3551 1121 unam
3586 1067 3691 1138 hy-

2041 1153 2325 1222 postasin,
2359 1155 2622 1224 duasque
2679 1159 2915 1207 naturas
2966 1153 3268 1224 profitetur
3300 1170 3311 1206 :
3345 1154 3688 1226 hypostasin

2039 1242 2298 1312 quidem,
2348 1243 2716 1297 incarnatum
2771 1242 3003 1309 Filium,
3040 1247 3277 1297 naturas
3308 1259 3442 1300 vero
3475 1245 3692 1300 divini-

2038 1336 2214 1386 tatem
2272 1337 2328 1386 et
2385 1331 2836 1386 humanitatem.
2897 1331 3118 1402 Corpus
3182 1333 3376 1402 itaque
3408 1334 3604 1388 anima
3637 1339 3694 1389 et

2037 1425 2233 1475 mente
2267 1422 2596 1491 praeditum,
2632 1439 2661 1474 ιι
2694 1420 2943 1475 Ι)οωὶηο
2997 1425 3200 1474 nostro
3259 1421 3396 1476 Jesu
3458 1423 3689 1479 Christo

2036 1515 2428 1579 assumptum,
2490 1511 2828 1581 hypostasin
2892 1509 3131 1564 minime
3187 1515 3398 1564 vocat:
3436 1528 3504 1564 ne
3535 1513 3686 1566 duas

2035 1598 2373 1670 hypostases
2435 1599 2646 1664 dicere,
2707 1599 3074 1668 Nestoriique
3132 1599 3503 1670 nugamentis
3547 1603 3684 1655 sub-

2034 1689 2288 1743 scribere
2319 1687 2790 1758 deprehendatur
2822 1708 2836 1745 :
2870 1689 2969 1742 sed
3004 1689 3455 1760 enhypostatum
3491 1691 3683 1744 nomi-

2035 1782 2154 1842 nat,
2189 1775 2262 1836 ὡς
2296 1774 2344 1828 ἐν
2379 1779 2447 1848 τῇ
2497 1781 2594 1829 τοῦ
2652 1777 2779 1829 Υίοῦ
2825 1775 3117 1829 ὑποστάσει
3176 1776 3236 1828 τὸ
3296 1778 3426 1830 εἶναι
3489 1773 3680 1848 λαϐὸν,

2036 1865 2144 1920 hoc
2174 1872 2256 1920 est
2289 1866 2423 1937 quia
2458 1866 2512 1919 in
2541 1865 2665 1919 Filii
2701 1866 2997 1938 bypostasi
3030 1867 3343 1922 essentiam
3387 1869 3678 1925 habuerit.

2033 1954 2332 2025 Siquidem
2364 1954 2632 2010 Christus
2667 1956 2810 2026 ipse,
2844 1972 2976 2010 cum
3013 1974 3124 2010 una
3144 1963 3296 2012 esset
3324 1957 3682 2029 hypostasis,

2033 2044 2152 2097 imo
2186 2061 2336 2108 vero,
2375 2049 2436 2099 ut
2475 2045 2734 2115 apertius
2767 2045 2980 2110 dicam,
3014 2045 3136 2116 ipse
3168 2045 3267 2100 Dei
3303 2046 3506 2112 Filius,
3539 2064 3672 2104 cum

2034 2150 2149 2187 una
2181 2138 2390 2188 sanctae
2422 2132 2721 2186 Trinitatis
2751 2133 3078 2203 hypostasis
3111 2150 3260 2200 esse,
3298 2134 3401 2187 fuit
3459 2140 3514 2189 et
3551 2153 3678 2190 cor-

2031 2221 2152 2292 pori
2186 2223 2340 2292 quod
2403 2222 2728 2292 assumpsit
2793 2222 3140 2294 hypostasis.
3204 2223 3404 2292 Itaque
3463 2240 3673 2294 corpus

2031 2311 2257 2364 Domini
2290 2311 2712 2383 enhypostaton
2743 2311 2977 2381 quidem
3014 2317 3122 2379 est,
3154 2311 3486 2383 hypostasis
3519 2330 3677 2383 vero,

2031 2400 2289 2455 minime.

2719 2517 2873 2571 CAP.
2907 2516 2973 2573 V.

2023 2642 2096 2696 De
2124 2641 2478 2709 homoousiis,
2503 2658 2597 2696 seu
2629 2641 2718 2706 iis,
2743 2658 2863 2713 quae
2894 2647 3020 2697 sunt
3049 2642 3293 2712 ejusdem
3323 2642 3671 2697 substantiae.

2096 2769 2462 2836 Homoousia,
2521 2769 2630 2824 hoc
2681 2774 2769 2823 est
2826 2769 3367 2833 consubstantialia,
3410 2786 3476 2824 ea
3509 2777 3665 2835 sunt,

2023 2875 2385 2930 quaecunque
2416 2859 2828 2931 hypostasibus
2863 2859 3098 2931 quidem
3133 2875 3166 2913 a
3198 2874 3258 2913 se
3291 2869 3492 2913 mutuo
3525 2859 3664 2913 diri-

2023 2954 2284 3017 muntUr,
2344 2951 2597 3005 essentia
2653 2966 2784 3005 vero
2845 2950 3305 3021 conjunguntur.
3360 2948 3431 3003 Ut
3468 2964 3572 3020 ego
3613 2954 3669 3004 et

2019 3043 2079 3092 tu
2113 3043 2170 3094 et
2199 3056 2400 3094 omnes
2419 3039 2636 3112 singuli
2660 3039 2927 3094 homines
2946 3039 3287 3111 hypostases
3309 3037 3662 3093 homoousiaa

265 3111 486 3184 Spiritu
523 3120 746 3182 sancto,
781 3119 905 3170 tum
939 3117 1172 3172 aMatre
1212 3123 1268 3172 et
1298 3119 1516 3173 caeteris
1546 3117 1901 3174 hominibus.
1940 3121 1982 3188 α
2021 3145 2246 3193 sumus,
2306 3129 2414 3184 hoc
2470 3111 2558 3184 est
2641 3129 2906 3199 ejusdem
2993 3127 3258 3183 essentia
3326 3128 3660 3198 participes.

261 3203 630 3257 Conveniunt
687 3205 842 3260 enim
891 3207 1018 3275 ejus
1095 3211 1321 3261 naturae
1395 3223 1495 3276 per
1545 3206 1908 3278 hypostasin,

261 3308 394 3346 cum
431 3309 547 3346 una
588 3292 884 3364 hypostasi
916 3297 1239 3364 composita
1261 3301 1550 3358 constent,
1585 3299 1906 3352 secundum

264 3398 439 3451 quam
475 3385 600 3436 tum
634 3399 665 3436 a
699 3387 865 3438 Patre
897 3391 952 3438 et
984 3384 1224 3455 Spiritu,
1255 3391 1378 3439 tum
1402 3403 1433 3440 a
1459 3385 1638 3441 Matre
1667 3391 1723 3441 et
1741 3385 1908 3440 nobis

260 3469 406 3542 ipsis
441 3470 652 3526 differt.

934 3587 1087 3643 CAP.
1134 3589 1222 3645 IV.

261 3693 449 3762 Capita
500 3693 751 3762 qwrdam
808 3710 1037 3765 quorum
1083 3699 1322 3766 cognitio
1352 3700 1420 3752 iis
1462 3701 1764 3754 necessaria
1801 3709 1896 3766 est,

325 3768 421 3834 qui
451 3777 719 3835 quantum
762 3766 916 3820 ratio
964 3768 1180 3835 paritur
1215 3770 1478 3834 humana,
1525 3771 1678 3823 Verbi
1705 3771 1894 3823 incar-

322 3840 443 3912 nali
473 3840 797 3906 mysterium
818 3854 1135 3912 cognoscere
1161 3846 1410 3906 cupiunt.
1462 3843 1534 3893 De
1562 3849 1894 3912 enhyposta-

327 3915 397 3971 to,
425 3909 839 3978 heleroposmlo,
869 3917 920 3962 ct
951 3911 1251 3981 hypostasi.

326 4019 789 4089 Enhypostatum
825 4025 931 4079 hoc
963 4033 1050 4080 est
1074 4027 1126 4079 id
1163 4028 1313 4097 quod
1352 4043 1448 4095 per
1498 4044 1560 4083 se
1591 4044 1814 4098 suaque
1841 4030 1889 4082 vi

258 4106 546 4173 subsistit,
579 4110 635 4163 in
671 4113 1002 4167 universum
1042 4131 1142 4185 pro
1175 4115 1332 4170 omni
1386 4117 1767 4170 subsistentia
1795 4134 1891 4170 ca-

253 4195 433 4265 pitur,
488 4214 780 4270 corporea,
838 4205 1103 4274 inquam,
1154 4213 1205 4258 et
1290 4205 1651 4276 incorporea,
1728 4211 1897 4276 prout

250 4283 402 4339 ferre
429 4290 621 4356 potest
655 4305 666 4340 :
719 4307 832 4360 quo
881 4291 938 4345 in
991 4291 1318 4362 significatu
1354 4293 1511 4348 color
1542 4310 1774 4365 quoque
1805 4311 1895 4348 es-

251 4375 440 4428 sentia
501 4393 601 4446 per
652 4395 712 4433 se
771 4381 1104 4437 subsistens
1133 4383 1244 4437 dici
1280 4389 1450 4452 queat
1483 4399 1495 4437 :
1529 4400 1663 4438 cum
1698 4391 1894 4438 tamen

251 4465 484 4534 pr0prie
515 4467 672 4521 color
728 4470 806 4523 sit
864 4469 1358 4542 heteropostaton,
1410 4473 1515 4527 hoc
1548 4481 1636 4528 est
1666 4490 1757 4527 res
1789 4491 1890 4544 per
1920 4476 1968 4538 D

255 4551 437 4608 alium
471 4555 803 4611 subsistens
829 4575 842 4623 ;
864 4559 1098 4629 propria
1115 4559 1267 4614 enim
1298 4562 1679 4616 subsistentia
1708 4567 1881 4629 caret,

242 4642 342 4695 sed
373 4644 602 4715 corpori
661 4650 940 4716 tanquam
988 4649 1248 4719 subjecto
1306 4650 1563 4704 inhaeret.
1619 4651 1885 4705 Essentia

243 4745 374 4783 vero
404 4732 635 4801 proprie
668 4733 999 4803 hypostasis
1027 4742 1135 4803 est,
1169 4754 1271 4792 seu
1318 4739 1721 4805 subsistentia,
1768 4756 1882 4793 non

241 4811 434 4885 autem
469 4821 943 4892 enhypostatum.
981 4826 1233 4882 Abusive
1265 4835 1457 4883 tamen
1497 4829 1616 4883 haec
1650 4844 1882 4899 quoque

241 4913 584 4976 enypostata
598 4911 1300 4986 dicuntur.Enhypostatu
1313 4936 1362 4970 m
1382 4925 1655 4989 praeterea
1670 4918 1884 4973 dicitur

242 4994 420 5049 homo
482 4997 846 5070 universalis,
906 5006 1054 5073 quod
1113 5008 1325 5061 externi
1377 5007 1705 5078 philosOphi
1737 5003 1878 5068 εἶδος

240 5079 617 5152 εἰδικώτατον,
651 5087 758 5143 hoc
790 5097 878 5145 est
899 5095 1145 5162 speciem
1165 5096 1646 5166 specialissimam
1671 5115 1769 5152 seu
1792 5098 1877 5151 in-

245 5173 444 5227 fimam
493 5183 716 5230 vocant.
772 5178 1232 5251 Enhypostalum
1286 5192 1476 5240 autem
1534 5186 1879 5242 universalis

239 5261 414 5318 homo
446 5266 677 5333 dicitur,
708 5272 986 5338 tanquam
1012 5271 1069 5324 in
1104 5273 1512 5344 hypostasibus
1542 5277 1880 5330 considera-

236 5357 351 5414 tus,
413 5361 475 5407 ut
535 5356 590 5410 in
655 5355 817 5411 Petro
867 5363 923 5412 et
974 5362 1204 5416 cateris
1237 5362 1569 5419 horninibus
1600 5366 1872 5437 singulis.

233 5438 362 5493 Haec
384 5459 552 5512 porro
575 5448 684 5499 tria
707 5447 1075 5518 enhypostati
1095 5451 1424 5520 significata
1437 5453 1579 5509 citra
1602 5470 1872 5526 magnam

306 5559 419 5632 (27)
451 5563 662 5622 Contra
692 5563 1019 5635 Origenem.

2013 3217 2184 3272 Pater
2215 3220 2411 3288 itaque
2464 3222 2520 3272 et
2567 3216 2772 3285 Filius,
2815 3222 2872 3273 et
2909 3217 3163 3289 Spiritus
3203 3221 3446 3271 sanctus
3478 3217 3666 3288 hypo-

2014 3306 2272 3360 stasibus
2331 3307 2562 3376 quidem
2629 3306 2973 3362 dividuntur
3033 3306 3206 3377 (alius
3263 3304 3418 3360 enim
3467 3304 3654 3374 Pater,

2013 3394 2163 3448 alius
2195 3394 2334 3449 item
2370 3394 2570 3460 Filius,
2619 3396 2768 3450 alius
2818 3395 3064 3464 denique
3105 3395 3360 3465 Spiritus
3393 3391 3654 3462 sanctus)

2011 3484 2264 3538 essentia
2293 3500 2424 3538 vero
2456 3487 2914 3556 conjunguntur.
2972 3483 3107 3538 Usia
3149 3490 3364 3548 autem,
3409 3499 3530 3546 seu,
3563 3499 3654 3537 es-

2011 3572 2218 3639 sentia,
2254 3574 2582 3626 communis
2612 3577 2700 3626 est
2731 3572 3116 3644 hypostaseon
3149 3571 3315 3637 ratio,
3365 3571 3485 3624 sive
3531 3586 3650 3624 una

2007 3661 2268 3728 divinita,
2303 3677 2420 3715 una
2450 3661 2653 3715 forma.
2689 3661 2858 3715 Pater
2890 3677 3026 3731 ergo
3061 3666 3114 3714 et
3146 3660 3346 3724 Filius,
3380 3664 3436 3713 et
3466 3657 3642 3728 Spiri-

2003 3753 2098 3802 tus
2151 3755 2412 3814 sanctus,
2475 3765 2564 3802 res
2617 3755 2750 3802 sunt
2805 3749 3068 3816 ejusdem
3130 3748 3445 3802 essentiaa:
3491 3746 3644 3817 quod

2008 3838 2180 3891 unius
2213 3841 2331 3890 sint
2357 3845 2413 3892 et
2443 3838 2709 3906 ejusdem
2757 3838 3021 3892 essentia;
3076 3837 3386 3907 participes
3422 3853 3433 3889 :
3464 3837 3644 3906 hypo-

2005 3927 2257 3979 stasibus
2286 3932 2502 3992 autem,
2538 3927 2654 3980 sive
2685 3927 3040 3997 personis,ut
3073 3925 3288 3978 dictum
3345 3929 3452 3992 est,
3504 3923 3644 3977 divi-

2003 4013 2242 4076 duntur,
2277 4019 2338 4069 at
2367 4014 2642 4084 essentia,
2706 4015 2826 4068 sive
2869 4020 3098 4083 natura,
3153 4016 3594 4086 conjunguntur
3627 4030 3640 4068 :

2000 4119 2183 4174 eaque
2237 4104 2306 4158 de
2385 4120 2561 4158 causa
2629 4102 2859 4178 ὁμοφεῖς
2940 4104 3195 4174 ejusdem
3273 4109 3515 4172 natura},
3583 4106 3642 4156 et

1999 4191 2284 4262 ὁμοούσιοι
2317 4193 2580 4262 ejusdem
2613 4193 2897 4256 essentia,
2935 4192 3244 4264 participes
3270 4193 3566 4247 dicuntur.

2675 4297 2825 4353 CAP.
2861 4299 2952 4354 VI.

2001 4409 2076 4463 De
2122 4408 2630 4480 Homohynastatz's,
2679 4409 2776 4464 hoc
2817 4413 2895 4463 cst
2944 4408 3035 4475 iis,
3084 4423 3209 4480 quae
3239 4413 3365 4463 sunt
3397 4409 3637 4477 ejusdem

2373 4480 2711 4551 hypostaseos
2741 4496 2837 4535 seu
2869 4480 3259 4535 subsistentia.

2064 4587 2581 4659 Homohypnstata,
2642 4588 2751 4643 hoc
2806 4594 2898 4643 est
2943 4588 3537 4654 consubsistentialia,
3570 4607 3633 4644 ea

1995 4673 2291 4740 dicuntur,
2353 4692 2717 4748 quaecunque
2776 4677 2930 4730 inter
2975 4693 3036 4730 se
3091 4675 3336 4730 essentia
3394 4678 3630 4746 quidem

1994 4763 2288 4829 differunt,
2347 4765 2404 4818 in
2444 4781 2621 4819 unam
2681 4770 2875 4820 autem
2909 4770 2964 4819 et
2994 4765 3256 4820 eamdem
3290 4765 3629 4836 hypostasin

1993 4852 2143 4907 inter
2163 4869 2225 4907 se
2253 4859 2684 4924 componuntur
2715 4873 2728 4909 :
2763 4859 2826 4908 ut
2881 4870 2986 4923 ego
3027 4859 3082 4908 et
3113 4861 3195 4920 tu,
3225 4859 3281 4908 et
3314 4856 3625 4927 unusquis-

1993 4957 2105 5010 que
2166 4945 2429 4995 nnstrum
2489 4943 2685 4996 anima
2729 4947 2785 4995 et
2835 4958 3072 5013 corpore
3123 4947 3479 5000 constamus.
3531 4951 3630 5001 Has

1992 5045 2159 5098 porro
2218 5033 2434 5098 partes,
2495 5030 2690 5083 anima
2748 5034 2804 5084 et
2861 5047 3072 5100 corpus
3112 5032 3362 5086 essentia
3393 5033 3627 5103 quidem

1991 5120 2227 5172 diversas
2287 5122 2471 5172 sunt:
2536 5117 2672 5188 (alia
2729 5120 2885 5173 enim
2945 5120 3176 5191 animae,
3224 5120 3337 5176 alia
3370 5126 3629 5195 corporis

1988 5206 2238 5260 essentia
2260 5210 2398 5275 est.)
2436 5206 2942 5279 Homohypostatm
2983 5227 3136 5275 vero,
3169 5228 3269 5266 seu
3302 5212 3627 5268 subsisten-

1989 5295 2079 5349 tia:
2112 5297 2391 5365 ejusdem,
2425 5297 2747 5350 secundum
2783 5297 3233 5355 christianorum
3277 5301 3627 5370 placita.Ncc

1986 5385 2139 5437 enim
2186 5386 2384 5438 anima
2427 5385 2554 5455 ipso
2581 5401 2818 5456 corpore
2843 5388 3160 5459 antiquior,
3197 5406 3380 5460 neque
3411 5406 3625 5462 corpus

1985 5489 2112 5526 esse
2142 5479 2443 5542 cmperunt
2469 5474 2601 5544 (27).
2635 5475 3002 5547 Quaecunque
3035 5495 3171 5548 ergo
3209 5479 3462 5533 essentia
3492 5481 3624 5551 qui-
