4090 6298
442 361 594 422 1211

1759 353 2073 422 ΝΙΟΕΤᾸΞΞ
2113 345 2538 415 CHONIATJE

3689 354 3848 414 1212

445 493 572 548 dem
629 493 924 563 differunt,
982 497 1187 552 eodem
1245 501 1442 552 tamen
1493 501 1777 568 tempore,
1809 499 1864 550 et
1913 485 2090 548 simul
2121 487 2173 556 Α
2206 480 2389 538 Maria
2419 481 2642 536 nudum
2675 483 2732 534 et
2753 477 3083 550 simplicem
3115 477 3414 537 hominem
3457 485 3658 539 natum
3697 500 3845 550 esse,

447 582 856 650 substiterunt,
919 585 1399 657 homohypostala
1456 595 1614 655 sunt,
1682 590 1739 640 et
1794 584 2089 640 dicuntur.

447 671 646 743 Itaque
675 674 844 730 Pater
873 681 930 730 et
958 675 1163 744 Filius,
1212 681 1270 730 et
1310 677 1566 746 Spiritus
1616 679 1855 732 sanctus
1883 673 2089 746 homoj

447 761 756 832 hypostata
816 780 930 820 non
981 772 1138 832 sunt,
1199 745 1468 837 quamvis
1519 766 1641 822 illis
1699 761 2006 835 antiquius
2035 745 2094 820 οι

447 853 740 908 recentius
797 852 942 907 nihil
989 855 1088 921 sit,
1157 858 1294 926 quia
1351 873 1482 912 vero
1539 856 1796 912 essentia
1853 852 2092 910 minime

449 939 744 1006 diii'erunt,
779 940 994 998 ideirco
1028 942 1204 999 etiam
1254 945 1602 1002 homoousia
1646 948 1705 1000 et
1749 946 1889 999 sunt
1919 945 1975 998 et
2005 940 2089 994 di-

446 1033 680 1084 cuntur.

1111 1140 1262 1196 CAP.
1313 1141 1382 1197 νι
1399 1143 1432 1197 I.

446 1245 520 1301 De
567 1245 889 1322 Diﬂerentia
917 1257 969 1322 et
1015 1249 1621 1322 conjunctione,eaque
1652 1248 1886 1320 triplici,
1920 1261 2096 1302 essen-

825 1319 972 1388 tiali,
1005 1322 1309 1390 personati,
1340 1327 1389 1378 et
1423 1319 1716 1377 habitanti.

520 1425 859 1482 Essentialis
890 1428 1226 1496 conjunctio
1257 1432 1365 1495 est,
1395 1445 1522 1504 quae
1570 1427 1779 1483 multas
1825 1425 2100 1498 hyposta-

451 1529 546 1569 ses
578 1515 648 1568 ad
683 1532 857 1570 unam
889 1520 1207 1572 essentiam
1236 1526 1550 1590 congregat
1584 1536 1598 1586 ;
1649 1525 1712 1572 ut
1743 1532 1946 1572 omnes
1973 1515 2094 1570 sin-

447 1603 570 1674 guii
601 1603 868 1659 homines
928 1605 1342 1676 hypostasibus
1390 1605 1628 1680 quidem
1679 1622 1782 1662 seu
1826 1603 2093 1678 personis

449 1693 808 1763 dividuntur,
842 1695 1098 1750 essentia
1127 1713 1283 1765 vero,
1315 1713 1418 1752 seu
1466 1697 1688 1752 ratione
1715 1695 2094 1750 humanitatis

447 1782 908 1854 conjunguntur.
945 1784 1145 1854 Itaque
1176 1784 1296 1840 haec
1322 1802 1703 1856 personarum
1733 1783 2090 1855 conjunctio,

2207 586 2346 644 erga
2375 586 2549 643 quem
2609 567 2764 629 Deus
2815 568 3068 623 Verbum
3125 569 3327 626 eadem
3374 587 3443 626 ex
3473 573 3849 644 generatione

2210 659 2546 720 benevolum
2608 655 3051 730 dispositionem
3102 657 3538 715 aii‘ectionemve
3595 659 3849 720 haberet.

2209 751 2395 825 Atque
2453 747 2920 818 conjunctionem
2971 747 3207 818 quidem
3271 749 3581 819 fatebatur,
3615 767 3726 805 non
3761 757 3850 806 ta-

2212 853 2340 899 men
2372 835 2814 910 hypostaticam,
2874 835 2975 890 sed
3021 835 3360 896 scheticam.
3394 838 3474 893 Ex
3509 855 3623 911 quo
3655 839 3848 912 fiebat,

2213 931 2276 988 ut
2307 943 2423 986 non
2455 941 2634 983 unam
2694 925 3034 998 hypostasin
3098 925 3277 982 miser
3331 925 3428 982 ille
3460 929 3845 999 profiteretur,

2210 1015 2313 1074 sed
2347 1016 2649 1086 duasque)
2709 1013 2862 1070 inter
2918 1031 2980 1070 se
3023 1015 3264 1088 quidem
3295 1019 3552 1072 essentia
3581 1023 3640 1074 et
3671 1019 3849 1093 hypo-

2209 1105 2354 1164 stasi
2387 1105 2784 1162 dividerentur
2809 1122 2830 1159 :
2861 1105 3120 1161 amicitia
3149 1122 3280 1162 vero
3311 1107 3849 1178 eademquevolun-

2210 1199 2346 1266 tate,
2381 1193 2468 1252 vel
2518 1195 2842 1252 voluntaria
2895 1193 3272 1265 dispositione
3329 1198 3848 1270 conjungerentur,

2209 1289 2531 1356 ceteraque
2563 1284 2620 1340 id
2648 1299 2834 1355 genus
2866 1283 3068 1340 deliria
3109 1283 3528 1342 deblaterabat.

2901 1391 3052 1449 CAP.
3094 1393 3157 1448 X.

2209 1501 2282 1556 De
2335 1507 2522 1555 sancta
2583 1497 2867 1555 Trinitate.
2931 1499 3122 1561 Pater,
3177 1499 3376 1564 Filius,
3414 1504 3467 1556 et
3501 1501 3744 1571 Spiritus
3790 1505 3849 1566 in

2509 1587 2614 1642 quo
2641 1571 2922 1642 differant,
2955 1571 3016 1624 in
3041 1585 3149 1642 quo
3176 1571 3534 1628 conveniant.

2275 1683 2446 1737 Pater
2503 1677 2740 1749 quidem
2790 1693 2969 1732 causa
3014 1683 3190 1744 caret,
3236 1683 3441 1749 estque
3487 1679 3788 1752 ingenitus
3830 1698 3846 1740 :

2207 1783 2311 1824 nec
2339 1769 2496 1824 enim
2554 1765 2627 1822 ab
2685 1765 2824 1836 ullo,
2881 1783 2954 1822 ne
2988 1783 3019 1822 a
3047 1767 3238 1839 seipso
3264 1767 3500 1839 quidem
3533 1771 3844 1826 essentiam

449 1887 574 1942 qua:
605 1887 709 1942 per
737 1889 914 1927 unam
947 1872 1014 1928 ﬁt
1039 1854 1373 1939 essentiam,
1401 1873 1732 1946 conjunctio
1759 1869 2091 1928 essentialis
2121 1854 2168 1918 Β
2200 1858 2393 1926 habet,
2421 1855 2896 1946 ῙδίῘίυΒίῑιυίθωλθι
2943 1858 3114 1946 Patr?
3174 1857 3408 1928 εθτιίιιη
3447 1863 3556 1913 δεῖ·
3593 1858 3847 1917 Sancti"

447 1959 682 2016 dicitur.
741 1961 1084 2018 Essentialis
1144 1979 1277 2018 vero
1333 1963 1663 2018 diii'erentia
1705 1970 1812 2030 est,
1855 1961 2094 2032 quando

447 2050 770 2119 conjuncta:
805 2067 982 2106 unam
1045 2056 1098 2105 in
1159 2051 1496 2124 hypostasin
1540 2056 1780 2117 naturae,
1815 2049 1941 2106 sine
1973 2049 2094 2105 ulla

446 2138 788 2194 confusione
819 2147 872 2194 et
901 2139 1312 2196 imminutione
1347 2146 1614 2198 manent:
1639 2139 1850 2195 utduaa
1877 2137 2090 2194 Christi

447 2231 688 2294 naturae,
731 2226 852 2282 sive
882 2227 1156 2283 divinitas
1186 2229 1618 2296 etbumanitas,
1656 2227 1714 2284 in
1757 2245 1931 2284 unam
1963 2245 2094 2284 con-

365 2343 370 2346 -
447 2330 659 2383 gressa;
691 2315 1052 2386 hypostasin,
1105 2316 1564 2390 haudquaquam
1592 2315 1842 2373 confusas
1874 2317 2088 2372 immu-

447 2407 650 2458 tataeve
682 2409 819 2458 sunt
869 2420 882 2458 :
935 2405 1033 2460 sed
1067 2404 1360 2461 essentiali
1421 2405 1747 2462 dilferentia
1788 2405 2088 2462 differunt.

439 2497 701 2547 Duarum
734 2493 891 2547 enim
931 2499 1272 2549 naturarum
1317 2501 1524 2550 neutra
1554 2494 1919 2552 commisceri
1951 2510 2089 2550 con-

441 2581 744 2652 fundique,
777 2583 1046 2637 essentia:
1077 2582 1276 2638 habita
1309 2583 1552 2652 ratione,
1587 2589 1794 2654 potest,
1829 2601 1934 2640 nec
1955 2601 2088 2640 vero

440 2670 590 2726 inter
621 2687 682 2726 se
711 2671 982 2726 diii‘erunt
1009 2671 1310 2744 hypostasi
1348 2690 1360 2728 :
1414 2691 1530 2728 una
1581 2675 1734 2730 enim
1779 2674 2086 2731 ambarum

444 2759 776 2831 hypostasis
807 2765 916 2826 est,
949 2767 1006 2815 at
1029 2763 1323 2816 essentiali
1357 2762 1702 2818 diiierentia.

1082 2865 1238 2923 CAP.
1292 2866 1442 2924 Vill.

581 2976 655 3032 De
681 2975 1022 3048 hypostatica
1045 2993 1146 3052 seu
1168 2978 1454 3052 personati
1481 2975 1868 3052 conjunctione
1893 2983 1943 3034 et

1080 3047 1434 3123 (li/ferentia.

512 3158 904 3230 Hypostatica,
965 3174 1064 3217 seu
1127 3160 1454 3230 personalis
1508 3161 1842 3230 conjunctis
1872 3177 1939 3216 ea
1969 3165 2058 3216 est

440 3264 568 3318 quas
625 3247 884 3302 diversas
934 3249 1219 3304 essentiae
1278 3251 1399 3304 sive
1439 3254 1681 3304 naturas
1715 3249 1772 3304 in
1807 3267 1988 3306 unum
2023 3254 2081 3304 et
2112 3213 2154 3279 C

442 3349 619 3389 unam
637 3335 1020 3405 eamdemque
1039 3335 1640 3409 hypostasimcolligit
1659 3346 1716 3393 et
1736 3337 1992 3410 colligat,
2023 3345 2087 3396 ut

442 3423 502 3477 in
535 3423 972 3492 dispensatione
1013 3423 1436 3482 incarnationis
1469 3425 1699 3484 Domini
1731 3427 1915 3484 nostri
1944 3428 2085 3484 Jesu

442 3511 658 3567 Christi
685 3510 1047 3582 bypostatiea
1077 3515 1409 3582 conjunctio
1445 3515 1568 3569 fuit.
1603 3515 1740 3574 Duae
1771 3516 1927 3572 enim
1959 3518 2087 3588 ejus

442 3607 660 3657 naturae
692 3601 750 3656 in
784 3617 960 3659 unam
993 3602 1372 3675 eamdemque
1404 3603 1741 3676 hypostasin
1776 3606 1924 3663 circa
1955 3623 2088 3664 con-

442 3691 729 3748 fusionem
764 3691 1088 3761 conjunetm
1118 3697 1276 3749 sunt.
1307 3689 1681 3765 Hypnstatica
1738 3711 1870 3751 vero
1929 3695 2087 3752 diii'e-

437 3777 626 3833 rentia
679 3783 788 3845 est,
849 3779 1082 3850 quando
1143 3780 1509 3851 hypostases,
1564 3798 1690 3853 quas
1725 3783 1851 3838 sub
1910 3798 2086 3838 unam

437 3868 752 3924 essentiam
782 3867 1023 3934 cadunt,
1058 3867 1210 3923 inter
1258 3886 1318 3924 se
1363 3869 1764 3940 dividuuntur,
1799 3875 1856 3927 et
1889 3872 1944 3926 in
1977 3887 2084 3928 nu-

447 3973 670 4015 merum
702 3957 1260 4029 multitudinemque
1291 3960 1777 4016 eharacteristicis
1799 3978 1897 4016 seu
1935 3962 2086 4032 figu-

447 4046 646 4100 PitiIVlS
705 4047 1158 4117 preprietatihus
1221 4051 1454 4106 cedunt.
1507 4049 1618 4106 Alii
1661 4051 1812 4108 enim
1857 4051 1928 4106 ab
1956 4050 2088 4106 aliis

445 4135 830 4206 hypostaseon
867 4139 1087 4190 ratione
1117 4137 1462 4198 differimus.
1500 4139 1672 4196 Verbi
1731 4139 1934 4208 gratia,
1980 4155 2085 4210 ego

440 4225 676 4294 quidem
738 4241 870 4281 sum
935 4235 1198 4294 provecta
1256 4234 1442 4298 astate,
1523 4230 1685 4298 nigro
1755 4229 1970 4296 colore,
2029 4233 2088 4288 et

440 4329 572 4366 sum
607 4310 817 4367 balbus
852 4330 865 4368 :
924 4317 986 4368 tu
1046 4320 1240 4372 autem
1287 4317 1476 4372 inedia
1514 4323 1699 4382 aetate,
1733 4317 1921 4386 albus,
1954 4333 2084 4372 ver-

439 4399 626 4470 baque
656 4399 932 4454 distincte
967 4402 1210 4469 profers.
1246 4403 1460 4457 Eodem
1499 4403 1670 4458 modo
1713 4405 1904 4458 caeteri
1938 4420 2083 4476 quo.

439 4503 552 4560 que
601 4487 818 4560 singuli
881 4488 1149 4546 homines
1227 4489 1568 4562 hujusmodi
1628 4489 2084 4563 proprietatibus

439 4577 801 4650 hypostatice
829 4575 1121 4634 dilierunt.

1115 4685 1267 4742 CAP.
1314 4685 1399 4742 IX.

439 4794 513 4848 De
533 4793 763 4851 schetica
795 4811 890 4868 seu
918 4792 1211 4868 habitanti
1237 4795 1635 4868 conjunctione,
1657 4801 1708 4851 et
1737 4793 2082 4868 diﬂcrentia,

846 4865 910 4920 de
941 4865 1260 4938 diﬁercntia
1290 4871 1469 4921 tamen
1504 4865 1669 4922 nihil.

507 4970 792 5038 Schetica,
856 4989 958 5027 seu
1031 4971 1344 5028 habitualis
1405 4974 1761 5043 conjunctio,
1809 4976 2000 5032 amica
2028 4982 2086 5034 et

437 5057 714 5114 benevola
771 5060 1073 5132 dispositio
1139 5067 1246 5128 est,
1309 5059 1393 5116 vel
1445 5079 1684 5118 concors
1721 5061 2084 5125 voluntatum

439 5159 780 5207 consensus.
813 5147 922 5212 Qui
954 5165 1088 5220 ergo
1128 5154 1333 5206 mutua
1363 5166 1422 5204 se
1455 5150 1856 5212 benevolentia
1887 5170 2083 5231 prose~

443 5235 998 5300 quuntur,amieitise
1017 5243 1276 5306 respectu
1295 5239 1546 5299 schetice
1567 5241 1862 5312 conjuncti
1880 5241 2086 5298 dicun-

441 5318 882 5378 tur.Ha=reticus
896 5324 1049 5379 enim
1068 5326 1284 5398 impius
1300 5327 1395 5382 ille
1417 5329 1640 5384 Nestori
1653 5347 1718 5384 us
1734 5331 2054 5387 erciesiasti
2067 5362 2084 5372 -

441 5421 567 5458 eam
601 5409 923 5470 doctrinam
955 5429 1068 5468 non
1098 5415 1708 5490 admittens,quaipse
1743 5419 1891 5474 Deus
1911 5419 2086 5478 homo

437 5491 647 5564 factus,
709 5506 1039 5573 nostraeque
1094 5508 1316 5559 naturae
1376 5507 1731 5576 conjunctus
1779 5509 2084 5578 asseritur,

437 5578 857 5648 hypostaticam
911 5590 1148 5661 quidem
1183 5609 1282 5646 seu
1317 5595 1681 5664 personalem
1715 5599 2082 5668 conjunctio-

437 5681 568 5727 nem
633 5695 760 5734 esse
823 5677 1122 5749 negabat:
1177 5681 1510 5750 uagabatur
1548 5689 1768 5756 autem;
1804 5704 1834 5741 ε
1883 5697 2087 5743 sancta

2197 1947 2445 2017 denique
2474 1945 2728 2016 Spiritus
2759 1949 2818 2000 et
2843 1943 2968 2016 ipse
2999 1945 3239 2016 quidem
3280 1962 3349 2002 ex
3395 1947 3582 2010 Patre,
3641 1953 3704 2004 at
3734 1966 3846 2006 non

2196 2035 2610 2103 generationis,
2677 2034 2776 2090 sed
2841 2034 3230 2104 processionis
3282 2037 3478 2092 modo.
3539 2037 3608 2092 Et
3665 2039 3843 2094 simul

2197 2128 2372 2196 atque
2390 2123 2516 2179 Filii
2540 2140 2607 2180 ex
2633 2122 2798 2178 Patre
2838 2123 3136 2193 generatio
3178 2125 3305 2188 fuit,
3361 2123 3472 2180 fuit
3510 2130 3570 2182 et
3592 2127 3846 2198 Spiritus

2195 2212 2386 2267 sancti
2419 2211 2735 2283 processio.
2769 2213 2892 2277 Quo
2943 2217 3138 2268 autem
3175 2213 3346 2268 modo
3377 2218 3435 2269 st
3463 2217 3764 2284 generatio
3793 2221 3849 2272 et

2196 2302 2494 2373 processio
2522 2301 2817 2369 differant,
2851 2317 3022 2357 nemo
3054 2301 3234 2358 novit.
3271 2302 3473 2374 Itaque
3504 2303 3847 2374 bypostases

2195 2389 2338 2446 solis
2395 2389 2774 2462 hypostaticis
2825 2389 3280 2461 preprietatibus
3350 2391 3654 2460 differunt,
3728 2395 3846 2455 sive

2197 2495 2312 2534 non
2342 2478 2735 2550 generatione,
2759 2477 3156 2550 generatione,
3189 2483 3245 2535 et
3277 2481 3650 2551 processionc
3684 2499 3697 2537 :
3723 2500 3843 2552 qua

2194 2567 2494 2624 individuo
2525 2583 2757 2640 quoque
2799 2566 3158 2626 dividuntur.
3191 2567 3386 2626 Trium
3415 2576 3612 2627 autem
3643 2589 3844 2642 perso-

2196 2673 2402 2712 narum
2457 2671 2818 2728 unaquaeque
2864 2657 3116 2726 perfecta
3169 2661 3398 2716 constat
3426 2659 3752 2730 hypostasi.
3785 2664 3842 2718 In

2195 2745 2386 2802 tribus
2417 2746 2573 2801 enim
2633 2747 2904 2818 perfectis
2963 2745 3380 2818 hypostasibus
3437 2765 3556 2804 una
3596 2751 3844 2822 simplex

2197 2837 2344 2891 inest
2389 2833 2665 2902 essentia,
2707 2851 2838 2905 quae
2869 2835 3178 2892 terminum
3210 2851 3445 2894 omnem
3481 2840 3758 2908 praecedit
3787 2846 3842 2898 et

2191 2927 2519 2995 exsuperat.
2575 2923 2939 2980 Parsoletum
2997 2927 3191 2982 autem
3250 2941 3313 2982 se
3380 2926 3728 2984 advocatum
3787 2928 3869 2986 et

2190 3012 2474 3084 Spiritum
2509 3017 2566 3068 et
2589 3011 2799 3068 Filium
2858 3028 3158 3078 vocamus,
3207 3017 3269 3068 ut
3298 3013 3398 3086 qui
3431 3018 3836 3076 universorum

2189 3101 2600 3157 advocationes
2657 3106 2715 3156 et
2773 3100 3091 3171 patrocinia
3145 3102 3494 3174 suscipiant,
3553 3104 3832 3176 Spiritum

2192 3191 2426 3258 quidem
2483 3195 2640 3254 certe
2698 3206 2732 3246 a
2789 3189 2958 3246 Patre
3013 3189 3096 3261 [et
3136 3189 3302 3262 Filio}
3353 3193 3649 3262 procedere
3679 3191 3824 3248 dici.

2195 3295 2346 3349 mus,
2373 3279 2456 3334 ita
2487 3285 2681 3336 tamen
2723 3286 2783 3332 ut
2818 3294 2920 3350 per
2949 3277 3159 3336 Filium
3191 3279 3569 3351 impertistur.

2867 3387 3021 3444 CAP.
3065 3385 3160 3444 XI.

2656 3487 2727 3541 De
2771 3485 2942 3538 Verbi
2970 3483 3374 3540 incarnatione.

2265 3597 2466 3648 Errore
2509 3609 2620 3646 non
2670 3595 2848 3660 caret,
2895 3591 2943 3646 si
2975 3599 3244 3646 naturam
3277 3591 3535 3647 divinam
3571 3591 3840 3648 incarna-

2194 3687 2310 3735 tam
2346 3682 2524 3736 fuisse
2546 3682 2828 3746 dieamus,
2863 3695 2994 3736 cum
3025 3677 3198 3734 Verbi
3234 3681 3564 3752 hypostasis
3598 3681 3844 3738 dicenda

2194 3771 2289 3824 sit.
2331 3771 2390 3826 Si
2441 3769 2594 3825 enim
2647 3785 2882 3826 carnem
2933 3787 2966 3828 a
2999 3774 3210 3825 natura
3239 3769 3436 3826 divina
3467 3779 3835 3842 assumptum

2198 3859 2376 3914 fuisse
2433 3859 2771 3925 dixerimus,
2817 3857 3017 3929 utique
3067 3873 3184 3912 una
3213 3858 3440 3914 Patrem
3474 3867 3530 3914 et
3557 3860 3838 3932 Spiritum

2193 3943 2781 4020 comprehendamus,
2832 3961 2964 4002 cum
2998 3963 3116 4002 una
3145 3951 3366 4003 Sanctae
3397 3947 3707 4005 Trinitatis
3741 3967 3841 4006 na-

2195 4041 2326 4092 tura
2355 4038 2452 4093 sit.
2485 4036 2858 4109 Synalmpha,
2892 4053 2992 4091 seu
3027 4035 3314 4102 counctio,
3349 4035 3586 4108 preprie
3625 4039 3840 4096 confu-

2193 4110 2279 4180 sio
2308 4133 2414 4192 est,
2469 4121 2662 4186 ἓνωσις
2721 4129 2920 4180 autem
2978 4141 3076 4180 seu
3131 4125 3498 4194 conjunctio,
3535 4143 3668 4184 cum
3705 4129 3840 4200 quid

2193 4213 2336 4269 citra
2369 4213 2696 4268 mistionem
2736 4211 2832 4266 alii
2887 4212 3140 4284 cuipiam
3177 4212 3522 4284 applicatur,
3555 4219 3620 4270 ut
3649 4217 3841 4272 oleum

2192 4301 2714 4373 aquaﬂivinilaiis
2738 4306 3006 4356 naturam
3045 4300 3434 4356 humanitatis
3458 4307 3688 4360 naturae
3709 4322 3844 4360 con-

2191 4393 2453 4462 iunctam
2485 4389 2661 4445 fuisse
2695 4407 2806 4444 non
2841 4388 3112 4456 dicimus,
3143 4389 3260 4444 imo
3292 4390 3488 4461 potius
3520 4395 3678 4448 verbi
3732 4395 3837 4466 hy-

2193 4479 2452 4553 postasin
2478 4480 2837 4536 incarnatam
2863 4479 3068 4534 fuisse.

2855 4583 3008 4641 CAP.
3049 4585 3178 4641 XII.

2337 4685 2412 4742 De
2440 4683 2675 4742 essentia
2707 4683 2961 4756 [ηαιτινίι⁷
3005 4681 3307 4754 hypostasi,
3339 4691 3394 4740 et
3419 4689 3698 4760 persona].

2267 4793 2531 4850 Essentia
2584 4790 2814 4864 proprie
2865 4790 3078 4848 dicitur
3135 4791 3190 4848 id
3245 4793 3398 4864 quod
3445 4799 3556 4861 est,
3593 4811 3696 4851 nec
3729 4796 3845 4852 alio

2194 4893 2340 4956 eget,
2379 4889 2443 4938 ut
2474 4883 2781 4946 subsistat,
2813 4879 3016 4936 multis
3045 4886 3240 4939 autem
3283 4881 3476 4937 modis
3529 4885 3842 4955 accipitur,

2197 4979 2262 5028 ut
2289 4971 2546 5031 essentia
2566 4970 2689 5040 Dei,
2717 4973 2968 5029 essentia
3010 4968 3224 5034 angeli,
3265 4969 3523 5030 essentia
3557 4971 3846 5045 hominis,

2198 5061 2455 5134 itemque
2487 5063 2685 5122 omnia
2715 5060 2786 5120 ab
2819 5059 2889 5116 iis
2911 5058 3140 5122 diversa
3169 5059 3439 5116 essentia:
3471 5065 3714 5123 nomine
3743 5067 3848 5121 de-

2198 5152 2530 5224 signantur.
2593 5150 2758 5218 Item,
2815 5146 3068 5206 essentia
3124 5151 3234 5212 est,
3282 5150 3436 5224 quod
3473 5167 3577 5221 per
3601 5169 3664 5210 se
3703 5171 3846 5212 sua-

2199 5257 2313 5313 que
2364 5239 2417 5294 vi
2471 5240 2720 5306 substat,
2780 5252 2886 5293 nec
2937 5236 3007 5294 ab
3069 5235 3182 5292 alio
3258 5239 3582 5299 essentiam
3650 5242 3850 5308 habet,

2199 5345 2388 5399 neque
2436 5327 2549 5384 alio
2592 5342 2890 5398 quoquam
2940 5325 3190 5382 extrario
3230 5325 3483 5398 indiget,
3525 5334 3594 5385 ut
3633 5333 3728 5390 sit.
3758 5334 3850 5388 Si.

2197 5417 2432 5489 quidem
2463 5414 2638 5470 colori
2671 5414 2802 5473 albo
2833 5421 2884 5468 et
2919 5413 3084 5482 nigro
3115 5416 3172 5466 et
3201 5412 3255 5469 id
3289 5428 3477 5484 genus
3506 5419 3729 5474 ceteris
3757 5436 3855 5476 es-

2197 5504 2398 5562 sentia
2443 5519 2646 5564 nomen
2698 5502 3152 5573 haudquaquam
3197 5499 3540 5573 tribuimus,
3577 5508 3720 5580 quia
3748 5526 3860 5580 per

2199 5611 2260 5650 se
2287 5593 2610 5650 subsistere
2663 5609 2773 5646 non
2818 5589 3044 5662 possint
3076 5591 3302 5660 absque
3340 5605 3586 5664 corpore
3615 5597 3857 5654 illorum

2196 5699 2428 5756 capaee.
