4090 6298
273 360 432 420 1213

1620 356 2027 423 THESAURI
2076 358 2220 423 LIB.
2266 360 2368 421 Ill.

3528 360 3679 419 i214

342 495 562 550 Natura
583 509 717 549 vero
743 496 831 548 est
860 506 1059 549 eorum
1078 507 1205 564 qua
1228 495 1366 549 sunt
1389 498 1583 547 motus
1612 499 1666 547 et
1699 491 1913 562 quietis
1941 494 1996 563 Α
2028 501 2222 551 autem
2253 495 2508 551 essentia
2537 499 2626 551 est
2655 511 2860 568 genus.
2890 495 2948 551 Si
2980 510 3116 566 ergo
3148 493 3309 551 dicas
3336 510 3348 549 :
3385 492 3686 550 Divinites

274 585 648 656 principium,
676 583 736 638 in
770 582 985 654 quibus
1042 581 1297 652 primum
1343 580 1496 636 inest
1546 595 1649 651 per
1677 596 1759 650 se,
1802 597 1919 635 non

272 689 375 743 per
402 672 696 728 accidens.
722 669 892 727 Verbi
918 671 1107 742 gratia
1138 674 1405 727 naturam
1439 686 1717 725 vocamus
1749 670 1918 741 quie-

272 766 392 818 tem
424 766 479 817 et
513 765 736 817 motum
765 776 893 830 quia
914 759 1215 817 essentiaii
1249 758 1472 817 ratione
1497 765 1662 815 terrze
1698 760 1919 824 insunt,

271 867 379 907 nec
409 851 463 905 id
504 850 683 905 ullius
713 866 902 905 causis
932 849 1194 906 beneﬁcii
1244 851 1315 907 ad
1371 865 1607 921 germen
1650 853 1707 904 et
1738 848 1921 903 fetum

271 942 443 995 rebus
488 938 861 994 naturalibus
919 940 1305 1011 suggerenda.
1363 940 1683 993 Deductum
1747 954 1918 1009 porro

269 1028 479 1107 φύσεως
513 1045 615 1084 seu
658 1032 879 1084 naturae
911 1044 1119 1084 nomen
1174 1032 1283 1095 est,
1340 1025 1487 1099 παρὰ
1536 1026 1599 1081 τὸ
1629 1024 1919 1101 πεφυκέναι

266 1115 540 1172 τουτέστιν
598 1116 884 1190 ὑπάρχειν,
926 1116 1034 1173 hoc
1064 1124 1150 1173 est
1172 1116 1242 1172 ab
1273 1133 1339 1173 eo
1391 1117 1550 1188 quod
1590 1117 1688 1171 sit.
1722 1116 1922 1186 itaque

269 1207 453 1269 οὺσίας
482 1205 573 1260 καὶ
606 1205 816 1284 φύσεως
846 1207 953 1262 hoc
981 1211 1071 1263 est
1127 1208 1397 1262 essentia:
1440 1211 1497 1261 et
1546 1210 1767 1261 naturas
1814 1222 1911 1260 no-

270 1300 500 1354 minum
533 1300 733 1353 eadem
769 1297 1119 1370 signiﬁcatio
1149 1303 1262 1363 est,
1294 1314 1543 1371 quorum
1578 1297 1725 1354 illud
1774 1294 1919 1368 παρὰ

263 1389 329 1442 τὸ
368 1386 505 1441 εἶναι
538 1405 686 1455 esse,
727 1387 835 1442 hoc
885 1403 1022 1442 vero
1068 1387 1215 1461 παρὰ
1258 1386 1322 1440 τὸ
1369 1384 1659 1462 πεφυκέναι
1696 1387 1799 1442 hoc
1830 1390 1921 1442 est

266 1483 484 1532 natura
513 1480 591 1531 ita
621 1481 1023 1546 comparatum
1050 1493 1198 1543 esse,
1230 1478 1541 1533 dedicitur.
1577 1476 1918 1548 Hypostasis

260 1572 466 1623 autem
498 1583 590 1621 res
621 1571 711 1620 est
742 1567 1072 1621 subsistens
1094 1572 1151 1621 et
1182 1565 1536 1629 essentiaiis,
1562 1566 1619 1621 in
1654 1581 1771 1637 qua
1795 1565 1920 1635 qui-

255 1658 404 1712 dem
455 1654 844 1709 accidentium
900 1654 1277 1719 coacervatio,
1336 1662 1615 1725 tanquam
1679 1671 1792 1710 uno
1858 1654 1917 1709 in

258 1745 534 1813 subjecto
560 1760 764 1814 reapse
799 1750 1050 1813 actuque
1078 1743 1373 1800 subsistit.
1426 1742 1723 1815 Πρόσωπον
1758 1759 1911 1811 vero,

150 1830 170 1844 '
263 1851 369 1890 seu
424 1849 692 1905 persona,
749 1832 806 1886 id
839 1837 950 1898 est,
995 1833 1150 1903 quod
1205 1834 1453 1903 propriis
1496 1833 1826 1887 actionibus
1856 1837 1914 1891 et
1941 1866 1986 1929 Β

263 1923 732 1996 proprietatibus
763 1928 981 1978 certam
1020 1927 1077 1977 et
1103 1922 1407 1978 deﬁnitam
1439 1938 1638 1979 eorum
1665 1938 1792 1992 quia
1824 1939 1913 1977 se-

264 2029 402 2069 cum
437 2012 703 2081 ejusdem
734 2016 877 2069 sunt
907 2011 1171 2066 essentia:
1203 2010 1557 2067 evidentiam
1588 2010 1845 2065 exhibet.

842 2131 997 2188 CAP.
1023 2130 1347 2187 XllloXIV.

258 2260 644 2318 Ecclesiaslica
691 2261 911 2313 naturae
943 2256 1210 2326 deﬁnitio.
1266 2255 1403 2322 Quid
1473 2255 1793 2312 Severianos
1857 2256 1916 2311 in

792 2344 1032 2384 errorem
1060 2343 1238 2399 propu
1250 2329 1396 2381 terit.

330 2439 560 2497 Natura
587 2437 721 2493 item
751 2452 820 2491 ex
851 2435 1141 2492 sententia
1170 2434 1460 2503 Ecclesite,
1493 2450 1625 2491 vera
1658 2434 1736 2489 rei
1770 2434 1916 2490 sub-

263 2528 542 2587 sistentia
573 2530 682 2582 est.
708 2524 780 2581 Ut
809 2529 1005 2581 autem
1038 2523 1376 2580 Aristoteles
1425 2528 1481 2578 et
1502 2522 1690 2581 ceteri
1732 2521 1913 2579 Graeci

269 2623 540 2675 auctores
573 2620 731 2681 sunt,
771 2613 964 2669 multis
999 2614 1183 2668 modis
1217 2619 1427 2669 natura
1450 2613 1759 2681 delinitur;
1790 2612 1915 2683 qui-

276 2708 389 2763 bus
419 2705 654 2776 quidem
673 2702 1113 2759 deﬁnitionibus
1132 2701 1269 2756 dum
1287 2704 1613 2757 accuratius
1630 2701 1916 2757 inhaerent

272 2796 569 2852 Severiani
603 2794 661 2849 in
688 2808 936 2848 errorem
992 2790 1244 2861 prolapsi
1280 2796 1439 2846 sunt.
1474 2790 1773 2862 Siquidem
1810 2806 1912 2844 ne-

273 2892 432 2949 tura,
466 2887 531 2937 ut
560 2883 622 2937 B.
667 2880 943 2952 Apostolo
968 2880 1174 2950 placet,
1206 2895 1399 2949 omne,
1432 2879 1490 2934 id
1522 2884 1629 2949 est,
1669 2881 1821 2949 quod
1856 2895 1914 2939 re

266 2989 408 3027 vera
428 2981 530 3027 est.
562 2972 836 3041 Apertius
866 2968 1142 3040 deinceps
1174 2968 1229 3022 id
1264 2968 1706 3039 explicabimus.
1741 2966 1918 3022 Netu-

268 3076 398 3117 ram
434 3070 595 3113 vocat
626 3057 883 3114 Ecclesia
909 3073 1108 3113 eorum
1143 3074 1266 3128 quas
1299 3062 1439 3112 sunt
1464 3056 1785 3121 veritatem,
1809 3072 1913 3112 seu

262 3148 326 3204 id
360 3147 515 3218 quod
564 3146 648 3203 eis
682 3147 854 3211 inest,
904 3144 1060 3222 φύσις
1104 3150 1294 3201 autem
1347 3145 1502 3201 dicta
1540 3150 1646 3214 est,
1709 3140 1796 3197 διὰ
1851 3144 1912 3198 τὸ

261 3235 562 3315 πεφύκεναι
592 3238 678 3290 χαί
719 3236 1055 3307 eivat,quod
1091 3236 1173 3293 ita
1211 3241 1549 3308 comparata
1600 3241 1707 3304 est,
1742 3242 1805 3292 ut
1835 3235 1913 3293 sit
1942 3225 1984 3293 Ο

264 3324 769 3399 quemadmodum
824 3321 978 3377 οὐσία
1005 3324 1040 3393 ἡ
1074 3320 1228 3389 οὖσα,
1259 3323 1507 3383 essentia
1558 3339 1683 3394 quia
1715 3331 1821 3391 est,
1853 3322 1913 3379 in

262 3415 512 3473 veritate
538 3413 930 3485 cognoscitur.
973 3413 1193 3469 Natura
1250 3412 1525 3477 essentia,
1565 3412 1644 3479 id,
1703 3428 1916 3484 genus,

263 3514 317 3562 et
354 3503 543 3577 μορφὴ
579 3518 683 3557 seu
717 3504 924 3567 forma,
960 3518 1065 3572 pro
1127 3518 1244 3557 una
1274 3504 1596 3571 eademque
1644 3517 1703 3556 re
1733 3501 1788 3555 in
1822 3518 1914 3556 ec-

265 3590 619 3648 clesiasticis
678 3591 970 3661 dogmatis
1019 3590 1358 3661 capiuntur:
1416 3591 1914 3660 quemadmodum

265 3683 444 3756 panis
476 3686 533 3735 et
565 3679 848 3736 buccella.
883 3679 1163 3742 Quocirca
1217 3673 1454 3755 ἔμφυτρν
1497 3677 1765 3744 ἒνοῦσιον,
1798 3681 1919 3735 sive

262 3770 326 3826 id
360 3770 521 3842 quod
555 3769 797 3826 insitum
831 3774 940 3833 est,
974 3774 1027 3823 et
1058 3769 1113 3823 id
1146 3770 1300 3840 quod
1335 3770 1481 3824 inest
1513 3769 1665 3824 idem
1691 3768 1916 3839 signiﬁ-

266 3865 427 3916 cant.
462 3858 722 3921 Quatuor
749 3863 945 3913 autem
966 3858 1153 3913 modis
1186 3863 1390 3913 natura
1440 3858 1674 3924 dicitur,
1710 3860 1917 3929 utjam

264 3946 497 4013 monui,
542 3947 631 4002 his
682 3946 961 4002 nimirum
1020 3948 1296 4015 essentia,
1367 3951 1597 4016 natura,
1650 3954 1920 4017 genuset

266 4036 483 4093 forma.

948 4127 1097 4181 CAP.
1133 4125 1256 4182 XV.

342 4252 690 4323 Hypostasis,
750 4268 983 4322 persona
1021 4258 1072 4307 et
1120 4251 1409 4307 character
1458 4252 1515 4305 in
1560 4253 1663 4307 Deo
1694 4252 1844 4323 quid.

699 4324 1067 4395 Hypostaticw
1111 4327 1490 4395 praprietates.

337 4430 686 4503 Hypostasis
733 4447 969 4501 quoque
1004 4431 1266 4500 insuper,
1300 4445 1368 4484 ex
1409 4430 1806 4485 ecclesiastica
1865 4436 1922 4487 et

259 4517 1252 4593 apostolicatraditionempéemnov
1276 4527 1360 4573 est
1380 4534 1481 4573 seu
1510 4534 1776 4589 persona,
1801 4520 1920 4576 sive

2031 587 2299 639 nostrum
2354 586 2619 643 omnium
2679 591 2876 640 custos
2936 594 3042 647 est,
3096 588 3278 639 totam
3335 582 3680 638 Trinitatem

2031 680 2293 727 sanctam
2326 674 2677 745 signiﬁcasti
2707 690 2718 727 :
2754 672 2801 728 si
2848 689 2980 728 vero
3012 673 3210 727 dices:
3250 671 3562 727 Vobiscum
3598 672 3687 727 Fi-

2030 759 2145 816 lius
2172 762 2292 831 Dei,
2318 763 2597 817 extribus
2628 760 3047 834 hypostesihus
3076 776 3249 815 unam
3274 765 3574 831 totamque
3596 760 3682 814 di-

2029 849 2328 906 vinitatem
2366 850 2776 922 pronuntiasti.
2832 854 2962 905 Hanc
3020 857 3293 921 praeterea
3348 851 3416 903 de
3463 848 3673 905 iisdem

2029 939 2248 995 audito.
2275 939 2577 1008 Divinitas,
2596 955 2727 995 ecce
2750 939 3249 1009 communitatem,
3272 942 3329 992 et
3345 937 3671 993 absolutam

2031 1028 2440 1099 perfectionem
2503 1031 2793 1084 essentia.
2870 1028 3218 1093 Paternitas,
3280 1042 3411 1083 ecce
3470 1044 3677 1097 perso-

2030 1132 2165 1170 nam
2198 1132 2297 1171 seu
2332 1116 2697 1189 hypostasim
2738 1132 2935 1171 unam.
2986 1114 3291 1185 Filialitas,
3325 1131 3456 1169 ecce
3498 1115 3671 1170 aliam

2032 1205 2396 1277 hypostasin.
2449 1205 2703 1273 Spiritus
2753 1209 3012 1273 sanctus,
3069 1220 3197 1261 ecce
3252 1204 3447 1259 aliam.
3496 1205 3675 1258 Caete-

2029 1311 2157 1348 rum
2193 1298 2309 1349 tres
2341 1294 2714 1365 hypostaticaa
2757 1294 3135 1365 proprietates
3186 1299 3325 1347 sunt
3367 1293 3424 1347 in
3459 1292 3674 1347 divini-

2027 1388 2177 1438 tate:
2224 1384 2553 1454 ingenitum
2611 1385 2819 1451 Patris,
2878 1382 3138 1454 genitum
3196 1382 3341 1446 Filii,
3377 1382 3669 1452 processio

2027 1472 2285 1543 Spiritus
2315 1472 2521 1527 sancti.
2559 1472 2671 1527 Nec
2718 1473 2874 1526 enim
2930 1472 3161 1543 genitus
3192 1476 3283 1527 est
3324 1472 3513 1538 Pater,
3568 1489 3672 1528 nec

2026 1562 2343 1633 procedens
2372 1563 2576 1631 Filius,
2613 1579 2713 1616 nec
2745 1562 2977 1632 genitus
3022 1562 3273 1632 Spiritus
3304 1566 3560 1616 sanctus.

2692 1672 2845 1723 CAP.
2878 1667 3028 1722 XVI.

2026 1777 2305 1849 Synapsts,
2356 1796 2454 1833 seu
2527 1776 2930 1847 compendium,
2988 1778 3056 1831 de
3110 1777 3263 1832 modo
3326 1773 3674 1849 ἀντιδόσεως,

2094 1865 2187 1904 seu
2217 1853 2420 1905 mutuae
2470 1855 2806 1905 naturarum
2834 1850 3221 1905 retributionis
3253 1849 3341 1920 [de
3360 1866 3463 1921 quo
3495 1866 3658 1921 aper-

2096 1924 2207 1976 tius
2237 1931 2288 1977 et
2316 1923 2541 1992 planius
2574 1924 2774 1993 infra].

2101 2025 2465 2081 Divinitatem
2501 2025 2737 2097 quidem
2771 2030 2829 2081 et
2871 2026 3298 2081 humanitatem
3335 2043 3466 2081 cum
3516 2028 3667 2081 dici-

2027 2132 2180 2183 mus,
2213 2119 2396 2171 totam
2431 2115 2756 2170 divinitatis
2780 2120 3070 2183 naturam,
3102 2120 3160 2170 et
3189 2120 3370 2170 totum
3399 2115 3672 2171 humani-

2024 2204 2163 2259 tatis
2204 2208 2473 2258 neturam
2506 2204 2882 2270 indicamus;
2917 2220 3047 2258 cum
3093 2220 3226 2259 vero
3268 2204 3449 2259 Deum
3491 2210 3545 2259 et
3576 2205 3677 2259 ho-

2025 2293 2243 2348 minem
2276 2292 2555 2359 dicimus;
2581 2309 2694 2348 non
2722 2309 2962 2363 prorsus
2992 2298 3253 2347 naturam
3284 2294 3675 2348 mtoiaiitates

2024 2383 2528 2446 demonstremus,
2563 2383 2661 2437 sed
2681 2383 2994 2452 aliquando
3026 2388 3082 2436 et
3116 2398 3392 2452 personae
3424 2386 3480 2437 et
3501 2383 3678 2454 hypo-

2024 2475 2234 2527 stases.
2270 2471 2410 2524 Cum
2444 2486 2581 2541 ergo
2616 2486 2721 2525 nos
2743 2471 2800 2524 in
2838 2472 3015 2526 Deum
3051 2472 3303 2538 credere,
3333 2471 3556 2542 absque
3581 2472 3677 2526 ed-

2016 2566 2221 2636 juncto
2267 2563 2541 2631 dicimus,
2592 2568 2770 2619 totam
2830 2565 3192 2620 divinitatem
3246 2566 3673 2635 signiﬁcemus.

2023 2654 2166 2709 Cum
2199 2669 2332 2709 vero
2376 2656 2554 2708 Deum
2618 2655 2912 2708 hominem
2968 2656 3183 2708 factum
3243 2670 3368 2708 esse
3399 2656 3674 2722 dicimus,

2014 2743 2141 2813 jam
2177 2758 2289 2797 non
2337 2742 2701 2797 divinitatem
2752 2743 3121 2807 denotamus,
3173 2743 3275 2797 sed
3325 2741 3507 2796 solum
3546 2743 3673 2798 Filii

2025 2848 2238 2886 nomen
2271 2830 2680 2898 exprimimus.
2729 2831 2960 2897 Adbaac,
3013 2830 3307 2902 siquidem
3354 2831 3444 2884 his
3478 2832 3671 2887 verbis

2022 2925 2155 2976 utar
2182 2937 2195 2976 :
2220 2919 2377 2976 Deus
2405 2923 2639 2992 propter
2658 2918 2958 2974 hominem
2990 2919 3330 2974 incarnatus
3349 2924 3457 2985 est,
3484 2923 3665 2975 totam

2022 3010 2448 3064 humanitatem
2482 3009 2760 3079 designo:
2795 3008 2845 3062 si
2869 3024 2996 3063 vero
3022 3008 3111 3063 his
3134 3025 3147 3063 '.
3174 3008 3420 3072 Quidam
3454 3008 3624 3063 homo
3648 3026 3668 3064 :

2020 3096 2187 3153 illum
2222 3097 2416 3153 solum
2450 3098 2663 3151 indico.
2698 3098 2897 3169 Itaque
2926 3097 2984 3151 in
3013 3097 3253 3151 Domino
3285 3094 3483 3151 nostro
3528 3097 3669 3152 Jesu

2024 3187 2257 3242 Christo
2285 3187 2432 3242 duas
2453 3187 2686 3257 quidem
2711 3191 2968 3257 naturas,
2992 3186 3379 3253 divinitatem,
3406 3187 3672 3258 inquam,

2025 3281 2079 3331 et
2120 3275 2569 3342 humanitatem,
2614 3278 2672 3329 et
2709 3290 2886 3331 unam
2937 3276 3276 3348 hypostasin
3318 3292 3382 3331 ex
3426 3281 3672 3347 utraque

2024 3365 2408 3437 compositam
2433 3366 2793 3420 confitemur.
2820 3367 2883 3420 Et
2914 3382 3047 3419 cum
3083 3365 3268 3436 ipsius
3301 3367 3534 3436 quidem
3566 3382 3672 3419 na-

2028 3459 2188 3510 turas
2210 3454 3037 3524 consideramus,divinitetem
3061 3460 3119 3509 et
3144 3455 3568 3511 humanitatem
3594 3454 3675 3510 di-

2026 3546 2252 3599 cimus:
2280 3543 2413 3599 eum
2439 3560 2575 3599 vero
2600 3544 2956 3616 hypostusim
2987 3544 3169 3605 illam,
3204 3560 3333 3614 quae
3356 3545 3583 3599 duabus
3607 3561 3675 3599 ex

2029 3632 2256 3687 naturis
2298 3633 2613 3701 conjuncta
2646 3637 2757 3697 cst,
2802 3648 2958 3686 nunc
2988 3631 3226 3702 quidem
3260 3631 3582 3699 Christum,
3620 3639 3678 3687 et

2030 3721 2328 3776 hominem
2364 3723 2762 3789 nominemus,
2814 3736 2968 3775 nunc
3002 3736 3132 3775 vero
3166 3722 3343 3774 Deum
3371 3721 3581 3789 solum,
3620 3727 3677 3778 et

2028 3810 2327 3865 hominem
2363 3808 2577 3864 solum.
2619 3809 2734 3863 Nec
2766 3826 2900 3863 eum
2950 3810 3132 3864 Deum
3168 3808 3358 3863 solum
3394 3810 3670 3879 dicimus,

2029 3901 2223 3972 ipsum
2259 3897 2331 3952 ab
2364 3896 2603 3952 homine
2653 3914 3030 3968 separamus:
3076 3914 3178 3953 nec
3211 3914 3340 3953 cum
3374 3900 3673 3955 hominem

2027 3987 2215 4042 solum
2247 3986 2644 4051 nominamus,
2678 3988 2873 4056 ipsum
2908 4002 2942 4040 a
2990 3986 3106 4042 Deo
3137 3987 3526 4059 sejungimus.
3572 3990 3669 4043 Iti-

2029 4076 2159 4131 dem
2192 4090 2323 4131 cum
2356 4075 2717 4130 divmitetem
2742 4074 3019 4143 dicimus,
3053 4092 3170 4131 una
3202 4092 3336 4131 cum
3370 4094 3438 4133 ea
3463 4078 3671 4133 buma-

2028 4165 2230 4220 nitetis
2263 4164 2641 4235 proprietates
2673 4179 2788 4217 non
2827 4165 3379 4234 comprehendimus
3410 4182 3422 4221 :
3469 4182 3500 4221 e
3538 4182 3677 4221 con-

2027 4272 2195 4311 verso
2228 4271 2361 4309 cum
2407 4254 2828 4309 humanitatem
2878 4259 3278 4327 enuntiemus,
3330 4258 3387 4314 in
3433 4277 3499 4314 ea
3532 4260 3679 4313 divi-

2029 4342 2232 4397 nitatis
2274 4343 2656 4413 proprietates
2709 4359 2825 4397 non
2873 4344 3298 4415 intelligimus:
3366 4364 3472 4401 nec
3519 4348 3674 4402 enim

2028 4431 2414 4503 impatibilem
2459 4437 2516 4487 et
2547 4433 2860 4487 increatam
2912 4433 3340 4490 humanitatem
3373 4437 3623 4491 dicimus
3660 4452 3672 4490 :

2032 4527 2091 4577 at
2120 4521 2177 4576 in
2212 4537 2325 4576 una
2381 4521 2680 4594 bypostasi
2725 4539 2838 4579 non
2871 4524 2955 4578 ita
3005 4524 3197 4579 dicere
3246 4522 3529 4593 solemus,
3574 4526 3674 4579 sed

259 4588 591 4675 character,
624 4588 1126 4680 quemadmodum
1163 4607 1370 4662 Paulus
1400 4588 1612 4662 Filium
1649 4608 1919 4678 splendo-
1953 4588 1996 4652 Ῐ)
2029 4613 2308 4669 audacter
2337 4619 2393 4669 et
2424 4588 2615 4669 solum
2651 4615 2855 4683 Deum,
2920 4621 2976 4671 et
3006 4615 3196 4671 solum
3230 4588 3555 4681 hominem,
3587 4620 3676 4670 at-

259 4717 387 4755 rem
436 4699 635 4769 gloriae
672 4696 874 4759 Patris,
904 4697 1043 4750 item
1077 4698 1133 4750 et
1178 4696 1560 4767 hypostaseos
1610 4696 1731 4766 ejus
1780 4698 1917 4753 cha-

256 4793 552 4844 racterem
606 4802 709 4841 seu
761 4786 1006 4856 ﬁguram
1061 4790 1247 4850 vocat,
1299 4785 1408 4839 hoc
1463 4789 1552 4840 est
1608 4801 1915 4855 personam

254 4875 532 4947 ejusdem
564 4875 827 4928 essentiee
861 4889 994 4929 cum
1028 4874 1360 4928 charactere
1397 4878 1453 4929 et
1485 4874 1781 4945 hypostasi
1816 4876 1917 4929 Pa-

253 4965 394 5020 tris.
429 4967 716 5017 Personas
751 4968 943 5018 autem
975 4967 1030 5018 et
1072 4963 1433 5018 characteres
1480 4962 1537 5016 in
1571 4962 1686 5018 Deo
1727 4963 1919 5019 incor-

252 5067 442 5126 porea
473 5051 600 5119 ipsa
628 5051 906 5117 dicimus,
937 5057 996 5106 et
1028 5069 1097 5106 ea
1135 5068 1255 5121 quae
1287 5052 1687 5107 circumscribi
1721 5053 1915 5124 expri-

254 5143 470 5209 mique
502 5154 616 5192 non
650 5143 915 5207 possunt.
960 5142 1213 5194 Persona
1246 5156 1378 5195 vero
1414 5155 1516 5195 seu
1569 5141 1913 5212 hypostesis,

247 5236 312 5289 et
342 5231 689 5286 sanctorum
706 5227 940 5280 Patrum
964 5229 1279 5294 sententia,
1313 5228 1610 5299 proprium
1645 5232 1734 5283 est
1765 5244 1914 5300 prte-

249 5326 344 5377 ter
385 5330 749 5372 commune:
802 5315 1193 5371 communitas
1260 5317 1415 5371 enim
1476 5325 1583 5382 est,
1636 5318 1917 5371 uniuscu-

247 5413 476 5482 jusque
510 5404 587 5458 rei
622 5409 870 5458 natura:
908 5405 1153 5476 proprias
1203 5421 1355 5473 vero,
1407 5406 1743 5476 hypostases
1774 5405 1914 5476 ipsis

250 5502 397 5551 sunt
452 5493 627 5549 Verbi
674 5492 861 5563 gratia
904 5499 1112 5549 natura
1178 5494 1299 5549 sive
1354 5496 1609 5549 essentia
1641 5499 1747 5561 est,
1801 5511 1916 5550 una

251 5584 469 5650 deitss,
501 5582 866 5656 hypostases,
901 5598 1034 5637 vero
1064 5588 1204 5649 tres,
1239 5583 1410 5637 Pater
1463 5582 1669 5648 Filius,
1699 5588 1757 5639 et
1782 5583 1913 5655 Spi-

249 5678 408 5734 ritus
439 5680 683 5730 sanctus
711 5690 723 5726 :
757 5678 877 5729 tres
909 5688 1191 5744 personae,
1227 5689 1328 5726 seu
1380 5672 1766 5741 characteres,
1803 5688 1915 5730 una

2030 4717 2142 4773 que
2175 4702 2498 4771 Christum,
2533 4704 2630 4776 qui
2666 4709 2983 4775 utrumque
3016 4704 3679 4775 comprehendit,conﬁ-

2026 4796 2253 4846 temur:
2288 4794 2680 4863 eumdemque
2712 4792 2890 4848 Deum
2927 4792 3225 4863 patibilem
3259 4792 3532 4857 dicimus,
3564 4793 3679 4847 hu-

2030 4880 2331 4935 manitatis
2363 4882 2605 4946 ratione,
2641 4888 2696 4935 et
2752 4899 2956 4953 purum
2989 4882 3089 4952 qui
3131 4882 3241 4936 fuit
3277 4888 3408 4937 ante
3441 4884 3678 4951 smculu,

2026 4968 2250 5023 ratione
2290 4969 2633 5025 divinitatis.
2685 4976 2875 5040 Atque
2918 4971 3012 5026 hic
3044 4966 3363 5032 ἀντιδόσεως
3409 4988 3509 5027 seu
3544 4990 3672 5028 mn-

2026 5059 2136 5109 tum
2172 5058 2512 5110 naturarum
2553 5056 2977 5126 retributionis,
3022 5061 3232 5114 modus
3274 5067 3380 5129 est,
3437 5077 3555 5133 qua
3586 5063 3679 5131 ﬁt,

2026 5149 2093 5199 ut
2121 5150 2363 5213 utraque
2396 5148 2627 5213 natura,
2650 5161 2778 5216 quas
2801 5147 3035 5218 propria
3056 5148 3166 5203 sibi
3200 5153 3337 5204 sunt
3367 5151 3673 5216 retribuat,

2025 5233 2257 5288 ratione
2291 5232 2675 5304 hyposteseos
2723 5234 3013 5305 ejusdem,
3046 5241 3102 5292 et
3163 5244 3378 5293 mutuae
3437 5238 3668 5295 illarum

2026 5320 2352 5377 afﬁnitatis.
2385 5321 2791 5377 Conﬁtendum
2826 5340 2996 5394 porro
3026 5329 3143 5395 est,
3185 5326 3357 5381 Verbi
3402 5333 3671 5383 naturam

2022 5410 2409 5475 incarnetam,
2469 5411 2588 5465 sive
2636 5412 2794 5467 carni
2849 5415 3229 5481 coniunctam
3295 5416 3502 5484 fuisse,
3555 5432 3669 5471 non

2025 5499 2163 5570 quia
2195 5504 2403 5554 natura
2440 5499 2496 5553 in
2526 5514 2701 5556 cerne
2734 5518 2905 5571 passa
2958 5503 3054 5557 sit.
3115 5503 3278 5567 Quod
3327 5505 3485 5561 enim
3522 5507 3670 5561 Deus

2023 5588 2219 5655 homo,
2264 5600 2547 5659 versaque
2577 5589 2702 5644 vice
2753 5590 2929 5646 homo
2984 5593 3136 5648 Deus
3187 5592 3379 5657 t’uerit,
3427 5594 3484 5647 id
3538 5610 3666 5647 vero

2025 5675 2171 5731 illud
2204 5676 2400 5748 ipsum
2431 5681 2541 5745 est,
2597 5679 2753 5748 quod
2802 5680 3182 5736 conﬁtemur:
3254 5681 3411 5750 quod
3471 5685 3666 5735 autem
