4090 6298
426 345 581 406 1215
1743 327 2050 392 NICETE

2187 323 2508 386 ΪΟΝΙΑΤΔΕ
3682 305 3714 363 1
3729 303 3861 363 216

425 458 700 538 divinitas
732 478 906 533 homo
939 477 1090 531 facta
1119 474 1217 538 sit,
1250 471 1338 528 vel
1389 473 1712 537 incarnata,
1741 469 1833 524 vel
1860 468 2074 524 huma-
2103 471 2158 536 Α

424 575 664 628 nitatem
713 568 942 634 induta,
988 564 1178 630 nullo,
1211 579 1461 635 usquam
1497 561 1670 618 modo
1711 559 2066 616 audivimus.

2250 641 2492 698 Habitus
2523 643 2612 696 est
2643 635 2914 693 universa
2972 637 3191 688 naturis
3241 628 3486 686 facultas
3538 626 3611 682 ad
3645 624 3866 696 quali-

1065 708 1220 763 CAP-
1253 707 1432 764 ΧνῘῙ·
2174 735 2354 786 tatem
2385 729 2582 794 relata,
2615 743 2732 798 qua
2749 723 2986 797 quidem
3011 720 3290 777 facultate
3319 717 3512 789 ipsam
3547 733 3580 770 a
3602 715 3858 771 caeteris

424 845 577 908 Item,
609 840 672 895 de
701 842 908 893 natura
955 839 1011 890 et
1040 836 1340 908 hypostasi.
1392 832 1596 908 [Variis
1635 827 1904 908 sumptis
1961 841 2071 908 non
2175 818 2462 908 discernit
2509 817 2886 908 et‘segreg-at,
2910 807 3414 908 quemadmodum
3446 804 3657 908 beatus
3689 801 3851 908 Dio-

497 892 708 968 tar’ztnm
745 892 812 964 ab
858 892 1346 978 mtelleciuulibus,
1391 892 1893 978 rationalibusget
1939 897 2068 978 ani:

2187 909 2380 978 nysius
2414 905 2491 961 ait
2526 903 2616 960 his
2645 902 2840 958 verbis
2865 918 2879 956 :
2904 897 3210 970 Corruptio
3243 895 3398 951 enim
3421 909 3523 949 seu
3557 892 3851 946 interitu

493 985 829 1058 ma‘i”.,‘9¢
885 984 1056 1037 “mm
1111 977 1503 1058 apui’fqnim.“
1578 972 1973 1058 immObmbu‘,’
2014 971 2069 1058 (³⁸
2175 971 2414 1058 natura,
2458 991 2773 1048 inﬁrmitas
2865 994 2954 1044 est
3007 991 3066 1042 et
3136 985 3400 1040 defectus
3467 978 3849 1036 naturalium

495 1053 932 1120 insensibilibus,
975 1051 1205 1108 ostendit
1256 1048 1461 1102 Christi
1519 1061 1743 1101 carnem
1788 1059 1900 1096 non
1941 1057 2064 1111 per-

498 1143 681 1153 --.μην
761 1127 848 1153 -..Δ
884 1125 1170 1153 -.κληιὶιηνι
1219 1136 1330 1153 ηοω
1391 1120 1751 1153 ηαιιιηιΙιιορηε
1823 1117 2066 1153 οηήυηη.

2187 1048 2507 1153 tabi—tuum,
2540 1079 2835 1137 actionum
2868 1085 2922 1132 et
2953 1074 3323 1131 facultatum.

2811 454 2967 510 CAP.
2999 451 3201 509 XVIII.

2852 546 2922 601 De
2951 541 3164 598 habitu.

491 1143 705 1194 sonam,
755 1127 850 1181 sed
879 1117 1175 1180 essentiam
1218 1136 1350 1174 esse.
1389 1120 1772 1194 Hypostuseos,
1823 1117 2066 1183 enhypo-

493 1198 652 1268 stati,
675 1190 784 1253 etc.
825 1197 1187 1268 Deﬁnitiones
1217 1195 1266 1247 el
1296 1190 1594 1261 exempla]

492 1348 708 1399 Natura
737 1342 951 1398 dicitur
984 1342 1112 1412 ipsa
1151 1337 1460 1410 angelitas,
1495 1336 1836 1406 byposlases
1869 1334 2062 1385 autem

421 1432 790 1504 singularum
822 1429 1218 1501 angeliearum
1245 1437 1625 1496 personarum
1662 1420 2066 1492 proprietates,

425 1521 680 1590 Gabriel,
708 1517 991 1585 Michael.
1039 1519 1203 1584 Item,
1239 1519 1447 1570 natura
1478 1529 1592 1568 una
1629 1517 1686 1566 et
1734 1507 2067 1564 communis

427 1617 517 1667 est
547 1611 898 1678 humanitas,
933 1607 1261 1680 hypostasis
1281 1621 1416 1660 vero
1451 1603 1653 1658 Petrus
1681 1606 1738 1656 et
1767 1598 1982 1654 Paulus
2012 1601 2069 1652 et

426 1705 642 1754 materie
674 1715 956 1770 persona,
989 1702 1046 1752 et
1077 1695 1464 1750 characteres.
1499 1692 1722 1746 Natura
1744 1689 1942 1760 itaque
1965 1687 2065 1742 do-

2829 1165 2987 1224 CAP.
3017 1165 3168 1220 XIX.

2257 1263 2344 1324 De
2385 1261 2710 1324 voluntate.
2755 1257 2915 1334 Quid
2937 1255 3017 1316 sit
3049 1253 3343 1328 voluntas,
3369 1249 3442 1312 de
3461 1267 3754 1330 quonam,

2613 1352 2672 1400 et
2701 1350 2844 1422 quot
2885 1335 3077 1398 modis
3123 1336 3383 1394 dicatur.

2249 1441 2530 1497 Voluntas
2571 1439 2809 1511 quidem
2845 1439 2937 1490 est
2983 1431 3254 1489 essentia
3308 1425 3732 1484 intellectualis
3780 1433 3842 1482 et

2173 1529 2475 1586 rationalis
2504 1525 2863 1584 desiderium
2883 1526 2951 1580 ad
2980 1538 3102 1578 rem
3141 1519 3536 1590 concupitam.
3597 1517 3841 1572 Constat

2172 1617 2329 1672 enim
2379 1613 2668 1688 quidquid
2725 1610 3120 1683 intelligentia
3167 1606 3472 1680 praeditum
3531 1609 3626 1660 est
3677 1603 3842 1659 idem

2174 1725 2410 1781 quoque
2449 1706 2594 1762 velle
2628 1722 2818 1778 posse.
2889 1698 3124 1774 Θὲλῃσις
3169 1699 3325 1754 enim
3369 1712 3470 1754 seu
3501 1697 3706 1752 volitio
3750 1699 3846 1750 est

429 1791 720 1858 mina'est,
753 1793 811 1843 et
860 1803 1052 1848 causa,
1085 1791 1142 1841 et
1178 1782 1422 1856 genitrix
1476 1781 1886 1854 hypostaseon,
1937 1793 2064 1848 quae

429 1881 441 1892 ο
637 1879 648 1891 ο
821 1883 830 1894 ι
933 1883 942 1894 ι
1050 1893 1059 1894 ,
1109 1877 1161 1894 ο)
1188 1875 1235 1894 ,2,
1265 1891 1277 1894 -
1300 1892 1313 1894 _
1369 1873 1712 1894 L_-___a._-_-
1771 1870 2044 1894 J2-.-_&.._

2187 1797 2342 1870 quasi
2369 1797 2611 1868 quidam
2641 1794 2772 1850 fons
2797 1801 2850 1848 et
2884 1793 3033 1856 vita,
3067 1805 3192 1860 quae
3229 1787 3387 1843 omni
3431 1784 3696 1841 rationali
3733 1802 3840 1839 na-

2520 1885 2556 1894 _.
2763 1883 2775 1894 .
2895 1887 2904 1894 .
2969 1879 3032 1894 ,ν
3079 1880 3112 1894 ..
3333 1883 3344 1894 .
3403 1892 3435 1894 ,κ
3479 1871 3561 1894 ,ιη
3738 1891 3835 1894 μγ,

426 1881 486 1935 in
529 1898 594 1935 ca
635 1879 860 1946 insunt,
893 1883 1070 1950 atque
1107 1875 1322 1930 idcirco
1369 1873 1715 1944 hypostases
1768 1870 2064 1932 dicuntur,

427 1969 564 2042 quia
597 1976 820 2024 naturas
848 1976 1125 2038 tanquam
1175 1965 1318 2019 fonti
1367 1960 1785 2032 subjiciuntur.
1847 1957 1906 2013 Si
1936 1973 2070 2028 ergo

432 2064 592 2118 dicas
619 2080 632 2118 :
666 2063 824 2116 Bona
858 2069 1063 2116 natura
1093 2063 1183 2112 est
1233 2056 1500 2127 angelus,
1533 2057 1713 2108 totum
1745 2067 1944 2106 eorum
1977 2066 2069 2104 es-

429 2153 680 2209 sentiam
717 2150 1038 2220 signiﬁcas.
1067 2149 1129 2203 Si
1161 2162 1294 2201 vero
1327 2145 1520 2200 dicas:
1565 2142 1814 2213 Magnus
1843 2145 1930 2196 est
1960 2139 2069 2195 Ga-

423 2242 592 2307 briel,
649 2257 825 2295 unam
865 2255 932 2295 ex
974 2237 1248 2294 omnibus
1295 2233 1633 2307 bypostasin
1687 2234 1949 2288 denotas.
2011 2229 2072 2286 Si

423 2347 580 2396 vero,
633 2327 994 2395 humanitas,
1044 2341 1177 2381 ecce
1237 2329 1415 2380 lotam
1472 2322 1813 2380 essentiam.
1871 2323 2069 2376 Conon

425 2424 620 2476 autem
647 2422 704 2474 et
733 2417 936 2472 Simon
961 2415 1306 2488 hypostases
1337 2417 1496 2470 sunt.
1529 2412 1784 2467 Rursum
1813 2411 1861 2466 si
1885 2411 2068 2478 dicas,

425 2506 680 2563 volucris
712 2510 984 2561 naturam
1018 2519 1149 2560 esse
1181 2502 1386 2571 levem,
1435 2516 1568 2556 ecce
1619 2499 1951 2555 universam
1987 2515 2073 2553 es-

425 2596 672 2653 sentiam
706 2595 956 2661 indicas,
1007 2595 1057 2648 si
1089 2609 1219 2647 vero
1266 2591 1562 2658 columba,
1613 2590 1699 2644 vel
1743 2595 1954 2656 turtur,
1984 2589 2072 2643 vel

426 2684 676 2741 luscinia
710 2684 810 2750 sit,
843 2699 975 2739 ecce
1004 2681 1090 2737 bis
1121 2690 1254 2736 sunt
1285 2679 1650 2751 hypostases.
1696 2679 1810 2736 Nec
1841 2683 2070 2734 tantum

429 2775 486 2829 in
521 2777 742 2830 ratione
765 2771 1062 2828 intellectu
1093 2773 1408 2842 animaque
1429 2768 1686 2841 praeditis
1715 2769 1916 2824 eadem
1951 2767 2074 2824 haec

430 2860 636 2934 regula
666 2860 855 2918 locum
901 2861 1096 2929 habet,
1129 2861 1230 2915 sed
1277 2859 1337 2912 in
1387 2857 1547 2914 omni
1599 2872 1832 2928 quoque
1864 2861 2074 2910 natura

429 2951 641 3006 animm
679 2957 876 3006 motus
919 2955 976 3006 et
1019 2966 1230 3006 sensus
1268 2959 1518 3020 experte.
1567 2946 1740 3001 Verbi
1777 2945 1984 3017 gratia,
2021 2943 2072 2999 si

425 3040 729 3096 dicamus:
763 3041 920 3096 Fecit
943 3045 1092 3096 Deus
1137 3038 1361 3104 lumen,
1399 3036 1731 3092 universam
1771 3033 2071 3090 stellarum

427 3130 742 3185 essentiam
773 3127 1216 3197 signiﬁcamus:
1263 3127 1313 3181 si
1365 3141 1496 3180 vero
1529 3125 1717 3180 solare
1755 3123 1934 3194 jubar
1975 3122 2068 3177 di-

2173 1891 2316 1942 turm
2338 1885 2731 1942 essentialiter
2761 1883 2930 1936 inest.
2969 1879 3198 1936 Dicitur
3250 1883 3445 1932 autem
3477 1871 3701 1946 θέλημα
3733 1891 3838 1930 seu

2175 1975 2468 2044 Voluntas,
2517 1971 2654 2027 κατὰ
2703 1970 2765 2025 νὸ
2823 1967 2958 2033 θέειν
3010 1965 3135 2021 λίαν
3187 1966 3304 2037 ἅμα
3357 1969 3427 2038 τῇ
3487 1963 3642 2040 φύσει
3694 1963 3840 2035 πρὸς

2175 2061 2349 2132 αὺτὴν
2383 2061 2582 2138 λῆγον,
2615 2061 2724 2116 hoc
2753 2065 2844 2116 est
2890 2057 3031 2130 quia
3075 2060 3298 2111 naturae
3329 2055 3647 2109 admodum
3695 2069 3839 2108 con-

2174 2161 2392 2220 currat,
2422 2157 2479 2208 et
2508 2152 2567 2206 in
2591 2151 2720 2222 ipsa
2749 2150 2981 2204 tandem
3011 2145 3265 2202 desinat.
3296 2144 3586 2200 Caeterum
3620 2143 3838 2213 triplex

2171 2241 2578 2299 consideratur
2633 2239 2923 2302 voluntas,
2973 2234 3193 2300 divina,
3253 2233 3538 2305 angelica,
3610 2239 3669 2286 et
3714 2231 3841 2286 ani-

2174 2330 2367 2386 malis.
2398 2329 2694 2400 Siquidem
2727 2333 2846 2382 tres
2880 2325 2965 2380 hee
2999 2327 3222 2379 natura)
3255 2327 3313 2377 et
3348 2321 3486 2376 sola:
3527 2319 3837 2376 voluntate

2175 2419 2429 2493 praedita;
2479 2421 2636 2472 sunt.
2694 2416 3009 2487 Triplicem
3060 2411 3200 2467 item
3233 2409 3428 2466 divina
3482 2425 3722 2480 quoque
3768 2409 3832 2463 in

2176 2510 2472 2579 Scriptura
2519 2506 2871 2562 voluntatem
2935 2501 3144 2557 dictam
3195 2499 3710 2570 deprehendimus,
3743 2498 3836 2553 di-

2174 2601 2391 2663 vinam,
2446 2594 2764 2652 naturalem
2821 2607 2920 2648 seu
2954 2589 3220 2658 mediam,
3280 2596 3334 2644 et
3382 2587 3673 2644 carnalem
3723 2595 3832 2644 ter-

2177 2689 2338 2751 tiam,
2368 2702 2478 2758 qua
2519 2685 2744 2756 quidem
2778 2681 3059 2739 diabolica
3108 2679 3484 2750 signiﬁcatur.
3543 2677 3832 2734 Naturalis

2174 2785 2362 2833 autem
2397 2775 2658 2832 voluntas
2692 2791 2723 2827 a
2754 2771 2868 2827 Deo
2899 2777 3086 2828 creata
3117 2767 3367 2824 hominis
3395 2773 3508 2832 est,
3549 2767 3829 2821 nimirum

2175 2867 2398 2936 cupidae
2431 2863 2600 2933 partis
2629 2861 2836 2918 animai
2865 2870 3052 2915 motus
3109 2857 3490 2926 intelligentia
3537 2865 3837 2923 constans,

2178 2957 2277 3026 qui
2303 2953 2593 3010 hominem
2631 2958 2834 3007 natura
2875 2949 2946 3004 ad
2981 2963 3098 3002 rem
3157 2945 3520 3016 concupitam
3555 2944 3831 3015 impellit.

2183 3043 2382 3099 Divina
2412 3057 2542 3098 vero
2585 3040 2844 3096 voluntas
2893 3037 3044 3109 apud
3099 3036 3362 3092 homines
3413 3040 3518 3102 est,
3551 3049 3679 3090 cum
3733 3034 3831 3088 in-

2178 3141 2345 3188 natus
2393 3127 2797 3186 intellectualis
2838 3125 3122 3197 appetitus
3174 3125 3246 3179 ad
3297 3139 3382 3194 ea,
3431 3139 3548 3194 quae
3605 3130 3822 3177 naturae

427 3234 653 3279 camus,
699 3219 1018 3288 ipsummet
1061 3215 1244 3271 solem
1287 3214 1630 3269 innuimus:
1678 3212 2057 3284 quemadmo-

2187 3184 2529 3278 Sest—(anim
2553 3235 2568 3287 ;
2601 3184 2670 3274 ab
2699 3216 2826 3272 aliis
2855 3184 2980 3287 quas
3009 3224 3224 3270 natura
3275 3184 3576 3283 repugnant
3607 3225 3812 3281 prope-

431 3307 570 3361 dum
620 3310 677 3358 et
735 3303 963 3374 lunare,
1021 3310 1075 3358 et
1117 3308 1432 3358 astrorum.
1499 3301 1658 3357 Idem
1725 3316 1956 3372 quoque
1999 3299 2072 3355 de

429 3391 648 3459 ventis,
676 3393 829 3448 etde
869 3389 1309 3464 igniszessentia
1349 3391 1540 3446 dicere
1592 3405 1932 3460 possumus,
1981 3404 2073 3444 se-

433 3485 643 3537 cantur
671 3483 828 3538 enim
883 3481 942 3536 in
1001 3480 1275 3548 essentia,
1331 3479 1452 3536 sive
1503 3479 1562 3534 in
1623 3477 1981 3549 aquilonem,
2016 3477 2073 3532 in

437 3575 728 3641 austrum,
763 3571 820 3626 in
849 3568 1094 3644 lychnos
1122 3574 1181 3625 et
1207 3567 1534 3640 lampadas.
1577 3567 1780 3638 Itaque
1808 3571 2074 3623 sanctam

435 3659 653 3717 Christi
685 3676 916 3716 carnem
951 3659 1286 3732 hypostasin
1320 3674 1423 3713 seu
1479 3672 1789 3727 personam
1839 3673 1954 3712 non
1987 3655 2076 3712 di-

437 3751 648 3818 cimus,
676 3749 774 3804 sed
806 3749 1145 3818 essentiam,
1187 3750 1252 3802 ut
1280 3752 1464 3802 totam
1517 3751 1788 3802 naturam
1822 3751 2077 3801 nostram

437 3836 630 3892 abillo
661 3841 1026 3908 assumptam
1056 3841 1114 3890 et
1134 3839 1421 3891 servatam
1443 3833 1624 3889 fuisse
1655 3832 2076 3906 significemus.

437 3927 492 3982 Si
513 3927 670 3982 enim
723 3928 910 3998 ipsam
943 3924 1283 3998 hypostasin
1341 3925 1682 3992 dixerimus,
1743 3939 1925 3978 unum
1971 3921 2076 3978 ali-

438 4031 606 4087 quem
640 4016 927 4072 hominem
956 4017 1148 4070 dicere
1167 4013 1694 4086 deprehendemur,
1727 4011 1882 4083 quod
1903 4011 2080 4066 nimi-

437 4122 568 4160 rum
599 4105 872 4160 Christus
901 4103 1287 4175 assumpserit
1314 4107 1371 4158 et
1419 4101 1753 4160 servaverit.
1796 4101 2076 4156 Caeterum

437 4209 510 4247 ne
543 4194 870 4262 hypostasis
897 4191 1133 4262 quidem
1162 4191 1275 4248 dici
1324 4196 1538 4264 potest,
1572 4195 1864 4262 quatenus
1883 4205 2016 4244 caro
2048 4207 2082 4243 a

435 4281 632 4338 divino
685 4281 873 4338 Verbo
917 4285 1177 4352 separari
1249 4281 1490 4352 nequit:
1534 4278 1868 4353 hypostasis
1924 4279 2080 4334 enim

436 4387 686 4444 persona
729 4377 996 4442 separata
1019 4369 1254 4428 dicitur.
1287 4370 1408 4432 Quo
1431 4369 1528 4439 sit,
1561 4375 1626 4424 ut
1658 4369 2080 4440 enbypostaton

437 4460 649 4532 ipsam,
685 4461 743 4516 id
765 4469 873 4529 est,
902 4475 1004 4532 per
1033 4475 1097 4514 se
1121 4475 1342 4530 suaque
1372 4458 1425 4513 vi
1470 4456 1914 4524 subsistentem,
1963 4471 2081 4512 non

2183 3316 2285 3364 rat.
2326 3307 2578 3362 Carnalis
2620 3305 2871 3376 denique
2919 3302 3166 3376 pathice,
3229 3317 3324 3358 seu
3391 3299 3816 3372 perturbationi-

2185 3398 2290 3454 bus
2345 3395 2730 3452 succumbens
2773 3393 2978 3449 animae
3037 3392 3424 3463 praevaricatio
3481 3397 3565 3446 est
3617 3389 3688 3444 ab
3753 3405 3820 3446 eo

2184 3485 2330 3558 quod
2373 3493 2584 3540 naturae
2615 3484 2906 3549 convenit,
2954 3482 3024 3538 ad
3077 3481 3134 3537 id
3183 3481 3332 3552 quod
3389 3487 3606 3536 natura:
3659 3493 3823 3549 repu-

2186 3581 2338 3646 gnaL

2259 3661 2534 3720 Voluntas
2605 3659 2920 3717 essentialis
2977 3675 3043 3716 ea
3109 3667 3214 3728 est,
3271 3673 3395 3730 quas
3452 3659 3836 3714 communiter

2186 3753 2246 3807 in
2282 3759 2484 3806 natura
2513 3748 2800 3806 consimili
2852 3751 3020 3805 modo
3073 3749 3314 3816 videtur,
3374 3747 3530 3818 quali
3563 3747 3830 3802 essentia-

2188 3839 2316 3896 liter
2367 3838 2590 3894 Domini
2633 3853 2766 3893 caro
2825 3837 3059 3908 praedita
3106 3845 3225 3893 erat
3280 3851 3409 3892 cum
3445 3837 3588 3890 mori
3635 3835 3833 3903 nollet,

2191 3935 2248 3982 ut
2279 3928 2460 3984 sancti
2495 3927 2682 3982 Patres
2714 3927 2931 3982 dicunt.
2981 3926 3041 3982 Si
3094 3927 3219 3982 talis
3268 3925 3528 3982 voluntas
3553 3930 3618 3981 in
3676 3929 3834 3980 Patre

2189 4026 2242 4072 et
2283 4016 2491 4086 Spiritu
2553 4023 2748 4072 sancto
2802 4015 3147 4084 inveniatur,
3207 4031 3320 4070 una
3387 4030 3618 4086 prorsus
3647 4015 3836 4070 carnis

2189 4111 2246 4160 et
2270 4104 2587 4160 divinitatis
2617 4103 2812 4160 volitio
2865 4104 3054 4160 fuerit.
3089 4104 3369 4160 Naturalis
3425 4103 3690 4160 voluntas
3729 4104 3832 4160 ho-

2191 4193 2384 4258 minis,
2413 4202 2471 4248 ut
2499 4193 2680 4249 sancti
2713 4192 2952 4249 Basilius
2985 4202 3039 4248 et
3085 4193 3330 4262 Cyrillus
3379 4201 3642 4249 auctores
3679 4201 3831 4258 sunt,

2191 4291 2273 4337 est
2305 4283 2424 4352 ipse
2469 4282 2596 4336 vitae
2645 4298 2826 4337 amor.
2890 4281 3061 4337 Omni
3119 4282 3274 4337 enim
3334 4281 3557 4338 homini
3619 4281 3723 4337 vita
3785 4288 3836 4337 et

2193 4371 2337 4427 lucis
2369 4371 2560 4426 fruitio
2589 4371 2763 4426 chara
2787 4380 2892 4438 est,
2925 4386 3056 4427 ecce
3108 4371 3228 4426 haec
3275 4379 3358 4426 est
3387 4371 3716 4427 communis
3747 4386 3835 4426 vo-

2193 4459 2401 4516 luntas.
2455 4459 2745 4516 Gnomicaa
2804 4475 2988 4529 porro,
3056 4473 3154 4514 seu
3203 4459 3448 4516 scientes
3517 4459 3834 4514 voluntates

438 4556 624 4608 autem
686 4550 1027 4623 hypostasin
1096 4550 1384 4604 dicamus.
1461 4544 1858 4601 Ἐνυπόστατον
1919 4545 2075 4601 enim
2111 4534 2154 4598 D
2187 4549 2245 4603 in
2297 4557 2486 4603 nostra
2542 4557 2741 4603 natura
2801 4548 2990 4602 multa;
3047 4551 3204 4615 sunt,
3251 4547 3400 4603 alios
3450 4551 3603 4603 enim
3669 4550 3832 4602 homo

437 4641 500 4696 τὸ
538 4639 785 4714 ὑπάρχον
813 4639 1046 4706 dicitur,
1078 4637 1198 4693 sive
1227 4636 1308 4702 id,
1353 4636 1509 4708 quod
1539 4635 1836 4690 subsistit:
1875 4650 2080 4706 quem.

440 4732 755 4787 admodum
827 4733 1027 4784 contra
1085 4723 1448 4780 ἀνυπόστατον
1529 4723 1588 4778 id
1671 4725 1825 4796 quod
1881 4723 2078 4779 subsi-

441 4822 652 4878 stentia
705 4821 826 4876 sive
899 4817 1158 4874 essentia
1218 4820 1393 4882 caret,
1455 4819 1518 4868 ut
1588 4813 1945 4869 insomnium
2025 4816 2082 4867 et

438 4910 690 4966 essentia
711 4914 769 4966 et
797 4906 1178 4965 subsistentia
1207 4908 1361 4960 caret
1389 4919 1403 4959 :
1450 4901 1667 4975 quippe
1702 4901 1858 4974 quod
1891 4917 1925 4956 a
1955 4899 2082 4956 sola

437 4999 752 5070 phantasia
781 4998 1126 5070 dependeat.
1179 4991 1574 5049 Ἀνυπόστατον
1602 4999 1661 5048 et
1716 4989 2076 5062 ἀνυπάρκτων,

437 5093 494 5142 et
547 5085 792 5140 ἀνούσιον
839 5089 897 5142 id
949 5088 1144 5158 ipsum
1176 5089 1285 5152 est,
1329 5083 1484 5155 quod
1541 5081 1782 5137 verbum
1840 5079 2078 5152 quidem

438 5192 588 5246 saepe
620 5176 929 5246 profertur,
963 5175 1123 5231 nulla
1155 5181 1347 5229 tamen
1384 5173 1440 5226 in
1472 5171 1728 5228 essentia
1777 5171 1862 5224 vel
1893 5169 2078 5241 hypo-

435 5263 579 5320 stasi
657 5263 1042 5334 dignoscitur,
1114 5272 1174 5317 ut
1231 5278 1414 5330 mors,
1460 5261 1746 5316 infernus.
1800 5255 2074 5313 Ἐνούσιον

435 5357 637 5406 contra
683 5351 936 5407 dicimus
977 5351 1063 5406 vel
1099 5351 1154 5404 id
1208 5350 1404 5420 ipsum
1439 5349 1598 5422 quod
1656 5353 1764 5418 est,
1823 5347 1911 5403 vel
1945 5364 2076 5419 pro-

437 5437 764 5510 prietatem,
793 5457 918 5512 quae
963 5441 1022 5495 in
1065 5441 1323 5494 essentia
1365 5439 1698 5505 innotescit,
1750 5444 1814 5492 ut
1855 5436 2074 5509 ingeni-

435 5531 564 5580 tum
595 5524 654 5582 in
687 5529 800 5586 Deo
841 5530 1027 5595 Patre,
1069 5527 1332 5599 genitum
1381 5526 1440 5580 in
1473 5527 1640 5594 Filio,
1695 5526 1985 5598 processio
2016 5527 2074 5580 in

435 5610 659 5680 Spiritu
691 5624 928 5691 sancto,
951 5623 1015 5673 ut
1043 5629 1226 5683 supra
1245 5613 1466 5669 dictum
1497 5621 1608 5670 est.

2191 4637 2451 4706 privatim
2499 4651 2692 4693 secum
2747 4650 2914 4706 agere
2969 4636 3104 4705 vult,
3153 4636 3304 4692 alius
3353 4637 3644 4700 adiﬁcare,
3689 4636 3834 4691 alius

2189 4742 2368 4795 arare,
2401 4727 2546 4782 alius
2578 4725 2864 4797 navigare,
2896 4732 2952 4781 et
3005 4726 3190 4781 caeteri
3237 4725 3615 4782 consimiliter
3647 4727 3835 4781 multis

2189 4814 2472 4884 gnomicis
2517 4811 2898 4870 voluntatibus
2969 4827 3063 4868 seu
3115 4813 3420 4883 spontinis,
3481 4829 3593 4868 una
3649 4822 3833 4869 autem

2188 4903 2453 4969 naturali,
2499 4902 2606 4958 hoc
2660 4911 2746 4958 est
2801 4902 3026 4958 vivendi
3081 4901 3413 4972 cupiditate,
3469 4902 3693 4974 prediti
3740 4918 3832 4957 su-

2190 5007 2335 5048 mus.
2371 4991 2486 5049 Nec
2517 5007 2647 5048 vero
2679 4991 2886 5047 frustra
2933 4999 3037 5056 est,
3089 4991 3236 5062 quod
3273 4990 3491 5046 homini
3521 4992 3696 5048 chara
3725 4992 3834 5046 vita

2187 5089 2291 5150 est,
2323 5081 2438 5136 imo
2483 5089 2682 5137 natura
2742 5096 2918 5136 unum
2965 5079 3104 5135 illud
3157 5080 3508 5150 signiﬁcans,
3568 5082 3718 5152 quod
3759 5083 3828 5135 ab

2187 5169 2349 5226 initio
2379 5169 2620 5226 habebat
2652 5171 2804 5241 (nata
2850 5171 3003 5224 enim
3053 5177 3137 5224 est
3173 5169 3244 5223 ad
3303 5168 3826 5241 immortalitatem),

2187 5260 2373 5331 ipsum
2415 5259 2617 5329 diligit,
2671 5264 2729 5314 et
2756 5266 2928 5314 amat.
2989 5257 3192 5314 Divina
3242 5257 3520 5324 voluntas,
3575 5261 3834 5314 mandata

2187 5349 2288 5405 Dei
2325 5357 2476 5404 sunt.
2511 5347 2796 5403 Naturalis
2849 5347 3108 5403 voluntas
3163 5355 3373 5402 naturae
3431 5348 3652 5403 ratione
3695 5363 3830 5418 pras-

2186 5437 2302 5492 dita
2335 5437 2478 5492 nihil
2524 5437 2678 5491 aliud
2733 5441 2839 5506 est,
2874 5450 3041 5506 quam
3103 5435 3308 5490 divinas
3340 5435 3482 5505 legis
3525 5441 3835 5494 exsecutio.

2185 5525 2462 5582 Voluntas
2512 5525 2758 5581 carnalis
2806 5525 2951 5581 nihil
2980 5523 3156 5590 aliud,
3219 5539 3383 5594 quam
3436 5524 3642 5581 divine
3695 5526 3838 5598 legis

2185 5618 2570 5685 contemptus.
