4090 6298
241 385 401 445 1217

913 515 1064 572 CAP.
1098 514 1219 570 XX.

251 625 404 694 Quid
424 625 756 695 praprietas,
786 623 850 676 de
885 637 1121 693 quanam
1165 621 1412 695 dicatur.
1461 631 1511 675 et
1543 627 1673 695 quot
1703 615 1900 672 modis:

542 695 560 767 [
595 689 1096 766 Quid’hypo—stasis;
1152 694 1284 764 quid
1311 689 1615 761 accidens.)

334 799 589 872 ’IBiwpa,
656 819 756 857 seu
811 803 1135 873 proprietas
1193 801 1424 866 dicitur,
1477 797 1614 852 κατᾶ
1668 797 1730 851 τὸ
1791 794 1902 850 ἰδία

253 890 398 944 εἶναι
432 884 547 962 ἅμα
575 896 643 957 τῆ
680 887 792 960 ἰδίᾳ
823 890 1001 965 φύσει,
1036 891 1228 964 ἀμιγὲς
1268 893 1374 944 τῶν
1439 886 1648 943 λοιπῖυν
1701 887 1902 940 οὐσιῶν

251 978 526 1053 ὕπαρχον,
557 981 666 1035 hoc
695 987 785 1036 est
818 980 950 1049 quia
981 983 1248 1053 privatim
1275 980 1521 1052 proprias
1552 983 1769 1034 natura
1823 980 1904 1032 ita

247 1069 416 1136 insit,
441 1073 505 1124 ut
527 1085 654 1124 cum
688 1068 911 1124 ceteris
939 1071 1210 1124 essentiis
1243 1070 1475 1124 misceri
1525 1085 1636 1122 non
1695 1067 1900 1136 possit.

246 1159 267 1232 (
301 1159 690 1230 Proprietates
721 1160 874 1214 enim
906 1177 939 1214 a
967 1163 1194 1214 naturis
1245 1167 1292 1213 et
1352 1158 1768 1230 hypostasibus
1818 1175 1904 1212 se-

246 1249 601 1320 pararinon
665 1248 929 1319 possunt)
988 1248 1106 1302 sive
1168 1246 1489 1318 proprietas
1553 1247 1607 1300 id
1672 1246 1904 1316 proprie

245 1345 362 1401 est,
405 1339 561 1409 quod
594 1337 785 1407 aliqua
836 1336 894 1390 in
947 1340 1151 1390 natura
1179 1336 1446 1405 privatim
1505 1335 1900 1406 cognoscitur,

240 1429 305 1483 in
366 1427 480 1482 alia
532 1443 662 1481 vero
713 1443 828 1480 non
897 1425 1325 1480 inveniturzut
1374 1424 1531 1480 verbi
1582 1425 1786 1496 gratia,
1846 1425 1900 1477 in

246 1521 471 1573 natura
502 1517 697 1570 divina
730 1516 791 1570 id
812 1515 966 1585 quod
1002 1520 1138 1570 ante
1186 1515 1420 1580 saecula,
1478 1513 1817 1578 increatum,
1851 1517 1905 1567 et

234 1609 294 1663 in
313 1605 875 1676 circumscriptibile
909 1611 1156 1673 est,qua=.
1179 1603 1416 1674 quidem
1453 1603 1549 1658 alii
1579 1601 1907 1673 cuicunque

231 1711 302 1751 es
319 1694 518 1749 sentias
551 1710 668 1748 non
701 1694 920 1760 insunt,
955 1709 1026 1747 ne
1054 1691 1164 1762 ipsi
1226 1691 1458 1762 quidem
1535 1691 1907 1746 sanctissimo

241 1782 470 1840 Christi
504 1782 751 1854 corpori,
783 1799 883 1836 nec
911 1782 1067 1837 enim
1103 1788 1236 1836 ante
1282 1780 1495 1835 saecula
1540 1786 1649 1846 est,
1718 1797 1907 1851 neque

244 1874 607 1938 increatum,
661 1887 850 1942 neque

255 1967 492 2018 natura:
543 1961 862 2032 proprietas
921 1962 1174 2016 essentia
1228 1965 1318 2015 est
1367 1959 1736 2031 impasibilis,
1779 1976 1906 2030 quas

251 2051 376 2109 sibi
411 2067 444 2106 a
474 2049 748 2107 laudibus
773 2055 890 2106 Deo
946 2051 1226 2105 canendis
1265 2049 1562 2106 silentium
1622 2049 1908 2119 imperare

246 2158 375 2198 non
409 2140 980 2211 potest.lmpatibile
1014 2155 1182 2211 porro
1206 2139 1264 2192 in
1325 2139 1396 2192 iis
1451 2139 1506 2192 id
1557 2138 1700 2206 dixi,
1751 2139 1906 2208 quod

237 2230 716 2286 immortaleest.
751 2229 1063 2300 Proprium
1097 2227 1352 2283 hominis
1388 2227 1444 2280 id
1501 2227 1735 2298 proprie
1794 2233 1902 2291 est,

241 2321 408 2393 quod
449 2335 516 2374 ex
551 2318 780 2374 mortali
816 2324 873 2374 et
903 2317 1221 2374 immortali
1255 2321 1459 2370 natura
1483 2321 1732 2382 constat,
1803 2333 1906 2370 nec

242 2413 305 2466 in
340 2407 464 2463 alia
509 2408 629 2463 ulla
677 2406 930 2463 essentia
987 2406 1384 2478 cognoscitur,
1417 2405 1722 2460 Naturales
1774 2422 1908 2476 pro-

252 2499 542 2570 prietates
574 2513 652 2552 eis
690 2506 844 2561 sunt,
900 2511 1048 2566 quas
1111 2495 1238 2564 jam
1290 2494 1448 2551 dixi:
1509 2505 1649 2548 sunt
1694 2510 1827 2548 vero
1852 2498 1908 2548 et

252 2587 663 2659 hypostaticae,
689 2590 748 2639 ut
768 2584 998 2650 albedo,
1027 2583 1277 2652 simitas,
1333 2583 1661 2655 longitudo,
1698 2584 1904 2638 decur-

255 2677 430 2740 tatio,
462 2675 748 2743 viriditas,
794 2672 1167 2738 truculentia,
1213 2678 1270 2726 et
1325 2679 1527 2729 cetera
1582 2675 1634 2727 id
1697 2690 1905 2745 genus,

259 2782 391 2836 quas
412 2765 689 2820 omnibus
721 2766 780 2818 in
804 2763 1146 2818 hominibus
1182 2763 1335 2818 haud
1385 2763 1560 2818 simili
1602 2765 1772 2819 modo
1818 2781 1908 2818 re-

258 2855 594 2926 periuntur,
643 2870 746 2908 nec
786 2853 941 2907 enim
1019 2868 1220 2908 omnes
1277 2857 1414 2906 sunt
1496 2851 1755 2908 similes:
1794 2869 1907 2908 non

258 2956 471 2998 omnes
502 2941 995 3008 suntiruculenti,
1039 2959 1154 2997 non
1197 2958 1400 2998 omnes
1449 2941 1600 2997 ﬂavi.
1656 2943 1816 2999 Unde
1845 2943 1908 2998 lit

261 3029 556 3093 etiam,ut
612 3029 949 3101 hypostasin
995 3031 1257 3086 nonnulli
1304 3030 1589 3102 privatum
1637 3036 1691 3086 et
1737 3048 1907 3103 pecu-

261 3119 469 3174 liarem
505 3117 1110 3176 characteristicarum
1153 3136 1253 3176 seu
1307 3121 1748 3192 ﬁgurativarum
1779 3139 1910 3192 pro-

257 3209 602 3278 prietatum,
671 3228 817 3280 quas
869 3212 1101 3282 praedixi

252 3295 567 3352 Naturales
598 3307 788 3353 autem
852 3301 1236 3370 proprietates
1282 3318 1347 3356 ex
1397 3318 1562 3373 :rquo
1629 3302 1684 3356 in
1742 3303 1898 3356 omni

251 3402 465 3455 genere
497 3387 881 3443 consimiliter
921 3391 1403 3455 inveniuntur,ut
1441 3407 1646 3447 omnes
1699 3391 1901 3446 homi-

251 3493 358 3532 nes
394 3479 694 3542 mortales,
719 3480 1018 3534 consimili
1053 3483 1222 3535 modo
1283 3483 1486 3536 mortis
1518 3483 1774 3547 obnoxii,
1813 3499 1898 3537 ra-

242 3566 453 3634 tionis,
491 3567 914 3636 respirationis,
950 3569 1139 3624 somni
1173 3574 1227 3626 et
1248 3570 1660 3626 ambulationis
1678 3573 1906 3643 partici-

249 3673 355 3728 pes
421 3663 577 3722 sunt,
633 3674 839 3714 omnes
897 3659 1030 3715 latis
1092 3661 1390 3731 unguibus
1422 3662 1670 3733 praaditi,
1699 3679 1903 3718 omnes

258 3743 514 3814 denique
591 3745 980 3816 agriculturae,
1052 3746 1346 3803 artibusve
1440 3748 1663 3804 caeteris
1723 3748 1903 3802 dediti

256 3838 422 3890 sunt.

907 3925 1066 3982 CAP.
1125 3926 1264 3982 XXI.

791 4013 928 4080 Quid
986 4015 1057 4070 sit
1105 4015 1383 4072 accidens.

332 4119 615 4176 Accidens
650 4123 887 4191 dicitur,
949 4124 1002 4178 id
1060 4125 1213 4196 quod
1271 4125 1437 4180 adest
1487 4124 1576 4180 vel
1628 4127 1816 4194 abest,
1846 4131 1908 4182 ut

265 4208 510 4264 infantia
551 4214 606 4265 et
653 4212 820 4269 adest
887 4217 942 4268 et
994 4213 1177 4283 abest,
1223 4214 1592 4285 perfectionis
1664 4213 1904 4272 ratione.

261 4296 750 4356 Consimilimodo
797 4301 1020 4357 sanitas
1071 4319 1304 4374 quoque
1339 4307 1603 4359 mutatur
1652 4308 1709 4359 et
1765 4321 1910 4360 mor-

262 4385 395 4455 bus,
426 4391 483 4442 et
512 4387 688 4458 calor,
713 4394 769 4445 et
798 4392 1050 4459 siccitas,
1087 4396 1261 4464 atque
1312 4400 1370 4448 ut
1410 4410 1526 4449 uno
1583 4395 1756 4450 verbo
1806 4395 1909 4450 ab-

261 4474 486 4531 solvam
514 4478 802 4549 quidquid
836 4481 1179 4536 commutari
1238 4486 1449 4554 potest,
1495 4483 1550 4539 id
1595 4484 1909 4540 accidentis

262 4566 565 4624 nominine
598 4569 980 4641 significatur.

901 4678 1049 4733 CAP.
1085 4677 1260 4734 XXII.

693 4767 766 4820 De
821 4769 1065 4838 energia,
1111 4784 1204 4825 seu
1235 4769 1470 4827 actione.

336 4868 585 4941 Energia
629 4872 846 4943 itaque,
893 4890 994 4930 seu
1055 4876 1222 4944 actio,
1276 4881 1340 4931 ut
1390 4882 1629 4935 sanctus
1697 4883 1904 4952 Grego-

262 4954 386 5010 rius
419 4957 719 5025 Nyssenus
773 4962 986 5035 inquit,
1050 4966 1333 5023 naturalis
1404 4974 1493 5024 est
1536 4969 1900 5039 singularum

258 5044 652 5103 essentiarum
703 5051 948 5108 facultas
1007 5059 1063 5109 et
1119 5065 1330 5125 motus,
1380 5059 1549 5128 cujus
1615 5076 1797 5114 unum
1843 5060 1898 5115 id

254 5147 464 5204 expers
487 5143 600 5203 est,
631 5140 785 5209 quod
813 5139 870 5194 in
913 5158 1109 5199 rerum
1156 5152 1365 5202 natura
1415 5165 1530 5204 non
1574 5154 1682 5205 est.
1737 5151 1897 5214 Quod

255 5219 413 5277 enim
437 5230 705 5282 essentia
737 5227 990 5300 alicujus
1015 5235 1695 5307 particepsfestmmnino
1725 5239 1901 5294 actio-

256 5309 348 5364 nis
408 5313 581 5369 etiam
637 5314 793 5371 illam
829 5319 1192 5390 designantis
1265 5325 1554 5396 particeps
1585 5327 1710 5381 erit.
1755 5328 1902 5384 Vera

259 5397 544 5468 siquidem
575 5406 800 5462 ratione
825 5409 1193 5477 instruimur,
1235 5415 1618 5470 essentiarnm
1671 5417 1814 5472 fines
1841 5419 1898 5472 in

258 5486 404 5541 veris
437 5505 640 5549 earum
688 5497 1017 5555 actionibus
1067 5503 1406 5570 consistere,
1455 5503 1899 5575 intelligentiam

265 5579 456 5632 autem
491 5595 694 5641 eorum
737 5601 861 5656 quae
902 5588 1196 5646 intellectu
1227 5599 1230 5602 ’
1263 5594 1503 5664 praedita
1549 5598 1686 5648 sunt
1719 5595 1904 5652 actio-

264 5674 395 5718 nem
427 5681 574 5737 esse,
600 5677 664 5729 ut
690 5691 931 5731 sensum
962 5693 1162 5734 eorum
1217 5697 1345 5750 qua;
1400 5681 1716 5748 sensibilis,
1783 5702 1904 5741 mo-

1597 372 2006 438 THESAURI
2049 373 2207 434 LIB.
2253 374 2362 435 ΙΙΙ.

1931 511 1977 576 Α
2017 509 2141 560 tum
2168 523 2370 563 eorum
2431 525 2559 579 quas
2647 509 2904 574 mobilia,
2959 509 3219 565 volatum
3282 527 3483 565 eorum
3535 528 3664 581 quas

945 1869 1574 1940 incircumscriptibile.
1626 1870 1908 1940 Angelicee
1939 1878 1986 1942 Β

3503 377 3660 438 1218

2006 595 2283 665 volatilia,
2345 597 2700 653 natationem
2780 614 2978 653 eorum
3061 615 3175 669 qua
3230 598 3513 666 natatilia,
3573 615 3666 654 re-

2009 685 2269 755 ptionem
2305 702 2503 742 eorum
2541 703 2660 756 quae
2685 686 3434 758 reptilia,il1uminationem
3461 706 3663 743 eorum

2007 789 2137 842 quas
2172 774 2495 830 illuminari
2537 781 2811 846 possunt,
2849 777 3100 831 calorem
3151 793 3353 831 eorum
3400 777 3660 849 quaalca-

2009 862 2148 929 lida,
2174 863 2396 918 ﬂuxum
2427 881 2626 918 eorum
2653 882 2780 936 qua:
2841 866 3018 930 ﬂuxa,
3104 867 3657 936 contemplationem

2009 968 2395 1023 eorum,quas
2453 954 2935 1024 contemplationi
3011 959 3230 1024 patent,
3324 956 3656 1025 generatio-

2010 1057 2139 1095 nem
2175 1056 2373 1096 eorum
2420 1059 2549 1113 quae
2596 1042 2957 1114 generationi
3011 1043 3261 1097 obnoxia
3311 1049 3470 1107 sunt,
3533 1061 3663 1100 esse

2009 1130 2281 1198 dicimus,
2314 1138 2508 1202 atque,
2545 1138 2609 1187 ut
2663 1132 2720 1186 in
2775 1131 3108 1187 universum
3159 1133 3369 1202 dicam,
3425 1134 3660 1204 lnullius

2011 1235 2126 1272 non
2153 1223 2372 1273 natura:
2396 1219 2750 1291 signiﬁcatio
2780 1227 2836 1276 et
2887 1221 3298 1277 determinatio
3330 1241 3360 1276 a
3404 1224 3660 1278 naturali

2007 1307 2135 1377 ejus
2167 1308 2800 1379 actioneconstituitur,
2833 1325 2950 1380 qua
2971 1311 3468 1380 sublata,prorsus
3532 1312 3658 1381 ipsa

2009 1412 2241 1466 quoque
2274 1403 2478 1453 natura
2505 1400 2846 1470 deperditur
2894 1405 2950 1453 et
3001 1401 3218 1453 interit.
3279 1399 3518 1455 Sublato
3552 1418 3657 1453 ca-

2010 1485 2151 1554 lore,
2184 1488 2332 1550 ignis
2356 1490 2762 1560 exstinguitur,
2797 1490 3026 1544 sublato
3063 1491 3384 1554 intellectu,
3415 1506 3492 1544 Θέὲ
3521 1508 3660 1560 quo.

2013 1591 2128 1644 que
2157 1581 2352 1645 partes
2375 1580 2580 1631 animae
2614 1577 2922 1643 tolluntur,
2959 1595 3088 1648 qua:
3118 1578 3422 1634 intellectu
3482 1586 3540 1634 et
3573 1598 3660 1634 ra-

2014 1663 2166 1717 tione
2187 1666 2436 1735 praeditaa
2468 1672 2627 1733 sunt,
2675 1672 2836 1722 motu
2899 1668 3039 1722 item
3093 1667 3364 1722 animalis
3396 1668 3661 1739 sublato,

2015 1751 2354 1821 deperditur
2375 1755 2612 1810 animal.
2648 1756 2842 1826 anue
2873 1758 2942 1811 de
2968 1774 3147 1811 causa
3166 1759 3312 1813 duas
3347 1761 3402 1814 in
3432 1759 3662 1814 Christo

2017 1841 2345 1896 voluntates
2389 1848 2446 1897 et
2501 1845 2760 1900 actiones
2801 1846 3077 1916 dicimus,
3137 1863 3206 1901 ne
3264 1847 3659 1904 inanimatam

2015 1947 2249 1999 corpus,
2284 1933 2657 2003 animamque
2692 1936 2936 1989 rationis
2967 1941 3260 2006 expertem
3288 1938 3346 1991 in
3376 1937 3498 2007 ipso
3532 1954 3658 1992 con-

2011 2021 2304 2074 ﬁteamur.
2350 2022 2608 2077 Animati
2667 2023 2820 2077 enim
2871 2026 3102 2096 corpori
3135 2027 3285 2081 actio
3317 2027 3657 2082 deambula-

2011 2108 2167 2162 tione
2189 2114 2245 2163 et
2267 2111 2602 2180 operatione
2631 2128 2644 2166 :
2672 2112 2973 2168 rationalis
3005 2119 3198 2168 autem
3257 2116 3468 2170 animae
3507 2117 3655 2171 actio

2011 2198 2363 2266 cogitatione
2394 2197 2524 2267 ipsa
2556 2199 2853 2268 definitur,
2896 2218 3011 2271 qua
3041 2201 3333 2268 volumus,
3359 2204 3664 2259 ratiocina-

2018 2303 2161 2353 mur,
2183 2291 2239 2339 et
2260 2287 2590 2342 consultam
2603 2305 2690 2343 us.

2087 2375 2281 2430 Necin
2323 2376 2600 2432 animatis
2621 2389 2671 2432 el
2707 2379 3022 2434 mobilibus
3081 2384 3332 2451 tantum,
3360 2383 3457 2438 sed
3507 2383 3560 2436 in
3598 2383 3666 2438 iis

2011 2464 2204 2531 etiam,
2259 2482 2386 2535 quae
2451 2468 2645 2521 anima
2716 2477 2990 2539 motuque
3084 2476 3302 2538 carent,
3369 2472 3665 2526 naturales

2012 2553 2272 2607 actiones
2304 2554 2661 2625 deprehendi
2686 2563 2952 2626 possunt,
2996 2563 3058 2612 ut
3083 2560 3137 2612 in
3183 2563 3540 2615 scammonia
3566 2577 3660 2631 pa-

2014 2647 2114 2708 tet,
2144 2648 2198 2697 et
2230 2645 2452 2698 caeteris
2483 2647 2943 2717 expurgantibus
2969 2649 3469 2719 pharmacis,qua:
3509 2667 3658 2720 qua:-

2014 2732 2148 2785 dem
2168 2733 2490 2786 evacuandi
2522 2733 2861 2789 facultatem
2897 2736 3143 2791 habent:
3186 2737 3322 2791 item
3353 2746 3656 2809 argentum

2014 2818 2204 2870 vivum
2231 2817 2427 2872 lethali
2466 2819 2690 2874 actione
2724 2821 3056 2891 praeditum:
3127 2828 3184 2877 et
3241 2822 3431 2877 cicuta
3469 2823 3664 2877 consi-

2015 2907 2636 2979 militer,quanullum
2665 2911 2735 2965 ad
2786 2917 3028 2966 mortem
3094 2912 3459 2968 inferendam
3524 2931 3664 2984 prte-

2015 2996 2241 3052 sentius
2273 3014 2564 3052 venenum
2586 3004 2695 3054 est.

2086 3085 2258 3140 Nulla
2289 3103 2422 3142 vero
2456 3105 2568 3142 non
2602 3089 2987 3144 admiratione
3046 3089 3292 3160 dignum
3333 3097 3445 3156 est,
3501 3094 3654 3162 quod

1193 3175 1543 3268 conca’i’sm’h
1589 3175 1875 3268 ῌϐὼίἑώ
1931 3205 1974 3270 C
2017 3175 2258 3230 diversas
2295 3177 2561 3247 quaedam
2623 3187 2837 3232 naturae
2882 3178 3221 3249 plerumque
3287 3181 3653 3238 naturalibus

1112 3254 1125 3279 ,
1195 3254 1543 3268 vvuvuluuall
1594 3254 1893 3268 “VI.|II““'I

2013 3265 2345 3320 actionibus
2401 3265 2658 3337 privatis,
2695 3267 2840 3322 alias
2898 3270 3153 3324 actiones
3207 3272 3455 3340 pariant,
3491 3271 3659 3327 utla-

2012 3352 2099 3426 pis
2125 3353 2336 3409 ardens
2360 3357 2586 3410 actione
2619 3355 2855 3426 triginta
2879 3359 3154 3428 privatur,
3191 3360 3316 3413 calx
3347 3359 3502 3415 enim
3533 3361 3660 3414 viva

2012 3443 2292 3497 factavim
2321 3459 2630 3515 corporum
2667 3446 2993 3502 adustivam
3017 3447 3125 3500 sibi
3151 3454 3658 3519 comparat,quem

2012 3532 2329 3587 admodum
2357 3533 2567 3588 cedrus
2598 3550 2832 3604 quoque
2869 3538 3080 3590 ardens
3121 3537 3348 3590 actione
3395 3539 3654 3607 quidem-

2012 3621 2264 3676 naturali
2303 3629 2358 3675 et
2407 3623 2753 3691 vegetativa,
2802 3627 2860 3677 et
2926 3624 3312 3694 germinativa
3372 3625 3654 3696 privatur,

2012 3709 2301 3764 actionem
2332 3725 2468 3764 vero
2505 3725 2605 3764 seu
2628 3711 2962 3766 facultatem
2983 3713 3328 3778 sanativam,
3365 3719 3419 3768 et
3440 3715 3654 3769 vermi-

2011 3797 2124 3852 bus
2149 3795 2443 3852 exitialem
2475 3797 2693 3852 emittit
2719 3815 2846 3868 quaa
2875 3800 3098 3854 cedrtsa
3121 3799 3354 3858 dicitur.

2616 3903 2770 3958 CAP.
2843 3905 3040 3961 XXIII.

2121 3991 2443 4063 Conjunctio
2470 3991 2600 4063 quid
2655 3997 2752 4068 est,
2810 4009 3057 4068 quanam
3095 3995 3160 4050 de
3206 4011 3283 4064 re,
3317 4001 3552 4068 quotque

2601 4063 2776 4119 modi:
2815 4063 3055 4122 dicatur.

2085 4154 2429 4227 Conjunctio
2463 4153 2606 4210 nihil
2649 4152 2806 4209 aliud
2847 4159 2960 4220 est,
3006 4172 3183 4227 quam
3237 4157 3539 4214 familiaris
3567 4160 3655 4214 di-

2016 4245 2296 4302 stantium
2348 4261 2542 4299 rerum
2616 4259 2954 4300 concursus.
3039 4251 3086 4300 Α
3156 4249 3366 4303 Graecis
3463 4260 3656 4304 autem

2016 4336 2244 4404 dicitur,
2273 4330 2362 4387 διά
2389 4332 2450 4386 τὸ
2484 4333 2558 4394 εἷς
2612 4350 2624 4388 :
2655 4331 2709 4387 ἓν
2743 4333 2901 4402 ὦσαι,
2946 4336 3192 4391 τουτὲστι
3252 4345 3558 4407 συνωτῆσαι
3593 4341 3658 4392 τὰ

2015 4425 2330 4499 πράγματα,
2364 4424 2471 4479 hoc
2502 4427 2590 4480 est
2607 4424 2745 4495 quia
2767 4425 2823 4480 in
2859 4441 3038 4481 unum
3064 4444 3154 4482 res
3173 4433 3341 4499 cogat
3397 4433 3454 4482 et
3497 4445 3659 4482 com-

2018 4515 2212 4586 pellat.
2233 4516 2515 4570 Caeterum
2538 4513 2873 4584 conjunctio
2908 4514 3254 4586 quintuplex
3302 4522 3411 4583 est,
3463 4518 3660 4571 confu-

2016 4603 2160 4671 siva,
2193 4603 2402 4658 utvini
2428 4606 2485 4658 et
2533 4617 2694 4672 aqua:
2760 4619 2774 4658 :
2833 4601 3097 4670 divisiva,
3167 4609 3229 4658 ut
3275 4603 3532 4658 hominis
3591 4605 3663 4660 ad

2014 4693 2344 4749 hominem:
2391 4690 2731 4760 habitualis,
2765 4698 2830 4745 ut
2888 4708 3120 4748 aurum.
3191 4692 3403 4748 Christi
3462 4697 3658 4748 autem

2014 4782 2346 4853 conjunctio
2371 4781 2672 4852 superbas
2713 4795 2918 4836 omnes
2971 4780 3330 4852 hypostatica
3380 4797 3482 4835 seu
3531 4799 3660 4851 per-

2013 4872 2234 4928 sonalis
2253 4870 2486 4926 dicitur.

2083 4960 2454 5033 Hypostatica
2488 4975 2656 5029 porro
2685 4959 3472 5027 conjunctioconcursusille
3515 4961 3658 5017 dua-

2013 5067 2142 5107 rum
2179 5059 2512 5105 naturarum
2545 5046 2670 5114 fuit,
2705 5046 2806 5117 qui
2840 5063 2943 5118 per
2998 5065 3059 5103 se
3098 5065 3319 5121 suaque
3350 5050 3407 5103 vt
3451 5049 3510 5105 in
3555 5051 3656 5106 Dei

2015 5139 2342 5198 Genetricis
2375 5140 2540 5191 utero
2575 5137 2702 5190 fuit.

2084 5230 2281 5299 Neque
2311 5226 2462 5282 enim
2488 5243 2701 5297 corpus
2745 5236 2875 5282 ante
2937 5231 3034 5284 Dei
3086 5229 3324 5286 verbum
3376 5231 3663 5298 substilit,

2017 5335 2200 5389 neque
2233 5316 2449 5381 anima,
2482 5316 2580 5369 sed
2617 5315 2793 5369 simul
2821 5323 2994 5388 atque
3020 5319 3169 5373 facta
3199 5325 3287 5375 est
3320 5337 3472 5388 caro,
3513 5323 3662 5375 Deus

2015 5425 2248 5483 quoque
2276 5406 2552 5474 Verbum,
2587 5414 2760 5475 atque
2800 5408 3058 5464 animata
3121 5427 3254 5465 caro
3301 5413 3664 5480 rationisque

2016 5500 2324 5573 particeps.
2373 5498 2435 5549 In
2488 5494 2608 5564 ipso
2665 5496 2820 5571 enim
2871 5499 3157 5568 subsistit,
3226 5506 3288 5554 ut
3355 5499 3496 5554 mihi
3529 5498 3661 5570 quiv

2015 5591 2145 5645 dem
2172 5586 2424 5650 videtur,
2456 5597 2628 5654 quem
2645 5581 2964 5644 admodum
2990 5593 3188 5643 nostra
3247 5604 3482 5659 quoque
3527 5603 3664 5643 con-

2015 5675 2231 5747 ceptio.
