4090 6298
449 419 608 480 1219

1766 418 1812 475 Ν
1825 411 2076 477 ICETIE
2117 407 2538 477 CHONIATE

3699 413 3858 474 1220

515 553 735 608 Anima
783 553 939 608 enim
987 566 1090 622 per
1147 567 1206 605 se
1249 549 1424 620 vique
1472 567 1580 606 sua
1626 552 1914 606 exsistens
1961 559 2094 602 cum
2125 547 2180 612 Α
2209 554 2358 603 terra
2377 557 2641 620 corrupta
2667 551 2790 604 erat
2813 549 3036 619 peccato
3063 543 3129 602 ".
3189 547 3334 602 Item
3394 548 3466 602 de
3515 546 3850 603 hominibus

447 657 690 714 corpore
719 639 1033 696 concurrit.
1095 639 1212 696 Nec
1243 639 1396 694 enim
1455 654 1668 709 corpus
1695 653 1794 708 per
1832 634 2094 706 seipsum

449 731 848 799 constituitur,
882 745 987 784 nec
1021 729 1216 784 anima
1258 727 1485 800 corpori
1539 725 1906 799 praeexsistit,
1971 741 2096 795 quis

444 818 678 890 quidem
715 817 1192 890 Cunjunctionem
1270 815 1489 873 Christi
1523 816 1678 871 velut
1739 815 2092 888 praetigurat.

1087 949 1238 1007 CAP.
1265 949 1454 1006 XXIV.

441 1075 804 1133 Homoousion
853 1091 951 1131 seu
1006 1071 1456 1132 consubtantiale
1510 1073 1664 1146 quid,
1735 1088 1976 1146 quanam
2032 1071 2098 1126 de

834 1161 915 1216 re,
943 1157 1184 1219 quotque
1227 1147 1406 1202 modis
1453 1147 1697 1202 dicatur.

512 1269 951 1328 Homousiouid
973 1275 1210 1346 quidem
1245 1277 1357 1338 est,
1411 1271 1563 1344 quod
1625 1271 1891 1343 ejusdem
1953 1273 2088 1325 suin-

439 1363 668 1418 stantias
699 1367 754 1417 et
795 1359 1042 1418 actionis
1064 1363 1208 1420 citra
1239 1359 1758 1418 commutationem
1801 1359 2092 1433 particeps

437 1457 547 1521 est,
582 1457 646 1508 ut
676 1455 851 1508 homo
869 1452 1116 1520 homini,
1150 1454 1392 1524 angelus
1425 1449 1656 1524 angelo,
1699 1449 1916 1507 animal
1960 1451 2089 1506 ani-

439 1539 600 1605 mali,
637 1541 876 1596 llamma
907 1539 1155 1596 ﬂammae
1183 1557 1197 1596 :
1224 1538 1746 1596 consubstantialia
1787 1545 2087 1608 sunt,cum

438 1627 688 1684 diversis
721 1631 780 1685 in
812 1629 1230 1702 hypostasibus
1264 1627 1528 1686 eamdem
1573 1630 1829 1685 habeant
1887 1645 2086 1684 essen-

439 1715 599 1772 tiam.
639 1715 868 1774 Dicitur
898 1723 1094 1774 autem
1138 1717 1454 1790 ὁμοούσιον,
1487 1721 1628 1790 quia
1649 1721 1915 1774 eamdem
1975 1717 2088 1772 sibi

438 1805 760 1860 essentiam
792 1805 1028 1878 vimque
1047 1809 1425 1880 comparavit.
1463 1807 1723 1870 Quatuor
1761 1823 1932 1879 porro
1963 1821 2090 1861 mo-

2203 636 2362 692 hunc
2419 642 2475 692 in
2531 637 2772 694 modum
2816 638 2992 692 verba
3037 637 3196 708 facit.
3259 635 3524 706 Corrupti
3588 640 3737 705 sunt,
3795 643 3850 692 et

2201 733 2602 788 abominabiles
2627 731 2766 803 facti
2793 734 2922 786 sunt
2977 730 3039 785 in
3092 727 3582 786 adinventionibus
3629 733 3750 786 suis
3779 729 3842 786 7°.

2201 824 2472 888 Superest
2509 833 2668 894 ergo,
2721 827 2786 876 ut
2833 837 2962 876 cum
3014 821 3184 875 audis
3229 820 3524 875 doctorem
3583 818 3846 875 incorru-

2203 908 2404 980 ptibile
2435 909 2898 981 Dominicorpus
2945 909 3234 966 dicentem
3293 911 3604 978 antequam
3664 909 3848 963 cruci-

2202 999 2498 1070 figeretur,
2554 1007 2614 1052 ut
2698 997 2912 1068 peccati
2985 997 3420 1068 corruptionem
3526 995 3840 1070 intelligas.

2201 1088 2348 1144 Dicit
2362 1093 2556 1144 autem
2571 1085 2842 1163 ἄφθαρτον
2855 1086 3086 1144 incorrn
3097 1085 3176 1157 pti
3187 1085 3448 1154 bile,sive
3459 1083 3837 1154 Λῦτεξούσιον,

2198 1178 2307 1233 hoc
2339 1182 2426 1234 est
2455 1177 2866 1248 impollutam:
2901 1191 3008 1231 non
3063 1180 3258 1230 autem
3316 1177 3458 1244 quia
3514 1175 3837 1231 subtilitate

2198 1267 2393 1338 aliqua
2423 1271 2524 1322 aut
2553 1283 2588 1322 a
2613 1267 2828 1322 nostris
2857 1265 3200 1336 corporibus
3256 1263 3590 1319 diversitate
3638 1265 3842 1335 prsidi-

2195 1361 2319 1412 tum
2355 1357 2554 1424 fuerit,
2611 1357 2754 1412 Nam
2807 1355 3250 1427 incorruptibile
3324 1355 3558 1426 proprie
3596 1355 3652 1409 id
3723 1362 3837 1424 est,

2196 1450 2350 1520 quod
2375 1449 2448 1504 ab
2479 1449 2637 1505 omni
2700 1449 2994 1520 passione,
3051 1447 3312 1514 materia,
3363 1453 3421 1502 et
3477 1451 3638 1502 tactu
3689 1445 3834 1502 libe-

2195 1553 2324 1594 rum
2384 1546 2490 1594 est.
2552 1536 2994 1606 Incorruptibile
3063 1537 3121 1591 id
3201 1535 3376 1591 etiam
3443 1541 3552 1603 est,
3580 1537 3736 1606 quod
3766 1538 3838 1592 ab

2194 1627 2308 1684 alia
2357 1627 2612 1683 essentia
2660 1627 2790 1682 laedi
2831 1639 2946 1682 non
3008 1629 3216 1694 potest.
3298 1624 3752 1697 Incorruptibile
3781 1627 3834 1680 id

2194 1716 2627 1788 quoqus,‘quod
2656 1715 3135 1770 modisomnibus
3187 1731 3220 1770 a
3267 1717 3446 1780 ﬂuxu,
3495 1713 3754 1782 defectu,
3787 1721 3842 1769 et

2193 1805 2430 1861 iussione
2460 1805 2705 1860 liberum
2734 1809 2841 1859 est.
2890 1803 3067 1874 Atqui
3127 1801 3570 1858 sanctissimum
3624 1801 3839 1859 Christi

433 1891 521 1948 dis
555 1893 773 1948 dicitur
795 1893 1116 1966 ὁμοούσιον,
1171 1897 1289 1952 sive
1340 1898 1394 1952 id
1458 1897 1614 1969 quod
1673 1897 1938 1968 ejusdem
1995 1897 2084 1948 est
2110 1911 2161 1980 Β
2195 1909 2406 1965 corpus
2432 1909 2671 1965 passum
2702 1892 2988 1949 estclavis
3021 1891 3361 1947 confossum
3385 1895 3444 1980 et
3479 1891 3550 1980 de
3611 1890 3834 1960 lancea,

434 1983 798 2052 substantiis,
835 1985 1142 2054 nimirum,
1176 1985 1456 2060 ὁμογενὶς,
1512 1986 1777 2058 ejusdem
1837 1983 2080 2056 generis,

437 2071 710 2146 συγγενὲς,
741 2079 1074 2144 cognatum,
1103 2073 1424 2148 ὁμοιογενὶς
1467 2072 1678 2130 similis
1725 2073 1980 2146 generis,
2025 2073 2083 2128 et

432 2158 716 2237 ὁμόφυλον
761 2161 1024 2231 ejusdem
1062 2161 1272 2219 tribus.
1337 2161 1698 2220 Homousion
1748 2165 1859 2232 est,
1924 2157 2080 2233 quod

430 2250 692 2320 potentia
728 2251 926 2306 minus
959 2251 1086 2321 ipsa
1114 2253 1206 2306 sui
1237 2253 1494 2308 essentia
1528 2257 1637 2321 est,
1697 2258 1760 2307 ut
1807 2249 1958 2323 lapis
1987 2266 2084 2306 ca-

426 2337 619 2393 riosus
651 2341 707 2392 et
735 2337 886 2411 lapis
920 2339 1127 2404 durus,
1179 2341 1264 2396 ita
1325 2345 1382 2396 et
1439 2340 1664 2413 lignum
1726 2339 1956 2413 palmas,
2007 2337 2081 2394 li-

425 2441 608 2495 gnum
642 2427 980 2495 ebeninum,
1013 2429 1155 2484 item
1197 2447 1330 2486 caro
1368 2431 1544 2503 piscis
1577 2435 1634 2484 et
1689 2445 1820 2486 caro
1851 2428 2078 2485 can'ieli.

426 2513 832 2585 Heterousion,
865 2533 969 2572 seu
1015 2517 1646 2585 diversisubstantiale,
1693 2517 1748 2574 id
1784 2523 1872 2575 est
1921 2519 2075 2590 quod

439 2603 630 2659 modis
653 2605 928 2661 omnibus
959 2606 1059 2662 alii
1119 2609 1411 2664 dissimile
1466 2615 1554 2664 est
1605 2615 1670 2663 ut
1717 2608 1895 2681 ignis,
1927 2625 2080 2678 aqua

439 2697 496 2748 et
521 2693 716 2761 homo,
752 2693 902 2751 Deus
932 2703 985 2751 et
1035 2696 1300 2768 angelus,
1362 2697 1550 2756 lutum
1599 2702 1658 2756 et
1703 2696 1788 2754 sol
1829 2699 1900 2752 ad
1955 2713 2081 2768 gra-

430 2801 564 2841 men
597 2786 1036 2857 proi'erendum.
1071 2787 1433 2858 Hemiusion,
1485 2789 1594 2845 hoc
1649 2794 1739 2846 est
1784 2789 2074 2846 semisub-

427 2874 722 2944 stantiale,
747 2895 779 2932 a
809 2877 1167 2948 quibusdam
1201 2881 1447 2936 cadaver
1475 2879 1700 2935 dictum
1752 2883 1902 2944 est,a
1959 2895 2075 2950 quo

425 2965 542 3020 vita
573 2964 880 3021 abscessit.
944 2965 1286 3044 Ἑτεροφυὶς,
1348 2973 1406 3024 et.
1455 2964 1750 3045 ἀλλογενὲς
1779 2973 1837 3024 et
1887 2965 2075 3040 ἑτερο-

421 3052 590 3128 γενὲς,
623 3057 682 3109 et
707 3053 817 3110 hoc
848 3061 937 3112 est
976 3057 1217 3113 diversis
1281 3063 1523 3122 naturae,
1586 3057 1833 3113 alterius
1887 3057 2072 3112 diver-

423 3143 592 3214 sique
622 3143 853 3214 generis
911 3147 1227 3218 utrumque
1277 3148 1508 3204 diversa
1563 3145 1818 3203 essentia
1862 3145 2073 3218 praedi-

422 3236 548 3287 tum
582 3231 817 3300 dicitur,
852 3235 1128 3292 nimirum
1147 3237 1254 3293 hoc
1283 3243 1341 3292 et
1386 3236 1554 3307 illud,
1585 3238 1704 3293 sive
1735 3237 1926 3292 ambo.

1073 3359 1228 3416 CAP.
1291 3359 1464 3416 XXV.

423 3485 703 3543 Innovatio
759 3481 895 3560 quid
946 3499 1216 3556 quamque
1270 3485 1587 3540 necessaria
1637 3487 1758 3546 eius
1804 3483 2061 3555 cegnitio.

494 3627 797 3685 Innovatio
849 3627 1069 3683 dicitur
1124 3627 1410 3699 quidquid
1465 3627 1652 3684 modis
1709 3627 1984 3684 omnibus
2035 3644 2069 3684 a

420 3719 746 3774 communis
781 3716 1150 3786 naturalege
1209 3717 1586 3772 immutatum
1621 3726 1728 3784 est,
1789 3731 1892 3772 nec
1951 3716 2072 3772 ulla

417 3807 476 3862 in
510 3823 571 3863 re
593 3807 859 3862 assimile
887 3809 977 3862 est
999 3805 1074 3874 ei,
1131 3807 1284 3878 quod
1337 3806 1492 3864 Inter
1548 3806 1818 3862 homines
1873 3821 1980 3862 ueu
2011 3811 2070 3862 et

418 3896 844 3952 consuetudine
925 3895 1176 3951 invaluit
1265 3903 1315 3950 el
1363 3895 1614 3952 Inolevit.
1710 3898 1810 3953 Hic
1868 3903 2063 3952 autem

423 3985 634 4040 modus
680 3985 1008 4041 necessario
1069 3984 1436 4052 ediscendus,
1522 3991 1630 4056 est,
1691 3990 1926 4058 propter
1961 4001 2064 4042 eos

420 4074 519 4144 qui
567 4073 718 4129 male
779 4073 1211 4129 innovationem
1271 4075 1329 4128 in
1408 4073 1636 4130 Christo
1703 4074 2060 4146 intelligunt.

422 4163 542 4216 Etsi
571 4163 724 4218 enim
753 4167 958 4217 natura
989 4162 1306 4229 innovavit,
1359 4175 1490 4218 cum
1525 4163 1652 4219 sine
1704 4164 1926 4219 semine
1965 4178 2064 4220 na-

418 4257 515 4304 tus
543 4257 648 4315 est,
683 4268 716 4305 a
746 4255 914 4322 partu
949 4259 1141 4306 tamen
1175 4253 1361 4308 astatis
1401 4253 1847 4320 incrementum,
1909 4253 2061 4308 mul-

411 4343 592 4410 taque
649 4339 992 4410 corporibus
1043 4340 1322 4398 humanis
1397 4341 1738 4410 accidentia,
1800 4341 2062 4398 ciborum

407 4427 774 4500 ingestiones
805 4433 864 4484 ot
890 4428 1247 4500 egestionem
1306 4429 1836 4498 circumcisionem,
1874 4436 2064 4489 trans-

411 4517 836 4589 migra'tionem,
872 4519 1143 4583 formam,
1173 4519 1456 4585 membra,
1509 4517 1877 4589 capillorum,
1918 4520 2060 4576 den-

2195 1984 2536 2054 sanguinem
2571 1986 2628 2037 et
2651 1995 2866 2052 aquam
2899 1979 3114 2051 emisit,
3147 1983 3204 2034 et
3231 1980 3358 2034 vivo
3392 1978 3648 2050 denique
3679 1996 3837 2036 mor-

2192 2078 2362 2129 tuum
2409 2075 2612 2130 evasit.
2675 2071 3068 2144 Corrupiibile
3133 2075 3242 2135 est,
3315 2071 3602 2141 quidquid
3670 2073 3840 2128 morti

2191 2163 2504 2220 obnoxium
2539 2178 2573 2218 a
2603 2163 2720 2218 vita
2750 2162 3007 2235 separari
3050 2167 3258 2232 potest.
3301 2161 3606 2232 CorrUptio
3639 2167 3834 2218 autem

2191 2259 2513 2320 naturaaut
2561 2257 2808 2308 sanctus
2868 2252 3180 2324 Dlnnyslus
3237 2250 3493 2318 ait,nihil
3527 2249 3688 2306 aliud
3719 2255 3828 2318 est,

2190 2360 2368 2416 quam
2400 2343 2776 2401 imbecillitas
2824 2349 2882 2399 et
2925 2345 3188 2398 defectus
3241 2341 3603 2397 naturalium
3671 2342 3834 2397 habi~

2188 2439 2378 2502 tuum,
2405 2435 2701 2490 actionum
2727 2439 2785 2489 et
2826 2431 3188 2489 facultatum.
3220 2429 3290 2486 Ut
3345 2437 3539 2486 autem
3595 2431 3838 2504 quibus-

2189 2523 2318 2578 dam
2357 2522 2594 2595 placuit,
2653 2521 3106 2578 seanctissimum
3150 2520 3362 2575 Christi
3411 2535 3628 2590 corpus
3689 2524 3840 2591 pote-

2189 2616 2338 2668 state
2368 2612 2603 2684 quidem
2634 2610 2950 2683 corruptile
2980 2615 3124 2679 erat,
3159 2609 3268 2666 hoc
3289 2614 3381 2664 est
3439 2609 3837 2682 corruptionis

2187 2717 2405 2771 capax:
2465 2706 2596 2756 actu
2654 2713 2787 2755 vero
2847 2698 3293 2771 incorruptiblle
3329 2698 3384 2752 in
3447 2703 3832 2755 monumento

2183 2805 2222 2873 ρ.
2250 2791 2414 2848 Verbi
2448 2789 2751 2846 divinitate
2783 2795 3188 2845 conservatum
3221 2797 3328 2844 est.

2801 2969 2955 3024 CAP.
2998 2965 3223 3026 XXVII'

2718 3133 2792 3187 De
2844 3131 2985 3186 libro
3036 3131 3290 3187 arbitrio.

2254 3289 2631 3363 Αὒτεξούσιον,
2699 3309 2800 3347 seu
2871 3290 3119 3348 liberum
3199 3289 3529 3354 arbitrium,
3616 3293 3705 3344 est
3752 3287 3818 3342 τὸ

2168 3379 2566 3444 αὐτοδέσποτον
2593 3381 2705 3437 hoc
2755 3385 2846 3436 est
2900 3379 3056 3450 quod
3110 3379 3170 3433 in
3220 3379 3510 3450 cujusque
3547 3381 3828 3449 potestate

2168 3473 2347 3528 Situm
2380 3476 2488 3529 est.
2523 3471 2688 3538 Quod
2719 3469 2879 3526 enim
2905 3467 3501 3540 Dominosubjectum
3534 3470 3644 3537 est,
3670 3466 3822 3525 liber

2167 3561 2397 3618 arbitrii
2419 3578 2535 3618 non
2563 3568 2670 3618 est.

2237 3685 2666 3758 Αὐτεξουσιότης
2723 3697 2884 3756 ergo,
2945 3697 3049 3739 seu
3099 3681 3330 3738 arbitrii
3374 3681 3634 3749 libertas,
3677 3698 3821 3753 pro-

2168 3777 2290 3851 prie
2319 3783 2426 3844 est,
2459 3775 2642 3831 libera
2671 3789 2774 3829 nec
2792 3771 2968 3829 ullius
3000 3770 3386 3828 dominationi
3443 3771 3681 3828 subdita
3743 3772 3817 3826 ad

2168 3883 2286 3922 rem
2319 3864 2690 3934 concupitum
2722 3861 3068 3918 dominatio.

2238 3981 3168 4048 Arbitriilibertasintellectualis
3199 3987 3431 4050 animm,
3489 3987 3576 4039 est
3630 3983 3823 4040 libera

2167 4081 2393 4152 cupidae
2420 4078 2603 4150 partis
2635 4075 2843 4132 animae
2875 4075 2948 4132 ad
2977 4075 3252 4130 virtutem
3285 4071 3372 4129 vel
3397 4073 3604 4129 vitium
3641 4073 3818 4129 incli-

2168 4170 2324 4227 natio
2356 4173 2412 4226 et
2445 4173 2655 4223 motus.
2691 4165 2797 4222 Ubi
2829 4169 3025 4220 autem
3065 4163 3228 4219 nulla
3281 4162 3516 4218 virtutis
3568 4165 3626 4218 et
3691 4160 3820 4218 vitii

2167 4274 2367 4334 pugna
2393 4257 2594 4326 est,ibi
2621 4269 2808 4328 neque
2839 4251 3064 4310 arbitrii
3099 4253 3312 4309 animai
3367 4249 3609 4308 libertas
3639 4249 3818 4308 inno-

2165 4355 2384 4406 tescere
2417 4351 2622 4418 potest.
2653 4343 2760 4410 Qui
2787 4341 2942 4403 enim
2976 4339 3098 4398 fieri
3131 4345 3342 4414 potest,
3377 4343 3441 4396 ut
3492 4339 3576 4396 ibi
3633 4337 3821 4397 libera

2165 4436 2482 4494 voluntatis
2515 4433 2716 4491 electio
2739 4433 3030 4506 appareat,
3079 4431 3177 4488 ubi
3237 4429 3660 4487 coniratorinm
3686 4445 3815 4486 cer-

2165 4523 2373 4583 tamini
2401 4525 2564 4582 locus
2587 4519 2786 4580 nullus
2810 4529 2901 4578 est
2927 4519 3089 4578 ?Sola
3143 4519 3342 4591 itaque
3371 4517 3586 4576 Christi
3624 4533 3815 4587 mens,

411 4605 560 4660 tium
593 4612 651 4662 et
682 4607 970 4677 unguium
1003 4607 1491 4672 excrescentibus,
1513 4606 2052 4679 balbutiem,pueri-
2094 4637 2134 4700 Ο
2167 4621 2223 4672 et
2253 4615 2633 4671 sanctissima
2652 4614 2782 4683 ejus
2805 4613 3022 4681 anima,
3075 4611 3148 4665 ab
3179 4607 3341 4664 omni
3411 4607 3554 4664 mali
3590 4621 3808 4680 sugge-

412 4693 616 4765 leeque
647 4695 1192 4750 deambulationes:
1227 4694 1366 4760 haec,
1412 4695 1678 4766 inquam,
1729 4696 1926 4752 omnia
1957 4713 2058 4768 per

2188 4701 2664 4760 Itioneimmunis
2695 4705 2753 4757 et
2785 4701 2968 4754 libera
3026 4697 3154 4754 fuit.
3207 4698 3366 4754 Servi
3417 4698 3573 4753 enim
3621 4696 3813 4753 forma

415 4784 843 4840 innovationem
880 4801 996 4840 non
1027 4784 1253 4850 habuit,
1277 4784 1376 4838 sed
1433 4785 1506 4839 ad
1555 4785 1736 4840 nostri
1778 4785 2057 4840 similitu-

410 4874 609 4928 dinem
646 4875 884 4948 dempto
943 4877 1201 4946 peccato,
1273 4873 1770 4944 quemadmodum
1842 4873 2056 4931 Paulus

408 4960 713 5017 exclamat.

1055 5069 1212 5126 CAP.
1243 5071 1449 5126 XXVI.

589 5192 960 5255 Corruptibite
1011 5196 1169 5320 ιμιὶιέζ
1218 5196 1389 5322 u‘nde,
1419 5205 1650 5271 quotque
1678 5195 1873 5254 modis.

1149 5281 1234 5322 zca
1263 5283 1350 5322 ur.

1149 5281 1350 5326 zcatur.

483 5387 787 5457 Corruptio
845 5389 1074 5446 duobus
1126 5391 1316 5448 modis
1380 5409 1548 5450 sacra
1638 5394 1694 5450 in
1756 5395 2056 5468 Scriptura

411 5471 648 5541 dicitur,
716 5474 990 5533 nimirum
1052 5479 1312 5551 corporis
1389 5485 1448 5538 et
1503 5483 1738 5553 animis,
1809 5490 1875 5542 ut
1921 5503 2052 5544 cum

408 5559 552 5614 dicit
586 5577 598 5614 :
631 5563 768 5620 Vidit
797 5578 985 5623 autem
1025 5567 1288 5623 Dominus
1314 5571 1478 5638 Deus,
1502 5577 1555 5628 et
1610 5589 1734 5630 ecce
1799 5578 2058 5634 universa

479 5689 527 5724 °’
549 5691 690 5750 Gen.
751 5713 827 5768 vr,
889 5699 974 5752 12.
1029 5696 1075 5731 ⁷ο
1119 5698 1273 5754 Psal.
1320 5717 1438 5773 xm,
1485 5703 1539 5759 4.
1575 5703 1619 5738 ⁷ί
1669 5707 1828 5765 Joan.
1869 5723 1921 5766 ν.
1968 5709 2052 5784 19,

2167 4798 2312 4862 erat,
2345 4810 2472 4864 quas
2505 4797 2784 4863 tanquam
2811 4789 3058 4845 habenis
3108 4792 3166 4846 et
3221 4787 3464 4856 imperio
3509 4786 3610 4842 Dei
3652 4786 3813 4842 verbi

2165 4882 2498 4955 regebatur,
2529 4879 2630 4952 qui
2673 4879 2905 4950 quidem
2937 4879 3014 4948 .ei
3071 4876 3424 4948 conjunctus
3458 4880 3603 4931 erat.
3657 4877 3810 4943 Quo-

2164 4972 2318 5028 circa
2345 4971 2522 5027 homo
2564 4967 2662 5024 ille
2705 4967 2957 5034 dicebat,
2999 4967 3100 5038 qui
3143 4967 3216 5022 de
3269 4965 3572 5022 Servatore
3632 4963 3810 5024 intel-

2161 5060 2382 5131 ligitur:
2407 5060 2522 5118 Non
2541 5073 2760 5130 porrum
2783 5073 2880 5129 ego
2911 5055 2972 5112 in
2989 5054 3712 5126 meipsolacerequidquam
3741 5052 3807 5106 τί.

2163 5153 2308 5206 (tum
2335 5148 2490 5204 enim
2521 5163 2701 5218 supra
2725 5153 2946 5202 naturae
2977 5148 3188 5201 nostris
3225 5142 3509 5201 terminos
3549 5146 3609 5200 et
3648 5142 3811 5215 leges

2163 5235 2290 5292 sine
2334 5235 2560 5292 semine
2607 5232 2946 5302 subsistere,
2991 5235 3058 5288 ut
3129 5230 3231 5303 qui
3299 5229 3400 5286 Dei
3477 5245 3698 5302 corpus
3751 5231 3812 5284 et

2163 5325 2360 5381 anima
2382 5327 2539 5381 esset
2557 5321 2789 5379 Domini
2822 5320 2990 5376 nutui
3012 5319 3321 5376 confestim
3361 5318 3669 5390 subjectus
3697 5323 3810 5386 est,

2164 5420 2446 5486 tanquam
2485 5413 2578 5468 Dei
2603 5413 2786 5468 forma
2809 5409 3103 5482 praeditus.

2240 5521 2561 5592 Sequuntur
2587 5518 2928 5574 diversorum
2957 5515 3189 5572 Patrum
3257 5514 3324 5570 de
3391 5511 3816 5570 incarnationis

2164 5611 2628 5683 dispensationem
2659 5607 3006 5663 assertione.
