4090 6298
253 402 400 467 1221

851 528 1006 585 CAP.
1038 524 1304 583 XXVIII.

257 646 316 700 Β,
358 639 608 711 Dionysii
653 635 1151 711 Areopagitaere
1180 633 1369 711 dicina
1428 632 1817 711 incarnatione
1839 646 1911 686 ex

556 727 677 781 cap.
713 712 733 762 1
776 709 847 762 De
874 707 1084 761 divinis
1117 704 1441 760 nominibus
1474 706 1604 772 lZB).

327 824 374 875 1.
401 816 725 874 Thearchia
746 814 868 883 illa,
894 830 995 869 seu
1022 829 1256 869 summa
1279 811 1904 878 divinitas,humanum

253 926 438 983 genus
472 905 754 978 singulari
784 903 1035 974 quodam
1073 920 1270 958 amore
1312 900 1689 973 prosequitur
1722 917 1734 954 :
1771 905 1907 971 puta

255 1014 384 1069 qua!
417 1013 485 1052 ea
515 995 775 1061 omnino,
811 993 1028 1065 quibus
1072 990 1311 1047 obnoxii
1371 1006 1601 1055 sumus,
1635 989 1692 1044 in
1729 989 1903 1061 hypo-

256 1093 487 1150 stascon
531 1098 770 1139 suarum
803 1098 919 1136 una
944 1078 1209 1147 subierit,
1245 1079 1566 1134 humanam
1624 1076 1904 1130 vilitatem

257 1192 357 1231 seu
383 1173 768 1245 abjectionem
804 1173 869 1224 ad
900 1171 1153 1242 seipsam
1180 1186 1456 1224 revocans
1486 1176 1537 1222 et
1591 1168 1903 1232 asciscens,

256 1281 323 1321 ex
355 1280 469 1334 qua
500 1259 781 1316 inetfabili
804 1260 1024 1314 ratione
1054 1258 1153 1329 qui
1185 1258 1429 1329 simplex
1455 1260 1542 1311 est
1566 1256 1737 1312 Jesus
1757 1272 1908 1311 com-

259 1354 488 1424 positus
516 1354 624 1417 est,
656 1354 712 1404 et
733 1347 834 1419 qui
864 1353 1114 1402 aeternus
1149 1352 1255 1412 est,
1292 1345 1571 1417 temporis
1617 1345 1908 1400 extensio-

258 1457 393 1496 nem
440 1440 685 1495 ascivit:
747 1445 959 1492 nostrae
1017 1436 1270 1506 denique
1322 1440 1539 1489 naturae
1590 1433 1805 1488 ﬁnibus
1858 1434 1907 1489 is

259 1534 575 1586 contentus
601 1531 711 1593 est,
743 1527 845 1597 qui
891 1522 1367 1595 superessentiaii
1419 1525 1640 1578 ratione
1673 1540 1905 1578 omnem

268 1619 552 1675 universae
576 1622 794 1672 naturae
816 1614 1082 1670 ordinem
1106 1613 1366 1668 excedit:
1395 1629 1509 1667 una
1532 1628 1665 1668 cum
1697 1613 1904 1667 immu-

263 1708 428 1764 tabili
474 1707 832 1777 minimeque
884 1705 1128 1761 confusa
1183 1703 1609 1775 proprietatum
1668 1719 1903 1759 suarum

260 1796 724 1854 conservatione.

334 1885 669 1957 2.Ejusdem
704 1884 834 1954 (29),
868 1899 937 1938 ex
966 1881 1214 1954 epistola
1244 1882 1316 1973 ad
1349 1883 1547 1973 Caium
1579 1880 1904 1973 'Zi‘herapeu-
1940 1908 1986 1973 Β

263 1981 358 2032 ten
393 1976 544 2048 (30):
578 1974 684 2040 Qui
716 1973 838 2027 ﬁeri
867 1977 1076 2044 potest,
1111 1972 1303 2042 inquit
1334 1970 1451 2037 ille,
1486 1975 1550 2027 ut
1577 1970 1769 2036 Jesus,
1803 1970 1904 2040 qui

264 2066 443 2121 rebus
495 2062 770 2119 omnibus
836 2060 1152 2128 antecellit,
1202 2076 1335 2116 cum
1397 2060 1571 2116 rebus
1622 2059 1908 2114 universis

265 2152 653 2210 essentialiter
730 2148 1173 2207 constituatur?
1227 2164 1332 2203 nec
1406 2148 1562 2204 enim
1622 2153 1908 2219 quatenus

266 2246 571 2303 hominum
607 2252 805 2299 auctor
836 2249 947 2308 est,
984 2244 1154 2298 homo
1195 2242 1429 2308 dicitur,
1486 2242 1585 2296 sed
1619 2249 1909 2312 quatenus

269 2340 388 2391 tota
418 2335 545 2405 ipsa
586 2332 839 2389 essentia
868 2346 1000 2386 vers
1049 2330 1223 2386 homo
1272 2334 1382 2385 est.
1431 2331 1504 2384 At
1550 2345 1656 2385 nos
1708 2329 1907 2385 Jesum

266 2423 423 2479 haud
472 2423 731 2477 humano
788 2435 943 2475 more
1005 2418 1339 2475 deﬁnimus.
1387 2419 1501 2476 Nec
1539 2417 1696 2473 enim
1757 2418 1911 2473 Deus

268 2520 498 2571 tantum
521 2519 631 2580 est,
663 2513 761 2568 sed
792 2512 967 2567 etiam
999 2526 1128 2566 vere
1158 2509 1334 2565 homo
1364 2514 1473 2575 est,
1494 2508 1594 2578 qui
1626 2507 1908 2579 singulari

268 2605 523 2678 quodam
556 2619 754 2659 amore
793 2617 977 2673 genus
1039 2600 1361 2655 humanum
1422 2597 1825 2669 prosequitur:
1856 2600 1911 2653 et

268 2695 388 2766 qui,
423 2710 555 2750 cum
611 2691 875 2748 homines
925 2687 1318 2755 antecelleret,
1369 2687 1708 2743 hominibus
1758 2686 1910 2742 adae-

267 2788 480 2856 quatus
510 2786 623 2848 est,
654 2798 720 2837 ex
755 2779 1060 2836 hominum
1093 2777 1343 2834 essentia
1376 2775 1767 2832 substantiam
1801 2774 1910 2830 sibi

264 2889 632 2946 comparans,
667 2872 766 2942 qui
812 2887 989 2941 supra
1040 2885 1274 2925 omnem
1317 2868 1636 2923 essentiam
1693 2865 1909 2923 consti-

263 2966 427 3018 tutus
459 2966 599 3017 erat.
650 2959 764 3015 Nec
817 2958 1010 3014 minus
1062 2962 1260 3013 tamen
1317 2953 1913 3026 superessentiaiitate

268 3070 443 3126 quam
477 3050 856 3123 plenissimus
887 3056 993 3116 est,
1026 3049 1123 3120 qui
1180 3063 1478 3119 nunquam
1530 3061 1913 3118 superessen-

271 3143 421 3199 iialis
452 3159 580 3197 esse
609 3140 787 3195 desiit
816 3156 829 3194 :
863 3139 1035 3209 cujus
1084 3137 1364 3193 nimirum
1422 3134 1779 3191 abundantia
1828 3135 1912 3189 fa—

265 3240 423 3289 ctum
446 3237 553 3299 est,
589 3237 653 3285 ut
682 3245 816 3284 cum
841 3228 899 3281 in
932 3227 1186 3282 hominis
1217 3226 1528 3282 essentiam
1562 3240 1694 3279 vere
1725 3229 1914 3280 trans-

265 3321 449 3387 iisset,
486 3315 966 3389 superessentiali
1000 3316 1225 3372 ratione
1277 3314 1533 3370 hominis
1591 3313 1907 3370 essentiam

264 3409 610 3479 assumpsit,
649 3412 826 3479 atque
878 3406 1023 3462 adeo
1071 3421 1252 3477 supra
1304 3403 1598 3460 hominem
1670 3420 1737 3460 ea
1784 3418 1913 3459 suc-

263 3500 588 3564 cesserunt,
639 3512 769 3567 quae
813 3499 954 3551 sunt
1016 3492 1293 3551 hominis.
1356 3492 1549 3550 Testis
1600 3497 1686 3550 est
1734 3492 1912 3564 Virgo

265 3586 693 3659 supernaturaii
726 3584 1357 3656 ratione.ooncipiens,
1405 3588 1577 3654 atque
1619 3600 1770 3654 aqua
1799 3583 1914 3639 im-

265 3678 500 3737 mobilis
533 3678 927 3735 materialium
978 3682 1463 3746 terrenorumque
1513 3676 1727 3747 pedum
1762 3691 1909 3745 pcn~

263 3770 377 3825 dus
404 3768 725 3837 sustinens,
764 3783 867 3822 nco
916 3765 1151 3821 illorum
1202 3764 1469 3836 gravitati
1503 3763 1910 3831 succumbens,

261 3859 365 3916 sed
396 3854 825 3929 supernaturali
855 3854 1127 3911 facultate
1158 3854 1240 3911 ita
1297 3852 1640 3916 constituta,
1671 3855 1734 3906 ut
1765 3868 1876 3907 neu

265 3954 417 4005 trem
453 3948 508 4002 in
546 3950 766 4018 partem
799 3943 1109 4000 difﬂueret.
1142 3942 1291 4008 Quid
1330 3957 1499 4013 porro
1528 3956 1675 4011 opus
1707 3946 1816 4007 est,
1853 3948 1915 3995 ut

261 4055 332 4095 ea
361 4037 493 4110 quis
526 4033 873 4107 percurrat?
932 4031 1113 4087 multa
1141 4030 1259 4098 illa,
1307 4030 1570 4101 inquam,
1622 4034 1681 4084 et
1733 4045 1910 4099 quam

260 4126 518 4199 plurima
573 4124 788 4195 quibus
846 4121 947 4194 qui
1023 4119 1220 4176 divina
1290 4118 1670 4191 contemplari
1733 4118 1912 4184 novit,

258 4232 441 4287 supra
482 4212 693 4269 mentis
750 4215 983 4282 captum
1035 4209 1207 4265 etiam
1267 4208 1359 4275 iis,
1409 4223 1538 4279 quas
1577 4211 1649 4263 de
1707 4206 1915 4261 buma-

263 4305 449 4361 nitate
475 4303 611 4360 Jesu
644 4302 1032 4365 afﬁrmantur,
1058 4297 1557 4355 excellentissima
1590 4294 1915 4368 negationis

264 4393 384 4449 vim
417 4394 605 4449 inesse
635 4393 965 4461 cognoscet.
1000 4392 1167 4453 Nam,
1200 4391 1265 4443 ut
1295 4402 1419 4443 rem
1452 4386 1509 4440 in
1568 4402 1755 4457 pauca
1783 4401 1919 4441 con-

267 4482 601 4546 trahemus,
634 4497 706 4535 ne
738 4479 911 4535 homo
944 4477 1179 4547 quidem
1217 4479 1360 4540 erat,
1408 4491 1522 4531 non
1553 4475 1708 4546 quod
1745 4474 1915 4530 homo

273 4589 387 4627 non
415 4575 589 4637 esset,
634 4570 733 4624 sed
787 4567 939 4639 quod
990 4582 1059 4621 ex
1107 4565 1466 4631 hominibus,
1500 4581 1681 4635 supra
1737 4580 1914 4635 quam

1582 388 1989 455 THESAURI
2033 388 2180 453 LIB.
2228 391 2338 454 ΙΙΙ.

1936 525 2093 600 Αθὶῑ
2151 521 2439 596 propitius
2496 525 2567 594 is,
2627 534 2800 595 quem
2862 538 3062 578 eorum
3126 521 3361 593 nomine
3406 523 3662 579 celebra-

3506 390 3661 450 1922

2022 631 2173 681 mus,
2232 628 2359 686 qua
2419 630 2608 683 neque
2664 612 2810 668 ratio
2870 620 3068 667 nostro
3117 613 3417 683 consequi,
3477 628 3667 684 neque

2019 705 2204 759 oratio
2236 704 2559 774 exprimere
2606 706 2800 772 queat,
2854 703 3122 772 quamvis
3167 701 3226 755 in
3288 702 3378 756 his
3432 717 3666 773 quoque

2018 792 2526 861 superessentialis
2581 791 2844 857 exsistat,
2908 806 3021 847 non
3096 789 3287 846 solum
3339 792 3475 861 quia
3523 792 3669 846 citra

2018 882 2400 937 mutationem
2433 880 2492 937 et
2540 881 2943 936 confusionem
2995 884 3213 934 naturas
3251 885 3460 935 nostris
3488 880 3663 951 parti-

2017 984 2176 1041 ceps,
2210 968 2357 1025 nihil
2392 986 2601 1042 passus
2631 973 2717 1025 est
2767 970 2839 1025 ab
2891 969 3173 1023 ineli‘abili
3233 969 3665 1039 conjunctione,

2019 1060 2172 1130 quod
2203 1061 2546 1115 exuberanti
2596 1059 2949 1131 plenitudini
3002 1073 3115 1114 sua:
3161 1065 3535 1129 repugnaret,
3567 1061 3663 1113 sed

2016 1150 2154 1219 quis.
2185 1149 2360 1204 etiam
2395 1150 2573 1220 (quod
2608 1149 2846 1219 quidem
2872 1164 3015 1203 nova
3046 1148 3245 1202 omnia
3278 1148 3524 1202 novitate
3557 1164 3666 1202 sua

2015 1238 2275 1293 innudite
2301 1239 2559 1310 superat)
2609 1238 2669 1293 in
2700 1238 2773 1293 iis
2813 1253 2938 1308 quas
2986 1236 3150 1291 nobis
3201 1237 3494 1292 naturalia
3524 1244 3665 1295 sunt

2016 1328 2375 1399 superiorem
2408 1331 2639 1394 natura,
2677 1332 2733 1382 et
2764 1328 2820 1381 in
2877 1327 2949 1382 iis
2981 1343 3107 1398 quae
3139 1327 3299 1382 nobis
3327 1328 3662 1384 essentialia

2017 1421 2175 1486 sunt,
2239 1419 2493 1473 essentia
2550 1417 2826 1485 majorem
2905 1432 2967 1471 se
3028 1418 3331 1486 praestitit:
3410 1418 3663 1489 denique

2016 1507 2213 1561 omnia
2244 1522 2371 1577 quas
2406 1506 2573 1562 nobis
2603 1507 2825 1575 insunt,
2873 1502 3125 1578 quadam
3177 1506 3398 1562 ratione
3457 1509 3662 1563 modo-

2016 1610 2129 1666 que
2160 1595 2329 1650 nobis
2357 1594 2641 1651 inusitato
2672 1594 2953 1666 possedit.

2637 1699 2793 1755 CAP.
2825 1700 3033 1755 XXIX.

2121 1806 2309 1877 Magni
2353 1807 2626 1881 Gregorii.
2659 1823 2728 1863 ex
2756 1806 3007 1881 oratione
3048 1807 3108 1862 in
3139 1807 3285 1864 diem
3314 1810 3553 1864 natalem

2640 1882 2865 1935 Domini
2900 1877 3033 1951 (31).

2092 1987 2532 2057 LPosteaquam
2564 2003 2695 2041 vero
2723 1984 2937 2043 diaboli
2960 1986 3259 2055 invidia,et
3292 1988 3663 2044 fraudulenta

2018 2075 2178 2131 illius
2203 2075 2281 2144 vi,
2323 2092 2500 2149 quam
2539 2070 2767 2144 mulier,
2803 2079 2863 2129 ut
2903 2078 2959 2130 et
3009 2072 3355 2132 imbecillior
3386 2092 3661 2149 perpessa

2018 2170 2124 2230 est,
2160 2168 2217 2219 et
2263 2165 2330 2218 ad
2382 2162 2855 2235 persuadendum
2908 2162 3096 2235 aptior
3154 2162 3406 2220 nbtrusit
3448 2167 3572 2223 viro
3605 2168 3659 2239 (o

2018 2254 2428 2310 inﬁrmitatem
2463 2270 2673 2324 meam,
2711 2270 2842 2310 mea
2871 2253 3022 2309 enim
3084 2264 3169 2310 est
3204 2256 3373 2327 primi
3410 2261 3666 2330 parentis

2019 2342 2351 2414 inﬁrmitas)
2388 2338 2670 2410 mandati,
2724 2343 2879 2414 quod
2941 2349 3247 2415 acceperat
3295 2345 3419 2416 ipse
3450 2348 3667 2402 oblitus

2018 2436 2129 2499 est,
2169 2436 2225 2485 et
2281 2448 2479 2487 amore
2528 2430 2682 2503 pomi
2736 2438 3048 2504 superatus
3111 2432 3287 2488 simul
3336 2440 3392 2489 et
3433 2454 3465 2490 a
3507 2435 3668 2508 ligno

2018 2522 2171 2588 vitaz,
2205 2526 2261 2577 et
2293 2538 2324 2576 a
2356 2521 2650 2592 paradiso,
2676 2526 2733 2576 et
2762 2540 2794 2576 a
2828 2527 2959 2589 Deo,
3011 2525 3294 2594 tanquam
3353 2525 3516 2580 exsul
3572 2543 3666 2581 ex-

2021 2611 2297 2678 truditur,
2348 2617 2404 2664 et
2450 2609 2706 2679 pelliceis
2752 2608 3017 2665 induitur
3075 2611 3460 2677 vestimentis,
3508 2631 3667 2669 cras-

2021 2699 2173 2754 siore
2206 2698 2484 2753 nimirum
2518 2713 2714 2767 carne,
2742 2714 2871 2768 qua;
2903 2702 3150 2754 mortem
3182 2700 3423 2768 subiret,
3457 2707 3512 2757 et
3543 2703 3669 2773 spi—

2020 2788 2159 2843 ritui
2219 2791 2585 2859 repugnaret.
2654 2792 2734 2840 Ac
2792 2786 3047 2858 primum
3108 2789 3344 2860 quidem
3405 2792 3673 2861 agnoscit

2020 2877 2452 2949 turpitudinem
2487 2892 2677 2945 suam,
2713 2880 2889 2949 atque
2919 2876 3049 2933 ideo
3080 2895 3141 2933 se
3162 2879 3258 2933 Dei
3293 2886 3668 2949 conspectum

2021 2967 2252 3040 fugiens
2310 2966 2636 3022 abscondit.
2700 2966 2801 3021 Hic
2860 2970 3058 3022 tamen
3111 2968 3370 3024 lucratur
3403 2976 3671 3038 mortem,

2025 3070 2127 3130 per
2153 3072 2329 3128 quam
2388 3060 2692 3128 peccatum
2751 3056 3136 3127 abscinditur,
3188 3073 3259 3113 ne
3311 3059 3547 3115 miseria
3597 3060 3675 3115 sit

2023 3145 2399 3210 immortalis,
2430 3150 2487 3201 et
2536 3161 2670 3200 cum
2699 3144 2988 3216 supplicio
3026 3146 3371 3202 beneﬁcium
3424 3150 3670 3220 conjun-

2025 3240 2186 3291 ctum
2209 3234 2622 3291 cernatur.Hac
2646 3234 2797 3289 enim
2823 3235 3047 3289 ratione
3067 3234 3246 3307 Deus,
3278 3241 3341 3291 ut
3373 3238 3516 3293 mihi
3548 3238 3676 3311 qui-

2025 3325 2157 3380 dem
2186 3323 2527 3396 persuadeo,
2562 3321 2750 3395 punit.
2784 3327 3060 3379 Cteterum
3108 3341 3239 3380 cum
3271 3326 3449 3382 variis
3504 3342 3671 3383 occa.

2024 3413 2311 3480 sionibus,
2344 3418 2520 3485 atque
2549 3413 2912 3485 temporibus
2944 3412 3272 3470 humanum
3309 3432 3492 3489 genus
3525 3416 3676 3472 mul-

2024 3512 2215 3560 torum
2253 3510 2644 3577 peccatorum,
2679 3520 2810 3574 quae
2854 3503 2950 3558 illa
2984 3505 3218 3560 malitiae
3265 3506 3430 3560 radix
3482 3510 3679 3575 protu-

2025 3595 2190 3663 lerat,
2222 3593 2423 3649 multis
2456 3592 2671 3661 modis,
2705 3608 2913 3662 nempe
2935 3593 3217 3659 oratione,
3247 3594 3390 3663 lege,
3425 3594 3677 3666 prophe-

2022 3685 2123 3751 tis,
2156 3682 2474 3748 beneﬁciis,
2510 3680 2709 3746 minis,
2756 3679 2957 3750 plagis,
3015 3680 3407 3750 eluvionibus,
3466 3682 3674 3739 incen-

2024 3772 2159 3835 diis,
2192 3770 2382 3837 bellis,
2415 3768 2692 3834 victoriis,
2745 3768 3032 3835 cladibus,
3077 3770 3356 3841 prodigiis
3406 3788 3476 3827 ex
3505 3771 3671 3840 ccelo,

2023 3876 2091 3917 ex
2117 3876 2266 3923 aere,
2303 3874 2369 3914 ex
2428 3864 2604 3925 terra,
2636 3872 2705 3913 ex
2736 3857 2906 3921 mari,
2967 3858 3281 3928 insperatis
3342 3858 3671 3927 hominum,

2025 3949 2349 4014 civitatum,
2373 3944 2637 4015 gentium
2663 3944 3065 4001 eversionibus
3084 3946 3324 4017 (quibus
3346 3948 3679 4004 rationibus

2028 4037 2176 4094 nihil
2205 4035 2362 4091 aliud
2396 4035 2695 4107 agebatur,
2730 4034 2843 4088 nisi
2894 4040 2957 4089 ut
3014 4034 3242 4092 malitia
3271 4037 3676 4110 everteretur,)

2025 4129 2243 4183 frustra
2286 4126 2449 4198 prius
2497 4127 2651 4178 esset
2701 4122 3063 4178 admonitum
3119 4129 3176 4179 et
3232 4126 3674 4196 reprehensum,

2027 4221 2083 4270 et
2115 4212 2436 4286 majoribus
2472 4212 2747 4284 peccatis,
2784 4216 2845 4266 ut
2869 4213 3092 4269 mutuis
3124 4213 3482 4287 homicidiis,
3517 4216 3680 4272 adul-

2028 4304 2213 4369 teriis,
2246 4302 2543 4375 periuriis,
2602 4297 2831 4356 insanis
2889 4300 3198 4358 hominum
3248 4306 3571 4376 amoribus,
3625 4310 3681 4361 et

2023 4391 2204 4466 (quod
2232 4390 2496 4447 omnium
2532 4388 2818 4444 malorum
2870 4391 3286 4459 gravissimum
3318 4395 3459 4463 erat)
3490 4393 3677 4450 simu-

2026 4483 2318 4538 lacrorum
2350 4479 2531 4547 cultu,
2560 4495 2677 4549 quo
2694 4477 2966 4533 homines
2985 4481 3247 4550 neglecto
3284 4485 3677 4551 Procreatore,

2027 4571 2102 4627 ad
2120 4587 2212 4625 res
2246 4573 2574 4641 procreatas
2606 4567 2879 4623 colendae
2908 4571 2967 4621 et
2997 4567 3321 4624 adorandae
3350 4585 3413 4624 se
3435 4585 3675 4625 conver-

266 4660 537 4717 homines
570 4658 820 4726 soleant,
854 4661 1033 4727 atque
1065 4672 1243 4726 supra
1274 4654 1569 4709 hominem
1594 4670 1726 4709 vere
1749 4657 1920 4708 natus
1953 4644 1998 4710 D
2032 4661 2254 4725 tebant,
2287 4659 2791 4730 obstringeretur:
2824 4656 3203 4729 gravioraque
3226 4661 3351 4726 jam
3385 4658 3674 4727 ejusmodi

263 4751 442 4806 homo
475 4750 566 4805 sit:
606 4753 731 4803 tum
767 4750 1043 4816 prmterca
1097 4756 1284 4815 neque
1333 4742 1524 4798 divina
1573 4740 1785 4809 divine,
1819 4756 1917 4797 ne-

269 4855 382 4910 que
438 4839 696 4893 humana
754 4837 1010 4893 humane
1071 4839 1388 4905 operatus:
1457 4833 1558 4889 sed
1618 4833 1920 4889 incarnato

265 4934 386 4985 Deo
418 4940 625 4982 novam
657 4927 974 4999 quamdam
1017 4923 1442 4989 theandricam,
1479 4922 1584 4978 hoc
1616 4927 1707 4979 est
1736 4920 1837 4977 Dei
1867 4926 1923 4976 et

271 5014 556 5081 hominis,
593 5014 880 5070 actionem
913 5012 1084 5069 nobis
1114 5011 1458 5067 exhibuerit.

341 5102 394 5159 3.
426 5102 726 5173 Ejusdem,
750 5118 817 5159 ex
832 5100 1175 5174 theologicis
1197 5098 1503 5157 elementis
1516 5102 1697 5156 sancti
1718 5099 1920 5156 Hiero-

267 5194 391 5255 thei
424 5211 437 5251 :
473 5193 621 5259 Quia
649 5208 784 5249 vero
843 5208 959 5264 prae
1009 5207 1114 5247 suo
1165 5206 1301 5263 erga
1350 5203 1536 5261 genus
1594 5189 1917 5246 humanum

270 5302 466 5344 amere
498 5281 569 5341 ad
602 5290 859 5339 nostram
894 5296 1080 5354 usque
1114 5284 1383 5336 naturam
1415 5281 1596 5351 venit,
1642 5288 1796 5338 certe
1827 5296 1920 5339 es‘

271 5375 520 5434 sentiam
546 5387 778 5447 quoque
812 5381 1064 5427 nostram
1095 5387 1226 5427 vere
1277 5369 1481 5440 subiit,
1531 5387 1924 5444 summusque

268 5468 415 5524 adeo
438 5464 593 5521 Deus
614 5462 788 5516 homo
812 5466 866 5516 et
890 5460 1076 5515 factus
1097 5465 1157 5516 et
1177 5458 1370 5516 dictus
1393 5461 1499 5516 est.
1529 5458 1707 5517 Nobis
1729 5465 1919 5517 autem

365 5592 454 5659 28)
487 5589 824 5659 Patrologim
857 5591 991 5641 tom.
1020 5587 1113 5654 ill,
1143 5585 1253 5643 col.
1279 5586 1407 5643 647.

364 5662 453 5731 29)
486 5661 628 5715 Ibid.
665 5658 779 5731 θοι.Δ
805 5659 956 5713 1071.

359 5728 454 5805 30)
487 5732 610 5791 Non
636 5728 928 5798 medicum,
956 5732 1021 5784 ut
1081 5728 1282 5798 Zinus,
1313 5728 1414 5784 sed
1446 5730 1797 5786 monachum.
1830 5730 1926 5788 Sic

2032 4749 2206 4803 morti
2236 4747 2495 4803 remedia
2525 4747 3069 4817 medicamentaque
3098 4745 3676 4817 requirerent,majo-

2030 4855 2115 4907 ra,
2164 4837 2542 4907 gravioraque
2599 4842 2738 4892 sunt
2792 4835 3076 4891 adhibita.
3127 4836 3329 4908 Ipsum
3378 4835 3532 4891 enim
3575 4834 3677 4891 Dei

2035 4925 2310 4994 Verbum,
2343 4922 2496 4996 quod
2531 4927 2621 4980 est
2651 4929 2785 4979 ante
2817 4923 3049 4990 seacula,
3082 4925 3237 4995 quod
3260 4925 3675 4998 comprehendi

2033 5031 2146 5070 non
2179 5018 2391 5086 potest,
2423 5011 2578 5083 quod
2630 5029 2841 5085 corpus
2898 5029 3033 5088 non.
3071 5011 3249 5070 habet
3287 5014 3364 5085 (et
3419 5031 3546 5087 quae
3575 5031 3675 5073 se-

2032 5103 2310 5175 quuntur)
2343 5099 2470 5171 ipsa
2511 5098 2609 5155 Dei
2662 5099 2856 5173 imago
2915 5100 3439 5172 incommutabilis,
3490 5104 3679 5161 Patris

2032 5189 2292 5246 deﬁnitio
2323 5193 2379 5243 et
2407 5186 2573 5257 ratio,
2602 5186 2917 5260 imaginem
2953 5205 3126 5260 quam
3174 5190 3398 5248 homini
3430 5192 3679 5267 impres-

2032 5285 2188 5338 serat
2235 5280 2359 5351 ipse
2416 5279 2665 5349 suscipit
2736 5283 2793 5333 et
2848 5286 3083 5353 propter
3139 5298 3395 5352 carnem,
3452 5300 3674 5340 carnem

2031 5369 2200 5441 gerit,
2228 5372 2286 5424 et
2315 5364 2512 5423 animo
2570 5366 2793 5422 ratione
2832 5369 3075 5439 praedito
3133 5382 3234 5442 pro
3280 5372 3469 5427 salute
3500 5374 3676 5429 animi

2032 5463 2465 5528 commiscetur,
2495 5460 2557 5514 ut
2579 5458 2755 5515 simili
2787 5461 3040 5517 similem
3067 5470 3297 5535 purget,
3319 5466 3376 5519 in
3403 5467 3676 5523 omnibus

2031 5589 2186 5644 enim
2224 5585 2485 5642 monachi
2524 5584 2833 5655 primitivm
2876 5588 3144 5645 Ecclesia
3193 5590 3575 5650 dicebantur:
3611 5607 3678 5647 ex

2034 5660 2296 5724 Philone,
2329 5654 2585 5724 Justino,
2628 5660 2845 5713 Euseb.
2878 5654 2967 5724 40,
3000 5664 3109 5717 etc.

2106 5730 2220 5802 (31)
2254 5728 2417 5787 Videt
2444 5732 2589 5784 tom.
2624 5727 2878 5794 XXXVI,
2910 5729 3020 5787 col.
3053 5730 3178 5786 323.
