4090 6298
489 350 642 410 1223

488 575 644 648 gine,
677 574 846 645 cujus
876 574 1136 628 animum
1172 575 1228 626 et
1253 587 1485 626 carnem
1549 568 1800 640 Spiritus
1832 571 1963 622 ante
1996 583 2134 638 pur-

487 668 746 736 gaverat,
785 663 1062 716 nascitur.
1101 661 1348 716 Decebat
1406 659 1582 725 enim,
1633 665 1692 711 ut
1724 662 1780 712 et
1819 656 2134 710 liberorum

489 753 785 825 susceptio
843 751 1250 817 honoraretur,
1311 753 1370 804 at
1402 749 1485 803 illi
1541 751 1736 802 tamen
1799 747 1854 800 in
1915 746 2135 800 honore

483 843 792 916 virginitas
833 842 1240 907 anteferretur,
1300 847 1472 911 atque
1505 839 1587 892 ita
1639 837 1898 892 humana
1949 839 2134 890 forma

483 939 786 1002 assumpta
845 931 916 986 ad
976 947 1082 985 nos
1143 931 1503 1000 progreditur
1569 943 1750 980 unum
1804 941 1870 979 ex
1902 925 2132 978 duobus

481 1021 811 1090 contrariis,
843 1037 1018 1076 carne
1048 1023 1104 1074 et
1139 1019 1348 1091 spiritu
1411 1021 1706 1073 constans:
1757 1031 2006 1084 quorum
2041 1014 2130 1068 hic

481 1111 844 1166 divinitatem
870 1109 1191 1175 tribuebat,
1215 1108 1317 1162 illa
1339 1107 1640 1162 divinitate
1679 1105 2043 1159 afﬁciebatur
2072 1107 2128 1170 (0

481 1217 688 1256 novam
717 1200 1052 1254 mistionem
1077 1197 1089 1252 Ξ
1111 1216 1142 1254 o
1165 1197 1627 1268 conjunctionem
1655 1193 2126 1262 admirabileml),

479 1289 578 1344 ille
609 1290 710 1360 qui
737 1289 972 1344 effector
1001 1294 1104 1354 est,
1139 1288 1408 1342 elﬁcitur:
1442 1286 1538 1356 qui
1575 1289 1794 1338 creator
1827 1289 1934 1352 est,
1967 1299 2124 1336 crea-

477 1382 594 1432 tur:
624 1378 722 1448 qui
756 1376 1172 1446 comprehendi
1207 1392 1318 1430 non
1348 1377 1559 1446 potest,
1619 1370 1850 1426 vinculo
1883 1369 2122 1424 humani

476 1466 654 1521 animi
679 1465 1042 1520 divinitatem
1061 1469 1118 1519 et
1137 1464 1330 1519 carnis
1351 1461 1800 1518 crassitudinem
1819 1459 2127 1530 copulante

480 1554 1018 1625 comprehenditur.
1045 1555 1150 1616 Qui
1179 1554 1328 1608 ditat
1379 1552 1546 1618 alios,
1597 1567 1816 1620 pauper
1859 1551 1941 1603 fit.
1977 1555 2126 1604 Pau-

475 1647 714 1712 pertatis
755 1644 908 1697 enim
966 1659 1103 1696 meae
1165 1646 1568 1714 paupertatem
1631 1638 2027 1709 amplectitur,
2063 1643 2127 1692 ut

473 1749 572 1804 ego
631 1732 958 1788 divinitatis
1018 1735 1144 1803 ejus
1177 1731 1409 1787 divitias
1469 1745 1767 1800 assequar.
1833 1729 1937 1794 Qui
1995 1727 2122 1798 plus

472 1831 558 1877 est
590 1822 924 1878 exinanitur
949 1840 962 1878 :
989 1839 1294 1896 parumper
1325 1821 1480 1877 enim
1505 1821 1748 1892 gloriam
1783 1835 1948 1872 suam
1983 1817 2124 1872 sinit
2155 1849 2199 1910 Β

469 1913 787 1982 exhauriri,
825 1923 885 1968 ut
943 1929 1045 1982 ego
1079 1912 1463 1985 plenitudinis
1524 1911 1652 1979 ejus
1701 1909 1990 1978 particeps
2021 1909 2119 1960 eti-

470 2003 890 2069 ciar.Qutenam
927 2007 1066 2058 sunt
1099 2003 1186 2056 hae
1219 2001 1496 2056 bonitatis
1537 1999 1777 2053 divitiae?
1807 1997 2118 2061 Quodnam

469 2093 624 2148 circa
651 2109 742 2147 me
768 2093 1108 2164 mysterium
1142 2089 1423 2162 apparet?
1447 2089 1560 2161 Ego
1586 2089 1916 2158 imaginem,
1951 2088 2120 2156 cujus

469 2181 759 2252 particeps
789 2197 946 2236 eram
1002 2183 1209 2246 factus,
1266 2197 1378 2234 non
1411 2177 1682 2233 servavi:
1733 2175 1830 2230 ille
1881 2191 2118 2230 carnem

467 2285 656 2324 meam
689 2269 954 2338 suscipit,
991 2273 1054 2322 ut
1086 2273 1140 2322 et
1170 2267 1488 2338 imaginem
1535 2269 1740 2331 servet,
1777 2269 1832 2319 et
1885 2280 2116 2318 carnem

463 2357 664 2412 reddat
693 2355 1104 2412 immortalem.
1142 2359 1390 2411 Alteram
1417 2355 1526 2410 init
1565 2355 1898 2410 societatem
1925 2354 2114 2423 priore

461 2446 758 2512 societate,
793 2461 858 2500 eu
890 2445 1124 2516 quidem
1159 2447 1330 2516 longe
1364 2443 1890 2510 admirabiliorem,
1955 2441 2110 2512 quod

462 2535 522 2589 in
555 2535 744 2606 priore
777 2536 1152 2606 praestantius
1183 2535 1336 2606 quod
1371 2539 1492 2588 erat
1521 2531 1804 2600 attribuit,
1838 2531 1894 2584 in
1921 2539 2114 2602 postc-

461 2627 608 2680 riore
643 2625 796 2695 quod
833 2625 1086 2680 deterius
1119 2631 1243 2678 erat
1275 2623 1516 2694 accepit.

527 2751 581 2802 2.
612 2749 910 2820 Ejusdem,
938 2767 1006 2804 ex
1056 2750 1318 2805 oratione
1351 2749 1406 2802 in
1449 2748 1698 2802 Lumina
1749 2747 1886 2818 (32).
1923 2749 2110 2816 Atque

461 2838 558 2892 Dei
594 2839 794 2907 Filius,
827 2838 1086 2892 hominis
1129 2837 1311 2892 Filius
1342 2849 1396 2892 et
1427 2839 1492 2890 ﬁt
1521 2841 1576 2892 et
1607 2845 1884 2892 vocatur:
1922 2835 2108 2888 haud-

460 2943 754 2998 quaquam
787 2927 844 2980 id
899 2928 1225 2982 immutans
1277 2927 1436 2997 quod
1469 2929 1630 2980 erat:
1691 2924 1906 2980 mutari
1955 2923 2106 2978 enim

461 3031 574 3070 non
612 3021 838 3086 potest:
873 3017 974 3070 sed
1027 3017 1084 3070 id
1121 3032 1434 3072 assumens
1469 3015 1624 3086 quod
1663 3031 1776 3068 non
1808 3017 1952 3078 erat,
1983 3028 2106 3082 quae

457 3102 617 3158 illius
649 3121 781 3174 erga
819 3121 922 3160 nos
953 3105 1297 3159 humanitas
1328 3109 1452 3159 est:
1488 3109 1550 3158 ut
1608 3107 1976 3173 scpararetur
2007 3101 2102 3172 qui

1807 341 2124 403 NICETJE
2165 340 2585 402 CHONIATIE

491 487 766 556 denique,
803 487 1040 556 peccato
1073 487 1264 537 tamen
1298 484 1554 552 excepto,
1588 480 1652 534 ﬁt
1683 479 1878 534 homo.
1911 477 1988 532 Ex
2021 478 2224 568 νίν-,Α

3733 342 3914 401 1224

2883 484 3036 535 CAP.
3081 481 3264 535 XXX.

2246 621 2496 693 Nysseni,
2522 621 2588 676 de
2614 623 2805 677 divina
2835 623 3244 688 incarnatione,
3267 638 3335 678 ea:
3351 623 3604 676 orn/iane
3637 622 3882 678 Caret-he
3899 654 3912 664 -

2317 695 2446 748 (ira.
2495 695 2832 748 Divinilalis
2869 703 2920 749 et
2951 695 3314 750 humanitatis
3341 711 3464 748 cum
3489 711 3612 760 igne
3641 707 3692 748 εί
3715 695 3910 766 elym-

2315 769 2430 832 m'o,
2467 767 2700 837 itemque
2727 784 2856 821 cum
2895 783 3061 821 carne
3090 769 3140 821 et
3171 769 3356 820 animo
3381 767 3608 820 (ollatzo
3641 767 3776 836 (34).

2316 908 2820 972 Quemadmodum
2854 907 3010 963 enim
3045 909 3101 961 in
3153 907 3389 962 lucerna
3435 909 3742 963 materiam
3777 911 3876 964 cir

2241 995 2609 1065 cumplexum
2645 995 2840 1066 ignem
2871 997 3210 1068 sapicimus,
3273 1013 3522 1066 eumque
3555 1017 3586 1050 ξι
3619 998 3908 1066 materia,

2240 1099 2366 1153 qua:
2429 1083 2618 1154 ipsum
2680 1085 2939 1154 attingit,
3003 1086 3226 1140 ratione
3285 1085 3730 1156 distinguimus,
3767 1105 3906 1156 quae

2239 1175 2432 1226 tamen
2469 1172 2658 1241 reipsa
2700 1173 2980 1243 distingui
3041 1191 3156 1227 non
3219 1179 3488 1244 possunt,
3533 1179 3596 1226 ut
3653 1175 3908 1229 [lemma

2239 1276 2340 1330 per
2371 1277 2430 1314 se
2464 1277 2495 1314 a
2528 1262 2766 1316 materia
2801 1265 3068 1332 sejuncta
3111 1263 3474 1326 ostendatur,
3511 1263 3606 1316 sed
3647 1269 3908 1334 utraque

2241 1364 2420 1403 unum
2481 1355 2570 1404 est
2620 1349 2842 1422 (nullus
2901 1357 3092 1406 autem
3153 1353 3204 1404 id
3269 1351 3414 1405 milii
3462 1355 3658 1404 sumat
3693 1353 3750 1406 in
3789 1354 3906 1407 hoc

2237 1438 2515 1510 exemplo,
2549 1441 2704 1510 quod
2767 1441 2919 1510 ignis
2979 1447 3410 1509 corrumpatur,
3465 1442 3560 1494 sed
3599 1441 3652 1494 id
3703 1443 3900 1496 solum

2236 1529 2550 1598 accipiens,
2589 1529 2742 1601 quod
2794 1529 3170 1585 similitudini
3221 1531 3508 1594 convenit,
3561 1547 3690 1600 quae
3719 1532 3796 1586 ab
3829 1549 3896 1586 ea

2237 1621 2374 1670 sunt
2405 1617 2590 1672 aliena
2633 1619 2919 1687 repudiet)
2947 1619 3080 1686 quid
3149 1619 3436 1688 prohibet,
3495 1620 3638 1689 quin
3681 1623 3892 1674 eodem

2237 1703 2430 1766 modo,
2466 1719 2576 1774 quo
2606 1707 2903 1759 cernimus
2938 1705 3232 1759 ﬂammam
3261 1707 3548 1777 attingere
3575 1709 3890 1761 materiam

2233 1791 2582 1862 sulvjectam,
2617 1809 2718 1846 nec
2751 1793 2806 1846 in
2842 1810 2910 1848 ea
2941 1799 3132 1848 tamen
3187 1793 3427 1858 includi,
3493 1796 3606 1850 Deo
3643 1797 3888 1866 dignam

2231 1883 2640 1953 cogitationem
2675 1881 3108 1954 suscipiamus:
3141 1887 3572 1954 credamusque
3607 1891 3824 1940 natura
3855 1907 3888 1940 η

2224 1970 2482 2025 divinam
2517 1971 2594 2026 ita
2617 1973 2917 2043 conjungi,
2948 1980 3118 2041 atque
3152 1990 3330 2028 unum
3357 1973 3480 2028 ﬁeri
3503 1991 3640 2028 cum
3671 1983 3892 2030 natura

2223 2058 2502 2126 humana,
2539 2065 2602 2113 ut
2665 2060 2724 2114 in
2761 2061 2886 2132 ipsa
2943 2062 3356 2130 conjunctione
3414 2067 3592 2132 atque
3635 2064 3888 2132 unitate,

2223 2147 2494 2218 quamvis
2525 2147 2580 2200 in
2619 2149 2852 2204 homine
2885 2149 3036 2204 Deus
3067 2150 3164 2216 sit,
3211 2149 3375 2204 nulla
3403 2159 3596 2205 tamen
3632 2152 3886 2206 circum-

2222 2237 2540 2308 scriptione
2570 2237 2986 2292 concludatur?
3015 2240 3176 2302 Quod
3211 2239 3257 2294 si
3293 2241 3526 2310 queeris,
3579 2243 3882 2311 quomodo

2221 2329 2370 2380 Deus
2403 2341 2534 2379 cum
2568 2326 2805 2382 homine
2837 2330 3184 2382 commistus
3215 2327 3310 2398 sit,
3347 2329 3508 2398 prius
3561 2332 3876 2384 considera

2219 2415 2692 2484 conjunctionem
2725 2417 2906 2471 animi
2939 2433 3070 2470 cum
3131 2433 3304 2472 carne
3335 2425 3456 2482 tua,
3491 2419 3592 2489 qui
3627 2421 3870 2490 quidem

2219 2505 2474 2568 animus,
2533 2505 2583 2558 si
2647 2505 2968 2576 intelligere
3031 2523 3144 2561 non
3219 2513 3382 2578 potes
3449 2525 3567 2578 qua
3645 2511 3872 2564 ratione

2217 2609 2348 2647 cuin
2384 2609 2619 2663 corpore
2653 2596 2972 2665 copuletur,
3037 2595 3222 2650 multo
3257 2597 3450 2650 minus
3511 2598 3790 2652 existima
3815 2603 3870 2652 te

2217 2697 2387 2750 posse
2419 2682 2668 2752 assequi,
2722 2699 2834 2753 quo
2877 2689 3042 2754 pacto
3083 2684 3235 2740 Deus
3265 2701 3396 2739 cum
3435 2685 3674 2742 homine
3731 2704 3868 2742 con-

2208 2773 2513 2842 jungatur.
2549 2771 2762 2826 Verum
2791 2773 3286 2842 quemadmodum
3315 2773 3370 2828 in
3405 2780 3460 2828 te
3481 2777 3678 2830 credis
3711 2776 3864 2830 aliud

2217 2861 2494 2932 quiddam
2519 2877 2647 2916 esse
2669 2862 2957 2928 animum,
2983 2879 3157 2934 quam
3183 2881 3416 2933 corpus,
3443 2871 3548 2919 aut
3589 2867 3864 2936 quoniam

2215 2969 2428 3023 corpus
2459 2954 2532 3006 ab
2564 2953 2758 3007 animo
2799 2953 3094 3008 desertum
3151 2955 3395 3010 cadaver
3443 2957 3660 3020 evadit,
3699 2963 3864 3028 atque

2211 3041 2369 3096 iners
2401 3043 2498 3107 sit,
2528 3047 2582 3095 et
2636 3043 2706 3096 ad
2747 3043 3038 3113 agendum
3075 3043 3298 3110 inutile,
3333 3043 3466 3099 licet
3495 3049 3862 3116 conjunctio-

2215 3131 2303 3184 nis
2337 3131 2620 3184 rationem
2657 3131 2890 3202 ignores
2924 3148 2936 3186 :
2967 3133 3051 3186 sic
3107 3133 3283 3186 aliam
3317 3133 3416 3188 Dei
3451 3151 3588 3190 cum
3623 3135 3862 3190 homine

457 3207 718 3290 se???“
753 3201 973 3261 nequ”!
1023 3194 1374 3290 laterum?“
1420 3209 1596 3290 Ff‘me
1653 3197 1934 3290 tanqufm‘
1975 3191 2108 3290 ,ξ’θξο
2141 3195 2180 3259 C
2217 3219 2630 3290 conjunctione
2661 3220 3006 3275 confitemur
3037 3221 3290 3276 divinam
3325 3233 3592 3278 naturam
3627 3227 3862 3280 caduca

457 3278 764 3332 nobiscum
795 3293 1058 3344 versans,
1092 3280 1568 3350 quandoquidem
1612 3296 1766 3348 purae
1800 3281 1928 3348 ejus
1956 3279 2098 3332 divi-

459 3365 631 3420 nitati
691 3367 937 3420 ferenda:
997 3375 1210 3422 natura
1267 3367 1798 3422 ortuietinteritui
1855 3367 2106 3422 obnoxia

457 3471 574 3510 non
606 3456 752 3511 satis
786 3454 999 3511 idonea
1029 3463 1136 3512 est.

525 3582 578 3636 3.
617 3581 914 3653 Ejusdem,
947 3598 1014 3636 ex
1049 3582 1312 3637 oratione
1339 3583 1592 3636 secunda
1635 3583 1704 3637 ad
1737 3581 2103 3649 Cledonium,

451 3671 710 3744 Utraque
741 3671 898 3726 enim
935 3689 1118 3726 unum
1151 3671 1562 3727 commistione
1607 3675 1936 3738 evaserunt,
1971 3687 2102 3726 cum

451 3760 606 3816 Deus
629 3762 983 3827 incarnetur,
1017 3763 1190 3816 homo
1223 3767 1418 3816 autem
1449 3761 1771 3816 deificetur.

521 3851 574 3906 4.
607 3851 908 3921 Ejusdem,
942 3867 1010 3906 ex
1063 3851 1320 3907 secunda
1347 3851 1606 3906 oratione
1665 3851 1734 3905 de
1765 3849 1907 3906 Filio
1965 3849 2100 3922 (33).

450 3938 562 3994 Etsi
595 3939 751 3994 enim
785 3956 854 3994 ex
887 3945 1136 4010 utroque
1171 3957 1354 3996 unum
1389 3940 1606 3995 factum
1639 3939 1736 4009 sit,
1769 3955 1881 3994 non
1905 3943 2100 3994 tamen

443 4028 502 4082 id
537 4035 762 4092 natura,
803 4029 908 4084 sed
941 4045 1257 4086 concursu.

511 4155 565 4207 5.
605 4155 904 4224 Ejusdem,
938 4172 1006 4210 ex
1064 4157 1325 4212 oratione
1377 4155 1434 4210 in
1471 4155 1748 4210 Lumina:
1811 4155 2096 4210 Honorem

455 4243 612 4297 enim
645 4245 874 4314 corpori
907 4243 1091 4300 defert
1126 4286 1139 4310 ,
1173 4245 1646 4316 quandoquidem
1711 4245 1818 4300 hoc
1867 4261 2099 4315 quoque

451 4331 816 4388 deiﬁcatione
843 4339 996 4389 Deus
1028 4339 1134 4390 est.

513 4459 569 4510 6.
605 4458 1000 4528 Ejusdem,ex
1057 4459 1319 4514 oratione
1349 4459 1608 4514 secunda
1665 4459 1734 4513 de
1791 4457 2096 4513 Paschate.

2215 3307 2563 3379 mortalique
2595 3309 2781 3364 modis
2811 3309 3085 3365 omnibus
3115 3310 3398 3382 dignitate
3427 3319 3718 3383 praestare,
3743 3331 3864 3384 qua

2217 3396 2436 3452 ratione
2466 3403 2657 3452 autem
2691 3397 2980 3453 efﬁciatur
3039 3399 3168 3470 ipsa
3219 3401 3554 3472 conjunctio
3593 3419 3700 3458 non
3731 3419 3861 3474 pos-

2215 3501 2420 3540 sumus
2449 3485 2789 3558 intelligere.
2847 3489 3006 3552 Quod
3053 3487 3206 3543 Deus
3263 3489 3320 3543 in
3355 3489 3617 3545 hominis
3647 3497 3860 3546 natura

2213 3575 2446 3645 genitus
2475 3574 2574 3640 sit,
2607 3591 2674 3630 ex
2707 3575 2879 3630 rebus
2923 3578 3304 3642 admirandis,
3359 3595 3486 3650 quas
3519 3581 3656 3635 visae
3713 3581 3862 3636 scri-

2213 3668 2440 3734 ptaeque
2471 3669 2630 3734 sunt,
2671 3681 2782 3718 non
2817 3665 3194 3736 ambigimus,
3241 3669 3527 3724 rationem
3563 3675 3761 3724 autem
3795 3687 3858 3724 ac

2215 3755 2475 3820 modum,
2509 3759 2572 3809 ut
2603 3755 2878 3824 majorem
2907 3771 3086 3826 quam
3113 3757 3270 3827 quia
3301 3759 3470 3814 nobis
3493 3759 3714 3830 percipi
3737 3777 3864 3831 pos-

2213 3843 2308 3911 sit,
2369 3841 2696 3898 omittimus
2741 3843 3038 3913 indagare.
3101 3845 3299 3916 Neque
3353 3847 3512 3902 enim
3571 3863 3712 3903 cum
3771 3865 3860 3904 res

2212 3947 2414 3987 omnes
2447 3931 2834 4003 incorporeas,
2869 3941 2916 3988 et
2951 3949 3078 4004 quae
3103 3939 3295 3990 mente
3317 3935 3506 3991 solum
3532 3938 3862 4008 percipiun—

2213 4026 2328 4085 tur,
2359 4039 2390 4074 a
2423 4025 2631 4076 natura
2689 4021 3028 4091 incorporea
3079 4027 3136 4078 et
3169 4039 3294 4094 quae
3325 4029 3522 4080 creata
3573 4042 3690 4080 non
3749 4033 3855 4093 est,

2215 4117 2546 4182 procreatas
2593 4127 2720 4166 esse
2791 4113 3108 4178 credimus,
3189 4115 3342 4168 unde
3398 4119 3499 4168 aut
3565 4116 3853 4185 quomodo

2214 4203 2373 4254 factae
2405 4202 2542 4266 sint,
2567 4199 3002 4272 investigamus.
3071 4201 3180 4256 Sed
3213 4219 3346 4256 cum
3392 4205 3682 4258 mundum
3717 4221 3856 4260 con-

2211 4291 2398 4344 ditum
2437 4289 2612 4344 fuisse
2644 4289 3060 4360 acceperimus,
3113 4293 3400 4346 rationem
3433 4309 3550 4362 qua
3581 4294 3854 4348 conditus

2211 4379 2404 4444 fuerit,
2437 4379 2664 4432 curiose
2697 4395 2809 4432 non
2843 4379 3227 4449 exquirimus,
3262 4379 3480 4451 quippe
3529 4382 3630 4451 qui
3687 4383 3854 4454 plane

2210 4468 2489 4535 sciamus,
2555 4483 2682 4522 eam
2759 4466 2917 4522 nullo
2991 4469 3156 4524 modo
3231 4487 3395 4540 po:se
3471 4471 3696 4542 percipi
3765 4477 3858 4526 aut

451 4547 519 4600 Et
548 4563 650 4618 per
680 4549 1172 4618 assumptionem,
1207 4563 1381 4616 quam
1418 4547 1693 4602 divinitas
1731 4547 1915 4614 unxit,
1951 4563 2106 4618 qum-

2225 4559 2514 4630 explicari.

443 4652 557 4707 que
587 4637 788 4692 eadem
839 4653 974 4692 cum
1039 4641 1312 4708 ungente,
1347 4639 1524 4706 atque
1582 4637 1794 4706 (ausim
1828 4637 1980 4690 enim
2015 4635 2098 4690 di-

441 4727 594 4798 cere)
629 4725 746 4782 Deo
779 4725 1021 4798 aequalis
1053 4725 1264 4780 evadit.

511 4855 566 4906 7.
600 4853 905 4922 Ejusdem,
935 4869 1004 4908 ex
1050 4851 1313 4908 oratione
1365 4851 1436 4906 ab
1489 4849 1852 4920 baptismum
1897 4851 2100 4907 exhor-

439 4941 669 4996 tatoria.
753 4942 1033 4998 Eumdem
1111 4945 1300 4996 totum
1373 4939 1699 5006 hominem,
1776 4945 1834 4995 et
1909 4945 2098 4996 totum

441 5029 646 5096 Deum,
703 5045 804 5099 pro
865 5035 984 5086 toto
1014 5047 1102 5100 eo,
1151 5030 1252 5101 qui
1309 5047 1520 5100 passus
1551 5033 1659 5094 est,
1693 5033 1762 5100 _ut
1825 5031 1933 5084 toti
1993 5030 2096 5085 tibi

445 5114 694 5170 salutem
721 5117 1022 5190 largiatur,
1047 5119 1254 5190 [totam
1287 5120 1510 5191 peccati
1561 5117 1790 5174 solvens
1821 5120 2098 5174 condem-

451 5204 799 5276 nationem]

509 5310 564 5362 8.
601 5311 886 5380 Ejusdem,
913 5329 982 5368 ex
1039 5315 1240 5370 eadem
1291 5317 1570 5372 oratione.
1631 5315 1883 5370 Tantum
1925 5315 2102 5370 homo

441 5401 687 5466 propter
717 5403 794 5468 te,
830 5417 1002 5471 quam
1039 5407 1102 5457 tu
1137 5407 1374 5474 prapter
1405 5403 1570 5459 illum
1604 5403 1780 5460 Deus.

516 5575 624 5649 (βξ)
656 5579 803 5637 Vide
839 5582 980 5649 ibid,
1011 5581 1119 5635 col.
1155 5581 1280 5636 333.

507 5644 616 5718 (33)
649 5651 792 5708 Ibid.
827 5651 934 5708 col.
969 5644 1094 5707 103.

2277 4703 2438 4767 Quod
2473 4705 2669 4756 autem
2701 4701 2848 4755 Deus
2907 4701 2964 4755 in
2999 4718 3172 4756 carne
3211 4701 3381 4758 nobis
3413 4705 3778 4775 apparuerit,
3811 4703 3858 4760 si

2211 4793 2344 4862 quis
2404 4788 2932 4844 demonstrationes
2991 4789 3200 4861 inquit,
3255 4791 3305 4846 is
3337 4793 3464 4863 ejus
3515 4809 3692 4863 opera
3722 4809 3854 4848 con-

2209 4879 2436 4950 spiciat.
2469 4877 2616 4932 Nam
2651 4881 2706 4932 et
2734 4879 2888 4948 quod
2927 4879 3074 4934 Deus
3121 4879 3244 4950 ipse
3275 4879 3372 4946 sit,
3407 4879 3566 4934 nullo
3599 4881 3716 4936 alio
3749 4879 3856 4936 nisi

2211 4984 2450 5040 operum
2487 4965 2672 5036 ipsius
2717 4967 3051 5022 testimonio
3109 4969 3542 5040 comprobatur.
3577 4969 3654 5025 Ut
3683 4971 3860 5041 igitur

2209 5076 2400 5116 rerum
2435 5057 2811 5113 universitate
2839 5077 2868 5112 η
2921 5057 3238 5126 intuentes,
3301 5075 3626 5131 earumque
3659 5059 3858 5114 mode-

2210 5149 2494 5204 rationem
2529 5151 2584 5201 et
2641 5145 2918 5212 ordinem,
2982 5149 3230 5218 vitaeque
3287 5153 3496 5203 nostra:
3553 5149 3860 5204 commoda

2211 5237 2492 5294 divinitus
2525 5235 2658 5292 data
2691 5235 3150 5306 considerantes,
3174 5237 3285 5292 vim
3302 5239 3624 5309 quamdam
3655 5237 3856 5294 mundi

2211 5327 2583 5394 effectricem,
2617 5325 3220 5398 conservatricemque
3251 5326 3770 5398 cognoscimus,sic
3805 5327 3858 5380 in

2213 5419 2327 5474 Deo
2357 5416 2524 5473 nobis
2561 5432 2658 5486 per
2699 5431 2934 5470 carnem
2990 5417 3275 5486 patefacto
3325 5416 3674 5472 admiranda
3705 5414 3860 5474 illius

2287 5577 2396 5650 (54)
2421 5576 2588 5630 Tom.
2619 5573 2772 5636 XLV,
2806 5572 2914 5629 col.
2947 5573 3033 5628 10.
