4090 6298
233 384 262 440 1
277 384 393 441 225

1559 384 1958 446 ’I‘HESAURI
2007 387 2152 446 LIB.
2203 388 2313 448 ΙΙΙ.

3497 402 3648 460 1226

229 533 414 588 Opera
444 511 661 568 similia
685 513 757 566 iis
789 529 917 583 quae
947 512 1162 582 scripta
1185 515 1562 586 sunt,quibus
1595 521 1877 588 tanquam
1909 524 1962 588 Α
1991 534 2120 573 esse
2153 521 2448 588 concedis,
2483 538 2549 576 ex
2610 521 2830 577 eisdem
2864 522 3032 578 dabis
3063 524 3324 591 omnino,
3367 534 3420 580 et
3450 535 3646 586 ortum

231 610 414 675 notis,
465 611 672 660 natura
730 605 928 659 divina
1006 605 1353 668 declaratur,
1401 606 1661 677 locuples
1722 607 1887 661 nobis

227 697 561 751 divinitatis
588 694 717 764 ejus
755 694 1153 750 testimonium
1191 696 1460 751 aﬂ‘erunt.
1498 695 1598 750 Dei
1633 711 1884 765 namque

227 803 360 840 esse
392 785 824 856 cognoscimus,
859 783 1195 838 hominibus
1235 785 1410 838 vitam
1451 786 1725 839 tribuere.
1759 784 1880 848 Dei,

221 893 297 930 ea
331 892 462 945 quae
496 879 632 928 sunt
667 873 1028 944 providentia
1055 873 1227 943 tueri,
1269 890 1333 928 ac
1361 890 1722 928 conservare.
1758 873 1879 941 Dei,

222 966 425 1019 cibum
475 971 531 1018 et
581 969 778 1034 potum
811 962 882 1017 iis
917 979 1043 1034 quae
1094 963 1153 1016 in
1189 979 1362 1017 carne
1422 964 1602 1018 vitam
1636 965 1878 1035 degunt,

222 1054 483 1123 elargiri.
537 1054 656 1119 Dei,
693 1054 763 1106 de
790 1053 1151 1123 pauperibus
1204 1058 1260 1107 et
1300 1053 1699 1124 indigentibus
1731 1054 1880 1107 bene

222 1144 456 1198 mereri.
479 1142 602 1210 Dei,
632 1147 900 1197 naturam
938 1158 1066 1211 quas
1097 1141 1436 1197 inﬁrmitate
1467 1159 1572 1197 sua
1606 1143 1674 1196 de
1724 1145 1880 1196 recta

218 1232 315 1286 via
364 1232 700 1300 deﬂexerat,
752 1232 1025 1284 reducere
1077 1231 1146 1284 ad
1202 1231 1526 1299 sanitatem,
1570 1237 1625 1284 et
1673 1231 1728 1285 in
1760 1231 1875 1299 pri-

219 1323 446 1375 stinum
479 1326 700 1374 statum
736 1335 1004 1374 revocare
1036 1337 1051 1385 ;
1083 1319 1208 1384 Dei,
1240 1319 1466 1374 cunctis
1507 1336 1670 1391 aeque
1702 1319 1875 1374 rebus

221 1412 544 1480 procreatis
579 1409 892 1480 imperare,
938 1413 1124 1473 terrae,
1163 1408 1332 1476 mari,
1365 1408 1505 1478 aeri,
1561 1414 1617 1463 et
1648 1408 1718 1461 iis
1748 1425 1872 1478 quae

218 1517 401 1568 supra
432 1515 624 1553 aerem
679 1500 790 1552 sita
831 1502 994 1551 sunt.
1030 1497 1148 1565 Dei,
1198 1503 1535 1568 perpetuam
1583 1497 1642 1552 in
1675 1498 1874 1552 omnia

218 1593 568 1660 potestatem
638 1587 872 1654 habere,
933 1585 1340 1656 imprimisque
1388 1602 1515 1641 esse
1585 1590 1767 1641 morte
1818 1593 1872 1641 et

214 1677 587 1747 corruptione
621 1675 1225 1746 superiorcmﬂorum
1266 1675 1311 1728 si
1337 1675 1476 1744 quid
1510 1675 1567 1728 in
1601 1674 1865 1744 historia,

214 1784 336 1836 qua
383 1766 498 1820 vita
532 1765 721 1836 ipsius
754 1763 1126 1832 describitur,
1161 1763 1545 1832 desideratur,
1584 1763 1669 1817 illi
1701 1763 1800 1834 qui
1834 1780 1866 1817 a

1996 612 2052 661 et
2084 613 2326 663 mortem
2362 611 2486 680 ejus
2519 627 2552 664 a
2584 611 2954 682 corruptione
2987 613 3184 682 procul
3217 615 3644 682 abfuisse.Quaa

1995 695 2042 748 si
2082 703 2348 752 naturam
2382 704 2680 768 superant,
2715 699 2763 752 is
2796 700 2946 754 intra
2993 711 3259 755 naturam
3305 721 3419 758 non
3450 709 3642 762 conti-

1993 789 2186 852 netur,
2235 787 2330 856 qui
2399 794 2630 859 propter
2691 789 2809 844 haec
2868 794 3074 845 natura
3139 795 3406 862 superior
3460 796 3640 853 fuisse

1991 873 2474 946 demonstratur.)

2620 984 2774 1039 CAP.
2811 986 3006 1039 XXXI.

1987 1086 2247 1164 Maximi,
2279 1089 2346 1164 de
2375 1089 2565 1164 divina
2618 1090 3024 1160 incarnatione,
3066 1108 3134 1147 ea:
3173 1094 3631 1164 interpretatione

2060 1161 2325 1212 orationis
2401 1161 2501 1232 de,
2540 1169 2687 1216 recte
2759 1165 3113 1231 confessione.
3196 1161 3630 1232 [Incarnatiom's

2061 1232 2325 1304 mysteria
2357 1231 2570 1286 nullius
2585 1233 2857 1301 facundia
2887 1235 3128 1304 exprimi
3145 1231 3485 1303 possunl,sed
3516 1243 3633 1297 sola

2058 1301 2162 1368 ﬁde
2209 1306 2525 1357 creduntur.

2060 1408 2107 1459 1.
2145 1408 2353 1478 Ecquis
2413 1414 2631 1464 tantum
2665 1410 2891 1466 excellit
2952 1412 3178 1468 dicendi
3220 1415 3517 1485 facultate,
3564 1426 3627 1475 ut

1981 1496 2318 1562 audeat,aut
2348 1499 2533 1568 possit
2557 1499 2859 1570 explicare,
2893 1503 3186 1572 quomodo
3237 1507 3622 1576 comprehen-

1981 1600 2082 1638 sus
2114 1585 2191 1638 sit
2223 1591 2372 1641 Deus
2406 1588 2433 1641 7

2047 1676 2100 1727 2.
2131 1676 2427 1738 Quomodo
2460 1693 2591 1732 caro
2618 1678 2743 1733 sine
2771 1679 2993 1735 semine
3015 1687 3288 1751 generata
3320 1685 3395 1738 sit
3427 1685 3453 1739 ?

2046 1763 2099 1818 3.
2153 1765 2448 1828 Quomodo
2496 1768 2617 1821 sine
2668 1770 3036 1840 corruptione
3094 1772 3357 1828 mulieris
3417 1782 3617 1843 pur-tus

213 1855 494 1925 religione
543 1859 680 1909 sunt
729 1854 926 1922 alieni,
961 1853 1170 1908 merito
1221 1854 1560 1923 mysterium
1597 1857 1860 1907 nostrum
1894 1887 1940 1951 B
1974 1852 2254 1906 exstiterit
2287 1853 2314 1907 ?

212 1945 605 2015 repudiarent.
643 1944 741 1999 Sin
775 1943 972 1997 omnia
1014 1942 1231 2011 quibus
1271 1943 1422 1997 Deus
1471 1943 1857 2012 cognoscitur,

213 2033 276 2088 in
308 2049 371 2086 ea
404 2031 1016 2101 conspiciuntur,quid
1042 2030 1310 2100 prohibet
1334 2032 1652 2101 quominus
1683 2030 1855 2084 fidem

213 2121 669 2191 religionemque
731 2120 1018 2190 suscipias
1049 2120 1075 2174 ‘I
1103 2125 1167 2173 At
1198 2120 1376 2186 enim,
1407 2119 1661 2190 inquies,
1697 2117 1857 2174 nasci

215 2217 271 2265 et
327 2212 487 2266 obire
536 2210 770 2280 propria
811 2215 948 2264 sunt
1006 2209 1250 2278 hujusce
1297 2211 1510 2263 carnis.
1545 2209 1853 2279 Concedo;

212 2317 414 2356 verum
471 2316 537 2354 ea
568 2317 696 2370 quae
731 2304 927 2354 ortum
955 2299 1082 2368 ejus
1140 2303 1582 2369 praecesserunt,
1616 2313 1859 2367 quaeque

219 2398 460 2445 mortem
496 2394 636 2443 sunt
665 2389 1372 2453 subsecuta,communem
1398 2392 1615 2440 naturae
1649 2394 1856 2440 nostrae

214 2479 607 2533 conditionem
633 2483 914 2548 superant
947 2494 959 2529 :
989 2493 1118 2530 nam
1143 2475 1190 2530 si
1211 2481 1524 2544 utrumque
1543 2475 1854 2528 terminum

213 2569 479 2622 humanae
512 2567 638 2621 vitae
670 2567 1023 2632 consideres,
1057 2565 1280 2619 videbis
1313 2565 1467 2617 unde
1508 2564 1860 2633 incipiamus

214 2663 270 2711 et
303 2674 416 2727 quo
447 2658 827 2711 deducamur.
847 2657 891 2709 A
921 2654 1292 2724 corruptione
1322 2653 1478 2707 enim
1504 2652 1857 2723 principium

215 2747 502 2815 ducimus,
535 2751 592 2800 et
631 2746 689 2800 in
724 2744 1164 2815 corruptionem
1197 2742 1524 2797 desinimus
1557 2760 1568 2796 :
1605 2742 1732 2812 ejus
1762 2758 1857 2796 au-

213 2841 330 2890 tem
393 2852 496 2889 nec
573 2840 764 2889 ortum
819 2849 922 2887 nec
970 2838 1214 2887 mortem
1266 2831 1488 2902 excepit
1541 2830 1856 2900 corruptio.

216 2924 330 2978 Hoc
366 2925 467 2977 tibi
497 2922 905 2977 admirandum
941 2921 1170 2976 videtur
1199 2925 1256 2974 et
1289 2919 1627 2974 incredibile
1658 2919 1685 2973 ?
1717 2921 1860 2974 Gau-

219 3014 345 3067 deo.
377 3015 512 3078 Quae
542 3012 697 3067 enim
731 3027 909 3081 supra
941 3025 1114 3080 quam
1143 3009 1297 3064 credi
1329 3009 1576 3079 poss'nt,
1612 3008 1859 3062 admira-

222 3101 363 3156 bilia
413 3105 604 3171 putas,
665 3116 732 3153 ea
791 3115 970 3168 supra
1031 3101 1299 3152 naturam
1352 3112 1481 3150 esse
1540 3095 1855 3150 confiteris.

222 3192 586 3260 Quapropter
645 3188 752 3242 hoc
790 3187 893 3241 tibi
926 3184 1246 3240 divinitatis
1295 3185 1424 3254 ejus
1466 3184 1856 3239 certissimum

223 3281 295 3332 sit
353 3282 781 3348 argumentum,
815 3276 965 3344 quod
1021 3291 1145 3342 quas
1179 3275 1247 3328 de
1296 3273 1393 3327 illo
1451 3273 1858 3344 praedicantur,

225 3384 336 3422 non
370 3364 943 3436 sequunturomnino
960 3364 1220 3419 ordinem
1244 3363 1568 3417 naturalem
1608 3379 1618 3416 :
1651 3363 1862 3418 etenim

227 3459 274 3510 si
306 3473 373 3510 ea
421 3471 549 3525 quae
581 3456 650 3508 de
681 3455 908 3508 Christo
959 3453 1251 3507 memorias
1311 3452 1538 3522 prodita
1568 3458 1727 3517 sunt,
1764 3469 1862 3506 na-

226 3551 373 3599 turae
406 3543 670 3597 terminis
702 3543 898 3598 omnia
931 3540 1493 3603 continerentur,ubi
1526 3540 1684 3595 illius
1711 3545 1864 3596 esset

228 3633 502 3690 divinitas
534 3632 560 3685 ‘?
582 3632 721 3687 Cum
766 3649 892 3685 vero
931 3631 1270 3697 multorum,
1303 3629 1515 3699 quibus
1545 3629 1714 3683 ﬁdem
1750 3646 1862 3684 non

224 3722 424 3787 habes,
461 3721 604 3775 ratio
637 3727 902 3774 naturam
932 3722 1186 3788 superet,
1222 3719 1338 3772 haec
1379 3717 1508 3788 ipsa
1536 3718 1864 3772 testimonio

225 3817 384 3879 sunt,
421 3810 586 3864 illum
622 3825 795 3880 quem
857 3809 1247 3878 praedicamus
1298 3806 1479 3860 Deum
1513 3806 1684 3859 etiam
1717 3821 1862 3860 esse.

224 3901 501 3955 Homines
561 3899 716 3952 enim
767 3901 1119 3968 generantur
1161 3911 1229 3949 ex
1261 3900 1566 3965 parentum
1619 3895 1865 3962 conjun-

225 3990 437 4054 ctione,
473 3992 526 4043 et
556 3990 684 4057 post
715 3991 962 4039 mortem
996 3986 1181 4055 ipsam
1225 3991 1697 4052 corrumpuntur.
1732 3983 1864 4045 Quae

227 4080 275 4135 si
326 4080 395 4130 de
429 4081 551 4146 ipso
584 4076 938 4142 dicerentur,
972 4077 1151 4127 Deum
1187 4089 1313 4126 esse
1363 4089 1478 4126 non
1519 4088 1720 4142 posses
1747 4071 1866 4125 exi-

229 4168 488 4232 stimare,
524 4180 694 4236 quem
725 4164 988 4218 eamdem
1024 4178 1198 4231 quam
1236 4178 1360 4226 nos,
1403 4160 1614 4214 habere
1648 4167 1868 4214 natura:

234 4256 626 4312 conditionem
679 4252 1052 4322 intelligeres.
1112 4254 1175 4305 At
1233 4267 1368 4306 cum
1428 4250 1596 4304 illum
1631 4251 1866 4320 quidem

232 4353 434 4400 natum
482 4361 608 4399 esse
641 4343 827 4408 audis,
870 4343 966 4396 sed
1001 4340 1279 4395 nascendi
1334 4340 1556 4394 ratione
1604 4355 1866 4394 commu-

234 4451 361 4490 nem
398 4440 618 4488 naturas
670 4435 877 4486 nostrae
921 4430 1179 4485 ordinem
1214 4445 1541 4498 superasse,
1576 4429 1872 4483 eumdem-

231 4541 345 4593 quc
379 4529 674 4576 mortuum
709 4521 964 4589 quidem,
1001 4521 1096 4574 sed
1129 4519 1556 4588 corruptionem
1590 4535 1702 4571 non
1737 4518 1870 4572 atti-

231 4614 386 4683 gisse
422 4629 434 4665 :

233 4701 488 4755 dendum
524 4717 638 4754 non
670 4702 844 4765 esset,
872 4697 1166 4752 hominem
1201 4695 1394 4765 potius
1436 4711 1568 4749 eum
1602 4710 1729 4749 esse
1765 4712 1875 4749 non

237 4791 520 4856 crederes,
544 4804 728 4843 unum
762 4803 830 4841 ex
852 4786 924 4840 iis
957 4786 1054 4855 qui
1081 4785 1140 4840 in
1175 4793 1376 4838 natura
1408 4783 1876 4853 conspiciuntur,

237 4883 296 4932 et
326 4892 494 4944 quem
542 4893 657 4931 non
686 4892 815 4931 esse
845 4875 1140 4930 hominem
1181 4874 1462 4940 crederes,
1499 4888 1633 4926 eum
1669 4889 1876 4928 neces-

241 4966 393 5022 sario
428 4968 606 5020 Deum
640 4983 768 5021 esse
801 4963 1184 5020 arbitrareris.
1206 4963 1311 5029 Qui
1343 4963 1499 5017 enim
1531 4979 1663 5016 eum
1689 4968 1879 5018 ortum

243 5071 370 5111 esse
403 5054 690 5109 memoriis
742 5054 1001 5121 tradidit,
1054 5053 1203 5107 idem
1266 5069 1333 5106 ex
1394 5051 1623 5121 Virgine
1679 5057 1879 5107 natum

245 5148 492 5200 testatus
548 5147 655 5198 est.
715 5144 1105 5205 Quamobrem
1157 5141 1205 5195 si
1255 5140 1557 5210 scriptoris
1615 5143 1787 5195 verba
1833 5150 1884 5195 te

241 5235 562 5300 adducunt,
591 5236 654 5286 ut
671 5237 871 5286 natum
916 5232 1138 5294 credas,
1172 5231 1373 5284 eadem
1391 5228 1690 5298 scriptoris
1712 5232 1886 5284 verba

242 5325 346 5379 tibi
380 5322 544 5376 illum
596 5321 678 5376 ita
708 5325 908 5375 natum
953 5337 1081 5375 esse
1133 5319 1519 5390 persuadeant.
1552 5335 1563 5372 :
1603 5319 1701 5388 qui
1729 5319 1884 5374 enim

241 5418 430 5469 ortum
480 5410 672 5481 ipsius
705 5409 1020 5473 enarravit,
1052 5407 1208 5462 idem
1241 5424 1372 5461 eum
1421 5422 1486 5460 ex
1521 5407 1753 5474 Virgine
1783 5411 1887 5463 ad-

233 5499 428 5572 jnnxit
455 5497 748 5553 exstitisse
786 5514 797 5548 :
827 5502 882 5550 et
913 5497 1010 5567 qui
1034 5497 1102 5550 de
1137 5501 1321 5550 morte
1345 5495 1693 5549 mentionem
1730 5497 1884 5566 fecit,

241 5587 720 5643 resurrectionem
772 5585 946 5639 etiam
982 5590 1111 5655 post
1147 5590 1388 5638 mortem
1441 5592 1527 5639 est
1557 5590 1886 5641 atlestatus.

241 5676 403 5740 Quod
438 5675 486 5729 si
519 5691 586 5729 ex
616 5675 685 5728 iis
737 5689 868 5744 quae
901 5674 1092 5739 audis,
1127 5680 1183 5727 et
1213 5677 1507 5728 mortuum
1537 5680 1592 5728 et
1622 5676 1884 5745 genitum

490 5793 753 5853 PATROL.
801 5794 908 5852 GR.
956 5793 1268 5853 CXXXIX.

482 4625 847 4679 consequens
876 4608 1040 4672 foret,
1075 4611 1140 4661 ut
1171 4607 1218 4661 si
1251 4609 1599 4660 alterutrum
1629 4606 1728 4660 tibi
1762 4623 1875 4661 cre-
1917 4606 1950 4664 ἴέ

2043 1944 2093 1996 4.
2145 1943 2444 2014 Quomodo
2502 1945 2661 2016 virgo
2721 1947 2881 2002 nullo
2943 1948 3327 2006 intercedente
3375 1951 3608 2008 homine

1969 2037 2156 2086 mater
2185 2034 2434 2087 evaserit
2462 2034 2489 2088 ?

2036 2131 2089 2184 5.
2131 2129 2430 2192 Quomodo
2463 2137 2666 2201 mater,
2703 2138 2866 2204 partu
2903 2136 3290 2206 virginitatem
3348 2155 3462 2193 non
3498 2139 3619 2195 sol-

1967 2225 2156 2286 vente,
2190 2219 2350 2291 virgo
2385 2223 2762 2290 permanserit
2793 2225 2818 2277 ’ἶ

2039 2310 2092 2360 6.
2129 2308 2195 2362 Et.
2223 2308 2312 2379 (ut
2340 2314 2595 2365 extremo
2647 2311 2770 2366 loco
2801 2314 2950 2382 quod
2988 2314 3241 2384 primum
3277 2319 3364 2370 est
3397 2315 3612 2385 dicam)

1970 2399 2258 2467 quomodo
2293 2403 2440 2453 Deus
2483 2401 2670 2454 factus
2702 2400 2780 2454 sit
2810 2402 2979 2456 homo
3010 2403 3037 2457 ?

2036 2487 2091 2540 7.
2126 2489 2197 2539 Et
2225 2485 2402 2555 (quod
2430 2489 2620 2556 majus
2649 2490 2988 2560 mysterium
3018 2492 3298 2559 continet)
3321 2495 3613 2563 quomodo

1970 2589 2069 2644 per
2083 2575 2393 2628 essentiam
2412 2577 2734 2631 secundum
2753 2594 3060 2648 personam
3079 2580 3134 2633 in
3150 2595 3322 2634 carne
3338 2581 3614 2646 existens,

1970 2679 2072 2733 per
2101 2663 2411 2718 essentiam
2439 2666 2760 2720 secundum
2787 2683 3093 2736 personam
3120 2671 3277 2723 totus
3309 2671 3614 2740 semperin

1969 2751 2133 2808 Patre
2161 2752 2332 2807 fuerit
2361 2752 2387 2806 ?

2037 2842 2089 2893 8.
2143 2841 2442 2904 Quomodo
2490 2849 2544 2897 et
2589 2846 2748 2897 totus
2781 2844 2855 2898 sit
2904 2851 3111 2898 natura
3165 2845 3339 2913 Deus,
3373 2854 3426 2900 et
3455 2851 3614 2902 totus

1973 2935 2178 2985 natura
2220 2931 2302 2985 ita
2357 2931 2546 2985 factus
2577 2931 2655 2986 sit
2686 2932 2881 2997 homo,
2920 2939 2981 2987 ut
3039 2949 3142 2987 nec
3201 2934 3475 3002 divinam,
3510 2953 3614 2991 nec

1969 3020 2288 3075 humanam
2341 3020 2638 3089 abjiceret,
2694 3022 2792 3076 sed
2841 3023 3044 3077 ambas
3106 3025 3230 3078 sine
3271 3025 3616 3080 confusione

1971 3111 2314 3179 conjunctae
2345 3115 2714 3166 conservaret
2742 3111 2770 3164 ?

2042 3201 2090 3253 1.
2127 3200 2252 3253 Haec
2285 3200 2428 3254 ﬁdes
2463 3200 2586 3255 sola
2617 3202 3220 3272 comprehendit,cum
3255 3219 3453 3258 eorum
3485 3222 3612 3276 quas

1974 3293 2223 3343 mentem
2258 3293 2314 3343 et
2343 3289 2754 3360 cogitationem
2772 3296 3048 3362 superant
3079 3293 3496 3348 demonstratio
3512 3295 3612 3362 sit,

1969 3381 2143 3447 atque
2174 3377 2347 3432 etiam
2381 3377 2632 3448 cognitio
2663 3384 2719 3434 et
2747 3380 3010 3445 scientia,
3047 3397 3174 3452 quas
3209 3381 3386 3436 nullis
3423 3382 3610 3437 verbis

1971 3466 2358 3522 demonstrari
2393 3468 2592 3537 possit.

2038 3559 2088 3609 2.
2142 3555 2440 3625 Ejusdem,
2499 3559 2817 3612 Adamusa
2861 3559 3056 3613 divino
3119 3558 3396 3612 mandato
3455 3573 3610 3611 rece-

1971 3645 2114 3698 dens
2144 3645 2201 3698 in
2238 3661 2416 3699 causa
2448 3646 2573 3712 fuit,
2609 3652 2673 3700 ut
2695 3646 2952 3700 hominis
2985 3645 3332 3716 principium
3369 3646 3608 3699 sitcum

1970 3733 2284 3801 voluptate,
2338 3733 2470 3787 ﬁnis
2501 3751 2634 3788 cum
2688 3735 2902 3789 dolore.
2955 3735 3097 3788 Nam
3152 3751 3284 3788 cum
3317 3734 3610 3803 voluptate

1969 3820 2248 3892 gignitur,
2282 3835 2413 3872 cum
2449 3820 2645 3875 dolore
2674 3823 2942 3876 moritur.
2975 3822 3242 3876 Christus
3290 3827 3483 3876 autem
3521 3823 3606 3876 fa-

1970 3914 2099 3963 ctus
2144 3908 2419 3962 obediens
2452 3908 2633 3963 alium
2665 3926 2734 3964 ex
2783 3912 2998 3981 Spiritu
3051 3919 3242 3964 ortum
3277 3911 3609 3966 hominibus

1971 3997 2215 4068 largitus
2246 4001 2356 4061 est,
2389 3999 2555 4067 cujus
2587 3997 2820 4053 initium
2873 4016 2904 4053 a
2935 3999 3131 4053 dolore
3174 3999 3408 4069 quidem
3441 4016 3612 4054 exco-

1968 4085 2154 4140 lendas
2210 4085 2460 4153 virtutis,
2501 4092 2557 4140 et
2605 4086 2901 4141 laboribus
2959 4088 3262 4143 nascitur:
3311 4089 3444 4142 finis
3475 4105 3608 4144 vero

1973 4173 2327 4244 voluptatem
2391 4180 2448 4228 et
2478 4175 2731 4244 quietem
2789 4177 3183 4247 consequitur.
3220 4177 3606 4240 Quamobrem

1972 4273 2023 4318 et
2057 4265 2181 4334 ipse
2212 4281 2342 4318 cum
2377 4262 2545 4318 vellet
2582 4265 2755 4320 homo
2789 4267 2930 4335 ﬁeri,
2965 4269 3233 4338 quamvis
3266 4269 3488 4323 semine
3520 4285 3620 4323 no-

1971 4352 2147 4406 luerit
2201 4353 2484 4423 generari,
2546 4357 2791 4408 mortem
2846 4359 3042 4410 tamen
3103 4358 3354 4426 perferre
3413 4356 3618 4422 voluit,

1975 4458 2088 4495 non
2124 4446 2187 4495 ut
2243 4441 2572 4512 voluptatis,
2605 4459 2732 4513 qua:
2769 4443 2929 4497 nulla
2988 4445 3190 4510 fuerat,
3216 4449 3370 4498 esset
3429 4461 3620 4514 poena,

1977 4531 2076 4584 sed
2140 4535 2204 4585 ut
2257 4547 2364 4586 nos
2420 4532 2726 4586 damnatos
2785 4532 3128 4597 absolveret,
3177 4536 3240 4584 ut
3295 4536 3480 4584 morte
3512 4548 3619 4584 sua

1990 4623 2232 4673 mortem
2285 4625 2544 4675 nostram
2577 4620 2954 4691 interimeret,
3003 4625 3058 4675 et
3088 4619 3422 4674 conciliaret
3454 4620 3622 4673 nobis

1987 4707 2505 4764 immortalitatem.

2061 4796 2114 4849 3.
2169 4797 2464 4864 Ejusdem.
2498 4798 2741 4868 [Equum
2778 4799 2906 4866 fuit,
2944 4803 3007 4852 ut
3037 4797 3210 4864 Deus,
3263 4798 3361 4866 qui
3418 4801 3631 4850 natura

1991 4886 2048 4936 et
2077 4883 2292 4947 bonus,
2327 4888 2380 4937 et
2409 4887 2662 4954 sapiens,
2695 4886 3057 4956 etjustus,et.
3089 4889 3294 4955 potens
3325 4891 3632 4954 est,neque

1997 4971 2075 5026 uti
2127 4973 2316 5025 bonus
2348 4972 2602 5026 hominis
2631 4992 2662 5027 a
2693 4990 2755 5027 se
2785 4973 3067 5044 procreati
3095 4974 3418 5044 despiceret
3474 4975 3634 5027 intir-

1996 5059 2259 5113 mitatem
2291 5075 2303 5113 :
2339 5065 2394 5115 et
2426 5061 2507 5114 uti
2568 5062 2803 5131 sapiens
2853 5063 2981 5133 ejus
3021 5063 3290 5118 curandae
3350 5063 3632 5118 rationein

1993 5149 2284 5220 cognitam
2322 5149 2559 5203 haberet
2592 5167 2603 5202 :
2636 5155 2692 5204 et
2723 5153 2804 5205 uti
2840 5153 3042 5220 justus
3092 5169 3190 5206 eos
3249 5152 3348 5223 qui
3382 5152 3638 5207 volentes

1996 5237 2261 5291 servituti
2289 5253 2417 5291 sese
2448 5237 2835 5307 subjecerant,
2872 5239 3034 5294 nulla
3065 5241 3339 5296 violentia
3373 5244 3432 5296 in
3466 5241 3640 5295 liber-

1999 5330 2169 5380 tatem
2203 5323 2625 5380 vindicaretzet
2660 5332 2721 5380 ut
2754 5331 2956 5396 potens
2979 5332 3048 5384 ad
3083 5330 3192 5384 hoc
3224 5330 3640 5400 perficiendum

1999 5416 2146 5472 vires
2176 5420 2232 5470 et
2260 5416 2592 5471 facultatem
2621 5419 2930 5474 obtineret.

2073 5505 2125 5560 4.
2162 5504 2261 5559 Dei
2294 5505 2538 5560 Verbum
2596 5521 2766 5561 carne
2798 5508 2974 5562 semel
3030 5513 3370 5580 generatum
3430 5507 3646 5577 Spiritu

2002 5593 2333 5648 volentibus
2389 5611 2618 5664 semper
2673 5600 3004 5665 generatur.
3067 5599 3250 5652 Mores
3291 5596 3652 5665 virtutesque

2005 5683 2175 5753 quasi
2207 5698 2418 5753 corpus
2449 5685 2576 5754 ejus
2607 5685 3311 5752 constituunt,sermones
3340 5687 3397 5740 in
3422 5686 3642 5755 Spiritu

3341 5804 3417 5861 39
