4090 6298
464 376 620 435 1227

1782 368 2089 431 NICETAS
2132 369 2549 433 CHONIA'I‘IE

3731 374 3897 437 12:8

462 508 649 565 habiti
681 507 962 577 animam,
1000 508 1255 561 mentem
1285 520 1419 561 vero
1466 505 1793 577 theologica
1853 510 2110 561 contem-
2150 510 2189 574 Α
2229 506 2601 577 phantasiam
2634 524 2735 564 seu
2768 506 3199 564 simulationem
3245 508 3589 580 disponens,
3627 512 3728 567 sed
3761 529 3894 568 car-

466 598 672 671 platlo.

533 688 587 743 5.
624 687 916 757 Ejusdem.
951 686 1057 753 Qui
1113 685 1241 741 sine
1275 690 1511 757 peccato
1556 683 1739 741 factus
1771 688 1861 740 est
1914 685 2114 752 homo,

473 777 713 833 omnino
744 777 871 830 sine
900 774 1225 829 mutatione
1262 774 1584 829 divinitatis
1626 774 1919 829 hominem
1966 774 2112 829 divi-

472 888 613 926 num
647 870 878 934 efﬁciet,
901 885 1154 939 eumque
1187 885 1288 938 per
1317 885 1380 923 se
1412 873 1642 923 tantum
1675 867 2117 938 extollet,quan-

472 967 596 1016 tum
632 976 733 1031 per
764 958 931 1013 illum
964 974 1092 1014 sese
1122 958 1417 1015 submisit.
1456 958 1514 1012 In
1547 956 1775 1013 saeculis
1818 957 1971 1012 enim
2024 958 2112 1012 fu-

471 1052 636 1119 turis,
721 1056 782 1106 ut
838 1050 919 1106 ait
1000 1049 1339 1121 Apostolus,
1416 1049 1693 1121 pateﬁent
1766 1049 2113 1104 excellentes

471 1143 683 1199 divitias
708 1142 986 1197 bonitatis
1018 1157 1147 1212 erga
1185 1157 1290 1197 nos
1317 1140 1433 1195 Dei.

541 1232 595 1285 6.
645 1230 1150 1297 Quemadmodum
1211 1226 1268 1284 in
1322 1228 1457 1285 lana
1505 1229 1771 1296 candida,
1832 1226 1880 1283 si
1925 1227 2115 1283 colore

470 1338 743 1392 purpurae
776 1321 1093 1386 imbuatur,
1131 1336 1245 1374 non
1278 1320 1393 1373 duo
1426 1324 1581 1387 sunt,
1612 1319 1707 1373 sed
1742 1335 1895 1373 unus
1926 1317 2110 1372 color:

468 1413 550 1467 sic
579 1414 635 1467 in
667 1417 861 1467 mente
898 1413 1162 1467 humana
1190 1429 1223 1466 a
1273 1415 1383 1466 Deo
1427 1414 1751 1483 assumpta,
1806 1409 2116 1481 divinaque

468 1501 718 1565 reddita,
749 1518 863 1557 non
897 1502 1013 1556 duo
1045 1508 1183 1556 sunt
1206 1500 1499 1572 principes
1532 1500 1685 1556 Deus
1707 1504 1765 1556 et
1793 1515 1981 1567 mens,
2015 1496 2114 1554 sed

473 1607 627 1646 unus
652 1590 753 1662 qui
787 1596 1043 1645 mentem
1076 1591 1330 1645 divinam
1366 1590 1621 1645 reddidit
1653 1594 1829 1645 Deus.

1082 1698 1235 1754 CAP.
1277 1698 1487 1753 XXXII.

905 1808 1141 1863 Joannis
1171 1805 1502 1861 Damasceni
1534 1806 1665 1876 (35).

538 1913 802 1979 Angelus
831 1913 1064 1968 Domini
1102 1914 1320 1968 missus
1368 1913 1440 1967 ad
1477 1916 1737 1968 sanctam
1789 1909 2107 1977 Virginem,

478 2020 607 2074 qua:
651 2019 834 2072 genus
882 2019 950 2056 ex
998 2002 1271 2057 Davidica
1319 2002 1474 2055 tribu
1532 2002 1799 2063 ducebat,
1860 2000 2114 2070 (constat

476 2091 630 2146 enim
663 2090 975 2146 Dominum
1009 2106 1078 2144 ex
1126 2090 1279 2145 Juda
1308 2094 1499 2144 ortum
1540 2088 1833 2158 traxisse),
1883 2104 1998 2159 qua
2045 2105 2110 2143 ex

472 2178 627 2232 tribu
654 2176 855 2231 nullus
886 2177 1148 2231 animum
1179 2178 1250 2232 ad
1283 2178 1669 2233 sacerdotium
1704 2175 1948 2247 appulit.

471 2361 535 2407 ut
584 2354 793 2407 beatus
823 2352 1134 2423 Apostolus
1166 2352 1263 2416 ait,
1319 2353 1390 2406 de
1429 2369 1542 2422 quo
1596 2356 1794 2422 postea
1851 2352 2114 2407 dicemus

471 2442 756 2513 apertius)
786 2442 871 2497 sic
900 2441 1306 2512 evangelizans
1349 2441 1533 2496 dixit:
1568 2446 1675 2497 Ave
1707 2442 1893 2511 gratia
1923 2440 2112 2510 plena,

473 2532 741 2586 Dominus
769 2534 966 2586 tecum.
999 2531 1136 2593 Quae
1167 2546 1296 2585 cum
1353 2531 1589 2586 turbata
1645 2534 1798 2585 esset
1855 2529 1964 2584 hoc
1991 2545 2110 2585 ser-

478 2636 672 2689 mone,
707 2619 960 2691 subjecit
991 2620 1236 2690 angelus
1265 2637 1278 2676 :
1310 2620 1390 2674 Ne
1420 2618 2117 2687 timeas,Maria,invenisti

479 2714 629 2765 enim
677 2711 918 2779 gratiam
949 2708 1093 2779 apud
1125 2709 1437 2777 Dominum,
1475 2715 1532 2763 et
1558 2711 1746 2781 paries
1796 2708 2033 2776 Filium,
2064 2712 2115 2763 et

472 2799 685 2854 vocabis
712 2815 911 2855 nomen
939 2798 1055 2868 ejus
1083 2801 1291 2855 Jesum.
1324 2801 1444 2869 Ipse
1471 2801 1618 2853 enim
1664 2799 1906 2855 servabit
1933 2813 2111 2870 popu-

475 2888 591 2942 lum
621 2904 783 2943 suum
812 2905 846 2943 a
883 2888 1117 2957 peccatis
1138 2904 1329 2943 eorum
1352 2908 1370 2943 :
1391 2889 1544 2943 unde
1564 2891 1737 2943 Jesus
1760 2891 2114 2945 servatorem

473 2977 927 3048 significatﬂus:
958 2994 1091 3032 cum
1114 2977 1392 3032 hmsitans
1408 2977 1824 3049 respondisset;
1842 2976 2117 3044 Quomodo

470 3067 564 3136 ﬁet
595 3066 739 3121 istud
762 3065 914 3137 ,φιλίας
943 3068 1124 3121 virum
1153 3083 1202 3120 η.
1227 3084 1264 3119 n
1292 3080 1548 3135 cognosco
1579 3066 1605 3120 ?
1631 3066 1840 3135 adjecit
1872 3064 2115 3135 angelus

469 3157 714 3225 Spiritus
744 3166 961 3209 sanctus
991 3158 1341 3224 superveniet
1373 3157 1430 3211 in
1459 3160 1533 3223 te,
1563 3164 1613 3210 et
1644 3154 1816 3211 virtus
1844 3153 2116 3210 Attissimi

2143 1868 2191 1934 B

2221 612 2357 652 nem
2401 599 2600 653 anima
2648 600 2892 654 rationis
2926 603 2983 654 et
3027 600 3359 655 intellectus
3416 602 3708 674 participe
3761 604 3897 658 ani-

2225 690 2437 741 matam
2471 704 2540 742 ex
2574 694 2772 744 sancta
2804 688 3040 760 Vlrgine
3063 705 3651 762 assumens,quazque
3676 691 3734 745 in
3760 693 3898 763 ipso

2222 776 2537 831 essentiam
2598 776 2861 839 haberet,
2935 777 3299 849 hypostatice
3347 781 3705 849 conjunctus
3763 786 3885 851 est,

2222 862 2383 919 nulla
2411 864 2778 933 confusione,
2813 866 2978 922 nulla
3018 870 3363 935 mutatione,
3401 869 3563 923 nulla
3598 870 3895 926 divisione

2220 952 2394 1021 facta,
2426 946 2755 1011 divinitatis
2790 972 2908 1011 suae
2966 962 3180 1011 natura
3212 959 3268 1011 in
3303 958 3498 1012 carnis
3559 960 3895 1014 essentiam

2222 1041 2464 1098 minime
2497 1049 2742 1112 mutata,
2770 1063 2958 1117 neque
2991 1050 3211 1113 contra,
3246 1046 3443 1102 carnis
3465 1064 3583 1102 suae
3616 1050 3882 1104 essentia

2220 1130 2276 1184 in
2312 1147 2434 1187 sum
2486 1133 2812 1190 divinitatis
2855 1142 3127 1191 naturam
3181 1153 3461 1192 conversa
3495 1154 3507 1191 :
3538 1153 3728 1209 neque
3768 1156 3894 1193 una

2219 1221 2540 1293 eademque
2586 1227 3154 1297 natura,composita
3182 1243 3250 1281 ex
3274 1225 3469 1281 divina
3503 1242 3611 1281 sua
3646 1234 3892 1291 natura,

2220 1314 2276 1363 et
2306 1310 2564 1367 humana
2593 1330 2768 1384 quam
2804 1318 3228 1385 assumpserat.

2816 1438 2974 1495 CAP.
3018 1440 3277 1496 XXXIII.

2218 1543 2510 1614 Ejusdem,
2547 1546 2618 1601 De
2646 1546 2799 1602 modo
2833 1542 3182 1621 ἀντιδόσεως,
3208 1620 3211 1621 ν
3241 1563 3337 1621 seu
3386 1556 3595 1604 mutuae
3620 1552 3888 1621 praprie-

2749 1625 2922 1673 tutum
2953 1618 3358 1674 retributionis.

2295 1727 2476 1779 Voces
2510 1723 2600 1779 hae
2651 1725 3002 1782 divinitatis
3029 1733 3085 1781 et
3116 1726 3521 1794 humanitatis,
3557 1730 3884 1785 essentiam

2223 1811 2343 1867 sive
2377 1817 2646 1869 naturam
2682 1815 3033 1887 signiﬁcant.
3071 1815 3187 1871 Illae
3220 1832 3377 1883 vero,
3408 1816 3567 1872 Deus
3597 1822 3658 1873 et
3686 1818 3883 1888 homo,

2226 1903 2399 1957 modo
2441 1905 2754 1961 essentiam
2788 1905 3069 1972 indicunt,
3110 1910 3172 1962 ut
3220 1923 3350 1963 cum
3384 1908 3640 1963 dicimus
3684 1925 3698 1963 :
3740 1912 3887 1965 Deus

2225 1993 2477 2048 essentia
2524 1998 2613 2050 est
2655 2012 2780 2064 qua
2812 1996 3231 2068 comprehendi
3274 2014 3386 2052 non
3422 2002 3639 2068 potest,
3703 2000 3886 2055 item:

2224 2078 2380 2135 Deus
2405 2088 2494 2136 est
2526 2098 2711 2138 unus:
2749 2084 2919 2140 modo
2940 2099 3218 2154 personas
3237 2084 3556 2151 declarant,
3573 2087 3648 2140 de
3667 2088 3889 2158 quibus

2224 2167 2307 2222 ita
2362 2168 2573 2226 dicitur
2619 2175 2683 2227 ut
2723 2171 2949 2242 species
2996 2172 3066 2228 de
3098 2174 3225 2229 suis
3258 2173 3600 2241 individuis,
3638 2186 3696 2229 ut
3730 2176 3787 2229 in
3817 2193 3887 2231 eo

2225 2256 2536 2327 Scriptura:
2595 2258 2774 2315 loco:
2830 2264 3128 2331 PrOpterea
3184 2263 3347 2317 unxit
3410 2270 3457 2317 te
3520 2264 3681 2328 Deus,
3746 2264 3888 2318 Deus

2226 2348 2352 2400 tuus
2369 2347 2457 2415 7";
2474 2364 2604 2403 ecce
2626 2350 2775 2405 enim
2807 2350 2903 2407 hic
2925 2354 3153 2406 Patrem
3174 2355 3231 2406 et
3252 2350 3461 2405 Filium
3499 2350 3888 2421 signiﬁcavit.

2225 2434 2463 2491 Etcum
2518 2435 2663 2509 legis
2697 2438 2751 2493 in
2786 2438 2899 2495 alio
2932 2441 3056 2494 loco
3104 2440 3317 2497 :Homo
3373 2438 3610 2512 quidam
3656 2449 3779 2496 erat
3828 2444 3889 2495 in

2225 2525 2449 2591 regione
2497 2525 2747 2582 Ausitide
2775 2526 2867 2595 τες
2917 2527 3098 2584 Jobus
3140 2528 3295 2584 enim
3353 2528 3518 2584 solus
3568 2529 3885 2587 indicatur.

2225 2611 2509 2675 Quoniam
2544 2616 2725 2687 igitur
2752 2615 2811 2671 in
2835 2616 3079 2672 Domino
3096 2621 3292 2672 nostro
3308 2617 3452 2672 Jesu
3475 2617 3711 2673 Christo
3745 2619 3887 2674 duas

2226 2711 2464 2758 naturas
2518 2706 2911 2777 agnoscimus,
2944 2710 3003 2761 et
3051 2722 3232 2762 unam
3283 2710 3513 2762 tantum
3567 2723 3883 2778 personam

2226 2807 2354 2861 quis
2387 2807 2454 2847 ex
2487 2798 2733 2865 utraque
2778 2800 3008 2850 constat
3041 2799 3274 2862 natura,
3335 2795 3581 2866 proinde
3615 2813 3750 2852 cum
3782 2816 3884 2853 na-

2227 2887 2392 2937 turas
2423 2884 2913 2956 contemplemur,
2950 2885 3316 2940 divinitatem
3368 2889 3427 2940 et
3458 2885 3880 2943 humanitatem

2226 2971 2751 3037 dicimus.Quando
2785 2979 2979 3031 autem
3015 2990 3083 3029 ex
3114 2978 3325 3029 natura
3354 2980 3730 3032 constantem
3764 2992 3883 3045 per-

2226 3063 2509 3127 sonam,si
2541 3079 2610 3118 ex
2640 3068 2890 3136 utraque
2918 3068 3126 3119 natura
3158 3067 3425 3118 constare
3454 3064 3884 3133 consideretur,

2230 3167 2356 3205 eam
2393 3156 2513 3207 tum
2543 3153 2865 3220 Christum,
2897 3157 3022 3208 tum
3054 3154 3234 3208 Deum
3270 3158 3325 3207 et
3348 3152 3645 3209 hominem
3683 3155 3881 3223 simul,

470 3243 819 3298 obumbrabit
851 3243 1205 3313 tibi,ideoque
1232 3243 1373 3313 quod
1392 3253 1651 3298 nascetur
1684 3260 1750 3299 cx
1780 3249 1829 3298 te
1854 3243 2116 3300 Sanctum
2150 3241 2191 3304 C
2231 3248 2356 3298 tum
2390 3243 2573 3298 Deum
2608 3242 2971 3299 incarnatum
3000 3259 3274 3299 vocamus
3310 3260 3324 3297 :
3359 3243 3452 3299 sin
3486 3260 3558 3299 ex
3581 3261 3720 3309 una,
3756 3250 3882 3300 tum

470 3331 756 3385 vocabitur
780 3329 961 3386 Filius
993 3331 1226 3386 Dei.I|la
1251 3347 1383 3388 vero
1420 3348 1434 3385 :
1468 3334 1617 3396 Ecce,
1665 3332 1875 3402 inquit,
1907 3332 2123 3388 ancilla

478 3419 723 3485 Domini,
774 3419 878 3488 ﬁat
912 3418 1054 3473 mihi
1096 3430 1393 3474 secundum
1440 3421 1665 3475 verbum
1691 3427 1851 3476 tuum
1887 3422 1950 3474 τί.

552 3508 754 3579 Itaque
785 3508 884 3564 ubi
917 3509 1175 3578 primum
1207 3514 1413 3565 sancta
1443 3509 1740 3566 consensit
1762 3509 1957 3581 Virgo,
1990 3510 2125 3582 Spi-

484 3596 633 3653 ritus
659 3601 900 3653 sanctus
928 3597 984 3651 in
1021 3612 1149 3652 eam
1181 3598 1687 3670 descendit,prout
1710 3599 1994 3655 Dominus
2024 3614 2125 3670 per

483 3688 757 3758 angelum
790 3688 1031 3753 dixerat,
1068 3691 1130 3743 ut
1158 3704 1283 3743 eam
1318 3694 1608 3760 purgaret,
1643 3688 1880 3760 vimque
1908 3688 2124 3745 divini-

483 3777 621 3831 tatis
654 3782 711 3832 et
760 3775 1152 3847 generationis
1198 3776 1372 3832 Verbi
1430 3793 1703 3847 capacem
1763 3783 2119 3850 suggereret.

483 3865 763 3937 Tuncque
796 3882 900 3935 per
926 3881 989 3923 se
1035 3866 1366 3921 subsistens
1397 3865 1665 3922 altissimi
1701 3867 1800 3923 Dei
1832 3868 2124 3939 sapientia

478 3958 535 4008 et
566 3954 773 4023 virtus,
806 3955 1083 4010 nimirum
1124 3954 1218 4010 Dei
1244 3954 1423 4011 Filius
1451 3955 1604 4011 Patri
1647 3957 2119 4013 consubstantia-

474 4040 570 4107 lis,
604 4042 759 4099 haud
794 4060 958 4099 secus
999 4048 1175 4114 atque
1205 4045 1470 4100 divinum
1520 4062 1717 4100 semen
1751 4062 1877 4101 eam
1910 4047 2121 4102 obum-

474 4125 917 4197 bravit,sibique
942 4128 1052 4197 ipsi
1083 4145 1152 4183 ex
1182 4130 1359 4183 castis
1389 4130 1518 4199 ejus
1537 4140 1593 4184 et
1626 4131 1958 4200 purissimis
1980 4148 2117 4186 san-

467 4214 746 4284 guinibus
775 4231 1006 4270 carnem
1038 4217 1236 4271 anima
1270 4217 1511 4273 rationis
1541 4224 1597 4272 et
1626 4218 1954 4275 intellectus
1988 4238 2114 4290 par-

469 4301 646 4372 ticipe
676 4302 993 4359 animatam
1018 4307 1552 4375 compegit,nostr33
1575 4324 1781 4363 massae
1812 4309 2110 4377 primitia:

466 4407 576 4446 nec
606 4390 662 4447 id
696 4407 764 4447 ex
796 4393 1148 4458 semine,sed
1168 4395 1366 4450 divino
1396 4395 1662 4464 artiﬁcio,
1688 4413 1790 4467 per
1827 4398 2110 4468 Spiritum

463 4484 729 4536 sanctum
796 4498 808 4535 :
880 4496 986 4537 nec
1054 4482 1242 4553 figura
1317 4481 1601 4554 paulatim
1677 4484 2112 4542 accessionibus

2233 3332 2414 3388 Deum
2450 3335 2728 3387 duntaxat
2754 3338 2811 3387 et
2840 3333 3047 3387 Filium
3076 3333 3332 3397 Dei,tum
3365 3332 3667 3388 hominem
3689 3334 3882 3389 solum

2232 3421 2691 3493 appellamus.Et
2725 3421 3040 3493 aliquando
3061 3421 3299 3492 quidem
3331 3438 3402 3476 ex
3431 3421 3885 3478 sublimioribus

2233 3510 2579 3578 rationibus,
2612 3510 2928 3582 aliquando
2960 3517 3150 3566 autem
3183 3526 3252 3565 ex
3291 3509 3715 3566 humilioribus
3741 3527 3883 3566 con-

2232 3599 2524 3655 uideretur
2554 3617 2566 3655 :
2604 3617 2755 3655 unus
2787 3600 2945 3655 enim
2978 3603 3087 3665 est,
3117 3599 3237 3654 sive
3254 3599 3385 3667 hoc,
3423 3599 3546 3654 sive
3574 3598 3676 3654 illo
3711 3600 3884 3656 modo

2232 3689 2624 3747 exsietatJam
2649 3706 2780 3746 cum
2816 3688 3182 3745 divinitatem
3216 3688 3632 3755 dicimus,eam
3666 3688 3886 3743 huma-

2235 3778 2433 3834 nitatis
2483 3779 2933 3850 proprietatibus
2985 3794 3099 3833 non
3155 3777 3611 3833 denominamus
3642 3794 3657 3831 :
3694 3794 3883 3850 neque

2229 3869 2385 3923 enim
2435 3869 2688 3923 dicimus
2715 3868 3077 3925 divinitatem
3116 3869 3257 3940 pati,
3303 3873 3407 3923 aut
3437 3872 3692 3923 creatam
3726 3886 3878 3925 esse.

2227 3956 2342 4011 Nec
2389 3973 2622 4013 rursum
2666 3958 2736 4012 de
2764 3974 2962 4026 carne,
2994 3962 3098 4012 aut
3126 3956 3497 4012 humanitate
3550 3956 3881 4013 divinitatis

2228 4047 2607 4118 proprietates
2644 4046 3042 4101 enuntiemus.
3076 4044 3563 4116 Quandoquidem
3607 4062 3717 4101 nec
3748 4062 3874 4102 car—

2228 4152 2359 4190 nem
2394 4152 2498 4191 nec
2530 4136 2953 4190 humanitatem
3014 4135 3335 4189 increatam
3382 4133 3777 4205 appellamus.
3814 4137 3877 4189 At

2226 4240 2505 4296 personae,
2534 4225 2658 4279 sive
2682 4241 2751 4279 ex
2781 4240 2919 4293 una,
2951 4223 3070 4279 sive
3101 4239 3170 4278 ex
3198 4231 3446 4292 utraque
3490 4228 3656 4293 parte
3686 4224 3875 4279 nomi-

2224 4314 2773 4385 nemus,utriusque
2803 4319 3022 4368 naturae
3056 4313 3446 4384 pr0prietates
3476 4312 3870 4368 attribuimus.

2224 4404 2447 4459 Etenim
2502 4403 2789 4470 Christus,
2851 4402 3351 4475 quemadmodum
3396 4410 3719 4473 utrumque
3763 4409 3867 4469 est,

2220 4493 2305 4548 sic
2333 4493 2509 4549 etiam
2541 4494 2773 4560 dicitur,
2810 4499 2934 4548 tum
2968 4492 3120 4547 Deus
3154 4497 3211 4546 et
3251 4491 3448 4559 homo,
3478 4496 3604 4545 tum
3640 4497 3869 4547 creatus

458 4569 786 4674 eﬁ'ormata,
840 4571 1086 4674 seduno
1135 4571 1451 4674 eodemque
1511 4578 1807 4672 momento
1850 4574 2104 4645 perfecta
2133 4610 2178 4674 ο
2217 4586 2274 4637 et
2305 4582 2617 4648 increatus,
2668 4587 2793 4638 tum
2828 4582 2946 4655 pati
2995 4586 3052 4637 et
3101 4597 3215 4637 non
3275 4580 3439 4651 pati:
3503 4582 3649 4650 quin
3694 4582 3867 4636 etiam

455 4657 652 4730 ipsum
688 4660 785 4715 Dei
840 4659 1089 4714 Verbum
1121 4659 1315 4714 carnis
1366 4660 1703 4731 bypostasin
1754 4665 2096 4733 assumpsit.

454 4746 659 4819 Itaque
709 4765 837 4804 cum
886 4748 1143 4820 primum
1175 4765 1307 4804 caro
1340 4747 1472 4816 fuit,
1531 4750 1631 4804 Dei
1663 4766 1893 4821 quoque
1924 4753 2094 4808 Verbi

450 4851 585 4894 caro
616 4839 727 4893 fuit
752 4855 765 4893 ς
789 4843 848 4894 et
887 4853 1016 4894 cum
1054 4839 1310 4907 primum
1340 4838 1598 4894 animata
1628 4856 1785 4905 caro,
1818 4841 2097 4897 rationis-

449 4941 562 4995 que
591 4931 649 4982 et
681 4926 1009 4983 intellectus
1044 4928 1331 4999 particeps
1363 4929 1495 4992 fuit,
1527 4929 1623 4983 Dei
1656 4946 1888 5001 quoque
1922 4931 2093 4986 Verbi

2209 4686 2338 4726 cum
2374 4686 2442 4726 ex
2474 4688 2589 4727 una
2628 4677 2856 4727 tantum
2884 4675 3070 4742 parte,
3102 4668 3191 4725 vel
3237 4670 3386 4724 Deus
3417 4673 3521 4725 aut
3554 4669 3740 4725 Filius
3769 4668 3867 4725 Dei

2208 4758 2909 4829 nominatur,conjuncta3
2942 4756 3052 4811 sibi
3077 4760 3299 4811 natura
3326 4771 3428 4810 seu
3479 4757 3677 4812 carnis
3739 4772 3867 4811 sus-

2205 4846 2347 4918 cipit
2377 4848 2783 4918 proprietates.
2812 4848 3091 4916 ldemque
3125 4846 3275 4900 Deus
3309 4860 3545 4913 passus,
3579 4852 3639 4899 et
3670 4845 3866 4900 Domi-

2204 4951 2317 4990 nus
2345 4937 2542 5007 glorias
2593 4937 2803 4991 affixus
2839 4934 3023 5001 cruci,
3058 4950 3175 4990 non
3227 4937 3522 5004 quatenus
3551 4939 3730 5000 Deus,
3761 4932 3861 4989 sed

448 5014 707 5069 animata
737 5031 895 5083 caro,
927 5016 1287 5089 rationisque
1316 5022 1374 5073 et
1420 5016 1755 5074 intellectus
1805 5019 2093 5092 particeps
2200 5030 2491 5097 quatenus
2552 5026 2723 5082 homo
2755 5026 2969 5081 dicitur
2998 5042 3012 5079 :
3045 5024 3137 5078 vel
3170 5024 3365 5088 homo,
3414 5031 3517 5078 aut
3538 5022 3726 5079 Filius
3758 5022 3861 5077 ho-

446 5100 574 5155 i‘uit.
607 5102 886 5167 Quocirca
918 5123 1030 5161 non
1063 5106 1362 5163 hominem
1408 5106 1765 5173 deiﬁcatum,
1814 5110 1918 5165 sed
1949 5110 2090 5167 Ver-
2199 5114 2376 5169 minis
2433 5119 2693 5181 vocatur,
2746 5114 3022 5171 essentia)
3094 5111 3299 5168 divina
3361 5113 3748 5182 praprietates
3804 5116 3864 5167 et

448 5186 585 5244 bum
618 5189 981 5248 incarnatum
1015 5194 1287 5251 dicimus.
1320 5195 1465 5251 Nam
1498 5212 1628 5251 cum
1664 5198 1954 5269 perfectus
1984 5218 2086 5257 na-

441 5278 576 5333 tura
644 5279 794 5336 Deus
883 5291 1055 5349 esset,
1124 5283 1276 5340 idem
1342 5284 1518 5341 homo
1597 5304 1829 5358 quoque
1896 5292 2081 5359 perfe-

442 5369 574 5418 ctus
636 5372 726 5418 est
779 5386 791 5418 :
856 5385 1044 5418 neque
1100 5380 1366 5418 natur-nm
1428 5379 1665 5418 mtrinnn
1741 5394 1925 5418 non...
1982 5396 2081 5418 mn

442 5372 574 5419 ctus
636 5372 726 5423 est
779 5386 791 5423 :

505 5506 550 5540 ⁷²
577 5508 710 5566 Luc.
736 5526 775 5581 ι,
806 5514 876 5568 28
899 5529 1063 5584 seqq.
1141 5513 1210 5548 ⁷²⁶
1238 5514 1364 5570 Psal
1418 5534 1565 5586 XLIV,
1597 5521 1650 5575 8.
1729 5519 1776 5556 ⁷³
1805 5522 1935 5579 Job.
1972 5540 2011 5589 ι,
2042 5524 2093 5580 l.

501 5628 618 5705 (35)
646 5639 806 5694 Tom.
843 5639 1039 5707 XCIV,
1067 5638 1193 5693 983.

2195 5203 2507 5273 dignitates
2529 5204 3176 5272 admittit,vocatnrque
3199 5198 3485 5271 puerulus
3514 5205 3655 5257 ante
3686 5215 3859 5256 sescu-

2193 5290 2337 5361 la,et
2367 5293 2543 5348 homo
2573 5293 2707 5349 sine
2740 5291 3028 5364 principio
3060 5308 3074 5345 :
3112 5307 3227 5346 non
3264 5293 3562 5359 quatenus
3592 5295 3685 5345 est
3716 5303 3861 5359 pue-

856 5385 1044 5439 neque
1100 5380 1369 5430 naturam
1428 5379 1689 5445 mutans,
1741 5394 1926 5449 neque
1982 5396 2085 5450 per
2192 5382 2365 5437 rulus
2420 5387 2523 5438 aut
2574 5383 2771 5450 homo,
2829 5382 2932 5437 sed
3018 5384 3310 5450 quatenus
3346 5377 3504 5434 Deus
3561 5378 3853 5435 exsistens
