4090 6298
200 422 230 480 1
241 420 358 480 929

1525 411 1916 472 THESAURI
1962 411 2105 471 LIB.
2147 411 2259 472 III.

3463 414 3622 474 1230

195 556 335 608 ante
369 549 604 614 sacula,
637 548 695 603 in
719 545 1056 602 novissimis
1085 549 1255 599 natus
1277 547 1365 600 est
1386 542 1637 599 saculis.
1665 546 1849 614 Atque
1880 545 1933 610 Α
1964 543 2241 600 omnibus
2274 544 2656 601 humanitatis
2689 545 2954 616 personis
2985 545 3311 600 secundum
3339 561 3620 615 personas

196 643 315 695 hac
340 639 577 710 quidem
610 641 697 691 est
728 636 871 689 ratio
906 640 1116 689 mutua
1147 632 1496 703 alternaque
1528 631 1858 688 attributio-

196 734 290 788 nis
325 732 632 800 utriusque
666 735 886 782 natura
919 741 1043 797 qua
1069 741 1208 779 suas
1241 728 1491 794 utraque
1524 721 1853 793 proprieta-

198 829 287 878 tes
321 820 487 877 alteri
519 818 784 873 vicissim
821 817 1057 887 prabet,
1112 819 1417 885 propterea
1464 811 1618 881 quod
1678 825 1853 864 unam

201 916 259 967 et
302 911 569 965 eamdem
622 920 930 978 personam
980 902 1366 964 constituunt,
1418 916 1596 970 seque
1654 903 1856 952 mutuo

200 997 731 1069 comprehendunt.
768 998 840 1047 Ex
872 1009 985 1063 quo
1022 993 1102 1055 fit,
1151 996 1213 1045 ut
1262 990 1331 1044 de
1388 988 1617 1043 Christo
1664 986 1855 1057 possi-

202 1105 333 1144 mus
355 1087 546 1142 dicere
577 1101 590 1138 :
624 1083 726 1138 Hic
757 1082 908 1136 Deus
954 1085 1168 1145 noster,
1226 1080 1281 1132 in
1336 1084 1486 1132 terra
1535 1077 1696 1131 visus
1744 1080 1856 1141 est,

204 1182 261 1233 et
319 1192 454 1231 cum
512 1172 850 1228 hominibus
906 1175 1192 1226 versatus.
1254 1170 1449 1223 Item:
1519 1167 1623 1219 Hic
1684 1163 1856 1218 homo

204 1281 312 1320 nec
351 1266 583 1317 creatus
643 1265 754 1327 est,
817 1274 921 1313 nec
977 1256 1217 1328 patitur,
1280 1271 1383 1310 nec
1443 1252 1560 1308 ullo
1610 1250 1857 1307 termino

203 1350 732 1409 circumscribitur.

803 1465 957 1521 CAP.
1001 1463 1256 1519 XXXIV.

199 1578 484 1644 Eiusdem.
516 1576 703 1630 Totam
734 1573 990 1628 divinam
1031 1581 1287 1625 naturam
1345 1572 1403 1624 in
1461 1583 1575 1644 una
1627 1581 1858 1622 suarum

273 1663 639 1719 personarum
668 1644 770 1700 toti
802 1648 1062 1698 humana?
1084 1652 1308 1719 natura
1351 1640 1695 1719 conjuncta”:
1724 1653 1853 1719 esse,

275 1710 387 1775 non
432 1724 612 1774 autem
666 1718 878 1787 partem
942 1713 1131 1784 parti:
1195 1713 1343 1787 [quae
1398 1711 1619 1787 quidem
1674 1710 1856 1764 oratio

278 1792 589 1847 necessaria
622 1783 700 1843 est
735 1787 905 1842 etiam
934 1783 1191 1841 adversus
1216 1783 1370 1849 illos,
1397 1784 1493 1852 qui
1512 1784 1572 1835 in
1591 1791 1777 1835 sancta
1803 1790 1856 1834 et

277 1863 516 1936 ejusdem
581 1861 823 1936 essentia}
897 1859 1159 1936 ’lrinilate
1235 1860 1342 1910 tres
1417 1858 1668 1909 asserunt
1743 1866 1857 1906 esse

276 1929 584 2006 singulares
621 1929 919 1999 essentias.]

281 2053 415 2115 Qua
448 2065 757 2105 commune
806 2053 862 2100 et
912 2044 1270 2111 universum,
1322 2059 1385 2097 ac
1434 2037 1608 2096 veluti
1661 2042 1847 2093 totum

204 2142 484 2215 quiddam
521 2139 910 2203 constituunt,
942 2153 1010 2191 ea
1041 2136 1110 2189 de
1140 2133 1421 2202 subjectis
1444 2132 1552 2187 sibi
1579 2129 1847 2202 partibus

205 2235 499 2286 dicuntur.
534 2230 728 2297 Itaque
759 2243 891 2282 cum
925 2224 1177 2279 essentia
1201 2238 1511 2278 commune
1535 2226 1590 2275 et
1623 2218 1846 2274 univer-

204 2336 338 2375 sum
397 2316 677 2390 quiddam
736 2316 828 2380 sit,
887 2330 953 2369 ac
1002 2311 1181 2367 totius
1242 2310 1524 2364 rationem
1592 2306 1850 2361 obtineat

206 2424 447 2480 persona
474 2412 669 2462 autem
703 2421 860 2475 pars,
895 2402 1076 2474 (pars,
1109 2400 1376 2471 inquam,
1410 2415 1525 2452 non
1558 2395 1712 2467 quod
1746 2413 1844 2449 na-

201 2506 347 2553 tura
410 2505 630 2566 partem
687 2493 920 2558 habeat,
984 2493 1207 2560 partem
1269 2505 1383 2543 non
1453 2485 1686 2554 habeat,
1746 2483 1847 2539 sed

204 2602 447 2642 numero
483 2601 636 2655 pars,
666 2588 729 2638 ut
758 2580 1171 2645 individuum;
1212 2592 1456 2631 numero
1504 2573 1685 2641 enim,
1732 2588 1848 2627 non

209 2681 412 2730 natura
445 2673 725 2729 dili‘erunt
755 2668 1037 2743 persona)
1071 2666 1326 2723 essentia
1356 2664 1572 2720 dicitur
1601 2663 1672 2718 de
1720 2678 1847 2733 per-

207 2781 370 2821 sona.
402 2760 685 2828 Quoniam
718 2761 776 2814 in
810 2772 1157 2829 unaquaque
1190 2754 1452 2827 ejusdem
1480 2751 1688 2824 speciei
1722 2768 1851 2823 per—

209 2870 482 2911 sonarum
514 2855 604 2907 est
633 2849 888 2905 essentia
918 2847 1192 2918 perfecta.

279 2940 663 3005 Quamobrem
733 2953 990 3008 persona
1047 2932 1297 2990 essentia
1378 2950 1491 2987 non
1572 2930 1854 2985 differunt

209 3033 360 3086 inter
386 3047 466 3097 se,
500 3030 601 3083 sed
637 3025 1054 3082 accidentibus.
1091 3023 1423 3079 Accidentia
1462 3037 1599 3075 voco
1648 3019 1850 3075 chara-

212 3126 394 3177 cteres
429 3137 492 3173 ac
525 3121 691 3172 notas
718 3113 873 3170 illlas
906 3114 1196 3186 proprias,
1229 3129 1356 3183 qua
1382 3125 1711 3181 personam,
1738 3124 1852 3162 non

205 3213 399 3265 autem
433 3205 746 3262 essentiam
808 3204 1138 3275 designant.
1185 3200 1279 3256 Sic
1332 3200 1489 3253 enim
1546 3212 1855 3268 personam

203 3296 513 3361 deﬁniunt,
549 3298 608 3349 ut
640 3293 716 3348 sit
749 3292 1003 3347 essentia
1027 3307 1159 3345 cum
1185 3286 1585 3344 accidentibus
1609 3286 1849 3355 conjun-

203 3390 314 3441 cta.
354 3386 541 3450 Quare
573 3397 822 3453 persona
853 3379 1027 3435 habet
1071 3378 1154 3443 id,
1202 3376 1354 3449 quod
1405 3378 1493 3430 est
1545 3389 1855 3429 commune

201 3489 337 3533 cum
372 3471 605 3543 prOpria
637 3476 773 3526 nota
824 3464 1185 3540 copulatum.
1239 3462 1507 3520 Essentia
1556 3480 1687 3518 vero
1738 3479 1853 3516 non

203 3582 308 3637 per
349 3578 411 3617 se
471 3559 761 3629 subsistit,
819 3559 920 3615 sed
980 3558 1036 3612 in
1099 3555 1364 3629 personis
1424 3553 1850 3610 consideratur.

208 3657 411 3723 Itaque
443 3667 576 3706 cum
612 3667 729 3706 una
759 3648 975 3722 patitur
996 3662 1401 3720 personarum,
1426 3643 1617 3698 omnis
1648 3659 1850 3697 essene

214 3742 315 3809 tia,
350 3757 449 3813 per
480 3756 653 3811 quam
689 3744 776 3792 est
808 3753 1074 3808 persona,
1106 3737 1163 3789 in
1197 3751 1315 3789 una
1364 3750 1604 3788 suarum
1658 3748 1848 3802 perso-

212 3846 419 3887 narum
448 3828 660 3883 dicitur
691 3844 878 3897 passa.
910 3824 1025 3880 Nec
1056 3827 1248 3877 tamen
1285 3822 1551 3892 sequitur
1583 3835 1849 3874 necessa-

204 3921 309 3989 rio,
345 3924 406 3973 ut
436 3934 638 3973 omnes
668 3916 933 3986 ejusdem
968 3912 1176 3983 speciei
1212 3927 1470 3982 persona
1505 3907 1680 3965 simul
1705 3922 1837 3963 cum

200 4008 303 4063 illa
334 4024 458 4079 qua
492 4022 661 4075 passa
691 4009 799 4071 est,
852 4005 986 4074 ipsa
1036 4016 1267 4071 quoque
1318 4014 1498 4070 passa
1558 3996 1845 4051 dicantur.

192 4097 286 4152 Sic
313 4112 448 4167 ergo
482 4094 825 4150 conﬁtemur
867 4096 1048 4146 totam
1103 4087 1425 4143 divinitatis
1470 4090 1735 4140 naturam
1791 4084 1852 4138 in

204 4186 455 4256 singulis
513 4182 782 4254 personis
826 4180 950 4235 suis
1002 4195 1130 4234 esse
1175 4179 1512 4248 perfectam,
1565 4180 1741 4229 totam
1792 4174 1850 4227 in

196 4275 387 4340 Patre,
419 4278 600 4328 totam
654 4271 713 4325 in
770 4269 941 4339 Filio,
1000 4272 1177 4322 totum
1238 4266 1294 4321 in
1350 4264 1567 4335 Spiritu
1628 4267 1847 4318 sancto.

203 4364 483 4429 Quocirca
512 4370 561 4417 et
600 4360 885 4432 perfectus
921 4362 1069 4412 Deus
1100 4361 1189 4411 est
1228 4355 1411 4421 Pater,
1462 4363 1515 4408 et
1566 4353 1853 4424 perfectus

209 4460 365 4510 Deus
396 4458 483 4506 est
539 4450 741 4514 Filius,
804 4456 857 4503 et
905 4447 1194 4518 perfectus
1253 4443 1407 4499 Deus
1465 4447 1553 4498 est
1608 4441 1853 4513 Spiritus

205 4545 470 4599 sanctus.
502 4541 557 4594 Si
595 4542 733 4593 item
767 4538 826 4592 in
857 4535 1221 4591 humanitate
1263 4535 1568 4604 assumpta
1616 4530 1687 4585 ab
1737 4546 1853 4584 uno

1968 650 2095 688 esse
2127 634 2495 703 conjunctae.
2531 634 2703 689 Nulla
2731 635 2883 689 enim
2921 635 3050 701 alia,
3089 634 3200 688 nisi
3248 636 3620 705 approbatio-

1972 722 2062 775 nis
2093 726 2150 775 et
2179 723 2503 779 voluntatis
2534 725 2757 779 ratione
2788 727 2955 778 Pater
2979 728 3036 778 et
3066 722 3320 794 Spiritus
3353 729 3618 790 sanctus,

1969 816 2285 882 assumpta
2308 830 2340 865 a
2361 818 2475 867 Deo
2498 811 2685 868 Verbo
2707 812 3061 866 humanitati
3085 812 3617 868 communicarunt.

1970 897 2173 953 Totam
2234 917 2365 955 vero
2425 901 2744 955 divinitatis
2809 901 3123 956 essentiam
3184 902 3285 955 toti
3348 899 3625 957 humana

1971 992 2193 1042 natura
2224 990 2597 1059 coujunctam
2630 990 2971 1044 asserimus.
3007 989 3151 1053 Quia
3191 990 3335 1043 nihil
3393 1005 3618 1058 eorum,

1971 1092 2100 1145 qua
2133 1084 2354 1133 natura
2400 1085 2606 1133 nostra
2658 1079 2811 1133 Deus
2860 1078 3115 1133 Verbum
3166 1077 3431 1144 inseruit,
3486 1093 3620 1132 cum

1969 1165 2137 1220 initio
2172 1184 2275 1222 nos
2312 1177 2654 1237 procrearet,
2687 1168 2931 1233 dimisit,
2965 1167 3069 1222 sed
3101 1170 3294 1223 omnia
3345 1169 3618 1237 suscepit,

1971 1270 2179 1325 nempe
2211 1270 2446 1327 corpus,
2480 1257 2733 1311 animam
2778 1266 2965 1311 mente
3013 1256 3352 1327 rationeque
3406 1257 3619 1326 pradi-

1969 1347 2114 1413 tam,
2174 1353 2227 1398 et
2274 1360 2475 1400 eorum
2526 1345 2907 1417 proprietates
2965 1342 3411 1411 (animal'enim
3462 1345 3616 1415 quod

1970 1431 2179 1485 harum
2213 1431 2408 1503 aliqua
2442 1438 2601 1504 parte
2634 1438 2811 1501 caret,
2848 1450 2962 1487 non
2996 1438 3085 1487 est
3136 1432 3354 1503 homo).
3408 1433 3618 1488 Totum

1967 1521 2123 1574 enim
2157 1525 2311 1576 totus
2343 1522 2688 1592 assumpsit,
2723 1527 2778 1576 et
2810 1526 2969 1575 totus
2997 1521 3097 1576 toti
3132 1522 3483 1590 eonjunctus
3508 1526 3616 1588 est,

1968 1614 2027 1663 ut
2058 1610 2161 1663 toti
2197 1609 2446 1665 salutem
2490 1608 2822 1681 largiretur.
2880 1611 3042 1674 Quod
3096 1610 3251 1665 enim
3298 1626 3411 1665 non
3463 1616 3620 1665 esset

1967 1704 2355 1767 assumptum,
2410 1700 2554 1754 foret
2602 1698 2945 1754 incurabile.
2999 1698 3386 1769 Conjunctum
3436 1697 3619 1769 igitur

1965 1794 2054 1841 est
2084 1788 2241 1842 carni
2275 1788 2526 1843 Verbum
2559 1789 2682 1857 Dei,
2716 1796 2771 1843 et
2804 1789 2956 1843 Deus
3015 1804 3117 1859 per
3164 1796 3418 1843 mentem
3462 1788 3617 1844 inter

1969 1878 2064 1929 Dei
2100 1877 2412 1946 puritatem
2443 1882 2499 1932 et
2532 1878 2725 1933 carnis
2757 1877 3206 1932 crassitudinem
3248 1875 3616 1932 interceden-

1969 1970 2102 2019 tem.
2142 1964 2283 2021 Nam
2320 1966 2531 2021 anima
2562 1967 2801 2038 quidem
2836 1965 3147 2037 carnisque
3193 1966 3461 2037 princeps
3529 1971 3619 2022 est

1957 2071 2146 2119 mens,
2181 2060 2375 2126 utpote
2434 2056 2755 2128 purissima
2800 2056 2982 2126 ipsius
3038 2057 3249 2111 anima
3280 2073 3436 2127 pars,
3467 2057 3619 2112 Deus

1955 2150 2151 2197 autem
2187 2144 2373 2215 ipsius
2408 2145 2643 2212 mentis,
2674 2161 2805 2215 qua
2835 2159 2967 2199 cum
3000 2145 3154 2199 cedit
3197 2145 3614 2216 praetentiori,

1957 2233 2355 2303 principatum
2391 2233 2647 2288 ostendit
2678 2250 2877 2289 suum.
2912 2234 3006 2288 Sic
3039 2239 3235 2289 autem
3278 2250 3414 2288 cum
3469 2251 3617 2305 pra-

1955 2321 2220 2377 stantiori
2244 2322 2638 2393 conjungitur,
2662 2327 2835 2393 atque
2862 2321 2946 2376 illi
2966 2321 3328 2393 obsequitur,
3354 2326 3420 2377 ut
3441 2322 3617 2377 faciat

1957 2426 2341 2481 quacumque
2372 2411 2641 2465 voluntas
2672 2412 2865 2466 divina
2912 2409 3256 2481 praescribit.
3310 2410 3471 2466 Mens
3521 2417 3620 2467 est

1955 2498 2278 2554 divinitatis
2337 2500 2447 2554 sibi
2506 2516 2608 2571 per
2678 2516 2985 2570 personam
3044 2500 3369 2570 conjuncta
3426 2498 3612 2567 locus,

1959 2589 2461 2659 quemadmodum
2495 2594 2551 2643 et
2580 2604 2734 2653 caro,
2769 2606 2883 2642 non
2916 2594 3110 2644 autem
3154 2588 3333 2643 simul
3374 2587 3610 2643 inhabi-

1961 2679 2062 2740 tat,
2091 2680 2154 2730 ut
2184 2675 2475 2746 opinionis
2507 2692 2701 2730 errore
2732 2675 3106 2747 decipiuntur
3135 2674 3412 2742 haeretici,
3462 2676 3563 2746 qui
3599 2692 3612 2729 :

1961 2764 2284 2833 Quomodo,
2318 2765 2615 2835 inquiunt,
2648 2768 2800 2836 quod
2837 2781 3019 2820 unum
3058 2768 3291 2820 tantum
3346 2763 3608 2820 modium

1960 2854 2135 2924 capit,
2170 2856 2312 2909 duos
2349 2855 2550 2909 modos
2581 2854 3032 2925 continebit(36)
3057 2852 3078 2906 Ρ
3102 2854 3303 2908 Errant
3328 2852 3607 2925 imperiti,

1960 2942 2097 3014 quia
2129 2944 2350 2999 ratione
2380 2958 2654 3014 corporea
2684 2943 3009 3013 dijudieant
3041 2959 3129 3010 ea,
3159 2958 3285 3013 qua
3337 2960 3370 2998 a
3417 2946 3605 2997 mate-

1961 3034 2049 3087 ria
2105 3035 2244 3086 sunt
2302 3031 2714 3087 remotissima.
2775 3031 3074 3095 Quomodo
3123 3032 3279 3087 enim
3340 3031 3610 3086 Christus

1963 3121 2188 3175 dicetur
2220 3120 2508 3190 perfectus
2540 3125 2713 3189 Deus,
2747 3124 2804 3175 et
2835 3121 3121 3192 perfectus
3145 3119 3341 3187 homo,
3372 3126 3426 3174 et
3455 3119 3613 3190 ejus-

1963 3207 2095 3264 dem
2128 3225 2261 3264 cum
2295 3208 2462 3264 Patre
2493 3213 2550 3263 et
2582 3209 2883 3264 nobiscum
2933 3210 3221 3279 essentia,
3281 3209 3332 3264 si
3383 3214 3607 3280 partem

1963 3296 2168 3353 divina
2204 3304 2425 3353 natura
2447 3314 2581 3353 cum
2616 3302 2780 3369 parte
2802 3302 3022 3354 natura
3047 3298 3320 3353 humana
3344 3297 3401 3353 in
3422 3296 3610 3369 seipse

1964 3389 2332 3461 coniungat?
2388 3389 2561 3445 Porro
2611 3389 2865 3446 dicimus
2919 3395 3190 3446 naturam
3261 3394 3525 3444 nostram
3576 3404 3609 3441 a

1965 3479 2207 3534 mortuis
2240 3480 2577 3545 surrexisse,
2612 3484 2669 3533 et
2699 3478 2755 3533 in
2791 3478 2998 3535 calum
3032 3477 3387 3539 ascendisse,
3422 3482 3479 3532 et
3518 3492 3610 3532 se-

1964 3568 2121 3622 disse
2152 3569 2222 3622 ad
2256 3568 2514 3622 dextram
2552 3567 2753 3635 Patris,
2789 3584 2902 3622 non
2936 3568 3088 3639 quod
3112 3581 3316 3621 omnes
3338 3564 3605 3619 omnium

1963 3657 2268 3713 hominum
2332 3673 2590 3727 persona
2638 3657 3015 3720 surrexerint,
3071 3660 3129 3709 et
3193 3655 3261 3708 ad
3333 3655 3607 3709 dextram

1964 3746 2151 3799 Patris
2182 3745 2576 3810 consederint,
2609 3745 2708 3799 sed
2743 3761 2857 3814 quo
2907 3743 3098 3798 omnis
3147 3749 3354 3797 natura
3402 3746 3604 3797 nostra

1964 3834 2084 3887 hac
2117 3833 2174 3886 in
2207 3831 2418 3887 Christi
2453 3848 2699 3901 persona
2729 3833 2807 3886 sit
2837 3834 3152 3886 consecuta
3180 3846 3193 3883 :
3235 3830 3362 3896 Nos,
3413 3830 3598 3899 inquit

1963 3922 2177 3977 beatus
2207 3919 2545 3991 Apostolus,
2578 3935 2904 3990 consurgere
2931 3929 2981 3974 el
3024 3917 3307 3973 considere
3359 3918 3491 3988 fecit
3548 3920 3613 3975 in

1964 4002 2181 4063 Christo
2197 4005 2261 4061 ⁷⁵.
2288 4011 2567 4062 Praterea
2591 4006 2845 4061 dicimus
2868 4006 3337 4076 conjunctionem
3367 4006 3517 4061 hanc
3539 4021 3610 4062 ex

1962 4096 2376 4151 communibus
2427 4095 2695 4150 essentiis
2759 4096 3102 4151 conlectam.
3190 4100 3335 4151 Nam
3416 4095 3610 4151 omnis

1963 4185 2240 4249 essentia,
2274 4188 2338 4238 ut
2376 4199 2687 4239 commune
2718 4187 2892 4253 atque
2924 4183 3259 4239 universum
3305 4183 3607 4255 quiddam,

1962 4290 2168 4329 omnes
2200 4271 2313 4327 sibi
2343 4271 2636 4341 subjectae
2686 4288 2968 4342 personas
3015 4273 3444 4344 complectitur.
3498 4274 3612 4328 Nec

1963 4363 2097 4417 licet
2145 4367 2415 4417 naturam
2473 4360 2595 4415 sive
2646 4360 2958 4416 essentiam
3017 4361 3193 4417 ullam
3249 4361 3611 4433 singularem

1968 4453 2370 4525 privatamque
2394 4450 2683 4522 reperire;
2721 4450 2803 4505 sic
2834 4450 2993 4505 enim
3018 4455 3171 4506 esset
3191 4450 3614 4515 necessarium,

1966 4553 2244 4608 personas
2281 4538 2438 4608 ipsas
2470 4536 2736 4591 essentia
2759 4540 2815 4591 et
2836 4536 3098 4604 ejusdem
3125 4550 3253 4589 esse
3278 4541 3333 4589 et
3355 4536 3617 4597 diversa,

203 4635 424 4687 sancta
448 4627 748 4684 Trinitatis
784 4632 894 4682 Deo
954 4624 1134 4681 Verbo
1184 4628 1365 4677 totum
1426 4625 1483 4675 et
1538 4620 1850 4691 perfectam
1880 4633 1930 4698 Β
1959 4632 2015 4681 et
2046 4632 2310 4681 sanctam
2344 4625 2693 4681 Trinitatem
2738 4624 3005 4696 ejusdem
3055 4639 3207 4691 esse,
3262 4622 3620 4691 diversaque

207 4718 533 4775 divinitatis
568 4723 856 4783 naturam,
906 4713 964 4768 in
1014 4730 1122 4766 una
1171 4726 1409 4766 suarum
1471 4723 1850 4781 personarum

204 4809 317 4867 toti
371 4808 643 4862 humana
703 4811 946 4870 natura,
1004 4819 1117 4857 non
1164 4805 1358 4855 autem
1412 4803 1634 4869 partem
1713 4797 1857 4868 parti

209 4897 399 4954 fuisse
420 4896 794 4967 eonjunctam
832 4892 1106 4947 dicimus.
1144 4889 1291 4945 Nam
1327 4892 1389 4942 ut
1421 4889 1626 4942 beatus
1672 4886 1865 4957 inquit

206 4986 546 5059 Apostolus,
579 4988 639 5041 in
670 4984 791 5056 ipso
825 4982 1101 5038 inhabitat
1124 4981 1301 5034 omnis
1332 4976 1620 5049 plenitudo
1654 4974 1863 5031 divini-

207 5077 342 5132 tatis
370 5075 741 5147 corporaliter
770 5072 837 5141 7‘,
874 5071 930 5127 id
966 5074 1073 5140 est,
1109 5068 1170 5124 in
1199 5084 1365 5123 carne
1395 5067 1533 5137 ejus.
1586 5064 1651 5120 Et
1705 5063 1861 5119 Pauli

210 5164 541 5237 discipulus
573 5164 630 5218 in
666 5162 842 5219 rebus
893 5159 1109 5216 divinis
1155 5155 1519 5228 explicandis
1580 5153 1862 5208 excellen-

210 5254 481 5309 tissimus
508 5250 850 5321 Dionysius:
871 5254 939 5304 Se
955 5251 1157 5314 totam,
1176 5243 1388 5316 inquit,
1405 5242 1465 5297 in
1488 5259 1604 5297 una
1625 5259 1864 5297 suarum

212 5357 599 5414 personarum
654 5336 1128 5394 communicavit.
1180 5334 1295 5389 Nec
1345 5338 1540 5388 tamen
1592 5348 1869 5403 cogemur

216 5431 408 5487 dicere
444 5445 670 5498 omnes,
706 5444 809 5483 seu
839 5430 961 5481 tres
986 5427 1201 5481 sancta
1231 5418 1554 5477 divinitatis
1588 5436 1869 5491 personas

289 5585 336 5618 τι
363 5582 488 5638 Col.
524 5598 585 5646 ιι,
618 5580 670 5635 9.
752 5577 800 5613 ⁷⁸
827 5576 946 5633 Col.
975 5592 1039 5631 ιιι
1071 5577 1120 5631 1.

1966 4716 2256 4778 essentia,
2288 4722 2573 4785 quantum
2605 4714 2861 4785 pertinet
2893 4713 2961 4768 ad
2988 4710 3372 4766 divinitatem.
3400 4708 3614 4764 Eadem

1973 4803 2152 4875 igitur
2210 4807 2418 4857 natura
2466 4801 2714 4867 singulis
2769 4800 3032 4873 personis
3076 4798 3500 4854 consideratur.
3555 4798 3625 4852 Et

1974 4892 2210 4963 quando
2242 4890 2512 4956 dicimus,
2531 4888 2702 4945 Verbi
2728 4900 2993 4944 naturam
3020 4903 3248 4943 carnem
3276 4886 3625 4956 assumpsis-

1974 4997 2036 5035 se
2075 4977 2468 5045 divinitatem,
2500 4995 2568 5033 ex
2600 4978 2897 5033 beatorum
2953 4975 3257 5032 Athanasii
3308 4974 3624 5049 Cyrillique

1978 5068 2284 5135 sententia,
2301 5066 2460 5123 carni
2486 5084 2613 5122 esse
2634 5069 3008 5137 conjunctam
3029 5066 3410 5121 aftirmamus.
3432 5068 3638 5133 Quam-

1977 5159 2175 5213 obrem
2210 5174 2324 5212 non
2359 5173 2672 5227 possumus
2717 5155 2929 5222 dicere,
2962 5155 3132 5212 Verbi
3182 5159 3453 5210 naturam
3506 5170 3635 5210 esse

1978 5262 2227 5317 passam,
2263 5261 2450 5316 neque
2484 5246 2640 5300 enim
2688 5243 2965 5299 divinitas
3014 5244 3070 5297 in
3121 5241 3249 5314 ipso
3298 5260 3467 5314 passa
3517 5247 3628 5299 est.

1979 5336 2251 5390 Dicentes
2283 5338 2474 5388 autem
2507 5341 2776 5388 naturam
2808 5331 3125 5388 humanam
3158 5331 3346 5388 fuisse
3397 5346 3633 5403 passam

1979 5424 2038 5478 in
2074 5421 2324 5486 Christo,
2354 5437 2470 5476 non
2498 5436 2702 5477 omnes
2734 5420 3043 5477 hominum
3078 5435 3355 5493 personas
3407 5416 3632 5487 signiﬁ-

287 5709 401 5780 (3-3)
435 5707 553 5763 Hoc
584 5705 890 5761 Philonius
921 5702 1171 5766 dicebat,
1206 5704 1269 5756 ut
1300 5696 1655 5756 Scutariotes
1686 5700 1781 5760 hic
1813 5704 2070 5760 adnotat.
