4090 6298
531 386 682 446 1231

1835 385 2147 447 ΝΙΟΕΤιΕ
2189 385 2622 446 ΟΗΟΝΙΑΤιΕ

3745 394 3865 456 1239.

529 535 756 585 camus,
818 518 922 573 sed
988 518 1043 572 in
1101 522 1314 572 natura
1369 518 1630 574 humana
1685 519 1983 575 Christum
2052 533 2182 574 esse
2219 521 2522 590 Aquanto
2552 521 2742 594 magis
2800 521 2856 577 id
2915 521 3059 576 solis
3115 528 3314 577 auctor
3371 526 3427 578 et
3473 521 3730 580 Dominus
3775 525 3870 598 ipse

531 624 775 678 passum
817 608 1185 664 confitemur.
1245 608 1434 670 Quare
1481 623 1615 664 cum
1676 607 1844 664 Verbi
1906 611 2176 662 naturam

533 697 804 762 dicimus,
841 697 1034 766 ipsum
1061 695 1314 750 Verbum
1358 696 1709 753 indicamus.
1765 697 2018 753 Verbum
2070 713 2180 750 au-

531 789 650 840 tem
682 789 740 839 et
766 784 1030 840 essentize
1061 785 1538 840 communitatem
1591 785 1834 849 obtinet,
1881 793 1933 840 et
1979 799 2182 856 perso-

534 890 620 928 me
651 871 1084 944 proprietatem.

1154 1016 1304 1071 CAP.
1339 1015 1558 1070 XXXV.

535 1157 809 1230 Ejusdem.
871 1158 944 1212 De
1001 1173 1114 1211 uua
1175 1157 1282 1281 De;
1336 1155 1496 1278 νενξί
1559 1157 1857 1227 composita
1921 1171 2176 1227 persona.

1283 1243 1372 1281 an.
1465 1268 1478 1281 .

1283 1243 1372 1298 ap.
1433 1243 1478 1282 ι.

607 1353 890 1407 Eumdem
933 1351 1113 1422 igitur
1169 1350 1345 1406 etiam
1398 1354 1530 1422 post
1578 1350 1898 1406 humanam
1950 1368 2184 1407 carnem

539 1447 903 1512 assumptam
938 1457 1119 1495 unum
1151 1439 1363 1494 Filium
1396 1439 1496 1496 Dei
1529 1444 1584 1494 et
1637 1439 1844 1494 Filium
1905 1439 2185 1511 hominis,

538 1549 722 1588 unum
755 1531 1072 1600 Christum,
1116 1547 1299 1585 unum
1340 1530 1674 1598 Dominum,
1711 1529 2079 1601 unigenitum
2105 1531 2191 1588 υἱ-

537 1621 706 1685 lium,
737 1629 792 1675 et
825 1619 1076 1674 Verbum
1120 1619 1217 1674 Dei
1276 1620 1479 1674 Jesum
1540 1619 1853 1674 Dominum
1916 1625 2183 1675 nostrum

543 1708 914 1764 confitemur.
947 1707 1102 1762 Duos
1141 1706 1328 1778 ipsius
1377 1717 1539 1762 ortus
1588 1713 1950 1772 venerantes,
2006 1723 2185 1762 unum

537 1797 775 1869 quidem
805 1813 870 1852 ex
905 1796 1072 1852 Patre
1103 1803 1238 1852 ante
1271 1797 1508 1861 saecula,
1543 1798 1700 1851 omni
1735 1814 1915 1852 causa
1943 1803 2002 1852 et
2022 1799 2187 1852 ratio-

2292 610 2592 681 praestabit
2620 611 2648 666 Ἰ

2891 719 3043 775 CAP.
3081 718 3330 774 XXXVI.

2289 817 2566 883 Eiusdem.
2605 821 2679 872 De
2724 823 2928 872 natura
2977 817 3038 872 in
3093 817 3269 887 specie
3320 822 3372 872 et.
3418 817 3686 872 individuo
3723 820 3868 872 tonsi-

2361 889 2576 961 derata,
2614 905 2826 945 necnon
2862 891 2928 945 de
2971 890 3371 961 conjunctionis
3417 893 3470 944 et
3516 891 3863 945 incarnationis

2364 960 2704 1031 differentia.

2363 1069 2585 1126 Natura
2613 1070 2699 1124 vel
2733 1068 3082 1140 cogitatione
3121 1068 3247 1124 sola
3305 1069 3461 1124 nuda
3505 1067 3865 1135 consideratur,

2295 1176 2397 1231 per
2422 1176 2484 1215 se
2513 1162 2665 1216 enim
2709 1177 2825 1216 non
2861 1161 3134 1216 subsistit
3159 1177 3172 1214 :
3195 1160 3282 1216 vel
3317 1159 3688 1216 communiter
3711 1159 3759 1212 in
3783 1175 3870 1213 orn-

2295 1253 2471 1308 Libus
2505 1253 2773 1323 ejusdem
2807 1253 3020 1324 speciei
3053 1253 3344 1324 personis,
3375 1269 3474 1307 eas
3518 1251 3638 1322 ipsa
3681 1253 3870 1320 conjun-

2293 1357 2441 1414 gens
2471 1342 2540 1396 Et
2553 1341 2765 1398 dicitur
2779 1343 2836 1398 in
2857 1342 3049 1414 specie
3067 1350 3163 1397 aut
3178 1359 3300 1398 com
3314 1343 3564 1397 muniter
3578 1341 3872 1396 considerata

2296 1437 2505 1488 natura
2535 1433 2762 1500 eadem,
2792 1449 2922 1504 qua:
2955 1434 3276 1504 assumptis
3308 1432 3688 1488 accidentibus
3715 1431 3759 1484 in
3788 1445 3870 1483 una

2296 1538 2564 1594 persona.
2601 1521 2668 1576 Et
2692 1521 2912 1576 dicitur
2976 1522 3034 1578 in
3098 1521 3334 1576 inviduo
3393 1521 3728 1576 considerata
3779 1535 3871 1588 per-

2296 1626 2441 1665 sona
2499 1612 2700 1665 eadem
2751 1626 2900 1677 esse,
2959 1627 3087 1681 qua:
3145 1611 3202 1664 in
3287 1611 3479 1681 specie
3544 1608 3872 1664 consideratur

2297 1702 2448 1752 Deus
2508 1697 2689 1768 igitur
2743 1697 3000 1752 Verbum
3072 1714 3308 1752 carnem
3370 1713 3682 1764 assumens,
3735 1709 3869 1763 neque

2299 1787 2456 1842 nuda
2496 1793 2554 1843 et
2609 1787 2734 1844 sola
2792 1787 3141 1859 cogitatione
3200 1787 3610 1859 comprehensa
3662 1788 3866 1838 naturam

536 1903 608 1941 ne
642 1890 766 1941 tum
803 1885 1088 1958 temporis
1124 1890 1249 1940 tum
1274 1890 1498 1940 naturae
1524 1886 1882 1956 superiorem
1911 1903 1924 1940 :
1950 1888 2190 1942 alterum
2227 1895 2271 1960 Β
2305 1878 2528 1950 accepit
2561 1881 2772 1949 (neque
2803 1878 2958 1933 enim
2982 1879 3038 1933 id
3059 1885 3214 1934 esset
3237 1895 3472 1934 carnem
3505 1890 3783 1936 assumere.
3801 1873 3867 1928 89d

540 1981 731 2034 autem
766 1975 1106 2032 novissimis
1141 1975 1504 2046 temporibus
1554 1983 1790 2047 prepter
1833 1968 1970 2042 nos,
2021 1981 2075 2030 et
2124 1993 2192 2031 ex

547 2067 739 2136 nobis,
772 2070 829 2120 et
876 2081 1052 2134 supra
1099 2079 1249 2118 nos:
1307 2069 1544 2134 propter
1591 2081 1716 2128 nos,
1771 2064 1909 2134 quia
1959 2069 2194 2136 propter

543 2154 796 2210 salutem
830 2158 1088 2208 nostram
1117 2168 1129 2207 :
1164 2167 1230 2207 ex
1265 2153 1455 2220 nobis,
1483 2153 1620 2222 quia
1649 2169 1716 2206 ex
1749 2153 1994 2208 muliere
2025 2163 2192 2208 natus

535 2248 626 2298 est
659 2243 832 2297 homo
862 2241 1121 2312 legitimo
1147 2246 1350 2312 partus
1372 2246 1629 2312 tempore
1655 2260 1668 2297 :
1693 2259 1874 2313 supra
1902 2259 2030 2311 nos,
2056 2243 2195 2314 quia

539 2332 668 2388 sine
698 2329 924 2386 semine
955 2346 1022 2385 ex
1054 2329 1274 2401 Spiritu
1308 2333 1533 2396 sancto,
1577 2334 1634 2385 et
1687 2336 1888 2386 sancta
1936 2330 2190 2401 Virgine,

537 2436 719 2490 supra
755 2419 1020 2491 pariendi
1073 2417 1280 2490 legem.
1345 2417 1460 2475 Nec
1511 2417 1694 2474 Deum
1758 2419 1948 2475 solum
1999 2421 2191 2490 ipsum

539 2507 929 2580 prmdicamus
960 2524 992 2562 a
1024 2513 1223 2562 nostra
1269 2507 1596 2577 scjunctum
1651 2507 2036 2575 humanitate,
2089 2525 2193 2566 nec

542 2595 733 2652 solum
768 2595 1063 2651 hominem
1100 2601 1390 2650 remotum
1416 2613 1450 2651 a
1480 2595 1805 2665 divinitate,
1858 2614 1962 2653 nec
2011 2597 2188 2654 alium

540 2691 715 2759 atque
747 2684 956 2754 alium,
988 2685 1087 2741 sed
1125 2702 1308 2740 unum
1342 2690 1398 2740 et
1439 2687 1730 2754 eumdem,
1787 2687 1958 2742 simul
2009 2688 2190 2744 Deum

543 2781 719 2847 atque
757 2773 1093 2830 hominem:
1146 2778 1321 2829 Deum
1380 2775 1722 2847 perfectum,
1767 2782 1824 2831 et
1872 2777 2190 2847 perfectum

540 2863 867 2928 nominem,
899 2866 1085 2917 totum
1116 2861 1299 2917 Deum
1334 2869 1390 2917 et
1429 2866 1610 2918 totum
1660 2863 1980 2930 hominem,
2027 2880 2191 2920 eum-

542 2953 674 3008 dem
712 2956 894 3008 totum
932 2953 1108 3008 Deum
1143 2951 1315 3006 etiam
1353 2968 1485 3007 cum
1528 2969 1699 3008 carne
1750 2969 1852 3009 sua
1899 2960 1956 3009 et
2005 2958 2191 3009 totum

539 3041 841 3096 hominem
873 3041 1049 3096 etiam
1082 3057 1216 3096 cum
1249 3057 1486 3096 summa
1515 3041 1770 3097 divinate
1797 3060 1808 3096 :
1844 3047 1907 3097 ut
1937 3043 2194 3099 dicentes

538 3130 860 3202 perfectum
885 3129 1065 3184 Deum
1099 3135 1152 3184 et
1174 3130 1489 3200 perfectum
1516 3129 1834 3198 hominem,
1865 3131 2191 3187 absolutam

539 3223 595 3273 et
634 3216 794 3272 nulla
833 3233 892 3270 re
949 3217 1314 3272 deﬁcientem
1373 3223 1714 3272 naturarum
1766 3218 2185 3290 plenitudinem
2228 3257 2272 3325 ο

551 3305 921 3325 -.ιωλμηη
984 3305 1234 3325 ,ιη-ι--
1707 3306 1777 3325 n-
1836 3323 1880 3325 μ
1929 3313 2015 3325 κ..
2067 3315 2077 3325 .

543 3305 946 3370 ostendamus,
977 3305 1238 3360 dicentes
1269 3310 1462 3360 autem
1495 3310 1680 3361 totum
1707 3306 1891 3362 Deum
1915 3313 1972 3363 et
2001 3315 2184 3364 totum

543 3394 865 3459 hominem,
899 3393 1130 3448 unicam
1163 3399 1220 3448 et
1249 3393 1605 3462 singularem
1641 3410 1947 3466 personam
1995 3397 2186 3453 decla-

543 3499 764 3539 remus.
799 3481 982 3538 Unam
1041 3480 1180 3537 item
1247 3483 1337 3537 Dei
1396 3481 1569 3538 Verbi
1631 3489 1896 3540 naturam
1950 3502 2182 3542 carnem

536 3571 928 3643 assumpsisse
957 3571 1326 3636 confitemur,
1361 3570 1417 3626 id
1452 3575 1561 3640 est,
1605 3573 1796 3628 carnis
1843 3575 2182 3645 essentiam,

533 3667 600 3717 ut
630 3663 835 3718 beatus
867 3660 1121 3734 Cyrillus
1169 3659 1461 3732 intelligit.
1514 3663 1758 3716 Carnem
1815 3662 1996 3733 igitur
2041 3663 2180 3720 Ver-

527 3750 669 3807 bum
703 3751 1044 3822 assumpsit,
1081 3765 1185 3804 nec
1215 3754 1411 3804 tamen
1446 3767 1478 3804 a
1522 3755 1732 3805 natura
1784 3769 1893 3808 sua
1944 3753 2186 3809 recessit

532 3842 788 3897 materiae
820 3854 1074 3912 experte,
1108 3843 1163 3894 et
1193 3856 1329 3893 cum
1364 3843 1545 3894 totam
1583 3857 1815 3895 carnem
1851 3859 2184 3914 assumpse-

532 3929 628 3999 rit,
659 3935 848 3985 totum
899 3937 1089 3983 tamen
1141 3927 1300 3984 nullo
1355 3929 1600 3984 termino
1652 3930 2176 3990 circumscribitur.

533 4021 783 4090 Corpore
815 4018 1125 4084 minuitur,
1159 4021 1335 4088 atque
1368 4017 1751 4088 contrahitur,
1785 4027 1841 4074 at
1885 4020 2181 4078 divinitate

536 4122 650 4160 non
684 4103 1209 4168 circumscribitur,
1243 4119 1369 4159 cum
1404 4105 1529 4173 ejus
1569 4121 1701 4160 caro
1753 4123 1930 4178 super
1977 4109 2179 4164 divini-

529 4197 672 4260 tate,
705 4210 831 4263 quas
873 4191 1274 4248 circumscribi
1301 4209 1412 4246 non
1439 4198 1651 4264 potest,
1675 4211 1790 4249 non
1815 4197 2176 4252 extendatur.

527 4281 706 4336 Totus
739 4297 876 4352 ergo
911 4279 1198 4352 perfectus
1231 4289 1314 4335 est
1350 4280 1526 4349 Deus,
1571 4297 1686 4336 non
1738 4287 1923 4338 totum
1980 4291 2174 4342 autem

526 4368 702 4438 Deus,
735 4383 924 4440 neque
955 4369 1110 4423 enim
1139 4365 1329 4423 solum
1372 4366 1548 4436 Deus,
1603 4370 1700 4424 sed
1753 4371 1926 4426 etiam
1979 4371 2174 4430 homo.

520 4460 596 4512 Et
624 4461 786 4512 totus
818 4455 1130 4528 perfectus,
1166 4473 1279 4511 non
1324 4461 1513 4512 autem
1566 4461 1751 4512 totum
1819 4457 2014 4528 homo,
2067 4479 2174 4518 ne-

523 4561 635 4617 que
662 4546 818 4602 enim
853 4543 1040 4601 solum
1078 4545 1276 4610 homo,
1309 4546 1407 4600 sed
1439 4545 1613 4600 etiam
1648 4545 1824 4615 Deus,
1868 4553 1930 4602 ut
1987 4554 2174 4606 totum

2302 1969 2588 2038 decipere,
2616 1973 2672 2022 et
2693 1967 2886 2022 carnis
2919 1968 3385 2038 assumptionem
3438 1963 3757 2036 contingere)
3800 1977 3869 2014 ne-

2303 2074 2413 2128 que
2446 2063 2718 2112 naturam
2754 2057 2935 2124 illam,
2978 2074 3104 2128 quas
3156 2057 3214 2112 in
3262 2057 3454 2128 specie
3502 2055 3867 2112 consideratur:

2301 2148 2483 2216 deque
2517 2146 2670 2202 enim
2705 2163 2982 2218 personas
3011 2163 3216 2203 omnes
3247 2147 3494 2218 accepit,
3526 2146 3616 2200 sed
3665 2147 3866 2198 naturam

2301 2235 2361 2290 in
2389 2237 2712 2306 individuo,
2745 2253 2873 2307 quas
2905 2237 3108 2292 eadem
3138 2241 3227 2292 est
3260 2252 3394 2292 cum
3424 2236 3541 2304 illa,
3568 2251 3680 2306 quae
3722 2234 3790 2287 est
3826 2227 3865 2280 in

2303 2325 2494 2396 specie
2525 2327 2837 2396 (primitias
2867 2327 3021 2381 enim
3056 2327 3283 2398 accepit
3313 2334 3520 2382 nostra:
3550 2322 3747 2392 massa)
3784 2333 3863 2373 non

2304 2431 2406 2486 per
2436 2431 2497 2470 se
2531 2415 2975 2485 subsistentem,
3007 2421 3064 2472 et
3096 2433 3225 2487 qure
3257 2417 3423 2488 prius
3461 2413 3795 2475 individuum,
3820 2410 3862 2459 ut

2302 2503 2384 2558 sic
2416 2504 2486 2558 ab
2521 2503 2642 2573 ipso
2688 2509 3108 2570 assumeretur,
3159 2507 3262 2559 sed
3318 2522 3446 2576 qua:
3495 2503 3550 2558 in
3597 2518 3691 2557 sua
3729 2497 3860 2567 ipsius

2301 2592 2607 2648 exsisteret
2637 2609 2901 2664 persona.
2933 2592 3079 2648 Nam
3114 2592 3243 2664 ipsa
3271 2593 3378 2648 Dei
3403 2591 3560 2649 Verbi
3589 2583 3860 2660 hypostasis,

2303 2680 2421 2735 sive
2444 2697 2712 2751 persona,
2736 2680 2927 2736 carni‘~
2952 2681 3287 2752 hypostasis
3309 2682 3428 2737 sive
3449 2695 3674 2753 persona
3686 2672 3861 2732 exstitit.

2303 2773 2496 2842 Atque
2527 2769 2609 2825 ita
2638 2769 2890 2826 Verbum
2923 2787 3056 2826 caro
3081 2770 3305 2826 factum
3335 2776 3444 2843 est,
3469 2771 3586 2825 sine
3606 2763 3862 2823 incitatione

2302 2862 2522 2926 tamen,
2564 2864 2622 2915 et
2669 2875 2803 2916 caro
2849 2859 3124 2924 Verbum,
3177 2860 3312 2915 sine
3364 2858 3787 2916 commutatione.
3820 2850 3863 2902 Et

2303 2954 2456 3004 Deus
2489 2948 2686 3016 homo,
2713 2954 2769 3004 et
2801 2948 2976 3004 homo
3018 2947 3194 3015 Deus,
3245 2951 3324 3005 ob
3383 2950 3528 3004 hanc
3577 2939 3859 3018 porsonalem

2303 3037 2802 3108 conjunctionem.
2837 3039 3202 3110 QuaprOpter
3231 3038 3390 3094 idem
3422 3043 3506 3094 est
3535 3039 3717 3102 dicere,
3745 3033 3862 3085 natu-

2301 3145 2424 3184 ram
2461 3128 2654 3194 Verbi,
2685 3133 2742 3183 et
2774 3134 3038 3184 naturam
3073 3129 3132 3184 in
3177 3129 3502 3186 individuo.
3545 3127 3718 3197 Neque
3753 3119 3861 3176 enim

2301 3217 2359 3272 id
2393 3215 2784 3288 individuum,
2815 3234 2913 3274 seu
2948 3234 3254 3290 personam
3292 3219 3516 3292 proprie
3545 3221 3596 3272 et
3623 3207 3861 3281 singulari-

2302 3313 2386 3362 ter
2423 3305 2700 3376 declarat,
2762 3323 2946 3376 neque
2992 3323 3381 3378 personarum
3434 3301 3855 3362 communitatem,

2292 3398 2392 3452 sed
2421 3413 2794 3452 communem
2826 3400 3120 3466 naturam,
3152 3413 3287 3467 quae
3320 3398 3377 3453 in
3410 3414 3520 3452 una
3553 3398 3852 3467 personarum

2292 3485 2695 3541 consideratur
2724 3493 2779 3541 et
2805 3486 3166 3557 expenditur.
3209 3486 3384 3542 Aliud
3433 3485 3601 3558 igitur
3643 3484 3715 3534 est
3754 3487 3854 3528 con-

2283 3573 2532 3644 junctio,
2567 3573 2724 3630 aliud
2757 3575 2950 3629 carnis
2995 3577 3345 3645 assumptio.
3390 3568 3697 3645 Conjunctio
3738 3559 3854 3618 enim

2289 3663 2474 3719 solam
2534 3663 2754 3718 indicat
2809 3661 3264 3733 copulationem,
3347 3680 3476 3720 cum
3534 3677 3631 3730 quo
3709 3655 3856 3707 autem

2288 3753 2393 3808 ﬁat
2422 3752 2548 3823 ipsa
2575 3752 2868 3824 cepulatio
2907 3771 3019 3808 non
3080 3753 3383 3821 declarat;
3445 3751 3512 3807 ad
3563 3744 3747 3808 carnis,
3789 3747 3860 3791 se“

2284 3843 2464 3915 (quod
2524 3843 2677 3898 idem
2745 3843 2854 3914 est)
2931 3842 3320 3898 humanitatis
3402 3835 3693 3908 assumptio
3760 3839 3858 3882 curn

2286 3949 2478 3997 carne,
2567 3932 2688 3987 sive
2781 3947 2906 3988 cum
2981 3932 3220 3988 homine
3295 3927 3732 4003 conjunctionem
3788 3915 3856 3968 de'

2286 4023 2598 4087 monstrat,
2684 4021 3184 4092 quemadmodum
3275 4025 3330 4077 et
3416 4015 3608 4090 ignitio
3682 4011 3754 4079 (ut
3801 4003 3856 4055 ita

2285 4111 2495 4178 dicam)
2556 4109 2690 4165 ferri
2738 4125 2872 4165 cum
2960 4110 3093 4182 igne
3174 4109 3630 4180 conjunctionem
3709 4099 3854 4153 osten-

2284 4200 2389 4255 dit.

2869 4288 3024 4343 CAP.
3053 4287 3335 4344 XXXVII.

2284 4395 2563 4466 Ejusdem.
2597 4396 2668 4450 De
2697 4395 3078 4460 naturalibus,
3119 4401 3171 4451 et
3217 4395 3368 4450 nulli
3411 4387 3625 4449 crimini
3663 4377 3848 4466 obito-fitt

2355 4466 2762 4538 aﬂectionibus.
2827 4451 3077 4534 Verbum,
3153 4466 3370 4538 dempto
3439 4468 3664 4538 peccato,
3727 4451 3848 4538 tota?

2354 4519 2656 4608 hominem,
2686 4544 2737 4594 et
2767 4544 2964 4594 cuncta
2993 4519 3119 4610 quae
3145 4519 3291 4592 sunt'
3313 4519 3567 4600 hominis,
3597 4519 3846 4592 assumpth-

527 4635 762 4704 quidem
797 4641 1069 4690 naturam
1119 4633 1456 4697 constituat,
1512 4637 1672 4689 totus
1722 4641 1913 4691 autem
1976 4655 2170 4709 perso-
2205 4627 2252 4692 D
2355 4641 2564 4697 Adhaac
2621 4640 2994 4712 confitemur,
3049 4659 3182 4698 cum
3244 4659 3446 4698 omnes
3518 4628 3770 4693 naturales
3811 4621 3846 4671 εί

523 4740 682 4792 nam,
709 4726 1204 4796 itemquenaturae
1229 4722 1306 4777 sit
1328 4721 1508 4788 aliud,
1526 4721 1677 4778 alius
1701 4729 1893 4780 autem
1919 4743 2177 4798 persona:

520 4815 588 4868 In
619 4815 896 4871 omnibus
923 4819 1066 4878 erat,
1098 4816 1155 4868 et
1195 4828 1370 4883 super
1399 4811 1616 4879 omnia,
1673 4812 1844 4868 etiam
1904 4815 1960 4870 in
2013 4822 2178 4872 utero

521 4902 727 4958 divina
761 4902 1116 4960 Genitricis:
1153 4900 1210 4956 in
1261 4900 1368 4956 hoc
1424 4903 1618 4956 tamen
1677 4917 1745 4956 ea
1802 4903 2173 4974 potissimum

517 4991 765 5056 actione,
799 5007 918 5062 qua
948 5007 1182 5046 carnem
1226 4989 1526 5044 induebat.

588 5075 738 5130 Illud
780 5079 1087 5135 sciendum
1147 5088 1252 5146 est,
1308 5078 1578 5150 quamvis
1629 5079 1893 5136 dicamus
1947 5083 2172 5138 Domini

516 5167 758 5218 naturas
818 5167 968 5222 inter
1018 5184 1081 5223 se
1139 5177 1334 5222 mutuo
1382 5183 1730 5236 commeare,
1784 5169 1842 5223 id
1892 5175 2089 5228 tamen
2140 5190 2172 5229 a

518 5255 728 5306 natura
759 5252 955 5310 divina
994 5257 1300 5326 proficisci.
1355 5259 1486 5327 Ipsa
1539 5257 1718 5326 enim,
1771 5263 1834 5313 ut
1877 5259 2018 5330 vult,
2071 5279 2172 5333 per

520 5340 719 5397 omnia
748 5347 1060 5411 commeat,
1103 5345 1331 5411 transit,
1384 5361 1450 5402 ac
1500 5351 1782 5416 penetrat,
1833 5363 1932 5418 per
1981 5349 2166 5419 ipsam

519 5439 655 5480 vero
689 5429 856 5484 nihil.
892 5435 1077 5502 Atque
1099 5431 1222 5500 ipsa
1252 5434 1487 5504 quidem
1514 5434 1828 5507 dignitates
1851 5453 1990 5493 suas
2007 5441 2167 5496 carni

512 5512 600 5566 sic
631 5514 932 5590 elargitur,
969 5524 1029 5574 ut
1061 5519 1208 5574 nihil
1245 5521 1521 5591 patiatur,
1554 5527 1614 5578 et
1661 5523 1854 5580 carnis
1909 5526 2164 5584 affectio-

507 5615 647 5656 num
680 5620 883 5678 expers
923 5615 1178 5664 maneat.
1232 5613 1375 5664 Nam
1435 5612 1486 5664 si
1541 5611 1710 5668 nobis
1768 5613 1854 5668 sol
1907 5616 2166 5676 actiones

508 5685 766 5759 impertit
845 5712 1006 5766 suas,
1098 5699 1156 5750 et
1240 5714 1273 5752 a
1369 5699 1584 5755 nostris
1673 5700 1822 5756 nihil
1930 5704 2162 5779 accipit,

2289 4730 2460 4802 culpa
2515 4737 2776 4786 carentes
2837 4732 3170 4786 affectiones
3251 4729 3501 4786 hominis
3574 4713 3845 4809 suscepisse-

2285 4818 2495 4874 Totum
2554 4819 2709 4874 enin:
2767 4819 3082 4888 hominem,
3143 4825 3201 4875 et
3257 4835 3384 4890 quas
3461 4822 3586 4873 sunt
3653 4808 3845 4895 hominis

2287 4909 2613 4980 assumpsit
2669 4909 2868 4964 omnia
2945 4912 3150 4980 praeter
3231 4911 3544 4980 peccatum.
3591 4903 3693 4954 Hoc
3735 4895 3844 4980 enim

2286 5013 2472 5068 neque
2500 4979 2773 5054 naturale
2804 5002 2912 5067 est,
2942 4979 3130 5069 neque
3161 5015 3195 5053 a
3223 4979 3389 5054 nobis
3423 4993 3649 5050 insitum
3677 5000 3705 5037 a
3726 4979 3845 5069 Cret?

2283 5062 2426 5152 tore,
2461 5085 2558 5141 sed
2595 5083 2810 5140 diaboli
2861 5062 2991 5141 satu
3032 5062 3096 5139 in
3150 5084 3330 5142 libero
3378 5087 3567 5137 nostro
3617 5062 3842 5152 ριόροείφ

2285 5174 2456 5229 nobis
2487 5174 2835 5244 volentibus,
2899 5191 3015 5230 non
3076 5179 3264 5230 autem
3329 5171 3520 5226 invitis
3575 5150 3844 5244 coaluit.Et

2283 5269 2664 5334 ρτοραεθιυω
2693 5234 3207 5334 δεῖν’άοωὶηἱοψιθ
3239 5261 3502 5336 potitum.
3529 5260 3586 5310 At
3619 5234 3844 5336 naturales—1

2279 5360 2334 5408 et
2355 5353 2494 5407 vitio
2516 5353 2802 5424 culpaque
2826 5359 3096 5410 vacantes
3123 5334 3452 5408 affectiones
3475 5347 3602 5400 sunt
3623 5337 3732 5396 illa,
3757 5334 3843 5424 αυξθ

2280 5443 2338 5496 in
2369 5446 2656 5512 potestate
2690 5446 2890 5498 nostra
2916 5459 3028 5498 non
3062 5448 3224 5512 sunt,
3257 5457 3375 5511 quae
3409 5435 3662 5492 nimirum
3690 5436 3744 5512 CX
3772 5411 3844 5466 εἶδ’

2278 5530 2450 5586 missi
2480 5532 2699 5601 peccati
2737 5531 3135 5599 damnatione,
3165 5539 3224 5586 et
3259 5545 3405 5586 noxa
3434 5528 3487 5581 in
3513 5521 3669 5576 vitam

2277 5635 2403 5674 nam
2433 5619 2773 5675 irruerunt:
2811 5624 2876 5675 ut
2908 5621 3114 5688 fames,
3173 5621 3318 5686 sitis,
3373 5608 3653 5671 lassitudo,

2272 5707 2570 5781 lacrymae,
2651 5709 2946 5778 interitus,
3013 5710 3222 5766 mortis
3299 5698 3626 5776 deprecatio,
