4090 6298
264 360 420 420 1233

1582 355 1981 421 THESAURI
2025 358 2174 418 LIB.
2221 363 2334 422 III.

3521 372 3675 435 1234

263 508 466 561 angor,
517 508 581 546 ex
631 507 747 563 quo
784 492 1053 557 sudores,
1105 492 1414 564 sanguinis
1474 496 1676 565 guttae,
1736 505 1907 563 ange-
1939 491 1996 556 A
2025 490 2329 559 tribueret,
2360 499 2412 548 et
2453 502 2603 551 esset
2634 497 3030 569 omnipotens,
3064 506 3122 557 et
3153 503 3353 558 omnia
3382 512 3671 562 cerneret.

257 580 454 635 lorum
492 586 729 651 propter
778 587 998 636 naturae
1032 581 1490 637 imbecillitatem
1550 580 1908 647 subsidium,

262 674 315 724 ct
349 669 693 725 consolatio.
729 670 858 726 Hzec
888 676 946 726 et
967 670 1083 726 alia
1113 671 1169 725 id
1220 687 1424 742 genus,
1457 687 1584 742 qua;
1632 671 1908 725 omnibus

262 759 469 813 insunt
520 759 858 814 hominibus
892 759 1260 826 naturaliter,
1303 760 1498 814 omnia
1531 759 1812 831 suscepit,
1846 763 1909 813 ut

258 849 459 903 omnia
484 864 724 919 prorsus
756 852 957 904 sancta
991 849 1279 904 redderet.

329 937 639 993 Naturales
671 943 866 994 autem
889 955 1091 994 omnes
1124 939 1458 994 affectiones
1491 946 1546 993 et
1576 954 1644 993 ex
1676 943 1903 1001 natura,

253 1036 310 1085 et
358 1047 539 1101 supra
600 1034 869 1084 naturam
917 1039 1078 1083 erant
1146 1030 1206 1083 in
1256 1029 1507 1084 Christo.
1568 1030 1645 1084 Ex
1695 1035 1904 1085 natura

253 1120 413 1174 enim
449 1120 506 1173 in
538 1136 604 1174 eo
660 1120 1066 1186 movebantur,
1100 1136 1234 1174 cum
1298 1121 1671 1189 permittebat
1716 1119 1898 1186 carni,

255 1213 319 1262 ut
350 1224 477 1279 qua:
531 1207 764 1279 propria
788 1208 950 1263 illius
976 1214 1138 1273 sunt,
1172 1215 1485 1278 pateretur,
1521 1214 1691 1276 atque
1719 1208 1897 1262 senti-

254 1302 360 1351 ret.
414 1297 600 1368 Supra
650 1306 917 1351 naturam
970 1313 1123 1364 vero,
1152 1299 1433 1369 quoniam
1490 1298 1788 1352 naturales
1840 1298 1897 1351 in

253 1385 494 1441 Domino
541 1390 732 1441 motus
782 1392 839 1440 et
886 1385 1220 1441 atl‘ectiones
1280 1386 1407 1457 ejus
1438 1386 1719 1442 voluntati
1782 1403 1895 1440 non

253 1475 621 1546 imperabant
657 1491 668 1529 :
706 1475 851 1529 nihil
883 1475 1038 1530 enim
1088 1475 1147 1530 in
1180 1492 1245 1530 eo
1278 1480 1567 1540 coactum,
1622 1475 1894 1539 invitum,

253 1571 310 1620 et
343 1566 738 1621 necessarium
762 1566 1290 1631 consideratur,st
1314 1565 1512 1620 omnia
1533 1565 1894 1631 voluntaria;

248 1656 449 1710 volens
476 1655 631 1710 enim
690 1656 896 1721 esurit,
930 1656 1125 1711 volens
1160 1655 1365 1723 sitivit,
1417 1657 1613 1710 volens
1671 1655 1889 1723 timuit,

249 1745 447 1799 volens
484 1748 748 1800 mortuus
767 1750 875 1799 est.

827 1870 979 1925 CAP.
1014 1869 1309 1926 XXXVIII.

252 1976 383 2031 ιιειη
422 1976 539 2030 alia
569 1975 634 2031 de
682 1976 871 2031 divina
902 1976 1305 2032 incarnatione.
1367 1977 1614 2033 Aliorum
1669 1979 1895 2033 Patrum

321 2047 811 2120 demonstrationes
840 2048 1213 2120 syttogislicw,
1274 2065 1345 2103 ea:
1391 2049 1773 2106 communibus
1803 2066 1893 2105 no-

316 2119 580 2175 tionibus.

326 2228 371 2281 1.
405 2227 459 2280 Si
481 2228 633 2298 ignis
664 2228 722 2282 in
746 2245 851 2283 suo
883 2228 1006 2283 loco
1033 2246 1275 2284 manens
1308 2245 1437 2283 cum
1473 2230 1621 2284 ferro
1654 2230 1891 2300 conjun-

254 2318 435 2388 gitur,
469 2317 652 2371 multo
683 2317 862 2385 magis
896 2316 989 2371 ille
1019 2319 1116 2388 qui
1150 2318 1650 2389 estomnipotens,
1688 2318 1892 2371 immo-

248 2407 383 2463 bilis
418 2426 660 2463 manens
709 2413 1027 2480 assumpta
1083 2410 1239 2464 carni
1274 2410 1624 2481 conjunctus
1684 2416 1791 2477 est,
1828 2415 1890 2463 ut

241 2498 345 2569 qui
371 2502 526 2554 totus
543 2503 669 2554 erat
696 2500 750 2553 in
774 2499 1195 2567 Patre,totusin
1220 2499 1320 2554 illa
1349 2507 1505 2555 esset
1538 2502 1885 2570 assumptio-

250 2603 340 2643 ne.
375 2589 507 2653 Quae
536 2588 773 2659 quidem
807 2588 955 2643 ratio
987 2588 1033 2642 si
1097 2592 1315 2642 natura:
1346 2589 1463 2642 vim
1508 2592 1767 2659 superat,
1804 2586 1882 2641 nil

247 2677 457 2731 mirum
491 2681 599 2742 est,
632 2677 867 2748 quando
901 2677 1103 2742 Filius,
1127 2688 1179 2732 et
1210 2676 1465 2732 Verbum
1500 2677 1624 2748 ipsa
1654 2681 1743 2731 est
1782 2693 1884 2731 na-

240 2771 372 2821 tura
407 2766 803 2837 praestantius.

314 2855 369 2909 2.
403 2854 457 2909 Si
505 2872 668 2910 mens
709 2854 914 2910 anima:
968 2872 1181 2927 corpus
1240 2856 1511 2911 incolenti
1572 2858 1885 2927 conjuncta

240 2943 499 3017 quolibet
547 2945 936 3017 progreditur,
973 2946 1158 3017 ipsam
1192 2944 1447 3000 animum
1474 2962 1591 3000 non
1621 2946 1880 3001 derelin-

238 3050 452 3107 quens,
485 3040 541 3089 et
594 3034 1052 3107 impenetrabilis
1083 3036 1172 3107 (ut
1195 3036 1278 3107 ita
1308 3035 1524 3107 dicam)
1558 3053 1658 3105 per
1692 3037 1881 3091 omnia

241 3129 553 3190 commeat,
609 3129 665 3178 ct
700 3125 980 3193 penetrat,
1045 3140 1545 3196 supervacaneum
1594 3130 1680 3180 est
1711 3126 1878 3181 dubi-

1918 1856 1966 1921 B

2019 578 2243 635 Dicitur
2273 586 2466 637 autem
2526 600 2690 640 serva
2721 590 2777 640 et
2835 587 3059 657 ignara,
3112 595 3171 645 et
3201 590 3330 646 aliis
3374 593 3667 663 ejusmodi

2022 669 2360 726 nominibus
2389 672 2739 743 appellatur,
2774 675 2822 730 si
2857 676 2987 745 quis
3009 679 3095 747 (ut
3125 678 3317 751 inquit
3347 680 3661 754 Gregorius

2019 757 2366 831 Theologus)
2399 761 2525 817 sola
2556 764 2714 819 nuda
2739 764 3092 836 cogitatione
3123 773 3351 838 separet
3380 769 3460 839 id,
3507 774 3658 841 quod

2019 848 2264 915 videtur,
2294 850 2365 903 ab
2388 867 2454 905 eo
2487 854 2640 922 quod
2672 853 3117 925 intelligitur.ln
3143 856 3250 911 hac
3274 864 3470 915 autem
3501 862 3661 918 Chri-

2014 941 2142 991 stus
2173 938 2457 995 obnoxius
2492 941 2599 996 fuit
2633 943 3000 999 naturalibus
3023 948 3077 998 et
3106 945 3279 1017 culpa
3310 951 3660 1006 vacantibus

2013 1025 2421 1084 affectionibus
2474 1038 2529 1084 ul
2568 1047 2671 1085 nec
2704 1048 2736 1085 a
2773 1032 3003 1103 propria
3064 1038 3273 1091 natura
3304 1037 3655 1108 discederet,

2013 1118 2071 1168 et
2092 1131 2153 1169 se
2176 1133 2303 1172 vere
2326 1134 2561 1175 carnem
2588 1120 2906 1176 humanam
2930 1128 3324 1194 assumpsisse
3350 1128 3661 1185 confirma-

2015 1208 2121 1267 ret,
2152 1213 2201 1260 et
2237 1206 2537 1264 doloribus
2570 1210 2696 1264 suis
2752 1215 2982 1266 nostros
3013 1222 3239 1268 curaret
3270 1218 3327 1269 et
3377 1217 3661 1272 naturali-

2014 1295 2122 1349 bus
2152 1296 2583 1365 atl‘cctionibus,
2617 1315 2715 1353 eas
2746 1316 2876 1370 quin
2929 1307 3065 1354 sunt
3129 1311 3334 1373 printer
3386 1309 3656 1362 naturam

2011 1382 2268 1440 aboleret
2298 1403 2312 1454 ;
2345 1390 2403 1441 et
2437 1387 2687 1458 denique
2723 1392 2786 1443 ut
2818 1404 2915 1444 eas
2947 1390 3185 1445 vincens
3217 1391 3337 1462 ipse
3371 1397 3655 1464 tanquam

2011 1471 2186 1527 homo
2214 1474 2382 1530 nobis
2413 1475 2591 1530 simili
2625 1482 2833 1532 natura
2865 1494 3066 1534 secum
3100 1480 3428 1549 conjunctis
3474 1487 3531 1536 et
3561 1500 3654 1537 co-

2007 1563 2199 1633 gnatis
2224 1563 2520 1620 victoriam
2553 1565 2739 1636 ipsam
2776 1567 3110 1638 largiretur.
3156 1572 3457 1626 Peccatum
3494 1573 3650 1627 enim

2008 1668 2120 1706 non
2156 1657 2243 1706 est
2273 1654 2496 1709 atl‘ectio
2528 1655 2836 1721 naturalis,
2864 1663 2917 1711 et
2949 1674 3316 1729 quascunque
3347 1660 3416 1714 ad
3453 1676 3655 1731 pecua.

2007 1745 2129 1796 tum
2168 1743 2473 1812 pertinent.

2079 1853 2130 1905 6.
2167 1850 2422 1923 Virginis
2474 1853 2689 1908 ferrum
2723 1854 2973 1926 ignitum
3008 1859 3066 1910 et
3116 1855 3341 1912 illustre
3400 1858 3651 1913 reddens

2007 1939 2337 2008 frigiditatis
2394 1945 2450 1995 et
2506 1941 2827 2011 nigredinis
2874 1946 3001 2012 ejus
3037 1945 3324 2016 particeps
3375 1946 3500 2016 ipse
3530 1963 3641 2002 non

2005 2028 2277 2094 efﬁcitur,
2337 2029 2417 2083 ita
2448 2030 2725 2086 divinitas
2758 2031 3027 2087 virtutem
3079 2050 3244 2089 suam
3298 2034 3651 2090 humanitati

2003 2118 2446 2174 communicans
2478 2119 2605 2188 ejus
2632 2136 2745 2174 non
2761 2121 2970 2192 accipit
2994 2121 3469 2178 imbecillitatem.

2070 2210 2125 2261 7.
2167 2207 2393 2263 Puritas
2453 2208 2691 2280 quidem
2725 2227 2857 2265 cum
2895 2212 3168 2267 sordibus
3203 2213 3417 2267 nostris
3442 2228 3641 2267 versa~

2002 2300 2117 2364 tur,
2142 2298 2239 2351 sed
2261 2297 2400 2368 ipsa:
2426 2303 2619 2353 tamen
2643 2301 2846 2355 sordes
2867 2299 3174 2370 puritatem
3204 2318 3319 2355 non
3337 2300 3641 2371 inﬁciunt;

2000 2387 2122 2439 Lua:
2149 2386 2328 2455 enim,
2380 2386 2589 2457 inquit,
2624 2389 2681 2442 in
2713 2388 2950 2443 tenebris
2979 2389 3139 2455 lucet,
3169 2396 3221 2443 et
3254 2392 3496 2445 tenebrae
3523 2406 3645 2444 eam

1998 2490 2111 2529 non
2140 2476 2659 2546 comprehenderunt
2683 2478 2747 2530 7‘.
2769 2482 2911 2532 Nam
2940 2494 3075 2532 cum
3108 2478 3357 2533 tenebras
3389 2494 3644 2548 praesen-

1997 2562 2080 2617 tia
2119 2563 2415 2620 radiorum
2439 2564 2825 2636 expellautur,
2850 2565 2937 2621 sol
2968 2571 3164 2622 tamen
3195 2584 3229 2621 a
3254 2566 3508 2623 tenebris
3530 2584 3642 2622 non

1996 2653 2360 2709 obscuratur.

2066 2760 2119 2813 8.
2155 2758 2345 2814 Unum
2380 2760 2594 2814 dicitur
2651 2761 2708 2815 in
2751 2761 2823 2817 iis
2854 2761 3115 2831 quidem,
3158 2766 3453 2832 quaesunt
3482 2761 3642 2831 ejus-

1996 2849 2128 2903 dem
2179 2850 2468 2916 essentite,
2524 2865 2655 2903 cum
2689 2850 2889 2904 eadem
2932 2855 3020 2905 est
3051 2854 3282 2920 natura,
3308 2855 3361 2905 et
3394 2848 3636 2905 diversae

1997 2954 2278 3009 personis.
2321 2938 2399 2991 Ex
2431 2954 2546 3009 quo
2578 2937 2722 2992 illud
2761 2955 2773 2991 :
2807 2938 2872 2992 Et
2924 2940 3033 2993 tria
3064 2955 3241 2993 unum
3290 2943 3433 2993 sunt.
3472 2938 3533 2993 In
3568 2938 3639 2993 iis

1995 3034 2189 3097 autem
2230 3044 2357 3097 quae
2390 3026 2629 3081 diversae
2672 3033 2811 3083 sunt
2845 3029 3133 3097 assentire,
3170 3040 3351 3082 unum
3402 3026 3632 3094 dicitur,

1996 3133 2127 3170 cum
2161 3114 2363 3170 eadem
2398 3131 2643 3187 persona
2674 3121 2783 3184 est,
2816 3112 3129 3172 etdiversaa
3155 3122 3396 3183 naturae,
3431 3132 3498 3169 ex
3522 3132 3638 3187 quo

234 3217 377 3281 tare,
439 3212 730 3282 quomodo
785 3212 966 3267 Filius
996 3216 1053 3267 et
1080 3217 1235 3268 Deus
1277 3229 1379 3268 nec
1411 3217 1639 3267 Patrem
1700 3214 1874 3268 relin-
1918 3211 1962 3277 Ο
1993 3204 2156 3259 illlld-
2195 3209 2256 3259 El
2313 3209 2629 3277 utrumque
2662 3222 2869 3260 unum.
2912 3205 3099 3261 Unum
3152 3209 3345 3260 autem
3381 3204 3633 3259 nouun-

236 3316 446 3371 quens,
504 3316 605 3354 nec
638 3300 850 3354 coelum
886 3301 1151 3356 deferens
1198 3302 1255 3356 in
1291 3306 1503 3357 terram
1559 3304 1877 3359 descende-

233 3392 328 3452 rit,
378 3394 585 3444 etcum
620 3407 769 3461 nequ
785 3394 868 3445 sat
898 3391 1331 3461 comprehendi,
1354 3390 1457 3446 ’sit
1498 3391 1568 3446 ab
1600 3394 1792 3446 anima
1822 3398 1879 3447 et

237 3495 478 3549 corpore
510 3479 978 3551 comprehensus.
1018 3480 1163 3535 Nam
1193 3480 1241 3534 si
1275 3498 1363 3535 res
1394 3487 1693 3553 procreata
1725 3482 1876 3538 hanc

236 3566 460 3620 obtinet
514 3573 882 3638 potestatem,
936 3569 1127 3640 qualis
1184 3569 1292 3625 erit
1349 3574 1689 3627 Procreator
1729 3572 1874 3642 ipse,

235 3655 963 3730 admirabilis.hujus,qute
990 3657 1177 3711 verbis
1208 3657 1483 3731 explicari
1516 3676 1629 3713 non
1664 3664 1874 3730 potest,

234 3745 512 3817 elargitor
542 3745 568 3801 7
694 3748 699 3753 ’

308 3838 357 3889 3.
393 3837 600 3890 Totum
637 3836 915 3905 Verbum,
948 3837 1045 3909 qui
1089 3839 1235 3891 Deus
1261 3847 1607 3903 est,carnem
1642 3855 1873 3894 assum-

234 3926 370 3994 psit,
394 3931 453 3980 et
483 3930 668 3981 totum
706 3928 906 3998 nequit
935 3927 1371 3998 comprehendi.
1404 3927 1792 3992 Quamobrem
1818 3933 1876 3984 et

234 4019 413 4067 totum
449 4019 573 4069 erat
615 4016 668 4070 iu
706 4017 833 4071 sinu
887 4015 985 4070 Dei
1020 4022 1076 4070 et
1106 4016 1315 4081 Patris,
1378 4023 1433 4083 et
1474 4021 1661 4085 totum
1696 4017 1873 4073 simul

226 4104 286 4157 in
343 4110 500 4158 utero
567 4103 775 4158 divina:
834 4106 1050 4172 Matris,
1111 4105 1231 4160 illic
1295 4110 1357 4161 ut
1414 4105 1571 4161 nullo
1625 4107 1872 4161 termino

228 4195 745 4264 comprehensum,
807 4193 900 4247 hic
931 4200 1151 4259 autem,
1185 4201 1247 4249 ut
1297 4195 1567 4251 indutum
1614 4194 1872 4251 humana

228 4300 422 4340 carne.

301 4375 353 4425 4.
387 4373 518 4428 Jam
551 4378 686 4430 ante
718 4374 917 4429 mundi
962 4375 1463 4441 constitutionem,
1489 4381 1554 4431 ut
1587 4377 1732 4432 Deus
1763 4375 1873 4430 hu-

232 4479 466 4517 manam
497 4480 729 4518 carnem
766 4473 1105 4532 assumeret,
1150 4460 1499 4536 praefinitum
1534 4465 1866 4521 erit.Nmn-

1990 3299 2140 3359 tura,
2172 3291 2273 3348 sed
2320 3293 2727 3363 conjunctione
2757 3294 3009 3350 duarum
3044 3300 3388 3349 naturarum
3420 3292 3478 3347 in
3506 3310 3626 3347 una

1990 3399 2260 3455 persona.
3084 3404 3091 3411 ·
3176 3382 3181 3387 “

2000 3459 2011 3465 ’
2057 3477 2108 3528 9.
2146 3474 2303 3527 Idem
2328 3462 2551 3528 dicitur
2577 3473 2664 3527 vel
2698 3471 2958 3529 essentia
2989 3490 3089 3527 seu
3127 3473 3303 3543 (quod
3338 3471 3491 3526 idem
3528 3472 3636 3542 est)

1988 3568 2215 3629 natura,
2251 3567 2313 3616 ut
2332 3553 2552 3616 Petrus
2584 3567 2640 3617 et
2674 3562 2888 3617 Paulus
2917 3563 3072 3617 idem
3108 3566 3318 3615 natura
3349 3564 3507 3624 sunt,
3542 3559 3629 3613 vel

1986 3651 2216 3723 genere,
2271 3655 2332 3704 ut
2363 3651 2465 3704 bos
2524 3656 2578 3704 et
2608 3667 2796 3718 equus
2829 3650 2982 3704 idem
3043 3655 3182 3703 sunt
3232 3664 3442 3717 genere
3466 3664 3489 3721 Δε
3543 3648 3629 3702 vel

1985 3726 2270 3809 s.pecie,ut
2322 3738 2489 3793 Titus
2521 3744 2577 3792 et
2634 3738 2980 3792 Timotheus
3040 3737 3190 3792 idem
3227 3741 3366 3790 sunt
3411 3726 3629 3805 specie.

1985 3844 2119 3882 nam
2152 3829 2262 3881 sub
2305 3827 2539 3881 homine
2555 3833 2695 3881 sunt
2717 3828 2888 3882 ambo
2922 3847 2935 3894 ;
2968 3824 3049 3880 vel
3078 3824 3341 3893 numero,
3377 3830 3441 3879 ut
3472 3826 3629 3895 quod

1984 3917 2161 3971 multa
2194 3915 2372 3970 habet
2418 3908 2677 3980 nomina,
2710 3912 2943 3986 gladius
2974 3915 3153 3982 enim,
3184 3913 3365 3981 ensis,
3399 3928 3626 3978 mucro,

1983 4005 2138 4059 idem
2162 4003 2553 4071 numero,his
2583 4004 2738 4058 enim
2773 4021 2955 4058 unum
2992 4002 3338 4071 subjicitur:
3373 4002 3461 4056 vel
3495 4019 3630 4056 ana-

1984 4094 2268 4163 logia,seu
2293 4092 2710 4161 convenientia,
2729 4096 2829 4147 aut
2860 4091 3252 4163 preportione.
3287 4078 3449 4153 Quod
3473 4091 3626 4144 enim

1984 4182 2073 4237 est
2102 4172 2308 4236 oculus
2370 4184 2423 4235 in
2458 4196 2720 4250 corpore,
2753 4181 2907 4234 idem
2969 4185 3055 4235 est
3089 4197 3252 4235 mens
3286 4180 3342 4235 in
3387 4178 3584 4234 animo
3615 4197 3627 4246 ;

1981 4269 2066 4325 vel
2108 4285 2349 4341 persona
2373 4272 2435 4323 ut
2464 4268 2523 4322 in
2557 4266 2807 4336 Christo,
2842 4269 2969 4340 ejus
3001 4269 3156 4324 enim
3190 4269 3430 4325 diversa:
3464 4273 3633 4323 natu-

1984 4374 2056 4414 ra:
2091 4373 2337 4430 persona
2365 4357 2516 4412 idem
2551 4362 2708 4423 sunt,
2742 4358 2862 4413 sive
2895 4375 3099 4414 unum.

2061 4467 2140 4521 t0.
2192 4466 2539 4537 Conjunctio
2579 4470 2668 4519 est
2709 4468 2953 4521 mutuus
3014 4482 3205 4519 rerum
3262 4465 3623 4518 diversarum

231 4550 403 4621 quam
440 4558 633 4607 autem
668 4559 804 4608 ante
850 4554 1281 4608 sanctissimam
1343 4554 1603 4623 Mariam,
1664 4554 1867 4610 divina!
1907 4566 1953 4630 [ι
1981 4573 2323 4625 concursus,
2357 4556 2419 4610 fit
2476 4559 2672 4610 autem
2705 4555 2881 4609 variis
2944 4554 3157 4619 modis,
3193 4553 3301 4606 vel‘
3334 4553 3627 4607 mistione,

230 4641 426 4695 carnis
459 4641 860 4714 assumptione
892 4641 1137 4715 dignum
1172 4648 1467 4715 repertum
1505 4649 1594 4698 est
1624 4643 1870 4698 domici-

232 4731 400 4788 lium.
436 4732 538 4788 Ubi
571 4738 768 4789 autem
821 4740 1109 4804 repertum
1146 4738 1254 4801 est,
1289 4733 1609 4788 humanam
1638 4728 1874 4789 carnem

231 4823 545 4893 assumpsit
576 4829 750 4879 Deus.
778 4824 887 4886 Qui
922 4823 1049 4879 ideo
1083 4824 1138 4876 in
1174 4823 1467 4893 desponsa
1487 4822 1723 4893 Virgine
1746 4838 1877 4876 cont

230 4910 345 4991 cipi
371 4911 716 4981 voluit,utet
746 4911 1204 4978 matrimonium,
1240 4913 1410 4981 cujus
1442 4909 1674 4966 initium
1699 4927 1877 4982 spon-

227 5002 336 5055 sati
369 5008 525 5070 sunt,
559 5001 997 5057 commendaret
1027 5008 1086 5056 et
1123 5001 1173 5056 ei
1207 4996 1596 5073 virginitatem
1633 5006 1872 5070 antepo-

226 5095 410 5145 neret.
836 5134 839 5137 γ

295 5181 348 5236 5.
387 5179 892 5252 Humanitas,quae
915 5198 1014 5251 per
1034 5180 1507 5251 conjunctionem
1544 5181 1601 5235 in
1637 5198 1753 5235 una
1780 5196 1873 5236 ea-

225 5269 479 5341 demque
506 5287 753 5340 persona
777 5274 1082 5341 assumpta
1102 5275 1288 5336 est,ex
1311 5270 1439 5343 ipsa
1461 5270 1876 5340 conjunctione

225 5364 282 5416 et
313 5361 735 5425 communione,
780 5361 987 5415 effecta
1019 5360 1211 5415 divina
1258 5366 1371 5425 est,
1430 5358 1753 5431 statimque
1805 5358 1875 5415 ab

229 5450 501 5507 humanae
526 5457 746 5506 natura:
773 5451 1035 5509 terminis
1057 5469 1173 5507 non
1209 5452 1502 5518 recedens,
1529 5452 1876 5506 excellentes

232 5544 291 5594 et
322 5539 665 5608 magniﬁcas
689 5539 1013 5594 divinitatis
1046 5541 1210 5595 dotes
1241 5540 1485 5611 accepit,
1517 5545 1582 5595 ut
1611 5544 1668 5595 et
1696 5541 1876 5596 vitam

305 5663 352 5698 ’⁸⁸
379 5663 550 5722 Joan.
583 5683 620 5735 1,
650 5667 705 5722 5.
762 5668 767 5673 ’

1988 4651 2052 4700 ut
2082 4647 2136 4700 in
2173 4645 2264 4707 iis,
2299 4661 2426 4715 quae
2476 4643 2701 4717 liquida
2748 4648 2910 4715 sunt,
2956 4642 3126 4714 quale
3181 4644 3269 4695 est
3326 4640 3525 4694 vinum
3564 4643 3633 4721 et

1985 4752 2157 4806 aqua,
2189 4734 2272 4788 vel
2309 4750 2538 4801 acervo,
2599 4733 2741 4788 utin
2776 4732 2846 4787 iis
2878 4749 3010 4804 quae
3040 4735 3178 4785 sunt
3211 4729 3395 4793 arido,
3430 4733 3491 4781 ut
3521 4727 3629 4781 tri-

1985 4827 2165 4880 ticum
2201 4833 2255 4877 et
2301 4823 2587 4879 hordeum
2620 4843 2635 4893 ;
2677 4823 2765 4891 vel
2799 4820 3168 4877 imbibitione
3203 4825 3264 4874 ut
3296 4820 3353 4875 in
3386 4818 3631 4873 humido

1986 4920 2042 4969 et
2072 4914 2246 4978 sicco,
2302 4913 2489 4983 qualis
2522 4917 2606 4966 est
2653 4918 2807 4967 terra
2834 4916 2890 4965 et
2920 4928 3070 4982 aqua
3099 4934 3114 4979 ς
3150 4908 3235 4963 vel
3271 4907 3629 4974 remistione,

1986 4986 2052 5057 ut
2077 5002 2134 5056 in
2160 5001 2407 5056 diversis
2444 5000 2648 5055 ferinis
2683 5016 2695 5053 :
2730 4999 2817 5054 vel
2852 4998 3286 5065 contusione,ut
3317 4997 3375 5053 in
3402 4997 3471 5050 iis
3504 5013 3631 5068 quas

1986 5089 2522 5161 quueﬁunt,qualia
2543 5093 2681 5144 sunt
2698 5093 2993 5154 aurum,et
3026 5091 3357 5160 argentum,
3390 5090 3446 5142 et
3476 5102 3629 5152 cera,

1985 5188 2042 5237 et
2073 5182 2165 5251 pix
2196 5197 2210 5247 ;
2248 5178 2331 5233 vel
2364 5178 2842 5249 congruentia,ut
2870 5178 2924 5231 in
2960 5177 3257 5248 lapidibus
3293 5195 3307 5244 ;
3339 5177 3427 5233 vel
3454 5192 3634 5245 appo-

1987 5269 2218 5333 sitione,
2248 5273 2310 5321 ut
2344 5268 2397 5321 in
2436 5266 2647 5321 tabulis
2685 5284 2698 5334 ;
2734 5266 2822 5321 vel
2854 5268 3287 5338 conjunctione,
3323 5271 3388 5321 ut
3418 5266 3473 5318 in
3499 5258 3636 5317 lam;

1989 5358 2153 5428 pede,
2188 5372 2311 5426 quae
2344 5370 2409 5409 ex
2440 5356 2569 5423 igne
2605 5355 3011 5425 proﬁciscitur,
3047 5360 3360 5427 etrursum
3393 5354 3634 5428 conjun-

1987 5426 2140 5517 gitur
2174 5463 2188 5512 ;
2220 5442 2306 5497 vel
2342 5441 2616 5507 essentia,
2650 5448 2716 5496 ut
2771 5442 2830 5496 in
2864 5426 3203 5507 individuis,
3256 5440 3454 5511 quales
3495 5426 3631 5493 sunt

1988 5538 2193 5588 Petrus
2252 5535 2307 5587 et
2340 5528 2575 5597 Paulus,
2608 5537 2705 5584 aut
2759 5529 2939 5601 aliqui
2998 5530 3086 5586 vel
3147 5530 3277 5600 equi
3313 5526 3398 5583 vel
3433 5528 3630 5593 boves,
