4090 6298
511 336 542 396 1
555 336 670 396 235

1835 329 2141 392 NICETE
2185 328 2388 390 CHON
2398 329 2610 392 IATJE

3743 341 3872 401 1236

517 473 618 525 aut
648 465 762 522 alia
795 465 1078 521 animalia
1111 481 1125 531 ;
1166 464 1251 520 vel
1285 465 1509 532 habitu,
1555 469 1618 520 ut
1647 466 1706 522 in
1739 466 2006 522 amiciset
2029 481 2162 520 sen-
2195 466 2250 532 Α
2279 470 2386 533 est,
2421 465 2690 537 quamvis
2737 466 3054 538 aliquando
3085 468 3350 525 dicamus
3380 469 3561 524 Deum
3593 468 3865 540 hominem,

515 557 720 614 tentiis
779 555 839 610 in
875 570 1050 610 unam
1083 553 1443 610 voluntatem
1497 555 1982 611 convenientibus
2017 569 2032 622 ;
2075 551 2164 608 vel

517 644 966 716 compositione,
1000 643 1140 698 utin
1166 644 1362 698 anima
1389 649 1447 700 et
1468 661 1708 716 corpore
1737 661 1750 712 ;
1778 643 1864 700 vel
1896 659 2164 715 persona,

518 735 579 790 id
609 734 765 805 quod
803 733 874 787 de
907 731 1032 787 sola
1061 731 1364 788 divinitate
1413 737 1472 788 et
1501 733 1864 789 humanitate
1911 733 1969 788 in
2001 731 2166 787 Chri-

518 827 608 880 sto
630 822 862 878 dicitur.
885 824 1012 876 Hoc
1042 829 1235 874 autem
1275 821 1706 892 conjunctionis
1721 838 1908 894 genus
1939 821 2166 894 primus

519 911 766 968 tradidit
788 915 1031 966 sanctus
1051 909 1320 982 Cyrillus,
1351 926 1482 965 cum
1516 917 1861 984 repugnaret
1881 910 2164 976 Nestorio,

521 1001 622 1072 qui
677 1001 928 1055 duarum
991 1000 1049 1054 in
1111 999 1344 1054 Christo
1406 1005 1676 1056 naturam
1737 1000 2164 1072 copulationem

519 1091 719 1146 habitu
776 1088 900 1144 ﬁeri
932 1089 1192 1144 docebat.
1228 1089 1605 1146 Exsecranda:
1639 1090 1794 1144 enim
1829 1089 1988 1142 illius
2021 1088 2166 1142 resi—

521 1185 685 1236 stens
715 1177 974 1252 Opinioni
1008 1179 1481 1248 conjunctionem
1507 1195 1636 1252 qua:
1661 1180 1738 1234 sit
1769 1195 1870 1250 per
1901 1178 2171 1248 hypostav

520 1271 636 1337 sin,
671 1269 791 1325 sive
848 1284 1182 1338 personam,
1242 1269 1490 1336 induxit,
1545 1286 1663 1339 qua
1693 1270 1820 1322 duae
1857 1271 2076 1322 natura;
2106 1266 2165 1320 in

520 1376 638 1414 una
664 1375 934 1430 persona,
985 1373 1101 1413 non
1130 1362 1326 1413 autem
1376 1359 1431 1412 in
1459 1359 1707 1422 duabus,
1739 1361 1804 1410 ut
1843 1356 2016 1427 nugis
2043 1355 2170 1410 suis

526 1450 826 1504 asserebat
876 1449 1200 1516 Nestorius,
1260 1448 1631 1520 copulantur.
1696 1447 1918 1501 Dicitur
1975 1451 2168 1500 autem

523 1542 645 1596 hmo
697 1546 755 1596 et
784 1537 1063 1608 Όύσιώδης
1115 1541 1224 1596 hoc
1281 1545 1372 1595 est
1429 1539 1760 1595 essentialis
1811 1536 2169 1608 conjunctio,

525 1631 678 1702 quod
704 1647 838 1685 vera
887 1631 982 1693 sit,
1018 1646 1130 1685 non
1160 1633 1354 1684 autem
1408 1629 1531 1685 sola
1587 1627 1860 1700 opinione
1891 1628 2167 1697 ﬁngatur.

527 1719 753 1789 Alioqui
815 1717 1140 1789 personalis
1170 1719 1503 1788 conjunctio
1536 1723 1622 1772 est
1654 1733 1879 1782 eorum,
1914 1731 2040 1787 quae
2081 1715 2168 1769 di-

527 1824 707 1864 versa:
739 1813 878 1864 sunt
909 1807 1196 1872 essentia,
1229 1808 1288 1862 in
1329 1824 1503 1862 unam
1563 1821 1868 1876 personam
1927 1820 2172 1860 concur-
2204 1831 2251 1899 Β

527 1913 650 1964 sus,
684 1913 793 1952 sua
847 1896 1059 1967 cuique
1117 1894 1203 1950 vel
1251 1900 1382 1966 post
1431 1895 1900 1963 conjunctionem
1950 1901 2174 1948 servata

525 1985 894 2057 proprietate.
921 1987 1054 2051 Qum
1091 1985 1328 2056 quidem
1355 1983 1691 2053 conjunctio
1711 1983 1959 2053 quadrat
1991 1981 2169 2036 etiam

523 2075 732 2132 animm
747 2080 802 2130 et
817 2074 1043 2144 corpori
1058 2073 1115 2128 in
1137 2090 1312 2132 unam
1333 2074 1684 2130 coeuntibus
1706 2087 2014 2142 personam
2035 2070 2170 2142 (37),

527 2170 592 2220 ut
619 2165 1020 2220 Damascenus
1042 2163 1294 2219 edocuit.

602 2254 690 2309 il.
742 2253 1260 2324 Homoypostaton,
1317 2268 1416 2306 seu
1475 2251 1742 2320 ejusdem
1801 2266 2084 2322 personae,
2118 2250 2175 2306 id

525 2357 659 2398 esse
686 2342 924 2408 dicitur,
957 2342 1112 2412 quod
1145 2341 1203 2394 in
1239 2356 1357 2396 una
1398 2339 1718 2410 eademque
1750 2355 2000 2410 persona
2039 2354 2172 2402 cum

525 2431 662 2502 alio,
693 2448 728 2486 a
752 2447 870 2502 quo
899 2430 1094 2484 differt
1120 2427 1818 2499 essentia,conjungitur;
1859 2434 1923 2488 ut
1951 2428 2007 2488 in
2041 2427 2172 2482 ani-

528 2536 625 2576 ma
655 2535 887 2591 quoque
917 2519 984 2573 fit
1013 2526 1068 2574 et
1097 2533 1357 2590 corpore.
1402 2517 1693 2575 Omnibus
1723 2517 1961 2588 quidem
1996 2515 2175 2576 rebus

525 2610 822 2663 immistus
847 2613 938 2663 est
962 2607 1116 2663 Deus
1134 2623 1236 2678 per
1265 2608 1608 2678 potentiam,
1670 2613 1938 2662 naturam
1975 2607 2176 2675 cujus.

529 2714 646 2770 que
689 2701 985 2770 regentem
1019 2701 1077 2752 et
1131 2694 1814 2754 conservanteszilius
1864 2699 2056 2750 autem
2119 2697 2176 2749 et

524 2787 679 2844 Deus
699 2803 834 2842 cum
856 2785 1224 2842 humanitate
1255 2791 1561 2856 assumpta
1593 2784 1802 2840 mistus
1824 2792 1912 2842 est
1933 2799 2174 2856 perper-

529 2892 734 2935 sonam
745 2917 758 2932 .

599 2965 689 3021 42.
723 2964 780 3020 Si
841 2971 1146 3037 assumpta
1201 2963 1542 3020 humanitas
1598 2967 1687 3020 est
1713 2962 1886 3018 Verbi
1921 2961 2174 3038 propria,

532 3071 661 3125 quas
697 3054 1082 3110 humanitatis
1137 3057 1456 3122 assumptis
1503 3052 1738 3122 propria
1799 3055 1958 3120 sunt,
2007 3054 2179 3106 erunt

525 3145 704 3200 etiam
761 3143 925 3200 Verbi
985 3143 1238 3214 propria,
1271 3141 1406 3196 licet
1435 3141 1518 3197 eis
1547 3141 1808 3212 seipsum
1839 3157 1951 3199 non
1984 3140 2166 3208 Bllle-

527 3235 666 3294 ciat,
697 3230 794 3285 sed
829 3229 916 3284 illi
962 3229 1354 3284 communicet
1383 3245 1510 3299 quas
1541 3245 1647 3283 sua
1699 3232 1854 3294 sunt,
1897 3227 2167 3302 quamvis

530 3335 646 3373 non
669 3335 735 3373 eo
754 3319 949 3384 modo,
979 3335 1093 3388 quo
1111 3335 1180 3373 ea
1210 3335 1241 3372 a
1271 3334 1332 3373 se
1355 3319 1752 3389 possidentur.
1783 3317 1943 3373 Hanc
1973 3323 2169 3373 autem

531 3414 749 3467 mutum
776 3406 1116 3463 tributionis
1151 3410 1433 3464 rationem
1475 3423 1770 3474 vocamus,
1803 3423 1915 3478 qua
1947 3412 2170 3466 naturis

528 3514 592 3554 se
644 3498 903 3557 vicissim
936 3497 1194 3567 capiunt,
1243 3500 1298 3550 et
1329 3511 1454 3568 qua:
1484 3495 1719 3568 utrique
1770 3495 2004 3567 propria
2033 3499 2173 3550 sunt

529 3587 644 3646 sibi
681 3594 883 3642 mutuo
914 3585 1204 3640 tribuunt.
1246 3594 1317 3640 At
1374 3585 1606 3642 tametsi
1635 3587 1888 3640 vicissim
1942 3602 2007 3639 ac
2041 3601 2168 3640 mu-

525 3681 663 3732 tuos
683 3676 792 3732 has
814 3677 968 3732 inter
1000 3691 1062 3732 se
1093 3690 1421 3730 commeare
1456 3673 1845 3740 dicimus,hoc
1875 3677 2068 3733 tamen
2103 3689 2172 3728 ex

524 3765 724 3822 divina
754 3765 984 3836 proprie
1006 3768 1212 3820 natura
1245 3764 1620 3835 pendet,quaa
1644 3780 1744 3834 per
1772 3766 1958 3818 omnia
1978 3768 2170 3818 trans-

523 3855 594 3924 it,
625 3859 683 3910 et
703 3859 1017 3919 commeat,
1049 3862 1103 3910 et
1138 3856 1402 3924 penetrat
1433 3853 1529 3908 ubi
1563 3851 1688 3908 vult
1721 3869 1859 3923 ;per
1883 3851 2040 3906 illam
2064 3869 2167 3906 au-

523 3951 640 4001 tem
675 3944 840 4000 nihil.

598 4033 684 4088 13.
726 4037 858 4090 Haec
876 4036 1080 4087 mutua
1110 4029 1354 4086 tributio
1384 4030 1497 4085 tria
1529 4029 1822 4101 imprimis
1849 4029 2166 4101 significat.

525 4127 668 4176 Nam
702 4122 788 4176 vel
816 4121 875 4176 in
909 4119 1247 4175 nominibus
1276 4118 1698 4185 consideratur,
1725 4122 1788 4173 ut
1815 4135 1950 4172 cum
1973 4118 2167 4174 homi-

529 4225 659 4264 nem
720 4207 969 4262 dicimus
1015 4206 1220 4274 Deum,
1281 4213 1338 4262 et
1395 4212 1574 4262 Deum
1602 4206 1947 4262 hominem:
1993 4206 2080 4264 vel
2107 4207 2166 4262 in

529 4299 724 4361 rebus,
756 4299 814 4350 et
844 4295 964 4350 haec
995 4299 1084 4350 est
1120 4296 1355 4368 duplex.
1388 4299 1503 4352 Aut
1533 4296 1688 4352 enim
1723 4295 1965 4366 aequalis
1994 4301 2084 4350 est
2112 4299 2170 4356 et

528 4384 861 4453 dissimilis,
897 4388 962 4439 ut
1009 4384 1067 4438 in
1104 4389 1215 4440 Deo
1247 4384 1483 4440 homine
1532 4385 1702 4452 facto,
1735 4391 1792 4440 et
1840 4385 1899 4439 in
1934 4384 2168 4442 homine

527 4478 672 4532 facto
735 4475 866 4530 Deo.
919 4471 1077 4528 Licet
1115 4471 1269 4528 enim
1321 4477 1551 4528 tantum
1603 4479 1943 4544 assumptus
1990 4472 2165 4528 homo

2278 552 2594 624 aliquando
2625 554 2922 610 hominem
2958 556 3164 625 Deum,
3196 555 3552 612 divinitatem
3585 565 3756 613 tamen
3784 560 3866 615 ho-

2279 642 2515 711 minem,
2549 647 2651 698 aut
2681 643 3107 700 humanitatem
3145 647 3321 701 Deum
3354 662 3462 701 nos
3496 662 3773 718 nunquam
3801 648 3868 703 di-

2275 746 2424 786 cere.

2349 822 2436 874 14.
2493 821 2609 876 Etsi
2668 822 2892 878 nullum
2945 827 3132 896 potest
3188 824 3524 896 exemplum
3579 827 3866 898 excogitari,

2277 911 2432 980 quod
2466 909 2632 981 plane
2685 927 2808 966 rem
2843 913 3200 983 propositam
3233 913 3541 984 exprimat,
3574 931 3673 970 nos
3714 921 3868 971 tamen

2277 1000 2492 1070 aliquid
2550 1000 2755 1056 afferre
2808 1002 3178 1070 conabimur,
3237 1003 3392 1074 quod
3445 1004 3671 1075 quidem
3724 1007 3766 1059 si
3806 1006 3868 1059 rei

2279 1090 2670 1159 magnitudini
2723 1090 2918 1145 minus
2969 1092 3360 1161 respondebit,
3421 1092 3672 1164 apposite
3715 1100 3867 1148 tamen

2282 1183 2581 1248 utcunque
2603 1178 2897 1234 veritatem
2919 1181 3313 1236 adumbrabit.
3339 1181 3804 1244 Quemadmodum
3830 1183 3866 1236 si

2279 1275 2437 1325 totus
2491 1271 2832 1326 exardescat
2889 1287 3008 1338 aer,
3039 1270 3128 1328 vel
3161 1271 3356 1343 potius
3417 1274 3494 1328 sit
3547 1277 3690 1328 totus
3733 1273 3867 1342 ignis,

2279 1359 2550 1430 exiguum
2569 1361 2760 1415 autem
2787 1361 2922 1415 ferri
2951 1359 3266 1417 frustulum
3285 1362 3345 1417 in
3371 1362 3534 1417 illum
3555 1363 3867 1432 conjiciatur,

2280 1464 2516 1504 necesse
2572 1449 2808 1520 quidem
2842 1449 2948 1504 erit
2981 1449 3123 1505 illud
3157 1451 3240 1506 sic
3287 1452 3465 1522 afﬁci,
3499 1457 3562 1507 ut
3588 1451 3717 1508 nihil
3747 1453 3864 1506 aliud

2280 1553 2412 1608 qam
2439 1537 2591 1608 ignis
2619 1554 2748 1594 esse
2773 1539 3057 1604 videntur,
3091 1545 3351 1596 attamen
3377 1539 3460 1596 illi
3491 1543 3734 1597 essentia:
3757 1543 3865 1595 ratio

2280 1627 2661 1697 permanebit.
2720 1628 2935 1683 Eodem
2967 1628 3138 1683 modo
3174 1633 3388 1684 natura
3429 1630 3675 1685 humana
3699 1629 3863 1684 divina

2285 1720 2616 1787 conjuncta,
2643 1718 2727 1773 sic
2761 1719 2830 1774 ab
2865 1718 2962 1773 illa
2991 1719 3416 1790 comprehensa
3463 1725 3549 1775 est
3577 1728 3630 1775 et
3657 1724 3860 1792 superat,

2284 1810 2349 1860 ut
2397 1824 2512 1860 non
2544 1806 2795 1877 amplius
2823 1811 3034 1862 natura
3091 1807 3354 1864 hominis
3395 1825 3523 1864 esse
3549 1808 3792 1863 videatur.
3820 1804 3863 1860 Et

2281 1895 2392 1950 hac
2423 1896 2492 1950 de
2546 1912 2723 1950 causa
2755 1901 2950 1950 Patres
2981 1895 3162 1950 nostri
3206 1898 3364 1968 quod
3397 1902 3690 1970 exsuperat
3721 1903 3766 1951 et
3791 1897 3862 1950 do-

2283 1984 2560 2050 minatur,
2595 1985 2648 2038 id
2685 1986 3000 2050 intuentes,
3036 1983 3194 2040 illam
3220 1986 3410 2044 Deum
3443 2003 3568 2044 esse
3601 1988 3778 2042 factam
3804 1983 3861 2038 di-

2281 2078 2512 2140 xerunt,
2573 2074 2816 2143 ideoque
2851 2079 3083 2145 propter
3116 2092 3295 2130 unam
3347 2076 3553 2131 horum
3592 2090 3862 2148 personam,

2282 2167 2334 2215 et
2391 2161 2856 2216 indissolubilcm
2893 2163 3394 2233 conjunctionem,
3457 2180 3622 2220 unum
3651 2163 3767 2217 item
3796 2160 3863 2214 his

2283 2249 2644 2306 adorationis
2676 2249 2897 2304 cultum
2933 2251 3151 2306 deberi.

2357 2341 2442 2395 15·
2477 2344 2857 2395 Personarum
2911 2341 3148 2412 quidem
3181 2342 3239 2398 in
3283 2342 3515 2399 Christo
3571 2338 3860 2396 ditl‘erentias

2284 2446 2396 2484 non
2431 2429 2820 2496 admittimus,
2872 2446 2941 2484 ne
2994 2435 3267 2504 quartam
3294 2448 3593 2504 personam
3624 2432 3675 2485 in
3705 2431 3857 2484 sancta

2283 2518 2568 2573 Trinitate
2589 2519 3015 2590 conﬁngnmus.
3037 2519 3394 2576 Naturarum
3430 2528 3614 2576 autem
3644 2518 3855 2573 dill'eren-

2281 2607 2392 2660 tias
2425 2607 2828 2679 agnoscimus,
2862 2625 2934 2664 ne
2965 2604 3198 2666 carnem
3232 2611 3496 2682 ejusdem
3521 2627 3616 2680 per
3643 2613 3854 2663 naturam

2283 2695 2549 2749 essentia
2573 2711 2702 2749 cum
2733 2695 2964 2751 Christo
2989 2697 3296 2753 credamus
3325 2715 3453 2754 esse
3484 2699 3610 2771 (37).

2357 2784 2442 2839 16.
2474 2783 2896 2853 Coniunclione
2939 2785 3192 2840 duarum
3236 2796 3575 2843 naturarum
3605 2787 3652 2842 in
3680 2779 3852 2838 Christo

2285 2871 2432 2927 facta
2461 2873 2582 2942 jam
2634 2889 2745 2928 non
2776 2873 3010 2942 divisio,
3043 2876 3142 2929 sed
3180 2875 3517 2932 differentia
3545 2872 3762 2930 dicenda
3784 2873 3858 2924 est.

2283 2961 2618 3016 Differentia
2647 2961 2800 3017 enim
2856 2963 3004 3019 ratio
3035 2968 3124 3018 est
3155 2980 3258 3034 per
3289 2983 3472 3038 quam
3501 2979 3675 3020 rerum
3714 2959 3858 3028 subje-

2283 3057 2506 3106 ctarum
2559 3049 2674 3105 alia
2714 3050 2903 3106 ditl‘ert
2941 3051 3012 3107 ab
3090 3052 3224 3108 alia.
3289 3054 3584 3110 Divisione
3637 3065 3750 3106 vero
3798 3059 3860 3100 res

2283 3139 2498 3197 eaedem
2561 3155 2801 3212 prorsus
2833 3145 2889 3196 et
2941 3141 2998 3195 in
3032 3136 3385 3200 universum
3421 3160 3454 3199 a
3483 3160 3541 3200 se
3570 3140 3858 3212 disjungun-

2280 3231 2394 3284 tur.

2354 3317 2438 3372 17.
2465 3319 2721 3374 Verbum
2771 3321 2826 3374 et
2861 3323 3007 3374 Deus
3041 3324 3141 3374 aut
3173 3320 3512 3377 universum
3537 3311 3855 3386 autsingula-

2281 3423 2402 3461 rem
2437 3407 2759 3478 assumpsit
2794 3408 3112 3468 hominem.
3146 3410 3204 3466 Si
3231 3405 3854 3476 universum,oculisnon

2280 3506 2628 3551 cerneretur.
2663 3496 2881 3552 Natura
2910 3500 3065 3554 enim
3120 3499 3399 3556 universa
3431 3515 3539 3554 non
3569 3503 3648 3553 est
3673 3489 3856 3560 conspi-

2280 3597 2406 3635 cua.
2443 3584 2718 3638 Praeterea
2750 3583 2962 3638 multas
2999 3583 3239 3641 haberet
3275 3601 3592 3660 personas:
3627 3581 3859 3654 plurese-

2283 3670 2402 3725 nim
2435 3687 2621 3742 genus
2667 3672 3006 3728 universum
3047 3674 3474 3746 complectitur.
3507 3674 3613 3730 Nec
3641 3666 3854 3741 ejusdem

2283 3759 2452 3814 nobis
2483 3769 2631 3816 esset
2651 3761 3019 3830 substantiae,
3045 3780 3150 3818 nos
3179 3765 3341 3820 enim
3364 3781 3565 3826 sumus
3595 3756 3857 3816 individui,

2277 3855 2336 3906 et
2378 3849 2556 3904 multa
2607 3850 2897 3919 ejusmodi
2959 3852 3319 3908 incommota
3375 3855 3746 3924 sequerentur.
3780 3841 3854 3896 Sin

2279 3937 2572 3992 hominem
2601 3939 3324 4012 assumpsitsingularem,
3357 3943 3502 3998 duas
3531 3930 3856 4010 deprehende-

2279 4032 2378 4082 tur
2407 4027 2618 4082 habere
2647 4043 2949 4104 personas.
2983 4029 3296 4103 Reliquum
3333 4031 3507 4100 igitur
3543 4033 3638 4092 est,
3667 4030 3723 4079 ut
3749 4035 3855 4077 neu-

2277 4120 2433 4170 trum
2471 4116 2989 4188 assumpserit,sed
3014 4118 3357 4190 singularis,
3390 4120 3496 4175 hoc
3525 4123 3608 4174 est
3628 4104 3852 4170 individui

2280 4213 2546 4260 naturam
2611 4203 2889 4272 hominis,
2922 4207 3092 4276 cujus
3123 4206 3246 4278 ipse
3280 4226 3523 4280 persona
3554 4207 3665 4262 fuit.
3689 4202 3851 4268 Singu-

2279 4293 2418 4348 laris
2449 4299 2641 4348 autem
2669 4294 2928 4350 hominis
2959 4305 3168 4351 natura
3193 4299 3521 4354 communis
3551 4295 3753 4368 quidem
3773 4287 3850 4344 est.

2278 4383 2378 4439 sed
2403 4385 2458 4438 in
2485 4383 2804 4438 individuo.
2848 4384 3216 4454 Singularem
3269 4403 3403 4442 vero
3435 4387 3668 4440 dicimus
3703 4380 3850 4434 homi-

2278 4489 2434 4540 nem,
2468 4478 2532 4528 ut
2577 4471 2940 4527 individuum
2974 4473 3206 4546 speciei,
3272 4493 3387 4531 non
3421 4476 3661 4530 animam
3687 4466 3846 4524 solam.

524 4568 714 4621 factus
747 4562 824 4618 sit
856 4565 1320 4633 Deus,quantum
1352 4561 1500 4616 Deus
1534 4539 1829 4616 hominem
1860 4577 2167 4617 assumens
2197 4539 2247 4605 D
2279 4565 2380 4617 aut
2409 4539 2622 4634 corpus
2667 4559 2884 4626 solum,
2927 4539 3027 4618 sed
3079 4564 3228 4633 quod
3263 4581 3332 4619 ex
3391 4569 3626 4638 utroque
3669 4550 3849 4614 conﬁci-

527 4658 706 4712 factus
765 4657 854 4708 est
888 4651 1064 4706 homo
1135 4649 1263 4722 (per
1315 4666 1528 4721 corpus
1585 4651 1737 4705 enim
1791 4654 1848 4706 et
1905 4651 2164 4706 animam

525 4751 583 4802 et
631 4746 911 4810 mentem,
965 4744 1280 4810 utrumque
1329 4738 1543 4794 factum
1577 4741 1706 4808 est),
1745 4755 1857 4798 non
1897 4738 2168 4796 similiter

524 4839 740 4890 tamen.
798 4829 953 4885 Deus
983 4829 1137 4882 enim
1175 4843 1278 4892 per
1309 4831 1577 4882 naturam
1612 4828 1796 4883 factus
1822 4835 1911 4884 est
1941 4828 2116 4885 homo
2151 4849 2166 4898 ,

523 4922 697 4977 homo
728 4923 924 4976 autem
967 4935 1070 4990 per
1099 4917 1349 4990 gratiam
1375 4918 1558 4972 factus
1587 4923 1674 4972 est
1705 4918 1880 4974 Deus.
1913 4923 2030 4976 Aut
2084 4921 2166 4975 si-

526 5009 683 5063 milis
711 5013 768 5064 et
795 5007 1193 5078 inequalismt
1225 5005 1283 5062 in
1317 5006 1513 5062 anima
1544 5023 1576 5061 a
1607 5006 1722 5064 Deo
1753 5007 1980 5064 homini
2005 5009 2164 5080 data,

525 5102 589 5150 ut
619 5097 677 5149 in
710 5113 885 5150 carne
901 5095 971 5150 ab
995 5096 1232 5152 homine
1263 5095 1376 5151 Deo
1408 5099 1464 5151 et
1489 5095 1672 5152 Verbo
1706 5097 1944 5152 tributa.
1972 5098 2164 5170 [mago

523 5185 678 5240 enim
729 5183 830 5239 Dei
887 5188 999 5253 est,
1031 5190 1087 5240 et
1134 5186 1326 5255 quoad
1357 5186 1482 5241 fieri
1543 5189 1732 5258 potest
1781 5191 1892 5242 Deo
1953 5187 2165 5243 similis

523 5272 742 5340 anima;
774 5271 1018 5341 aequalis
1059 5280 1251 5326 autem
1280 5272 1440 5329 nullo
1463 5275 1726 5330 modoEt
1759 5279 1892 5330 tunc
1927 5276 2163 5348 quidem

525 5363 581 5414 id
609 5359 951 5429 dedit,quod
985 5361 1357 5431 praestantius
1378 5367 1525 5432 erat,
1549 5369 1680 5434 post
1711 5365 1982 5420 autemid
2007 5367 2163 5441 quod

527 5447 780 5504 deterius
813 5452 958 5516 erat,
1005 5448 1246 5519 accepit.
1307 5449 1519 5505 Verum
1579 5453 2164 5518 animadvertendum

597 5603 708 5675 (37)
738 5605 1005 5667 Damasc.
1040 5600 1478 5680 ὁμοῦπόστατον.

2277 4656 2396 4706 tur.

2347 4739 2434 4796 48,
2477 4741 2610 4803 Quae
2661 4739 2717 4794 in
2767 4745 2977 4796 natura
3019 4740 3277 4798 humana
3307 4749 3440 4798 sunt
3471 4759 3503 4797 a
3532 4739 3662 4794 vitio
3701 4743 3847 4802 repre-

2276 4829 2676 4902 hensioneque
2749 4829 2961 4896 aliena,
3023 4847 3092 4886 ea
3147 4831 3413 4888 Christus
3473 4830 3668 4903 partim
3713 4829 3847 4890 ευρπιι

2275 4919 2544 4975 homines
2575 4919 2821 4992 accepit,
2852 4920 3058 4990 partim
3097 4925 3156 4976 ut
3189 4921 3478 4988 homines,
3510 4917 3699 4991 partim
3727 4907 3848 4992 able?

2275 5007 2426 5062 ctius
2481 5024 2656 5078 quam
2693 4991 2984 5064 homines.
3040 5009 3228 5081 Supra
3289 5008 3552 5064 homines
3583 5003 3696 5070 fuit,
3725 4991 3841 5070 quod

2275 5096 2400 5151 sine
2431 5096 2654 5152 semine
2685 5102 3002 5168 conceptus
3031 5104 3139 5164 est,
3173 5099 3322 5168 quod
3348 5114 3416 5153 ex
3446 5096 3664 5167 Virgine
3693 5091 3844 5146 natus.

2274 5189 2331 5241 et
2397 5189 2602 5241 cetera
2649 5185 2857 5241 horum
2903 5186 3135 5242 similia.
3191 5186 3497 5242 Hominum
3559 5195 3699 5238 more
3745 5171 3844 5238 fuit,

2274 5276 2426 5350 quod
2461 5273 2670 5330 divinae
2703 5274 3024 5331 Genetricis
3055 5279 3281 5330 uterum
3316 5271 3623 5331 infantulus
3647 5261 3842 5350 tumere:

2275 5344 2373 5433 cit,
2398 5369 2548 5436 quod
2576 5380 2780 5420 novem
2834 5364 3113 5419 mentium
3175 5365 3356 5436 spatio
3409 5363 3568 5416 natus
3596 5362 3690 5422 est,
3723 5344 3841 5422 quod

2274 5454 2473 5511 hausit
2509 5454 2620 5526 lac,
2682 5455 2834 5528 quod
2861 5453 3122 5526 ploravit,
3156 5460 3214 5510 et
3243 5455 3297 5510 id
3328 5468 3508 5525 genus
3555 5449 3672 5506 alia.
3702 5438 3840 5508 Abie-

2346 5615 2459 5687 (38)
2483 5616 2638 5671 Intra
2666 5619 2870 5672 contra
2895 5616 3054 5671 Joan.
3087 5615 3492 5688 Philoponum.
