4090 6298
275 284 305 343 1
326 283 447 343 237
1626 289 1903 354 THESM

2015 288 2025 346 l
2070 284 2220 349 LIB.
2268 284 2375 344 III.
3548 287 3701 353 1238

269 418 498 472 ctiuset
527 415 1020 488 bumilius,quam
1048 437 1149 492 pro
1174 421 1483 479 hominum
1516 423 1936 482 consuetudine
1963 422 2017 491 Α
2113 419 2167 473 6.
2201 419 2375 474 Arius
2407 422 2461 473 et
2516 418 2842 477 Eunomius
2875 418 2947 479 ab
2978 417 3080 475 illo
3114 418 3299 481 solum
3356 435 3565 495 corpus
3596 438 3694 479 as-

275 507 399 570 l'uit,
436 506 593 577 quod
627 509 755 576 ejus
788 508 1014 579 species
1051 511 1105 564 in
1139 527 1311 568 cruce
1368 515 1555 586 turpis
1577 513 1934 586 apparuitﬁi
2044 512 2340 576 sumptum
2377 505 2573 575 Γυίέεθ.
2633 506 2997 563 άίνίηίῗὸὶθω
3061 522 3197 562 VBPO
3254 508 3463 565 anima
3497 515 3691 581 Partes

275 612 410 649 cum
448 596 795 667 ignominia,
829 602 887 651 et
945 598 1248 669 deﬁciens,
1299 603 1491 674 inquit
1524 603 1722 672 Isaias,
1751 616 1931 672 supra
2042 596 2426 668 supplevisse.

279 684 428 740 lilios
462 685 792 753 hominum,
827 690 1103 758 quoique
1139 691 1303 759 prius
1334 708 1509 762 quam
1542 691 1933 762 latrones,qui
2110 687 2167 743 7.
2201 685 2589 757 Apollinarius
2639 684 2889 755 denique
2941 685 3258 743 animatum
3286 687 3521 759 quidem
3554 705 3684 749 esse

276 774 538 829 simulin
590 790 824 830 crucem
882 777 993 831 acti
1031 783 1197 833 erant
1229 797 1349 851 prae
1404 781 1700 837 clavorum
1729 779 1928 838 dolore
2040 776 2361 835 Servaturis
2401 791 2613 845 corpus
2669 773 2880 842 aiebat,
2933 779 2991 831 at
3024 792 3135 833 non
3196 774 3395 833 anima
3438 778 3682 835 rationis

279 869 546 919 mortuus
578 869 687 920 est.
720 865 883 920 Adde
912 870 969 922 et
1000 866 1166 935 illud,
1192 869 1242 924 si
1288 869 1498 941 placet,
1529 871 1685 943 quod
1716 868 1926 926 humili
2041 865 2319 935 participe
2341 880 2355 920 :
2381 864 2678 935 superﬂua
2705 864 2858 920 enim
2887 864 3097 921 fuisset
3120 881 3306 936 mens,
3340 865 3535 937 inquit
3561 866 3684 943 ille,

282 954 467 1007 forma
497 952 790 1008 hortulani
825 971 886 1009 se
908 959 1039 1026 post
1058 959 1539 1016 resurrectionem
1567 959 1928 1031 conspiciens
2039 952 2225 1011 Verbo
2258 958 2556 1024 praesente.

277 1041 416 1097 dum
446 1042 711 1113 praebuit,
744 1047 802 1098 et
856 1044 1139 1115 apostolis
1183 1046 1503 1116 cicatrices,
1534 1058 1589 1107 et
1646 1048 1773 1104 loca
1795 1047 1923 1103 vul-

274 1147 480 1185 nerum
514 1130 794 1195 ostendit,
854 1134 1120 1203 quodque
1151 1134 1346 1190 cibum
1381 1138 1558 1208 cepit.
1612 1137 1756 1194 Nam
1783 1135 1919 1191 reli-

276 1221 374 1291 qui
400 1220 664 1276 homines
689 1226 890 1291 postea
914 1238 1090 1293 quam
1115 1222 1330 1280 fuerint
1357 1227 1416 1282 in
1448 1227 1620 1282 vitam
1647 1224 1920 1293 revocati,

269 1313 562 1383 fulgebunt
586 1314 650 1365 ut
678 1309 767 1369 sol
796 1312 861 1381 ⁷⁷,
905 1328 1011 1368 nec
1044 1312 1200 1369 ullus
1223 1331 1425 1373 eorum
1457 1316 1744 1385 ejusmodi
1768 1317 1921 1373 οῖσι-ι

272 1402 446 1456 trices
476 1400 537 1454 in
567 1417 829 1471 corpore,
863 1406 963 1457 aut
993 1401 1301 1461 vulnerum
1328 1404 1456 1460 loca
1486 1405 1781 1473 retinebit,
1815 1422 1920 1462 nec

275 1489 562 1544 comedet.

2714 1075 2869 1132 CAP.
2902 1078 3016 1131 XL.

2304 1183 2620 1261 (Ion/utatio
2650 1184 3080 1255 praecedentium
3113 1184 3418 1241 haereseon.

2105 1314 2386 1375 Ceterum
2420 1312 2537 1368 hinc
2590 1311 2910 1371 multarum
2947 1312 3239 1389 hareseon
3279 1313 3552 1386 dogmata
3584 1316 3680 1375 vi-

2034 1419 2165 1461 sum
2224 1407 2314 1459 est
2376 1401 2686 1468 ascribere,
2750 1406 2812 1457 ut
2868 1402 3134 1458 Ecclesiae
3205 1404 3508 1459 veritatem
3566 1405 3678 1463 hoc

2034 1497 2201 1563 pacta
2250 1490 2662 1561 patefeceram.
2717 1491 3020 1559 Eumdem,
3070 1491 3169 1562 qui
3221 1491 3679 1562 Unigenitus,et

346 1579 434 1633 15.
469 1577 647 1633 Filius
677 1577 801 1643 Dei,
833 1583 1007 1651 atque
1034 1580 1188 1636 idem
1226 1587 1390 1651 Deus,
1423 1588 1484 1639 et
1509 1588 1826 1654 conceptus
1856 1587 1914 1638 et
2032 1586 2181 1639 Deus
2210 1580 2489 1648 Verbum,
2523 1583 2579 1635 et
2628 1579 2915 1647 Servatur,
2949 1582 3006 1634 et
3034 1579 3316 1640 Dominus
3356 1583 3527 1641 Jesus
3562 1585 3671 1646 est,

275 1674 447 1723 natus
477 1682 603 1723 esse
628 1667 865 1733 dicitur,
897 1673 953 1723 et
981 1669 1269 1739 docuisse,
1330 1677 1386 1726 et
1415 1689 1505 1728 res
1538 1672 1916 1728 admirandas
2026 1670 2284 1727 Ecclesia
2315 1669 2526 1727 Filium
2564 1668 2855 1727 nominat:
2888 1670 2965 1723 ita
2995 1672 3187 1729 tamen
3215 1677 3275 1729 ul
3308 1669 3490 1725 Filius
3523 1670 3663 1727 Uni-

275 1758 565 1822 fecisse,et
592 1757 675 1826 (ut
706 1758 909 1827 paucis
924 1758 1121 1814 omnia
1151 1762 1527 1833 complectar)
1545 1767 1668 1816 tum
1685 1761 1918 1833 eguisse
1950 1788 1997 1857 Β
2029 1760 2354 1831 genitumst
2384 1765 2538 1821 Deus
2583 1757 2863 1823 Verbum,
2895 1763 2952 1812 et
2976 1757 3284 1824 Dominus,
3331 1759 3500 1815 etiam
3535 1765 3672 1816 ante

268 1853 392 1904 tum
429 1864 639 1918 passus
661 1862 811 1911 esse,
844 1852 899 1902 et
960 1854 1252 1918 mortuus,
1285 1858 1340 1907 et
1383 1853 1729 1908 surrexisse.
1765 1854 1914 1916 Quo-
1950 1847 1992 1857 ”’
2032 1864 2267 1909 carnem
2327 1852 2697 1917 assumptum
2739 1847 2928 1901 dictus
2992 1847 3088 1911 Sit.
3139 1852 3313 1918 atoue
3345 1848 3670 1907 etiamnum

271 1937 427 1992 niam
459 1941 775 2004 assumpta
805 1938 996 1992 carnis
1030 1939 1154 2007 ipse
1188 1940 1298 1994 fuit
1333 1956 1599 2012 persona,
1633 1958 1759 2013 quas
1781 1941 1912 2013 qui-
2032 1952 2204 1997 carne
2252 1941 2556 2005 assumpta
2589 1935 2795 1993 iisdem
2830 1934 3167 1991 nominibus
3216 1936 3464 1994 dicatur.
3496 1938 3672 1994 Jews

266 2026 396 2080 dem
430 2041 562 2080 caro
579 2026 942 2087 sinesemine
956 2026 1152 2098 genita
1168 2027 1391 2084 nullam
1408 2028 1587 2091 aliam
1611 2031 1909 2101 prepriam

269 2129 575 2187 personam
599 2114 822 2169 habuit.
856 2116 1141 2179 Quocirca
1170 2132 1305 2172 cum
1351 2119 1710 2176 assumentis
1736 2123 1793 2174 et
1824 2136 1916 2174 as-

267 2204 799 2274 sumpttehumanas
823 2209 1047 2259 naturas
1066 2222 1181 2260 una
1201 2205 1613 2278 siteademque
1635 2224 1907 2279 persona,

266 2295 389 2365 ipse
422 2293 628 2348 dicitur
657 2298 715 2348 et
743 2309 913 2365 agere
943 2298 1001 2349 et
1032 2297 1150 2365 pati
1194 2310 1264 2349 ex
1293 2297 1442 2365 ejus,
1476 2298 1632 2367 quod
1667 2313 1909 2352 assum—

267 2381 403 2453 psit,
438 2388 666 2436 natura.
700 2381 769 2435 Et
798 2398 925 2452 quas
960 2381 1121 2437 illius
1152 2383 1388 2453 propria
1425 2390 1585 2451 sunt,
1621 2384 1733 2440 sibi
1757 2386 1907 2440 asci.

267 2472 377 2525 scit
407 2475 472 2524 ut
529 2470 784 2541 prepria,
825 2470 1039 2541 quippe
1085 2471 1181 2540 qui
1232 2473 1310 2526 sit
1365 2473 1495 2543 ejus
1555 2472 1907 2544 hypostasis,

2031 2030 2226 2085 autem
2267 2023 2532 2080 Christus
2591 2027 2815 2083 tantum
2849 2029 2981 2094 post
3034 2041 3270 2081 carnem
3308 2031 3667 2097 assumptum

2029 2113 2143 2175 dici
2164 2113 2768 2185 emperit,bujusmodi
2801 2112 3041 2171 nomine
3063 2114 3234 2168 rebus
3261 2116 3333 2171 ab
3364 2116 3507 2185 ipsis
3539 2116 3670 2172 ade-

2027 2208 2186 2274 ptus.
2226 2201 2399 2263 Jesus
2433 2202 2587 2257 enim
2622 2206 2905 2272 tanquam
2938 2201 3203 2257 Servatur
3232 2203 3589 2271 nominatur,
3612 2208 3671 2266 et

2023 2291 2372 2362 exponitur:
2399 2290 2569 2359 cujus
2618 2288 3115 2360 interpretationis
3161 2289 3393 2347 Gabriel
3425 2292 3549 2362 ipse
3579 2295 3671 2350 te-

2025 2380 2131 2437 stis
2158 2384 2267 2447 est,
2301 2396 2432 2441 cum
2456 2378 2751 2450 Virginem
2786 2377 2877 2433 his
2902 2378 3091 2439 verbis
3114 2379 3434 2450 alloquitur
3459 2397 3472 2434 :
3513 2382 3670 2441 Voca-

2024 2470 2102 2524 bis
2130 2484 2330 2527 nomen
2380 2468 2500 2538 ejus
2533 2468 2737 2533 Jerum,
2808 2468 3070 2536 quoniam
3127 2469 3240 2538 ipse
3283 2469 3521 2526 servabit
3559 2485 3657 2541 po-

266 2564 440 2630 atque
471 2574 739 2630 persona,
773 2562 837 2613 ut
877 2559 1430 2615 demonstravimus.

863 2666 1022 2722 CAP.
1049 2666 1298 2722 XXXIX.

260 2777 419 2840 Item,
454 2774 524 2827 De
553 2771 686 2827 Filii
732 2771 829 2827 Dei
882 2774 1293 2828 incarnatione.
1354 2774 1643 2841 [Tredecim
1678 2775 1901 2831 haeresi-

332 2847 427 2900 bus
455 2846 685 2916 rejectis,
740 2843 996 2916 Ecclesiae
1025 2861 1212 2900 veram
1251 2846 1315 2901 de
1342 2847 1552 2901 Christi
1580 2848 1903 2904 nominibus

327 2924 381 2972 et
412 2916 794 2972 incarnatione
813 2915 1127 2987 Opinionem
1142 2917 1314 2973 solam
1331 2919 1762 2987 amplexandam
1786 2936 1903 2977 om

324 2988 524 3058 docet.]

326 3095 522 3167 Operae
557 3095 805 3165 pretium
833 3111 966 3150 vero
995 3094 1136 3151 mihi
1163 3096 1426 3152 facturus
1452 3097 1671 3167 videor,
1705 3099 1751 3152 si
1770 3100 1897 3169 jam

257 3185 689 3257 proﬁtear,quid
707 3186 777 3240 de
799 3184 995 3240 divina
1026 3185 1300 3241 humanm
1327 3186 1521 3241 carnis
1540 3189 1898 3257 assumptio-

260 3293 331 3330 ne
361 3276 631 3330 sentiam.
669 3280 787 3330 Hac
820 3274 975 3329 enim
1009 3275 1233 3330 ratione
1260 3275 1390 3347 ipsa
1414 3276 1531 3343 Dei,
1554 3276 1655 3347 qui
1687 3294 1899 3348 corpus

257 3365 367 3419 hoc
402 3363 797 3418 univcrsitatis
856 3363 1215 3431 moderatur,
1277 3365 1642 3435 providentia
1682 3365 1900 3423 clarius

264 3455 603 3507 innotescat.

338 3543 387 3596 1.
416 3540 755 3597 Valentinus
785 3542 978 3612 itaque
1009 3542 1066 3596 in
1103 3542 1384 3598 fabulosis
1425 3543 1542 3599 illis
1574 3560 1896 3616 nugameno

262 3630 340 3685 tis
360 3631 483 3685 suis
514 3630 688 3684 alium
725 3631 1288 3701 Unigenitum,a|iud
1322 3632 1576 3688 Verbum
1607 3635 1901 3706 conﬁnge-

258 3721 349 3775 bat
377 3736 390 3774 :
426 3725 597 3791 alque
628 3720 800 3775 etiam
835 3720 1015 3774 alium
1048 3720 1370 3786 Christum,
1392 3723 1492 3792 qui
1523 3722 1678 3777 intra
1711 3724 1903 3793 plero-

258 3826 372 3875 ma,
408 3826 507 3863 seu
571 3807 1016 3879 plenitudinem,
1063 3810 1687 3880 comprehenderetur;
1723 3811 1898 3868 alium

254 3901 393 3955 item
421 3900 653 3965 Jesum;
682 3898 878 3952 'alium
938 3898 1190 3969 denique
1246 3899 1566 3968 Christum,
1607 3900 1706 3971 qui
1739 3905 1903 3956 extra

257 3988 511 4059 plerema
544 3988 906 4043 consisteret.
938 3988 1131 4042 Jesum
1154 4004 1325 4058 porro
1357 3987 1653 4042 hominem
1686 3989 1898 4045 factum

256 4079 540 4134 exteriore
568 4077 668 4132 illo
700 4077 931 4134 Christo
978 4078 1277 4146 indutum,
1310 4093 1551 4147 corpore
1590 4094 1657 4132 ex
1692 4079 1900 4133 animas

259 4167 512 4223 essentia
547 4166 660 4221 sibi
704 4172 1027 4237 assumpto,
1090 4165 1392 4237 solumque
1454 4166 1763 4223 transitum
1801 4185 1903 4238 per

254 4255 553 4326 Virginem
588 4254 886 4321 habuisse,
951 4269 1049 4308 nec
1084 4253 1338 4309 humana
1381 4270 1450 4307 ex
1483 4261 1689 4308 natura
1729 4255 1902 4326 quid-

257 4361 435 4416 quam
468 4343 870 4413 assumpsisse
904 4342 1300 4398 fabulabatur.

324 4439 376 4489 2.
422 4434 702 4489 Basilides
764 4432 967 4487 eodem
1004 4433 1198 4493 modo.
1242 4433 1420 4487 alium
1467 4449 1699 4503 quoque
1733 4433 1897 4488 Chri-

254 4529 431 4588 stum,
463 4522 618 4577 aliud
648 4521 927 4587 Verbum,
957 4521 1135 4575 aliam
1168 4521 1421 4592 denique
1442 4502 1798 4592 sapientiam
1815 4521 1896 4576 di-
1930 4502 1972 4566 D

255 4613 443 4667 cebat.

320 4703 372 4757 3.
405 4701 610 4767 Cerdo,
638 4699 881 4762 Marcio,
903 4701 962 4752 et
992 4698 1190 4753 Manes
1214 4698 1513 4755 Christum
1541 4700 1779 4769 quidem
1797 4699 1897 4755 ho-

256 4789 399 4844 mini
429 4790 679 4844 similem
714 4785 1078 4858 apparuisse,
1114 4786 1356 4843 humani
1388 4791 1583 4843 tamen
1620 4788 1765 4843 nihil
1798 4788 1897 4843 ha-

254 4878 450 4933 buisse
481 4879 771 4933 dicebant.

326 4968 379 5020 4.
412 4966 717 5021 Cerinthus
748 4967 955 5022 Jesum
988 4981 1057 5020 ex
1095 4965 1343 5037 Josepho
1375 4970 1431 5020 et
1463 4965 1646 5020 Maria
1677 4979 1894 5021 secun-

255 5058 396 5112 dum
453 5072 825 5111 communem
884 5054 1190 5110 hominum
1248 5055 1433 5127 legem
1513 5063 1688 5111 natus
1745 5071 1895 5121 esse,

249 5147 548 5203 Christum
572 5149 766 5200 autem
799 5143 1027 5199 cmlitus
1056 5144 1112 5197 in
1136 5143 1340 5199 Jesum
1375 5143 1774 5200 descendisse.

320 5240 372 5289 5.
403 5234 658 5289 Ebiunsei
717 5237 938 5300 autem,
1011 5231 1416 5299 Theodotiani,
1472 5232 1895 5299 Artemoniani,

247 5332 301 5380 et
328 5322 677 5391 Photiniani,
709 5321 1013 5376 Christum
1072 5321 1297 5376 nudum
1330 5326 1388 5375 et
1427 5321 1755 5391 simplicem
1790 5321 1895 5376 ho-

254 5415 468 5468 minem
496 5427 567 5466 ex
586 5415 791 5465 sancta
808 5408 1048 5479 Virgine
1080 5413 1282 5464 natum
1313 5408 1596 5467 dicebant.

248 5621 337 5673 ιιι,
363 5603 421 5658 7.

2018 2557 2212 2628 putum
2242 2572 2402 2617 suum
2433 2573 2466 2613 a
2494 2558 2724 2626 peccatis
2772 2570 2963 2618 eorum
2991 2553 3057 2608 ⁷⁸.
3093 2556 3304 2613 Christi
3336 2562 3531 2619 autem
3561 2574 3660 2619 co—

2020 2662 2274 2718 gnomen
2306 2645 2547 2715 accepit,
2579 2645 2651 2698 ab
2671 2643 2945 2703 unctione
2975 2644 3262 2716 Spiritus:
3295 2645 3652 2717 hymnificus

2016 2736 2170 2793 enim
2198 2733 2436 2795 Davides
2458 2732 2539 2793 ait
2560 2749 2573 2786 :
2593 2738 2884 2802 Pr0pterea
2907 2735 3073 2789 unxit
3092 2737 3145 2788 te
3159 2735 3320 2803 Deus,
3338 2735 3476 2790 Deus
3507 2738 3657 2807 tuus,

2016 2827 2130 2883 eteo
2163 2824 2382 2887 laetitia
2435 2838 2550 2894 pra:
2590 2817 2929 2883 consortibus
2989 2823 3099 2881 tuis
3143 2824 3208 2878 πθ.
3267 2826 3397 2896 Ipse
3427 2842 3662 2898 quoque

2020 2914 2299 2971 Dominus
2328 2929 2428 2983 per
2491 2911 2837 2982 Prophetam
2888 2911 3110 2983 inquit:
3160 2912 3406 2984 Spiritus
3445 2916 3662 2973 Donum

2012 3015 2175 3073 super
2204 3020 2310 3068 me,
2342 3010 2684 3073 quapropter
2713 3001 2873 3063 unxit
2896 3018 2984 3059 me
3006 3000 3074 3058 ⁸ο.
3102 3002 3184 3059 Ita
3197 3007 3394 3065 autem
3421 3004 3493 3059 de
3524 3021 3661 3075 pro-

2015 3092 2213 3165 phetia
2286 3091 2388 3151 illa
2483 3090 2851 3149 sentiendum
2939 3107 3069 3154 esse
3150 3091 3436 3151 Dominus
3533 3094 3659 3163 ipse

2014 3198 2120 3239 nos
2176 3180 2395 3237 doouit.
2450 3180 2753 3251 Ingressus
2826 3180 2984 3235 enim
3044 3197 3428 3253 synagogam,
3500 3182 3650 3239 libro

2005 3287 2120 3343 quo
2151 3270 2464 3341 prophetia!
2504 3269 2953 3331 continebantur
2993 3286 3109 3341 pres
3160 3272 3436 3333 manibus
3477 3287 3643 3326 sum-

2006 3368 2124 3432 pto,
2169 3360 2507 3432 prendiotum
2542 3359 2777 3429 quidem
2808 3359 2997 3419 locum
3036 3360 3212 3432 legit:
3248 3366 3308 3419 at
3338 3362 3643 3433 praesenti-

2006 3452 2157 3512 bus:
2189 3449 2377 3515 Hodie,
2412 3450 2619 3520 inquit,
2684 3448 2917 3519 impleta
2977 3458 3054 3506 est
3099 3452 3379 3520 scriptura
3431 3451 3544 3508 haec
3585 3455 3646 3511 in

2006 3541 2177 3600 oculis
2205 3539 2395 3597 uestris
2424 3536 2493 3602 εί,
2528 3537 2833 3608 Prophetis
2862 3554 2930 3594 ea
2975 3556 3203 3609 quoque
3251 3545 3645 3597 consentanea

2009 3631 2260 3695 fuerunt,
2295 3645 2421 3697 qua;
2455 3643 2706 3697 magnus
2736 3626 2834 3680 ille
2858 3626 3063 3683 Petrus
3096 3628 3446 3699 praedicavit.
3496 3629 3641 3685 Cum

2005 3717 2154 3779 enim
2188 3716 2258 3771 iis
2290 3717 2388 3786 qui
2423 3716 2578 3785 apud
2610 3715 2938 3777 Cornelium
2969 3716 3302 3786 congregati
3336 3722 3501 3773 erant
3518 3733 3646 3786 my..-

2005 3806 2244 3865 sterium
2287 3804 2728 3876 aperuisset,ita
2759 3805 3094 3873 subjunxit:
3120 3806 3215 3865 Vas
3243 3808 3395 3860 scitis
3420 3809 3651 3865 verbum

2004 3895 2145 3968 quod
2171 3898 2381 3965 factum
2414 3903 2494 3949 est
2548 3910 2645 3965 per
2701 3895 3025 3949 uniuersum
3062 3894 3339 3961 Judaeum,
3374 3895 3648 3966 incipiens

2004 4003 2037 4039 a
2067 3983 2312 4043 Gatitam
2340 3992 2458 4054 post
2480 3984 3003 4054 baptismum,quem
3025 3983 3363 4053 praedicavit
3389 3986 3647 4053 Joannes,

2003 4075 2189 4130 Iesum
2215 4074 2580 4140 Nazarenam,
2612 4074 2874 4142 quomodo
2903 4074 3073 4128 unxit
3094 4089 3221 4129 eum
3254 4077 3402 4131 Deus
3437 4074 3651 4145 Spiritu

2002 4173 2186 4223 sancta
2210 4169 2263 4217 et
2290 4163 2493 4219 virtute
2539 4161 2602 4217 ⁸³.
2637 4164 2715 4215 Ex
2772 4160 2845 4217 iis
2892 4178 3020 4231 quae
3074 4180 3255 4233 supra
3307 4162 3462 4219 dicta
3502 4169 3641 4222 sunt

2007 4253 2483 4323 perspicuumest
2521 4251 2816 4311 Christum
2854 4252 2910 4305 id
2928 4252 3184 4309 numinis
3218 4253 3431 4310 idcirco
3464 4255 3646 4310 sorti-

2006 4340 2295 4411 tum,quia
2315 4344 2572 4397 unctusa
2592 4340 2809 4410 Spiritu
2829 4341 3034 4398 fuerat.
3075 4342 3291 4398 Unctus
3311 4348 3509 4401 autem
3536 4352 3644 4409 est,

2008 4449 2122 4485 non
2148 4431 2397 4495 utDeus,
2423 4432 2523 4485 sed
2561 4434 2624 4485 ut
2658 4430 2850 4484 homo.
2887 4430 3161 4492 Quamvis
3203 4438 3396 4487 autem
3429 4435 3650 4489 ratione

2004 4520 2195 4579 carnis
2214 4530 2528 4592 assumpta
2553 4525 2845 4587 unctus,et
2871 4525 3003 4591 post
3023 4527 3393 4590 assumptum
3414 4538 3648 4579 carnem

2003 4610 2622 4671 Cbristusnominatus
2648 4610 2747 4675 sit,
2779 4610 2933 4665 alius
2974 4613 3169 4665 tamen
3207 4610 3455 4667 nonfuit
3490 4611 3646 4666 Deus

2003 4699 2282 4766 Verbum,
2323 4698 2595 4769 aliusque
2646 4698 2951 4754 Christus:
2987 4697 3140 4753 Deus
3173 4697 3329 4754 enim
3382 4698 3639 4755 Verbum

2005 4792 2311 4859 assumpta
2332 4804 2504 4843 carne
2533 4804 2743 4847 nomen
2763 4790 2901 4847 Jesu
2934 4786 3148 4841 Christi
3179 4787 3426 4857 adeptus
3462 4792 3568 4843 est.

2075 4876 2321 4932 Carnem
2376 4892 2544 4946 porro
2599 4875 2925 4945 assumpsit
2977 4879 3041 4930 ut
3095 4884 3358 4931 naturam
3409 4881 3642 4946 peccato

2005 4970 2337 5035 corruptam
2370 4964 2723 5025 restitueret.
2784 4964 3093 5037 Propterea
3122 4964 3455 5021 universam
3494 4983 3647 5036 eam,

2005 5070 2133 5124 quas
2164 5057 2524 5124 peccaverat,
2557 5053 2895 5121 assumpsit.
2931 5057 2996 5109 ut
3025 5054 3357 5111 universam
3384 5062 3639 5115 sanaret.

2004 5144 2116 5198 Neo
2145 5142 2300 5199 enim
2343 5147 2407 5197 ut
2450 5142 2811 5197 divinitatem
2851 5143 3164 5213 obtegeret,
3218 5149 3486 5203 naturam
3518 5164 3646 5203 cor-

2005 5247 2239 5303 poream
2272 5233 2607 5302 assumpsit,
2655 5236 2716 5285 ut
2750 5230 2924 5285 Arius
2978 5236 3036 5287 et
3091 5234 3414 5290 Eunomius
3455 5236 3649 5291 insani

2004 5320 2404 5375 deliramentis
2437 5320 2563 5373 suis
2622 5325 3016 5375 asseruerunt.
3054 5322 3241 5377 Facile
3275 5339 3526 5394 namque
3555 5324 3645 5379 vel

2004 5410 2131 5464 sine
2152 5423 2415 5478 corpore,
2455 5409 2771 5463 videndum
2805 5424 2867 5463 se
2900 5410 3153 5478 praebere
3188 5415 3431 5481 poterat,
3449 5429 3646 5483 quem-

317 5530 596 5586 “Matth.
636 5544 757 5594 xm,
818 5528 906 5591 43,
981 5527 1025 5561 ’⁷³
1081 5527 1287 5591 Matth.
1348 5544 1388 5596 ι,
1437 5529 1527 5585 21.
1605 5529 1650 5566 ⁷ο
1680 5528 1832 5591 Psal.
1895 5545 1903 5583 :

2015 5546 2045 5595 ν,
2092 5528 2146 5584 8.
2223 5525 2453 5589 80Psal.
2515 5542 2625 5595 uxr,
2680 5532 2729 5582 1.
2808 5526 2854 5561 ⁸¹
2913 5528 3049 5587 Luc.
3110 5547 3188 5596 ιν,
3244 5531 3334 5586 21.
3411 5533 3458 5567 ⁸³
3527 5538 3650 5587 Act.
