4090 6298
523 341 677 402 1239

1827 342 1874 402 Ν
1882 339 2128 402 ICETE
2169 335 2593 400 ΟΗΟΝΙΑΤΑΞ

3698 335 3857 398 ’12ιο

526 474 841 530 admodum
873 471 1010 528 olim
1058 471 1412 536 Abrahamo.
1470 473 1707 542 Jacobo,
1755 473 2004 544 aliisque
2035 487 2165 526 san-
2201 471 2255 538 Α
2289 469 2510 524 doceat.
2543 468 2685 522 Cum
2719 467 2874 522 enim
2906 466 3304 524 humanitatis
3341 467 3560 524 ratione
3587 467 3686 539 legi
3713 469 3858 525 obno-

529 563 643 618 ctis
674 561 982 634 apparuit:
1019 563 1121 618 sed
1181 562 1382 628 voluit,
1445 567 1510 618 ut
1541 563 1668 634 ipsa
1708 579 1832 635 quae
1875 563 1999 633 jam
2034 559 2172 615 olim

526 650 935 717 succubuerat,
999 655 1210 705 natura
1263 650 1492 707 hostem
1541 650 1878 719 debellaret,
1929 649 2174 720 ejusque

521 739 732 794 victrix
762 740 1058 794 evaderet.
1113 739 1338 795 Idcirco
1369 741 1546 796 etiam
1593 757 1802 813 corpus
1833 743 1889 796 et
1919 740 2170 794 animam

528 827 772 884 rationis
805 826 1144 899 participem
1179 829 1524 900 assumpsit.
1552 830 1667 886 Nec
1697 829 1851 884 enim
1884 827 2172 899 triplicem

525 915 828 972 hominem
859 915 1058 970 divina
1086 916 1392 987 Scriptura
1425 917 1586 986 facit,
1621 919 1718 972 sed
1751 916 1918 972 illum
1957 933 2024 970 ex
2044 931 2175 970 cor-

526 1021 667 1076 pore
744 1009 802 1059 et
877 1005 1072 1060 anima
1152 1010 1418 1060 constare
1499 1011 1764 1063 testatur.
1816 1005 1958 1060 Cum
2017 1004 2173 1059 enim

526 1092 679 1148 Deus
709 1108 924 1164 corpus
948 1109 978 1148 e
1009 1094 1148 1148 limo
1179 1093 1728 1160 ﬁnxisset,enimam
1759 1094 1810 1149 ei
1832 1092 2170 1162 insut'flavit,

527 1182 795 1253 duasque
845 1185 1108 1246 naturas,
1165 1199 1279 1237 non
1332 1190 1472 1251 tres,
1533 1182 1814 1238 exhibuit.
1865 1183 2013 1248 Quin
2049 1182 2174 1252 ipse

525 1286 758 1342 quoque
787 1271 1070 1326 Dominus
1095 1271 1150 1325 in
1181 1272 1514 1343 Evangeliis
1535 1272 1618 1326 ait
1641 1289 1654 1326 :
1674 1271 1849 1326 Nolite
1867 1272 2058 1326 timere
2088 1286 2176 1325 eos

519 1361 619 1432 qui
645 1360 900 1418 occidunt
931 1376 1148 1432 corpus,
1173 1363 1432 1417 animam
1473 1366 1666 1417 autem
1689 1378 1800 1416 non
1814 1366 2050 1430 possunt
2081 1375 2172 1414 oc-

525 1449 703 1504 cidere
729 1448 813 1504 '3:
850 1450 1038 1504 multa
1073 1449 1211 1504 item
1246 1449 1301 1502 id
1339 1466 1526 1520 genus
1551 1449 1664 1506 alia
1695 1449 1754 1504 in
1787 1449 1983 1504 divina
2011 1449 2171 1502 Scri-

536 1544 712 1611 ptura
743 1539 1002 1596 invenire
1033 1544 1142 1595 est.

605 1628 769 1693 Quod
798 1633 993 1683 autem
1025 1629 1336 1699 perfectam
1356 1627 1613 1685 hominis
1646 1634 1912 1686 naturam
1947 1645 2174 1684 assum-

533 1715 732 1788 pserit,
766 1732 882 1772 non
935 1719 998 1771 ut
1033 1716 1362 1773 divinitatis
1399 1734 1517 1773 sum
1547 1717 1793 1790 pallium
1837 1719 2169 1786 obduceret,

2285 559 2415 612 xius
2445 562 2620 628 esset,
2646 557 2831 628 legem
2856 555 3218 628 adimplevit,
3244 557 3498 628 legisque
3525 561 3861 629 transgresso-

2284 662 2373 702 res
2403 646 2475 702 ab
2507 646 2900 702 exsecratione
2930 645 3214 702 liberavit.
3245 645 3387 701 Tum
3423 647 3623 701 deinde
3643 649 3858 702 eamdem

2281 734 2602 790 orationem
2637 733 2768 790 aliis
2789 735 2978 790 verbis
3009 737 3179 790 iterat
3205 751 3218 788 :
3249 735 3310 788 Et
3335 750 3444 789 non
3463 735 3595 790 sicut
3618 751 3704 806 per
3722 752 3860 790 unum

2277 826 2576 894 peccatum,
2611 825 2686 878 ita
2709 830 2760 878 et
2789 823 3012 879 donum.
3045 824 3182 879 Nam
3195 822 3466 896 judicium
3487 839 3554 879 es:
3573 828 3745 892 uno,in
3758 841 3860 880 con-

2280 913 2724 969 demnationem:
2781 915 2966 984 gratia
2995 920 3187 969 autem
3232 929 3303 970 ea:
3361 915 3549 971 multis
3586 914 3792 985 delictis,
3814 915 3856 969 in

2279 1002 2720 1072 fustiﬁcationcm
2750 1001 2820 1059 ⁸⁸.

2350 1090 2472 1152 Quo
2522 1097 2804 1162 tempore,
2849 1091 3064 1162 inquit,
3112 1109 3268 1148 unus
3326 1092 3593 1164 peccavit,
3647 1092 3855 1147 universi

2280 1180 2650 1236 condemnati
2679 1186 2858 1236 sunt:
2911 1197 3067 1236 nunc
3119 1185 3313 1236 autem
3363 1198 3498 1238 cum
3548 1182 3857 1252 peccaverint

2279 1284 2500 1334 omnes,
2527 1269 2837 1338 universis,
2870 1270 3186 1326 dummodo
3213 1269 3410 1339 velint,
3431 1271 3586 1325 salus
3611 1285 3700 1340 per
3719 1269 3852 1324 ﬁdem

2280 1356 2582 1428 proposita
2612 1361 2724 1413 est.
2757 1358 2980 1422 Quibus
3029 1359 3223 1414 verbis
3252 1363 3622 1430 posteaquam
3652 1359 3854 1414 ostendit

2280 1446 2456 1501 unius
2472 1445 2766 1516 justitiam
2790 1447 3122 1504 communis
3138 1447 3673 1519 peccatiamulelum
3698 1447 3852 1509 fuisse,

2279 1534 2518 1604 subjicit
2548 1552 2650 1606 per
2705 1536 2976 1592 eumdem
3022 1535 3230 1592 mortis
3279 1553 3512 1608 quoque
3551 1535 3851 1592 mansionem

2277 1621 2668 1693 intercidisse,
2724 1626 3023 1696 ﬁnemque
3075 1641 3250 1680 suum
3311 1626 3612 1698 accepisse.
3655 1624 3712 1679 Si
3741 1623 3852 1680 enim

2277 1714 2444 1768 unius
2464 1713 2666 1770 delicto
2705 1730 2852 1770 mors
2905 1717 3154 1784 regnavit
3178 1730 3281 1786 per
3312 1731 3503 1783 unum,
3548 1715 3852 1782 multomagis

532 1809 596 1860 ut
626 1804 878 1861 haeretici
912 1805 1268 1876 fabulantur,
1314 1809 1414 1864 sed
1477 1813 1540 1863 ut
1570 1807 1663 1865 his
1703 1807 1980 1880 primitiis
2010 1807 2170 1862 omni
2203 1834 2250 1900 Β
2278 1801 2689 1900 abundantiam
2717 1803 2942 1875 gratiae,
2973 1813 3026 1860 et
3046 1805 3393 1870 donationis,
3422 1809 3474 1860 et
3489 1803 3720 1874 iustitia},

530 1893 788 1949 humano
819 1894 1012 1966 generi
1045 1895 1348 1952 victoriam
1382 1902 1768 1967 compararet,
1799 1897 1966 1953 testis
1999 1913 2166 1952 verus
2204 1891 2246 1900 ’⁷
2273 1893 2510 1962 Ρὶεηίεε,
2545 1891 2605 1945 in
2634 1894 2747 1947 vita
2797 1893 3106 1964 regnabant
3159 1910 3264 1964 per
3307 1911 3478 1948 unum
3529 1895 3689 1950 Iesum
3733 1891 3851 1945 Chri-

527 1984 582 2036 et
611 1981 863 2054 diligens
922 1983 1122 2038 doctor
1169 1987 1258 2038 est
1287 1983 1497 2039 beatus
1553 1984 1882 2056 Apostolus.
1935 1989 2076 2039 Nam
2108 1984 2166 2038 in

527 2070 785 2141 Epistola
815 2071 887 2125 ad
914 2071 1208 2127 Romanos
1256 2071 1718 2144 dispensationis
1751 2073 2013 2128 revelans
2049 2090 2170 2144 my-

527 2160 770 2215 sterium
795 2160 878 2215 sic
907 2161 990 2214 ait
1015 2177 1028 2214 :
1066 2165 1363 2232 Propterea
1392 2163 1540 2216 sicut
1569 2178 1664 2232 per
1695 2179 1868 2218 unum
1897 2163 2170 2220 hominem

527 2255 810 2318 peccatum
849 2249 908 2302 in
933 2247 1082 2302 hunc
1109 2249 1375 2304 mundum
1411 2250 1666 2318 intravit,
1690 2260 1740 2306 et
1764 2267 1866 2322 per
1889 2257 2171 2322 peccatum

530 2351 698 2401 mors,
729 2344 780 2392 et
809 2334 888 2390 ita
920 2336 980 2390 in
1027 2352 1212 2392 omnes
1255 2337 1507 2394 homines
1531 2354 1678 2394 mors
1731 2343 2077 2412 pertransiit,
2111 2343 2170 2397 in

529 2441 632 2496 quo
662 2441 845 2481 omnes
896 2429 1267 2496 peccaverunt
1295 2427 1358 2482 ⁸⁸.
1421 2427 1644 2494 Quibus
1705 2430 1893 2486 verbis
1925 2431 2168 2487 demon-

528 2519 712 2570 strata
743 2515 960 2587 peccati
984 2515 1232 2588 origine,
1275 2517 1584 2588 fructuque
1617 2518 1714 2589 qui
1755 2519 1890 2574 inde
1920 2519 2168 2592 suppul-

525 2602 753 2672 Iulavit,
783 2620 889 2660 nec
941 2620 1057 2658 non
1115 2619 1204 2671 eo,
1239 2605 1340 2677 qui
1394 2606 1466 2662 ab
1525 2607 1691 2662 initio
1748 2607 1834 2662 illi
1884 2609 2170 2666 obnoxius

529 2693 716 2748 factus
767 2697 878 2764 est,
929 2694 1196 2764 ejusdem
1263 2712 1496 2768 quoque
1550 2696 1726 2752 finem
1785 2698 2168 2754 demonstrat.

529 2785 724 2852 Usque
753 2783 824 2837 ad
867 2781 1055 2854 legem
1105 2783 1262 2838 enim
1297 2789 1602 2855 peccatum
1642 2791 1766 2840 erat
1807 2787 1864 2840 in
1900 2788 2119 2842 mundo
2152 2804 2166 2842 :

528 2871 814 2925 Peccatum
867 2875 1056 2926 autem
1111 2887 1224 2928 non
1293 2872 1694 2945 imputabatur,
1745 2892 1870 2930 cum
1921 2877 2011 2931 lex
2061 2892 2169 2932 non

528 2968 682 3014 esset.
717 2958 818 3014 Sed
855 2962 1106 3030 regnavit
1133 2975 1281 3016 mors
1311 2962 1380 3016 ab
1411 2962 1581 3016 Adam
1622 2979 1793 3034 usque
1821 2963 1890 3018 ad
1920 2965 2164 3036 Moysen:

526 3049 689 3102 etiam
721 3049 780 3102 in
806 3063 912 3113 eos,
945 3049 1043 3120 qui
1074 3065 1183 3104 non
1214 3057 1598 3120 peccaverunt,
1659 3053 1714 3104 in
1745 3052 2171 3107 similitudinem

518 3137 997 3206 praevaricationis
1027 3138 1180 3205 Adae,
1212 3139 1308 3210 qui
1330 3149 1408 3193 est
1441 3139 1626 3210 forma
1655 3143 1842 3210 futuri
1861 3140 1927 3196 ⁸⁸.
1953 3141 2168 3214 Moysis

525 3228 714 3279 autem
751 3225 986 3280 nomine
1017 3225 1201 3296 legem
1253 3227 1566 3299 intelligit:
1601 3231 1771 3296 cujus
1807 3229 2030 3300 politia,
2067 3247 2165 3286 seu

530 3312 864 3382 reipublicae
896 3313 1360 3382 administratio,
1395 3331 1583 3386 usque
1619 3317 1686 3370 ad
1723 3319 2040 3374 Servatoris
2067 3319 2171 3375 ad-

529 3405 768 3455 ventum
803 3399 1073 3458 invaluit.
1101 3403 1243 3457 Cum
1277 3409 1471 3458 autem
1518 3412 1856 3476 peccassent
1885 3413 1944 3462 et
1973 3408 2033 3476 ii,
2067 3408 2166 3479 qui

529 3506 598 3546 ex
629 3489 774 3563 legis
806 3489 969 3546 illius
1001 3491 1645 3563 praescriptovivebant,
1665 3500 1724 3551 et
1752 3495 1917 3568 ii,qui
1948 3502 2171 3553 natura

522 3578 707 3649 legem
741 3581 1384 3653 sequebantur,merito
1413 3582 1727 3654 imperium
1761 3601 1917 3642 mors
1944 3585 2004 3642 in
2038 3585 2168 3644 illos

521 3669 797 3738 exercuit,
857 3670 983 3740 ejus
1058 3672 1380 3742 potentiam
1459 3673 1844 3731 confirmante
1909 3681 2165 3748 peccato.

520 3757 812 3830 Stipendia
832 3760 981 3814 enim
1007 3759 1240 3830 peccati,
1294 3759 1503 3816 mors“
1557 3767 1699 3820 erat.
1734 3762 1935 3835 Itaque
1967 3770 2167 3836 postea

521 3862 698 3918 quam
735 3848 938 3904 docuit
961 3850 1253 3905 undenam
1280 3857 1578 3922 peccatum
1611 3853 2164 3926 cceperit,etquous-

514 3953 626 4008 que
658 3953 816 3992 more
871 3940 1220 4010 regnaverit,
1273 3941 1442 3994 docet
1471 3940 1644 3995 etiam
1699 3958 1954 4011 quonam
1991 3945 2162 4000 modo

512 4027 641 4096 ejus
669 4025 983 4098 imperium
1040 4026 1399 4083 dissolutum
1449 4028 1864 4101 fuerit:atque
1911 4031 2163 4088 immen-

512 4131 637 4169 sam
671 4113 771 4170 Dei
809 4115 1234 4171 humanitatem
1289 4116 1488 4172 laudat
1538 4118 1632 4174 his
1661 4119 1876 4188 verbis,
1920 4121 2021 4176 Sed
2051 4138 2159 4178 non

509 4204 652 4258 sicut
682 4202 966 4269 delictum,
1001 4203 1082 4259 ita
1109 4211 1165 4259 et
1221 4204 1444 4260 donum.
1477 4207 1540 4262 Si
1569 4209 1720 4265 enim
1761 4211 1928 4264 unius
1958 4211 2160 4267 delicto

507 4291 675 4346 multi
703 4293 911 4346 mortui
937 4301 1084 4360 sunt,
1116 4294 1287 4349 multo
1321 4298 1504 4365 magis
1534 4300 1718 4367 gratia
1749 4299 1844 4353 Dei
1871 4301 1922 4354 et
1954 4299 2157 4355 donum

510 4382 571 4436 in
598 4381 788 4451 gratia
817 4381 984 4435 unius
1011 4381 1252 4437 hominis
1276 4384 1401 4439 Iesu
1438 4383 1648 4441 Christi
1676 4389 1736 4441 in
1764 4387 1948 4458 plures
1978 4389 2155 4444 abun-

510 4469 660 4526 davit
689 4467 758 4504 ⁸⁷·

2279 1976 2516 2033 stum”.
2579 1983 2906 2046 Peccatum,
2939 1980 3154 2052 inquit,
3214 1988 3465 2037 mortem
3514 1980 3767 2043 conciliat,
3811 1978 3851 2032 in

2279 2065 2454 2121 vitam
2503 2082 2638 2122 vero
2695 2069 2860 2140 regni
2909 2084 3041 2124 cum
3090 2069 3268 2126 unius
3298 2071 3535 2141 justitia
3579 2081 3852 2126 servamur:

2281 2171 2394 2209 non
2419 2153 2566 2226 lege,
2600 2155 2700 2210 sed
2733 2156 3139 2212 misericordia
3159 2157 3423 2215 divinam
3443 2157 3673 2214 salutem
3701 2170 3852 2210 conse-

2283 2249 2547 2315 quentes.
2581 2243 2742 2301 Juris
2771 2245 2928 2301 enim
2956 2245 3048 2301 lex
3076 2263 3283 2303 omnes
3339 2247 3618 2320 supplicio
3647 2262 3754 2300 reos
3775 2243 3852 2298 ad-

2279 2331 2532 2388 dixerat:
2561 2348 2766 2389 omnes
2797 2333 2954 2389 enim
2985 2335 3203 2406 peccati
3233 2337 3486 2407 operarii
3519 2350 3721 2392 eramus
3745 2333 3850 2386 Nam

2280 2420 2328 2476 si
2357 2421 2431 2475 ob
2491 2421 2668 2477 unius
2722 2427 3020 2494 peccatum
3067 2427 3349 2496 prosapia
3395 2427 3743 2481 condemnata
3775 2424 3848 2482 cst,

2281 2509 2506 2580 aequius
2540 2509 2742 2582 utique
2765 2528 3012 2584 prorsus
3039 2518 3184 2584 erat,
3219 2519 3282 2568 ut
3316 2515 3416 2588 qui
3446 2521 3662 2588 peccato
3689 2509 3850 2567 servie-

2281 2599 2442 2665 bant,
2483 2601 2772 2673 supplicio
2818 2602 3244 2660 addicerentur.
3302 2606 3419 2662 Sed
3451 2605 3638 2661 divina
3676 2599 3850 2658 miseri-

2280 2691 2479 2746 cordia
2503 2691 2660 2762 juris
2691 2693 2836 2749 ﬁnes
2859 2697 3226 2766 transgressa
3255 2703 3375 2763 est,
3397 2703 3563 2768 atque
3578 2691 3850 2751 humanitas

2281 2779 2672 2851 aequalitatem
2707 2783 3001 2853 superavit
3023 2801 3036 2839 :
3057 2785 3138 2840 ita
3156 2790 3217 2840 ut
3247 2785 3383 2859 lege
3400 2788 3470 2843 ab
3501 2803 3608 2842 uno
3627 2781 3849 2853 completa

2281 2889 2484 2930 omnes
2519 2874 2578 2928 in
2610 2889 2743 2928 eum
2778 2875 3076 2930 credentes
3107 2875 3298 2932 salute
3335 2875 3664 2934 fruerentur.
3686 2873 3850 2939 Quibus

2279 2963 2472 3018 verbis
2495 2968 2876 3034 posteaquam
2909 2963 3254 3021 immensam
3275 2966 3686 3023 humanitatem
3704 2967 3849 3019 osten-

2281 3052 2387 3116 dit,
2417 3052 2608 3106 denuo
2660 3038 2746 3106 ad‘
2790 3053 2945 3108 verbi
2979 3054 3160 3108 divini
3215 3057 3649 3126 explicationem
3680 3047 3851 3107 transit.

2282 3139 2462 3209 Igitur
2491 3137 2637 3196 sicut
2655 3154 2756 3210 per
2787 3143 2956 3196 unius
2984 3139 3246 3196 delictum
3277 3144 3348 3197 in
3375 3159 3552 3199 omnes
3579 3143 3789 3196 homines
3811 3134 3854 3188 in

2280 3229 2784 3284 condemnationem
2817 3246 2830 3284 :
2863 3229 2947 3285 sic
2973 3239 3024 3284 et
3066 3247 3168 3301 per
3195 3233 3367 3288 unius
3405 3233 3661 3304 justitiam
3697 3228 3746 3282 in
3767 3240 3853 3280 om-

2279 3332 2375 3370 nes
2404 3317 2648 3372 homines
2676 3317 2733 3372 in
2758 3319 3205 3389 iustiﬁcationem
3238 3322 3375 3378 vitae
3403 3321 3466 3376 νο.
3507 3321 3641 3376 Hinc
3669 3336 3697 3372 a
3723 3313 3852 3370 rebus

2280 3405 2348 3459 ad
2384 3421 2663 3476 personas
2697 3407 3013 3474 transiens,
3045 3407 3196 3464 Sicut
3225 3411 3400 3477 enim,
3433 3409 3633 3481 inquit,
3659 3421 3740 3478 per
3763 3402 3854 3456 ino-

2280 3495 2611 3552 bedientiam
2640 3497 2809 3552 unius
2839 3497 3107 3566 hominis,
3133 3506 3444 3569 peccatores
3487 3493 3853 3556 constitutisunt

2276 3585 2462 3652 multi,
2497 3588 2575 3641 ita
2629 3596 2678 3642 et
2725 3603 2822 3654 per
2873 3590 3041 3643 unius
3095 3589 3486 3657 obeditionem,
3528 3590 3657 3661 justi
3694 3581 3852 3640 consti-

2274 3677 2501 3727 tuentur
2527 3672 2698 3728 multi
2716 3672 2784 3730 9‘.
2832 3677 3345 3732 Pernecessarium
3373 3679 3560 3750 gporro
3587 3677 3712 3741 erat,
3739 3668 3847 3724 utin

2278 3765 2525 3833 utroque
2553 3761 2804 3818 dictione
2835 3765 2994 3819 Multi
3017 3769 3300 3820 uteretur.
3327 3767 3470 3822 Cum
3489 3765 3632 3822 enim
3663 3773 3847 3833 peccas-

2275 3854 2364 3904 set
2393 3853 2675 3920 Adamus,
2709 3852 3239 3925 quamplurimique
3287 3857 3444 3927 leges
3475 3853 3682 3908 divinas
3707 3855 3852 3904 trans-

2271 3939 2453 4009 gressi
2480 3945 2698 4004 essent,
2730 3939 2996 3995 nonnulli
3029 3942 3184 3996 intra
3211 3948 3436 3998 naturas
3467 3945 3604 3998 ﬁnes
3633 3949 3846 4012 perseve-

2272 4035 2514 4081 rarunt:
2546 4031 2602 4081 et
2657 4027 2905 4083 sludiosi
2959 4029 3193 4085 virtutis
3243 4031 3500 4099 fuerunt,
3551 4038 3605 4084 ut
3657 4022 3846 4084 Abelus,

2270 4114 2561 4181 Enochus,
2615 4118 2844 4183 Nemus,
2906 4117 3266 4186 patriarchas,
3332 4119 3636 4190 prophetae,
3677 4108 3845 4167 caeteri-

2269 4219 2381 4274 que
2416 4203 2712 4274 permulti,
2736 4221 2847 4259 non
2874 4210 3102 4260 tantum
3137 4209 3291 4277 apud
3332 4207 3580 4272 Judaaos,
3601 4205 3688 4260 sed
3713 4200 3845 4254 etiam

2269 4292 2420 4362 apud
2445 4292 2590 4348 alias
2620 4301 2860 4364 gentes:
2896 4295 2965 4350 de
2999 4295 3214 4366 quibus
3256 4297 3338 4351 ita
3368 4299 3568 4353 beatus
3589 4286 3844 4364 Apostolus

2267 4381 2382 4436 ait:
2419 4382 2552 4438 Cum
2577 4387 2728 4438 enim
2757 4390 2966 4454 gentes,
2999 4401 3124 4454 quae
3143 4386 3320 4454 legem
3360 4405 3468 4444 non
3487 4387 3690 4448 habent,
3717 4381 3841 4432 natu-

2265 4469 2460 4526 raliter
2485 4487 2550 4527 ea
2599 4488 2720 4543 quae
2761 4474 2896 4541 legis
2951 4483 3080 4529 sunt
3126 4477 3369 4542 faciunt,
3415 4472 3670 4546 ejusmodi
3705 4471 3838 4540 legem

581 4557 840 4614 Ambitio
873 4557 1600 4631 humanitatis,inquit,jus
1621 4567 1679 4616 et
1706 4579 1939 4635 aequum
1963 4571 2156 4622 trans-
2193 4548 2233 4610 Ι)
2263 4576 2378 4614 non
2410 4561 2685 4628 habentes.
2727 4562 2834 4632 ipsi
2861 4563 2967 4619 sibi
2993 4571 3125 4619 sunt
3183 4565 3277 4620 ιεω
3297 4566 3362 4621 θ’.
3397 4567 3482 4621 Ab
3512 4565 3736 4620 adventu
3764 4571 3840 4611 au-

507 4648 788 4722 greditur.
839 4647 1000 4704 Juris
1056 4648 1214 4702 enim
1269 4649 1626 4721 prmacripto,
1689 4661 1920 4724 propter
1970 4655 2147 4712 unius

506 4737 806 4803 delictum,
834 4735 1106 4792 universa
1122 4737 1250 4806 ejus
1267 4738 1536 4810 prosapia
1554 4741 1721 4795 morti
1747 4741 2144 4800 addicebatur.

505 4828 710 4882 Divina
737 4842 874 4882 vero
903 4825 1327 4894 misericordia,
1349 4843 1480 4883 cum
1508 4844 1713 4884 omnes
1743 4831 2011 4888 homines
2033 4835 2144 4890 sub

499 4915 894 4971 exsecratione
947 4919 1171 4983 essent,
1207 4922 1265 4971 et
1322 4917 1541 4987 peccati
1575 4919 1839 4975 cassibus
1884 4922 2139 4992 implica-

499 5011 720 5066 rentur,
768 5008 1007 5074 propter
1062 5003 1238 5060 unius
1263 5005 1584 5075 justitiam,
1617 5009 1844 5063 cunctis
1893 5009 2139 5066 salutem

498 5090 741 5160 elargita
770 5095 876 5146 est.
916 5092 1226 5148 Hominem
1260 5098 1458 5151 autem
1482 5096 1842 5153 Servatorem
1878 5100 2136 5171 appella-

495 5178 721 5244 vit,non
758 5183 820 5229 ut
851 5180 979 5246 ejus
1003 5181 1368 5237 divinitatem
1403 5183 1715 5252 inﬁcietur,
1749 5186 1964 5259 (ipsum
1983 5190 2133 5246 enim

496 5263 680 5320 Deum
715 5280 842 5319 esse
873 5267 1044 5334 novit,
1079 5271 1339 5338 ejusdem
1365 5289 1498 5328 cum
1523 5273 1638 5330 Deo
1670 5277 1931 5347 genitore
1953 5278 2132 5333 hono-

496 5352 644 5421 risz)
693 5352 795 5406 sed
846 5357 909 5406 ut
962 5353 1153 5411 simile
1202 5375 1234 5412 a
1269 5359 1448 5415 simili
1508 5368 1776 5419 sanatum
1821 5366 2019 5434 fuisse,
2061 5368 2132 5424 ab

498 5437 764 5508 ipsisque
789 5439 1066 5506 primitiis
1118 5446 1632 5506 sanctiﬁcationem
1687 5453 1786 5508 toti
1817 5455 2132 5512 accessisse

2261 4651 2377 4702 tem
2409 4648 2732 4706 Servatoris
2755 4667 2868 4707 non
2924 4668 3128 4707 omnes
3159 4653 3411 4710 salutem
3434 4652 3836 4721 consequuntur,

2255 4737 2352 4793 sed
2378 4738 2416 4792 ii
2449 4738 2551 4809 qui
2601 4739 2867 4808 credunt,
2928 4747 2983 4796 et
3015 4759 3083 4798 ex
3141 4743 3476 4799 divinarum
3524 4746 3643 4811 ejus
3681 4739 3836 4807 legum

2253 4828 2598 4897 praescripto
2630 4828 2806 4883 vitam
2854 4847 3021 4884 suam
3071 4831 3408 4888 instituunt.
3455 4833 3574 4895 Qua
3610 4828 3762 4884 etiam
3787 4821 3837 4874 de

2253 4931 2428 4970 causa
2461 4915 2519 4969 in
2572 4916 2828 4989 imagine
2883 4925 2945 4974 et
2999 4919 3057 4974 in
3090 4921 3397 4994 archetypo
3453 4919 3692 4976 dictione
3717 4907 3838 4971 Multi

2253 5019 2396 5059 usus
2427 5010 2534 5060 est.

2911 5097 3061 5153 CAP.
3092 5097 3228 5154 XLI.

2248 5190 2362 5245 Cur
2418 5191 2670 5246 Christus
2727 5194 2883 5249 homo
2913 5197 3114 5263 lactus.
3171 5197 3532 5251 Resurrectio.
3579 5191 3826 5248 Iudicium.

2451 5265 2600 5318 Varii
2620 5266 2903 5320 beatorum
2931 5273 2982 5321 ct
3003 5267 3414 5322 damnatorum'
3446 5267 3669 5322 ordinis.

2312 5373 2418 5426 Sed
2456 5372 2778 5440 videamus,
2809 5375 3116 5445 cujusnam
3138 5378 3219 5432 rei
3250 5394 3384 5449 ergo
3418 5361 3825 5444 Unigenitusllei

2243 5459 2423 5515 Filius
2452 5477 2688 5516 carnem
2723 5464 3110 5535 assumpserit
3135 5482 3146 5517 ε
3175 5464 3543 5536 humanaque
3574 5464 3826 5515 naturaet:-

561 5557 1622 5652 ῗὲιιιξξι.ιέη2ςξη1⁸ξηῆοεῃκχκ4ᾎ
1698 5577 1934 5652 ﬁnitum.
1993 5597 2116 5646 xm,

2339 5583 2385 5620 ³⁸
2417 5585 2575 5640 Rom.
2634 5604 2708 5652 vr,
2753 5587 2842 5643 23.
2918 5587 2963 5623 ⁸⁷
3014 5588 3180 5644 Rom.
3227 5607 3278 5652 ν,
3314 5590 3398 5644 45.
3475 5588 3517 5622 δ’
3568 5583 3694 5641 Ibid.
3753 5575 3818 5630 16.

492 5629 836 5686 arma”.
913 5633 1244 5691 9°Ibid.18.
1322 5629 1660 5700 9sibiius.
1742 5629 2188 5722 ω”ἤότὶιξὶἱζὶίιζ
