4090 6298
302 383 451 441 1241

1630 385 2028 447 THESAURI
2075 387 2223 447 LIB.
2272 387 2371 448 ιν.

3554 389 3712 447 1242

302 520 413 575 mel
447 523 760 591 assumpta,
794 519 968 575 homo
1001 520 1194 588 fuerit,
1230 528 1280 576 et
1331 520 1635 578 audiverit.
1667 522 1946 577 Eamdem
1986 530 2032 593 Α
2066 527 2523 596 viviﬁcabuntur;
2557 527 2887 583 communis
2902 528 3055 582 enim
3073 527 3418 582 resurrectio
3433 530 3554 582 est:
3583 531 3712 598 post

306 613 478 667 nobis
509 611 822 681 Apostolus
849 611 1173 667 doctrinam
1199 613 1256 666 in
1284 629 1351 668 ea
1386 629 1618 684 quoque
1650 613 1955 685 proposuit

299 701 580 772 Epistola,
614 716 789 772 quam
822 701 893 755 ad
927 701 1256 756 Corinthios
1283 703 1536 773 scripsit,
1570 703 1670 759 ubi
1703 703 1788 758 sic
1819 704 1902 757 ait
1929 721 1942 758 :

298 790 455 845 Nunc
482 798 665 845 autem
702 790 946 845 Christus
978 791 1288 846 resurrexit
1316 809 1351 845 a
1395 791 1652 860 mortuis,
1681 791 1947 861 primitiae

298 878 694 934 dormientium
729 896 742 932 :
776 878 1035 950 quoniam
1086 879 1305 950 quidem
1350 898 1450 952 per
1498 882 1772 936 hominem
1801 897 1948 936 mors

298 978 350 1022 el
372 984 470 1038 per
502 966 781 1022 hominem
806 969 1140 1024 resurrectio
1168 980 1529 1024 mortuorum.
1562 971 1705 1025 Tum
1740 969 1947 1026 deinde

295 1074 329 1111 a
362 1060 569 1110 natura
607 1057 679 1111 ad
710 1072 996 1126 personas
1040 1060 1272 1124 transit,
1307 1057 1400 1113 his
1432 1058 1618 1113 verbis
1651 1075 1662 1112 :
1700 1061 1769 1111 Et
1797 1057 1945 1113 sicut

294 1149 356 1203 in
378 1150 554 1203 Adam
583 1165 774 1205 omnes
802 1149 1140 1218 moriuntur,
1178 1154 1251 1205 ita
1281 1158 1333 1205 et
1387 1153 1446 1204 in
1511 1151 1727 1207 (‘hrislo
1758 1165 1944 1206 omnes

367 1272 412 1310 ’3
442 1277 463 1330 Ι
496 1276 622 1331 Cor.
651 1292 745 1339 xv,
777 1278 846 1332 20
877 1294 1037 1349 seqq.

2062 615 2544 671 resurrectionem
2577 621 2794 683 autem,
2820 614 3106 685 judicium
3142 615 3447 685 erit,quod
3470 616 3708 685 quidem

2056 703 2409 771 significavit
2437 705 2507 759 iis
2526 721 2652 777 quas
2676 705 2981 774 subjunxit
3005 720 3018 757 :
3049 705 3426 775 Unusquisque
3448 713 3627 759 autem
3652 705 3709 757 in

2054 810 2151 849 suo
2180 794 2371 850 ordine
2399 795 2639 850 “.Multi
2677 800 2818 851 sunt
2847 796 3088 862 eniin,et
3118 812 3318 850 eorum
3343 795 3438 865 qui
3461 795 3704 868 puniun-

2055 888 2152 937 tur
2181 887 2236 937 et
2265 899 2465 939 eorum
2500 886 2598 956 qui
2629 890 2957 949 servantur,
2981 883 3255 950 ordines;
3293 884 3576 954 siquidem
3605 901 3705 954 pro

2049 971 2293 1042 justitia:
2325 972 2604 1043 qualitate
2631 978 2689 1028 et
2721 973 3072 1045 quantitate,
3124 973 3410 1028 donorum
3451 974 3704 1028 retribu-

2053 1064 2244 1117 tiones
2282 1063 2438 1129 fient,
2466 1063 2789 1135 eodemque
2824 1064 3017 1130 modo,
3052 1080 3153 1135 pro
3192 1068 3558 1136 peccatorum
3586 1063 3701 1117 dit-

2056 1151 2320 1219 ferentia,
2353 1167 2532 1223 pmnae
2564 1169 2795 1224 quoque
2825 1157 2881 1208 et
2932 1151 3222 1225 supplicia
3254 1153 3701 1223 irrogabuntur.

1081 1611 1805 1804 NICETZE
1927 1614 2908 1805 CllONlAT/E

792 1899 1565 2056 THESAURI
1684 1899 2657 2055 Oli'l‘llOliOX/E
2779 1901 3208 2052 FIDEI

1478 2139 1849 2233 LIBER
1916 2137 2516 2246 QUARTUS.

882 2321 1253 2379 ADVERSUS
1292 2319 1784 2377 ANTEARIANAS
1826 2317 2161 2373 H/ERESES
2197 2317 2716 2381 QUADRAGIN'I‘A
2759 2316 3109 2381 QUATUOR.

1155 2478 1457 2548 Unicuique
1484 2478 1657 2548 capiti
1685 2491 1781 2531 seu
1807 2472 2009 2531 haeresi
2033 2489 2136 2528 sua
2165 2488 2388 2528 annexa
2413 2479 2492 2528 est
2520 2471 2847 2542 confatalia.

924 2788 1318 2846 PREFATIO.

634 2902 711 2954 De
743 2897 948 2953 Christi
977 2906 1029 2953 et
1056 2897 1274 2953 Satanas
1304 2893 1601 2951 ministris.

367 3009 510 3062 Cum
529 3005 1007 3078 sapientissimus
1030 3004 1433 3058 universorum
1450 3001 1606 3057 Deus
1620 2999 1943 3056 humanam

298 3101 535 3169 propter
565 3114 672 3153 nos
707 3112 962 3151 massam
986 3094 1374 3159 subiisset,ita
1405 3090 1945 3161 demum,querr.ad-

300 3188 537 3242 modum
564 3187 686 3257 jam
719 3185 991 3252 diximus,
1024 3183 1324 3238 Trinitatis
1357 3182 1577 3249 lumen,
1612 3180 1797 3250 primo
1815 3179 1943 3250 qui-

300 3274 431 3330 dem
465 3290 785 3345 paucorum
818 3273 1198 3345 piscatorum,
1241 3270 1450 3326 deinde
1478 3286 1609 3325 vero
1640 3270 1941 3323 doctorum

304 3363 537 3435 pietatis
575 3379 750 3434 opera
776 3367 834 3418 et
864 3361 1209 3429 ministerio,
1243 3377 1345 3431 per
1392 3359 1725 3415 universum
1756 3362 1942 3412 terra-

304 3468 435 3506 rum
468 3452 665 3507 orbem
705 3451 1065 3524 propagavit,
1097 3455 1155 3505 et
1196 3450 1409 3505 erroris
1456 3447 1635 3517 illius,
1670 3449 1770 3518 qui
1801 3449 1939 3503 deo.

307 3557 437 3595 rum
471 3557 708 3596 examen
744 3539 1229 3613 myrmeciamque
1270 3539 1582 3604 invexerat,
1634 3543 1829 3593 sentes
1861 3555 1943 3592 ru-

300 3631 515 3685 dicitus
546 3632 904 3703 exstirpavit.

371 3721 530 3784 Quod
564 3737 694 3775 cum
725 3718 819 3773 ille
850 3718 1181 3773 communis
1212 3718 1520 3772 hominum
1571 3717 1939 3772 adversarius

293 3825 457 3879 sequo
489 3809 686 3863 animo
721 3810 864 3863 terre
895 3824 1009 3862 non
1055 3813 1268 3877 posset,
1305 3811 1366 3860 ut
1395 3806 1490 3876 qui
1525 3806 1635 3860 sibi
1664 3806 1938 3860 subditos

293 3915 327 3953 a
357 3915 418 3952 se
449 3898 664 3953 abduci
693 3901 970 3963 cerneret,
1003 3898 1305 3951 hominum
1331 3912 1436 3950 sua
1467 3894 1651 3965 ipsius
1685 3896 1938 3963 nequitia

294 3987 601 4057 dignorum
654 3985 1000 4053 ministerio,
1060 3983 1193 4039 fidei
1242 3984 1571 4038 orthodoxa:
1627 3984 1938 4037 insidiatus

292 4092 408 4142 ess,
443 4074 589 4129 nihil
622 4075 783 4145 prius
815 4080 912 4127 ant
945 4072 1245 4144 antiquius
1282 4072 1709 4143 babens,quam
1745 4077 1807 4126 ut
1829 4073 1929 4126 ho-

294 4164 481 4218 mines
514 4164 571 4218 in
604 4164 845 4217 exitium
882 4162 1256 4233 pertraheret.
1314 4161 1394 4216 Ex
1441 4176 1557 4231 quo
1611 4162 1823 4225 evenit,
1872 4167 1935 4216 ut

289 4268 419 4307 cum
452 4252 539 4307 vix
575 4252 766 4307 adhuc
800 4249 1197 4322 apostolorum
1228 4251 1573 4305 conﬁrmata
1606 4250 1934 4320 praedicatio

288 4347 673 4404 esset,verum
709 4340 1032 4412 primorum
1066 4338 1390 4394 etiamnum
1425 4339 1929 4395 fundamentorum

285 4430 623 4485 ﬁrmitatem
650 4427 1031 4501 experiretur,
1084 4426 1180 4482 ille
1223 4428 1512 4484 confestin
1555 4428 1782 4483 semina
1819 4429 1929 4483 im-

284 4520 516 4590 pietatis
545 4519 594 4575 ei
628 4517 997 4590 permiscere,
1032 4533 1216 4588 eaque
1245 4517 1711 4589 superseminare
1743 4534 1925 4589 cmpe-

287 4609 382 4663 rit.

985 4695 1139 4751 CAP.
1183 4697 1226 4752 Ι.

435 4806 628 4860 Prima
656 4805 899 4871 heresis,
932 4803 1173 4859 Simonis
1206 4803 1350 4873 Magi
1378 4808 1431 4859 et
1465 4804 1750 4859 Basilidis.

352 4910 538 4981 Hujus
563 4913 705 4967 adeo
736 4911 1079 4967 vaframenti
1106 4912 1304 4966 Simon
1329 4911 1552 4983 primus
1582 4913 1926 4968 administer

282 5000 463 5054 fuisse
496 5002 698 5066 fertur,
730 5000 828 5072 qui
873 4999 1088 5055 Gitthis
1138 5005 1299 5056 ortus
1354 5001 1423 5072 (is
1453 5001 1727 5057 Samaria:
1758 5003 1921 5058 vicus

275 5088 385 5157 est)
415 5104 546 5143 cuin
579 5090 900 5162 prastigias
932 5105 1104 5145 omne
1141 5106 1328 5159 genus
1358 5092 1427 5145 ad
1467 5107 1725 5162 unguem
1757 5096 1920 5146 tene-

276 5182 383 5242 ret,
418 5176 634 5232 multos
667 5180 1080 5233 miraculorum
1113 5179 1365 5234 editione
1388 5196 1557 5235 suam
1592 5180 1651 5234 in
1682 5187 1914 5235 senten-

274 5267 410 5321 tiam
443 5265 791 5337 pelliciebat.
820 5272 1006 5337 Atque
1033 5268 1081 5322 si
1114 5270 1346 5338 quando
1387 5285 1518 5323 cum
1550 5270 1769 5325 Judeis
1790 5287 1916 5325 ver-

269 5362 519 5423 saretur,
554 5371 617 5410 se
652 5356 745 5409 Dei
779 5354 987 5409 Filium
1021 5373 1039 5410 :
1074 5357 1122 5411 si
1157 5373 1288 5411 cum
1320 5359 1914 5427 Samaritanisﬁeum

268 5448 495 5499 Patrem
524 5461 537 5508 ;
572 5444 618 5497 si
654 5459 787 5498 cum
819 5443 1063 5513 reliquis
1097 5447 1453 5511 nationibus,
1484 5448 1765 5519 Spiritum
1786 5466 1915 5504 san-

266 5539 428 5591 ctum
460 5550 592 5589 esse
625 5535 1021 5603 profitebatur.
1056 5534 1127 5590 Ut
1158 5539 1499 5603 generaliori
1549 5540 1720 5596 verbo
1750 5558 1908 5598 com-

340 5660 453 5733 (39)
485 5660 743 5717 lrenmus
772 5664 1042 5728 omnium,
1074 5665 1135 5717 ut
1167 5657 1295 5715 ὅλον
1329 5682 1432 5736 pro
1462 5663 1647 5721 ἄλλων
1680 5669 1862 5740 legas.

1973 2786 2019 2850 Β
2050 2780 2332 2851 munique
2361 2780 2629 2836 doctrina
2669 2780 3042 2847 concludam,
3099 2778 3359 2850 seipsum
3406 2778 3697 2834 inﬁnitam

2056 2869 2157 2925 Dei
2189 2871 2505 2941 potentiam
2559 2868 2915 2925 nominabat.
2975 2868 3375 2939 Principatum
3433 2872 3490 2922 et
3538 2872 3701 2939 pote~

2052 2964 2273 3015 statum
2306 2959 2563 3029 nomina,
2597 2958 2885 3029 caelosque
2930 2956 3300 3029 conﬁngebat
3331 2976 3346 3026 ;
3377 2966 3430 3013 et
3463 2958 3699 3011 unicui-

2052 3066 2164 3122 que
2212 3049 2353 3104 cmlo
2405 3052 2722 3120 potestates
2772 3048 2991 3118 aliquot
3038 3046 3304 3101 barbaris
3360 3046 3698 3100 nominibus

2051 3139 2236 3195 dictas
2269 3138 2611 3194 ascribebat.
2648 3139 2894 3209 Insuper
2924 3135 3214 3191 meretrici
3246 3135 3478 3191 cuidam
3511 3134 3695 3206 Tyrias

2051 3244 2282 3301 genere,
2319 3227 2657 3297 Helenaque
2690 3230 2947 3294 nomine,
2981 3241 3157 3296 quam
3205 3241 3404 3281 secum
3437 3226 3692 3281 circum~

2049 3318 2349 3388 ductabat,
2385 3317 2581 3387 primm
2614 3316 2871 3372 notionis
2895 3314 3345 3387 appellationem
3378 3315 3689 3379 indiderat,

2050 3414 2105 3463 et
2137 3407 2631 3478 quemadmodum
2683 3422 2744 3460 se
2789 3405 2973 3460 Deum
3029 3405 3279 3472 Patrem,
3320 3405 3402 3459 ita
3442 3410 3500 3460 et
3529 3403 3691 3458 illam

2050 3496 2297 3553 aliorum
2331 3497 2440 3569 (T39)
2474 3513 2596 3552 esse
2632 3505 2876 3551 matrem
2905 3512 2917 3552 :
2955 3512 3054 3566 per
3084 3511 3331 3565 eamque
3362 3511 3424 3549 se
3454 3493 3695 3566 angelos

2049 3592 2104 3640 ct
2134 3585 2515 3657 archangelos
2552 3586 2905 3648 fecissejmo
2937 3585 3133 3656 ipsum
3163 3586 3234 3637 ab
3265 3582 3487 3652 angelis
3518 3598 3687 3635 mun-

2047 3678 2185 3730 dum
2220 3675 2519 3729 conditum
2556 3676 2737 3729 fuisse
2767 3674 3195 3729 asserebatﬂis
3218 3671 3693 3741 addebat,quem-

2046 3764 2361 3817 admodum
2394 3761 2623 3816 Helenae
2655 3762 2980 3816 invidentes
3015 3757 3226 3830 angeli,
3262 3774 3385 3812 eam
3420 3774 3595 3827 penes
3627 3774 3688 3812 se

2044 3852 2436 3918 detinuerant,
2467 3855 2529 3903 ut
2575 3850 2675 3919 qui
2707 3851 2833 3920 ejus
2886 3864 3061 3918 opera
3105 3864 3203 3901 seu
3257 3851 3536 3901 creaturae
3567 3846 3682 3901 dici

2045 3939 2281 3993 nollent.
2318 3939 2477 3993 Unde
2510 3939 2725 3992 factum
2759 3942 2931 3997 esset,
2954 3941 3018 3991 ut
3047 3953 3173 3991 eam
3206 3935 3263 3989 in
3297 3934 3681 4005 plurimarum

2043 4030 2393 4083 feminarum
2417 4044 2658 4097 corpora
2678 4026 3520 4094 detrusissent,novissimeque
3542 4024 3683 4079 adeo

2046 4118 2101 4172 in
2138 4117 2413 4173 Helenam
2463 4116 2736 4187 Tyndari,
2790 4132 2913 4183 quas
2966 4116 3216 4186 Trojano
3265 4113 3412 4169 bello
3446 4130 3683 4169 causam

2046 4208 2323 4262 dedissrt.
2358 4210 2418 4262 In
2453 4207 2630 4277 hujus
2660 4205 2887 4262 Helenae
2919 4206 3159 4275 gratiam
3190 4205 3332 4262 omlo
3365 4222 3425 4260 se
3447 4206 3685 4258 descen-

2042 4297 2199 4351 disse
2226 4296 2639 4367 subjungebut,
2671 4300 2735 4350 ut
2764 4310 2892 4350 eam
2925 4313 2956 4350 a
2990 4295 3263 4361 vinculis,
3296 4296 3511 4367 quibus
3536 4296 3681 4348 deti-

2040 4385 2301 4452 nebatur,
2339 4385 2631 4440 adsereret
2663 4401 2677 4439 :
2710 4383 3169 4456 hominibusque
3195 4386 3252 4438 in
3286 4385 3543 4456 seipsum
3566 4399 3682 4438 cre-

2039 4474 2311 4529 dentibus
2341 4474 2549 4530 salutis
2580 4479 2781 4529 auctor
2809 4479 2982 4529 esset.
3018 4476 3175 4529 ldem
3230 4474 3507 4545 mysteria
3539 4490 3677 4543 quo-

2038 4580 2150 4636 que
2195 4566 2453 4621 fosditate
2508 4581 2681 4621 omne
2735 4580 2920 4637 genus
2970 4563 3371 4631 refertissima,
3433 4580 3680 4634 quaeque

2035 4655 2251 4709 idcirco
2308 4654 2528 4725 linguis
2586 4656 2864 4711 humanis
2921 4655 3166 4725 exprimi
3241 4663 3549 4724 nequeant,
3621 4657 3677 4710 in

2034 4742 2225 4813 ipsum
2259 4744 2653 4811 credentibus,
2685 4745 2792 4799 viri
2833 4745 3072 4816 quidem
3124 4759 3226 4815 per
3270 4744 3547 4814 genitatis
3578 4760 3677 4797 se-

2032 4830 2212 4886 minis
2270 4831 2594 4899 deﬂuvium,
2653 4833 2888 4887 feminis
2946 4837 3137 4887 autem
3200 4847 3300 4901 per
3345 4835 3677 4886 menstruas

2031 4919 2295 4974 deﬂuxus
2344 4923 2707 4992 suggerebat,
2761 4927 2936 4991 atque
2992 4920 3330 4991 hujusmodi
3387 4939 3669 4994 μυσταγω-

2026 5004 2171 5080 γίαν,
2224 5025 2326 5063 seu
2388 5009 2792 5079 initiationem,
2856 5010 3343 5081 impurissimum,
3395 5009 3667 5085 γνώσεως,

2024 5098 2133 5153 hoc
2181 5104 2269 5154 est
2311 5099 2567 5155 scientias
2625 5102 2976 5171 cognitionis
3039 5102 3272 5157 nomine
3338 5103 3507 5157 homo
3556 5102 3667 5158 im-

2023 5188 2375 5258 purissimus
2405 5189 2777 5261 insigniebat.
2832 5190 2991 5246 Unde
3039 5191 3444 5247 Gnoslicorum
3494 5193 3671 5248 etiam

2022 5276 2424 5332 hereticorum
2460 5278 2690 5333 haeresis
2723 5280 3170 5350 suppullulavit.
3222 5283 3468 5354 Insuper
3494 5283 3674 5337 actio-

2025 5383 2161 5419 nem
2223 5382 2455 5436 quoque
2511 5367 2855 5438 quamlibet,
2914 5369 3003 5424 vel
3065 5371 3471 5438 foedissimam,
3529 5373 3674 5425 citra

2023 5455 2202 5511 ullum
2248 5455 2558 5510 discrimen
2609 5458 2936 5513 obeundum
2991 5475 3119 5515 esse
3166 5460 3425 5517 docebat.
3479 5459 3666 5530 Hujus

2023 5545 2344 5601 haeresibus
2403 5546 2719 5600 Menander
2764 5546 3165 5603 Samaritanus
3236 5547 3523 5617 imbutus,
3558 5565 3664 5604 nec
