  <div class='ocr_page' id='page_1' title='image "/cluster/home/n/w/nwhite01/storage/ocr_20150623/139/mdp.39015078384214/633.png"; bbox 0 0 4090 6298; ppageno 0'>
   <div class='ocr_carea' id='block_1_1' title="bbox 419 337 574 397">
    <p class='ocr_par' dir='ltr' id='par_1_1' title="bbox 419 337 574 397">
     <span class='ocr_line' id='line_1_1' title="bbox 419 337 574 397; baseline -0.019 0"><span class='ocrx_word' id='word_1_1' title='bbox 419 337 574 397; x_wconf 68' lang='grc'>1943</span> 
     </span>
    </p>
   </div>
   <div class='ocr_carea' id='block_1_2' title="bbox 1751 313 2516 388">
    <p class='ocr_par' dir='ltr' id='par_1_2' title="bbox 1751 313 2516 388">
     <span class='ocr_line' id='line_1_2' title="bbox 1751 313 2516 388; baseline -0.018 -6"><span class='ocrx_word' id='word_1_2' title='bbox 1751 317 2057 388; x_wconf 65' lang='lat' dir='ltr'>NIGETJE</span> <span class='ocrx_word' id='word_1_3' title='bbox 2099 313 2516 384; x_wconf 72' lang='lat' dir='ltr'>CHONIAT/E</span> 
     </span>
    </p>
   </div>
   <div class='ocr_carea' id='block_1_3' title="bbox 3691 317 3823 380">
    <p class='ocr_par' dir='ltr' id='par_1_3' title="bbox 3691 317 3823 380">
     <span class='ocr_line' id='line_1_3' title="bbox 3691 317 3823 380; baseline 0.045 -6"><span class='ocrx_word' id='word_1_4' title='bbox 3691 317 3823 380; x_wconf 71' lang='grc'>1244</span> 
     </span>
    </p>
   </div>
   <div class='ocr_carea' id='block_1_4' title="bbox 420 445 3820 538">
    <p class='ocr_par' dir='ltr' id='par_1_4' title="bbox 420 445 3820 538">
     <span class='ocr_line' id='line_1_4' title="bbox 420 445 3820 538; baseline -0.005 -14"><span class='ocrx_word' id='word_1_5' title='bbox 420 484 616 526; x_wconf 87' lang='lat' dir='ltr'>eorum</span> <span class='ocrx_word' id='word_1_6' title='bbox 651 465 998 538; x_wconf 76' lang='lat' dir='ltr'>quidquam,</span> <span class='ocrx_word' id='word_1_7' title='bbox 1032 481 1158 536; x_wconf 69' lang='lat' dir='ltr'>quae</span> <span class='ocrx_word' id='word_1_8' title='bbox 1217 462 1524 527; x_wconf 75' lang='lat' dir='ltr'>didicerat,</span> <span class='ocrx_word' id='word_1_9' title='bbox 1577 458 1922 524; x_wconf 77' lang='lat' dir='ltr'>immutans,</span> <span class='ocrx_word' id='word_1_10' title='bbox 1973 452 2062 509; x_wconf 90' lang='lat' dir='ltr'>Si-</span> <span class='ocrx_word' id='word_1_11' title='bbox 2094 451 2150 527; x_wconf 70' lang='grc' dir='ltr'><strong>Α</strong></span> <span class='ocrx_word' id='word_1_12' title='bbox 2179 448 2418 510; x_wconf 82' lang='lat' dir='ltr'>omnino</span> <span class='ocrx_word' id='word_1_13' title='bbox 2449 448 2819 512; x_wconf 85' lang='lat' dir='ltr'>tractassent,</span> <span class='ocrx_word' id='word_1_14' title='bbox 2853 445 2950 520; x_wconf 89' lang='lat' dir='ltr'>qui</span> <span class='ocrx_word' id='word_1_15' title='bbox 2986 454 3172 502; x_wconf 84' lang='lat' dir='ltr'>tamen</span> <span class='ocrx_word' id='word_1_16' title='bbox 3205 446 3499 504; x_wconf 87' lang='lat' dir='ltr'>intactum</span> <span class='ocrx_word' id='word_1_17' title='bbox 3535 447 3676 504; x_wconf 80' lang='lat' dir='ltr'>nihil</span> <span class='ocrx_word' id='word_1_18' title='bbox 3707 450 3820 506; x_wconf 87' lang='lat' dir='ltr'>reli-</span> 
     </span>
    </p>
   </div>
   <div class='ocr_carea' id='block_1_5' title="bbox 431 548 1786 624">
    <p class='ocr_par' dir='ltr' id='par_1_5' title="bbox 431 548 1786 624">
     <span class='ocr_line' id='line_1_5' title="bbox 431 548 1786 624; baseline -0.006 -13"><span class='ocrx_word' id='word_1_19' title='bbox 431 573 602 611; x_wconf 88' lang='lat' dir='ltr'>mone</span> <span class='ocrx_word' id='word_1_20' title='bbox 631 555 805 612; x_wconf 85' lang='lat' dir='ltr'>etiam</span> <span class='ocrx_word' id='word_1_21' title='bbox 838 555 960 624; x_wconf 87' lang='lat' dir='ltr'>ipso</span> <span class='ocrx_word' id='word_1_22' title='bbox 994 552 1270 623; x_wconf 77' lang='lat' dir='ltr'>majorem</span> <span class='ocrx_word' id='word_1_23' title='bbox 1301 567 1362 606; x_wconf 85' lang='lat' dir='ltr'>se</span> <span class='ocrx_word' id='word_1_24' title='bbox 1389 548 1786 620; x_wconf 77' lang='lat' dir='ltr'>proﬁtebatur.</span> 
     </span>
    </p>
   </div>
   <div class='ocr_carea' id='block_1_6' title="bbox 501 630 2070 714">
    <p class='ocr_par' dir='ltr' id='par_1_6' title="bbox 501 630 2070 714">
     <span class='ocr_line' id='line_1_6' title="bbox 501 630 2070 714; baseline -0.006 -14"><span class='ocrx_word' id='word_1_25' title='bbox 501 648 562 700; x_wconf 90' lang='lat' dir='ltr'>In</span> <span class='ocrx_word' id='word_1_26' title='bbox 598 644 774 714; x_wconf 81' lang='lat' dir='ltr'>hujus</span> <span class='ocrx_word' id='word_1_27' title='bbox 805 648 1000 700; x_wconf 87' lang='lat' dir='ltr'>autem</span> <span class='ocrx_word' id='word_1_28' title='bbox 1031 656 1256 696; x_wconf 86' lang='lat' dir='ltr'>errores</span> <span class='ocrx_word' id='word_1_29' title='bbox 1285 637 1564 695; x_wconf 78' lang='lat' dir='ltr'>Basilides</span> <span class='ocrx_word' id='word_1_30' title='bbox 1609 641 1667 694; x_wconf 87' lang='lat' dir='ltr'>et</span> <span class='ocrx_word' id='word_1_31' title='bbox 1717 630 2070 692; x_wconf 64' lang='lat' dir='ltr'>Saturninus</span> 
     </span>
    </p>
   </div>
   <div class='ocr_carea' id='block_1_7' title="bbox 415 726 2069 804">
    <p class='ocr_par' dir='ltr' id='par_1_7' title="bbox 415 726 2069 804">
     <span class='ocr_line' id='line_1_7' title="bbox 415 726 2069 804; baseline -0.01 -14"><span class='ocrx_word' id='word_1_32' title='bbox 415 733 778 804; x_wconf 78' lang='lat' dir='ltr'>juraverant,</span> <span class='ocrx_word' id='word_1_33' title='bbox 811 731 1022 802; x_wconf 79' lang='lat' dir='ltr'>quibus</span> <span class='ocrx_word' id='word_1_34' title='bbox 1055 730 1228 785; x_wconf 85' lang='lat' dir='ltr'>etiam</span> <span class='ocrx_word' id='word_1_35' title='bbox 1263 727 1518 785; x_wconf 77' lang='lat' dir='ltr'>Simonis</span> <span class='ocrx_word' id='word_1_36' title='bbox 1549 726 1779 787; x_wconf 72' lang='lat' dir='ltr'>decreta</span> <span class='ocrx_word' id='word_1_37' title='bbox 1809 734 2069 778; x_wconf 81' lang='lat' dir='ltr'>summo-</span> 
     </span>
    </p>
   </div>
   <div class='ocr_carea' id='block_1_8' title="bbox 421 808 2070 894">
    <p class='ocr_par' dir='ltr' id='par_1_8' title="bbox 421 808 2070 894">
     <span class='ocr_line' id='line_1_8' title="bbox 421 808 2070 894; baseline -0.006 -16"><span class='ocrx_word' id='word_1_38' title='bbox 421 839 556 894; x_wconf 83' lang='lat' dir='ltr'>pere</span> <span class='ocrx_word' id='word_1_39' title='bbox 588 822 910 894; x_wconf 85' lang='lat' dir='ltr'>piacebant.</span> <span class='ocrx_word' id='word_1_40' title='bbox 944 823 1225 877; x_wconf 79' lang='lat' dir='ltr'>Caeterum</span> <span class='ocrx_word' id='word_1_41' title='bbox 1261 815 1540 876; x_wconf 85' lang='lat' dir='ltr'>Basilides</span> <span class='ocrx_word' id='word_1_42' title='bbox 1574 812 1860 889; x_wconf 75' lang='lat' dir='ltr'>quaedam</span> <span class='ocrx_word' id='word_1_43' title='bbox 1894 808 2070 868; x_wconf 69' lang='lat' dir='ltr'>etiam</span> 
     </span>
    </p>
   </div>
   <div class='ocr_carea' id='block_1_9' title="bbox 423 904 2070 985">
    <p class='ocr_par' dir='ltr' id='par_1_9' title="bbox 423 904 2070 985">
     <span class='ocr_line' id='line_1_9' title="bbox 423 904 2070 985; baseline -0.007 -17"><span class='ocrx_word' id='word_1_44' title='bbox 423 911 775 985; x_wconf 74' lang='lat' dir='ltr'>appendices</span> <span class='ocrx_word' id='word_1_45' title='bbox 808 909 1074 982; x_wconf 79' lang='lat' dir='ltr'>magistri</span> <span class='ocrx_word' id='word_1_46' title='bbox 1121 909 1210 966; x_wconf 90' lang='lat' dir='ltr'>sui</span> <span class='ocrx_word' id='word_1_47' title='bbox 1255 904 1668 970; x_wconf 76' lang='lat' dir='ltr'>fabulameutis</span> <span class='ocrx_word' id='word_1_48' title='bbox 1718 904 2070 966; x_wconf 77' lang='lat' dir='ltr'>interserens</span> 
     </span>
    </p>
   </div>
   <div class='ocr_carea' id='block_1_10' title="bbox 425 991 2070 1074">
    <p class='ocr_par' dir='ltr' id='par_1_10' title="bbox 425 991 2070 1074">
     <span class='ocr_line' id='line_1_10' title="bbox 425 991 2070 1074; baseline -0.008 -16"><span class='ocrx_word' id='word_1_49' title='bbox 425 1005 746 1074; x_wconf 89' lang='lat' dir='ltr'>ingenitum</span> <span class='ocrx_word' id='word_1_50' title='bbox 780 1017 908 1058; x_wconf 83' lang='lat' dir='ltr'>esse</span> <span class='ocrx_word' id='word_1_51' title='bbox 940 1000 1190 1064; x_wconf 87' lang='lat' dir='ltr'>dicebat,</span> <span class='ocrx_word' id='word_1_52' title='bbox 1219 1015 1286 1056; x_wconf 89' lang='lat' dir='ltr'>eo</span> <span class='ocrx_word' id='word_1_53' title='bbox 1337 997 1572 1058; x_wconf 81' lang='lat' dir='ltr'>nomine</span> <span class='ocrx_word' id='word_1_54' title='bbox 1621 993 1810 1055; x_wconf 81' lang='lat' dir='ltr'>solum</span> <span class='ocrx_word' id='word_1_55' title='bbox 1847 991 2070 1054; x_wconf 78' lang='lat' dir='ltr'>Patrem</span> 
     </span>
    </p>
   </div>
   <div class='ocr_carea' id='block_1_11' title="bbox 426 1077 2069 1161">
    <p class='ocr_par' dir='ltr' id='par_1_11' title="bbox 426 1077 2069 1161">
     <span class='ocr_line' id='line_1_11' title="bbox 426 1077 2069 1161; baseline -0.006 -15"><span class='ocrx_word' id='word_1_56' title='bbox 426 1093 691 1148; x_wconf 88' lang='lat' dir='ltr'>omnium</span> <span class='ocrx_word' id='word_1_57' title='bbox 723 1089 1060 1161; x_wconf 81' lang='lat' dir='ltr'>intelligens</span> <span class='ocrx_word' id='word_1_58' title='bbox 1097 1104 1108 1140; x_wconf 91' lang='lat'>:</span> <span class='ocrx_word' id='word_1_59' title='bbox 1143 1104 1212 1144; x_wconf 79' lang='lat' dir='ltr'>ex</span> <span class='ocrx_word' id='word_1_60' title='bbox 1241 1103 1307 1144; x_wconf 89' lang='lat' dir='ltr'>eo</span> <span class='ocrx_word' id='word_1_61' title='bbox 1361 1084 1746 1150; x_wconf 81' lang='lat' dir='ltr'>intellectum.</span> <span class='ocrx_word' id='word_1_62' title='bbox 1798 1096 1865 1136; x_wconf 90' lang='lat' dir='ltr'>ex</span> <span class='ocrx_word' id='word_1_63' title='bbox 1895 1077 2069 1140; x_wconf 82' lang='lat' dir='ltr'>intel-</span> 
     </span>
    </p>
   </div>
   <div class='ocr_carea' id='block_1_12' title="bbox 429 1172 2070 1246">
    <p class='ocr_par' dir='ltr' id='par_1_12' title="bbox 429 1172 2070 1246">
     <span class='ocr_line' id='line_1_12' title="bbox 429 1172 2070 1246; baseline -0.009 -10"><span class='ocrx_word' id='word_1_64' title='bbox 429 1182 578 1237; x_wconf 89' lang='lat' dir='ltr'>lectu</span> <span class='ocrx_word' id='word_1_65' title='bbox 613 1195 968 1246; x_wconf 81' lang='lat' dir='ltr'>sermonem,</span> <span class='ocrx_word' id='word_1_66' title='bbox 1002 1195 1066 1232; x_wconf 78' lang='lat' dir='ltr'>ex</span> <span class='ocrx_word' id='word_1_67' title='bbox 1097 1192 1364 1230; x_wconf 80' lang='lat' dir='ltr'>sermone</span> <span class='ocrx_word' id='word_1_68' title='bbox 1405 1172 1799 1245; x_wconf 87' lang='lat' dir='ltr'>prudentiam,</span> <span class='ocrx_word' id='word_1_69' title='bbox 1833 1185 1898 1223; x_wconf 85' lang='lat' dir='ltr'>ex</span> <span class='ocrx_word' id='word_1_70' title='bbox 1930 1184 2070 1238; x_wconf 85' lang='lat' dir='ltr'>pru-</span> 
     </span>
    </p>
   </div>
   <div class='ocr_carea' id='block_1_13' title="bbox 431 1257 2071 1336">
    <p class='ocr_par' dir='ltr' id='par_1_13' title="bbox 431 1257 2071 1336">
     <span class='ocr_line' id='line_1_13' title="bbox 431 1257 2071 1336; baseline -0.01 -10"><span class='ocrx_word' id='word_1_71' title='bbox 431 1271 628 1326; x_wconf 88' lang='lat' dir='ltr'>dentia</span> <span class='ocrx_word' id='word_1_72' title='bbox 659 1269 927 1324; x_wconf 86' lang='lat' dir='ltr'>virtutem</span> <span class='ocrx_word' id='word_1_73' title='bbox 961 1272 1017 1322; x_wconf 90' lang='lat' dir='ltr'>et</span> <span class='ocrx_word' id='word_1_74' title='bbox 1047 1266 1410 1336; x_wconf 82' lang='lat' dir='ltr'>sapientiam,</span> <span class='ocrx_word' id='word_1_75' title='bbox 1443 1279 1508 1318; x_wconf 80' lang='lat' dir='ltr'>ex</span> <span class='ocrx_word' id='word_1_76' title='bbox 1556 1259 1846 1330; x_wconf 80' lang='lat' dir='ltr'>sapientia</span> <span class='ocrx_word' id='word_1_77' title='bbox 1875 1262 1930 1312; x_wconf 90' lang='lat' dir='ltr'>et</span> <span class='ocrx_word' id='word_1_78' title='bbox 1960 1257 2071 1310; x_wconf 89' lang='lat' dir='ltr'>vir-</span> 
     </span>
    </p>
   </div>
   <div class='ocr_carea' id='block_1_14' title="bbox 430 1345 2074 1430">
    <p class='ocr_par' dir='ltr' id='par_1_14' title="bbox 430 1345 2074 1430">
     <span class='ocr_line' id='line_1_14' title="bbox 430 1345 2074 1430; baseline -0.005 -14"><span class='ocrx_word' id='word_1_79' title='bbox 430 1365 552 1416; x_wconf 89' lang='lat' dir='ltr'>tute</span> <span class='ocrx_word' id='word_1_80' title='bbox 583 1359 960 1430; x_wconf 88' lang='lat' dir='ltr'>principatus,</span> <span class='ocrx_word' id='word_1_81' title='bbox 995 1359 1330 1428; x_wconf 84' lang='lat' dir='ltr'>potestates,</span> <span class='ocrx_word' id='word_1_82' title='bbox 1363 1363 1420 1409; x_wconf 85' lang='lat' dir='ltr'>et</span> <span class='ocrx_word' id='word_1_83' title='bbox 1467 1350 1719 1424; x_wconf 78' lang='lat' dir='ltr'>angelos,</span> <span class='ocrx_word' id='word_1_84' title='bbox 1753 1366 1818 1410; x_wconf 77' lang='lat' dir='ltr'>ex</span> <span class='ocrx_word' id='word_1_85' title='bbox 1852 1345 2074 1418; x_wconf 78' lang='lat' dir='ltr'>angelis</span> 
     </span>
    </p>
   </div>
   <div class='ocr_carea' id='block_1_15' title="bbox 429 1443 2070 1518">
    <p class='ocr_par' dir='ltr' id='par_1_15' title="bbox 429 1443 2070 1518">
     <span class='ocr_line' id='line_1_15' title="bbox 429 1443 2070 1518; baseline -0.009 -16"><span class='ocrx_word' id='word_1_86' title='bbox 429 1448 679 1518; x_wconf 87' lang='lat' dir='ltr'>denique</span> <span class='ocrx_word' id='word_1_87' title='bbox 707 1444 1066 1500; x_wconf 87' lang='lat' dir='ltr'>intellectum</span> <span class='ocrx_word' id='word_1_88' title='bbox 1095 1443 1349 1515; x_wconf 89' lang='lat' dir='ltr'>primum</span> <span class='ocrx_word' id='word_1_89' title='bbox 1405 1445 1463 1496; x_wconf 91' lang='lat' dir='ltr'>et</span> <span class='ocrx_word' id='word_1_90' title='bbox 1509 1453 1808 1494; x_wconf 86' lang='lat' dir='ltr'>summum</span> <span class='ocrx_word' id='word_1_91' title='bbox 1842 1451 2070 1507; x_wconf 87' lang='lat' dir='ltr'>proces-</span> 
     </span>
    </p>
   </div>
   <div class='ocr_carea' id='block_1_16' title="bbox 430 1524 2072 1608">
    <p class='ocr_par' dir='ltr' id='par_1_16' title="bbox 430 1524 2072 1608">
     <span class='ocr_line' id='line_1_16' title="bbox 430 1524 2072 1608; baseline -0.008 -16"><span class='ocrx_word' id='word_1_92' title='bbox 430 1539 579 1593; x_wconf 87' lang='lat' dir='ltr'>sisse</span> <span class='ocrx_word' id='word_1_93' title='bbox 611 1536 901 1590; x_wconf 83' lang='lat' dir='ltr'>fabulatur</span> <span class='ocrx_word' id='word_1_94' title='bbox 937 1550 950 1588; x_wconf 93' lang='lat'><strong>:</strong></span> <span class='ocrx_word' id='word_1_95' title='bbox 982 1551 1014 1588; x_wconf 87' lang='lat' dir='ltr'>a</span> <span class='ocrx_word' id='word_1_96' title='bbox 1061 1532 1277 1604; x_wconf 79' lang='lat' dir='ltr'>quibus</span> <span class='ocrx_word' id='word_1_97' title='bbox 1328 1530 1524 1608; x_wconf 79' lang='lat' dir='ltr'>angeli</span> <span class='ocrx_word' id='word_1_98' title='bbox 1575 1527 1708 1590; x_wconf 88' lang='lat' dir='ltr'>facti</span> <span class='ocrx_word' id='word_1_99' title='bbox 1747 1524 2072 1586; x_wconf 85' lang='lat' dir='ltr'>secundum</span> 
     </span>
    </p>
   </div>
   <div class='ocr_carea' id='block_1_17' title="bbox 431 1613 2070 1695">
    <p class='ocr_par' dir='ltr' id='par_1_17' title="bbox 431 1613 2070 1695">
     <span class='ocr_line' id='line_1_17' title="bbox 431 1613 2070 1695; baseline -0.005 -15"><span class='ocrx_word' id='word_1_100' title='bbox 431 1627 642 1680; x_wconf 83' lang='lat' dir='ltr'>ccelum</span> <span class='ocrx_word' id='word_1_101' title='bbox 673 1623 1156 1688; x_wconf 83' lang='lat' dir='ltr'>construxisscnt,</span> <span class='ocrx_word' id='word_1_102' title='bbox 1217 1626 1272 1676; x_wconf 74' lang='lat' dir='ltr'>et</span> <span class='ocrx_word' id='word_1_103' title='bbox 1331 1621 1479 1684; x_wconf 78' lang='lat' dir='ltr'>alios</span> <span class='ocrx_word' id='word_1_104' title='bbox 1541 1618 1780 1695; x_wconf 73' lang='lat' dir='ltr'>insuper</span> <span class='ocrx_word' id='word_1_105' title='bbox 1811 1613 2070 1694; x_wconf 72' lang='lat' dir='ltr'>angelos,</span> 
     </span>
    </p>
   </div>
   <div class='ocr_carea' id='block_1_18' title="bbox 433 1704 2078 1785">
    <p class='ocr_par' dir='ltr' id='par_1_18' title="bbox 433 1704 2078 1785">
     <span class='ocr_line' id='line_1_18' title="bbox 433 1704 2078 1785; baseline -0.007 -17"><span class='ocrx_word' id='word_1_106' title='bbox 433 1713 534 1785; x_wconf 86' lang='lat' dir='ltr'>qui</span> <span class='ocrx_word' id='word_1_107' title='bbox 567 1713 712 1768; x_wconf 89' lang='lat' dir='ltr'>alios</span> <span class='ocrx_word' id='word_1_108' title='bbox 739 1711 936 1767; x_wconf 86' lang='lat' dir='ltr'>itidem</span> <span class='ocrx_word' id='word_1_109' title='bbox 971 1710 1230 1782; x_wconf 81' lang='lat' dir='ltr'>angelos,</span> <span class='ocrx_word' id='word_1_110' title='bbox 1255 1709 1533 1780; x_wconf 85' lang='lat' dir='ltr'>aliudque</span> <span class='ocrx_word' id='word_1_111' title='bbox 1563 1707 1772 1762; x_wconf 77' lang='lat' dir='ltr'>omium</span> <span class='ocrx_word' id='word_1_112' title='bbox 1810 1704 2078 1758; x_wconf 70' lang='lat' dir='ltr'>fabricas-</span> 
     </span>
    </p>
   </div>
   <div class='ocr_carea' id='block_1_19' title="bbox 2183 535 3817 616">
    <p class='ocr_par' dir='ltr' id='par_1_19' title="bbox 2183 535 3817 616">
     <span class='ocr_line' id='line_1_19' title="bbox 2183 535 3817 616; baseline 0.003 -26"><span class='ocrx_word' id='word_1_113' title='bbox 2183 541 2677 616; x_wconf 84' lang='lat' dir='ltr'>querunt,neque</span> <span class='ocrx_word' id='word_1_114' title='bbox 2736 539 2898 592; x_wconf 89' lang='lat' dir='ltr'>vetus</span> <span class='ocrx_word' id='word_1_115' title='bbox 2959 535 3080 598; x_wconf 87' lang='lat' dir='ltr'>illa.</span> <span class='ocrx_word' id='word_1_116' title='bbox 3138 539 3192 592; x_wconf 83' lang='lat' dir='ltr'>et</span> <span class='ocrx_word' id='word_1_117' title='bbox 3225 537 3295 592; x_wconf 86' lang='lat' dir='ltr'>ah</span> <span class='ocrx_word' id='word_1_118' title='bbox 3332 537 3462 606; x_wconf 79' lang='lat' dir='ltr'>ipso</span> <span class='ocrx_word' id='word_1_119' title='bbox 3535 539 3642 595; x_wconf 83' lang='lat' dir='ltr'>Deo</span> <span class='ocrx_word' id='word_1_120' title='bbox 3697 541 3817 595; x_wconf 84' lang='lat' dir='ltr'>data</span> 
     </span>
    </p>
   </div>
   <div class='ocr_carea' id='block_1_20' title="bbox 2183 624 3815 702">
    <p class='ocr_par' dir='ltr' id='par_1_20' title="bbox 2183 624 3815 702">
     <span class='ocr_line' id='line_1_20' title="bbox 2183 624 3815 702; baseline 0.001 -19"><span class='ocrx_word' id='word_1_121' title='bbox 2183 627 2503 702; x_wconf 79' lang='lat' dir='ltr'>Scriptura,</span> <span class='ocrx_word' id='word_1_122' title='bbox 2541 625 2892 686; x_wconf 84' lang='lat' dir='ltr'>mentionem</span> <span class='ocrx_word' id='word_1_123' title='bbox 2929 624 3104 680; x_wconf 85' lang='lat' dir='ltr'>ullam</span> <span class='ocrx_word' id='word_1_124' title='bbox 3138 625 3392 694; x_wconf 75' lang='lat' dir='ltr'>fecisset,</span> <span class='ocrx_word' id='word_1_125' title='bbox 3440 625 3540 686; x_wconf 76' lang='lat' dir='ltr'>illa</span> <span class='ocrx_word' id='word_1_126' title='bbox 3575 627 3815 701; x_wconf 84' lang='lat' dir='ltr'>insuper,</span> 
     </span>
    </p>
   </div>
   <div class='ocr_carea' id='block_1_21' title="bbox 2184 715 3816 794">
    <p class='ocr_par' dir='ltr' id='par_1_21' title="bbox 2184 715 3816 794">
     <span class='ocr_line' id='line_1_21' title="bbox 2184 715 3816 794; baseline -0.001 -20"><span class='ocrx_word' id='word_1_127' title='bbox 2184 733 2312 794; x_wconf 64' lang='lat' dir='ltr'>qua:</span> <span class='ocrx_word' id='word_1_128' title='bbox 2343 721 2480 780; x_wconf 87' lang='lat' dir='ltr'>sunt</span> <span class='ocrx_word' id='word_1_129' title='bbox 2511 715 2566 777; x_wconf 80' lang='lat' dir='ltr'>in</span> <span class='ocrx_word' id='word_1_130' title='bbox 2596 731 2788 776; x_wconf 84' lang='lat' dir='ltr'>rerum</span> <span class='ocrx_word' id='word_1_131' title='bbox 2825 716 3134 783; x_wconf 88' lang='lat' dir='ltr'>natura,ab</span> <span class='ocrx_word' id='word_1_132' title='bbox 3167 715 3395 789; x_wconf 81' lang='lat' dir='ltr'>angelis</span> <span class='ocrx_word' id='word_1_133' title='bbox 3429 727 3625 772; x_wconf 83' lang='lat' dir='ltr'>creata</span> <span class='ocrx_word' id='word_1_134' title='bbox 3655 735 3816 790; x_wconf 79' lang='lat' dir='ltr'>nuga-</span> 
     </span>
    </p>
   </div>
   <div class='ocr_carea' id='block_1_22' title="bbox 2185 803 3815 878">
    <p class='ocr_par' dir='ltr' id='par_1_22' title="bbox 2185 803 3815 878">
     <span class='ocr_line' id='line_1_22' title="bbox 2185 803 3815 878; baseline 0.004 -19"><span class='ocrx_word' id='word_1_135' title='bbox 2185 805 2375 870; x_wconf 84' lang='lat' dir='ltr'>batur,</span> <span class='ocrx_word' id='word_1_136' title='bbox 2409 804 2531 878; x_wconf 87' lang='lat' dir='ltr'>(qui</span> <span class='ocrx_word' id='word_1_137' title='bbox 2566 808 2760 864; x_wconf 86' lang='lat' dir='ltr'>tamen</span> <span class='ocrx_word' id='word_1_138' title='bbox 2794 803 2939 861; x_wconf 90' lang='lat' dir='ltr'>nihil</span> <span class='ocrx_word' id='word_1_139' title='bbox 2975 803 3136 866; x_wconf 79' lang='lat' dir='ltr'>aliud</span> <span class='ocrx_word' id='word_1_140' title='bbox 3164 811 3323 876; x_wconf 82' lang='lat' dir='ltr'>sunt,</span> <span class='ocrx_word' id='word_1_141' title='bbox 3377 821 3558 877; x_wconf 80' lang='lat' dir='ltr'>quam</span> <span class='ocrx_word' id='word_1_142' title='bbox 3590 807 3815 866; x_wconf 81' lang='lat' dir='ltr'>virtutes</span> 
     </span>
    </p>
   </div>
   <div class='ocr_carea' id='block_1_23' title="bbox 2183 895 3814 972">
    <p class='ocr_par' dir='ltr' id='par_1_23' title="bbox 2183 895 3814 972">
     <span class='ocr_line' id='line_1_23' title="bbox 2183 895 3814 972; baseline 0.001 -22"><span class='ocrx_word' id='word_1_143' title='bbox 2183 895 2510 956; x_wconf 77' lang='lat' dir='ltr'>ministerio</span> <span class='ocrx_word' id='word_1_144' title='bbox 2545 895 2851 972; x_wconf 65' lang='lat' dir='ltr'>deputatae,</span> <span class='ocrx_word' id='word_1_145' title='bbox 2885 909 3030 967; x_wconf 88' lang='lat' dir='ltr'>quas</span> <span class='ocrx_word' id='word_1_146' title='bbox 3080 897 3232 956; x_wconf 86' lang='lat' dir='ltr'>Deus</span> <span class='ocrx_word' id='word_1_147' title='bbox 3283 895 3586 966; x_wconf 80' lang='lat' dir='ltr'>produxit,</span> <span class='ocrx_word' id='word_1_148' title='bbox 3616 901 3669 952; x_wconf 87' lang='lat' dir='ltr'>ot</span> <span class='ocrx_word' id='word_1_149' title='bbox 3700 914 3814 968; x_wconf 70' lang='lat' dir='ltr'>qum</span> 
     </span>
    </p>
   </div>
   <div class='ocr_carea' id='block_1_24' title="bbox 2183 982 3814 1058">
    <p class='ocr_par' dir='ltr' id='par_1_24' title="bbox 2183 982 3814 1058">
     <span class='ocr_line' id='line_1_24' title="bbox 2183 982 3814 1058; baseline 0.002 -20"><span class='ocrx_word' id='word_1_150' title='bbox 2183 984 2254 1040; x_wconf 89' lang='lat' dir='ltr'>ad</span> <span class='ocrx_word' id='word_1_151' title='bbox 2274 985 2402 1057; x_wconf 75' lang='lat' dir='ltr'>ejus</span> <span class='ocrx_word' id='word_1_152' title='bbox 2431 982 2816 1047; x_wconf 82' lang='lat' dir='ltr'>ministerium</span> <span class='ocrx_word' id='word_1_153' title='bbox 2849 999 3078 1058; x_wconf 87' lang='lat' dir='ltr'>semper</span> <span class='ocrx_word' id='word_1_154' title='bbox 3095 989 3388 1054; x_wconf 65' lang='lat' dir='ltr'>apparate</span> <span class='ocrx_word' id='word_1_155' title='bbox 3416 983 3577 1054; x_wconf 87' lang='lat' dir='ltr'>sunt)</span> <span class='ocrx_word' id='word_1_156' title='bbox 3605 986 3814 1042; x_wconf 74' lang='lat' dir='ltr'>interim</span> 
     </span>
    </p>
   </div>
   <div class='ocr_carea' id='block_1_25' title="bbox 2184 1072 3816 1150">
    <p class='ocr_par' dir='ltr' id='par_1_25' title="bbox 2184 1072 3816 1150">
     <span class='ocr_line' id='line_1_25' title="bbox 2184 1072 3816 1150; baseline 0.004 -24"><span class='ocrx_word' id='word_1_157' title='bbox 2184 1072 2280 1135; x_wconf 86' lang='lat' dir='ltr'>Dei</span> <span class='ocrx_word' id='word_1_158' title='bbox 2316 1072 2501 1136; x_wconf 82' lang='lat' dir='ltr'>Patris</span> <span class='ocrx_word' id='word_1_159' title='bbox 2537 1073 2963 1140; x_wconf 81' lang='lat' dir='ltr'>universorum,</span> <span class='ocrx_word' id='word_1_160' title='bbox 2994 1075 3294 1150; x_wconf 82' lang='lat' dir='ltr'>sanctique</span> <span class='ocrx_word' id='word_1_161' title='bbox 3325 1073 3816 1144; x_wconf 71' lang='lat' dir='ltr'>Spiritusmecnon</span> 
     </span>
    </p>
   </div>
   <div class='ocr_carea' id='block_1_26' title="bbox 2184 1161 3814 1234">
    <p class='ocr_par' dir='ltr' id='par_1_26' title="bbox 2184 1161 3814 1234">
     <span class='ocr_line' id='line_1_26' title="bbox 2184 1161 3814 1234; baseline 0.001 -20"><span class='ocrx_word' id='word_1_162' title='bbox 2184 1162 2484 1216; x_wconf 72' lang='lat' dir='ltr'>immensae</span> <span class='ocrx_word' id='word_1_163' title='bbox 2521 1161 2614 1216; x_wconf 89' lang='lat' dir='ltr'>Dei</span> <span class='ocrx_word' id='word_1_164' title='bbox 2647 1161 2924 1216; x_wconf 77' lang='lat' dir='ltr'>Potentiae</span> <span class='ocrx_word' id='word_1_165' title='bbox 2955 1161 3064 1216; x_wconf 88' lang='lat' dir='ltr'>sibi</span> <span class='ocrx_word' id='word_1_166' title='bbox 3101 1177 3312 1216; x_wconf 82' lang='lat' dir='ltr'>nomen</span> <span class='ocrx_word' id='word_1_167' title='bbox 3347 1163 3616 1234; x_wconf 80' lang='lat' dir='ltr'>afﬁgens.</span> <span class='ocrx_word' id='word_1_168' title='bbox 3649 1165 3814 1226; x_wconf 85' lang='lat' dir='ltr'>Quod-</span> 
     </span>
    </p>
   </div>
   <div class='ocr_carea' id='block_1_27' title="bbox 2183 1249 3816 1324">
    <p class='ocr_par' dir='ltr' id='par_1_27' title="bbox 2183 1249 3816 1324">
     <span class='ocr_line' id='line_1_27' title="bbox 2183 1249 3816 1324; baseline 0.002 -20"><span class='ocrx_word' id='word_1_169' title='bbox 2183 1265 2297 1320; x_wconf 89' lang='lat' dir='ltr'>que</span> <span class='ocrx_word' id='word_1_170' title='bbox 2340 1249 2503 1304; x_wconf 86' lang='lat' dir='ltr'>nuila</span> <span class='ocrx_word' id='word_1_171' title='bbox 2551 1267 2665 1304; x_wconf 89' lang='lat' dir='ltr'>non</span> <span class='ocrx_word' id='word_1_172' title='bbox 2715 1249 3100 1320; x_wconf 60' lang='lat' dir='ltr'>blasphemia,</span> <span class='ocrx_word' id='word_1_173' title='bbox 3155 1249 3316 1304; x_wconf 88' lang='lat' dir='ltr'>nulla</span> <span class='ocrx_word' id='word_1_174' title='bbox 3366 1268 3482 1307; x_wconf 91' lang='lat' dir='ltr'>non</span> <span class='ocrx_word' id='word_1_175' title='bbox 3542 1251 3816 1324; x_wconf 83' lang='lat' dir='ltr'>impietate</span> 
     </span>
    </p>
   </div>
   <div class='ocr_carea' id='block_1_28' title="bbox 2185 1337 3816 1412">
    <p class='ocr_par' dir='ltr' id='par_1_28' title="bbox 2185 1337 3816 1412">
     <span class='ocr_line' id='line_1_28' title="bbox 2185 1337 3816 1412; baseline 0.002 -18"><span class='ocrx_word' id='word_1_176' title='bbox 2185 1343 2392 1408; x_wconf 86' lang='lat' dir='ltr'>scatet,</span> <span class='ocrx_word' id='word_1_177' title='bbox 2445 1339 2516 1392; x_wconf 88' lang='lat' dir='ltr'>ab</span> <span class='ocrx_word' id='word_1_178' title='bbox 2566 1337 2780 1405; x_wconf 73' lang='lat' dir='ltr'>Helena</span> <span class='ocrx_word' id='word_1_179' title='bbox 2829 1356 3058 1411; x_wconf 81' lang='lat' dir='ltr'>quoque</span> <span class='ocrx_word' id='word_1_180' title='bbox 3113 1341 3309 1402; x_wconf 81' lang='lat' dir='ltr'>nescio</span> <span class='ocrx_word' id='word_1_181' title='bbox 3361 1359 3480 1412; x_wconf 83' lang='lat' dir='ltr'>qua</span> <span class='ocrx_word' id='word_1_182' title='bbox 3537 1343 3816 1400; x_wconf 82' lang='lat' dir='ltr'>meretrice</span> 
     </span>
    </p>
   </div>
   <div class='ocr_carea' id='block_1_29' title="bbox 2184 1426 3813 1499">
    <p class='ocr_par' dir='ltr' id='par_1_29' title="bbox 2184 1426 3813 1499">
     <span class='ocr_line' id='line_1_29' title="bbox 2184 1426 3813 1499; baseline 0.001 -17"><span class='ocrx_word' id='word_1_183' title='bbox 2184 1426 2375 1499; x_wconf 85' lang='lat' dir='ltr'>Tyria,</span> <span class='ocrx_word' id='word_1_184' title='bbox 2409 1427 2578 1497; x_wconf 81' lang='lat' dir='ltr'>cuius</span> <span class='ocrx_word' id='word_1_185' title='bbox 2611 1426 2914 1498; x_wconf 83' lang='lat' dir='ltr'>illegitimo</span> <span class='ocrx_word' id='word_1_186' title='bbox 2946 1429 3336 1484; x_wconf 85' lang='lat' dir='ltr'>contubernio</span> <span class='ocrx_word' id='word_1_187' title='bbox 3402 1429 3691 1495; x_wconf 85' lang='lat' dir='ltr'>utebatur,</span> <span class='ocrx_word' id='word_1_188' title='bbox 3720 1447 3813 1486; x_wconf 86' lang='lat' dir='ltr'>an-</span> 
     </span>
    </p>
   </div>
   <div class='ocr_carea' id='block_1_30' title="bbox 2185 1515 3135 1584">
    <p class='ocr_par' dir='ltr' id='par_1_30' title="bbox 2185 1515 3135 1584">
     <span class='ocr_line' id='line_1_30' title="bbox 2185 1515 3135 1584; baseline 0.001 -13"><span class='ocrx_word' id='word_1_189' title='bbox 2185 1515 2341 1584; x_wconf 73' lang='lat' dir='ltr'>gelos</span> <span class='ocrx_word' id='word_1_190' title='bbox 2371 1520 2596 1580; x_wconf 79' lang='lat' dir='ltr'>creatos</span> <span class='ocrx_word' id='word_1_191' title='bbox 2629 1532 2755 1572; x_wconf 90' lang='lat' dir='ltr'>esse</span> <span class='ocrx_word' id='word_1_192' title='bbox 2787 1516 3135 1580; x_wconf 81' lang='lat' dir='ltr'>affirmabat.</span> 
     </span>
    </p>
   </div>
   <div class='ocr_carea' id='block_1_31' title="bbox 2257 1623 3815 1699">
    <p class='ocr_par' dir='ltr' id='par_1_31' title="bbox 2257 1623 3815 1699">
     <span class='ocr_line' id='line_1_31' title="bbox 2257 1623 3815 1699; baseline 0.001 -22"><span class='ocrx_word' id='word_1_193' title='bbox 2257 1623 2531 1691; x_wconf 74' lang='lat' dir='ltr'>Pluribus</span> <span class='ocrx_word' id='word_1_194' title='bbox 2567 1624 2763 1698; x_wconf 80' lang='lat' dir='ltr'>itaque</span> <span class='ocrx_word' id='word_1_195' title='bbox 2785 1625 3072 1698; x_wconf 80' lang='lat' dir='ltr'>verbis,ad</span> <span class='ocrx_word' id='word_1_196' title='bbox 3101 1626 3448 1697; x_wconf 87' lang='lat' dir='ltr'>hujusmodi</span> <span class='ocrx_word' id='word_1_197' title='bbox 3489 1631 3815 1699; x_wconf 81' lang='lat' dir='ltr'>nugamenta</span> 
     </span>
    </p>
   </div>
   <div class='ocr_carea' id='block_1_32' title="bbox 2187 1710 3817 1785">
    <p class='ocr_par' dir='ltr' id='par_1_32' title="bbox 2187 1710 3817 1785">
     <span class='ocr_line' id='line_1_32' title="bbox 2187 1710 3817 1785; baseline 0.001 -20"><span class='ocrx_word' id='word_1_198' title='bbox 2187 1710 2446 1766; x_wconf 85' lang='lat' dir='ltr'>Simonis</span> <span class='ocrx_word' id='word_1_199' title='bbox 2479 1711 2868 1782; x_wconf 80' lang='lat' dir='ltr'>explananda,</span> <span class='ocrx_word' id='word_1_200' title='bbox 2904 1713 3040 1784; x_wconf 82' lang='lat' dir='ltr'>quid</span> <span class='ocrx_word' id='word_1_201' title='bbox 3075 1713 3271 1784; x_wconf 83' lang='lat' dir='ltr'>opus?</span> <span class='ocrx_word' id='word_1_202' title='bbox 3301 1731 3432 1784; x_wconf 64' lang='lat' dir='ltr'>qua;</span> <span class='ocrx_word' id='word_1_203' title='bbox 3466 1731 3636 1785; x_wconf 89' lang='lat' dir='ltr'>quam</span> <span class='ocrx_word' id='word_1_204' title='bbox 3692 1729 3817 1768; x_wconf 87' lang='lat' dir='ltr'>vana</span> 
     </span>
    </p>
   </div>
   <div class='ocr_carea' id='block_1_33' title="bbox 435 1793 3817 1889">
    <p class='ocr_par' dir='ltr' id='par_1_33' title="bbox 435 1793 3817 1889">
     <span class='ocr_line' id='line_1_33' title="bbox 435 1793 3817 1889; baseline -0.001 -30"><span class='ocrx_word' id='word_1_205' title='bbox 435 1807 586 1871; x_wconf 88' lang='lat' dir='ltr'>sent,</span> <span class='ocrx_word' id='word_1_206' title='bbox 619 1818 803 1872; x_wconf 91' lang='lat' dir='ltr'>eoque</span> <span class='ocrx_word' id='word_1_207' title='bbox 826 1817 942 1856; x_wconf 90' lang='lat' dir='ltr'>rem</span> <span class='ocrx_word' id='word_1_208' title='bbox 977 1799 1376 1867; x_wconf 82' lang='lat' dir='ltr'>deduxissent,</span> <span class='ocrx_word' id='word_1_209' title='bbox 1413 1803 1474 1852; x_wconf 89' lang='lat' dir='ltr'>ut</span> <span class='ocrx_word' id='word_1_210' title='bbox 1507 1794 1743 1852; x_wconf 83' lang='lat' dir='ltr'>trecenti</span> <span class='ocrx_word' id='word_1_211' title='bbox 1774 1793 2078 1889; x_wconf 79' lang='lat' dir='ltr'>sexaginta</span> <span class='ocrx_word' id='word_1_212' title='bbox 2105 1819 2154 1889; x_wconf 76' lang='grc' dir='ltr'>Β</span> <span class='ocrx_word' id='word_1_213' title='bbox 2186 1799 2325 1870; x_wconf 79' lang='lat' dir='ltr'>sint,</span> <span class='ocrx_word' id='word_1_214' title='bbox 2357 1803 2413 1854; x_wconf 90' lang='lat' dir='ltr'>et</span> <span class='ocrx_word' id='word_1_215' title='bbox 2438 1801 2716 1870; x_wconf 87' lang='lat' dir='ltr'>absurda,</span> <span class='ocrx_word' id='word_1_216' title='bbox 2751 1802 3159 1875; x_wconf 77' lang='lat' dir='ltr'>ejusmodique</span> <span class='ocrx_word' id='word_1_217' title='bbox 3191 1804 3365 1872; x_wconf 83' lang='lat' dir='ltr'>adeo,</span> <span class='ocrx_word' id='word_1_218' title='bbox 3413 1808 3480 1858; x_wconf 89' lang='lat' dir='ltr'>ut</span> <span class='ocrx_word' id='word_1_219' title='bbox 3511 1805 3597 1858; x_wconf 86' lang='lat' dir='ltr'>vel</span> <span class='ocrx_word' id='word_1_220' title='bbox 3645 1820 3740 1858; x_wconf 84' lang='lat' dir='ltr'>suo</span> <span class='ocrx_word' id='word_1_221' title='bbox 3767 1818 3817 1856; x_wconf 85' lang='lat' dir='ltr'>se</span> 
     </span>
    </p>
   </div>
   <div class='ocr_carea' id='block_1_34' title="bbox 431 1881 2073 1964">
    <p class='ocr_par' dir='ltr' id='par_1_34' title="bbox 431 1881 2073 1964">
     <span class='ocr_line' id='line_1_34' title="bbox 431 1881 2073 1964; baseline -0.009 -16"><span class='ocrx_word' id='word_1_222' title='bbox 431 1893 690 1964; x_wconf 87' lang='lat' dir='ltr'>quinque</span> <span class='ocrx_word' id='word_1_223' title='bbox 721 1890 847 1946; x_wconf 81' lang='lat' dir='ltr'>coeli</span> <span class='ocrx_word' id='word_1_224' title='bbox 879 1907 980 1962; x_wconf 89' lang='lat' dir='ltr'>pro</span> <span class='ocrx_word' id='word_1_225' title='bbox 1015 1889 1238 1950; x_wconf 83' lang='lat' dir='ltr'>dierum</span> <span class='ocrx_word' id='word_1_226' title='bbox 1293 1888 1428 1950; x_wconf 86' lang='lat' dir='ltr'>anni</span> <span class='ocrx_word' id='word_1_227' title='bbox 1475 1901 1719 1948; x_wconf 83' lang='lat' dir='ltr'>numero</span> <span class='ocrx_word' id='word_1_228' title='bbox 1753 1881 2073 1957; x_wconf 81' lang='lat' dir='ltr'>reperiren-</span> 
     </span>
    </p>
   </div>
   <div class='ocr_carea' id='block_1_35' title="bbox 437 1973 2081 2046">
    <p class='ocr_par' dir='ltr' id='par_1_35' title="bbox 437 1973 2081 2046">
     <span class='ocr_line' id='line_1_35' title="bbox 437 1973 2081 2046; baseline -0.009 -9"><span class='ocrx_word' id='word_1_229' title='bbox 437 1989 553 2037; x_wconf 85' lang='lat' dir='ltr'>tur.</span> <span class='ocrx_word' id='word_1_230' title='bbox 586 1982 687 2036; x_wconf 87' lang='lat' dir='ltr'>His</span> <span class='ocrx_word' id='word_1_231' title='bbox 720 1979 992 2046; x_wconf 86' lang='lat' dir='ltr'>addebat,</span> <span class='ocrx_word' id='word_1_232' title='bbox 1030 1977 1314 2032; x_wconf 88' lang='lat' dir='ltr'>mundum</span> <span class='ocrx_word' id='word_1_233' title='bbox 1351 1976 1420 2030; x_wconf 86' lang='lat' dir='ltr'>ab</span> <span class='ocrx_word' id='word_1_234' title='bbox 1454 1976 1525 2030; x_wconf 86' lang='lat' dir='ltr'>iis</span> <span class='ocrx_word' id='word_1_235' title='bbox 1556 1973 1778 2045; x_wconf 79' lang='lat' dir='ltr'>angelis</span> <span class='ocrx_word' id='word_1_236' title='bbox 1809 1977 2081 2026; x_wconf 86' lang='lat' dir='ltr'>constru-</span> 
     </span>
    </p>
   </div>
   <div class='ocr_carea' id='block_1_36' title="bbox 434 2057 2080 2140">
    <p class='ocr_par' dir='ltr' id='par_1_36' title="bbox 434 2057 2080 2140">
     <span class='ocr_line' id='line_1_36' title="bbox 434 2057 2080 2140; baseline -0.009 -15"><span class='ocrx_word' id='word_1_237' title='bbox 434 2077 591 2126; x_wconf 90' lang='lat' dir='ltr'>ctum</span> <span class='ocrx_word' id='word_1_238' title='bbox 620 2086 768 2134; x_wconf 87' lang='lat' dir='ltr'>esse,</span> <span class='ocrx_word' id='word_1_239' title='bbox 803 2085 900 2139; x_wconf 80' lang='lat' dir='ltr'>qui</span> <span class='ocrx_word' id='word_1_240' title='bbox 934 2067 1144 2122; x_wconf 76' lang='lat' dir='ltr'>omium</span> <span class='ocrx_word' id='word_1_241' title='bbox 1180 2065 1469 2126; x_wconf 84' lang='lat' dir='ltr'>infimum,</span> <span class='ocrx_word' id='word_1_242' title='bbox 1517 2063 1671 2134; x_wconf 91' lang='lat' dir='ltr'>quod</span> <span class='ocrx_word' id='word_1_243' title='bbox 1725 2057 2080 2140; x_wconf 84' lang='lat' dir='ltr'>aspectabile</span> 
     </span>
    </p>
   </div>
   <div class='ocr_carea' id='block_1_37' title="bbox 433 2147 2077 2226">
    <p class='ocr_par' dir='ltr' id='par_1_37' title="bbox 433 2147 2077 2226">
     <span class='ocr_line' id='line_1_37' title="bbox 433 2147 2077 2226; baseline -0.009 -12"><span class='ocrx_word' id='word_1_244' title='bbox 433 2159 600 2214; x_wconf 88' lang='lat' dir='ltr'>nobis</span> <span class='ocrx_word' id='word_1_245' title='bbox 631 2163 741 2226; x_wconf 89' lang='lat' dir='ltr'>est,</span> <span class='ocrx_word' id='word_1_246' title='bbox 772 2155 1113 2222; x_wconf 87' lang='lat' dir='ltr'>incolerent,</span> <span class='ocrx_word' id='word_1_247' title='bbox 1157 2159 1437 2224; x_wconf 67' lang='lat' dir='ltr'>terraeque</span> <span class='ocrx_word' id='word_1_248' title='bbox 1489 2153 1631 2206; x_wconf 86' lang='lat' dir='ltr'>adeo</span> <span class='ocrx_word' id='word_1_249' title='bbox 1682 2147 2077 2222; x_wconf 83' lang='lat' dir='ltr'>principatum</span> 
     </span>
    </p>
   </div>
   <div class='ocr_carea' id='block_1_38' title="bbox 429 2236 2081 2319">
    <p class='ocr_par' dir='ltr' id='par_1_38' title="bbox 429 2236 2081 2319">
     <span class='ocr_line' id='line_1_38' title="bbox 429 2236 2081 2319; baseline -0.008 -16"><span class='ocrx_word' id='word_1_250' title='bbox 429 2249 582 2302; x_wconf 89' lang='lat' dir='ltr'>inter</span> <span class='ocrx_word' id='word_1_251' title='bbox 613 2263 674 2301; x_wconf 90' lang='lat' dir='ltr'>se</span> <span class='ocrx_word' id='word_1_252' title='bbox 705 2245 1041 2300; x_wconf 75' lang='lat' dir='ltr'>divisissent</span> <span class='ocrx_word' id='word_1_253' title='bbox 1071 2261 1084 2300; x_wconf 74' lang='grc' dir='ltr'>ε</span> <span class='ocrx_word' id='word_1_254' title='bbox 1117 2259 1252 2298; x_wconf 88' lang='lat' dir='ltr'>eum</span> <span class='ocrx_word' id='word_1_255' title='bbox 1310 2243 1564 2319; x_wconf 84' lang='lat' dir='ltr'>denique</span> <span class='ocrx_word' id='word_1_256' title='bbox 1618 2237 1925 2317; x_wconf 78' lang='lat' dir='ltr'>angelum,</span> <span class='ocrx_word' id='word_1_257' title='bbox 1987 2236 2081 2291; x_wconf 90' lang='lat' dir='ltr'>cui</span> 
     </span>
    </p>
   </div>
   <div class='ocr_carea' id='block_1_39' title="bbox 434 2325 2076 2405">
    <p class='ocr_par' dir='ltr' id='par_1_39' title="bbox 434 2325 2076 2405">
     <span class='ocr_line' id='line_1_39' title="bbox 434 2325 2076 2405; baseline -0.007 -15"><span class='ocrx_word' id='word_1_258' title='bbox 434 2336 638 2391; x_wconf 86' lang='lat' dir='ltr'>sortito</span> <span class='ocrx_word' id='word_1_259' title='bbox 671 2333 967 2405; x_wconf 78' lang='lat' dir='ltr'>provincia</span> <span class='ocrx_word' id='word_1_260' title='bbox 995 2332 1331 2386; x_wconf 73' lang='lat' dir='ltr'>Judaaerum</span> <span class='ocrx_word' id='word_1_261' title='bbox 1384 2329 1706 2400; x_wconf 85' lang='lat' dir='ltr'>obtigisset,</span> <span class='ocrx_word' id='word_1_262' title='bbox 1737 2325 2076 2398; x_wconf 85' lang='lat' dir='ltr'>angelorum</span> 
     </span>
    </p>
   </div>
   <div class='ocr_carea' id='block_1_40' title="bbox 435 2415 2079 2496">
    <p class='ocr_par' dir='ltr' id='par_1_40' title="bbox 435 2415 2079 2496">
     <span class='ocr_line' id='line_1_40' title="bbox 435 2415 2079 2496; baseline -0.005 -17"><span class='ocrx_word' id='word_1_263' title='bbox 435 2424 755 2496; x_wconf 89' lang='lat' dir='ltr'>principem</span> <span class='ocrx_word' id='word_1_264' title='bbox 817 2423 1018 2488; x_wconf 89' lang='lat' dir='ltr'>fuisse,</span> <span class='ocrx_word' id='word_1_265' title='bbox 1079 2422 1172 2476; x_wconf 90' lang='lat' dir='ltr'>cui</span> <span class='ocrx_word' id='word_1_266' title='bbox 1231 2419 1463 2490; x_wconf 88' lang='lat' dir='ltr'>quidem</span> <span class='ocrx_word' id='word_1_267' title='bbox 1526 2423 1764 2476; x_wconf 67' lang='lat' dir='ltr'>caeteras</span> <span class='ocrx_word' id='word_1_268' title='bbox 1815 2415 2079 2476; x_wconf 75' lang='lat' dir='ltr'>nationes</span> 
     </span>
    </p>
   </div>
   <div class='ocr_carea' id='block_1_41' title="bbox 430 2503 2080 2582">
    <p class='ocr_par' dir='ltr' id='par_1_41' title="bbox 430 2503 2080 2582">
     <span class='ocr_line' id='line_1_41' title="bbox 430 2503 2080 2582; baseline -0.007 -13"><span class='ocrx_word' id='word_1_269' title='bbox 430 2513 650 2570; x_wconf 66' lang='lat' dir='ltr'>Judeeis</span> <span class='ocrx_word' id='word_1_270' title='bbox 683 2513 972 2582; x_wconf 84' lang='lat' dir='ltr'>subjicere</span> <span class='ocrx_word' id='word_1_271' title='bbox 1015 2509 1249 2578; x_wconf 89' lang='lat' dir='ltr'>volenti,</span> <span class='ocrx_word' id='word_1_272' title='bbox 1293 2507 1482 2576; x_wconf 75' lang='lat' dir='ltr'>angeli</span> <span class='ocrx_word' id='word_1_273' title='bbox 1538 2507 1904 2562; x_wconf 85' lang='lat' dir='ltr'>restitissent.</span> <span class='ocrx_word' id='word_1_274' title='bbox 1940 2503 2080 2568; x_wconf 89' lang='lat' dir='ltr'>Qui-</span> 
     </span>
    </p>
   </div>
   <div class='ocr_carea' id='block_1_42' title="bbox 435 2593 2077 2674">
    <p class='ocr_par' dir='ltr' id='par_1_42' title="bbox 435 2593 2077 2674">
     <span class='ocr_line' id='line_1_42' title="bbox 435 2593 2077 2674; baseline -0.006 -16"><span class='ocrx_word' id='word_1_275' title='bbox 435 2606 542 2658; x_wconf 88' lang='lat' dir='ltr'>bus</span> <span class='ocrx_word' id='word_1_276' title='bbox 558 2599 880 2674; x_wconf 81' lang='lat' dir='ltr'>perspectis</span> <span class='ocrx_word' id='word_1_277' title='bbox 913 2599 1212 2668; x_wconf 77' lang='lat' dir='ltr'>Ingenitus</span> <span class='ocrx_word' id='word_1_278' title='bbox 1235 2597 1596 2653; x_wconf 80' lang='lat' dir='ltr'>intellectum</span> <span class='ocrx_word' id='word_1_279' title='bbox 1623 2593 2077 2667; x_wconf 89' lang='lat' dir='ltr'>primogenitum</span> 
     </span>
    </p>
   </div>
   <div class='ocr_carea' id='block_1_43' title="bbox 431 2687 2079 2758">
    <p class='ocr_par' dir='ltr' id='par_1_43' title="bbox 431 2687 2079 2758">
     <span class='ocr_line' id='line_1_43' title="bbox 431 2687 2079 2758; baseline -0.006 -11"><span class='ocrx_word' id='word_1_280' title='bbox 431 2709 605 2747; x_wconf 89' lang='lat' dir='ltr'>suum</span> <span class='ocrx_word' id='word_1_281' title='bbox 638 2691 954 2754; x_wconf 84' lang='lat' dir='ltr'>amisisset,</span> <span class='ocrx_word' id='word_1_282' title='bbox 987 2687 1401 2758; x_wconf 78' lang='lat' dir='ltr'>Christumque</span> <span class='ocrx_word' id='word_1_283' title='bbox 1452 2689 1832 2754; x_wconf 81' lang='lat' dir='ltr'>nominasset,</span> <span class='ocrx_word' id='word_1_284' title='bbox 1869 2689 1933 2738; x_wconf 76' lang='lat' dir='ltr'>ut</span> <span class='ocrx_word' id='word_1_285' title='bbox 1959 2699 2079 2738; x_wconf 86' lang='lat' dir='ltr'>cre-</span> 
     </span>
    </p>
   </div>
   <div class='ocr_carea' id='block_1_44' title="bbox 429 2773 2070 2844">
    <p class='ocr_par' dir='ltr' id='par_1_44' title="bbox 429 2773 2070 2844">
     <span class='ocr_line' id='line_1_44' title="bbox 429 2773 2070 2844; baseline -0.008 -7"><span class='ocrx_word' id='word_1_286' title='bbox 429 2782 632 2837; x_wconf 86' lang='lat' dir='ltr'>dentes</span> <span class='ocrx_word' id='word_1_287' title='bbox 663 2796 866 2834; x_wconf 87' lang='lat' dir='ltr'>omnes</span> <span class='ocrx_word' id='word_1_288' title='bbox 894 2777 1084 2833; x_wconf 83' lang='lat' dir='ltr'>salvos</span> <span class='ocrx_word' id='word_1_289' title='bbox 1128 2778 1354 2836; x_wconf 81' lang='lat' dir='ltr'>faceret.</span> <span class='ocrx_word' id='word_1_290' title='bbox 1407 2775 1579 2830; x_wconf 80' lang='lat' dir='ltr'>Porro</span> <span class='ocrx_word' id='word_1_291' title='bbox 1609 2773 1906 2829; x_wconf 83' lang='lat' dir='ltr'>Christum</span> <span class='ocrx_word' id='word_1_292' title='bbox 1945 2791 2070 2844; x_wconf 67' lang='lat' dir='ltr'>pris-</span> 
     </span>
    </p>
   </div>
   <div class='ocr_carea' id='block_1_45' title="bbox 431 2862 2077 2938">
    <p class='ocr_par' dir='ltr' id='par_1_45' title="bbox 431 2862 2077 2938">
     <span class='ocr_line' id='line_1_45' title="bbox 431 2862 2077 2938; baseline -0.007 -12"><span class='ocrx_word' id='word_1_293' title='bbox 431 2887 561 2926; x_wconf 90' lang='lat' dir='ltr'>sum</span> <span class='ocrx_word' id='word_1_294' title='bbox 595 2885 706 2924; x_wconf 92' lang='lat' dir='ltr'>non</span> <span class='ocrx_word' id='word_1_295' title='bbox 741 2868 996 2933; x_wconf 89' lang='lat' dir='ltr'>esse,sed</span> <span class='ocrx_word' id='word_1_296' title='bbox 1029 2868 1327 2922; x_wconf 85' lang='lat' dir='ltr'>Simonem</span> <span class='ocrx_word' id='word_1_297' title='bbox 1355 2862 2077 2938; x_wconf 85' lang='lat' dir='ltr'>Cyrenensem.Christum</span> 
     </span>
    </p>
   </div>
   <div class='ocr_carea' id='block_1_46' title="bbox 436 2954 2083 3031">
    <p class='ocr_par' dir='ltr' id='par_1_46' title="bbox 436 2954 2083 3031">
     <span class='ocr_line' id='line_1_46' title="bbox 436 2954 2083 3031; baseline -0.005 -17"><span class='ocrx_word' id='word_1_298' title='bbox 436 2960 590 3014; x_wconf 88' lang='lat' dir='ltr'>enim</span> <span class='ocrx_word' id='word_1_299' title='bbox 617 2959 848 3013; x_wconf 89' lang='lat' dir='ltr'>eminus</span> <span class='ocrx_word' id='word_1_300' title='bbox 880 2962 1152 3031; x_wconf 84' lang='lat' dir='ltr'>extraque</span> <span class='ocrx_word' id='word_1_301' title='bbox 1184 2955 1279 3009; x_wconf 78' lang='lat' dir='ltr'>teli</span> <span class='ocrx_word' id='word_1_302' title='bbox 1328 2957 1571 3028; x_wconf 77' lang='lat' dir='ltr'>iactum,</span> <span class='ocrx_word' id='word_1_303' title='bbox 1623 2954 1877 3018; x_wconf 72' lang='lat' dir='ltr'>stetisse,</span> <span class='ocrx_word' id='word_1_304' title='bbox 1910 2957 2083 3021; x_wconf 83' lang='lat' dir='ltr'>atque</span> 
     </span>
    </p>
   </div>
   <div class='ocr_carea' id='block_1_47' title="bbox 437 3041 2086 3119">
    <p class='ocr_par' dir='ltr' id='par_1_47' title="bbox 437 3041 2086 3119">
     <span class='ocr_line' id='line_1_47' title="bbox 437 3041 2086 3119; baseline -0.007 -13"><span class='ocrx_word' id='word_1_305' title='bbox 437 3051 772 3106; x_wconf 83' lang='lat' dir='ltr'>Judasorum</span> <span class='ocrx_word' id='word_1_306' title='bbox 823 3048 1175 3102; x_wconf 81' lang='lat' dir='ltr'>dementiam</span> <span class='ocrx_word' id='word_1_307' title='bbox 1227 3047 1500 3119; x_wconf 79' lang='lat' dir='ltr'>irrisisse,</span> <span class='ocrx_word' id='word_1_308' title='bbox 1541 3043 1897 3118; x_wconf 87' lang='lat' dir='ltr'>tandemque</span> <span class='ocrx_word' id='word_1_309' title='bbox 1929 3041 2086 3104; x_wconf 85' lang='lat' dir='ltr'>velut</span> 
     </span>
    </p>
   </div>
   <div class='ocr_carea' id='block_1_48' title="bbox 438 3131 2148 3242">
    <p class='ocr_par' dir='ltr' id='par_1_48' title="bbox 438 3131 2148 3242">
     <span class='ocr_line' id='line_1_48' title="bbox 438 3131 2148 3242; baseline -0.007 -47"><span class='ocrx_word' id='word_1_310' title='bbox 438 3138 796 3210; x_wconf 86' lang='lat' dir='ltr'>postliminio</span> <span class='ocrx_word' id='word_1_311' title='bbox 846 3137 914 3190; x_wconf 89' lang='lat' dir='ltr'>ad</span> <span class='ocrx_word' id='word_1_312' title='bbox 971 3138 1301 3210; x_wconf 84' lang='lat' dir='ltr'>ingenitum</span> <span class='ocrx_word' id='word_1_313' title='bbox 1350 3135 1588 3189; x_wconf 85' lang='lat' dir='ltr'>re-liisse</span> <span class='ocrx_word' id='word_1_314' title='bbox 1636 3150 1668 3188; x_wconf 89' lang='lat' dir='ltr'>a</span> <span class='ocrx_word' id='word_1_315' title='bbox 1699 3149 1814 3204; x_wconf 92' lang='lat' dir='ltr'>quo</span> <span class='ocrx_word' id='word_1_316' title='bbox 1861 3131 2076 3185; x_wconf 89' lang='lat' dir='ltr'>missus</span> <span class='ocrx_word' id='word_1_317' title='bbox 2107 3177 2148 3242; x_wconf 63' lang='grc' dir='ltr'>ϐ</span> 
     </span>
    </p>
   </div>
   <div class='ocr_carea' id='block_1_49' title="bbox 436 3220 2068 3296">
    <p class='ocr_par' dir='ltr' id='par_1_49' title="bbox 436 3220 2068 3296">
     <span class='ocr_line' id='line_1_49' title="bbox 436 3220 2068 3296; baseline -0.006 -15"><span class='ocrx_word' id='word_1_318' title='bbox 436 3231 640 3282; x_wconf 75' lang='lat' dir='ltr'>fuerat.</span> <span class='ocrx_word' id='word_1_319' title='bbox 675 3225 1039 3280; x_wconf 78' lang='lat' dir='ltr'>Credenduiu</span> <span class='ocrx_word' id='word_1_320' title='bbox 1093 3242 1260 3296; x_wconf 81' lang='lat' dir='ltr'>porro</span> <span class='ocrx_word' id='word_1_321' title='bbox 1313 3224 1560 3290; x_wconf 77' lang='lat' dir='ltr'>dicebat,</span> <span class='ocrx_word' id='word_1_322' title='bbox 1623 3239 1734 3276; x_wconf 89' lang='lat' dir='ltr'>non</span> <span class='ocrx_word' id='word_1_323' title='bbox 1790 3222 1845 3275; x_wconf 91' lang='lat' dir='ltr'>in</span> <span class='ocrx_word' id='word_1_324' title='bbox 1888 3220 2068 3276; x_wconf 87' lang='lat' dir='ltr'>cruci-</span> 
     </span>
    </p>
   </div>
   <div class='ocr_carea' id='block_1_50' title="bbox 440 3311 2080 3384">
    <p class='ocr_par' dir='ltr' id='par_1_50' title="bbox 440 3311 2080 3384">
     <span class='ocr_line' id='line_1_50' title="bbox 440 3311 2080 3384; baseline -0.005 -12"><span class='ocrx_word' id='word_1_325' title='bbox 440 3320 639 3384; x_wconf 81' lang='lat' dir='ltr'>ﬁxum,</span> <span class='ocrx_word' id='word_1_326' title='bbox 674 3319 770 3372; x_wconf 79' lang='lat' dir='ltr'>sed</span> <span class='ocrx_word' id='word_1_327' title='bbox 809 3316 863 3370; x_wconf 90' lang='lat' dir='ltr'>in</span> <span class='ocrx_word' id='word_1_328' title='bbox 900 3333 1025 3370; x_wconf 74' lang='lat' dir='ltr'>eum</span> <span class='ocrx_word' id='word_1_329' title='bbox 1061 3314 1155 3384; x_wconf 81' lang='lat' dir='ltr'>qui</span> <span class='ocrx_word' id='word_1_330' title='bbox 1203 3316 1516 3376; x_wconf 75' lang='lat' dir='ltr'>crucifixus</span> <span class='ocrx_word' id='word_1_331' title='bbox 1564 3313 1884 3368; x_wconf 80' lang='lat' dir='ltr'>videbatur.</span> <span class='ocrx_word' id='word_1_332' title='bbox 1920 3311 2080 3364; x_wconf 83' lang='lat' dir='ltr'>Basi-</span> 
     </span>
    </p>
   </div>
   <div class='ocr_carea' id='block_1_51' title="bbox 434 3399 2081 3477">
    <p class='ocr_par' dir='ltr' id='par_1_51' title="bbox 434 3399 2081 3477">
     <span class='ocr_line' id='line_1_51' title="bbox 434 3399 2081 3477; baseline -0.005 -17"><span class='ocrx_word' id='word_1_333' title='bbox 434 3405 584 3460; x_wconf 75' lang='lat' dir='ltr'>lides</span> <span class='ocrx_word' id='word_1_334' title='bbox 617 3405 875 3477; x_wconf 54' lang='lat' dir='ltr'>insuper,</span> <span class='ocrx_word' id='word_1_335' title='bbox 912 3409 974 3458; x_wconf 94' lang='lat' dir='ltr'>ut</span> <span class='ocrx_word' id='word_1_336' title='bbox 1006 3405 1227 3466; x_wconf 82' lang='lat' dir='ltr'>Simon,</span> <span class='ocrx_word' id='word_1_337' title='bbox 1262 3409 1317 3457; x_wconf 89' lang='lat' dir='ltr'>et</span> <span class='ocrx_word' id='word_1_338' title='bbox 1350 3406 1609 3476; x_wconf 85' lang='lat' dir='ltr'>quoquot</span> <span class='ocrx_word' id='word_1_339' title='bbox 1639 3401 1902 3472; x_wconf 82' lang='lat' dir='ltr'>ejusdem</span> <span class='ocrx_word' id='word_1_340' title='bbox 1936 3399 2081 3453; x_wconf 87' lang='lat' dir='ltr'>deli-</span> 
     </span>
    </p>
   </div>
   <div class='ocr_carea' id='block_1_52' title="bbox 441 3477 2083 3564">
    <p class='ocr_par' dir='ltr' id='par_1_52' title="bbox 441 3477 2083 3564">
     <span class='ocr_line' id='line_1_52' title="bbox 441 3477 2083 3564; baseline -0.005 -14"><span class='ocrx_word' id='word_1_341' title='bbox 441 3500 700 3550; x_wconf 71' lang='lat' dir='ltr'>ramenta</span> <span class='ocrx_word' id='word_1_342' title='bbox 733 3496 1159 3564; x_wconf 87' lang='lat' dir='ltr'>verborumque</span> <span class='ocrx_word' id='word_1_343' title='bbox 1195 3497 1456 3564; x_wconf 80' lang='lat' dir='ltr'>portenta</span> <span class='ocrx_word' id='word_1_344' title='bbox 1493 3477 1833 3554; x_wconf 82' lang='lat' dir='ltr'>tuebantur,</span> <span class='ocrx_word' id='word_1_345' title='bbox 1890 3487 2083 3542; x_wconf 75' lang='lat' dir='ltr'>carnis</span> 
     </span>
    </p>
   </div>
   <div class='ocr_carea' id='block_1_53' title="bbox 445 3575 2083 3652">
    <p class='ocr_par' dir='ltr' id='par_1_53' title="bbox 445 3575 2083 3652">
     <span class='ocr_line' id='line_1_53' title="bbox 445 3575 2083 3652; baseline -0.005 -14"><span class='ocrx_word' id='word_1_346' title='bbox 445 3585 926 3640; x_wconf 76' lang='lat' dir='ltr'>resurrectionem</span> <span class='ocrx_word' id='word_1_347' title='bbox 987 3583 1257 3652; x_wconf 85' lang='lat' dir='ltr'>negabat,</span> <span class='ocrx_word' id='word_1_348' title='bbox 1317 3581 1386 3636; x_wconf 89' lang='lat' dir='ltr'>ab</span> <span class='ocrx_word' id='word_1_349' title='bbox 1461 3595 1640 3650; x_wconf 71' lang='lat' dir='ltr'>eoque</span> <span class='ocrx_word' id='word_1_350' title='bbox 1699 3577 1924 3649; x_wconf 82' lang='lat' dir='ltr'>angelo,</span> <span class='ocrx_word' id='word_1_351' title='bbox 1983 3575 2083 3650; x_wconf 90' lang='lat' dir='ltr'>qui</span> 
     </span>
    </p>
   </div>
   <div class='ocr_carea' id='block_1_54' title="bbox 442 3667 2082 3746">
    <p class='ocr_par' dir='ltr' id='par_1_54' title="bbox 442 3667 2082 3746">
     <span class='ocr_line' id='line_1_54' title="bbox 442 3667 2082 3746; baseline -0.003 -18"><span class='ocrx_word' id='word_1_352' title='bbox 442 3675 659 3729; x_wconf 75' lang='lat' dir='ltr'>Judzeis</span> <span class='ocrx_word' id='word_1_353' title='bbox 693 3679 982 3746; x_wconf 58' lang='lat' dir='ltr'>prmesset,</span> <span class='ocrx_word' id='word_1_354' title='bbox 1021 3672 1304 3726; x_wconf 85' lang='lat' dir='ltr'>mundum</span> <span class='ocrx_word' id='word_1_355' title='bbox 1358 3670 1572 3724; x_wconf 85' lang='lat' dir='ltr'>factum</span> <span class='ocrx_word' id='word_1_356' title='bbox 1625 3668 1802 3723; x_wconf 74' lang='lat' dir='ltr'>fuisse</span> <span class='ocrx_word' id='word_1_357' title='bbox 1833 3667 2082 3724; x_wconf 84' lang='lat' dir='ltr'>dicebat.</span> 
     </span>
    </p>
   </div>
   <div class='ocr_carea' id='block_1_55' title="bbox 445 3756 2081 3831">
    <p class='ocr_par' dir='ltr' id='par_1_55' title="bbox 445 3756 2081 3831">
     <span class='ocr_line' id='line_1_55' title="bbox 445 3756 2081 3831; baseline -0.004 -15"><span class='ocrx_word' id='word_1_358' title='bbox 445 3761 766 3829; x_wconf 75' lang='lat' dir='ltr'>Quamlibet</span> <span class='ocrx_word' id='word_1_359' title='bbox 797 3763 968 3816; x_wconf 83' lang='lat' dir='ltr'>etiam</span> <span class='ocrx_word' id='word_1_360' title='bbox 1003 3761 1360 3826; x_wconf 59' lang='lat' dir='ltr'>hortabatur,</span> <span class='ocrx_word' id='word_1_361' title='bbox 1396 3765 1455 3814; x_wconf 89' lang='lat' dir='ltr'>ut</span> <span class='ocrx_word' id='word_1_362' title='bbox 1485 3777 1584 3831; x_wconf 86' lang='lat' dir='ltr'>pro</span> <span class='ocrx_word' id='word_1_363' title='bbox 1633 3757 1876 3813; x_wconf 87' lang='lat' dir='ltr'>libidine</span> <span class='ocrx_word' id='word_1_364' title='bbox 1910 3756 2081 3812; x_wconf 84' lang='lat' dir='ltr'>idolo-</span> 
     </span>
    </p>
   </div>
   <div class='ocr_carea' id='block_1_56' title="bbox 443 3847 2082 3924">
    <p class='ocr_par' dir='ltr' id='par_1_56' title="bbox 443 3847 2082 3924">
     <span class='ocr_line' id='line_1_56' title="bbox 443 3847 2082 3924; baseline -0.002 -19"><span class='ocrx_word' id='word_1_365' title='bbox 443 3857 642 3924; x_wconf 72' lang='lat' dir='ltr'>thytis,</span> <span class='ocrx_word' id='word_1_366' title='bbox 677 3853 782 3906; x_wconf 92' lang='lat' dir='ltr'>hoc</span> <span class='ocrx_word' id='word_1_367' title='bbox 810 3856 920 3921; x_wconf 88' lang='lat' dir='ltr'>est,</span> <span class='ocrx_word' id='word_1_368' title='bbox 954 3851 1024 3905; x_wconf 82' lang='lat' dir='ltr'>iis</span> <span class='ocrx_word' id='word_1_369' title='bbox 1057 3867 1184 3922; x_wconf 63' lang='lat' dir='ltr'>quae</span> <span class='ocrx_word' id='word_1_370' title='bbox 1217 3849 1388 3904; x_wconf 87' lang='lat' dir='ltr'>idolis</span> <span class='ocrx_word' id='word_1_371' title='bbox 1420 3855 1614 3904; x_wconf 69' lang='lat' dir='ltr'>essent</span> <span class='ocrx_word' id='word_1_372' title='bbox 1659 3847 1961 3902; x_wconf 86' lang='lat' dir='ltr'>immolata</span> <span class='ocrx_word' id='word_1_373' title='bbox 1991 3863 2082 3902; x_wconf 83' lang='lat' dir='ltr'>ve-</span> 
     </span>
    </p>
   </div>
   <div class='ocr_carea' id='block_1_57' title="bbox 444 3937 2082 4012">
    <p class='ocr_par' dir='ltr' id='par_1_57' title="bbox 444 3937 2082 4012">
     <span class='ocr_line' id='line_1_57' title="bbox 444 3937 2082 4012; baseline -0.001 -20"><span class='ocrx_word' id='word_1_374' title='bbox 444 3951 718 4008; x_wconf 65' lang='lat' dir='ltr'>sceretur,</span> <span class='ocrx_word' id='word_1_375' title='bbox 745 3941 1082 4012; x_wconf 78' lang='lat' dir='ltr'>illicitisque</span> <span class='ocrx_word' id='word_1_376' title='bbox 1105 3941 1245 3994; x_wconf 81' lang='lat' dir='ltr'>adeo</span> <span class='ocrx_word' id='word_1_377' title='bbox 1269 3939 1602 3994; x_wconf 77' lang='lat' dir='ltr'>actionibus</span> <span class='ocrx_word' id='word_1_378' title='bbox 1627 3937 1772 3991; x_wconf 90' lang='lat' dir='ltr'>citra</span> <span class='ocrx_word' id='word_1_379' title='bbox 1795 3937 2082 3992; x_wconf 88' lang='lat' dir='ltr'>delectum</span> 
     </span>
    </p>
   </div>
   <div class='ocr_carea' id='block_1_58' title="bbox 445 4025 2084 4100">
    <p class='ocr_par' dir='ltr' id='par_1_58' title="bbox 445 4025 2084 4100">
     <span class='ocr_line' id='line_1_58' title="bbox 445 4025 2084 4100; baseline -0.003 -17"><span class='ocrx_word' id='word_1_380' title='bbox 445 4030 703 4084; x_wconf 81' lang='lat' dir='ltr'>vacabat.</span> <span class='ocrx_word' id='word_1_381' title='bbox 739 4031 895 4083; x_wconf 78' lang='lat' dir='ltr'>Idem</span> <span class='ocrx_word' id='word_1_382' title='bbox 932 4034 1205 4100; x_wconf 69' lang='lat' dir='ltr'>prreterea</span> <span class='ocrx_word' id='word_1_383' title='bbox 1244 4026 1732 4092; x_wconf 74' lang='lat' dir='ltr'>incantationuin,</span> <span class='ocrx_word' id='word_1_384' title='bbox 1767 4025 2084 4096; x_wconf 66' lang='lat' dir='ltr'>praestigia-</span> 
     </span>
    </p>
   </div>
   <div class='ocr_carea' id='block_1_59' title="bbox 449 4113 2088 4190">
    <p class='ocr_par' dir='ltr' id='par_1_59' title="bbox 449 4113 2088 4190">
     <span class='ocr_line' id='line_1_59' title="bbox 449 4113 2088 4190; baseline -0.004 -18"><span class='ocrx_word' id='word_1_385' title='bbox 449 4135 690 4188; x_wconf 79' lang='lat' dir='ltr'>runique</span> <span class='ocrx_word' id='word_1_386' title='bbox 709 4119 969 4172; x_wconf 81' lang='lat' dir='ltr'>inventor</span> <span class='ocrx_word' id='word_1_387' title='bbox 985 4117 1164 4170; x_wconf 54' lang='lat' dir='ltr'>fuisse</span> <span class='ocrx_word' id='word_1_388' title='bbox 1179 4116 1517 4190; x_wconf 85' lang='lat' dir='ltr'>perhibetur</span> <span class='ocrx_word' id='word_1_389' title='bbox 1533 4131 1701 4188; x_wconf 88' lang='lat' dir='ltr'>:quas</span> <span class='ocrx_word' id='word_1_390' title='bbox 1717 4113 2088 4174; x_wconf 84' lang='lat' dir='ltr'>dementibus</span> 
     </span>
    </p>
   </div>
   <div class='ocr_carea' id='block_1_60' title="bbox 449 4202 2085 4278">
    <p class='ocr_par' dir='ltr' id='par_1_60' title="bbox 449 4202 2085 4278">
     <span class='ocr_line' id='line_1_60' title="bbox 449 4202 2085 4278; baseline -0.001 -18"><span class='ocrx_word' id='word_1_391' title='bbox 449 4212 669 4276; x_wconf 86' lang='lat' dir='ltr'>postea,</span> <span class='ocrx_word' id='word_1_392' title='bbox 702 4209 758 4261; x_wconf 85' lang='lat' dir='ltr'>et</span> <span class='ocrx_word' id='word_1_393' title='bbox 795 4205 1046 4274; x_wconf 76' lang='lat' dir='ltr'>vesanis,</span> <span class='ocrx_word' id='word_1_394' title='bbox 1107 4207 1274 4276; x_wconf 83' lang='lat' dir='ltr'>quasi</span> <span class='ocrx_word' id='word_1_395' title='bbox 1338 4221 1434 4278; x_wconf 89' lang='lat' dir='ltr'>per</span> <span class='ocrx_word' id='word_1_396' title='bbox 1491 4221 1700 4259; x_wconf 86' lang='lat' dir='ltr'>manus</span> <span class='ocrx_word' id='word_1_397' title='bbox 1763 4202 2085 4258; x_wconf 75' lang='lat' dir='ltr'>tradiderit.</span> 
     </span>
    </p>
   </div>
   <div class='ocr_carea' id='block_1_61' title="bbox 446 4326 2083 4376">
    <p class='ocr_par' dir='ltr' id='par_1_61' title="bbox 446 4326 2083 4376">
     <span class='ocr_line' id='line_1_61' title="bbox 446 4326 2083 4376; baseline 0.001 -9"><span class='ocrx_word' id='word_1_398' title='bbox 446 4328 743 4369; x_wconf 60' lang='lat' dir='ltr'>HZRESEOS</span> <span class='ocrx_word' id='word_1_399' title='bbox 768 4329 1156 4375; x_wconf 66' lang='lat' dir='ltr'>PRIBCEDENTIS</span> <span class='ocrx_word' id='word_1_400' title='bbox 1175 4329 1522 4376; x_wconf 69' lang='lat' dir='ltr'>QONFUTATIU</span> <span class='ocrx_word' id='word_1_401' title='bbox 1547 4329 1651 4368; x_wconf 79' lang='lat' dir='ltr'>PER</span> <span class='ocrx_word' id='word_1_402' title='bbox 1667 4327 1904 4374; x_wconf 61' lang='lat' dir='ltr'>EUHDEM</span> <span class='ocrx_word' id='word_1_403' title='bbox 1928 4326 2083 4370; x_wconf 77' lang='lat' dir='ltr'>NICE&#39;</span> 
     </span>
    </p>
   </div>
   <div class='ocr_carea' id='block_1_62' title="bbox 1011 4401 1506 4442">
    <p class='ocr_par' dir='ltr' id='par_1_62' title="bbox 1011 4401 1506 4442">
     <span class='ocr_line' id='line_1_62' title="bbox 1011 4401 1506 4442; baseline 0 -4"><span class='ocrx_word' id='word_1_404' title='bbox 1011 4401 1127 4438; x_wconf 81' lang='grc' dir='ltr'>ΤΑΜ</span> <span class='ocrx_word' id='word_1_405' title='bbox 1167 4401 1313 4439; x_wconf 83' lang='lat' dir='ltr'>CHuN</span> <span class='ocrx_word' id='word_1_406' title='bbox 1323 4401 1506 4442; x_wconf 68' lang='grc' dir='ltr'>ιΑΤΑΜ.</span> 
     </span>
    </p>
   </div>
   <div class='ocr_carea' id='block_1_63' title="bbox 447 4489 2089 4560">
    <p class='ocr_par' dir='ltr' id='par_1_63' title="bbox 447 4489 2089 4560">
     <span class='ocr_line' id='line_1_63' title="bbox 447 4489 2089 4560; baseline -0.002 -12"><span class='ocrx_word' id='word_1_407' title='bbox 447 4492 551 4560; x_wconf 83' lang='lat' dir='ltr'>Qui</span> <span class='ocrx_word' id='word_1_408' title='bbox 579 4491 646 4548; x_wconf 88' lang='lat' dir='ltr'>ab</span> <span class='ocrx_word' id='word_1_409' title='bbox 677 4490 780 4546; x_wconf 81' lang='lat' dir='ltr'>hac</span> <span class='ocrx_word' id='word_1_410' title='bbox 800 4491 998 4554; x_wconf 56' lang='lat' dir='ltr'>Ituraei</span> <span class='ocrx_word' id='word_1_411' title='bbox 1017 4507 1074 4554; x_wconf 71' lang='lat' dir='ltr'>se</span> <span class='ocrx_word' id='word_1_412' title='bbox 1101 4491 1170 4548; x_wconf 87' lang='lat' dir='ltr'>ad</span> <span class='ocrx_word' id='word_1_413' title='bbox 1210 4489 1514 4550; x_wconf 79' lang='lat' dir='ltr'>Ecclesium</span> <span class='ocrx_word' id='word_1_414' title='bbox 1565 4489 1890 4554; x_wconf 77' lang='lat' dir='ltr'>catholicam</span> <span class='ocrx_word' id='word_1_415' title='bbox 1947 4491 2089 4554; x_wconf 76' lang='lat' dir='ltr'>reci-</span> 
     </span>
    </p>
   </div>
   <div class='ocr_carea' id='block_1_64' title="bbox 965 4561 1554 4634">
    <p class='ocr_par' dir='ltr' id='par_1_64' title="bbox 965 4561 1554 4634">
     <span class='ocr_line' id='line_1_64' title="bbox 965 4561 1554 4634; baseline 0 -18"><span class='ocrx_word' id='word_1_416' title='bbox 965 4561 1150 4634; x_wconf 82' lang='lat' dir='ltr'>piunt,</span> <span class='ocrx_word' id='word_1_417' title='bbox 1186 4564 1554 4632; x_wconf 69' lang='lat' dir='ltr'>baptizantur.</span> 
     </span>
    </p>
   </div>
   <div class='ocr_carea' id='block_1_65' title="bbox 518 4669 2086 4747">
    <p class='ocr_par' dir='ltr' id='par_1_65' title="bbox 518 4669 2086 4747">
     <span class='ocr_line' id='line_1_65' title="bbox 518 4669 2086 4747; baseline -0.001 -19"><span class='ocrx_word' id='word_1_418' title='bbox 518 4673 594 4728; x_wconf 85' lang='lat' dir='ltr'><strong>Ex</strong></span> <span class='ocrx_word' id='word_1_419' title='bbox 628 4672 884 4730; x_wconf 89' lang='lat' dir='ltr'>Simonis</span> <span class='ocrx_word' id='word_1_420' title='bbox 918 4671 1329 4734; x_wconf 68' lang='lat' dir='ltr'>traditionibus</span> <span class='ocrx_word' id='word_1_421' title='bbox 1365 4669 1524 4737; x_wconf 80' lang='lat' dir='ltr'>nulla</span> <span class='ocrx_word' id='word_1_422' title='bbox 1573 4674 1682 4736; x_wconf 84' lang='lat' dir='ltr'>est,</span> <span class='ocrx_word' id='word_1_423' title='bbox 1717 4687 1846 4747; x_wconf 73' lang='lat' dir='ltr'>quas</span> <span class='ocrx_word' id='word_1_424' title='bbox 1878 4671 2086 4734; x_wconf 81' lang='lat' dir='ltr'>confu-</span> 
     </span>
    </p>
   </div>
   <div class='ocr_carea' id='block_1_66' title="bbox 451 4760 2092 4834">
    <p class='ocr_par' dir='ltr' id='par_1_66' title="bbox 451 4760 2092 4834">
     <span class='ocr_line' id='line_1_66' title="bbox 451 4760 2092 4834; baseline -0.001 -18"><span class='ocrx_word' id='word_1_425' title='bbox 451 4767 640 4818; x_wconf 84' lang='lat' dir='ltr'>catore</span> <span class='ocrx_word' id='word_1_426' title='bbox 672 4763 950 4834; x_wconf 82' lang='lat' dir='ltr'>indigeat.</span> <span class='ocrx_word' id='word_1_427' title='bbox 989 4760 1202 4824; x_wconf 83' lang='lat' dir='ltr'>Omnes</span> <span class='ocrx_word' id='word_1_428' title='bbox 1233 4761 1384 4816; x_wconf 87' lang='lat' dir='ltr'>enim</span> <span class='ocrx_word' id='word_1_429' title='bbox 1446 4775 1569 4814; x_wconf 86' lang='lat' dir='ltr'>sese</span> <span class='ocrx_word' id='word_1_430' title='bbox 1627 4760 1772 4824; x_wconf 82' lang='lat' dir='ltr'>satis</span> <span class='ocrx_word' id='word_1_431' title='bbox 1801 4775 2092 4832; x_wconf 78' lang='lat' dir='ltr'>superque</span> 
     </span>
    </p>
   </div>
   <div class='ocr_carea' id='block_1_67' title="bbox 451 4848 2093 4922">
    <p class='ocr_par' dir='ltr' id='par_1_67' title="bbox 451 4848 2093 4922">
     <span class='ocr_line' id='line_1_67' title="bbox 451 4848 2093 4922; baseline -0.001 -17"><span class='ocrx_word' id='word_1_432' title='bbox 451 4852 882 4919; x_wconf 86' lang='lat' dir='ltr'>subvertunt,in</span> <span class='ocrx_word' id='word_1_433' title='bbox 917 4851 1132 4922; x_wconf 86' lang='lat' dir='ltr'>quibus</span> <span class='ocrx_word' id='word_1_434' title='bbox 1164 4848 1327 4907; x_wconf 87' lang='lat' dir='ltr'>nulla</span> <span class='ocrx_word' id='word_1_435' title='bbox 1357 4850 1434 4904; x_wconf 90' lang='lat' dir='ltr'>sit</span> <span class='ocrx_word' id='word_1_436' title='bbox 1463 4848 1702 4906; x_wconf 88' lang='lat' dir='ltr'>omnino</span> <span class='ocrx_word' id='word_1_437' title='bbox 1725 4865 2093 4920; x_wconf 83' lang='lat' dir='ltr'>consequen-</span> 
     </span>
    </p>
   </div>
   <div class='ocr_carea' id='block_1_68' title="bbox 451 4937 2000 5012">
    <p class='ocr_par' dir='ltr' id='par_1_68' title="bbox 451 4937 2000 5012">
     <span class='ocr_line' id='line_1_68' title="bbox 451 4937 2000 5012; baseline 0 -21"><span class='ocrx_word' id='word_1_438' title='bbox 451 4939 554 5005; x_wconf 83' lang='lat' dir='ltr'>tia,</span> <span class='ocrx_word' id='word_1_439' title='bbox 588 4940 849 5012; x_wconf 85' lang='lat' dir='ltr'>nihilque</span> <span class='ocrx_word' id='word_1_440' title='bbox 879 4939 1042 5006; x_wconf 88' lang='lat' dir='ltr'>adeo,</span> <span class='ocrx_word' id='word_1_441' title='bbox 1078 4940 1228 5010; x_wconf 86' lang='lat' dir='ltr'>quod</span> <span class='ocrx_word' id='word_1_442' title='bbox 1263 4938 1424 4999; x_wconf 74' lang='lat' dir='ltr'>Senis</span> <span class='ocrx_word' id='word_1_443' title='bbox 1455 4937 1696 5002; x_wconf 85' lang='lat' dir='ltr'>auribus</span> <span class='ocrx_word' id='word_1_444' title='bbox 1726 4937 2000 5000; x_wconf 75' lang='lat' dir='ltr'>arrident.</span> 
     </span>
    </p>
   </div>
   <div class='ocr_carea' id='block_1_69' title="bbox 524 5023 2091 5106">
    <p class='ocr_par' dir='ltr' id='par_1_69' title="bbox 524 5023 2091 5106">
     <span class='ocr_line' id='line_1_69' title="bbox 524 5023 2091 5106; baseline -0.001 -24"><span class='ocrx_word' id='word_1_445' title='bbox 524 5028 821 5096; x_wconf 83' lang='lat' dir='ltr'>Siquidem</span> <span class='ocrx_word' id='word_1_446' title='bbox 858 5028 974 5106; x_wconf 86' lang='lat' dir='ltr'>ille,</span> <span class='ocrx_word' id='word_1_447' title='bbox 1007 5031 1147 5083; x_wconf 90' lang='lat' dir='ltr'>dum</span> <span class='ocrx_word' id='word_1_448' title='bbox 1179 5027 1292 5089; x_wconf 78' lang='lat' dir='ltr'>sibi</span> <span class='ocrx_word' id='word_1_449' title='bbox 1324 5025 1468 5090; x_wconf 75' lang='lat' dir='ltr'>alias</span> <span class='ocrx_word' id='word_1_450' title='bbox 1498 5026 1706 5096; x_wconf 80' lang='lat' dir='ltr'>Patris,</span> <span class='ocrx_word' id='word_1_451' title='bbox 1741 5025 1883 5090; x_wconf 84' lang='lat' dir='ltr'>alias</span> <span class='ocrx_word' id='word_1_452' title='bbox 1915 5023 2091 5098; x_wconf 86' lang='lat' dir='ltr'>Spiri-</span> 
     </span>
    </p>
   </div>
   <div class='ocr_carea' id='block_1_70' title="bbox 455 5115 2093 5192">
    <p class='ocr_par' dir='ltr' id='par_1_70' title="bbox 455 5115 2093 5192">
     <span class='ocr_line' id='line_1_70' title="bbox 455 5115 2093 5192; baseline 0.002 -24"><span class='ocrx_word' id='word_1_453' title='bbox 455 5120 548 5169; x_wconf 88' lang='lat' dir='ltr'>tus</span> <span class='ocrx_word' id='word_1_454' title='bbox 581 5120 790 5192; x_wconf 82' lang='lat' dir='ltr'>sancti,</span> <span class='ocrx_word' id='word_1_455' title='bbox 825 5116 968 5173; x_wconf 85' lang='lat' dir='ltr'>aiias</span> <span class='ocrx_word' id='word_1_456' title='bbox 1002 5117 1252 5190; x_wconf 80' lang='lat' dir='ltr'>denique</span> <span class='ocrx_word' id='word_1_457' title='bbox 1314 5115 1584 5178; x_wconf 72' lang='lat' dir='ltr'>Potentia:</span> <span class='ocrx_word' id='word_1_458' title='bbox 1643 5116 1848 5181; x_wconf 74' lang='lat' dir='ltr'>divinae</span> <span class='ocrx_word' id='word_1_459' title='bbox 1885 5129 2093 5182; x_wconf 71' lang='lat' dir='ltr'>nomen</span> 
     </span>
    </p>
   </div>
   <div class='ocr_carea' id='block_1_71' title="bbox 454 5202 2092 5282">
    <p class='ocr_par' dir='ltr' id='par_1_71' title="bbox 454 5202 2092 5282">
     <span class='ocr_line' id='line_1_71' title="bbox 454 5202 2092 5282; baseline 0.001 -26"><span class='ocrx_word' id='word_1_460' title='bbox 454 5202 722 5273; x_wconf 87' lang='lat' dir='ltr'>imponit,</span> <span class='ocrx_word' id='word_1_461' title='bbox 755 5221 821 5260; x_wconf 87' lang='lat' dir='ltr'>eo</span> <span class='ocrx_word' id='word_1_462' title='bbox 851 5204 980 5276; x_wconf 85' lang='lat' dir='ltr'>ipso</span> <span class='ocrx_word' id='word_1_463' title='bbox 1013 5206 1158 5262; x_wconf 84' lang='lat' dir='ltr'>satis</span> <span class='ocrx_word' id='word_1_464' title='bbox 1197 5221 1265 5258; x_wconf 87' lang='lat' dir='ltr'>ea</span> <span class='ocrx_word' id='word_1_465' title='bbox 1299 5205 1439 5268; x_wconf 63' lang='lat' dir='ltr'>nghii</span> <span class='ocrx_word' id='word_1_466' title='bbox 1475 5221 1714 5282; x_wconf 82' lang='lat' dir='ltr'>prorsus</span> <span class='ocrx_word' id='word_1_467' title='bbox 1745 5221 1872 5263; x_wconf 88' lang='lat' dir='ltr'>esse</span> <span class='ocrx_word' id='word_1_468' title='bbox 1929 5203 2092 5265; x_wconf 66' lang='lat' dir='ltr'>coarl</span> 
     </span>
    </p>
   </div>
   <div class='ocr_carea' id='block_1_72' title="bbox 452 5291 2092 5360">
    <p class='ocr_par' dir='ltr' id='par_1_72' title="bbox 452 5291 2092 5360">
     <span class='ocr_line' id='line_1_72' title="bbox 452 5291 2092 5360; baseline 0.002 -15"><span class='ocrx_word' id='word_1_469' title='bbox 452 5291 750 5360; x_wconf 74' lang='lat' dir='ltr'>guit,qua3</span> <span class='ocrx_word' id='word_1_470' title='bbox 787 5291 898 5349; x_wconf 86' lang='lat' dir='ltr'>sibi</span> <span class='ocrx_word' id='word_1_471' title='bbox 957 5295 1252 5359; x_wconf 58' lang='lat' dir='ltr'>tantoiicre</span> <span class='ocrx_word' id='word_1_472' title='bbox 1311 5292 1684 5358; x_wconf 80' lang='lat' dir='ltr'>dissentanea</span> <span class='ocrx_word' id='word_1_473' title='bbox 1741 5293 2092 5358; x_wconf 80' lang='lat' dir='ltr'>vindicabat.</span> 
     </span>
    </p>
   </div>
   <div class='ocr_carea' id='block_1_73' title="bbox 453 5379 2094 5454">
    <p class='ocr_par' dir='ltr' id='par_1_73' title="bbox 453 5379 2094 5454">
     <span class='ocr_line' id='line_1_73' title="bbox 453 5379 2094 5454; baseline 0.002 -22"><span class='ocrx_word' id='word_1_474' title='bbox 453 5379 573 5432; x_wconf 82' lang='lat' dir='ltr'>Iino</span> <span class='ocrx_word' id='word_1_475' title='bbox 615 5393 766 5445; x_wconf 89' lang='lat' dir='ltr'>vero,</span> <span class='ocrx_word' id='word_1_476' title='bbox 822 5380 961 5436; x_wconf 84' lang='lat' dir='ltr'>dum</span> <span class='ocrx_word' id='word_1_477' title='bbox 1023 5379 1302 5435; x_wconf 64' lang='lat' dir='ltr'>caelorum</span> <span class='ocrx_word' id='word_1_478' title='bbox 1361 5398 1596 5454; x_wconf 84' lang='lat' dir='ltr'>quoque</span> <span class='ocrx_word' id='word_1_479' title='bbox 1649 5381 2094 5446; x_wconf 73' lang='lat' dir='ltr'>multitudinem</span> 
     </span>
    </p>
   </div>
   <div class='ocr_carea' id='block_1_74' title="bbox 452 5462 2096 5547">
    <p class='ocr_par' dir='ltr' id='par_1_74' title="bbox 452 5462 2096 5547">
     <span class='ocr_line' id='line_1_74' title="bbox 452 5462 2096 5547; baseline 0.004 -28"><span class='ocrx_word' id='word_1_480' title='bbox 452 5462 768 5522; x_wconf 88' lang='lat' dir='ltr'>introducit</span> <span class='ocrx_word' id='word_1_481' title='bbox 817 5467 889 5528; x_wconf 90' lang='lat' dir='ltr'>de</span> <span class='ocrx_word' id='word_1_482' title='bbox 938 5467 1154 5538; x_wconf 85' lang='lat' dir='ltr'>quibus</span> <span class='ocrx_word' id='word_1_483' title='bbox 1203 5467 1534 5532; x_wconf 68' lang='lat' dir='ltr'>Griecorum</span> <span class='ocrx_word' id='word_1_484' title='bbox 1590 5469 1917 5547; x_wconf 87' lang='lat' dir='ltr'>philos0pbi</span> <span class='ocrx_word' id='word_1_485' title='bbox 1950 5469 2096 5535; x_wconf 87' lang='lat' dir='ltr'>nihil</span> 
     </span>
    </p>
   </div>
   <div class='ocr_carea' id='block_1_75' title="bbox 517 5583 1230 5661">
    <p class='ocr_par' dir='ltr' id='par_1_75' title="bbox 517 5583 1230 5661">
     <span class='ocr_line' id='line_1_75' title="bbox 517 5583 1230 5661; baseline 0.048 -30"><span class='ocrx_word' id='word_1_486' title='bbox 517 5583 634 5627; x_wconf 76' lang='lat'>93-“</span> <span class='ocrx_word' id='word_1_487' title='bbox 662 5589 786 5646; x_wconf 80' lang='lat' dir='ltr'>Act.</span> <span class='ocrx_word' id='word_1_488' title='bbox 817 5609 936 5660; x_wconf 88' lang='lat' dir='ltr'>vm,</span> <span class='ocrx_word' id='word_1_489' title='bbox 967 5593 1037 5648; x_wconf 72' lang='grc'>49</span> <span class='ocrx_word' id='word_1_490' title='bbox 1066 5607 1230 5661; x_wconf 71' lang='lat' dir='ltr'>seqa-</span> 
     </span>
    </p>
   </div>
   <div class='ocr_carea' id='block_1_76' title="bbox 2184 1889 3813 1964">
    <p class='ocr_par' dir='ltr' id='par_1_76' title="bbox 2184 1889 3813 1964">
     <span class='ocr_line' id='line_1_76' title="bbox 2184 1889 3813 1964; baseline -0.001 -18"><span class='ocrx_word' id='word_1_491' title='bbox 2184 1889 2376 1960; x_wconf 81' lang='lat' dir='ltr'>gludio</span> <span class='ocrx_word' id='word_1_492' title='bbox 2401 1889 2702 1960; x_wconf 77' lang='lat' dir='ltr'>jugulent,</span> <span class='ocrx_word' id='word_1_493' title='bbox 2739 1890 2886 1946; x_wconf 87' lang='lat' dir='ltr'>satis</span> <span class='ocrx_word' id='word_1_494' title='bbox 2915 1906 3208 1964; x_wconf 69' lang='lat' dir='ltr'>superque</span> <span class='ocrx_word' id='word_1_495' title='bbox 3251 1892 3463 1954; x_wconf 82' lang='lat' dir='ltr'>Simon</span> <span class='ocrx_word' id='word_1_496' title='bbox 3516 1893 3637 1964; x_wconf 89' lang='lat' dir='ltr'>ipse</span> <span class='ocrx_word' id='word_1_497' title='bbox 3668 1909 3729 1946; x_wconf 86' lang='lat' dir='ltr'>ex</span> <span class='ocrx_word' id='word_1_498' title='bbox 3758 1893 3813 1945; x_wconf 86' lang='lat' dir='ltr'>iis</span> 
     </span>
    </p>
   </div>
   <div class='ocr_carea' id='block_1_77' title="bbox 2187 1979 3812 2054">
    <p class='ocr_par' dir='ltr' id='par_1_77' title="bbox 2187 1979 3812 2054">
     <span class='ocr_line' id='line_1_77' title="bbox 2187 1979 3812 2054; baseline 0.002 -23"><span class='ocrx_word' id='word_1_499' title='bbox 2187 1979 2572 2047; x_wconf 77' lang='lat' dir='ltr'>confirmavit,</span> <span class='ocrx_word' id='word_1_500' title='bbox 2609 1996 2739 2048; x_wconf 68' lang='lat' dir='ltr'>quae</span> <span class='ocrx_word' id='word_1_501' title='bbox 2770 1981 2842 2035; x_wconf 88' lang='lat' dir='ltr'>ab</span> <span class='ocrx_word' id='word_1_502' title='bbox 2874 1981 3152 2051; x_wconf 70' lang='lat' dir='ltr'>apostolis</span> <span class='ocrx_word' id='word_1_503' title='bbox 3183 1987 3236 2036; x_wconf 90' lang='lat' dir='ltr'>et</span> <span class='ocrx_word' id='word_1_504' title='bbox 3269 1982 3522 2050; x_wconf 80' lang='lat' dir='ltr'>audivit,</span> <span class='ocrx_word' id='word_1_505' title='bbox 3553 1988 3608 2037; x_wconf 91' lang='lat' dir='ltr'>et</span> <span class='ocrx_word' id='word_1_506' title='bbox 3635 1997 3812 2054; x_wconf 77' lang='lat' dir='ltr'>passus</span> 
     </span>
    </p>
   </div>
   <div class='ocr_carea' id='block_1_78' title="bbox 2185 2069 3812 2140">
    <p class='ocr_par' dir='ltr' id='par_1_78' title="bbox 2185 2069 3812 2140">
     <span class='ocr_line' id='line_1_78' title="bbox 2185 2069 3812 2140; baseline 0.001 -18"><span class='ocrx_word' id='word_1_507' title='bbox 2185 2075 2290 2132; x_wconf 77' lang='lat' dir='ltr'>est.</span> <span class='ocrx_word' id='word_1_508' title='bbox 2325 2069 2468 2134; x_wconf 79' lang='lat' dir='ltr'>Cum</span> <span class='ocrx_word' id='word_1_509' title='bbox 2501 2071 2658 2134; x_wconf 75' lang='lat' dir='ltr'>enim</span> <span class='ocrx_word' id='word_1_510' title='bbox 2694 2069 2999 2140; x_wconf 71' lang='lat' dir='ltr'>Philippus</span> <span class='ocrx_word' id='word_1_511' title='bbox 3039 2070 3098 2125; x_wconf 90' lang='lat' dir='ltr'>in</span> <span class='ocrx_word' id='word_1_512' title='bbox 3148 2071 3478 2126; x_wconf 79' lang='lat' dir='ltr'>Samariam</span> <span class='ocrx_word' id='word_1_513' title='bbox 3531 2088 3592 2127; x_wconf 87' lang='lat' dir='ltr'>se</span> <span class='ocrx_word' id='word_1_514' title='bbox 3635 2075 3812 2126; x_wconf 83' lang='lat' dir='ltr'>contu-</span> 
     </span>
    </p>
   </div>
   <div class='ocr_carea' id='block_1_79' title="bbox 2187 2157 3808 2231">
    <p class='ocr_par' dir='ltr' id='par_1_79' title="bbox 2187 2157 3808 2231">
     <span class='ocr_line' id='line_1_79' title="bbox 2187 2157 3808 2231; baseline 0.001 -20"><span class='ocrx_word' id='word_1_515' title='bbox 2187 2158 2370 2227; x_wconf 77' lang='lat' dir='ltr'>lisset,</span> <span class='ocrx_word' id='word_1_516' title='bbox 2405 2157 2500 2213; x_wconf 90' lang='lat' dir='ltr'>ille</span> <span class='ocrx_word' id='word_1_517' title='bbox 2532 2157 2768 2229; x_wconf 86' lang='lat' dir='ltr'>quidem</span> <span class='ocrx_word' id='word_1_518' title='bbox 2803 2175 2866 2213; x_wconf 73' lang='lat' dir='ltr'>ex</span> <span class='ocrx_word' id='word_1_519' title='bbox 2901 2163 3123 2231; x_wconf 86' lang='lat' dir='ltr'>septem</span> <span class='ocrx_word' id='word_1_520' title='bbox 3153 2161 3420 2217; x_wconf 78' lang='lat' dir='ltr'>diaconis</span> <span class='ocrx_word' id='word_1_521' title='bbox 3448 2178 3621 2226; x_wconf 86' lang='lat' dir='ltr'>unus,</span> <span class='ocrx_word' id='word_1_522' title='bbox 3654 2161 3808 2230; x_wconf 82' lang='lat' dir='ltr'>iisque</span> 
     </span>
    </p>
   </div>
   <div class='ocr_carea' id='block_1_80' title="bbox 2186 2248 3808 2324">
    <p class='ocr_par' dir='ltr' id='par_1_80' title="bbox 2186 2248 3808 2324">
     <span class='ocr_line' id='line_1_80' title="bbox 2186 2248 3808 2324; baseline -0.004 -16"><span class='ocrx_word' id='word_1_523' title='bbox 2186 2249 2328 2304; x_wconf 69' lang='lat' dir='ltr'>adeo</span> <span class='ocrx_word' id='word_1_524' title='bbox 2360 2248 2460 2324; x_wconf 83' lang='lat' dir='ltr'>qui</span> <span class='ocrx_word' id='word_1_525' title='bbox 2508 2248 2724 2310; x_wconf 73' lang='lat' dir='ltr'>ibidem</span> <span class='ocrx_word' id='word_1_526' title='bbox 2786 2248 2844 2310; x_wconf 81' lang='lat' dir='ltr'>in</span> <span class='ocrx_word' id='word_1_527' title='bbox 2905 2249 3144 2312; x_wconf 80' lang='lat' dir='ltr'>nomine</span> <span class='ocrx_word' id='word_1_528' title='bbox 3197 2248 3438 2314; x_wconf 86' lang='lat' dir='ltr'>Domini</span> <span class='ocrx_word' id='word_1_529' title='bbox 3495 2251 3670 2305; x_wconf 88' lang='lat' dir='ltr'>nostri</span> <span class='ocrx_word' id='word_1_530' title='bbox 3697 2252 3808 2302; x_wconf 86' lang='lat' dir='ltr'>Jesu</span> 
     </span>
    </p>
   </div>
   <div class='ocr_carea' id='block_1_81' title="bbox 2184 2335 3806 2410">
    <p class='ocr_par' dir='ltr' id='par_1_81' title="bbox 2184 2335 3806 2410">
     <span class='ocr_line' id='line_1_81' title="bbox 2184 2335 3806 2410; baseline -0.002 -19"><span class='ocrx_word' id='word_1_531' title='bbox 2184 2337 2394 2391; x_wconf 79' lang='lat' dir='ltr'>Christi</span> <span class='ocrx_word' id='word_1_532' title='bbox 2431 2336 2702 2405; x_wconf 77' lang='lat' dir='ltr'>baptizati</span> <span class='ocrx_word' id='word_1_533' title='bbox 2755 2337 3004 2392; x_wconf 85' lang='lat' dir='ltr'>fuerant.</span> <span class='ocrx_word' id='word_1_534' title='bbox 3057 2337 3257 2392; x_wconf 85' lang='lat' dir='ltr'>Simon</span> <span class='ocrx_word' id='word_1_535' title='bbox 3313 2343 3374 2393; x_wconf 87' lang='lat' dir='ltr'>et</span> <span class='ocrx_word' id='word_1_536' title='bbox 3405 2340 3532 2410; x_wconf 88' lang='lat' dir='ltr'>ipse</span> <span class='ocrx_word' id='word_1_537' title='bbox 3563 2335 3806 2394; x_wconf 82' lang='lat' dir='ltr'>lustrales</span> 
     </span>
    </p>
   </div>
   <div class='ocr_carea' id='block_1_82' title="bbox 2186 2423 3804 2496">
    <p class='ocr_par' dir='ltr' id='par_1_82' title="bbox 2186 2423 3804 2496">
     <span class='ocr_line' id='line_1_82' title="bbox 2186 2423 3804 2496; baseline -0.002 -17"><span class='ocrx_word' id='word_1_538' title='bbox 2186 2426 2256 2480; x_wconf 81' lang='lat' dir='ltr'>ad</span> <span class='ocrx_word' id='word_1_539' title='bbox 2290 2440 2474 2495; x_wconf 82' lang='lat' dir='ltr'>aquas</span> <span class='ocrx_word' id='word_1_540' title='bbox 2505 2425 2771 2488; x_wconf 84' lang='lat' dir='ltr'>accessit,</span> <span class='ocrx_word' id='word_1_541' title='bbox 2806 2425 3097 2496; x_wconf 80' lang='lat' dir='ltr'>cmpitque</span> <span class='ocrx_word' id='word_1_542' title='bbox 3146 2425 3503 2482; x_wconf 81' lang='lat' dir='ltr'>familiarius</span> <span class='ocrx_word' id='word_1_543' title='bbox 3531 2443 3656 2481; x_wconf 87' lang='lat' dir='ltr'>cum</span> <span class='ocrx_word' id='word_1_544' title='bbox 3685 2423 3804 2478; x_wconf 88' lang='lat' dir='ltr'>Phi-</span> 
     </span>
    </p>
   </div>
   <div class='ocr_carea' id='block_1_83' title="bbox 2186 2511 3804 2584">
    <p class='ocr_par' dir='ltr' id='par_1_83' title="bbox 2186 2511 3804 2584">
     <span class='ocr_line' id='line_1_83' title="bbox 2186 2511 3804 2584; baseline -0.002 -17"><span class='ocrx_word' id='word_1_545' title='bbox 2186 2513 2342 2584; x_wconf 86' lang='lat' dir='ltr'>lippo</span> <span class='ocrx_word' id='word_1_546' title='bbox 2401 2515 2638 2579; x_wconf 82' lang='lat' dir='ltr'>versari,</span> <span class='ocrx_word' id='word_1_547' title='bbox 2690 2529 2924 2584; x_wconf 78' lang='lat' dir='ltr'>magna,</span> <span class='ocrx_word' id='word_1_548' title='bbox 2982 2519 3044 2568; x_wconf 93' lang='lat' dir='ltr'>ut</span> <span class='ocrx_word' id='word_1_549' title='bbox 3086 2530 3202 2584; x_wconf 63' lang='lat' dir='ltr'>prie</span> <span class='ocrx_word' id='word_1_550' title='bbox 3251 2531 3320 2570; x_wconf 91' lang='lat' dir='ltr'>se</span> <span class='ocrx_word' id='word_1_551' title='bbox 3373 2515 3610 2582; x_wconf 86' lang='lat' dir='ltr'>ferebat,</span> <span class='ocrx_word' id='word_1_552' title='bbox 3656 2511 3804 2567; x_wconf 81' lang='lat' dir='ltr'>animi</span> 
     </span>
    </p>
   </div>
   <div class='ocr_carea' id='block_1_84' title="bbox 2186 2600 3803 2673">
    <p class='ocr_par' dir='ltr' id='par_1_84' title="bbox 2186 2600 3803 2673">
     <span class='ocr_line' id='line_1_84' title="bbox 2186 2600 3803 2673; baseline -0.003 -16"><span class='ocrx_word' id='word_1_553' title='bbox 2186 2603 2520 2658; x_wconf 84' lang='lat' dir='ltr'>constantia</span> <span class='ocrx_word' id='word_1_554' title='bbox 2563 2619 2692 2656; x_wconf 87' lang='lat' dir='ltr'>cum</span> <span class='ocrx_word' id='word_1_555' title='bbox 2745 2601 2842 2657; x_wconf 90' lang='lat' dir='ltr'>illo</span> <span class='ocrx_word' id='word_1_556' title='bbox 2893 2619 3294 2673; x_wconf 84' lang='lat' dir='ltr'>perseverans.</span> <span class='ocrx_word' id='word_1_557' title='bbox 3348 2604 3456 2668; x_wconf 89' lang='lat' dir='ltr'>Qui</span> <span class='ocrx_word' id='word_1_558' title='bbox 3505 2620 3633 2658; x_wconf 89' lang='lat' dir='ltr'>cum</span> <span class='ocrx_word' id='word_1_559' title='bbox 3679 2600 3803 2656; x_wconf 84' lang='lat' dir='ltr'>mira</span> 
     </span>
    </p>
   </div>
   <div class='ocr_carea' id='block_1_85' title="bbox 2187 2689 3797 2762">
    <p class='ocr_par' dir='ltr' id='par_1_85' title="bbox 2187 2689 3797 2762">
     <span class='ocr_line' id='line_1_85' title="bbox 2187 2689 3797 2762; baseline -0.002 -18"><span class='ocrx_word' id='word_1_560' title='bbox 2187 2690 2306 2759; x_wconf 87' lang='lat' dir='ltr'>illa,</span> <span class='ocrx_word' id='word_1_561' title='bbox 2340 2709 2465 2762; x_wconf 65' lang='lat' dir='ltr'>quae</span> <span class='ocrx_word' id='word_1_562' title='bbox 2499 2708 2532 2746; x_wconf 89' lang='lat' dir='ltr'>a</span> <span class='ocrx_word' id='word_1_563' title='bbox 2563 2690 2829 2762; x_wconf 87' lang='lat' dir='ltr'>Philippo</span> <span class='ocrx_word' id='word_1_564' title='bbox 2861 2691 3096 2762; x_wconf 76' lang='lat' dir='ltr'>ﬁebant,</span> <span class='ocrx_word' id='word_1_565' title='bbox 3159 2709 3360 2748; x_wconf 85' lang='lat' dir='ltr'>curam</span> <span class='ocrx_word' id='word_1_566' title='bbox 3420 2696 3686 2758; x_wconf 88' lang='lat' dir='ltr'>cerneret,</span> <span class='ocrx_word' id='word_1_567' title='bbox 3715 2689 3797 2742; x_wconf 87' lang='lat' dir='ltr'>ad-</span> 
     </span>
    </p>
   </div>
   <div class='ocr_carea' id='block_1_86' title="bbox 2187 2764 3883 2854">
    <p class='ocr_par' dir='ltr' id='par_1_86' title="bbox 2187 2764 3883 2854">
     <span class='ocr_line' id='line_1_86' title="bbox 2187 2764 3883 2854; baseline -0.002 -20"><span class='ocrx_word' id='word_1_568' title='bbox 2187 2781 2492 2835; x_wconf 80' lang='lat' dir='ltr'>miratione</span> <span class='ocrx_word' id='word_1_569' title='bbox 2525 2780 2878 2854; x_wconf 82' lang='lat' dir='ltr'>rapiebatur.</span> <span class='ocrx_word' id='word_1_570' title='bbox 2913 2785 3054 2836; x_wconf 90' lang='lat' dir='ltr'>Cum</span> <span class='ocrx_word' id='word_1_571' title='bbox 3083 2764 3220 2836; x_wconf 77' lang='lat' dir='ltr'>vero</span> <span class='ocrx_word' id='word_1_572' title='bbox 3264 2781 3508 2837; x_wconf 84' lang='lat' dir='ltr'>tandem</span> <span class='ocrx_word' id='word_1_573' title='bbox 3547 2785 3597 2836; x_wconf 84' lang='lat' dir='ltr'>in</span> <span class='ocrx_word' id='word_1_574' title='bbox 3628 2782 3798 2834; x_wconf 84' lang='lat' dir='ltr'>Sama-</span> <span class='ocrx_word' id='word_1_575' title='bbox 3881 2843 3883 2845; x_wconf 18' lang='grc' dir='ltr'><strong><em>ι</em></strong></span> 
     </span>
    </p>
   </div>
   <div class='ocr_carea' id='block_1_87' title="bbox 2187 2868 3804 2942">
    <p class='ocr_par' dir='ltr' id='par_1_87' title="bbox 2187 2868 3804 2942">
     <span class='ocr_line' id='line_1_87' title="bbox 2187 2868 3804 2942; baseline -0.003 -19"><span class='ocrx_word' id='word_1_576' title='bbox 2187 2868 2736 2940; x_wconf 82' lang='lat' dir='ltr'>riam,promuigata</span> <span class='ocrx_word' id='word_1_577' title='bbox 2757 2868 2884 2940; x_wconf 87' lang='lat' dir='ltr'>jam</span> <span class='ocrx_word' id='word_1_578' title='bbox 2915 2869 3167 2942; x_wconf 89' lang='lat' dir='ltr'>Philippi</span> <span class='ocrx_word' id='word_1_579' title='bbox 3195 2871 3804 2942; x_wconf 71' lang='lat' dir='ltr'>praedicatione,Petrus</span> 
     </span>
    </p>
   </div>
   <div class='ocr_carea' id='block_1_88' title="bbox 2187 2955 3799 3028">
    <p class='ocr_par' dir='ltr' id='par_1_88' title="bbox 2187 2955 3799 3028">
     <span class='ocr_line' id='line_1_88' title="bbox 2187 2955 3799 3028; baseline -0.003 -16"><span class='ocrx_word' id='word_1_580' title='bbox 2187 2961 2243 3012; x_wconf 90' lang='lat' dir='ltr'>et</span> <span class='ocrx_word' id='word_1_581' title='bbox 2269 2958 2524 3013; x_wconf 82' lang='lat' dir='ltr'>Joannes</span> <span class='ocrx_word' id='word_1_582' title='bbox 2579 2957 2828 3028; x_wconf 88' lang='lat' dir='ltr'>apostoli</span> <span class='ocrx_word' id='word_1_583' title='bbox 2884 2958 3200 3024; x_wconf 81' lang='lat' dir='ltr'>venissent,</span> <span class='ocrx_word' id='word_1_584' title='bbox 3263 2968 3323 3014; x_wconf 88' lang='lat' dir='ltr'>et</span> <span class='ocrx_word' id='word_1_585' title='bbox 3379 2957 3730 3014; x_wconf 84' lang='lat' dir='ltr'>credentibus</span> <span class='ocrx_word' id='word_1_586' title='bbox 3755 2955 3799 3008; x_wconf 89' lang='lat' dir='ltr'>in</span> 
     </span>
    </p>
   </div>
   <div class='ocr_carea' id='block_1_89' title="bbox 2187 3047 3799 3121">
    <p class='ocr_par' dir='ltr' id='par_1_89' title="bbox 2187 3047 3799 3121">
     <span class='ocr_line' id='line_1_89' title="bbox 2187 3047 3799 3121; baseline -0.002 -19"><span class='ocrx_word' id='word_1_587' title='bbox 2187 3047 2482 3110; x_wconf 88' lang='lat' dir='ltr'>Christum</span> <span class='ocrx_word' id='word_1_588' title='bbox 2517 3049 2700 3103; x_wconf 80' lang='lat' dir='ltr'>sancti</span> <span class='ocrx_word' id='word_1_589' title='bbox 2727 3049 2980 3121; x_wconf 88' lang='lat' dir='ltr'>Spiritus</span> <span class='ocrx_word' id='word_1_590' title='bbox 3010 3051 3597 3106; x_wconf 81' lang='lat' dir='ltr'>communicationem</span> <span class='ocrx_word' id='word_1_591' title='bbox 3629 3061 3799 3118; x_wconf 83' lang='lat' dir='ltr'>apere-</span> 
     </span>
    </p>
   </div>
   <div class='ocr_carea' id='block_1_90' title="bbox 2186 3133 3798 3210">
    <p class='ocr_par' dir='ltr' id='par_1_90' title="bbox 2186 3133 3798 3210">
     <span class='ocr_line' id='line_1_90' title="bbox 2186 3133 3798 3210; baseline -0.001 -20"><span class='ocrx_word' id='word_1_592' title='bbox 2186 3137 2295 3190; x_wconf 87' lang='lat' dir='ltr'>oati</span> <span class='ocrx_word' id='word_1_593' title='bbox 2325 3136 2591 3206; x_wconf 81' lang='lat' dir='ltr'>fuissent,</span> <span class='ocrx_word' id='word_1_594' title='bbox 2627 3137 2906 3208; x_wconf 85' lang='lat' dir='ltr'>illumque</span> <span class='ocrx_word' id='word_1_595' title='bbox 2933 3139 3076 3195; x_wconf 87' lang='lat' dir='ltr'>adeo</span> <span class='ocrx_word' id='word_1_596' title='bbox 3109 3155 3208 3210; x_wconf 82' lang='lat' dir='ltr'>per</span> <span class='ocrx_word' id='word_1_597' title='bbox 3239 3155 3528 3195; x_wconf 79' lang='lat' dir='ltr'>manuum</span> <span class='ocrx_word' id='word_1_598' title='bbox 3583 3133 3798 3206; x_wconf 79' lang='lat' dir='ltr'>imposi-</span> 
     </span>
    </p>
   </div>
   <div class='ocr_carea' id='block_1_91' title="bbox 2186 3225 3794 3298">
    <p class='ocr_par' dir='ltr' id='par_1_91' title="bbox 2186 3225 3794 3298">
     <span class='ocr_line' id='line_1_91' title="bbox 2186 3225 3794 3298; baseline -0.001 -20"><span class='ocrx_word' id='word_1_599' title='bbox 2186 3225 2404 3279; x_wconf 87' lang='lat' dir='ltr'>tionem</span> <span class='ocrx_word' id='word_1_600' title='bbox 2440 3226 2811 3294; x_wconf 73' lang='lat' dir='ltr'>recepissent.</span> <span class='ocrx_word' id='word_1_601' title='bbox 2847 3231 2976 3282; x_wconf 71' lang='lat' dir='ltr'>Hinc</span> <span class='ocrx_word' id='word_1_602' title='bbox 3010 3229 3133 3298; x_wconf 84' lang='lat' dir='ltr'>ipsa</span> <span class='ocrx_word' id='word_1_603' title='bbox 3163 3243 3366 3291; x_wconf 83' lang='lat' dir='ltr'>coram</span> <span class='ocrx_word' id='word_1_604' title='bbox 3417 3229 3609 3284; x_wconf 87' lang='lat' dir='ltr'>Simon</span> <span class='ocrx_word' id='word_1_605' title='bbox 3645 3226 3794 3278; x_wconf 78' lang='lat' dir='ltr'>intui-</span> 
     </span>
    </p>
   </div>
   <div class='ocr_carea' id='block_1_92' title="bbox 2188 3312 3799 3385">
    <p class='ocr_par' dir='ltr' id='par_1_92' title="bbox 2188 3312 3799 3385">
     <span class='ocr_line' id='line_1_92' title="bbox 2188 3312 3799 3385; baseline -0.004 -17"><span class='ocrx_word' id='word_1_606' title='bbox 2188 3319 2301 3379; x_wconf 87' lang='lat' dir='ltr'>tus,</span> <span class='ocrx_word' id='word_1_607' title='bbox 2365 3315 2643 3385; x_wconf 82' lang='lat' dir='ltr'>pecunias</span> <span class='ocrx_word' id='word_1_608' title='bbox 2697 3315 2977 3384; x_wconf 76' lang='lat' dir='ltr'>apostolis</span> <span class='ocrx_word' id='word_1_609' title='bbox 3035 3316 3248 3371; x_wconf 87' lang='lat' dir='ltr'>obtulit</span> <span class='ocrx_word' id='word_1_610' title='bbox 3315 3317 3516 3374; x_wconf 85' lang='lat' dir='ltr'>dicens</span> <span class='ocrx_word' id='word_1_611' title='bbox 3548 3333 3563 3371; x_wconf 88' lang='lat'><strong><em>:</em></strong></span> <span class='ocrx_word' id='word_1_612' title='bbox 3595 3317 3713 3369; x_wconf 73' lang='lat' dir='ltr'>Date</span> <span class='ocrx_word' id='word_1_613' title='bbox 3755 3312 3799 3363; x_wconf 78' lang='lat' dir='ltr'>et</span> 
     </span>
    </p>
   </div>
   <div class='ocr_carea' id='block_1_93' title="bbox 2188 3403 3798 3478">
    <p class='ocr_par' dir='ltr' id='par_1_93' title="bbox 2188 3403 3798 3478">
     <span class='ocr_line' id='line_1_93' title="bbox 2188 3403 3798 3478; baseline -0.004 -20"><span class='ocrx_word' id='word_1_614' title='bbox 2188 3403 2330 3458; x_wconf 83' lang='lat' dir='ltr'>mihi</span> <span class='ocrx_word' id='word_1_615' title='bbox 2357 3403 2496 3458; x_wconf 73' lang='lat' dir='ltr'>hanc</span> <span class='ocrx_word' id='word_1_616' title='bbox 2528 3407 2868 3474; x_wconf 74' lang='lat' dir='ltr'>potestatem,</span> <span class='ocrx_word' id='word_1_617' title='bbox 2918 3408 2980 3460; x_wconf 85' lang='lat' dir='ltr'>ut</span> <span class='ocrx_word' id='word_1_618' title='bbox 3025 3407 3337 3476; x_wconf 77' lang='lat' dir='ltr'>cuicunque</span> <span class='ocrx_word' id='word_1_619' title='bbox 3383 3409 3680 3478; x_wconf 67' lang='lat' dir='ltr'>imposuere</span> <span class='ocrx_word' id='word_1_620' title='bbox 3704 3415 3798 3454; x_wconf 84' lang='lat' dir='ltr'>ma-</span> 
     </span>
    </p>
   </div>
   <div class='ocr_carea' id='block_1_94' title="bbox 2187 3488 3802 3562">
    <p class='ocr_par' dir='ltr' id='par_1_94' title="bbox 2187 3488 3802 3562">
     <span class='ocr_line' id='line_1_94' title="bbox 2187 3488 3802 3562; baseline -0.001 -16"><span class='ocrx_word' id='word_1_621' title='bbox 2187 3507 2314 3560; x_wconf 74' lang='lat' dir='ltr'>nus,</span> <span class='ocrx_word' id='word_1_622' title='bbox 2345 3493 2587 3562; x_wconf 73' lang='lat' dir='ltr'>accipiat</span> <span class='ocrx_word' id='word_1_623' title='bbox 2617 3491 2888 3562; x_wconf 75' lang='lat' dir='ltr'>Spiritum</span> <span class='ocrx_word' id='word_1_624' title='bbox 2922 3503 3191 3550; x_wconf 76' lang='lat' dir='ltr'>sanatum.</span> <span class='ocrx_word' id='word_1_625' title='bbox 3255 3497 3457 3554; x_wconf 80' lang='lat' dir='ltr'>Petrus</span> <span class='ocrx_word' id='word_1_626' title='bbox 3486 3498 3658 3550; x_wconf 75' lang='lat' dir='ltr'>autem</span> <span class='ocrx_word' id='word_1_627' title='bbox 3681 3488 3802 3544; x_wconf 75' lang='lat' dir='ltr'>diri!</span> 
     </span>
    </p>
   </div>
   <div class='ocr_carea' id='block_1_95' title="bbox 2189 3580 3802 3653">
    <p class='ocr_par' dir='ltr' id='par_1_95' title="bbox 2189 3580 3802 3653">
     <span class='ocr_line' id='line_1_95' title="bbox 2189 3580 3802 3653; baseline 0 -18"><span class='ocrx_word' id='word_1_628' title='bbox 2189 3580 2258 3635; x_wconf 79' lang='lat' dir='ltr'>ari</span> <span class='ocrx_word' id='word_1_629' title='bbox 2288 3597 2412 3634; x_wconf 81' lang='lat' dir='ltr'>eum</span> <span class='ocrx_word' id='word_1_630' title='bbox 2446 3597 2458 3634; x_wconf 89' lang='lat'>:</span> <span class='ocrx_word' id='word_1_631' title='bbox 2492 3581 2735 3636; x_wconf 84' lang='lat' dir='ltr'>Pecunia</span> <span class='ocrx_word' id='word_1_632' title='bbox 2763 3586 2860 3636; x_wconf 82' lang='lat' dir='ltr'>tua</span> <span class='ocrx_word' id='word_1_633' title='bbox 2893 3588 3068 3637; x_wconf 84' lang='lat' dir='ltr'>tecum</span> <span class='ocrx_word' id='word_1_634' title='bbox 3095 3585 3166 3638; x_wconf 79' lang='lat' dir='ltr'>sit</span> <span class='ocrx_word' id='word_1_635' title='bbox 3195 3585 3252 3638; x_wconf 85' lang='lat' dir='ltr'>in</span> <span class='ocrx_word' id='word_1_636' title='bbox 3283 3584 3660 3653; x_wconf 78' lang='lat' dir='ltr'>perditionem,</span> <span class='ocrx_word' id='word_1_637' title='bbox 3688 3591 3802 3648; x_wconf 82' lang='lat' dir='ltr'>quo-</span> 
     </span>
    </p>
   </div>
   <div class='ocr_carea' id='block_1_96' title="bbox 2189 3666 3800 3742">
    <p class='ocr_par' dir='ltr' id='par_1_96' title="bbox 2189 3666 3800 3742">
     <span class='ocr_line' id='line_1_96' title="bbox 2189 3666 3800 3742; baseline -0.002 -18"><span class='ocrx_word' id='word_1_638' title='bbox 2189 3671 2344 3724; x_wconf 85' lang='lat' dir='ltr'>niam</span> <span class='ocrx_word' id='word_1_639' title='bbox 2375 3668 2576 3722; x_wconf 81' lang='lat' dir='ltr'>donum</span> <span class='ocrx_word' id='word_1_640' title='bbox 2607 3670 2706 3724; x_wconf 83' lang='lat' dir='ltr'>Dei</span> <span class='ocrx_word' id='word_1_641' title='bbox 2734 3670 3071 3726; x_wconf 72' lang='lat' dir='ltr'>existimasti</span> <span class='ocrx_word' id='word_1_642' title='bbox 3119 3676 3365 3742; x_wconf 82' lang='lat' dir='ltr'>pecunia</span> <span class='ocrx_word' id='word_1_643' title='bbox 3411 3668 3676 3737; x_wconf 70' lang='lat' dir='ltr'>possideri.</span> <span class='ocrx_word' id='word_1_644' title='bbox 3706 3666 3800 3720; x_wconf 78' lang='lat' dir='ltr'>Non</span> 
     </span>
    </p>
   </div>
   <div class='ocr_carea' id='block_1_97' title="bbox 2189 3751 3800 3828">
    <p class='ocr_par' dir='ltr' id='par_1_97' title="bbox 2189 3751 3800 3828">
     <span class='ocr_line' id='line_1_97' title="bbox 2189 3751 3800 3828; baseline -0.002 -16"><span class='ocrx_word' id='word_1_645' title='bbox 2189 3763 2270 3812; x_wconf 70' lang='lat' dir='ltr'>est</span> <span class='ocrx_word' id='word_1_646' title='bbox 2297 3755 2402 3810; x_wconf 83' lang='lat' dir='ltr'>tibi</span> <span class='ocrx_word' id='word_1_647' title='bbox 2428 3773 2578 3826; x_wconf 71' lang='lat' dir='ltr'>pars,</span> <span class='ocrx_word' id='word_1_648' title='bbox 2629 3773 2805 3828; x_wconf 80' lang='lat' dir='ltr'>neque</span> <span class='ocrx_word' id='word_1_649' title='bbox 2845 3775 2961 3814; x_wconf 72' lang='lat' dir='ltr'>sors</span> <span class='ocrx_word' id='word_1_650' title='bbox 3005 3761 3066 3814; x_wconf 80' lang='lat' dir='ltr'>in</span> <span class='ocrx_word' id='word_1_651' title='bbox 3105 3776 3359 3816; x_wconf 78' lang='lat' dir='ltr'>sermone</span> <span class='ocrx_word' id='word_1_652' title='bbox 3404 3764 3518 3816; x_wconf 85' lang='lat' dir='ltr'>hoc.</span> <span class='ocrx_word' id='word_1_653' title='bbox 3553 3761 3655 3814; x_wconf 83' lang='lat' dir='ltr'>Cor</span> <span class='ocrx_word' id='word_1_654' title='bbox 3674 3751 3800 3810; x_wconf 74' lang='lat' dir='ltr'>enim</span> 
     </span>
    </p>
   </div>
   <div class='ocr_carea' id='block_1_98' title="bbox 2191 3845 3800 3923">
    <p class='ocr_par' dir='ltr' id='par_1_98' title="bbox 2191 3845 3800 3923">
     <span class='ocr_line' id='line_1_98' title="bbox 2191 3845 3800 3923; baseline 0.004 -23"><span class='ocrx_word' id='word_1_655' title='bbox 2191 3854 2349 3900; x_wconf 85' lang='lat' dir='ltr'>tuum</span> <span class='ocrx_word' id='word_1_656' title='bbox 2379 3861 2481 3900; x_wconf 77' lang='lat' dir='ltr'>non</span> <span class='ocrx_word' id='word_1_657' title='bbox 2515 3851 2594 3901; x_wconf 80' lang='lat' dir='ltr'>est</span> <span class='ocrx_word' id='word_1_658' title='bbox 2625 3851 2831 3902; x_wconf 73' lang='lat' dir='ltr'>rectum</span> <span class='ocrx_word' id='word_1_659' title='bbox 2861 3864 3052 3904; x_wconf 84' lang='lat' dir='ltr'>caram</span> <span class='ocrx_word' id='word_1_660' title='bbox 3099 3849 3221 3905; x_wconf 81' lang='lat' dir='ltr'>Deo.</span> <span class='ocrx_word' id='word_1_661' title='bbox 3274 3851 3448 3923; x_wconf 79' lang='lat' dir='ltr'>[Roga</span> <span class='ocrx_word' id='word_1_662' title='bbox 3491 3862 3610 3918; x_wconf 71' lang='lat' dir='ltr'>ergo</span> <span class='ocrx_word' id='word_1_663' title='bbox 3637 3845 3800 3906; x_wconf 65' lang='lat' dir='ltr'>Deum.</span> 
     </span>
    </p>
   </div>
   <div class='ocr_carea' id='block_1_99' title="bbox 2189 3930 3796 4008">
    <p class='ocr_par' dir='ltr' id='par_1_99' title="bbox 2189 3930 3796 4008">
     <span class='ocr_line' id='line_1_99' title="bbox 2189 3930 3796 4008; baseline -0.004 -20"><span class='ocrx_word' id='word_1_664' title='bbox 2189 3937 2244 3988; x_wconf 75' lang='lat' dir='ltr'>si</span> <span class='ocrx_word' id='word_1_665' title='bbox 2272 3935 2413 4004; x_wconf 76' lang='lat' dir='ltr'>forte</span> <span class='ocrx_word' id='word_1_666' title='bbox 2441 3938 2766 3990; x_wconf 66' lang='lat' dir='ltr'>remittatur</span> <span class='ocrx_word' id='word_1_667' title='bbox 2794 3936 2903 3992; x_wconf 78' lang='lat' dir='ltr'>tthi</span> <span class='ocrx_word' id='word_1_668' title='bbox 2930 3939 3048 3993; x_wconf 74' lang='lat' dir='ltr'>haec</span> <span class='ocrx_word' id='word_1_669' title='bbox 3076 3939 3346 4008; x_wconf 70' lang='lat' dir='ltr'>cogitatio</span> <span class='ocrx_word' id='word_1_670' title='bbox 3391 3937 3576 3994; x_wconf 76' lang='lat' dir='ltr'>cordi:</span> <span class='ocrx_word' id='word_1_671' title='bbox 3601 3932 3716 4003; x_wconf 63' lang='lat' dir='ltr'>tui]</span> <span class='ocrx_word' id='word_1_672' title='bbox 3746 3930 3796 3983; x_wconf 80' lang='lat' dir='ltr'>ln</span> 
     </span>
    </p>
   </div>
   <div class='ocr_carea' id='block_1_100' title="bbox 2191 4019 3802 4096">
    <p class='ocr_par' dir='ltr' id='par_1_100' title="bbox 2191 4019 3802 4096">
     <span class='ocr_line' id='line_1_100' title="bbox 2191 4019 3802 4096; baseline 0.001 -18"><span class='ocrx_word' id='word_1_673' title='bbox 2191 4023 2328 4096; x_wconf 75' lang='lat' dir='ltr'>felle</span> <span class='ocrx_word' id='word_1_674' title='bbox 2356 4028 2500 4078; x_wconf 80' lang='lat' dir='ltr'>enim</span> <span class='ocrx_word' id='word_1_675' title='bbox 2549 4026 2978 4091; x_wconf 74' lang='lat' dir='ltr'>amaritudinis,</span> <span class='ocrx_word' id='word_1_676' title='bbox 3024 4031 3077 4082; x_wconf 84' lang='lat' dir='ltr'>et</span> <span class='ocrx_word' id='word_1_677' title='bbox 3121 4027 3470 4096; x_wconf 77' lang='lat' dir='ltr'>obligatione</span> <span class='ocrx_word' id='word_1_678' title='bbox 3497 4019 3802 4095; x_wconf 57' lang='lat' dir='ltr'>iniquitatis.</span> 
     </span>
    </p>
   </div>
   <div class='ocr_carea' id='block_1_101' title="bbox 2193 4111 2833 4174">
    <p class='ocr_par' dir='ltr' id='par_1_101' title="bbox 2193 4111 2833 4174">
     <span class='ocr_line' id='line_1_101' title="bbox 2193 4111 2833 4174; baseline 0.009 -8"><span class='ocrx_word' id='word_1_679' title='bbox 2193 4111 2432 4174; x_wconf 68' lang='lat' dir='ltr'>vidimus</span> <span class='ocrx_word' id='word_1_680' title='bbox 2461 4117 2516 4168; x_wconf 79' lang='lat' dir='ltr'>te</span> <span class='ocrx_word' id='word_1_681' title='bbox 2545 4131 2662 4168; x_wconf 70' lang='lat' dir='ltr'>esse</span> <span class='ocrx_word' id='word_1_682' title='bbox 2692 4113 2833 4172; x_wconf 66' lang='grc' dir='ltr'>’τ’-(δ”.</span> 
     </span>
    </p>
   </div>
   <div class='ocr_carea' id='block_1_102' title="bbox 2276 4211 3800 4294">
    <p class='ocr_par' dir='ltr' id='par_1_102' title="bbox 2276 4211 3800 4294">
     <span class='ocr_line' id='line_1_102' title="bbox 2276 4211 3800 4294; baseline -0.009 -15"><span class='ocrx_word' id='word_1_683' title='bbox 2276 4217 2521 4279; x_wconf 81' lang='lat' dir='ltr'>Proinde</span> <span class='ocrx_word' id='word_1_684' title='bbox 2579 4222 2920 4292; x_wconf 86' lang='lat' dir='ltr'>hujusmodi</span> <span class='ocrx_word' id='word_1_685' title='bbox 2985 4224 3278 4294; x_wconf 88' lang='lat' dir='ltr'>repulsam</span> <span class='ocrx_word' id='word_1_686' title='bbox 3344 4222 3696 4280; x_wconf 82' lang='lat' dir='ltr'>miserrimus</span> <span class='ocrx_word' id='word_1_687' title='bbox 3725 4211 3800 4266; x_wconf 84' lang='lat' dir='ltr'>ille</span> 
     </span>
    </p>
   </div>
   <div class='ocr_carea' id='block_1_103' title="bbox 2198 4298 3799 4385">
    <p class='ocr_par' dir='ltr' id='par_1_103' title="bbox 2198 4298 3799 4385">
     <span class='ocr_line' id='line_1_103' title="bbox 2198 4298 3799 4385; baseline -0.006 -17"><span class='ocrx_word' id='word_1_688' title='bbox 2198 4317 2492 4385; x_wconf 85' lang='lat' dir='ltr'>passus,et</span> <span class='ocrx_word' id='word_1_689' title='bbox 2524 4309 2598 4364; x_wconf 83' lang='lat' dir='ltr'>ad</span> <span class='ocrx_word' id='word_1_690' title='bbox 2631 4309 2926 4378; x_wconf 90' lang='lat' dir='ltr'>proprium</span> <span class='ocrx_word' id='word_1_691' title='bbox 2958 4311 3246 4365; x_wconf 90' lang='lat' dir='ltr'>vomitum</span> <span class='ocrx_word' id='word_1_692' title='bbox 3281 4298 3799 4375; x_wconf 70' lang='lat' dir='ltr'>reversus,Samaria</span> 
     </span>
    </p>
   </div>
   <div class='ocr_carea' id='block_1_104' title="bbox 2194 4388 3796 4471">
    <p class='ocr_par' dir='ltr' id='par_1_104' title="bbox 2194 4388 3796 4471">
     <span class='ocr_line' id='line_1_104' title="bbox 2194 4388 3796 4471; baseline -0.005 -13"><span class='ocrx_word' id='word_1_693' title='bbox 2194 4400 2463 4467; x_wconf 72' lang='lat' dir='ltr'>excessit,</span> <span class='ocrx_word' id='word_1_694' title='bbox 2498 4405 2554 4455; x_wconf 91' lang='lat' dir='ltr'>et</span> <span class='ocrx_word' id='word_1_695' title='bbox 2583 4399 2656 4454; x_wconf 88' lang='lat' dir='ltr'>ad</span> <span class='ocrx_word' id='word_1_696' title='bbox 2684 4415 2752 4454; x_wconf 90' lang='lat' dir='ltr'>ea</span> <span class='ocrx_word' id='word_1_697' title='bbox 2783 4415 2845 4454; x_wconf 88' lang='lat' dir='ltr'>se</span> <span class='ocrx_word' id='word_1_698' title='bbox 2875 4400 3088 4470; x_wconf 83' lang='lat' dir='ltr'>Oppida</span> <span class='ocrx_word' id='word_1_699' title='bbox 3119 4401 3510 4471; x_wconf 86' lang='lat' dir='ltr'>civitatesque</span> <span class='ocrx_word' id='word_1_700' title='bbox 3565 4388 3796 4451; x_wconf 64' lang='lat' dir='ltr'>contulit.</span> 
     </span>
    </p>
   </div>
   <div class='ocr_carea' id='block_1_105' title="bbox 2199 4479 3795 4564">
    <p class='ocr_par' dir='ltr' id='par_1_105' title="bbox 2199 4479 3795 4564">
     <span class='ocr_line' id='line_1_105' title="bbox 2199 4479 3795 4564; baseline -0.01 -18"><span class='ocrx_word' id='word_1_701' title='bbox 2199 4491 2416 4564; x_wconf 82' lang='lat' dir='ltr'>quibus</span> <span class='ocrx_word' id='word_1_702' title='bbox 2461 4488 2717 4543; x_wconf 88' lang='lat' dir='ltr'>nondum</span> <span class='ocrx_word' id='word_1_703' title='bbox 2780 4487 3073 4560; x_wconf 85' lang='lat' dir='ltr'>Evangelii</span> <span class='ocrx_word' id='word_1_704' title='bbox 3132 4489 3332 4545; x_wconf 88' lang='lat' dir='ltr'>lumen</span> <span class='ocrx_word' id='word_1_705' title='bbox 3391 4488 3664 4548; x_wconf 83' lang='lat' dir='ltr'>illexerat,</span> <span class='ocrx_word' id='word_1_706' title='bbox 3697 4479 3795 4564; x_wconf 80' lang='lat' dir='ltr'>jaru</span> 
     </span>
    </p>
   </div>
   <div class='ocr_carea' id='block_1_106' title="bbox 2199 4563 3796 4650">
    <p class='ocr_par' dir='ltr' id='par_1_106' title="bbox 2199 4563 3796 4650">
     <span class='ocr_line' id='line_1_106' title="bbox 2199 4563 3796 4650; baseline -0.009 -15"><span class='ocrx_word' id='word_1_707' title='bbox 2199 4563 2444 4650; x_wconf 75' lang='lat' dir='ltr'>tumque</span> <span class='ocrx_word' id='word_1_708' title='bbox 2471 4579 2748 4632; x_wconf 87' lang='lat' dir='ltr'>adversus</span> <span class='ocrx_word' id='word_1_709' title='bbox 2782 4578 2950 4633; x_wconf 86' lang='lat' dir='ltr'>Verbi</span> <span class='ocrx_word' id='word_1_710' title='bbox 2997 4576 3178 4632; x_wconf 89' lang='lat' dir='ltr'>divini</span> <span class='ocrx_word' id='word_1_711' title='bbox 3226 4594 3518 4648; x_wconf 71' lang='lat' dir='ltr'>praecones</span> <span class='ocrx_word' id='word_1_712' title='bbox 3548 4563 3796 4642; x_wconf 79' lang='lat' dir='ltr'>imprimis</span> 
     </span>
    </p>
   </div>
   <div class='ocr_carea' id='block_1_107' title="bbox 2201 4666 3798 4737">
    <p class='ocr_par' dir='ltr' id='par_1_107' title="bbox 2201 4666 3798 4737">
     <span class='ocr_line' id='line_1_107' title="bbox 2201 4666 3798 4737; baseline -0.011 -15"><span class='ocrx_word' id='word_1_713' title='bbox 2201 4672 2392 4722; x_wconf 84' lang='lat' dir='ltr'>autem</span> <span class='ocrx_word' id='word_1_714' title='bbox 2427 4671 2916 4735; x_wconf 83' lang='lat' dir='ltr'>Petrum,crucem</span> <span class='ocrx_word' id='word_1_715' title='bbox 2951 4681 3011 4720; x_wconf 85' lang='lat' dir='ltr'>se</span> <span class='ocrx_word' id='word_1_716' title='bbox 3031 4667 3424 4737; x_wconf 86' lang='lat' dir='ltr'>Satanamque</span> <span class='ocrx_word' id='word_1_717' title='bbox 3445 4666 3694 4736; x_wconf 64' lang='lat' dir='ltr'>prestera</span> <span class='ocrx_word' id='word_1_718' title='bbox 3711 4667 3798 4708; x_wconf 70' lang='lat' dir='ltr'>coe-</span> 
     </span>
    </p>
   </div>
   <div class='ocr_carea' id='block_1_108' title="bbox 2202 4741 3796 4828">
    <p class='ocr_par' dir='ltr' id='par_1_108' title="bbox 2202 4741 3796 4828">
     <span class='ocr_line' id='line_1_108' title="bbox 2202 4741 3796 4828; baseline -0.01 -18"><span class='ocrx_word' id='word_1_719' title='bbox 2202 4757 2306 4828; x_wconf 91' lang='lat' dir='ltr'>pit.</span> <span class='ocrx_word' id='word_1_720' title='bbox 2339 4755 2635 4826; x_wconf 76' lang='lat' dir='ltr'>Siquidem</span> <span class='ocrx_word' id='word_1_721' title='bbox 2667 4770 2801 4809; x_wconf 85' lang='lat' dir='ltr'>eum</span> <span class='ocrx_word' id='word_1_722' title='bbox 2838 4754 2978 4818; x_wconf 82' lang='lat' dir='ltr'>nihil</span> <span class='ocrx_word' id='word_1_723' title='bbox 3026 4755 3191 4824; x_wconf 82' lang='lat' dir='ltr'>prius</span> <span class='ocrx_word' id='word_1_724' title='bbox 3248 4753 3545 4825; x_wconf 87' lang='lat' dir='ltr'>antiquius</span> <span class='ocrx_word' id='word_1_725' title='bbox 3593 4741 3796 4802; x_wconf 74' lang='lat' dir='ltr'>haberet</span> 
     </span>
    </p>
   </div>
   <div class='ocr_carea' id='block_1_109' title="bbox 2202 4841 3792 4916">
    <p class='ocr_par' dir='ltr' id='par_1_109' title="bbox 2202 4841 3792 4916">
     <span class='ocr_line' id='line_1_109' title="bbox 2202 4841 3792 4916; baseline -0.007 -15"><span class='ocrx_word' id='word_1_726' title='bbox 2202 4861 2376 4916; x_wconf 87' lang='lat' dir='ltr'>quam</span> <span class='ocrx_word' id='word_1_727' title='bbox 2403 4851 2468 4899; x_wconf 93' lang='lat' dir='ltr'>ut</span> <span class='ocrx_word' id='word_1_728' title='bbox 2499 4848 2669 4904; x_wconf 84' lang='lat' dir='ltr'>Petro</span> <span class='ocrx_word' id='word_1_729' title='bbox 2694 4859 2792 4909; x_wconf 88' lang='lat' dir='ltr'>per</span> <span class='ocrx_word' id='word_1_730' title='bbox 2813 4844 3010 4907; x_wconf 83' lang='lat' dir='ltr'>omnia</span> <span class='ocrx_word' id='word_1_731' title='bbox 3034 4841 3516 4916; x_wconf 74' lang='lat' dir='ltr'>ret&#39;ragaretur,ad</span> <span class='ocrx_word' id='word_1_732' title='bbox 3539 4842 3792 4900; x_wconf 58' lang='lat' dir='ltr'>summum</span> 
     </span>
    </p>
   </div>
   <div class='ocr_carea' id='block_1_110' title="bbox 2203 4927 3798 5006">
    <p class='ocr_par' dir='ltr' id='par_1_110' title="bbox 2203 4927 3798 5006">
     <span class='ocr_line' id='line_1_110' title="bbox 2203 4927 3798 5006; baseline -0.006 -16"><span class='ocrx_word' id='word_1_733' title='bbox 2203 4935 2475 5006; x_wconf 81' lang='lat' dir='ltr'>pietatem</span> <span class='ocrx_word' id='word_1_734' title='bbox 2510 4933 2566 4998; x_wconf 89' lang='lat' dir='ltr'>in</span> <span class='ocrx_word' id='word_1_735' title='bbox 2601 4932 3030 4996; x_wconf 85' lang='lat' dir='ltr'>confertissima</span> <span class='ocrx_word' id='word_1_736' title='bbox 3063 4933 3259 5004; x_wconf 84' lang='lat' dir='ltr'>populi</span> <span class='ocrx_word' id='word_1_737' title='bbox 3285 4932 3554 4994; x_wconf 76' lang='lat' dir='ltr'>concione</span> <span class='ocrx_word' id='word_1_738' title='bbox 3582 4927 3798 4985; x_wconf 74' lang='lat' dir='ltr'>doceret.</span> 
     </span>
    </p>
   </div>
   <div class='ocr_carea' id='block_1_111' title="bbox 2202 5014 3792 5092">
    <p class='ocr_par' dir='ltr' id='par_1_111' title="bbox 2202 5014 3792 5092">
     <span class='ocr_line' id='line_1_111' title="bbox 2202 5014 3792 5092; baseline -0.006 -12"><span class='ocrx_word' id='word_1_739' title='bbox 2202 5039 2405 5082; x_wconf 83' lang='lat' dir='ltr'>canem</span> <span class='ocrx_word' id='word_1_740' title='bbox 2433 5021 2722 5092; x_wconf 82' lang='lat' dir='ltr'>misit,qui</span> <span class='ocrx_word' id='word_1_741' title='bbox 2744 5020 2868 5086; x_wconf 67' lang='lat' dir='ltr'>haec</span> <span class='ocrx_word' id='word_1_742' title='bbox 2887 5020 3157 5085; x_wconf 79' lang='lat' dir='ltr'>humanis</span> <span class='ocrx_word' id='word_1_743' title='bbox 3169 5023 3357 5086; x_wconf 78' lang='lat' dir='ltr'>verbis</span> <span class='ocrx_word' id='word_1_744' title='bbox 3379 5014 3792 5092; x_wconf 60' lang='lat' dir='ltr'>proloquersiuri</span> 
     </span>
    </p>
   </div>
   <div class='ocr_carea' id='block_1_112' title="bbox 2205 5093 3790 5182">
    <p class='ocr_par' dir='ltr' id='par_1_112' title="bbox 2205 5093 3790 5182">
     <span class='ocr_line' id='line_1_112' title="bbox 2205 5093 3790 5182; baseline -0.015 -2"><span class='ocrx_word' id='word_1_745' title='bbox 2205 5113 2404 5178; x_wconf 75' lang='lat' dir='ltr'>Finem</span> <span class='ocrx_word' id='word_1_746' title='bbox 2440 5110 2578 5176; x_wconf 61' lang='lat' dir='ltr'>illis,</span> <span class='ocrx_word' id='word_1_747' title='bbox 2620 5111 2808 5178; x_wconf 72' lang='lat' dir='ltr'>Patre,</span> <span class='ocrx_word' id='word_1_748' title='bbox 2837 5111 3052 5182; x_wconf 81' lang='lat' dir='ltr'>quibus</span> <span class='ocrx_word' id='word_1_749' title='bbox 3102 5111 3380 5182; x_wconf 75' lang='lat' dir='ltr'>populum</span> <span class='ocrx_word' id='word_1_750' title='bbox 3431 5093 3790 5182; x_wconf 47' lang='lat' dir='ltr'>circumvenit.</span> 
     </span>
    </p>
   </div>
   <div class='ocr_carea' id='block_1_113' title="bbox 2202 5179 3789 5274">
    <p class='ocr_par' dir='ltr' id='par_1_113' title="bbox 2202 5179 3789 5274">
     <span class='ocr_line' id='line_1_113' title="bbox 2202 5179 3789 5274; baseline -0.011 -17"><span class='ocrx_word' id='word_1_751' title='bbox 2202 5201 2548 5274; x_wconf 79' lang='lat' dir='ltr'>imposturis</span> <span class='ocrx_word' id='word_1_752' title='bbox 2582 5179 2890 5271; x_wconf 76' lang='lat' dir='ltr'>imponito.</span> <span class='ocrx_word' id='word_1_753' title='bbox 2925 5199 3055 5256; x_wconf 79' lang='lat' dir='ltr'>Mox</span> <span class='ocrx_word' id='word_1_754' title='bbox 3082 5179 3342 5262; x_wconf 77' lang='lat' dir='ltr'>vicissim</span> <span class='ocrx_word' id='word_1_755' title='bbox 3375 5197 3531 5254; x_wconf 85' lang='lat' dir='ltr'>canis</span> <span class='ocrx_word' id='word_1_756' title='bbox 3572 5191 3704 5254; x_wconf 86' lang='lat' dir='ltr'>idem</span> <span class='ocrx_word' id='word_1_757' title='bbox 3734 5179 3789 5274; x_wconf 68' lang='lat' dir='ltr'>ad</span> 
     </span>
    </p>
   </div>
   <div class='ocr_carea' id='block_1_114' title="bbox 2205 5271 3792 5360">
    <p class='ocr_par' dir='ltr' id='par_1_114' title="bbox 2205 5271 3792 5360">
     <span class='ocr_line' id='line_1_114' title="bbox 2205 5271 3792 5360; baseline -0.021 -1"><span class='ocrx_word' id='word_1_758' title='bbox 2205 5271 2499 5347; x_wconf 46' lang='lat' dir='ltr'>Siti-One&quot;!</span> <span class='ocrx_word' id='word_1_759' title='bbox 2535 5306 2568 5353; x_wconf 69' lang='grc' dir='ltr'>θα</span> <span class='ocrx_word' id='word_1_760' title='bbox 2599 5288 2764 5352; x_wconf 82' lang='lat' dir='ltr'>Petro</span> <span class='ocrx_word' id='word_1_761' title='bbox 2797 5288 3322 5360; x_wconf 79' lang='lat' dir='ltr'>relegatus,eadem</span> <span class='ocrx_word' id='word_1_762' title='bbox 3355 5286 3434 5354; x_wconf 85' lang='lat' dir='ltr'>illi</span> <span class='ocrx_word' id='word_1_763' title='bbox 3467 5271 3792 5360; x_wconf 72' lang='lat' dir='ltr'>renuntiavit-</span> 
     </span>
    </p>
   </div>
   <div class='ocr_carea' id='block_1_115' title="bbox 2204 5356 3796 5449">
    <p class='ocr_par' dir='ltr' id='par_1_115' title="bbox 2204 5356 3796 5449">
     <span class='ocr_line' id='line_1_115' title="bbox 2204 5356 3796 5449; baseline -0.018 -13"><span class='ocrx_word' id='word_1_764' title='bbox 2204 5379 2464 5442; x_wconf 80' lang='lat' dir='ltr'>Tanriem</span> <span class='ocrx_word' id='word_1_765' title='bbox 2497 5393 2630 5444; x_wconf 81' lang='lat' dir='ltr'>cum</span> <span class='ocrx_word' id='word_1_766' title='bbox 2665 5377 2846 5438; x_wconf 87' lang='lat' dir='ltr'>multo</span> <span class='ocrx_word' id='word_1_767' title='bbox 2879 5356 2946 5434; x_wconf 62' lang='grc' dir='ltr'>εξ</span> <span class='ocrx_word' id='word_1_768' title='bbox 2975 5377 3116 5447; x_wconf 86' lang='lat' dir='ltr'>illis,</span> <span class='ocrx_word' id='word_1_769' title='bbox 3149 5394 3294 5449; x_wconf 78' lang='lat' dir='ltr'>quos</span> <span class='ocrx_word' id='word_1_770' title='bbox 3327 5381 3518 5432; x_wconf 84' lang='lat' dir='ltr'>Petrus</span> <span class='ocrx_word' id='word_1_771' title='bbox 3545 5356 3796 5424; x_wconf 76' lang='lat' dir='ltr'>concinni-</span> 
     </span>
    </p>
   </div>
   <div class='ocr_carea' id='block_1_116' title="bbox 2208 5459 3794 5540">
    <p class='ocr_par' dir='ltr' id='par_1_116' title="bbox 2208 5459 3794 5540">
     <span class='ocr_line' id='line_1_116' title="bbox 2208 5459 3794 5540; baseline -0.016 -9"><span class='ocrx_word' id='word_1_772' title='bbox 2208 5470 2322 5536; x_wconf 82' lang='lat' dir='ltr'>bus</span> <span class='ocrx_word' id='word_1_773' title='bbox 2353 5472 2478 5528; x_wconf 80' lang='lat' dir='ltr'>suis</span> <span class='ocrx_word' id='word_1_774' title='bbox 2511 5469 2884 5538; x_wconf 75' lang='lat' dir='ltr'>instruxerat,</span> <span class='ocrx_word' id='word_1_775' title='bbox 2945 5469 3014 5524; x_wconf 87' lang='lat' dir='ltr'>ad</span> <span class='ocrx_word' id='word_1_776' title='bbox 3073 5471 3357 5540; x_wconf 79' lang='lat' dir='ltr'>privatum</span> <span class='ocrx_word' id='word_1_777' title='bbox 3415 5465 3614 5534; x_wconf 80' lang='lat' dir='ltr'>dogma</span> <span class='ocrx_word' id='word_1_778' title='bbox 3651 5459 3794 5508; x_wconf 77' lang='lat' dir='ltr'>suum</span> 
     </span>
    </p>
   </div>
  </div>
