4090 6298
287 344 442 409 1245

1601 340 2001 409 THESAURI
2043 343 2197 409 LIB.
2243 344 2349 405 IV.

3532 346 3687 407 1246

284 479 483 535 Simon
516 474 868 553 pellexisset,
887 475 1011 545 jam
1049 475 1117 530 de
1176 474 1306 531 ﬁdei
1355 491 1473 535 suae
1525 474 1839 533 traditione
1869 478 1927 530 et
1958 476 2009 547 Α
2045 476 2266 534 advena
2308 477 2460 535 inter
2518 478 2814 551 apostolos
2866 477 3227 545 versabatur,
3266 477 3403 533 sub
3473 479 3685 550 quibus

284 567 642 637 expositione
674 563 982 636 cogitabat.
1017 564 1087 616 At
1111 577 1180 617 ne
1213 564 1297 618 sic
1320 563 1553 637 quidem
1583 564 1790 619 Petrus
1820 562 1939 621 ani-

286 672 445 712 mum
481 654 789 724 despondit
823 668 836 708 :
866 652 982 707 imo
1016 668 1151 708 vero
1186 653 1241 706 in
1267 652 1524 708 Simonis
1550 652 1734 723 ipsius
1758 656 1937 724 caput

285 743 669 800 fraudulentae
699 746 851 797 artes
884 756 1087 797 omnes
1121 743 1470 799 reciderunt.

358 832 619 887 Tandem
649 846 810 898 vero,
842 846 973 885 cum
1032 829 1298 894 Romam,
1332 830 1595 887 omnium
1633 828 1934 887 civitatum

289 923 488 983 decus,
551 917 938 993 appulissent,
999 918 1079 973 ibi
1139 919 1527 977 controversis
1559 919 1933 990 dogmatibus

289 1013 719 1068 concertarunt.
751 1008 883 1065 Jam
920 1012 1112 1062 autem
1172 1008 1322 1081 apud
1384 1007 1679 1065 Romanos
1731 1007 1931 1063 Simon

289 1103 513 1156 tantam
560 1097 814 1156 nominis
862 1095 1254 1152 celebritatem
1306 1105 1649 1152 consecutus
1692 1101 1837 1161 erat,
1872 1099 1935 1149 ut

287 1205 431 1245 terea
455 1192 650 1243 statua
680 1187 931 1241 donatus
965 1190 1118 1240 esset
1147 1202 1181 1240 a
1211 1184 1448 1243 Claudio
1480 1185 1729 1241 Caesare.
1751 1184 1934 1253 Cujus

290 1296 355 1333 ea
412 1277 596 1335 fuisse
663 1276 848 1331 fertur
899 1275 1251 1346 inscriptio:
1305 1275 1525 1331 Simoni
1563 1274 1678 1329 Deo
1708 1279 1930 1331 saneto.

291 1369 434 1422 Cum
468 1365 665 1436 itaque
695 1364 894 1423 Simon
928 1367 1094 1423 Petro
1127 1364 1533 1434 refragaretur,
1589 1367 1765 1434 atque
1799 1379 1930 1435 par-

288 1455 393 1513 tim
465 1454 717 1524 Spiritus
785 1453 968 1507 sancti
1044 1453 1253 1519 verbis,
1335 1452 1537 1522 partim
1609 1451 1930 1517 miraculis,

292 1544 597 1616 przestigiae
655 1542 812 1602 illius
872 1548 927 1596 et
991 1540 1323 1610 imposturae
1411 1541 1761 1610 patuissent,
1836 1540 1933 1595 ille

287 1635 447 1703 gravi
506 1649 567 1687 se
621 1631 774 1686 ai'ﬁci
836 1635 997 1685 ratus
1028 1630 1373 1701 ignominia,
1408 1630 1465 1685 in
1498 1627 1673 1686 ccelos
1704 1629 1773 1684 ad
1806 1645 1933 1699 pro-

288 1723 478 1793 prium
511 1723 736 1781 Patrem
771 1736 1153 1775 escensurum
1215 1736 1296 1783 se,
1361 1736 1677 1790 pcnnasquc
1723 1719 1791 1775 de
1843 1718 1930 1772 in-

290 1811 546 1869 credulis
599 1810 733 1864 inde
788 1809 1198 1878 repetiturum,
1254 1809 1644 1864 comminatus
1702 1812 1810 1862 est.
1864 1807 1932 1861 Et

288 1918 423 1956 cum
456 1903 609 1957 dicto
640 1919 672 1956 a
731 1899 1095 1955 daemonibus
1148 1898 1204 1953 in
1250 1896 1425 1953 ccalos
1456 1899 1768 1965 ferebatur,
1802 1914 1934 1957 cum

292 1994 499 2044 Petrus
533 1989 751 2043 orando
786 1994 897 2043 Deo
929 1987 1209 2054 intentus,
1247 1988 1571 2056 Spiritibus,
1635 2004 1666 2040 a
1722 1986 1937 2057 quibus

293 2079 391 2135 ille
422 2079 777 2153 rapiebatur,
840 2076 1177 2146 increpatis,
1240 2076 1427 2132 etl'ecit
1486 2080 1549 2137 ut
1579 2078 1635 2135 in
1669 2081 1841 2147 caput
1872 2090 1939 2130 ex

294 2167 409 2225 alto
466 2169 665 2243 Magos
718 2165 1019 2233 corruerit,
1082 2164 1449 2241 pedibusque
1504 2166 1560 2229 in
1620 2182 1757 2225 acra
1806 2181 1937 2233 pro-

293 2257 497 2326 tensis,
533 2257 804 2313 miseram
840 2254 1098 2313 animam
1130 2253 1634 2323 exbalaus,eﬂ'uso
1667 2254 1815 2313 viam
1852 2269 1937 2308 ce-

297 2348 463 2403 rebro
492 2345 845 2416 diaperserit.

438 2452 748 2520 Menandri,
781 2453 1093 2520 Saturnini,
1127 2454 1175 2505 et
1226 2451 1485 2511 Basilidis
1514 2451 1798 2509 haerescere

950 2526 1277 2592 con/utalia.

364 2633 495 2693 Jam
528 2630 576 2693 si
602 2630 826 2702 primus
857 2631 1245 2693 absurdorum
1279 2632 1482 2691 auctor
1523 2627 1678 2684 hunc
1717 2628 1848 2689 vita:
1874 2628 1940 2681 f2-

300 2740 430 2781 nem
488 2722 730 2782 sortitus
788 2727 897 2784 est,
958 2722 1109 2781 haud
1161 2720 1337 2779 dubio
1374 2720 1703 2783 Menander,
1736 2723 1935 2777 Saturo

299 2812 559 2880 ninus,et
591 2810 893 2879 Basilides,
940 2809 1204 2880 ejusdem
1255 2808 1415 2869 exitii
1467 2808 1793 2865 coheredes
1844 2806 1944 2865 ali-

298 2902 549 2972 quando,
611 2904 664 2955 et
717 2904 1015 2961 consortes
1074 2902 1267 2963 erunt,
1326 2897 1426 2968 qui
1491 2913 1605 2951 non
1640 2898 1808 2951 modo
1841 2896 1940 2951 do.-

297 2994 563 3060 gmatum
589 2988 844 3047 Simonis
876 2993 1197 3045 sectatores
1228 2986 1803 3051 exstiteruntmwum
1826 2984 1943 3041 illis

300 3077 643 3131 absurdiora
663 3091 899 3147 quoque
932 3075 1116 3130 multo
1153 3079 1542 3140 attexuerunt,
1575 3075 1772 3145 qualia
1803 3078 1945 3133 sunt

301 3183 387 3234 ea,
419 3167 635 3237 quibus
670 3165 857 3219 varios
913 3163 1252 3236 angelorum
1314 3172 1475 3217 ortus
1506 3161 1843 3226 commenti,
1874 3177 1941 3216 eo

2047 580 2178 620 cum
2213 566 2593 625 christianam
2619 567 2791 622 fidem
2824 565 3175 631 imbibisset,
3237 564 3540 625 viduarum
3585 584 3688 621 cu-

2045 668 2170 709 ram
2229 654 2632 713 demandatum
2695 672 2826 713 cum
2890 670 2987 711 sex
3041 654 3172 713 aliis
3228 655 3508 727 suscepit,
3543 673 3687 728 quos

2044 742 2200 799 inter
2230 743 2535 815 Philippus
2585 748 2642 801 et
2691 745 3023 818 Stephanus
3076 745 3294 813 primas
3327 744 3493 803 facile
3522 750 3684 801 tene-

2044 830 2208 899 bant,
2278 849 2521 904 quorum
2583 833 2678 889 ille
2736 833 3058 893 Samariam
3113 834 3181 887 ad
3219 833 3389 892 ﬁdem
3419 836 3687 901 adduxit,

2043 924 2100 976 et
2128 921 2431 977 Candacen
2490 923 2824 995 baptizavit,
2887 922 2982 979 hic
3028 923 3256 993 primus
3286 924 3549 979 omnium
3586 940 3687 994 pro

2043 1010 2251 1067 Christi
2287 1012 2522 1069 nomine
2547 1014 2888 1082 martyrium
2927 1030 3134 1083 passus
3166 1017 3272 1070 est.

2116 1101 2385 1156 Nicotaus
2441 1118 2598 1173 ergo,
2657 1119 2786 1157 cum
2851 1102 3159 1159 formosam
3203 1102 3534 1157 uxorculam
3571 1103 3680 1157 du-

2041 1191 2246 1261 xisset,
2307 1191 2562 1263 primum
2624 1192 2862 1265 quidem
2927 1193 3000 1249 ab
3052 1193 3151 1249 illa
3209 1210 3268 1248 se
3327 1193 3682 1260 continebat,

2043 1284 2254 1338 deinde
2289 1301 2491 1341 rursus
2545 1283 3086 1355 congrediebantur.
3141 1287 3421 1341 Craterum
3466 1284 3556 1339 hic
3587 1301 3685 1338 ne-

2043 1371 2259 1429 minem
2318 1374 2387 1427 ad
2449 1372 2623 1433 vitam
2676 1378 2949 1431 aeternum
3005 1377 3411 1443 perventurum
3437 1388 3567 1426 esse
3599 1372 3689 1425 di-

2041 1462 2222 1527 cebat,
2260 1463 2357 1534 qui
2390 1478 2451 1516 se
2485 1461 2743 1534 quotidie
2784 1461 2942 1516 vitiis
2992 1477 3350 1529 omnegenus
3411 1477 3523 1517 non
3575 1459 3685 1515 im-

2041 1556 2346 1621 mergeret.
2381 1553 2524 1606 Hinc
2558 1567 2693 1622 ergo
2725 1550 3010 1617 Gnostici,
3052 1566 3085 1603 a
3143 1549 3379 1604 Simone
3431 1548 3562 1617 sati,
3598 1548 3680 1602 in-

2041 1640 2318 1695 crementi
2366 1647 2765 1711 susceperunt,
2818 1655 3069 1711 quorum
3129 1638 3366 1709 quidem
3426 1637 3522 1692 alii
3572 1636 3684 1692 alia

2039 1727 2470 1796 fabulabantur,
2502 1728 2600 1785 alii
2631 1745 2761 1783 vero
2794 1728 3070 1785 feminam
3096 1726 3680 1798 quamdammomine

2044 1816 2381 1883 Prunicum,
2445 1817 2732 1885 colebant,
2790 1818 2961 1893 eique
3011 1815 3125 1871 vim
3160 1815 3318 1869 illam
3353 1815 3684 1870 adscribere

2045 1921 2159 1961 non
2214 1906 2581 1975 verebantur,
2644 1923 2770 1977 qua:
2820 1905 3059 1976 genitali
3096 1904 3307 1959 semini
3343 1904 3517 1958 insita
3548 1912 3637 1957 est
3670 1921 3682 1959 :

2044 1992 2141 2048 alii
2173 1994 2421 2063 denique
2473 1994 2778 2053 Caulacam
2834 1994 3279 2051 venerabantur.
3315 1994 3461 2048 Sunt
3493 1999 3684 2048 autem

2044 2082 2234 2142 omnia
2266 2083 2387 2139 bzec
2420 2083 2809 2141 effeminatam
2839 2082 3139 2138 mollitiem
3169 2081 3556 2153 signiﬁcantia
3585 2097 3688 2136 no-

2045 2172 2205 2231 mina
2237 2172 2308 2227 ab
2343 2172 2461 2229 illis
2492 2172 2827 2241 excogitata,
2858 2172 2959 2247 qui
2992 2172 3334 2242 spurcitiam
3370 2171 3690 2241 quamlibet

2043 2260 2200 2319 laudi
2230 2266 2287 2315 et
2314 2260 2516 2317 honori
2540 2260 2847 2317 ducebant.
2878 2259 3357 2329 Quandoquidem
3389 2258 3685 2331 προύνιχος

2046 2350 2263 2407 coitum
2298 2351 2608 2422 signiﬁcat.
2644 2350 2825 2409 Graeci
2855 2349 3035 2416 enim,
3070 2349 3111 2403 si
3147 2349 3216 2403 de
3250 2348 3545 2421 virginum
3597 2349 3689 2403 de-

2046 2441 2420 2501 ﬂoratoribus
2446 2440 2781 2515 loquantur,
2809 2440 2903 2496 his
2937 2440 3125 2499 verbis
3150 2439 3230 2503 uti
3255 2439 3464 2507 solent,
3490 2437 3690 2512 ἐπρου-

2043 2531 2280 2591 νίκευσεν
2310 2526 2489 2603 τήνδε,
2515 2532 2623 2589 hoc
2654 2537 2762 2595 est,
2799 2530 2972 2587 istam
3008 2529 3248 2586 vitiavit.
3271 2531 3344 2584 Ad
3380 2529 3686 2584 Cuulacam

2045 2621 2197 2689 quod
2238 2619 2464 2687 attinet,
2501 2620 2743 2674 honesto
2772 2618 2830 2679 id
2865 2619 3099 2691 quidem
3135 2634 3308 2673 sensu
3345 2618 3415 2677 ab
3439 2617 3690 2672 Hebraeis

2046 2709 2298 2773 effertur,
2335 2725 2365 2760 a
2394 2708 2683 2763 Gnosticis
2714 2724 2846 2763 vero
2907 2709 2973 2761 ad
3032 2706 3455 2778 turpitudinem
3507 2710 3690 2759 detor-

2048 2803 2166 2852 tum
2202 2802 2305 2849 est.
2340 2797 2639 2867 Siquidem
2672 2797 2730 2849 in
2765 2794 3115 2849 duodecima
3159 2793 3415 2848 Danielis
3463 2792 3685 2848 visione

2047 2886 2131 2943 ita
2159 2886 2455 2954 scribitur,
2503 2884 2808 2949 Saulasan,
2841 2882 3153 2949 Saulasan,
3195 2881 3506 2947 Caulucan,
3536 2882 3689 2936 Cau-

2048 2973 2236 3038 lacan,
2294 2972 2403 3027 hoc
2460 2981 2566 3041 est,
2626 2970 2861 3027 afﬂictio
2920 2976 3049 3042 post
3107 2970 3504 3036 afﬂictionem,
3556 2985 3688 3037 spes

2050 3069 2180 3139 post
2208 3078 2394 3132 spem.
2436 3062 2500 3125 Hi
2531 3078 2699 3134 porro
2748 3060 3004 3116 Gnostici
3066 3058 3267 3114 multis
3307 3059 3691 3128 designantur

2051 3151 2543 3207 nominibusznlii
2567 3150 2719 3206 enim
2744 3150 3105 3217 Borboriani,
3140 3143 3227 3201 διὰ
3259 3146 3349 3200 τὸν
3395 3141 3687 3220 βορϐορον,

300 3256 476 3311 caelos
532 3271 774 3309 numero
834 3220 1344 3319 corro‘tundarunt,
1405 3257 1470 3306 ut
1524 3252 1763 3306 totidem
1813 3266 1941 3305 esse
1971 3220 2013 3287 (ἶ
2052 3240 2159 3299 hoc
2190 3247 2298 3309 est,
2332 3241 2527 3306 aluto,
2555 3240 2911 3294 denominati
2942 3244 3080 3293 sunt
3113 3257 3127 3303 ;
3162 3238 3257 3293 alii
3290 3232 3689 3303 Codiani,no$o

302 3343 709 3409 conﬁnxerint,
770 3346 914 3413 quot
970 3342 1029 3398 in
1080 3342 1216 3397 anni
1259 3339 1550 3399 curriculo
1576 3341 1700 3397 dies
1732 3341 1941 3410 depre-

302 3433 661 3488 henduntur.
724 3433 887 3497 Quod
951 3431 998 3484 si
1059 3430 1403 3499 Cyrenensis
1460 3428 1557 3483 ille
1616 3429 1842 3499 Simon,
1877 3432 1941 3483 ut

302 3520 389 3577 illi
436 3522 653 3587 volunt,
693 3537 902 3591 passus
951 3523 1061 3582 est,
1090 3518 1225 3595 quis
1258 3517 1402 3573 alter
1432 3516 1549 3581 ille,
1577 3533 1798 3587 quaeso,
1834 3517 1940 3571 fuit

304 3611 402 3683 qui
438 3609 687 3665 surrexit
718 3627 750 3663 a
783 3608 1048 3675 mortuis,
1076 3606 1337 3679 vulnera,
1369 3623 1496 3677 quas
1553 3606 1612 3659 in
1645 3622 1814 3661 cruce
1842 3623 1939 3661 ac-

302 3705 555 3772 ceperat,
588 3698 845 3759 ostendit
876 3697 1180 3769 npostolis,
1234 3697 1484 3766 denique
1531 3712 1666 3755 cum
1699 3711 1940 3765 corpore

301 3790 359 3844 in
418 3787 590 3843 ccelos
648 3787 911 3845 ascendit
943 3790 964 3841 Ρ
1007 3790 1182 3839 Porro
1228 3785 1287 3841 in
1323 3790 1500 3839 Deum
1535 3785 1724 3854 ipsum
1760 3783 1943 3838 mani-

303 3881 443 3937 feste
500 3876 872 3935 refractarios
931 3880 1037 3941 est,
1099 3891 1233 3937 cum
1294 3873 1602 3933 Mosaicam
1654 3872 1836 3939 legem
1869 3872 1940 3933 ab

300 3969 526 4041 angelis
585 3968 778 4029 datam
844 3982 972 4019 esse
1025 3962 1250 4023 asserit.
1290 3962 1400 4021 Nec
1435 3962 1590 4017 enim
1620 3962 1809 4033 angeli
1842 3963 1938 4016 de-

301 4063 529 4125 derunt,
585 4059 684 4113 sed
748 4058 796 4117 is
855 4057 1090 4112 demum
1152 4056 1251 4127 qui
1303 4054 1442 4113 Mosi
1487 4054 1718 4113 locutus
1748 4059 1856 4120 est,
1890 4061 1943 4111 et

299 4152 586 4221 seipsum,
644 4148 789 4202 Eum
841 4147 940 4219 qui
999 4149 1106 4214 est,
1162 4143 1502 4201 nominavit.
1556 4142 1647 4199 llli
1687 4143 1840 4203 enim
1873 4158 1943 4201 ex

300 4240 485 4296 nihilo
519 4237 784 4310 producti
818 4242 980 4301 sunt,
1016 4240 1082 4293 ut
1113 4233 1187 4289 ad
1223 4234 1315 4291 Dei
1359 4232 1705 4303 obsequium
1755 4230 1941 4302 parati

300 4330 541 4401 spiritus
584 4344 815 4397 semper
871 4329 1086 4388 essent,
1147 4328 1317 4392 prout
1347 4321 1434 4379 vel
1467 4322 1591 4392 ipse
1621 4323 1807 4381 Moses
1847 4320 1941 4377 his

302 4419 489 4475 verbis
522 4422 846 4475 attestatur.

375 4507 669 4565 Constituti
724 4509 852 4561 sunt
907 4503 1131 4561 termini
1184 4503 1453 4570 gentium,
1509 4499 1802 4559 secundum
1842 4515 1943 4559 nu-

2048 3330 2200 3385 enim
2255 3330 2414 3404 Syris
2475 3329 2761 3385 escarium
2818 3346 2919 3383 vas
2977 3329 3211 3396 dicitur,
3274 3341 3339 3381 eo
3381 3325 3533 3397 quod
3572 3341 3690 3380 una

2047 3419 2242 3475 cibum
2276 3437 2405 3474 cum
2440 3419 2556 3474 illis
2587 3435 2838 3487 sumere,
2874 3422 3109 3495 propter
3139 3415 3429 3485 insignem
3458 3414 3688 3469 illorum

1990 3508 1995 3513 ⁴
2048 3509 2406 3581 spurcitiem,
2441 3526 2613 3564 nemo
2663 3525 2776 3562 non
2813 3508 3175 3562 detrectaret.
3217 3503 3323 3557 Alii
3357 3504 3529 3557 etiam
3558 3503 3693 3557 Bor-

2048 3597 2263 3666 bolitze,
2310 3597 2684 3661 Secundiani,
2730 3597 3048 3659 Socratitm,
3099 3599 3155 3647 et
3207 3591 3469 3647 Racchasi
3512 3590 3694 3645 nomi-

2050 3690 2285 3741 nantur.
2319 3690 2467 3740 Sunt
2497 3690 2693 3739 autem
2730 3700 2935 3739 uxores
2966 3683 3083 3737 illis
3116 3695 3479 3741 communes,
3506 3679 3693 3747 quod-

2049 3790 2161 3846 que
2192 3772 2413 3827 nullam
2443 3789 2555 3826 non
2588 3773 2643 3825 in
2680 3771 2797 3825 illis
2825 3770 3160 3848 spurcitiem
3196 3774 3253 3822 et
3290 3767 3692 3838 impuritatem

2051 3862 2311 3937 arguitin
2332 3862 2460 3935 ipso
2484 3861 2635 3916 coitu
2661 3865 2967 3923 cavent,ne
2990 3875 3188 3913 semen
3214 3858 3269 3911 in
3295 3855 3558 3911 mulieris
3572 3855 3695 3908 vul-

2047 3967 2175 4005 vam
2210 3950 2590 4022 ejaculentur,
2615 3949 2789 4003 autin
2817 3953 3024 4003 terram
3058 3946 3398 4009 deﬂuat,sed
3422 3944 3695 3997 manibus

2048 4044 2349 4108 exceptum
2372 4039 2518 4094 alias
2541 4030 2890 4111 deglutibnt,
2924 4036 3062 4091 alias
3093 4052 3157 4091 eo
3186 4038 3431 4099 servato,
3456 4032 3692 4102 sangui-

2048 4132 2223 4200 nique
2284 4126 2658 4191 muliebrium
2719 4132 3151 4180 menstruorum
3228 4126 3520 4196 permisto,
3589 4136 3691 4192 pro

2051 4216 2342 4289 mysteriis
2377 4220 2638 4269 utuntur.
2671 4214 2830 4278 Quod
2875 4215 2920 4269 si
2956 4231 3057 4287 per
3081 4215 3314 4269 illorum
3349 4210 3687 4282 impruden-

2048 4306 2185 4361 tiam
2247 4305 2304 4359 in
2354 4304 2582 4358 vulvam
2630 4304 2929 4371 deciderit,
3001 4304 3325 4373 mulierque
3384 4316 3688 4372 prmgnans

2049 4412 2116 4449 ex
2159 4412 2224 4449 eo
2277 4396 2423 4449 facta
2474 4393 2662 4461 fuerit,
2719 4394 2943 4459 foetum,
2996 4392 3171 4448 simul
3231 4409 3296 4447 ac
3346 4392 3537 4445 editus
3581 4393 3687 4457 est,

2052 4487 2347 4556 arreptum
2400 4483 2456 4537 in
2518 4482 2789 4537 mortario
2851 4484 3233 4547 contendunt,
3294 4480 3498 4549 illique
3552 4479 3685 4544 mel,

302 4613 508 4654 merum
566 4595 893 4663 angelorum
938 4593 1056 4661 eius
1114 4589 1164 4624 95
1188 4568 1221 4661 -ς
1267 4594 1321 4655 et
1352 4589 1599 4653 Davides
1630 4603 1642 4643 :
1678 4589 1785 4655 Qui
1810 4589 1938 4658 facit

2054 4574 2217 4655 piper
2266 4576 2322 4626 et
2379 4575 2680 4643 unguenta
2728 4570 2924 4625 nescio
2985 4586 3107 4640 qua:
3168 4568 3521 4629 immiscent,
3562 4569 3687 4618 tum

300 4688 522 4758 angelos
540 4700 664 4745 suos
692 4682 948 4755 spiritus,
980 4684 1030 4747 et
1080 4681 1366 4742 ministro:
1394 4694 1540 4745 suos,
1577 4680 1753 4747 ignem
1775 4692 1939 4732 uren.

302 4781 408 4839 tem
432 4777 497 4832 9°.
534 4783 598 4837 At
629 4791 782 4841 vero,
845 4787 1123 4843 quonam,
1165 4786 1385 4840 quaeso,
1433 4773 1602 4840 pacto
1648 4767 1759 4831 sibi
1791 4773 1941 4831 tem.

302 4868 622 4936 parassent,
656 4879 727 4919 ne
758 4862 1020 4934 linguam
1056 4858 1293 4930 ﬂagitiis
1341 4857 1741 4928 hujuscemodi
1804 4872 1943 4909 con—

300 4957 652 5024 stuprarent,
704 4951 805 5023 qui
862 4953 1227 5024 portentosas
1271 4962 1654 5016 omnegenus,
1688 4942 1942 5017 impudi,

303 5058 521 5113 casque
551 5042 845 5110 libidines,
879 5041 1024 5103 citra
1048 5037 1360 5103 delectum,
1393 5035 1672 5105 nullaque
1715 5034 1941 5099 honesti

302 5131 525 5195 ratione
582 5131 801 5195 habita,
864 5128 1195 5189 actionibus
1253 5125 1377 5189 suis
1434 5128 1491 5181 et
1516 5123 1811 5195 mysteriis
1840 5137 1941 5179 ex-

301 5226 660 5297 presserunt.

985 5305 1143 5367 CAP.
1185 5304 1253 5363 II.

495 5396 743 5457 Secunda
774 5400 1002 5453 harenis
1032 5394 1430 5451 Nicotaitarum
1458 5397 1539 5447 est
1571 5391 1669 5461 qui
1696 5393 1749 5445 et

673 5471 1052 5539 baptimntur,
1083 5472 1132 5520 et
1164 5462 1564 5520 Gnosticorum.

368 5560 643 5615 Nicolaus
681 5556 920 5627 quidam
954 5553 1269 5607 Antiochia:
1301 5555 1368 5606 ad
1400 5551 1681 5622 Daphnen
1705 5555 1866 5605 ortus

368 5666 418 5700 95
448 5670 612 5722 Deut.
640 5679 815 5733 χχχιι,
844 5663 897 5717 8.
929 5661 976 5695 9°
1013 5659 1167 5715 Psal.
1202 5675 1325 5729 cui,
1355 5660 1405 5719 4.

2052 4653 2241 4716 cuncti
2275 4678 2344 4716 ex
2373 4680 2438 4717 eo
2466 4667 2769 4731 gustantes
2801 4660 2980 4732 digito
3016 4677 3027 4712 :
3063 4660 3311 4723 Gratias,
3346 4658 3531 4720 aiunt,
3566 4653 3688 4724 agi-

2054 4767 2203 4819 mus,
2263 4768 2295 4805 o
2356 4757 2523 4813 Deus,
2585 4752 2737 4821 quod
2799 4768 2831 4804 a
2887 4749 3146 4819 principe
3204 4746 3688 4816 concupiscentiae

2051 4838 2233 4894 delusi
2270 4841 2509 4894 minime
2542 4840 2846 4903 fuerimus,
2889 4838 2991 4893 sed
3037 4838 3265 4907 lapsum
3326 4834 3521 4890 fratris
3574 4832 3696 4886 col-

2052 4928 2386 5001 legerimus.
2446 4936 2630 5007 Atque
2678 4928 2784 4991 hoc
2828 4928 3142 5005 perfectum
3176 4941 3302 4981 esse
3334 4924 3557 4987 Pascha
3587 4939 3690 4995 pu-

2050 5022 2195 5085 tant-

2362 5107 2630 5173 Hmreaeos
2658 5104 3021 5187 praecedentis
3049 5108 3377 5185 confatalia.

2122 5196 2624 5270 Quemadmodum
2673 5195 2827 5255 inter
2874 5194 3179 5259 duodecim
3234 5194 3527 5266 apostolos
3562 5210 3689 5265 pro-

2051 5286 2103 5347 di
2116 5292 2203 5349 tor
2223 5286 2405 5343 Judas
2424 5285 2698 5347 inventus
2721 5290 2827 5348 est,
2846 5284 2924 5339 ita
2938 5283 3063 5338 etin
3078 5289 3295 5363 septem
3312 5283 3689 5339 diaconorum

2054 5389 2294 5428 numero
2353 5371 2629 5426 Nicolaus
2673 5371 3075 5433 Antiochenus
3117 5373 3201 5437 illi
3245 5388 3307 5425 se
3350 5370 3507 5425 haud
3547 5368 3693 5424 absi-

2053 5462 2248 5524 milem
2284 5460 2550 5531 praebuit,
2599 5475 2786 5530 usque
2835 5460 2976 5515 adeo
3010 5476 3200 5515 rerum
3236 5460 3497 5515 omnium
3535 5456 3697 5512 nulla

2049 5554 2158 5620 est,
2194 5565 2369 5621 quam
2402 5549 2712 5615 sinceram,
2747 5552 2805 5602 et
2834 5564 2867 5602 a
2899 5547 3051 5602 malo
3082 5565 3323 5619 prorsus
3362 5548 3682 5603 immunem
