4090 6298
483 351 634 408 1247
1772 343 2084 405 ΝΙΟΕΤΕ

2230 346 2426 405 ΟΝΙΑ
2443 345 2566 406 ΤΑῑ.
3707 349 3834 408 1248

475 483 664 538 dicere
691 497 873 554 queas
899 497 912 534 :
937 481 1034 535 sed
1071 479 1219 534 inter
1249 479 1448 550 spinas
1479 477 1656 534 etiam
1684 493 1812 532 rosa
1839 475 2118 544 nascitur,
2153 479 2207 544 Α
2238 477 2486 534 diabolis
2543 479 2714 536 etiam
2773 479 3044 535 virtutem
3105 479 3418 551 quamdam
3459 479 3700 547 ascribit,
3728 498 3827 552 qua

481 577 538 626 et
586 587 703 626 una
760 585 894 624 cum
957 571 1247 622 frumento
1307 565 1510 621 lolium
1545 570 1812 636 emergit.
1845 567 2124 619 Gestarum
2237 566 2570 623 animarum
2623 568 2693 624 ad
2741 568 2919 624 ccelos
2969 570 3239 624 ascensui
3283 570 3637 637 adversetur,
3667 585 3826 625 earum

481 659 660 714 miser
690 657 810 724 ille,
845 657 1148 728 imposque
1180 655 1394 710 mentis
1430 671 1564 710 cum
1599 654 1853 726 primum
1879 671 1912 708 a
1931 659 2123 725 septe-
2239 655 2552 727 imprimis,
2607 674 2733 728 quis
2788 657 2978 713 fmdas
3024 658 3082 712 in
3112 657 3367 713 actiones
3391 673 3452 714 se
3484 657 3709 714 minime
3737 676 3836 730 pro-

480 749 644 804 nario
701 747 1080 802 diaconorum
1129 760 1374 800 numero
1426 743 1746 816 digressus,
1795 743 2122 815 virgineum
2237 743 2536 801 volverint.
2581 747 2687 810 Qui
2743 751 2934 801 tamen
2983 749 3216 802 tantum
3259 747 3444 818 abest,
3477 747 3704 818 utquod
3734 764 3833 802 ma-

478 853 712 909 quuque
779 843 986 890 enatum
1039 835 1420 904 corrupisset,
1479 849 1546 888 eo
1623 833 1777 903 quod
1852 831 2123 886 adulteris
2235 833 2389 888 xime
2446 835 2712 906 cupiunt,
2766 836 2835 890 ad
2897 839 3147 906 optatum
3206 835 3374 890 linem
3433 836 3745 907 perducant,
3784 841 3833 889 ut

476 925 852 996 scelestaaque
885 921 1118 978 mulieri
1180 939 1307 978 sese
1366 924 1606 977 uxorius
1648 921 2121 992 addixerat,jam
2236 922 2409 977 etiam
2465 923 2801 994 ingressum
2860 923 2920 978 in
2981 939 3186 995 porcos
3253 925 3360 980 sibi
3408 924 3646 979 liberum
3678 925 3834 980 deria

479 1031 666 1086 neque
697 1019 920 1084 septem
984 1011 1224 1081 collegis
1283 1011 1604 1082 quidquam
1652 1011 2122 1082 impertiebatur,
2235 1017 2351 1066 Deo
2404 1018 2460 1066 et
2519 1012 2757 1069 homine
2812 1013 3044 1070 Christo
3100 1013 3390 1084 petierint,
3445 1030 3548 1069 nec
3601 1013 3755 1068 iidem
3785 1013 3834 1067 in

478 1119 668 1174 neque
704 1103 1011 1158 viduarum
1063 1117 1268 1156 curam
1332 1100 1586 1170 amplius
1645 1115 1842 1171 gerere
1873 1097 2120 1166 volebat,
2238 1100 2477 1168 bubilia,
2523 1107 2578 1156 et
2630 1101 2804 1157 ovilia
2848 1102 3002 1172 Jobi,
3049 1119 3155 1157 nec
3189 1103 3244 1156 in
3277 1101 3468 1174 ipsum
3502 1102 3732 1172 denique
3759 1117 3831 1156 ra-

475 1195 598 1248 imo
653 1208 786 1248 vero
845 1191 1125 1247 sarculum
1186 1206 1419 1262 quoque
1476 1189 1616 1244 illud
1666 1195 1932 1244 octavum
1967 1189 2120 1260 quod
2234 1191 2386 1246 hiem
2448 1207 2616 1246 suam
2675 1207 2938 1248 exercere
2995 1192 3108 1246 alia
3163 1192 3286 1264 lege
3367 1191 3694 1263 permissum
3742 1195 3830 1255 est,

476 1284 645 1337 nobis
677 1283 991 1352 aliquando
1013 1296 1424 1336 successurum
1459 1285 1572 1337 est.
1605 1278 2049 1349 aspernabatur.
2233 1296 2407 1351 quam
2443 1283 2585 1352 quia
2634 1283 2708 1336 ita
2771 1281 2978 1338 divinis
3037 1283 3332 1338 decretum
3378 1283 3732 1354 providentiae
3763 1282 3828 1337 fe-

550 1379 758 1428 Eorum
815 1388 1004 1442 porro,
1066 1371 1162 1440 qui
1205 1369 1462 1426 Gnostici
1497 1369 1634 1423 dicti
1668 1377 1828 1434 sunt,
1865 1367 2122 1422 actiones
2237 1370 2419 1424 rebat.
2481 1370 2731 1436 Quinam
2794 1388 2922 1426 vero
2981 1372 3078 1426 alii
3111 1388 3180 1426 ex
3209 1371 3328 1426 alto
3361 1371 3562 1427 cadere
3589 1377 3829 1442 tanquam

476 1468 532 1517 et
565 1461 869 1533 praestigiae
896 1464 1056 1515 tanta
1086 1458 1499 1531 spurcitiarum
1535 1473 1894 1528 omnegenus
1926 1455 2124 1510 illuvie
2235 1459 2457 1532 fulgur,
2489 1478 2523 1516 a
2552 1461 2772 1518 Christe
2811 1461 2923 1518 visi
2953 1466 3114 1531 sunt,
3145 1479 3325 1534 quam
3360 1462 3584 1533 reprobi
3613 1461 3832 1532 spiritus,

477 1551 729 1604 infames
760 1554 1084 1619 evaserant,
1119 1555 1181 1602 ut
1214 1565 1325 1618 pra:
1359 1547 1478 1601 illis
1519 1547 1642 1618 ipse
1688 1545 2120 1616 turpitudinum
2235 1565 2436 1605 eorum
2471 1549 2740 1622 princeps
2784 1554 3052 1620 Satanas,
3113 1557 3390 1622 tanquam
3432 1551 3667 1606 exterior
3694 1550 3829 1619 ignis,

485 1640 764 1709 magister
793 1637 1063 1693 diabolus
1093 1638 1378 1692 honestus
1409 1637 1590 1691 videri
1625 1634 1822 1706 possit.
1875 1633 2124 1689 Proinde
2236 1639 2470 1709 pervigil
2504 1641 2739 1706 vermis,
2775 1640 3155 1712 gehennaqua
3204 1657 3507 1713 nunquam
3555 1636 3833 1696 desinens?

485 1729 555 1783 ab
623 1728 957 1797 hujusmodi
1022 1726 1331 1782 Camarina
1380 1725 1664 1780 movenda
1712 1723 2120 1794 supersedens,
2234 1728 2483 1784 Proinde
2539 1730 2670 1784 novi
2726 1730 2871 1786 nihil
2933 1731 2991 1785 in
3042 1747 3108 1786 θο
3166 1731 3502 1804 designant,
3557 1731 3694 1801 quod
3744 1743 3831 1782 nu-

479 1817 671 1888 iisquc
697 1819 842 1909 adeo
875 1815 1295 1909 describendis,
1329 1813 1678 1909 quzem‘odis
1716 1812 1989 1909 emuibus
2023 1813 2120 1909 de-
2159 1847 2202 1909 Β
2236 1817 2387 1888 ptias
2442 1819 2798 1890 improbent,
2857 1821 2914 1874 in
2974 1819 3281 1876 libidinem
3334 1821 3562 1876 interim
3613 1819 3832 1874 difﬂuen-

479 1907 964 1977 testandajuxta,
1001 1909 1229 1976 Deoque
1261 1903 1676 1973 ingratissima,
1711 1900 2115 1972 designarunt,
2161 1900 2198 1909 ’⁷
2234 1911 2344 1974 ωε,
2373 1907 2639 1978 nihilque
2681 1925 2793 1964 non
2853 1909 3133 1965 foeditatis
3189 1914 3289 1964 aut
3342 1916 3599 1982 agentes,
3642 1913 3728 1963 aut
3751 1923 3826 1978 pa-

473 1995 760 2051 haareseos
817 1995 1104 2050 Gnosticaa
1154 1993 1471 2048 lectoribus
1522 1995 1722 2046 auctor
1772 1989 2004 2055 fuerim,
2057 1992 2120 2042 ut
2237 1993 2470 2052 ﬁentes,

475 2084 944 2140 Ithacumhcroa
974 2082 1185 2138 imitati
1229 2098 1400 2136 aures
1441 2097 1576 2134 suas
1622 2096 1752 2135 cera
1787 2080 2116 2145 obstruent,
2307 2085 2468 2151 Quod
2521 2089 2716 2140 autem
2781 2085 3145 2157 Carpocratig
3201 2093 3520 2144 sectatores
3570 2088 3829 2152 hereseos,

479 2190 592 2228 non
626 2190 692 2227 eo
747 2173 1008 2242 quidem,
1067 2188 1181 2242 quo
1221 2170 1521 2242 Syremeos
1571 2170 1841 2224 modulos
1882 2171 2116 2238 prater-
2237 2171 2434 2243 sigilla
2465 2174 2754 2242 quaedam,
2785 2174 3108 2231 annulosve
3147 2175 3278 2231 imas
3317 2176 3698 2232 auricularum
3725 2189 3826 2246 pro-

479 2263 782 2327 vehantur,
837 2260 938 2314 sed
996 2275 1065 2314 ne
1123 2274 1255 2314 cum
1316 2258 1561 2312 auribus
1610 2261 1668 2312 et
1707 2257 2116 2327 linguaipsam
2238 2261 2536 2318 minentise
2567 2263 2844 2334 inﬁgunt,
2897 2264 2951 2319 in
3013 2281 3080 2320 eo
3111 2267 3493 2333 conveniunt,
3526 2278 3828 2338 prorsusque

481 2364 712 2422 quoque
741 2351 964 2422 γνῶσιν,
996 2348 1108 2404 hoc
1130 2352 1240 2412 est,
1273 2347 1555 2402 rationem
1589 2356 1643 2403 et
1673 2345 2115 2418 intelligentiam
2235 2367 2298 2408 se
2377 2356 2800 2408 consentaneos
2894 2358 3320 2425 protestantur,
3405 2355 3675 2428 serpentis
3731 2353 3830 2422 ejus

478 2445 894 2511 conspurcent,
943 2439 1083 2494 dum
1134 2439 1330 2495 faciles
1376 2454 1547 2493 aures
1586 2437 1660 2493 iis
1692 2436 1952 2510 legendis
1984 2455 2122 2509 prze-
2235 2438 2481 2511 argutiis
2533 2444 2595 2494 et
2633 2438 3004 2511 imposturis,
3061 2440 3162 2510 qui
3221 2440 3280 2495 in
3337 2441 3465 2497 Evaa
3495 2439 3828 2498 aureminsu-

478 2531 638 2595 bent,
671 2547 798 2601 quae
857 2546 966 2586 sua
1019 2529 1318 2601 impietate
1375 2528 1699 2601 quamlibet
1755 2528 2117 2600 impietatem
2235 2528 2510 2584 surravit.

478 2619 683 2674 multis
715 2618 1056 2691 parasangis
1085 2622 1458 2690 exsuperant.
1852 2668 1858 2673 .
2307 2616 2452 2672 Hinc
2479 2617 2640 2690 enim,
2695 2618 3068 2690 perspicuum
3128 2619 3377 2676 omnino
3430 2620 3513 2688 ﬁt,
3553 2634 3713 2692 quam
3740 2615 3832 2672 sint

1151 2743 1310 2798 CAP.
1344 2743 1445 2800 ιιι,
2233 2704 2452 2761 ἀίνὶηίο
2537 2706 2840 2800 praeceptis
2880 2707 3241 2800 _obstreperi
3333 2714 3390 2765 et
3467 2709 3832 2800 inobedientes,

2235 2811 2529 2866 quamque
2557 2793 2808 2851 alienam
2841 2796 2915 2852 ab
2953 2795 3248 2868 Ecclesiae,
3295 2803 3576 2870 tanquam
3621 2791 3830 2852 Paradisi

477 2871 652 2926 Tertia
708 2870 952 2938 haeresis,
1000 2872 1588 2940 Carpocralenorum:
1643 2867 1704 2922 hi
1743 2866 2116 2938 baptizanlur.
2233 2883 2494 2948 αιιθτίυε,
2554 2884 2732 2954 septis
2790 2884 3068 2940 insistant
3114 2866 3293 2954 viam,
3347 2866 3522 2959 qu'nm
3554 2883 3826 2958 quidemin

538 2994 913 3066 Carpocrates
971 2994 1208 3064 quidam
1265 2994 1404 3062 (40),
1464 3008 1597 3048 cum
1631 2996 1828 3062 ageret
1867 2991 1924 3045 in
1961 2990 2116 3056 Λεία,
2233 2973 2497 3066 fraudem
2559 2973 2741 3066 nostri
2801 2973 3028 3044 generis
3077 2980 3373 3048 auctores,
3406 2979 3558 3034 dioto
3587 2973 3827 3047 serpentis

471 3083 783 3156 spurcitiae
800 3062 1162 3154 omnegenus
1195 3081 1274 3136 ibi
1307 3081 1525 3146 docuit,
1563 3079 1908 3151 nullumque
1927 3077 2119 3134 scelus
2233 3062 2562 3134 αυάίθηῖθεθ
2591 3062 2985 3118 incurrerunt-

473 3170 860 3244 praetermisit,
920 3173 1088 3242 cujus
1148 3187 1262 3225 non
1315 3175 1473 3226 certa
1520 3175 1806 3240 praecepta
1835 3169 2108 3235 traderet,
2143 3197 2186 3263 Ο
2907 3197 3066 3254 CAR
3102 3200 3198 3255 ιν.

473 3263 580 3317 hoc
606 3262 824 3326 addito,
876 3261 1000 3315 lieri
1047 3276 1158 3314 non
1192 3275 1384 3330 posse,
1419 3263 1484 3313 ut
1513 3259 1827 3330 quisquam
1861 3257 1997 3314 hinc
2035 3259 2110 3315 ad

477 3365 820 3418 supremum
879 3349 1090 3404 cmlum
1134 3347 1526 3415 transcendat,
1559 3347 1674 3400 nisi
1704 3361 1767 3401 se
1799 3345 1962 3418 prius
1992 3363 2119 3418 pec-

479 3439 622 3496 catis
665 3437 939 3494 omnibus
993 3435 1368 3501 immerserit,
1418 3437 1866 3506 daamonumque
1923 3434 2120 3490 volun-

477 3527 579 3583 tati
632 3527 950 3586 obsecutus
1003 3526 1192 3582 fuerit.
1247 3524 1490 3596 Nuplias
1523 3541 1690 3596 porro
1719 3525 1978 3594 abrogat,
2015 3541 2116 3581 nec

2294 3517 2592 3588 Egyptius
2607 3518 2840 3575 natione
2854 3517 3198 3576 Valentinus
3213 3521 3354 3593 (41),
3375 3519 3654 3578 Antonino
3669 3518 3820 3588 primo

479 3623 839 3674 mortuorum
873 3615 1356 3671 resurrectionem
1392 3613 1668 3668 admittit.
1705 3611 2122 3684 Excogitarunt
2227 3605 2571 3676 imperante.
2602 3623 2735 3661 cum
2797 3602 3124 3663 Graecarum
3169 3609 3609 3682 disciplinarum
3638 3607 3825 3666 orbem.

477 3710 650 3768 etiam
707 3707 1112 3780 Curpocrateni
1157 3706 1616 3778 prestigiaturas
1665 3709 1721 3760 et
1767 3705 2116 3760 incantatio-

2228 3709 2398 3765 quem
2449 3689 2930 3767 ἐγκυκλοπαιδείαν
2979 3693 3204 3766 dicunt,
3239 3699 3604 3765 absolvisset,
3638 3695 3833 3764 triginla

477 3815 600 3867 nes,
635 3815 758 3866 quas
781 3796 1162 3854 dzemoniacis
1199 3793 1422 3850 artibus
1473 3794 1746 3850 omnibus
1803 3809 2121 3864 exsequen-
2227 3786 2388 3850 deos.
2444 3785 2804 3854 totidemque
2875 3785 3086 3842 θεουία
3163 3791 3222 3842 εἰ
3300 3789 3478 3845 οωῑοε
3536 3781 3831 3848 introduxit.

475 3889 567 3944 dis
607 3889 962 3944 sufﬁcerent.
1024 3887 1268 3958 Insuper
1326 3889 1381 3940 et
1429 3882 1688 3956 sigillum
1723 3883 2000 3950 cauterio,
2035 3883 2119 3937 vel
2226 3875 2560 3944 quindecim
2597 3873 2874 3929 nimirum
2921 3874 3238 3940 masculos,
3291 3881 3351 3933 et
3409 3875 3719 3949 quindecim
3772 3872 3828 3924 fe-

473 3977 750 4034 novacula
803 3976 890 4033 vel
953 3976 1162 4034 subula
1217 3973 1543 4046 cartilagini
1575 3973 1736 4029 auris
1765 3989 1966 4029 eorum
2003 3973 2117 4026 im-
2231 3965 2439 4028 minus.
2500 3979 2751 4034 quorum
2813 3963 3059 4018 ωαεθυίί
3119 3981 3190 4020 ex
3244 3965 3491 4022 adverso
3523 3965 3827 4022 feminarum

477 4068 828 4142 primebant,
861 4082 1004 4137 quos
1036 4063 1400 4135 deceperant,
1439 4069 1504 4118 ut
1533 4062 1641 4117 hoc
1672 4061 1890 4117 incidio
1939 4065 2116 4132 esset,
2225 4053 2466 4106 δῐατθῐιὶ·
2502 4050 2712 4106 Eorum
2769 4051 3154 4142 nominabille
3211 4058 3537 4124 percenset,
3582 4048 3830 4142 ιαωθξδίε

477 4139 642 4216 gum
678 4153 899 4211 abillis
939 4154 1181 4212 han-35in
1235 4151 1619 4225 comprobari,
1672 4150 1835 4207 Unde
1889 4155 1947 4204 et
1972 4150 2115 4204 Mur.
2226 4157 2316 4195 me
2385 4141 2930 4212 praetermittuntur.
2991 4140 3158 4196 Hunc
3235 4159 3412 4214 porro
3497 4139 3825 4225 tricenarium

475 4245 686 4300 cellina
717 4243 984 4314 quaadaui
1019 4244 1089 4298 ab
1148 4241 1266 4296 illis
1318 4224 1556 4296 seducta
1600 4245 1793 4295 Romae
1829 4240 1939 4294 sub
1975 4239 2104 4292 Ani-
2226 4232 2466 4285 deorum
2502 4246 2811 4284 numerum
2849 4229 3156 4300 spirituale
3190 4231 3476 4302 pleroma,
3507 4232 3610 4286 hoc
3635 4234 3714 4285 est
3742 4224 3830 4296 ple-

475 4338 599 4388 ceto
656 4331 930 4402 episcOpo
984 4336 1268 4401 Romano,
1332 4335 1730 4386 matronarum
1809 4328 2116 4399 plerasque

2228 4318 2570 4384 nitudinem,
2627 4327 2785 4373 vorat
2855 4317 3104 4391 Bythum
3168 4334 3303 4376 vero
3371 4322 3560 4392 (quem
3623 4315 3825 4402 triginta

475 4393 741 4478 eamdem
773 4421 831 4476 in
860 4393 1108 4480 haeresin
1144 4393 1391 4491 pellexit.
1419 4419 1653 4476 Statuas
1684 4393 1856 4473 etiam
1891 4393 2116 4472 Christo
2225 4408 2436 4462 horum
2495 4406 2838 4462 saeculorum
2903 4413 3265 4479 propatorem
3326 4427 3430 4466 seu
3494 4425 3654 4464 avum
3701 4393 3831 4491 dicit)

476 4517 533 4568 et.
559 4511 756 4578 Paulo,
787 4511 904 4566 imo
964 4488 1158 4566 etiamv
1200 4509 1559 4581 Pythagora,
1613 4505 1954 4577 ceterisque
1987 4505 2115 4576 phi-
2151 4553 2195 4581 η
2227 4493 2457 4551 saeculis
2513 4496 2790 4550 omnibus
2845 4495 3204 4551 invisibilem
3265 4503 3322 4552 et
3366 4488 3824 4568 incomprehensi-

477 4553 756 4673 losophis’
781 4602 1038 4672 erigunt,
1093 4553 1268 4670 quasJ
1298 4597 1355 4652 in
1383 4553 1646 4651 (occultis
1677 4596 1818 4652 locis
1844 4553 2116 4651 adorant.
2150 4553 2195 4616 θ
2227 4583 2402 4639 bilem
2462 4586 2693 4640 asserit.
2741 4585 3016 4656 SOphiam
3077 4587 3296 4654 autem,
3367 4603 3468 4642 seu
3519 4553 3822 4673 sapientiam

475 4671 721 4764 Insuper
751 4671 1080 4747 Graecorum
1112 4703 1343 4759 quoque
1377 4686 1670 4758 mysteriis
1705 4689 1972 4740 utuntur.
2227 4675 2422 4746 (quam
2484 4673 2710 4728 saeculis
2767 4673 3056 4745 accenset)
3115 4689 3185 4729 ex
3215 4690 3437 4741 amore,
3469 4690 3579 4746 quo
3607 4671 3819 4764 Bythuul

2224 4767 2592 4834 propatorem
2628 4764 3108 4834 prosequebatur,
3151 4764 3493 4835 concepisse
3541 4755 3827 4832 subjunxit:

2225 4855 2400 4928 atque
2457 4851 2766 4907 informem
2827 4839 3220 4906 substantiam
3303 4853 3617 4924 peperisse,
3681 4855 3823 4918 quam

541 4941 642 4995 Hic
671 4941 1050 5012 Carpocrates
1084 4939 1366 4994 haereseos
1395 4933 1731 5008 asperitate,
1765 4949 1894 5006 quas
1925 4933 2116 4988 varias
2225 4941 2429 5014 Hylen,
2459 4955 2560 4996 seu
2597 4940 2924 5006 materiam,
2955 4938 3237 4997 nominat
3269 4955 3281 4994 :
3333 4941 3652 5012 cujusmodi
3692 4937 3826 5007 partu

469 5027 528 5082 in
587 5028 887 5097 opiniones
945 5029 1218 5092 dissecta,
1276 5026 1501 5082 sincero
1566 5023 1801 5096 pietatis
1855 5021 2112 5094 dogmati
2223 5047 2358 5087 cum
2395 5029 2800 5094 indolesceret,
2835 5030 2906 5084 ad
2944 5035 3306 5100 propatorem
3341 5047 3404 5086 se
3437 5027 3751 5090 contulisse,
3776 5022 3821 5073 et

473 5117 910 5184 adversabatur,
968 5109 1156 5176 effecit
1205 5123 1267 5172 ut
1313 5111 1539 5186 ἀκάρπῳ
1595 5111 1701 5181 illi,
1751 5113 1858 5168 hoc
1890 5119 1978 5167 est
2003 5117 2114 5168 ste-
2224 5119 2362 5191 quid
2400 5135 2573 5191 passa
2600 5123 2774 5185 esset,
2821 5133 3015 5173 coram
3067 5119 3436 5174 renuntiasse
3457 5117 3612 5174 addit
3643 5131 3656 5170 :
3685 5113 3820 5179 eique

475 5204 564 5258 rili
597 5209 654 5258 et
708 5205 1080 5260 infructuosae
1137 5206 1290 5276 ﬁcui,
1347 5205 1616 5276 foliisque
1681 5207 1907 5258 tantum
1940 5197 2110 5256 luxu-
2223 5207 2516 5279 supplices
2590 5207 2801 5262 Eonas
2866 5222 3098 5278 quoque
3152 5207 3432 5278 reliquos,
3491 5221 3587 5261 seu
3643 5195 3820 5256 saecula

471 5292 666 5362 rianti,
716 5296 888 5362 atque
945 5294 1142 5360 etiam,
1203 5299 1266 5348 ut
1323 5295 1403 5348 ita
1461 5293 1669 5360 dicam,
1722 5291 1864 5346 fonti
1926 5290 2110 5344 linum
2225 5303 2418 5369 presto
2450 5296 2708 5351 adfuisse
2737 5285 3304 5350 commemoratzcui
3341 5312 3471 5350 cum
3512 5286 3821 5364 pepercisset

469 5380 764 5450 ejectanti,
800 5379 1137 5436 simillimus
1167 5383 1432 5438 evaserit.
2059 5369 2064 5374 ’
2223 5385 2464 5458 Bythus,
2507 5384 2824 5439 terminum
2868 5373 2997 5438 mox
3037 5389 3172 5438 cum
3205 5383 3410 5449 Pb’ilia,
3446 5397 3542 5436 seu
3574 5375 3814 5436 amicitia,

541 5467 649 5530 Qui
688 5467 1064 5546 turpitudinis
1109 5471 1460 5526 omnimodas
1494 5475 1696 5552 auctor
1724 5475 1778 5526 et
1814 5469 2111 5540 magister,
2223 5475 2468 5546 conjuge
2495 5475 2822 5552 constituit,
2883 5487 3054 5543 quem
3115 5473 3348 5548 quidem
3392 5470 3687 5526 terminum
3715 5475 3818 5518 cru-

2367 3320 2578 3388 Quarta
2607 3319 2832 3376 haeresis
2865 3321 3145 3378 Valentini
3176 3327 3278 3378 est.
3315 3325 3392 3380 Ab
3421 3324 3522 3380 hac
3547 3328 3715 3379 autem

2650 3395 3026 3463 resipiscenles
3071 3393 3450 3464 baptizaretur.

780 4817 1062 4872 Heraea:
1090 4811 1450 4885 praecedenti:
1479 4812 1805 4882 con/Matio.

545 5633 658 5704 (40)
689 5633 838 5690 Iren.
875 5635 976 5694 lib.
1011 5655 1052 5707 ι,
1093 5654 1218 5708 cap.
1250 5639 1340 5691 24.

2295 5641 2577 5714 (42)Iren.
2607 5640 2711 5698 lib.
2745 5640 2940 5712 i,'cap.
2969 5643 3018 5696 1.
3115 5640 3144 5648 ”
3230 5645 3234 5649 ”
3313 5649 3317 5656 ’
