4090 6298
297 390 453 450 1249

1609 381 1917 443 ΤΗΕΞΑΙ]
1932 380 2008 439 BI
2053 379 2201 439 LIB.
2248 377 2348 438 1V.

3553 382 3718 442 1250

292 538 418 577 cem
454 520 735 588 nominat,
768 516 1000 589 aliaque
1055 517 1322 573 fabulosa
1370 517 1610 573 nomina
1639 515 1942 588 confingit.
1975 511 2583 580 Aconsummationem
2648 511 2837 568 saeculi
2900 510 2968 567 ⁸⁸.
3025 516 3102 566 De
3161 511 3511 568 universatis
3571 513 3712 569 item

296 611 440 666 Hinc
491 607 754 679 subjicit,
809 607 1307 678 quemadmodum
1350 605 1714 677 Unigenitus,
1767 604 1943 659 nimi-

294 716 425 755 rum
480 698 767 763 Christus,
831 702 890 751 et
939 696 1195 767 Spiritus
1251 700 1514 765 sanctus,
1563 694 1806 751 consilio
1839 697 1942 747 Pa-

293 790 401 843 tris
460 789 529 844 ad
564 785 910 843 saeculorum
959 786 1337 840 securitatem
1392 786 1717 857 propositus
1751 783 1942 838 fuerit.

291 879 387 934 Ait
444 876 599 933 enim
631 893 665 931 a
695 875 921 930 Christo
981 874 1194 931 saecula
1244 874 1540 942 didicisse,
1586 875 1740 943 quod
1786 876 1949 927 Pater

292 961 908 1036 incomprehensibilis
930 966 1126 1029 esset;
1152 963 1435 1032 Spiritum
1458 966 1651 1017 autem
1677 965 1947 1016 sanctum

293 1053 686 1125 aequalitatem
746 1049 976 1107 saaculis
1032 1067 1159 1106 esse
1219 1050 1520 1123 largitum.
1566 1051 1711 1105 Cum
1751 1055 1949 1105 autem

295 1143 611 1216 quilibetin
628 1141 819 1197 mediu
834 1158 886 1195 rn
901 1157 1101 1212 quaacu
1115 1157 1285 1211 mque
1300 1139 1690 1211 pulcherrima
1707 1139 1950 1194 habebat

293 1232 659 1297 contulisset,
687 1231 1053 1302 propositum
1080 1229 1524 1294 idcireoﬁJesum
1550 1229 1751 1293 fuisse,
1775 1243 1949 1299 quem

299 1322 479 1376 Deum
532 1336 766 1392 quoque
814 1320 1201 1387 Servatorem,
1235 1318 1554 1384 Christum,
1598 1324 1655 1373 et
1693 1317 1948 1372 Verbum

293 1410 620 1477 nominant,
692 1424 825 1462 cum
884 1424 1000 1479 quo
1054 1408 1272 1480 angeli,
1329 1415 1610 1479 tanquam
1670 1405 1952 1462 satellites

296 1499 510 1554 hastati
540 1497 826 1553 venerint.
878 1497 984 1562 Qui
1022 1496 1309 1552 Valentini
1353 1497 1598 1552 haeresin
1630 1500 1949 1561 sectantur,

297 1596 664 1642 mortuorum
723 1585 1237 1649 resurrectionem,
1289 1591 1346 1641 et
1393 1585 1572 1640 Vetus
1612 1586 1946 1640 Testamen-

296 1683 424 1731 tum
468 1676 829 1747 improbant,
861 1682 918 1729 et
974 1675 1237 1746 quamvis
1271 1675 1588 1746 Prophetas
1635 1674 1849 1745 legant,
1885 1690 1952 1728 ea

297 1771 494 1820 tamen
530 1766 821 1819 duntaxat
853 1764 1196 1831 admittunt,
1247 1780 1378 1834 quae
1406 1767 1656 1835 possunt
1685 1762 1950 1818 absolute

296 1854 365 1910 ad
399 1870 568 1908 suam
593 1853 855 1923 ipsorum
887 1853 1131 1907 baaresin
1166 1853 1518 1923 detorqueri.

374 1943 547 1997 Aiunt
575 1942 829 2013 denique
859 1940 1158 1997 Christum
1192 1958 1225 1996 a
1257 1942 1450 2013 seipse
1483 1958 1698 2013 corpus
1729 1958 1958 1997 assum-

303 2033 511 2105 psisse,
545 2037 601 2086 et
636 2048 737 2103 per
767 2032 999 2086 beatam
1057 2030 1384 2103 Virginem,
1423 2048 1535 2087 non
1585 2047 1757 2086 secus
1789 2036 1963 2101 atque

300 2138 401 2192 per
429 2119 716 2187 canalem,
743 2119 1119 2176 transivisse.

632 2254 900 2308 Hareseos
926 2252 1287 2324 praecedentis
1324 2254 1643 2324 confatalia.

388 2383 766 2449 Posteaquam
827 2396 860 2435 a
926 2383 1095 2435 Patre
1159 2379 1447 2435 mendacii
1514 2380 1748 2433 doctore
1804 2378 1968 2431 fabu-

312 2468 470 2525 losas
501 2485 685 2538 nugas
714 2468 1061 2524 Valentinus
1086 2468 1410 2537 didicisset,
1435 2486 1539 2524 sua
1572 2467 1752 2523 solius
1776 2471 1966 2521 aucto-

314 2558 485 2613 ritate
533 2557 820 2628 principia
875 2557 1204 2625 constituit,
1264 2559 1401 2613 deos
1450 2567 1506 2611 et
1565 2556 1775 2611 saecula
1823 2573 1964 2610 con-

316 2646 479 2701 ﬁnxit
535 2646 1043 2717 delirantibusque
1094 2645 1431 2701 hominibus
1504 2646 1759 2700 tradidit.
1821 2649 1964 2698 Nam

314 2752 447 2790 cum
504 2735 684 2790 Graeci
754 2735 1099 2805 multorum,
1158 2734 1378 2790 Hebraei
1428 2751 1560 2791 vero
1630 2736 1807 2790 unius
1866 2735 1966 2787 do-

322 2827 605 2880 minatum
641 2824 910 2895 probent,
943 2830 999 2880 et
1027 2832 1395 2894 venerentur,
1429 2841 1651 2895 nosque
1683 2826 1822 2880 adeo
1856 2824 1967 2895 ipsi

321 2917 571 2983 Patrem,
627 2913 861 2979 Filium,
894 2918 951 2967 et
1008 2912 1291 2985 Spiritum
1353 2918 1622 2968 sanctum
1669 2913 1965 2969 calamus:

320 3002 412 3057 hic
458 3003 714 3059 tricenos
748 3001 908 3066 deos,
951 3002 1205 3057 tricenos
1254 3002 1452 3070 ccelos,
1483 3002 1708 3058 tricena
1758 3001 1969 3057 saecula

320 3093 517 3157 tradit,
592 3092 740 3162 ipsis
798 3097 954 3146 certe
1009 3090 1225 3145 Graecis
1283 3090 1340 3144 in
1377 3089 1672 3160 superﬂua
1724 3091 1964 3144 deorum

311 3180 686 3235 multitudine
743 3179 1127 3251 excogitanda
1178 3178 1361 3233 multo
1409 3178 1795 3233 ambitiosior.
1839 3179 1965 3234 Im-

315 3268 522 3340 primis
583 3278 775 3324 autem
827 3267 1481 3339 incomprehensibilem
1533 3268 1849 3338 quemdam
1910 3274 1966 3324 et

316 3358 671 3414 invisibilem
731 3358 977 3430 Bythum
1039 3356 1382 3412 saeculorum
1436 3362 1752 3413 creatorem
1804 3374 1961 3413 com-

318 3453 573 3513 mentus,
620 3463 750 3502 cum
805 3446 1081 3501 nonnulis
1124 3446 1275 3516 aliis,
1330 3463 1459 3517 quas
1508 3451 1733 3501 tantum
1777 3448 1962 3512 abest,

319 3545 379 3591 ut
410 3535 672 3607 dignosci
712 3541 949 3607 queant,
983 3552 1117 3590 cum
1153 3536 1330 3606 digna
1361 3535 1501 3598 sint,
1557 3552 1685 3606 quae
1716 3536 1769 3591 in
1822 3536 1964 3592 obli-

317 3624 509 3680 vionis
542 3623 726 3698 βυθόν,
760 3642 859 3681 seu
908 3625 1384 3697 profunditatem,
1435 3625 1853 3698 demerguntur
1881 3627 1963 3682 sic

316 3714 553 3771 tandem
588 3714 644 3768 in
679 3714 889 3768 Christi
926 3713 1278 3770 mentionem
1312 3713 1496 3768 obiter
1526 3714 1749 3782 incidit,
1780 3730 1965 3785 eaque

315 3805 387 3859 de
418 3802 517 3858 illo
548 3810 765 3866 narrat,
798 3819 924 3873 qua:
973 3802 1053 3857 ab‘
1085 3801 1423 3857 orthodoxis
1455 3801 1885 3873 improbantur,
1909 3805 1966 3857 et

316 3909 382 3948 eo
432 3892 670 3946 demum
732 3890 1075 3962 prolabitur,
1128 3895 1191 3945 ut
1239 3890 1726 3946 resurrectionem
1770 3896 1963 3962 neget,

317 3997 422 4036 nec
471 3980 525 4035 id
560 3996 700 4035 sane
754 3980 1067 4034 immerito.
1121 3980 1184 4033 Ei
1218 3978 1395 4048 enim,
1427 3979 1522 4049 qui
1561 3979 1821 4034 veritatis
1872 3980 1966 4033 ad-

315 4069 592 4126 versariis
641 4071 912 4140 dogmata
969 4084 1030 4124 se
1075 4068 1511 4140 propositurum
1563 4068 1963 4138 proﬁtebatur,

315 4161 463 4216 ﬁdes
495 4157 609 4215 alia
651 4158 777 4230 lege
810 4175 921 4214 non
957 4164 1077 4213 erat
1133 4157 1419 4221 babenba,
1452 4172 1631 4227 quam
1664 4157 1713 4212 si
1764 4174 1963 4213 resur-

316 4252 635 4308 rectionem
689 4251 1045 4321 antiquaret,
1105 4252 1162 4303 et
1216 4264 1285 4303 ex
1340 4248 1762 4320 consequentia
1801 4248 1964 4318 judi-

315 4342 473 4398 cium
526 4357 760 4414 quoque
817 4339 1109 4411 reiiceret.’
1179 4338 1321 4393 Hinc
1391 4338 1534 4393 adeo
1596 4339 1962 4394 mendacium

312 4430 413 4487 ille
461 4446 634 4488 suum
683 4431 766 4487 ita
795 4429 1143 4502 praestruxit,
1178 4432 1241 4483 ut
1269 4433 1431 4483 extra
1475 4445 1709 4484 omnem
1766 4446 1957 4499 repre-

315 4522 618 4578 hensionis
652 4522 837 4577 aleam
872 4520 1129 4592 positum
1174 4518 1501 4574 videretur:
1559 4534 1665 4574 nec
1697 4519 1961 4587 advertit,

2054 602 2170 658 Deo
2202 600 2323 656 haec
2355 599 2466 656 alio
2497 600 2556 655 in
2616 600 2742 656 loco
2787 602 2993 656 beatus
3025 601 3179 655 idem
3218 601 3501 657 liavides:
3543 603 3583 656 Α
3612 618 3715 657 sae-

2053 691 2174 745 culo
2221 695 2274 744 et
2328 706 2497 761 usque
2547 691 2608 745 in
2665 691 2925 744 secutum
2972 698 3032 745 tu
3088 706 3142 745 es
3181 690 3247 756 ’9,
3303 707 3403 761 pro
3452 708 3517 746 eo
3557 692 3710 762 quod

2056 784 2145 835 est
2171 796 2184 835 :
2220 778 2512 851 Principio
2533 783 2590 834 et
2616 779 2730 834 fine
2751 795 2935 834 cares.
2962 779 3229 846 Proinde,
3258 781 3398 851 quia
3431 781 3713 836 saeculum

2057 867 2430 923 intervallum
2464 868 3107 940 quoddam,signiﬁcat,
3141 885 3211 923 ne
3259 870 3393 940 quis
3425 870 3601 926 stulte
3631 888 3718 925 ar-

2059 956 2311 1012 bitretur
2349 957 2528 1012 Deum
2579 958 2836 1012 universi
2885 963 3019 1012 ante
3070 959 3282 1014 saecula
3342 976 3455 1014 non
3507 960 3711 1030 fuisse,

2059 1044 2175 1099 alio
2221 1044 2280 1098 in
2328 1044 2558 1100 Psalmo
2606 1045 2755 1100 idem
2800 1045 2895 1100 ille
2945 1047 3234 1117 Propheta
3265 1048 3350 1103 sic
3380 1048 3496 1102 ait:
3531 1049 3722 1104 Exau-

2059 1133 2149 1189 die
2185 1138 2350 1201 Deus,
2394 1140 2445 1189 et
2485 1132 2810 1189 humiliabit
2839 1134 2988 1202 illos,
3040 1136 3137 1206 qui
3174 1143 3255 1192 est
3285 1140 3411 1191 ante
3442 1138 3641 1192 saecula
3676 1137 3715 1192 ’.

2060 1222 2344 1284 Quocirca
2393 1223 2493 1294 qui
2558 1223 2835 1292 universi,
2885 1224 3039 1279 idem
3100 1224 3443 1281 saeculorum
3480 1243 3715 1298 quoque

2061 1310 2329 1367 conditor
2389 1317 2500 1379 est,
2562 1329 2676 1367 non
2738 1311 2970 1369 illorum
3035 1313 3271 1384 quidem
3344 1315 3603 1385 turpium
3660 1319 3717 1369 et

2062 1399 2377 1470 copulatim
2426 1401 2831 1465 oonﬁctorum,
2887 1404 2984 1457 sed
3039 1419 3265 1469 eorum,
3299 1403 3511 1473 quibus
3545 1404 3721 1458 inter-

2060 1488 2281 1544 vallum
2315 1490 2617 1559 quodlibet
2647 1490 3035 1561 significatur.
3067 1493 3191 1557 Qua
3222 1493 3459 1563 quidem
3497 1493 3717 1547 ratione

2064 1576 2264 1632 beatus
2321 1577 2417 1633 ille
2471 1578 2685 1633 Paulus
2745 1581 3076 1641 adducitur.
3140 1585 3203 1634 ut
3246 1579 3470 1635 Patrem
3529 1585 3586 1636 et
3640 1582 3725 1634 Fi-

2061 1665 2204 1722 lium
2253 1668 2600 1722 szsculorum
2634 1674 2950 1724 creatorem
2992 1686 3120 1725 esse
3153 1669 3307 1725 dicat
3330 1687 3349 1724 :
3382 1671 3610 1724 Locutus
3641 1679 3724 1725 est

2060 1756 2237 1822 nobis,
2274 1756 2487 1827 inquit,
2524 1758 2585 1811 in
2617 1757 2757 1811 Filio
2786 1772 2946 1828 quem
2976 1759 3263 1812 constituit
3292 1757 3561 1813 haeredcm
3590 1758 3720 1812 uni.

1986 1877 2031 1941 Β
2060 1859 2363 1913 versorum,
2422 1862 2520 1916 per
2577 1861 2736 1917 quem
2792 1847 2922 1915 fecit
2980 1853 3028 1900 et
3086 1846 3294 1902 saecula
3352 1846 3393 1902 ³.
3457 1846 3714 1901 Verbum
3805 1839 3808 1841 Α

2069 1948 2263 2003 porro,
2308 1934 2459 2003 fecit,
2495 1934 2841 1988 saeculorum
2896 1934 3286 1989 substantiam
3328 1951 3442 1989 non
3474 1935 3718 2002 indicat;

2069 2025 2170 2078 sed
2235 2025 2629 2080 universitatis
2695 2031 2804 2081 Deo
2850 2026 3243 2097 antiquiorem
3294 2043 3531 2099 prorsus
3589 2043 3719 2082 esse

2070 2113 2385 2168 neminem.
2420 2114 2544 2169 Alio
2595 2115 2732 2170 item
2779 2115 2838 2169 in
2895 2115 3019 2169 loco
3065 2115 3149 2169 sic
3198 2115 3418 2171 habet:
3465 2116 3721 2187 36θίδῶ-

2069 2202 2320 2258 culorum
2349 2204 2687 2271 immortali,
2749 2203 3055 2270 invisibili,
3105 2204 3211 2260 soli
3260 2206 3385 2268 Deo,
3446 2205 3618 2261 honor
3672 2208 3729 2259 et

2070 2292 2275 2360 gloria,
2314 2293 2369 2346 in
2423 2292 2629 2348 arcula
2677 2295 3028 2349 saeculorum.
3069 2295 3238 2348 Amen
3266 2292 3307 2349 ³.
3344 2293 3471 2348 Non
3523 2298 3587 2348 ut
3615 2311 3728 2349 sa:-

2072 2386 2206 2435 cuta
2260 2382 2545 2452 quaepiam
2607 2383 2900 2453 ostendat,
2965 2400 3093 2454 quae
3126 2399 3225 2453 per
3255 2399 3317 2440 se
3372 2383 3733 2454 subsistant,

2075 2471 2269 2524 suisve
2300 2471 2564 2525 nitantur
2618 2471 2865 2537 viribus,
2899 2473 2996 2527 sed
3043 2488 3294 2544 perenne
3342 2473 3444 2528 Dei
3478 2490 3720 2545 regnum

2073 2558 2362 2628 praedicet.
2406 2561 2562 2615 Idem
2610 2560 2921 2630 Apostolus
2955 2560 3090 2616 alibi
3124 2562 3207 2616 sic
3226 2562 3344 2617 ait:
3378 2562 3724 2633 Sapientiam

2071 2654 2253 2701 autem
2287 2648 2563 2719 loquimur
2590 2650 2744 2704 inter
2771 2651 3070 2720 perfectos:
3102 2652 3436 2721 sapientiam
3458 2668 3584 2706 vero
3616 2668 3724 2707 non

2072 2737 2269 2795 saeculi
2287 2739 2665 2811 hujus,neque
2684 2742 2999 2810 principum
3024 2739 3228 2796 saeculi
3257 2740 3420 2812 hujus
3449 2744 3546 2812 qui
3573 2741 3725 2797 dese-

2073 2833 2301 2891 runtur,
2323 2826 2414 2883 sed
2437 2828 2717 2899 loquimur
2736 2829 2833 2882 Dei
2846 2828 3188 2898 sapientiam
3212 2829 3270 2883 in
3292 2831 3573 2901 mysterio,
3599 2846 3729 2900 quae

2072 2915 2395 2970 abscondita
2415 2920 2512 2983 est,
2533 2932 2694 2986 quam
2708 2917 3126 2986 prwdestinavit
3153 2918 3292 2972 Deus
3313 2923 3442 2973 ante
3460 2919 3662 2975 saecula
3685 2919 3727 2973 ‘.

2145 3006 2277 3060 Jam
2335 3022 2493 3071 vero,
2527 3006 2576 3060 si
2626 3006 2819 3062 carnis
2870 3012 3188 3078 assumpta:
3239 3009 3579 3075 mysterium
3631 3026 3729 3065 ste-

2076 3096 2245 3163 culis,
2300 3104 2362 3151 ut
2415 3097 2611 3153 divina
2648 3101 2940 3153 testantur
2978 3099 3234 3167 oracula,
3283 3099 3584 3169 antiquius
3616 3106 3723 3166 est,

2076 3190 2393 3241 extremam
2425 3186 2479 3241 id
2532 3186 2892 3258 impietatem
2927 3187 3141 3259 arguit,
3200 3188 3247 3243 si
3290 3188 3421 3259 quis
3475 3189 3729 3243 universi

2076 3274 2258 3330 Deum
2294 3275 2523 3331 seculis
2549 3275 2848 3346 juniorem
2883 3276 3039 3331 dicat
3112 3277 3294 3332 Isaias
3325 3292 3557 3347 quoque
3592 3293 3729 3347 pro-

2076 3364 2250 3436 pheta
2301 3364 2385 3419 sic
2434 3364 2716 3420 exclamat
2765 3382 2777 3419 :
2828 3365 2972 3420 Deus
3025 3368 3395 3436 sempiternus
3443 3366 3732 3431 Dominus,

2075 3455 2170 3524 qui
2212 3452 2418 3509 creavit
2469 3456 2734 3509 terminos
2774 3459 2941 3511 terra:
2974 3454 3019 3510 ⁵.
3073 3454 3258 3509 Item:
3299 3455 3339 3508 Α
3370 3455 3575 3510 saeculo
3623 3469 3735 3509 non

2075 3542 2411 3610 audivimus,
2443 3559 2542 3598 nec
2591 3543 2739 3599 oculi
2769 3545 2945 3598 nostri
2988 3544 3243 3598 viderunt
3278 3544 3468 3606 Deum,
3519 3546 3734 3610 prec/er

2076 3640 2124 3686 te
2170 3629 2213 3686 ⁸.
2269 3635 2417 3687 Deus
2462 3631 2641 3702 igitur
2687 3631 2969 3686 universae
3019 3635 3238 3685 natura:
3298 3629 3566 3685 conditor
3639 3636 3732 3685 est

2076 3724 2208 3776 ante
2286 3717 2520 3783 saecula,
2598 3718 2717 3773 imo
2791 3717 3058 3775 extremis
3127 3719 3298 3773 etiam
3359 3718 3729 3787 temporibus

2076 3812 2285 3863 nostra:
2345 3807 2574 3863 salutis.
2628 3812 2775 3879 Ergo
2826 3823 2945 3862 una
2992 3823 3062 3862 ex
3091 3806 3391 3862 Trinitatis
3438 3809 3724 3877 personis,

2074 3895 2416 3966 unigenitus
2453 3895 2733 3951 nimirum
2786 3896 2970 3950 Patris
3000 3899 3224 3964 Sermo,
3257 3911 3391 3949 cum
3441 3912 3504 3949 ex
3547 3895 3726 3966 virgi-

2076 3985 2201 4040 neis
2233 3985 2626 4055 sanguinibus
2662 3984 2774 4038 sibi
2805 3982 3090 4055 templum
3143 3983 3580 4053 exediﬁcasset,
3612 3984 3728 4037 du-

2075 4073 2284 4144 plicem
2319 4078 2616 4143 naturam,
2677 4089 2793 4128 non
2842 4077 3035 4128 autem
3096 4072 3459 4145 bypostasin,
3514 4072 3730 4128 habere

2072 4162 2234 4220 visus
2285 4167 2390 4218 est.
2452 4166 2748 4234 Carneque
2794 4162 3038 4217 indutus
3088 4179 3155 4218 ex
3209 4178 3440 4233 semper
3490 4161 3734 4233 virginis

2075 4256 2241 4306 utero
2274 4250 2469 4307 Maria:
2505 4251 2822 4322 processit:
2857 4267 2971 4307 non
3006 4256 3198 4307 autem
3249 4268 3349 4323 per
3380 4250 3562 4317 illam,
3595 4254 3727 4304 tan-

2075 4356 2253 4411 quam
2313 4357 2414 4410 per
2482 4338 2743 4395 canalem
2805 4341 3092 4408 transivit,
3156 4346 3220 4395 ut
3287 4341 3517 4413 impuro
3590 4340 3728 4394 huic

2075 4429 2383 4484 Valentino
2435 4429 2626 4484 visum
2675 4432 2784 4495 est,
2845 4429 3072 4485 omleste
3122 4446 3321 4485 secum
3380 4447 3592 4500 corpus
3633 4429 3729 4482 de-

2076 4519 2289 4588 ferens,
2323 4517 2427 4574 sed
2484 4518 2643 4575 nuda
2673 4535 2808 4573 cum
2858 4518 3073 4574 deitate
3123 4516 3271 4571 illam
3306 4519 3569 4587 subiens,
3605 4534 3730 4587 pro-

317 4611 480 4683 (quia
525 4609 804 4666 nimirum
859 4609 1163 4681 lymphata
1194 4616 1385 4662 mente
1443 4608 1780 4678 ferebatur,)
1814 4610 1964 4679 quod
1997 4606 2042 4669 D
2075 4614 2140 4664 ut
2173 4609 2388 4665 Paulus
2445 4609 2573 4681 ipse
2624 4626 2858 4682 quoque
2898 4610 3062 4664 docet
3121 4609 3411 4679 apertius:
3449 4609 3553 4674 Qui
3594 4624 3729 4662 san-

316 4699 596 4755 saaculum
657 4696 819 4753 nulla
876 4696 1203 4752 substantia
1252 4694 1347 4762 sit,
1395 4711 1520 4766 quae
1552 4711 1654 4765 per
1683 4712 1745 4751 se
1774 4697 1964 4751 subsi-

313 4792 467 4843 stere
517 4796 712 4859 queat,
764 4788 863 4842 sed
918 4785 1288 4841 intervallum
1339 4784 1633 4855 quoddam
1684 4785 1963 4856 temporis

315 4877 506 4947 index,
556 4877 700 4932 alias
749 4877 989 4948 quidem
1042 4872 1339 4943 immensi,
1402 4889 1533 4928 cum
1588 4875 1659 4928 de
1692 4875 1805 4929 Deo
1856 4874 1962 4928 soi-

315 4961 451 5018 lieet
479 4965 893 5020 ennnntiatur:
925 4962 1073 5018 alias
1121 4971 1339 5029 contra,
1383 4962 1539 5032 quod
1571 4977 1702 5016 cum
1755 4963 1961 5016 mundi

315 5050 571 5109 fabrica:
623 5055 768 5110 alias
820 5053 1095 5123 denique,
1147 5052 1300 5123 quod
1351 5068 1485 5105 cum
1544 5051 1800 5106 humana
1848 5052 1964 5107 vita

313 5142 844 5198 commensurabile
874 5140 972 5196 sit.
1005 5140 1083 5196 De
1131 5141 1204 5195 iis
1253 5139 1408 5194 enim
1441 5138 1673 5193 divinus
1734 5138 1830 5195 ille
1862 5144 1963 5196 Da-

313 5232 471 5288 vides
502 5232 583 5286 ita
614 5230 914 5302 loquitur:
948 5228 1227 5287 Saeculum
1270 5231 1519 5283 nostrum
1568 5230 1627 5282 in
1670 5227 1963 5284 illumina-

312 5321 461 5377 tione
512 5319 703 5376 vultus
747 5321 832 5373 tui
870 5319 931 5372 9".
993 5318 1072 5373 De
1129 5318 1330 5372 mundi
1395 5333 1560 5389 porro
1613 5317 1831 5372 fabrica
1880 5320 1960 5373 sic

311 5410 597 5467 Dominus
629 5409 825 5479 inquit
860 5425 873 5463 :
908 5408 1041 5463 Ecce
1090 5424 1185 5478 ego
1215 5408 1485 5462 vobiscum
1535 5422 1655 5460 sum
1693 5423 1862 5478 usque
1893 5407 1963 5461 ad

383 5588 429 5625 ’7
462 5587 607 5644 Psal.
657 5601 882 5650 Lxxxrx,
912 5585 967 5649 8,
1111 5582 1158 5617 ⁸⁸
1197 5583 1402 5641 Matth.
1434 5599 1628 5651 xxvul,
1669 5585 1759 5641 20.

316 5664 340 5716 1
376 5660 524 5715 Tim.
559 5670 599 5726 ι,
635 5658 721 5721 l7.
799 5654 867 5711 ‘l
900 5655 1028 5711 Cor.
1061 5669 1123 5720 ιι,
1155 5656 1212 5721 7,
1234 5656 1288 5709 8.
1364 5653 1388 5687 ⁵
1418 5656 1529 5711 Isa.
1565 5671 1656 5722 XL,
1683 5657 1771 5711 28.

1909 5586 1955 5621 9°
2000 5587 2152 5643 Psal.
2195 5605 2418 5655 LxxXIx,
2461 5589 2515 5643 9.

1852 5658 1873 5692 ⁶
1905 5663 2017 5715 Isa.
2050 5676 2177 5726 XLV,
2207 5662 2295 5715 21.

2070 4699 2295 4769 ctiﬁcat,
2329 4708 2381 4756 et
2410 4698 2508 4771 qui
2551 4701 2995 4771 sanctiﬁcantur,
3029 4713 3099 4753 ea:
3129 4714 3236 4752 uno
3267 4713 3451 4752 omnes
3472 4715 3490 4752 :
3521 4714 3726 4768 quam-

2071 4790 2256 4844 obrem
2284 4805 2396 4845 non
2439 4790 2709 4845 erubescit
2760 4791 2964 4860 fratres
2992 4804 3079 4844 eos
3109 4787 3395 4859 appellere
3419 4788 3437 4821 ⁷
3475 4805 3486 4841 ;
3533 4803 3723 4857 quan-

2071 4877 2382 4948 doquidem
2415 4878 2474 4933 in
2525 4879 2669 4934 omlo
2703 4878 2848 4933 nihil
2889 4881 2978 4933 est
3021 4877 3292 4931 humanae
3347 4875 3726 4948 conditionis,

2071 4983 2175 5022 nec
2231 4967 2289 5021 in
2321 4968 2438 5022 vita
2468 4966 2590 5036 illa,
2622 4983 2746 5037 quae
2780 4982 2961 5038 supra
3016 4966 3375 5021 mundanam
3410 4965 3559 5021 hanc
3589 4968 3727 5022 sub-

2071 5056 2459 5128 lunaremque
2505 5057 2760 5127 degitur,
2812 5056 2912 5111 ubi
2972 5055 3096 5109 vitii
3151 5054 3353 5112 morbo
3413 5054 3575 5111 locus
3619 5062 3730 5113 est.

2077 5142 2180 5199 Ubi
2214 5160 2351 5216 ergo
2401 5145 2537 5200 mali
2590 5144 2738 5199 nihil
2796 5149 2905 5211 est,
2965 5143 3244 5216 nullaque
3272 5144 3401 5199 vita-3
3456 5144 3727 5201 humanae

2073 5234 2331 5288 conditio
2361 5234 2589 5301 visitur,
2625 5233 2726 5304 qui
2773 5233 2916 5302 tieri,
2953 5249 3169 5304 quasso,
3229 5233 3483 5304 potuisse
3540 5235 3731 5289 credi-

2072 5322 2186 5377 bile
2248 5305 2356 5389 est,
2420 5328 2482 5377 ut
2557 5324 2692 5378 inde
2746 5322 2855 5379 sibi
2917 5340 3128 5392 corpus
3191 5324 3512 5377 humanum
3574 5323 3729 5379 Deus

2073 5410 2397 5466 asciuerit?
2445 5426 2710 5482 quamam
2767 5410 2943 5467 etiam
2995 5418 3216 5466 natura:
3260 5416 3474 5465 nostrae
3523 5427 3725 5466 emen-

2665 5592 2680 5624 ¹
2726 5589 2877 5645 Psal.
2921 5605 3031 5656 LIV,
3070 5590 3159 5643 20.

2377 5662 2397 5696 ⁷
2429 5662 2603 5716 Hebr.
2657 5678 2720 5730 Il,
2752 5663 2838 5717 11.

3308 5588 3329 5621 ³
3362 5589 3533 5645 Hebr'
3580 5606 3618 5659 1,
3673 5590 3725 5641 2.
