4082 6306
477 411 628 472 1251

1779 405 2089 468 ΝιοΕτΑε
2128 394 2545 468 CHONIATJE

3700 403 3827 472 1252

472 545 629 603 datio
689 541 1046 616 expectanda
1105 539 1329 608 fuisset,
1380 537 1430 594 si
1489 557 1618 594 cum
1681 542 1950 594 terrestre
1999 537 2121 592 ani-
2150 535 2287 608 Ain
2321 536 2563 595 Abrahae
2596 539 2974 596 tabernaculo
3008 545 3280 613 sumptus
3331 543 3440 606 est,
3475 541 3524 596 is
3563 557 3682 598 vero
3706 547 3826 598 sciat

475 635 594 690 mal
620 633 782 706 gravi
815 633 1015 688 morbo
1048 629 1358 694 laboraret,
1391 628 1547 684 aliud
1583 647 1616 684 a
1645 627 1979 684 coelestibus
2028 625 2118 682 di-

473 739 824 795 versumque
838 721 1090 776 divinam
1111 712 1266 774 illam
1284 715 1749 774 commistioucm
1769 716 2124 789 recepisset?

476 814 618 870 Nam
673 815 806 885 quis
858 814 1137 879 aegrotum
1196 827 1401 865 sanare
1445 813 1640 881 queat,
1690 807 1800 864 nisi
1862 809 2121 863 membro

475 902 626 959 male
675 903 878 956 allecto
939 900 1419 971 peraccommoda
1473 895 1700 952 medela
1745 895 2069 970 applicetur
2098 895 2126 951 ‘2

472 995 600 1046 Jam
646 991 694 1045 si
724 993 1008 1061 aegrotum
1057 988 1115 1042 in
1163 987 1331 1042 terris
1379 992 1644 1060 agentem
1694 987 1879 1041 virtus
1929 984 2122 1040 divina

476 1080 800 1152 pertingere
833 1095 948 1133 non
1008 1077 1316 1149 potuisset,
1353 1075 1572 1131 homini
1620 1080 1773 1130 certe
1814 1073 1957 1129 nihil
1991 1092 2124 1145 pro-

474 1171 684 1224 fuisset
707 1168 860 1222 circa
878 1183 945 1222 ea
976 1165 1269 1236 occupari,
1294 1182 1424 1236 qua:
1457 1182 1527 1220 ne
1563 1162 1855 1218 tantillum
1887 1163 2120 1233 quidem

475 1257 681 1314 divina:
716 1255 946 1311 virtutis
982 1255 1352 1327 impertitura
1397 1255 1584 1308 erant.
1620 1255 1918 1308 Certerum
1953 1253 1990 1307 ii
2025 1251 2122 1322 qui

477 1354 746 1404 naturam
810 1349 1065 1401 nostram
1096 1342 1486 1400 conviciorum
1540 1341 1836 1414 plaustris,
1873 1347 1929 1396 et
1971 1341 2126 1396 velut

473 1453 504 1493 θ
534 1434 858 1508 proscenio,
894 1433 1174 1499 lacerant,
1225 1433 1658 1504 nativitatisque
1708 1429 1992 1486 rationem
2027 1447 2124 1486 ca-

468 1523 853 1588 lumniantur,
905 1521 1015 1577 hoc
1095 1525 1204 1576 Deo
1266 1521 1603 1576 indecorum
1659 1519 1834 1575 fuisse
1889 1519 2018 1586 rati,
2068 1523 2126 1574 ut

471 1615 672 1669 eodem
707 1613 876 1668 modo
911 1628 1023 1684 quo
1054 1611 1307 1666 solemus
1341 1611 1465 1681 ipse
1497 1627 1731 1683 quoque
1765 1612 2124 1679 nasceretur,

470 1707 526 1758 et
569 1704 627 1757 in
684 1703 849 1756 terris
903 1707 1250 1768 versaretur,
1301 1699 1488 1755 sciant
1526 1699 1678 1770 apud
1733 1703 1914 1754 Deum
1963 1707 2126 1768 turpe

470 1791 614 1847 nihil
656 1789 894 1846 haberi:
945 1788 1084 1843 vitio
1130 1790 1413 1844 dunxatat
1461 1793 1716 1857 excepto,
1775 1793 1832 1843 et
1882 1789 1932 1843 si
1981 1783 2123 1859 quid

2229 646 2290 684 se
2321 647 2352 684 a
2384 637 2540 685 rec-ta
2570 629 2796 686 ratione
2819 625 2991 700 longe
3019 627 3303 685 aberrare.
3334 629 3674 700 Huiusmodi
3695 635 3824 688 enim

2229 717 2446 774 cibaria
2490 719 2834 775 videbantur
2893 719 3006 774 alio
3065 715 3323 790 quodam
3385 721 3553 775 modo
3607 721 3826 787 absumi,

2231 808 2330 880 qui
2362 809 2432 874 ei,
2471 826 2504 864 a
2534 826 2648 881 quo
2683 809 2998 881 absumpta
3031 813 3192 876 sunt,
3246 807 3574 880 incognitus
3606 826 3710 865 non
3735 815 3824 866 est.

2231 898 2390 965 Quod
2425 898 2474 954 si
2524 900 2656 970 quis
2689 897 2866 954 stulte
2929 899 3331 970 incorporeum
3391 901 3649 954 naturam
3695 895 3827 954 hisce

2231 1004 2398 1042 usam
2458 985 2688 1055 inferat,
2746 983 2864 1042 illic
2925 992 3077 1042 certe
3153 1003 3340 1056 neque
3401 989 3606 1042 famem
3669 1001 3826 1058 neque

2230 1075 2386 1130 sitim
2421 1073 2696 1143 inveniat,
2745 1075 2834 1131 hic
2886 1091 3017 1130 vero
3065 1076 3410 1130 necessitate
3451 1069 3754 1130 affectiones
3783 1077 3827 1129 et

2230 1164 2523 1236 appetitus
2571 1163 2982 1235 hujuscemodi
3035 1161 3501 1229 concitabantur,
3550 1179 3652 1219 non
3699 1163 3824 1234 quod

2231 1253 2503 1310 divinitas
2549 1253 2857 1323 conjuncta
2893 1269 3102 1324 corpus
3130 1249 3231 1308 tali
3253 1248 3325 1307 ab
3345 1255 3594 1324 egestate
3610 1267 3826 1308 asserere

2233 1360 2346 1399 non
2380 1346 2578 1414 posset
2629 1341 2748 1416 (qui
2781 1343 2938 1398 enim
2989 1339 3163 1416 paulo
3214 1345 3342 1413 post
3385 1336 3710 1414 corporibus
3738 1342 3826 1395 im-

2234 1429 2642 1487 mortalitatem
2709 1429 2957 1503 largitus
3016 1433 3122 1499 est,
3183 1444 3362 1486 suum
3425 1429 3602 1503 ipsius
3649 1445 3824 1502 corpus

2232 1517 2418 1576 multo
2453 1520 2680 1576 facilius
2702 1521 2770 1576 ab
2789 1538 2879 1575 om
2890 1519 3214 1591 niegestate
3229 1519 3621 1589 vindicasset),
3639 1517 3724 1574 sed
3745 1519 3826 1573 hoc

2229 1610 2312 1664 illi
2345 1611 2658 1674 concessit,
2701 1614 2762 1664 ut
2822 1609 3114 1679 propriam
3173 1614 3446 1664 naturam
3504 1607 3824 1682 perspicuam

2234 1697 2464 1756 faceret.
2520 1697 2765 1754 Proinde
2834 1699 3120 1769 quotquot
3183 1698 3436 1754 haereses
3495 1698 3599 1753 hoc
3645 1699 3708 1752 ab
3749 1697 3824 1750 illo

2231 1795 2596 1858 assumptum
2643 1791 2946 1858 negarunt,
2985 1787 3280 1842 manifesti
3317 1787 3596 1842 mendacii
3628 1783 3822 1842 convin-

465 1883 538 1937 ad
570 1882 773 1936 vitium
837 1878 1096 1951 proxime
1148 1877 1387 1932 accedit.
1445 1877 1673 1934 Naturae
1707 1893 1877 1948 porro
1911 1880 2119 1931 nostras
2154 1887 2198 1955 Β
2231 1880 2463 1930 cuntur.
2499 1875 3002 1938 Quemadmodum
3049 1875 3206 1930 enim
3241 1868 3362 1942 ille,
3396 1875 3622 1930 tametsi
3653 1891 3824 1945 corpus

465 1969 646 2026 series
687 1968 759 2024 ad
801 1965 980 2022 divini
1023 1975 1200 2022 nutus
1244 1966 1554 2021 arbitrium
1615 1966 1921 2037 legemque
1969 1970 2120 2020 tem-

469 2062 704 2130 peratur
756 2056 928 2128 longe
994 2056 1184 2110 aliena
1213 2073 1245 2108 a
1285 2053 1583 2109 calumnia
1613 2051 1734 2122 illa,
1765 2053 1857 2108 cui
1913 2053 2120 2108 vitium

465 2145 781 2203 obnoxium
822 2161 950 2198 esse
998 2141 1165 2197 solet.
1210 2142 1442 2213 Alioqui
1474 2141 1524 2196 si
1575 2135 1713 2212 quid
1761 2141 1820 2196 in
1851 2141 2120 2196 humanis

469 2241 691 2291 natura:
723 2232 939 2288 fabrica
989 2229 1538 2300 deprehenderetur,
1571 2231 1720 2302 quod
1767 2248 1880 2301 pres
1937 2231 2122 2301 turpi-

471 2324 673 2380 tudine
703 2325 759 2376 et
791 2321 1121 2376 indecentia
1152 2319 1292 2375 satis
1324 2323 1514 2375 tutum
1545 2336 1577 2374 a
1626 2314 1932 2374 calumniis
1963 2336 2117 2375 mor-

471 2412 636 2468 sibus
691 2426 804 2466 non
857 2413 1032 2480 esset,
1087 2409 1143 2463 in
1207 2412 1523 2465 creatorem
1584 2413 1737 2464 certe
1797 2408 1970 2480 culpa
2027 2425 2116 2463 re-

469 2502 778 2556 dundaret.

535 2589 781 2646 Proinde
848 2604 979 2643 cum
1036 2587 1093 2641 in
1129 2587 1423 2642 nativitate
1473 2585 1689 2642 Christi
1733 2586 1932 2642 caetera
1967 2584 2116 2640 mira

465 2677 703 2745 fuerint,
756 2694 938 2750 eaque
1004 2676 1169 2745 adeo,
1229 2693 1357 2748 quae
1411 2681 1597 2732 Deum
1658 2673 2110 2747 hautquaquam

465 2769 829 2834 dcttecerent,
889 2765 974 2836 (ut
1004 2767 1199 2820 carnis
1249 2765 1476 2836 absque
1524 2764 1746 2820 semine
1789 2763 2105 2834 generatio,

468 2871 778 2928 processus
831 2855 1055 2925 absque
1121 2855 1532 2926 corruptione:
1581 2857 1640 2908 ut
1689 2853 1892 2909 eadem
1928 2853 2109 2922 virgo,

463 2963 591 3018 qua:
646 2950 870 2999 mater:
903 2943 1057 3014 quod
1091 2941 1292 2998 eadem
1337 2945 1540 3008 matur,
1572 2960 1700 3013 quae
1732 2943 1912 3013 virgo,
1965 2939 2110 2996 citra

467 3033 644 3089 ullam
696 3031 1043 3103 virginitatis
1097 3031 1154 3085 in
1211 3036 1380 3100 partu
1426 3031 1743 3101 jacturam,
1790 3033 1996 3086 fuerit:
2046 3037 2109 3084 ut

460 3123 611 3178 Dcus
627 3136 860 3177 carnem
885 3117 1202 3174 humanam
1223 3120 1278 3173 in
1299 3120 1555 3174 essentia
1575 3117 1890 3191 personali,
1913 3135 2025 3173 non
2047 3119 2102 3172 in

2226 1983 2255 2018 a
2295 1967 2477 2018 morte
2527 1965 2790 2018 immune
2837 1961 3077 2020 reddere
3129 1971 3358 2035 poterat
3403 1966 3557 2036 (nam
3592 1965 3739 2019 tertio
3779 1963 3821 2016 id

2225 2069 2260 2108 a
2321 2057 2500 2108 iiiorte
2556 2049 2648 2107 die
2694 2051 2986 2124 praestitit)
3034 2053 3293 2124 passioni
3347 2057 3540 2110 tamen
3583 2057 3637 2108 et
3687 2050 3824 2107 morti

2224 2142 2487 2212 objectit,
2521 2147 2586 2197 ut
2619 2142 3040 2198 incarnationis
3087 2142 3437 2216 mysterium
3490 2139 3822 2214 adimpleret:

2225 2233 2308 2287 ita
2361 2231 2539 2288 etiam
2573 2232 2716 2292 fami
2748 2232 2925 2300 idem,
2974 2233 3075 2288 siti
3131 2233 3327 2289 labori
3373 2239 3432 2290 et
3475 2249 3666 2290 somno
3690 2247 3823 2302 expo-

2225 2322 2364 2392 suit,
2399 2338 2469 2376 ne
2501 2321 2621 2376 ulla
2651 2323 2941 2377 mendacii
2973 2322 3439 2379 constabiliendi
3491 2339 3627 2378 ansa
3659 2322 3721 2376 iis
3743 2336 3820 2375 su-

2225 2414 2502 2482 peresset,
2548 2409 2648 2482 qui
2697 2407 2754 2465 id
2814 2409 3102 2466 duntaxat
3149 2411 3499 2482 approbant,
3550 2411 3688 2483 quod
3733 2405 3821 2463 sibi

2221 2499 2470 2555 videtur.
2532 2499 2718 2564 Quare
2781 2501 2964 2555 fames
3021 2505 3074 2556 el
3123 2496 3273 2568 sitis,
3333 2495 3571 2573 insuper
3603 2503 3656 2554 et
3691 2497 3819 2551 labor

2223 2593 2282 2643 et
2311 2604 2556 2644 somnus
2615 2588 2842 2643 Domini
2875 2603 3089 2660 corpus
3121 2587 3453 2646 humanum
3488 2606 3608 2646 esse
3648 2601 3820 2654 Corpus

2222 2683 2514 2749 arguunt:
2551 2677 2706 2750 quod
2738 2675 2973 2748 quidem
3021 2677 3484 2734 conﬁrmaturus
3529 2679 3710 2734 beatus
3745 2673 3818 2728 ille

2221 2767 2436 2822 Paulus
2473 2766 2546 2820 ita
2581 2765 2902 2822 exclamat:
2963 2766 3104 2835 Quia
3142 2783 3267 2839 ergo
3297 2771 3464 2840 pueri
3503 2766 3818 2823 communica-

2219 2865 2413 2913 verunt
2442 2859 2599 2913 carni
2627 2867 2678 2912 et
2709 2859 2992 2929 sanguini,
3025 2867 3076 2913 et
3117 2861 3232 2928 ipse
3261 2857 3534 2914 similiter
3559 2857 3817 2929 participa-

2217 2946 2293 3002 vit
2323 2947 2528 3002 eisdem
2557 2963 2570 3000 :
2603 2955 2662 3001 ut
2709 2963 2808 3016 per
2846 2947 3074 3001 mortem
3114 2944 3428 3004 destrueret
3469 2965 3606 3014 eunt,
3633 2944 3719 3018 qui
3741 2942 3819 2997 hu-

2218 3031 2374 3088 bebat
2418 3034 2616 3088 mortis
2649 3032 2948 3102 imperium
2995 3038 3048 3088 et
3079 3034 3345 3092 liberaret
3385 3053 3496 3102 eos,
3525 3037 3616 3108 qui
3660 3033 3817 3088 timore

2213 3121 2415 3177 mortis
2445 3138 2544 3194 per
2591 3127 2760 3178 totam
2810 3123 2984 3178 vitam
3043 3121 3276 3179 obnoxii
3326 3133 3486 3181 erant
3534 3117 3814 3180 servituti‘.

461 3227 707 3282 persona
729 3206 1021 3264 essentiali
1051 3207 1469 3280 assunipserit:
1497 3211 1562 3262 ut
1594 3213 1748 3262 totus
1785 3223 2017 3277 semper
2043 3207 2099 3262 in
2133 3233 2175 3298 ρ
2216 3211 2436 3278 Quibus
2482 3217 2636 3268 certe
2668 3214 2856 3268 verbis
2908 3219 3177 3270 naturam
3236 3213 3312 3270 ab
3358 3215 3456 3272 illo
3497 3217 3812 3284 assumptum

460 3303 627 3355 Patre
655 3311 916 3363 manens,
942 3300 1210 3365 totusque
1235 3302 1441 3351 natura
1465 3299 1615 3351 Deus
1637 3296 1912 3359 existens,
1932 3296 2100 3352 homo

461 3401 694 3459 quoque
728 3389 936 3438 natura
961 3385 1118 3438 totus
1149 3385 1476 3440 exstiterit:
1511 3388 1575 3440 ut
1609 3398 1795 3456 neque
1827 3384 2104 3452 divinam,

460 3491 648 3548 neque
680 3473 1002 3528 humanam
1033 3471 1361 3528 detrectarit
1395 3477 1690 3541 naturam,
1723 3471 1826 3528 sed
1849 3489 1946 3528 eas
1978 3491 2109 3529 con-

461 3565 586 3622 fuse
610 3561 1085 3632 commistimque
1107 3563 1450 3632 conjunctae
1477 3561 1836 3633 servaverit),
1863 3565 1984 3618 tum
2010 3577 2104 3619 ve-

460 3673 520 3710 ro
558 3653 643 3710 vel
679 3651 931 3708 maxime
957 3649 1162 3706 eodem
1187 3667 1428 3724 prorsus
1461 3649 1654 3720 modo,
1679 3669 1794 3724 quo
1820 3655 1980 3708 nasci
2011 3669 2102 3707 so-

457 3739 666 3812 lemus,
699 3741 796 3796 ille
828 3755 1059 3813 quoque
1094 3745 1266 3796 natus
1301 3745 1389 3796 est
1427 3756 1494 3794 ex
1527 3739 1783 3814 Virgine,
1833 3757 1936 3795 nec
1972 3741 2104 3796 inde

455 3833 781 3904 quidquam
816 3820 1124 3899 contraxil,
1158 3829 1312 3902 quod
1347 3829 1448 3886 Dei
1481 3827 1840 3901 generationi
1873 3833 1970 3885 aut
2023 3831 2104 3884 in-

456 3923 730 3977 decorum
780 3925 880 3977 aut
929 3917 1373 3974 dissentaneum
1433 3923 1606 3975 esset.
1663 3915 1807 3976 Nam
1841 3919 1890 3974 si
1936 3919 2100 3988 rubo,

462 4010 645 4066 sterili
699 4011 911 4081 planta
943 4025 1071 4066 sese
1111 4006 1414 4080 applicuit,
1458 4004 1708 4079 ejusque
1740 4005 2100 4063 adminiculo

456 4118 587 4156 cum
650 4099 807 4156 Mose
863 4099 1185 4156 collocutus
1243 4101 1351 4165 est,
1414 4096 1561 4152 nihil
1624 4096 1777 4153 certe
1837 4095 1950 4152 Deo
2009 4095 2097 4151 in-

455 4191 702 4261 dignum
773 4190 924 4257 fecit,
981 4189 1029 4242 si
1089 4204 1324 4242 summa
1384 4203 1488 4242 sua
1544 4185 1802 4243 bonitate
1857 4203 2098 4242 manum

454 4295 694 4334 suarum
731 4277 1078 4349 figmentum
1122 4275 1481 4343 inhabitans,
1537 4275 1709 4331 hocce
1761 4275 1925 4347 pacto
1985 4293 2100 4330 non

453 4373 685 4441 gentem
748 4384 950 4436 unam,
1006 4382 1252 4437 eamque
1310 4365 1622 4432 modicam,
1676 4366 1745 4420 ab
1803 4365 2097 4439 Egyptia-

451 4474 580 4512 rum
618 4474 792 4512 manu
845 4455 1131 4521 liberavit,
1181 4453 1281 4510 sed
1318 4453 1605 4508 mundum
1661 4454 1988 4510 universum
2026 4455 2096 4511 ad

451 4552 769 4604 creatorem
812 4545 986 4601 Deum
1021 4542 1388 4605 converterit,
1413 4546 1469 4597 et
1501 4559 1533 4597 a
1557 4543 1889 4600 daemonum
1915 4544 2097 4599 domi-

456 4637 552 4692 nio
583 4635 918 4692 asseruerit.

521 4723 651 4780 Jam
684 4725 883 4780 divina
911 4722 1313 4779 incarnatione
1346 4716 1452 4774 hoc
1479 4719 1650 4776 modo
1677 4723 2095 4790 demonstrata,

452 4831 575 4884 age,
610 4814 940 4870 divinorum
995 4808 1366 4866 oraculol'um
1429 4809 1786 4865 testimoniis
1845 4809 1993 4881 freti,
2027 4813 2098 4868 ab

449 4904 754 4959 incarnato
791 4903 887 4959 Dei
919 4899 1110 4958 Verbo
1135 4915 1346 4971 Corpus
1379 4898 1698 4954 humanum
1724 4905 2097 4974 assumptum

453 4991 637 5046 fuisse
696 4991 1190 5048 demonstremus.
1252 4993 1332 5042 Ac
1383 4985 1637 5060 primum
1690 4989 1924 5060 quidem
1975 5009 2101 5048 cor-

451 5081 608 5151 poris
662 5079 1022 5136 incunabula
1072 5082 1142 5134 ad
1198 5077 1564 5135 divinitatem
1620 5079 1870 5135 maxime
1929 5083 2099 5152 perti-

450 5165 688 5220 nebant.
761 5164 978 5221 Deinde
1043 5165 1318 5239 butyrum
1386 5172 1443 5223 et
1529 5166 1666 5233 mel,
1735 5167 1886 5237 quod
1969 5169 2100 5225 Pro-

451 5252 624 5324 pheta
681 5250 848 5322 longe
913 5259 1046 5308 ante
1117 5255 1398 5322 praedicit,
1461 5267 1685 5310 necnon
1767 5259 2099 5314 maternum

450 5342 557 5406 lac,
616 5342 674 5392 et
731 5337 944 5408 qumvis
993 5339 1105 5393 alia
1161 5341 1273 5396 cibi
1339 5345 1632 5416 potusque
1680 5343 1924 5414 species,
1977 5363 2076 5403 vas

447 5443 562 5498 quo
593 5423 1018 5494 exciperentur,
1045 5425 1100 5480 in
1130 5426 1228 5482 illo
1259 5429 1437 5485 fuisse
1467 5433 1609 5487 satis
1641 5437 1917 5504 arguunt.

518 5513 681 5577 Quod
715 5513 764 5567 si
809 5515 1005 5570 fatuus
1036 5513 1170 5585 quis
1213 5516 1412 5572 cibum
1463 5517 1628 5574 illum
1680 5522 1940 5592 objiciet,
1996 5527 2099 5596 qui

515 5632 542 5666 ⁸
574 5630 747 5702 ῌθὺτ.
790 5654 851 5702 ιι,
889 5638 971 5692 14.

436 5725 494 5778 ν,
531 5699 625 5754 20.

1049 5635 1073 5669 °
1103 5635 1246 5691 Gen.
1289 5656 1440 5704 xux,
1476 5642 1560 5699 11.

706 5701 752 5738 ¹⁴
783 5701 981 5765 ΙΤίω.
1008 5724 1074 5775 ιι,
1105 5707 1161 5758 5.
1243 5707 1290 5743 ¹⁵
1315 5711 1339 5762 l
1365 5701 1492 5767 Cor.
1522 5730 1617 5781 xv,
1644 5716 1734 5772 21.

1643 5645 1862 5723 gseb.
1913 5663 1970 5716 ι,
2003 5649 2072 5706 te
2111 5667 2272 5723 seqq.

2218 3301 2392 3356 fuisse
2423 3309 2621 3372 aperte
2670 3303 2946 3367 ostendit,
2995 3320 3126 3374 quae
3167 3313 3383 3361 nostra;
3436 3299 3723 3376 persimilis
3749 3314 3814 3352 es-

2215 3394 2321 3446 set.
2349 3391 2511 3454 Quod
2544 3391 2592 3446 si
2624 3391 2759 3462 quis
2807 3390 3214 3459 hujuscemodi
3277 3395 3682 3450 vestimentum
3723 3403 3812 3442 non

2215 3479 2436 3550 probet,
2493 3479 2774 3535 Jacobum
2837 3479 3226 3552 patriarcham
3307 3481 3390 3539 ita
3447 3483 3808 3538 vaticinantem

2213 3565 2414 3622 audiat
2440 3584 2452 3622 :
2488 3568 2714 3624 Lavabit
2747 3570 2802 3622 in
2831 3567 2959 3624 vino
2987 3569 3184 3625 stolam
3208 3585 3391 3638 suam,
3423 3582 3475 3627 et
3499 3571 3555 3626 in
3585 3569 3815 3637 sanguine

2214 3671 2338 3712 uvae
2383 3656 2618 3726 pallium
2675 3673 2838 3712 suum
2892 3655 2932 3713 ’.
2987 3657 3201 3712 Audiat
3255 3674 3396 3714 vero
3452 3657 3816 3714 beatissimum

2215 3761 2446 3816 quoque
2504 3744 2746 3801 Paulum
2805 3745 3226 3802 exclamantem
3274 3765 3286 3802 :
3351 3747 3608 3804 Habentes
3646 3747 3813 3814 itaque.

2209 3835 2434 3904 fratres,
2477 3831 2732 3904 ﬁduciam
2764 3835 2820 3888 in
2867 3835 3100 3891 introitu
3140 3841 3462 3893 sanctorum
3498 3838 3553 3892 in
3589 3831 3815 3904 sanguine

2209 3921 2354 3992 Iesu,
2399 3941 2564 3995 quam
2594 3923 2842 3979 initiavit
2875 3925 3032 3980 nobis
3082 3926 3227 3980 viam
3268 3943 3477 3983 novam
3507 3936 3555 3983 et
3585 3923 3816 3980 viventem

2207 4030 2310 4084 per
2339 4013 2606 4081 velamen,
2644 4009 2702 4068 id
2731 4021 2828 4081 est,
2862 4029 2958 4084 per
2986 4030 3210 4068 carnem
3234 4032 3420 4084 suam,
3452 4027 3503 4072 et
3528 4011 3814 4071 sacerdotem

2209 4119 2473 4172 magnam
2519 4118 2683 4174 super
2728 4101 2948 4158 domum
3007 4101 3124 4169 Dei,
3182 4103 3512 4162 accedamus
3555 4121 3672 4161 cum
3714 4111 3814 4155 vero

2208 4191 2368 4249 corde
2397 4191 2459 4247 in
2507 4188 2857 4264 plenitudine
2907 4191 3039 4264 ﬁdei
3068 4191 3134 4246 ίο.
3187 4194 3512 4251 Velaminis
3557 4192 3698 4249 enim
3736 4202 3813 4242 no-

2211 4274 2388 4348 mine,
2448 4279 2946 4351 quemadmodum
2997 4280 3158 4336 stolae
3203 4287 3261 4336 et
3310 4281 3495 4354 pallii,
3529 4273 3813 4354 patriarcha

2208 4385 2440 4424 carnem
2474 4369 2661 4440 ipsius
2713 4367 3046 4440 appellavit.
3082 4369 3190 4426 Sed
3226 4371 3590 4443 superﬂuum
3621 4367 3812 4423 videtur

2208 4457 2256 4513 si
2285 4456 2552 4530 pluribus
2584 4457 2693 4512 hoc
2728 4455 2920 4513 verbis
2951 4456 3258 4529 explicem.

2276 4550 2425 4602 Nam
2458 4545 2545 4601 vel
2599 4547 2726 4617 ipse
2753 4544 3023 4602 Christus
3056 4545 3320 4620 seipsum
3355 4547 3606 4606 hominis
3635 4543 3810 4600 Filium

2135 4609 2183 4678 D
2213 4638 2400 4692 vocat.
2435 4609 2728 4707 Apostolis
2771 4638 2924 4690 enim
2963 4609 3177 4708 saepius
3225 4637 3335 4694 hoc
3378 4632 3643 4694 inculcat.
3673 4631 3811 4689 Fum-

2212 4741 2341 4780 rum
2395 4731 2506 4794 est,
2565 4728 2627 4780 ut
2672 4723 2861 4782 Filius
2933 4727 3170 4782 hominis
3219 4731 3486 4785 tradatur
3547 4730 3602 4782 in
3647 4731 3812 4777 manus

2211 4810 2522 4881 hominum,
2543 4817 2598 4868 et
2628 4813 2964 4884 interﬁciant
2993 4832 3118 4872 eum
3143 4821 3196 4872 et
3216 4820 3384 4874 tertia
3414 4818 3502 4874 die
3522 4807 3809 4881 resurget“-

2213 4905 2276 4959 Ei
2306 4909 2502 4960 autem
2537 4903 2636 4975 qui
2671 4905 2837 4974 sequi
2871 4903 3129 4962 volebat:
3171 4905 3380 4978 Vulpes,
3433 4905 3634 4976 inquit,
3661 4903 3811 4973 foveas

2209 4993 2431 5060 habent,
2465 4993 2515 5047 et
2544 4992 2792 5047 volucres
2829 4991 2954 5047 caeli
2985 4993 3168 5062 nidos,
3201 4994 3377 5051 Filius
3407 4995 3584 5051 autem
3611 4983 3812 5045 hominis

2212 5098 2323 5137 non
2373 5081 2560 5147 habet,
2608 5080 2706 5135 ubi
2733 5083 2899 5152 caput
2941 5081 3172 5137 reclinet
3209 5081 3275 5138 η.
3309 5079 3376 5138 Et
3402 5084 3507 5138 hoc
3542 5077 3740 5137 Judeis
3763 5069 3810 5124 in

2211 5186 2278 5226 os
2329 5169 2576 5241 objecti:
2623 5169 2763 5236 Quid
2793 5186 2879 5224 me
2921 5166 3177 5240 quaeritis
3206 5171 3532 5242 interﬁcere,
3575 5167 3809 5223 hominem

2212 5261 2310 5331 qui
2327 5260 2616 5314 veritatem
2630 5258 2842 5314 locutus
2861 5275 2983 5314 sum
2997 5259 3145 5314 vobis
3160 5305 3172 5326 ,
3196 5278 3360 5333 quam
3378 5255 3568 5316 audivi
3584 5275 3620 5312 α
3641 5243 3809 5310 Deo"?

2214 5348 2424 5404 Beatus
2481 5345 2798 5418 Apostolus
2829 5353 3024 5404 autem
3057 5348 3138 5404 ita
3160 5351 3373 5407 clamat
3405 5368 3420 5407 :
3455 5349 3595 5406 Unus
3624 5347 3748 5400 Deus
3771 5339 3811 5389 ιι

2207 5437 2483 5494 mediator
2509 5437 2610 5492 Dei
2632 5440 2684 5492 et
2706 5435 2991 5492 hominum
3007 5435 3071 5492 Η.
3090 5437 3236 5494 Item
3263 5457 3276 5494 :
3305 5438 3440 5508 Quia
3462 5452 3554 5506 per
3577 5433 3810 5490 hominem

2209 5542 2373 5594 mors,
2405 5528 2454 5581 et
2481 5541 2582 5597 per
2609 5524 2894 5581 hominem
2922 5531 3253 5585 resurrectio
3270 5530 3603 5583 mortuorum
3630 5521 3687 5588 ¹⁶,
3705 5527 3809 5586 ριό·

2351 5649 2392 5685 ιι
2423 5649 2625 5707 Matth.
2673 5665 2767 5717 xx,
2804 5647 2890 5706 18.
2967 5649 3018 5687 ¹²
3052 5652 3260 5710 Matth.
3291 5664 3410 5718 vni,
3437 5647 3525 5707 2ο.
3597 5645 3638 5682 υ
3669 5644 3809 5698 Joan.
