4082 6306
257 414 400 475 125Ἶ

562 545 830 599 Haereseos
862 539 1228 611 praecedentis
1256 538 1584 608 con/utalia.

319 634 597 693 Miriﬁcus
652 631 884 686 Marcus
917 627 1217 700 prestigiis
1279 632 1335 683 et
1390 627 1896 683 incantationibus

251 722 628 797 praesentium
689 719 778 774 vel
837 718 1206 790 perspicaces
1287 717 1490 772 oculos
1548 715 1892 783 fascinabat,

248 815 647 882 efﬁciebatque
681 815 839 866 utea
871 827 994 879 quae
1041 808 1533 880 conspicerentur,
1587 817 1784 862 contra
1834 823 1896 862 se

248 904 461 959 habere
487 901 842 964 viderentur,
874 914 1053 967 quam
1076 913 1278 952 eorum
1312 900 1521 951 natura
1555 897 1746 950 ferret.
1781 893 1896 950 Nec

246 993 399 1048 enim
433 988 726 1061 pellucida
757 1002 1034 1043 vasorum
1061 987 1384 1052 vitreorum
1418 1001 1664 1055 corpora
1704 985 1761 1037 in
1793 1000 1890 1038 va-

246 1078 360 1135 rios
396 1084 616 1133 mutare
646 1075 871 1132 colores
905 1074 1232 1146 potuisset:
1265 1077 1329 1128 ut
1360 1089 1490 1144 qua:
1538 1072 1892 1128 adeuntibus

241 1170 370 1224 alba
414 1168 802 1239 protenderet,
856 1164 1058 1220 eadem
1113 1179 1246 1218 mox
1307 1163 1364 1216 in
1425 1177 1739 1233 purpurea,
1804 1159 1892 1216 vel

240 1259 482 1314 merulea
501 1253 1014 1323 mutaret,hocque
1032 1255 1198 1322 pacto
1220 1250 1645 1322 simpliciorum
1669 1249 1889 1320 pleros-

243 1361 352 1416 que
380 1341 863 1401 circumveniret:
908 1341 966 1394 in
1000 1339 1206 1410 primis
1252 1342 1447 1393 autem
1491 1335 1888 1404 mulierculas,

243 1452 367 1506 quae
391 1434 544 1489 circa
575 1431 769 1488 colum
820 1435 1110 1500 occupatae
1143 1428 1359 1483 fabulis
1406 1436 1459 1483 et
1513 1426 1887 1499 nugamentis

245 1524 520 1597 gaudent.
555 1522 669 1576 Nec
705 1520 904 1575 minus
935 1519 992 1573 in
1033 1535 1098 1574 eo
1158 1525 1434 1590 nugatur,
1471 1516 1625 1586 quod
1672 1515 1888 1571 saecula

243 1614 423 1670 tradit
453 1629 600 1680 esse,
634 1627 759 1682 quae
793 1623 1037 1663 numero
1071 1608 1280 1663 litteris
1312 1611 1560 1677 quatuor
1590 1609 1644 1662 et
1682 1605 1884 1676 viginti

241 1701 648 1772 respondeant.
711 1698 988 1762 Quamvis
1048 1697 1205 1752 enim
1256 1695 1469 1752 saecula
1536 1695 1881 1750 saeculorum

241 1790 571 1858 audiamus,
632 1804 761 1843 vera
808 1792 1006 1842 tamen
1056 1785 1274 1857 opinio,
1327 1802 1454 1855 quae
1514 1800 1607 1839 res
1657 1783 1884 1837 divinas

1582 406 1977 467 THESAURI
2025 407 2170 466 LIB.
2217 409 2323 466 IV.

1925 539 1979 604 Α
2008 538 2247 609 quidem
2279 538 2724 610 qualernitatem
2762 538 3185 610 Pythagoreum
3229 541 3440 613 dogma
3470 545 3652 602 fuisse

3497 417 3653 474 1258

2005 628 2243 683 scimus.
2269 628 2594 683 Potestates
2624 643 2779 694 vero,
2813 627 2862 682 si
2913 628 3204 697 angelicas
3235 633 3646 700 concedamus,

2001 733 2032 770 a
2054 717 2191 771 Jesu
2218 716 2551 787 productas,
2588 721 2645 772 at
2686 733 2800 771 non
2852 716 3243 787 generationis
3276 720 3402 789 ejus
3434 737 3642 779 causas

2001 804 2295 860 exstitisse
2317 805 2597 860 dicemus.
2631 804 2749 860 Hoc
2773 822 2940 875 porro
2972 805 3082 859 illae
3114 823 3346 877 quoque
3378 824 3618 880 comper

2001 899 2124 948 tum
2153 893 2434 949 habentes
2467 894 2972 950 vociferabantur:
3035 894 3175 963 Quid
3232 897 3386 951 nobis
3441 905 3495 953 et
3521 902 3647 969 tibi,

1996 984 2123 1038 Jesu
2151 986 2261 1038 Fili
2293 986 2386 1038 Dei
2405 987 2432 1038 Υ
2464 986 2662 1040 venisti
2685 985 2930 1040 hucnnte
2947 988 3156 1056 tempus
3181 994 3425 1056 torquere
3446 1005 3545 1044 nos
3576 993 3644 1044 ³1.

1998 1072 2114 1127 Illae
2143 1073 2323 1139 enim,
2353 1074 2494 1128 dum
2545 1075 2831 1144 superbite
2886 1080 3118 1146 peccato
3167 1076 3505 1145 efferuntur,
3570 1081 3640 1135 ad

1996 1163 2054 1217 id
2122 1164 2274 1234 quod
2336 1163 2590 1218 deterius
2620 1168 2711 1218 est
2765 1180 2893 1220 sese
2948 1169 3380 1233 converterunt,
3433 1167 3642 1238 pristi-

1990 1268 2182 1323 naque
2231 1251 2329 1307 illa
2357 1252 2643 1322 dignitate
2693 1253 3045 1321 excidentes,
3089 1254 3376 1324 supplicio
3409 1258 3631 1311 manci-

1994 1346 2140 1412 patae
2171 1341 2445 1412 subjectae
2483 1347 2642 1405 sunt,
2676 1343 2827 1413 quod
2854 1341 3085 1414 βάσανον
3118 1343 3225 1398 hoc
3250 1347 3340 1398 est
3371 1347 3636 1401 tormen-

1992 1430 2497 1502 tum,appellatur.
2515 1435 2654 1487 Nam
2675 1448 2804 1502 quae
2827 1433 2936 1486 fuit
2952 1433 3635 1505 ejus,quaeso,superbia,

1991 1521 2094 1592 qui
2149 1521 2301 1576 inter
2330 1521 2462 1577 illas
2493 1521 2810 1594 primatum
2856 1522 3074 1577 habet?
3130 1523 3304 1593 Super
3361 1533 3508 1578 astra
3540 1524 3638 1580 Dei

1989 1611 2243 1667 excitabo
2289 1611 2464 1666 sedem
2522 1628 2724 1680 meam,
2757 1621 2812 1667 et
2859 1629 2950 1668 ero
2982 1613 3186 1668 similis
3241 1613 3544 1680 Altissimo,
3581 1618 3633 1669 et

1988 1701 2439 1772 comprehendam
2479 1702 2662 1757 orbem
2721 1708 2891 1758 terra;-
2943 1703 3100 1773 quasi
3154 1702 3372 1766 nidum,
3403 1709 3453 1757 et
3506 1707 3630 1757 tan-

1989 1805 2154 1859 quam
2209 1806 2313 1844 ova
2361 1789 2625 1844 derelicta
2674 1790 2864 1844 tollam
2917 1788 2984 1856 ⁴⁰,
3038 1790 3164 1844 Haec
3223 1790 3452 1863 quidem
3513 1790 3631 1859 ille,

239 1879 569 1936 immobiles
602 1894 729 1934 esse
757 1878 945 1947 docet,
981 1877 1218 1932 unicum
1252 1875 1368 1930 illis
1401 1874 1680 1930 saeculum
1712 1873 1880 1929 attri-
1912 1910 1961 1973 B
1992 1877 2257 1933 Christus
2289 1882 2483 1934 autem
2534 1877 2723 1949 quid?
2763 1881 2895 1934 Ecce
2949 1878 3073 1934 dedi
3119 1881 3271 1934 vobis
3313 1884 3632 1949 potestatem

239 1972 388 2026 buit.

311 2058 386 2114 lis
405 2063 598 2113 autem
636 2058 832 2127 rebus,
857 2073 984 2127 quae
1029 2055 1212 2110 motui
1247 2059 1303 2109 et
1351 2053 1706 2124 corruptioni
1748 2055 1884 2107 sunt

242 2149 524 2212 obnoxias,
559 2151 792 2218 tempus
823 2147 1103 2216 assignat,
1138 2145 1291 2215 quod
1349 2142 1684 2198 transitorio
1743 2141 1883 2196 solis

241 2243 297 2294 et
328 2238 481 2292 lunae
515 2253 691 2291 cursu
725 2251 957 2304 semper
1009 2237 1254 2302 motum,
1285 2248 1647 2296 mensuram,
1671 2234 1727 2284 et
1783 2231 1884 2284 ﬂu-

244 2344 378 2383 xum
412 2325 940 2396 recipiat.Quarum
967 2323 1123 2377 enim
1156 2337 1352 2376 rerum
1377 2326 1587 2376 natura
1604 2324 1883 2391 perpetua

242 2432 358 2470 non
393 2418 503 2479 est,
535 2429 613 2468 eae
644 2413 927 2484 temporis
960 2410 1467 2466 vicissitudinibus
1527 2409 1878 2464 consistunt.

241 2509 499 2572 Quarum
547 2509 743 2559 autem
784 2503 1038 2557 essentia
1087 2499 1408 2556 immobilis
1461 2504 1570 2568 est,
1613 2503 1669 2554 et
1725 2502 1878 2553 statu

238 2590 500 2647 numeris
537 2590 813 2647 omnibus
852 2588 1120 2644 absoluto
1154 2588 1420 2660 praedita,
1452 2587 1524 2642 iis
1559 2603 1882 2642 accommo-

235 2681 378 2734 dum
412 2678 692 2736 saeculum
725 2678 872 2733 citra
902 2677 1333 2733 dimensionem
1376 2676 1659 2748 procedit,
1692 2691 1880 2746 neque

233 2769 372 2824 ullis
406 2769 664 2825 noctium
694 2772 751 2823 et
810 2767 1034 2822 dierum
1090 2765 1432 2832 intervallis,
1466 2781 1654 2836 neque
1703 2765 1877 2831 veris,

242 2859 483 2925 aestatis,
519 2857 810 2922 autumni,
834 2862 891 2912 et
911 2855 1122 2911 hiemis
1153 2854 1664 2911 vicissitudinibus
1697 2854 1880 2910 instar

246 2948 530 3020 temporis
556 2947 636 3003 ita
666 2947 1038 3013 discernitur,
1070 2951 1135 3000 ut
1185 2945 1322 3000 anni
1382 2945 1648 3015 partibus
1679 2943 1880 2998 ordine

245 3037 544 3108 productis
573 3035 928 3090 curriculum
957 3034 1206 3090 solstitio
1255 3032 1536 3101 absolvat,
1570 3033 1878 3101 denuoque

237 3126 499 3196 incipiat,
535 3125 633 3180 sed
665 3138 898 3194 semper
930 3123 1068 3190 Ens,
1090 3121 1459 3191 essentiaque
1486 3119 1765 3190 praeteriti
1821 3123 1878 3173 et

238 3215 417 3269 futuri
451 3217 683 3284 experte
715 3211 1040 3282 praditum.
1076 3211 1220 3266 Nam
1257 3209 1535 3280 temporis
1569 3225 1702 3279 pars
1761 3225 1877 3263 una

238 3267 540 3374 prasteriit,‘
576 3267 940 3357 alia.futura
989 3303 1098 3365 est,
1160 3267 1415 3370 prtesen-s
1468 3267 1586 3352 alia
1635 3297 1870 3353 dicitur.
1906 3269 1947 3336 (δ

239 3393 526 3448 Saeculum
553 3397 768 3459 autem,
804 3392 997 3461 ipsum
1031 3390 1342 3460 partitione
1391 3392 1567 3456 caret,
1598 3387 1877 3458 nulloque

235 3487 498 3552 tempore
554 3497 617 3534 ac
679 3481 801 3535 loco
873 3478 1391 3545 circumscribitur,
1440 3477 1872 3548 sempiternita-

237 3577 413 3641 teque
443 3569 586 3624 adeo
615 3586 747 3626 cum
780 3569 873 3634 iis,
905 3584 1033 3638 quae
1067 3568 1423 3638 sempiterna
1447 3573 1602 3634 sunt,
1636 3566 1873 3638 gaudet.

232 3660 488 3715 Vaasana:
512 3677 681 3730 porro
715 3659 925 3714 mentis
957 3659 1322 3727 figmentum,
1353 3656 1644 3726 Marcique
1677 3657 1747 3711 de
1770 3673 1878 3711 sae-

233 3749 382 3806 culis
421 3759 809 3806 commentum
861 3745 1222 3814 semivocale,
1275 3747 1490 3813 vocale,
1536 3750 1592 3798 et
1647 3751 1874 3800 mutum

232 3845 340 3898 est.
375 3841 520 3895 Nam
553 3844 803 3909 quatuor
843 3842 900 3893 et
929 3837 1133 3908 viginti
1183 3834 1395 3890 litteris
1447 3834 1592 3889 alias
1653 3833 1876 3888 vocales

232 3928 489 4000 appellat
517 3926 957 3998 grammaticus,
1004 3923 1338 3992 oujusmodi
1397 3926 1536 3977 sunt
1565 3940 1616 3988 at,
1666 3940 1710 3990 ε,
1741 3940 1798 3988 η,
1838 3940 1874 3987 ι,

235 4040 284 4087 o,
320 4039 370 4083 υ,
394 4025 451 4074 et
483 4034 556 4070 ω;
611 4017 746 4087 quia
797 4015 1075 4070 nimirum
1109 4031 1211 4086 per
1243 4030 1302 4070 se
1334 4013 1512 4084 ipsas,
1544 4012 1714 4082 vique
1768 4028 1876 4066 sua

230 4124 434 4163 vocem
467 4105 796 4177 perﬁciunt,
821 4105 1050 4159 etiamsi
1084 4103 1214 4158 aliis
1275 4118 1389 4157 non
1441 4101 1876 4170 conjungantur

231 4196 445 4252 litteris
471 4212 483 4248 :
509 4194 656 4250 altas
680 4193 1091 4249 semivocales:
1127 4191 1270 4246 alias
1303 4190 1444 4244 item
1490 4197 1723 4244 mutuas
1775 4204 1873 4242 vo-

231 4290 352 4352 cat,
381 4289 445 4339 ut
478 4283 530 4356 β,
565 4303 615 4355 γ,
641 4277 692 4352 8,
725 4285 782 4337 et
802 4298 928 4352 quae
959 4283 1416 4350 consequuntur,
1452 4281 1515 4333 ut
1545 4293 1671 4348 quis
1727 4275 1873 4330 nihil

229 4389 434 4430 eorum
482 4371 835 4442 exprimant,
896 4385 1022 4440 quas
1083 4369 1153 4422 ad
1214 4367 1571 4438 colloquium
1634 4363 1871 4431 faciunt,

229 4463 455 4533 absque
477 4460 727 4516 aliorum
788 4459 1203 4514 elementorum
1247 4455 1674 4526 conjunctione,
1708 4453 1874 4508 nimi.

227 4569 361 4607 rum
393 4571 444 4618 α,
479 4570 524 4615 ε,
557 4554 966 4604 elcaeterorum
999 4545 1362 4616 bujuemodi.
1410 4547 1480 4598 At
1523 4542 1873 4599 saeculorum

1993 1967 2245 2021 calcandi
2290 1984 2464 2038 supra
2511 1970 2802 2038 serpentes,
2857 1971 2906 2022 et
2981 1969 3289 2039 scorpiones
3345 1976 3398 2024 et
3471 1985 3636 2040 super

1993 2072 2207 2111 omnem
2234 2058 2494 2112 virtutem
2508 2057 2731 2111 inimici
2759 2057 2826 2112 ⁴¹.
2861 2058 3073 2112 Contra
3091 2073 3261 2127 porro
3285 2057 3632 2113 Christianae

1994 2144 2267 2200 doctrinae
2299 2150 2458 2215 sunt,
2485 2152 2904 2216 proptereaque
2945 2161 3074 2200 cum
3117 2145 3246 2200 aliis
3281 2147 3458 2201 Marci
3491 2148 3636 2218 dog-

1995 2233 2168 2288 matis
2211 2234 2545 2304 rejicienda,
2568 2251 2932 2306 quaecunque
2956 2235 3130 2289 etiam
3156 2235 3486 2290 sacerdotes
3507 2237 3636 2304 ejus

1993 2322 2359 2378 incantantes
2388 2322 2461 2378 iis
2487 2323 2883 2388 insusurrant,
2917 2340 3062 2394 quos
3121 2324 3496 2394 baptismatis
3552 2322 3639 2379 la-

1991 2427 2159 2466 vacro
2188 2412 2484 2481 proluunt.
2518 2413 2783 2468 Christus
2816 2412 2970 2468 enim
3031 2414 3086 2466 in
3137 2413 3373 2467 nomine
3431 2413 3637 2480 Patris,

1993 2502 2053 2553 et
2102 2498 2227 2553 Filii
2279 2505 2336 2554 et
2389 2500 2640 2570 Spiritus
2695 2501 2901 2567 sancti,
2934 2501 3296 2571 baptismum
3337 2501 3636 2557 conferen-

1994 2588 2133 2642 dum
2167 2604 2291 2643 esse
2325 2587 2618 2658 apostolos
2647 2589 2876 2643 docuit:
2904 2588 2961 2644 hi
2991 2595 3185 2644 autem
3217 2591 3400 2660 patris
3433 2591 3637 2662 ignotii

1992 2693 2208 2732 nomen
2271 2679 2560 2732 invocant.
2610 2678 2774 2732 Certe
2831 2678 2962 2748 quis
3015 2676 3110 2732 ille
3167 2678 3243 2732 sit
3297 2681 3513 2745 nescio,
3573 2686 3637 2735 ut

1991 2770 2183 2821 tamen
2205 2782 2272 2821 ex
2303 2766 2684 2837 sequentibus
2715 2766 2946 2820 ariolari
2977 2767 3168 2832 datur,
3203 2767 3253 2822 is
3285 2772 3374 2822 est
3399 2785 3432 2822 a
3464 2769 3633 2826 nobis

1991 2859 2090 2928 qui
2121 2856 2334 2913 Christi
2368 2873 2577 2912 nomen
2609 2856 2972 2928 proﬁtemur,
3005 2856 3250 2912 alienus.

2653 2981 2809 3036 CAP.
2843 2980 2963 3035 VII.

1987 3088 2237 3160 Septima.
2320 3087 2568 3154 heeresis,
2636 3087 3089 3158 Ascodrugorum,
3151 3088 3236 3143 vel
3309 3089 3634 3161 Ascodrupi-

2695 3162 2900 3214 tarum.

2160 3284 2346 3338 neque
2369 3265 2564 3321 divina
2595 3266 2894 3338 mysteria,
2927 3266 3044 3322 sive
3085 3273 3463 3336 sacramenta,
3498 3287 3624 3342 quae

1986 3361 2125 3411 sunt
2156 3373 2355 3412 eorum
2373 3373 2498 3426 quae
2531 3372 2645 3409 non
2676 3356 2948 3410 videntur
2979 3356 3260 3427 symbols,
3310 3358 3481 3414 rebus
3513 3359 3626 3416 sub

1987 3451 2286 3518 aspectum
2310 3445 2694 3501 cadentibus:
2728 3461 2918 3516 neque
2977 3447 3317 3517 incorporea
3372 3450 3624 3504 sensibi-

1983 3535 2138 3590 libus
2170 3539 2225 3590 et
2255 3535 2548 3605 corporeis
2593 3535 2896 3589 referenda
2952 3539 3054 3588 aut
3110 3540 3627 3595 commemoranda

1985 3641 2112 3680 esse
2143 3622 2914 3679 contendebant.Perfectam
2937 3627 3133 3676 autem
3163 3624 3622 3694 redemptionem

1985 3711 2044 3764 in
2075 3726 2141 3764 eo
2172 3709 2492 3763 consistere
2515 3708 2805 3776 dicebant,
2839 3707 2887 3760 si
2910 3709 3042 3778 quis
3075 3723 3270 3762 veram
3303 3710 3433 3779 ejus
3465 3713 3619 3781 quod

1983 3805 2073 3854 est
2099 3798 2366 3853 notitiam
2399 3796 2628 3850 habeat.
2673 3796 2813 3850 Nam
2847 3811 2972 3865 quae
3020 3796 3284 3852 videntur
3333 3799 3622 3872 universa,

1982 3885 2336 3960 ignorationi
2361 3889 2418 3939 et
2443 3883 2702 3955 passioni
2734 3883 3003 3951 obnoxia,
3032 3900 3133 3955 per
3190 3887 3622 3956 generationem

1983 3974 2403 4032 dissolvuntur.
2423 3973 2608 4044 Igitur
2638 3973 2889 4043 expiatio
2920 3973 3246 4045 spiritualis
3276 3993 3404 4031 esse
3435 3978 3625 4035 debet.

1982 4064 2232 4119 Proinde
2263 4077 2450 4132 neque
2491 4061 2790 4132 baptizant
2819 4062 2890 4116 ad
2925 4077 2986 4117 se
3044 4064 3404 4134 accedentes,
3438 4082 3628 4136 neque

1983 4154 2138 4210 ullus
2162 4153 2398 4207 omnino
2419 4151 2568 4220 apud
2601 4149 2731 4204 illos
2763 4150 3128 4221 baptismatis
3161 4155 3435 4224 mysterio
3460 4155 3625 4212 locus

1980 4248 2086 4300 est.
2123 4239 2596 4311 Redemptionem
2639 4239 2793 4293 enim
2826 4255 3028 4294 eorum
3075 4258 3200 4314 qua:
3234 4248 3374 4299 sunt
3431 4247 3626 4318 cogni-

1980 4337 2198 4390 tionem
2229 4335 2457 4387 vocant.

2302 4441 2578 4496 Haereseos
2604 4438 2964 4508 praecedentis
2990 4443 3314 4512 con/atauo.

2053 4546 2378 4618 Ascodrugi
2430 4562 2664 4618 quoque
2695 4563 2842 4602 vana
2879 4551 2938 4602 et
2985 4547 3134 4602 falsa
3166 4547 3367 4613 locuti,
3401 4549 3630 4604 miseri-

227 4639 305 4712 (si
322 4645 514 4694 tamen
537 4655 569 4693 a
591 4653 886 4710 quoquam
911 4635 1122 4692 alecula
1143 4633 1877 4705 p1uraadmitlantur)qua,
1908 4626 1954 4690 D
1988 4640 2196 4696 cordize
2226 4638 2408 4705 illius,
2442 4655 2573 4709 quae
2628 4637 2935 4693 hominum
2989 4637 3232 4693 assidua
3282 4653 3475 4694 comes
3515 4645 3624 4711 est,

226 4745 446 4801 quasso,
482 4728 725 4788 ratione,
759 4743 990 4797 quaque
1021 4724 1272 4779 naturali
1304 4722 1632 4778 differentia
1675 4738 1872 4777 vocem

228 4820 387 4885 aliis,
423 4819 552 4875 aliis
584 4819 950 4885 semivocem,
983 4832 1210 4872 merum
1251 4814 1503 4884 denique
1527 4813 1682 4868 vocis
1712 4813 1871 4868 defe-

228 4914 390 4964 ctum
423 4909 552 4964 aliis
599 4912 826 4964 Marcus
857 4905 1112 4962 tribuit?
1142 4903 1414 4959 Absurda
1466 4919 1707 4973 prorsus
1753 4901 1872 4957 haac

229 5001 326 5054 est
373 4996 649 5064 distictio,
685 5001 749 5052 ut
791 5001 847 5052 et
897 4995 996 5051 illa
1043 4995 1430 5066 quaternitas,
1482 5009 1606 5062 quae
1659 4991 1873 5047 saecula

228 5087 477 5158 peperit,
503 5087 827 5157 absurdior,
860 5087 952 5142 cui
987 5085 1223 5158 quidem
1255 5082 1532 5151 hominis,
1583 5081 1872 5152 Ecclesiae,

225 5175 428 5241 Verbi,
453 5180 508 5230 et
551 5176 685 5232 Vitae
743 5193 952 5232 nomen
992 5176 1294 5246 imponere
1357 5173 1585 5227 Marcus
1635 5169 1870 5226 assolet.

224 5266 737 5333 Quemadmodum
767 5282 936 5321 merae
957 5280 1186 5337 quoque
1216 5278 1384 5334 nugae
1398 5265 1536 5317 sunt
1557 5261 1875 5315 Potestates

224 5359 362 5427 illae,
397 5375 545 5430 quas
567 5358 722 5414 idem
753 5357 918 5425 Jesu,
939 5355 1040 5426 qui
1069 5356 1232 5411 visus
1283 5357 1373 5409 est
1404 5353 1462 5407 in
1498 5357 1677 5417 terra,
1701 5367 1873 5422 gene-

221 5451 397 5506 randi
429 5455 690 5506 auctores
723 5448 1058 5520 tradit,qute
1087 5445 1364 5502 nimirum
1398 5462 1432 5500 a
1463 5442 1872 5515 quaternitate,

223 5556 346 5596 non
379 5556 546 5596 secus
579 5544 755 5610 atque
787 5556 820 5594 a
849 5542 1068 5594 cratere
1101 5538 1375 5608 quodam,
1428 5535 1743 5606 proﬂuent.
1786 5535 1874 5591 Si-

303 5689 350 5725 ³9
382 5691 586 5748 Matth.
624 5708 744 5761 Vlll,
775 5692 864 5747 29.
940 5689 986 5723 ‘0
1016 5689 1128 5746 Isa.
1159 5707 1277 5758 xxv,
1314 5688 1398 5744 l3.
1477 5687 1521 5725 ⁴¹
1559 5693 1692 5743 Luc.
1726 5706 1783 5760 ι,
1817 5690 1903 5746 19.

551 5813 816 5873 ΡΔἸἮΟῙ..
865 5811 974 5870 Gn.
1010 5810 1324 5869 CXXXIX.

1985 4729 2273 4785 moenibus
2309 4744 2437 4782 sese
2486 4744 2724 4798 prorsus
2765 4728 3153 4783 excluserunt.
3199 4727 3412 4782 Rerum
3465 4729 3624 4784 enim

1984 4819 2312 4874 divinarum
2353 4824 2565 4901 et‘quaa
2588 4818 2695 4872 sub
2728 4820 3022 4888 aspectum
3057 4833 3171 4872 non
3217 4817 3434 4872 cadunt
3491 4817 3624 4888 ple-

1985 4925 2172 4981 raeque
2230 4907 2332 4962 Dei
2376 4908 2572 4978 jussu,
2623 4923 2965 4978 corporeum
3024 4911 3081 4962 et
3129 4906 3313 4962 oculis
3357 4907 3624 4965 omnium

1984 5000 2310 5070 expositum
2347 5000 2569 5052 statum
2601 4996 2818 5051 sortitae
2850 4999 3008 5052 sunt.
3030 4995 3130 5052 Ille
3160 4997 3341 5066 enim,
3361 4997 3626 5066 Vide,ad,

1983 5092 2049 5143 ut
2079 5087 2258 5144 facias
2281 5085 2478 5142 omnia
2524 5085 2849 5140 secundum
2903 5085 3152 5142 formam
3185 5086 3288 5142 tibi
3336 5105 3626 5158 praemon-

1984 5181 2228 5235 stratam
2260 5177 2317 5232 in
2343 5180 2556 5231 monte.
2583 5175 2689 5230 Ubi
2741 5176 2810 5230 de
2843 5176 3220 5234 tabernaculo
3257 5179 3434 5234 verba
3464 5180 3626 5249 facit,

1984 5272 2042 5324 et
2069 5266 2315 5333 caeteris,
2351 5281 2476 5337 quae
2507 5265 2564 5318 in
2599 5280 2664 5319 eo
2691 5281 2723 5319 a
2753 5263 3038 5322 Bcseleele
3067 5267 3352 5339 disposita
3397 5273 3555 5324 sunt.

2056 5353 2400 5411 Continebat
2447 5356 2643 5408 autem
2685 5353 3129 5411 tabernaculum
3186 5361 3353 5428 septa
3403 5358 3628 5424 decem,

1988 5461 2240 5518 quorum
2276 5443 2743 5514 unumquodque
2773 5442 2832 5498 in
2867 5444 3294 5516 longitudinem
3328 5445 3402 5502 ad
3426 5443 3632 5518 viginti

1988 5539 2119 5592 octo
2151 5534 2402 5601 cubitos,
2434 5531 2494 5586 in
2523 5531 2897 5589 latitudinem
2930 5549 3063 5589 vero
3095 5536 3166 5591 ad
3206 5539 3456 5608 quatuor
3503 5551 3635 5606 pro-

3327 5803 3407 5862 40
