4082 6306
525 443 680 504 1259

1843 433 2146 498 ΝΙΟΕΊῚΕ
2187 433 2612 498 GHONIATIE

3719 443 3836 502 1360

526 577 895 646 tondebatur,
953 575 1290 630 universum
1342 573 1512 638 bysso
1573 571 1808 635 intorta,
1841 569 2174 642 hyacintho,
2209 577 2259 642 Α
2293 570 2444 626 alius
2475 589 2505 626 e
2527 570 2764 642 populo,
2790 587 2962 642 capra
2994 572 3182 628 facere
3215 572 3534 642 jubebatur.
3565 573 3612 626 Si
3663 591 3828 646 pauper

533 683 817 739 purpura,
839 669 896 720 et
927 663 1158 719 coccino
1191 661 1409 715 intorta
1438 663 1772 714 contextum
1816 665 1960 715 erat.

607 754 944 811 Fulciebant
1002 757 1190 806 autem
1251 750 1694 827 tabernaculum
1770 749 2053 806 cblumnm
2113 766 2180 804 ex

536 848 714 920 lignis
739 846 1112 917 incorruptis,
1135 843 1340 915 viginti
1369 853 1613 898 numero
1645 843 1900 898 exterius
1927 858 2068 897 auro
2099 841 2180 896 in-

541 939 832 993 orustataa.
867 939 1044 989 Porro
1077 931 1436 988 tabernaculi
1458 931 1652 988 velum
1679 931 2016 1000 hyacintho,
2040 947 2179 1001 pur-

541 1035 689 1100 pura
717 1023 1034 1090 coccino,et
1051 1025 1222 1095 bysso
1235 1025 1636 1078 constructum
1660 1023 1955 1076 erat.Arca
1987 1024 2180 1075 autem

540 1119 693 1172 intra
723 1115 912 1172 velum
945 1116 1060 1170 sita
1087 1119 1230 1180 erat,
1262 1118 1320 1168 et
1350 1113 1406 1168 in
1461 1111 1744 1183 superiori
1801 1116 1936 1182 post
1993 1109 2180 1166 velum

545 1209 727 1278 parte,
759 1205 1232 1276 PrOpitiatorium
1259 1203 1752 1274 conspiciebatur,
1772 1202 1866 1257 cui
1898 1201 2012 1256 duo
2035 1200 2180 1255 Che-

543 1297 733 1352 rubim
760 1313 900 1352 auro
923 1300 1153 1352 tornata
1209 1297 1414 1349 mutuo
1463 1311 1524 1348 se
1572 1309 1641 1348 ex
1699 1293 1939 1348 adVerso
1997 1291 2178 1362 respi-

538 1385 749 1441 cientia
779 1383 1132 1440 insidebant.
1162 1381 1369 1437 Velum
1394 1397 1561 1452 porro
1593 1382 1806 1437 Sancto
1839 1384 2179 1436 auctorum

543 1491 645 1546 per
675 1475 932 1530 medium
961 1473 1339 1544 partiebatur,
1374 1477 1546 1544 atque
1603 1483 1796 1526 arcam
1855 1468 2178 1524 testimonii

539 1569 620 1620 ita
644 1565 960 1636 operiebat,
995 1567 1056 1618 ut
1086 1573 1200 1617 non
1233 1566 1554 1634 appareret.

611 1655 812 1710 Mensa
841 1669 976 1710 vero
1008 1659 1168 1708 extra
1195 1651 1386 1706 velum
1445 1653 1660 1714 stabat,
1687 1665 1893 1706 versus
1946 1651 2182 1720 septen-

543 1745 812 1812 trionem,
837 1743 1004 1812 cuius
1036 1759 1066 1798 e
1110 1742 1340 1810 regione
1387 1740 1802 1796 candelabrum
1837 1753 2038 1794 versus
2067 1753 2182 1792 me-

537 1835 742 1892 ridiem
777 1835 1028 1904 jacebat.

611 1929 892 1980 Caeterum
927 1921 1300 1979 sacerdotalis
1333 1921 1494 1977 stola:
1549 1922 1855 1992 pectorale,
1888 1921 2176 1991 superhu-
2209 1949 2232 1992 ί

547 2015 782 2084 merale,
815 2015 1012 2069 talaris
1051 2014 1250 2068 tunica
1273 2007 1612 2072 κοσπύϐοτσς
1641 2029 1709 2067 ex
1759 2014 1932 2083 bysso
1963 2012 2180 2066 intorta

547 2107 914 2161 constabant.
965 2107 1150 2173 Atque
1209 2101 1783 2172 superhumeralium
1835 2103 2061 2156 textura
2115 2113 2182 2152 ex

549 2211 711 2258 auro,
763 2193 1097 2262 hyacintho,
1151 2196 1208 2246 et
1247 2207 1523 2262 purpura,
1553 2191 1782 2260 duoque
1811 2189 2034 2260 lapides
2065 2188 2174 2242 hu-

547 2283 725 2336 meris
775 2279 1294 2350 superhumeralis,
1364 2280 1577 2349 quibus
1636 2279 1868 2334 nomina
1925 2278 2179 2334 ﬁliorum

541 2369 772 2425 Israelis
829 2369 1125 2440 insculpta
1145 2372 1326 2424 erant.
1359 2369 2180 2438 Rationeautemjudiciorum

549 2457 1020 2530 quadrangulum
1057 2456 1273 2528 duplex
1303 2462 1443 2523 erat,
1479 2458 1650 2527 primi
1707 2455 2092 2528 longitudine,
2127 2463 2182 2514 et

541 2547 756 2620 psalmi
790 2547 1120 2612 latitudine,
1154 2552 1408 2618 quatuor
1437 2547 1735 2602 ordinibus
1765 2547 2026 2618 lapidum
2062 2548 2182 2619 pel-

539 2639 866 2694 lucidorum
901 2639 1357 2710 variegatumJn
1381 2631 1854 2693 rationaliautem
1883 2642 2180 2693 decretum

539 2733 594 2784 et
626 2729 842 2784 veritas
881 2729 1087 2782 inerat.
1123 2727 1280 2782 Talis
1339 2727 1536 2782 tunica
1593 2731 1710 2782 tota
1743 2745 1812 2782 ex
1863 2728 2176 2800 hyacintho

542 2823 810 2874 contexta
867 2823 1010 2886 erat,
1045 2817 1197 2873 circa
1229 2819 1400 2886 cujus
1459 2815 1750 2872 fimbriam
1783 2818 1934 2874 male
1969 2818 2182 2888 punica

545 2924 854 2978 purpurea,
921 2906 1309 2975 hyacinthina,
1365 2909 1420 2961 et
1477 2907 1763 2973 coccinea,
1835 2907 2182 2962 intermistis

549 2996 742 3052 aureis
799 2995 1232 3063 tintinnabulis,
1267 2996 1694 3066 dependebant.
1745 2998 1934 3051 Aurea
1985 3001 2178 3050 autem

546 3085 788 3150 lamina,
821 3101 946 3156 quae
981 3089 1104 3140 erat
1148 3083 1526 3140 sanctificatio
1561 3083 1825 3152 Domino,
1875 3086 2056 3140 mitras
2109 3087 2180 3142 ad

546 3181 742 3247 aptata
791 3179 928 3230 erat.
992 3173 1165 3228 Porro
1218 3173 1396 3228 mitra
1451 3189 1663 3228 corona
1721 3175 1988 3244 quaedam
2041 3181 2178 3240 erat,

543 3282 672 3336 quae
697 3263 1016 3318 sacerdotis
1040 3263 1284 3316 frontem
1320 3262 1726 3334 prmcingebat.
1772 3263 1994 3318 Cidaris
2035 3281 2180 3336 quo-

543 3329 654 3422 que
678 3349 901 3422 (capitis
932 3351 988 3404 id
1023 3329 1457 3422 indumentum)
1496 3329 1729 3422 byssina
1769 3357 1912 3418 erat,
1945 3357 2002 3408 et
2033 3329 2178 3410 z-ona
2211 3329 2260 3398 Ο
2292 3329 2650 3421 baptismum
2683 3329 3098 3408 conferendum
3135 3369 3252 3409 non
3298 3367 3424 3410 esse
3456 3329 3730 3412 contendit,
3769 3355 3848 3410 quo
3957 3331 3959 3389 ἶ

2287 3443 2477 3494 tamen
2539 3436 2882 3513 intersignio
2939 3441 3084 3497 citra
3141 3443 3592 3500 controversiam
3631 3431 3848 3510 praecipue
3957 3436 3959 3447 '

2287 3531 2719 3601 dignoscuntur
2749 3529 2855 3598 illi,
2904 3532 3243 3602 qtiicuane
3288 3533 3523 3589 nomina
3557 3527 3749 3584 Christo
3785 3519 3852 3571 de-
3957 3556 3959 3560 -

537 3457 682 3510 opus
713 3439 1088 3508 variegatum.

604 3531 788 3601 Atque
821 3527 1103 3584 rationale
1139 3529 1371 3600 quidem
1431 3529 1921 3600 superhumerali,
1957 3531 2176 3589 lamina

532 3634 664 3674 vero
713 3615 900 3673 mitrae
957 3615 1616 3689 cohmrebat,mitraque
1663 3621 1801 3675 adeo
1859 3621 2175 3678 sacerdotis

534 3707 708 3778 capiti
739 3699 1168 3779 imponebatur.

604 3797 741 3852 Erat
795 3801 1068 3866 praeterea
1129 3795 1309 3852 altare
1385 3797 1803 3868 thymiamatis,
1856 3815 1958 3856 seu
2015 3801 2175 3856 suffi-

536 3887 740 3953 menti,
776 3903 842 3942 ex
901 3886 1078 3958 lignis
1109 3885 1465 3958 incorruptis
1513 3888 1934 3960 quadrangulis
1993 3891 2170 3946 deau-

535 3979 715 4030 ratum
740 3993 750 4029 :
787 3981 842 4031 et
868 3975 1144 4031 cornibus
1176 3975 1367 4031 aureis
1390 3975 2171 4042 distinctum,etadolebatur

534 4065 595 4119 in
610 4065 992 4122 eoincensum
1008 4066 1616 4136 compositum,tenue,
1637 4067 1940 4122 incensum
1957 4063 2168 4121 ἐνδελε-

541 4151 820 4227 χισμένον,
845 4155 954 4209 hoc
1011 4157 1098 4208 est
1148 4156 1300 4226 quod
1352 4155 1591 4210 assidue
1645 4156 1998 4211 movebatur.
2035 4158 2169 4212 Erat

533 4260 702 4315 porro
761 4244 1068 4298 incensum
1119 4244 1508 4314 compositum
1567 4262 1634 4300 ex
1690 4245 1934 4317 myrrhae
1979 4251 2166 4318 gutta,

529 4333 770 4403 onyche,
807 4333 1102 4402 fragrante
1133 4332 1400 4402 galbano,
1428 4339 1484 4387 et
1505 4334 1668 4388 thure
1702 4333 2008 4404 pellucido.

601 4420 770 4476 Dedit
793 4425 983 4476 autem
1013 4426 1168 4476 Deus
1200 4421 1369 4490 Mosi,
1401 4427 1782 4494 posteaquam
1815 4423 1982 4478 desiit
2011 4423 2166 4496 loqui

530 4525 661 4565 cum
687 4508 806 4577 illo,
838 4509 896 4564 in
931 4513 1127 4565 monte
1159 4509 1318 4580 Sina,
1347 4509 1574 4566 tabulas
1631 4509 1778 4566 duas
1827 4501 2162 4585 testimonii,

523 4599 1050 4672 tabulaslapideas,
1087 4600 1264 4670 digito
1295 4599 1396 4654 Dei
1429 4601 1695 4670 scriptas.

2289 663 2434 718 forte
2457 662 2682 733 fuisset,
2717 680 2822 734 par
2851 667 3171 730 turturum,
3197 668 3295 718 aut
3319 663 3457 718 duos
3479 663 3648 734 pullos
3675 665 3840 720 colum-

2289 753 2495 808 barum
2532 753 2616 808 :si
2652 753 3088 826 pauperrimus,
3120 751 3372 808 similam
3429 753 3545 808 sine
3583 754 3688 808 oleo
3712 759 3756 808 et
3778 755 3838 808 in-

2289 859 2461 898 oenso
2502 843 2799 900 offerebat.
2845 843 3132 900 Caeterum
3193 842 3470 914 sanguine
3522 845 3572 896 et
3617 841 3720 897 oleo
3765 859 3838 896 au-

2287 949 2431 1002 rem,
2461 943 2697 990 [uanam
2728 934 3014 1001 dextram,
3045 937 3101 988 et
3133 935 3336 1006 pedem
3385 931 3670 988 acerdotis
3709 930 3839 986 inun-

2288 1023 2484 1094 gebat.
3059 1089 3064 1092 _

2357 1113 2488 1168 Jam
2549 1113 2598 1168 si
2649 1130 2716 1170 eo
2773 1118 2906 1186 typo
2959 1115 3060 1184 qui
3120 1113 3304 1185 Moysi
3363 1115 3776 1184 praamonstratus
3797 1111 3838 1164 in

2289 1207 2486 1258 monts
2517 1203 2722 1273 fuerat,
2773 1203 3240 1270 tabernaculum,
3273 1208 3328 1259 et
3357 1219 3476 1274 quae
3519 1203 3572 1257 in
3615 1218 3672 1258 eo
3697 1200 3842 1256 conti-

2289 1291 2596 1358 nebantur,
2625 1292 2774 1347 facta
2805 1291 2942 1362 sint,
2975 1297 3147 1364 typus
3181 1299 3374 1348 autem
3424 1290 3714 1362 exemplum
3753 1293 3841 1344 erat

2288 1389 2338 1436 et
2371 1381 2563 1452 imago
2595 1382 2906 1453 prototypi,
2941 1397 3042 1437 seu
3081 1381 3426 1454 exemplaris
3457 1383 3666 1438 formae:
3711 1394 3842 1450 quan—

2289 1475 2347 1526 to
2383 1471 2570 1542 magis
2603 1471 2938 1542 baptismus
2970 1473 3343 1544 peragendae
3391 1476 3493 1540 est,
3515 1471 3607 1543 qui
3633 1467 3841 1524 divinitus

2289 1561 2552 1618 nobisin
2583 1563 2994 1618 remissionem
3046 1567 3104 1618 et
3152 1563 3505 1619 ablutionem
3551 1563 3842 1634 peccatorum

2288 1653 2626 1724 propositus
2656 1659 2746 1709 est
2767 1655 2794 1708 Ῥ
2825 1659 2882 1710 et
2912 1655 3111 1710 statim
3143 1671 3174 1710 a
3215 1655 3521 1726 baptismo,
3553 1653 3842 1708 incruentum

2289 1749 2526 1812 quoqbe
2577 1742 2949 1810 sacrificium,
2985 1741 3235 1814 ejusque
3280 1741 3596 1814 perceptio?
3645 1737 3755 1810 quia
3789 1735 3845 1789 ni-

2291 1830 2504 1886 mirum
2539 1830 2829 1888 institutio
2863 1831 2984 1900 illa,
3019 1847 3196 1902 quam
3233 1847 3382 1904 pane
3413 1844 3466 1886 et
3503 1830 3620 1884 vino
3648 1829 3706 1882 ad
3733 1823 3843 1882 salu-

2288 1923 2404 1975 tem
2437 1928 2490 1975 et
2522 1919 2993 1976 reformationem
3031 1922 3300 1978 humanas
3337 1917 3696 1992 corruptionis
3727 1914 3843 1970 nobis

2291 2010 2565 2064 Servator
2613 2011 2939 2082 proposuit,
2999 2010 3154 2066 haud
3205 2027 3276 2066 ea
3330 2010 3453 2078 fuit,
3507 2025 3622 2080 quae
3670 2017 3844 2076 corpore

2290 2103 2528 2166 careret,
2561 2099 2803 2170 soloque
2851 2099 3150 2155 intellectu
3211 2099 3613 2172 perciperetur,
3653 2095 3732 2150 sed
3759 2106 3844 2162 qua

2290 2189 2396 2244 sub
2428 2201 2668 2244 sensum
2701 2203 2934 2260 quoque
2959 2189 3213 2245 caderet.

2361 2277 2506 2343 Quia
2537 2277 2792 2346 enim,ut
2810 2277 2994 2333 Jobus
3029 2275 3850 2348 autumat,lutoformatisumus,

2288 2367 2477 2422 lutum
2511 2371 2704 2423 autem
2737 2381 2808 2422 ex
2850 2372 3006 2423 terra
3059 2373 3114 2424 et
3171 2385 3329 2440 aqua
3385 2367 3730 2439 compositum
3775 2363 3847 2422 est,

2293 2457 2778 2528 formationisque
2817 2458 3078 2526 nomine,
3099 2458 3325 2513 dicitur
3351 2457 3460 2513 alio
3489 2455 3706 2527 quodam
3731 2448 3850 2504 modo

2291 2545 2454 2601 cibus
2505 2547 2704 2614 etiam,
2749 2555 2862 2617 quo
2913 2547 3126 2602 virium
3185 2546 3664 2604 intertrimentum
3714 2535 3854 2593 debili-

2291 2635 2550 2706 tatioque
2603 2635 2922 2691 resarcitur
2954 2640 3012 2690 et
3063 2635 3446 2693 reformatur:
3497 2635 3686 2690 idcirco
3714 2641 3852 2699 quem-

2289 2725 2604 2780 admodum
2653 2739 2770 2795 quo
2829 2729 3086 2797 tempore
3135 2741 3242 2782 nos
3299 2733 3446 2782 Deus
3502 2721 3749 2786 formavit,
3775 2722 3850 2770 ter-

2291 2830 2415 2868 ram
2466 2818 2522 2868 et
2581 2827 2794 2884 aquam
2859 2814 3207 2885 assumpsit,
3263 2815 3347 2871 ita
3395 2815 3558 2870 etiam
3605 2812 3664 2867 ad
3721 2801 3848 2861 nostri

2291 2903 2762 2958 reformationem
2787 2903 2954 2974 panis
2985 2911 3037 2959 et
3061 2903 3266 2960 vinum
3305 2906 3682 2960 assumuntur.

2361 2991 2614 3047 Proinde
2661 3008 2792 3048 cum
2843 2993 3103 3049 Christus
3151 2999 3355 3066 aperte
3411 2993 3572 3060 dicat,
3631 2985 3845 3044 neminem

2290 3082 2350 3136 in
2411 3097 2656 3155 regnum
2708 3082 2983 3139 caelorum
3039 3083 3474 3156 ingressurum,
3512 3081 3612 3138 nisi
3651 3081 3700 3133 in
3744 3087 3847 3145 aqua

2291 3179 2342 3226 et
2369 3171 2590 3242 Spiritu
2621 3177 2860 3229 renatus
2894 3174 3086 3242 fuerit,
3119 3175 3497 3245 impudenter
3527 3171 3745 3244 profecto
3769 3159 3844 3232 legi

2291 3262 2636 3333 refragatur,
2665 3266 3038 3333 extremaque
3070 3263 3366 3320 dementia
3389 3265 3619 3330 laborat,
3648 3249 3848 3329 ᾳυὶεεὶυίε

2285 3619 2732 3676 derunt.Priscis
2753 3621 2906 3674 enim
2932 3622 3411 3692 generationibus
3442 3621 3580 3676 alias
3612 3615 3724 3672 aliis
3746 3609 3854 3678 legeti

2289 3707 2609 3779 imposuit:
3433 3731 3438 3736 ε

2357 3798 2579 3854 Adamo
2622 3800 2859 3869 quidem
2927 3799 3182 3867 arboris,
3248 3802 3423 3858 Nereo
3459 3797 3697 3856 carnium
3759 3799 3854 3844 ea!!!

2282 3885 2492 3958 legem,
2548 3887 2879 3942 Abrahamo
2956 3888 3456 3946 circumcisionem
3524 3886 3686 3952 dedit,
3736 3887 3856 3951 gene-

2283 3975 2464 4031 ralem
2496 3977 2746 4048 deniqne
2795 3977 2976 4049 legem
3011 3979 3308 4050 prophetae
3339 3979 3510 4036 Mosis
3561 3989 3712 4048 apere
3756 3979 3853 4022 con-

2281 4065 2546 4136 scripsit.

2349 4155 2540 4225 Atque
2571 4155 2629 4210 in
2689 4155 2873 4210 sacris
2931 4156 3261 4228 Evangeliis
3311 4175 3424 4215 non
3449 4160 3567 4230 jam
3622 4155 3683 4208 de
3730 4139 3844 4220 parii

2285 4245 2558 4299 momenti
2591 4245 2784 4306 rebus.
2823 4263 3070 4317 quaeque
3123 4248 3244 4303 sint
3302 4249 3702 4305 elementorum
3749 4235 3849 4300 vita.

2279 4329 2404 4406 1583
2456 4336 2782 4407 Proposuit,
2845 4339 2944 4392 sed
2995 4337 3346 4407 perfectiora
3403 4333 3714 4393 meditando
3760 4333 3848 4379 esse

2279 4423 2492 4479 docuit.
2523 4425 2587 4478 Et
2619 4423 3120 4496 quemadmodum
3154 4441 3362 4483 recens
3404 4427 3554 4483 natis
3599 4414 3848 4479 infantibus

2277 4521 2490 4568 matres
2551 4521 2839 4568 mammas
2885 4514 3223 4582 admovent,
3272 4533 3379 4572 nec
3425 4517 3503 4570 ita
3557 4510 3718 4568 multo
3757 4499 3847 4592 Ροξξ

2277 4601 2547 4658 intritum
2581 4602 3129 4674 commixxutuque
3159 4606 3436 4662 dentibus
3479 4603 3678 4666 cibum,
3707 4597 3750 4650 et
3781 4587 3845 4643 ubi

597 4689 834 4744 Mandnt
863 4689 1102 4760 insuper
1127 4689 1300 4756 Deus,
1328 4692 1391 4742 ut
1444 4689 1796 4746 sacrificium
1851 4693 1970 4759 fiat,
1997 4693 2167 4764 juxta
2199 4679 2242 4749 Β
2276 4691 2654 4758 adoleverint,
2679 4690 3014 4746 solidiorem
3063 4699 3386 4766 suggerunt
3411 4711 3424 4749 :
3451 4693 3530 4748 ita
3558 4691 3708 4746 etiam
3759 4687 3846 4731 tum

526 4779 862 4834 facultatum
895 4778 1352 4850 proportionem,
1387 4777 1473 4832 vel
1499 4779 1702 4846 vitulo,
1737 4781 1822 4835 vel
1847 4797 2017 4853 agno,
2078 4783 2164 4838 Vel

524 4883 734 4936 capra;
769 4873 1042 4924 cmterum
1076 4871 1140 4922 ut
1197 4883 1228 4920 ει
1285 4867 1631 4939 pauperibus
1691 4879 1794 4940 per
1853 4877 2162 4940 turturum,

525 4957 611 5012 vel
635 4960 750 5012 duo
782 4958 928 5028 pulli
979 4957 1406 5023 columbarum,
1441 4973 1470 5012 a
1497 4959 1937 5029 pz'uperioribus
1970 4968 2162 5018 autem

525 5045 722 5100 simila
771 5049 998 5102 modica
1053 5047 1176 5102 oleo
1236 5047 1406 5102 'mista
1465 5049 1790 5105 offerretur.
1825 5051 2159 5108 Hostiarum

524 5139 802 5203 praeterea
835 5137 960 5192 aliae
1009 5137 1248 5208 integras
1300 5131 1645 5206 urebantur,
1679 5137 1926 5194 aliarum
1973 5155 2160 5212 parvae

522 5223 788 5292 quaedam
805 5229 1348 5294 partes,omentum,
1366 5243 1552 5293 renes,
1567 5228 1760 5299 superj
1772 5243 1944 5284 acetis
1959 5233 2157 5304 adeps,

518 5318 571 5367 et
599 5327 729 5382 pars
760 5313 988 5384 hepatis
1019 5317 1278 5374 interior.
1311 5321 1365 5373 ls
1397 5335 1569 5389 porro
1601 5319 1700 5389 qui
1734 5318 1952 5376 animal
1973 5322 2155 5392 offert,

515 5400 724 5456 homo:
761 5403 862 5472 qui
907 5421 1037 5460 vero
1087 5407 1362 5475 similam,
1411 5410 1606 5463 anima
1655 5409 1715 5463 in
1775 5412 1957 5466 sacris
2011 5413 2156 5468 Scri-

517 5489 707 5556 pturis
739 5492 1082 5562 appellatur.
1117 5495 1393 5551 Prohibet
1423 5503 1618 5552 autem
1652 5513 1723 5553 ne
1763 5499 1874 5554 mel
1911 5501 2154 5557 fermen-

511 5572 734 5642 tatique
757 5595 936 5648 panes
985 5581 1152 5635 altari
1185 5587 1571 5653 opponantur.
1599 5583 1760 5648 Quod
1817 5585 1862 5642 si
1899 5589 2154 5659 pontifex

509 5669 860 5733 praeceptum
896 5670 1134 5740 aliquod
1181 5676 1551 5740 trangressus
1597 5679 1771 5742 esset,
1825 5677 2004 5732 vitulo
2041 5680 2154 5734 im-

512 5751 800 5812 maculato
835 5773 847 5812 :
881 5760 929 5814 si
963 5757 1260 5830 princeps,
1314 5759 1586 5816 anniculo
1619 5761 1818 5820 haedo:
1865 5766 1913 5821 si
1959 5769 2149 5838 quivis

2279 4780 2464 4852 legem
2515 4780 2681 4836 nobis
2743 4781 3038 4853 paedagogi
3103 4781 3231 4840 loco
3289 4787 3440 4839 Deus
3517 4775 3846 4836 universorum

2279 4871 2720 4937 introduxisset,
2754 4871 3102 4939 perfectiora
3135 4873 3372 4928 tandem
3415 4865 3715 4944 proposuit.
3745 4859 3847 4944 inte:

2275 4962 2384 5015 rim
2451 4961 2647 5015 tamen
2715 4937 2889 5014 V‘etus
2947 4977 3185 5032 quoque
3259 4937 3688 5018 Testamentum
3737 4937 3846 5002 haud

2275 5059 2438 5108 secus
2493 5054 2666 5121 atque
2717 5051 3038 5106 maternam
3107 5067 3426 5108 mammam
3500 5041 3848 5121 amplectimur,
3957 5061 3959 5121 i

2274 5138 2503 5196 etiamsi
2532 5117 2601 5194 ab
2649 5137 2777 5207 ejus
2822 5137 2972 5194 lacte
3023 5139 3449 5207 abstineamus,
3483 5117 3848 5194 nec—circumci-

2273 5227 2521 5296 sionem,
2549 5227 2882 5298 sabbatum,
2915 5227 3292 5300 sacrificia,et
3325 5227 3675 5302 aspersiones
3701 5217 3848 5274 obser-

2271 5327 2402 5374 vare
2434 5321 2728 5372 curemus.

2341 5406 2532 5462 Alium
2573 5409 2855 5477 praeterea
2901 5406 3156 5463 fructum
3188 5423 3258 5464 ex
3311 5408 3496 5464 Veteri
3551 5393 3852 5459 Testamento

2267 5497 2641 5568 decerpimus
2666 5509 2680 5563 ς
2706 5495 2978 5566 pietatem
3014 5498 3194 5564 enim,
3230 5499 3408 5553 fidem
3443 5499 3500 5552 in
3527 5499 3706 5549 Deum,
3741 5477 3850 5536 dile-

2265 5589 2512 5647 ctionem
2539 5589 3576 5660 proximi,temperantiam,justitiam
3598 5588 3650 5638 et
3675 5573 3850 5634 fortitu-

2265 5682 2460 5737 dinem
2515 5683 2716 5735 exacte
2763 5679 2954 5746 docet,
3013 5684 3186 5750 atque
3246 5683 3502 5734 veterum
3573 5670 3846 5728 sanctorum

2262 5769 2514 5841 exempla
2543 5768 2713 5826 nobis
2745 5768 3032 5824 imitanda
3059 5761 3348 5840 proponit.
3397 5757 3839 5826 Veramenimvel'o
