4082 6306
216 399 368 469 1281

1556 399 1956 472 ΤΗεεΑυιιι
2000 398 2152 470 LIB.
2201 403 2304 472 IV.

3471 421 3628 484 1262

201 541 861 615 aspcrsionumillarum
883 541 998 598 vico
1015 543 1278 600 divinum
1307 543 1851 616 baptismasufﬂcit,
1886 545 1938 612 Α
1970 547 2127 615 sunt,
2165 545 2344 616 quiin
2400 547 2784 602 traditionum
2837 550 2962 618 ejus
3015 549 3261 606 lectione
3301 559 3626 613 versantur.

204 630 359 706 quod
395 651 504 689 non
542 632 734 688 solum
767 636 961 688 vetera
995 638 1226 704 peccata
1257 636 1437 706 gratis
1473 634 1851 701 remittit,sed

203 723 381 778 etiam
417 721 835 793 promissorum
868 722 1152 777 bonorum
1183 735 1341 793 spem
1394 725 1665 795 proponit
1697 739 1708 778 :
1747 737 1852 777 nos
1960 728 2129 779 vocat
2164 724 2574 781 Universorum
2599 731 3069 799 Propagatorem,
3094 747 3268 801 quem
3298 749 3469 788 nemo
3515 752 3621 791 co-
3717 783 3720 788 .

199 812 517 868 Dominicee
552 811 756 867 mortis
778 817 835 867 et
866 812 1311 868 resurrectionis
1328 817 1628 869 consortes
1653 812 1847 879 efficit,

1968 634 2072 688 Ubi
2104 636 2262 690 enim
2301 635 2536 704 paulum
2575 651 2920 708 progressus
2951 643 3060 707 est,
3113 639 3321 697 Filium
3374 642 3627 701 hominis

1958 812 2238 883 gitatione
2269 817 2566 886 percipere
2598 821 2792 886 queat,
2853 833 3036 889 eaque
3097 819 3169 873 de
3217 837 3394 877 causa
3454 823 3617 878 Chria

201 903 487 959 donorum
538 902 726 958 sancti
784 902 1041 973 Spiritus
1096 905 1409 975 participes
1464 903 1647 959 facit:
1697 901 1848 958 filios
1957 902 2115 956 stum
2147 901 2406 974 seipsum
2443 904 2696 961 heminis
2731 905 2938 962 Filium
2966 907 3024 962 in
3068 909 3614 980 Evangeliisvocare

198 992 301 1048 Dei
333 994 466 1063 {nos
515 1009 641 1047 csse
693 991 1076 1060 demonstrat,
1114 1001 1219 1047 nec
1273 993 1461 1048 solum
1516 991 1687 1060 filios,
1747 991 1843 1046 sed

1955 989 2184 1053 asserit,
2206 1003 2308 1046 nec
2340 992 2575 1048 interim
2601 993 2928 1063 conjectare
2979 1000 3188 1067 potest,
3243 997 3433 1054 Deum
3465 999 3607 1055 Ver-

192 1083 370 1138 etiam
408 1081 665 1138 haeredes
717 1082 838 1151 Dei,
921 1087 978 1138 et
1025 1081 1362 1138 cubret-edes
1440 1082 1678 1137 Christi.
1745 1081 1847 1135 Est
1955 1077 2093 1133 bum
2127 1078 2454 1136 Creatorem
2491 1081 3025 1152 hominum,atnon
3059 1085 3358 1143 hominem
3393 1089 3598 1154 fuisse,

195 1173 352 1228 enim
418 1172 747 1227 futurorum
833 1173 1118 1227 bonorum
1173 1171 1444 1240 arrhabo,
1522 1171 1843 1242 futuraeque

192 1265 637 1320 resurrectionis
669 1267 837 1336 typus
869 1267 925 1318 et
958 1264 1166 1335 figura,
1204 1263 1662 1319 Communicatio
1721 1261 1841 1316 Dos

187 1353 534 1410 minicarum
566 1359 928 1425 passionum,
964 1352 1330 1425 participatio
1396 1350 1840 1408 resurrecliOnls

193 1444 843 1513 Christi,vestimentum
878 1444 1109 1510 salutis,
1144 1444 1340 1500 tunica
1370 1443 1658 1510 lzstitia,et
1688 1441 1839 1498 stola

191 1533 520 1605 splendida,
555 1533 672 1589 imo
705 1533 985 1606 splendor
1005 1533 1149 1605 ipse.

258 1624 518 1695 Quotquot
575 1623 726 1679 enim
776 1626 835 1679 in
893 1623 1172 1679 Christum
1223 1619 1486 1693 baptizuti
1531 1628 1741 1688 simius,
1774 1622 1834 1676 in

186 1718 421 1770 mortem
464 1705 580 1784 ejus
642 1713 914 1785 baptizati
969 1719 1182 1779 Sumus,
1243 1717 1302 1768 ut
1368 1711 1833 1784 quemadmodum

187 1801 433 1860 Christus
461 1813 557 1875 per
584 1803 820 1874 gloriam
850 1803 1038 1858 Patris
1067 1805 1344 1858 excitatus
1373 1807 1450 1858 est
1497 1819 1530 1857 a
1573 1802 1828 1865 mortuis,

1952 1168 2046 1236 qui
2082 1171 2314 1225 tandem
2347 1171 2709 1228 humanitate
2741 1173 3030 1229 divinitati
3065 1177 3395 1246 commista,
3444 1195 3600 1235 unus

1950 1255 2222 1330 idemque
2251 1260 2429 1316 Filius
2464 1261 2766 1330 Altissimi,
2795 1268 2848 1320 et
2865 1264 3045 1319 Filius
3066 1266 3321 1322 hominis
3353 1269 3596 1336 dicitur,

1949 1346 2126 1403 unius
2158 1347 2535 1420 hypostaseos
2566 1352 2807 1419 ratione,
2843 1367 2971 1424 quas
3003 1353 3233 1411 duobus
3278 1373 3345 1411 ex
3368 1359 3595 1414 naturis

1947 1434 2026 1491 ita
2061 1438 2311 1508 perfecta
2341 1445 2449 1511 est,
2486 1445 2549 1496 ut
2581 1442 2903 1513 cdmposita
2961 1445 3058 1508 sit,
3120 1445 3394 1514 quoniam
3460 1454 3596 1519 post

1947 1527 2415 1596 cohjunctionem
2450 1531 2647 1586 unain
2706 1530 3004 1602 hypostasi
3063 1535 3415 1605 composita,
3479 1552 3596 1593 uno

1942 1615 2206 1687 inquam,
2238 1617 2486 1683 Christo,
2543 1624 2760 1674 naturae
2793 1621 2965 1676 salvae
3033 1625 3595 1694 supersunt,lnihilo

1941 1705 2132 1760 secius
2183 1710 2357 1778 atque
2417 1707 2710 1763 naturales
2787 1711 3127 1767 earumdem
3185 1713 3592 1782 proprietates,

1939 1793 2020 1848 ita
2050 1799 2115 1848 ut
2145 1795 2247 1866 qui
2275 1795 2576 1852 Christum
2604 1797 2888 1866 enuntiat,
2922 1799 3174 1855 duarum
3241 1805 3588 1858 naturarum

187 1897 341 1951 itaet
368 1911 464 1950 nos
494 1896 552 1948 in
583 1893 877 1949 novitatate
909 1894 1029 1948 vitae
1050 1891 1485 1948 ambulemus.Si
1513 1893 1659 1947 enim
1677 1889 1838 1946 insiti
1866 1899 1912 1963 Β
1944 1883 2412 1953 conjunctionem
2466 1887 2769 1957 perapicue
2811 1888 3120 1960 signiﬁcet.
3173 1892 3361 1970 Atque
3402 1895 3582 1946 Deum

181 1997 371 2038 sumus
418 1981 477 2037 in
531 1981 973 2038 similitudinem
1023 1984 1181 2037 motis
1236 1981 1374 2052 ejus,
1443 1989 1592 2035 certe
1660 1979 1712 2034 et
1774 1978 1834 2033 in
1944 1989 2114 2028 carne
2136 1989 2396 2044 passum,
2431 1979 2488 2031 et
2519 1990 2751 2032 carnem
2790 1977 2954 2033 Verbi
2998 1978 3310 2051 propriain
3373 1986 3583 2038 natura

186 2063 602 2128 resurrectionis
629 2074 833 2128 erimus
860 2071 926 2128 ⁴².

254 2161 384 2217 Haec
415 2166 556 2218 sunt
585 2175 710 2232 quae
745 2178 847 2216 nos
880 2160 1195 2232 Apostolds
1227 2160 1298 2214 de
1330 2157 1832 2228 divinobaptismo

177 2251 392 2308 sentire
423 2249 630 2316 Voluit,
666 2248 918 2305 haeretici
943 2254 1160 2317 autem,
1194 2245 1364 2304 tuum
1427 2243 1826 2316 Ascodrupitzc

172 2340 254 2406 hi,
287 2339 356 2397 de
405 2341 623 2412 quibus
667 2341 920 2412 agimus,
983 2344 1111 2394 tum
1183 2339 1523 2409 quicunque
1585 2335 1824 2390 illorum

171 2429 419 2500 vestigia
442 2427 624 2485 secuti
657 2425 920 2484 divinum
938 2427 1229 2499 baptisma
1245 2427 1590 2492 detrectant,
1614 2423 1827 2479 abeant

176 2519 236 2574 in
271 2517 479 2574 malam
515 2517 806 2589 rem,quia
838 2516 1208 2589 potissimum
1233 2527 1358 2587 quae
1391 2514 1501 2570 sub
1520 2515 1822 2584 aspeCtum

175 2610 398 2664 cadunt
424 2608 647 2678 omnia,
698 2607 1039 2679 ignorantiae
1098 2609 1155 2660 et
1211 2601 1516 2660 affectibus
1573 2602 1824 2669 obnoxia

174 2715 304 2754 esse
335 2697 557 2753 dicunt.
617 2695 763 2754 Nam
814 2695 946 2767 quis
1006 2693 1350 2768 ignorantiae
1400 2689 1821 2763 ati‘ectibusque

174 2787 340 2844 locus
372 2787 745 2859 apudDeum,
777 2787 877 2857 qui
901 2784 1048 2840 nihil
1078 2784 1239 2840 aliud
1259 2783 1369 2851 est,
1403 2795 1578 2855 qnam
1613 2779 1816 2838 natura

175 2875 444 2948 simplex,
465 2875 765 2948 nullisque
787 2869 1090 2930 affectibus
1119 2873 1452 2942 obnoXia,et
1484 2881 1608 2942 quae
1631 2871 1818 2928 scien-

169 2966 314 3022 tiam
350 2965 576 3022 hcmini
607 2963 938 3038 patefacit?

811 3071 966 3128 CAP.
1020 3069 1168 3126 VIII.

558 3181 754 3238 Octava
792 3178 1020 3236 haresis
1113 3167 1424 3233 Colobrarsi

1945 2056 2459 2128 passam,denique
2491 2058 2805 2114 Dominum
2839 2059 3034 2131 glorise
3067 2063 3408 2118 cruciﬁxum
3441 2080 3569 2120 esse

1943 2148 2174 2215 propter
2196 2161 2489 2202 summam
2524 2151 2863 2203 naturarum
2905 2151 3375 2219 conjunctionem
3422 2155 3580 2222 ;dici-

1941 2245 2095 2288 mus.
2129 2229 2196 2289 Et
2229 2235 2349 2291 haec
2381 2236 2480 2292 illa
2509 2240 2598 2291 est
2617 2237 2980 2294 Theandrica
3011 2240 3268 2311 energia,
3311 2241 3420 2299 hoc
3464 2247 3576 2305 est,

1938 2321 2114 2377 Deiet
2138 2323 2396 2379 hominis
2451 2325 2729 2395 operatio.
2789 2327 3173 2398 Posteaquam
3231 2329 3387 2385 enim
3429 2331 3584 2386 Deus

1936 2411 2110 2467 homo
2142 2413 2328 2469 factas
2355 2417 2462 2481 est,
2498 2417 2554 2469 et
2584 2413 2845 2471 humana
2899 2418 3024 2487 ejus
3071 2419 3328 2489 operatio
3381 2421 3584 2476 divina

1934 2507 2076 2568 erat,
2123 2517 2223 2556 seu
2277 2502 2568 2568 deiﬁcata,
2645 2519 2749 2558 nec
2792 2505 3002 2562 divinas
3043 2507 3399 2578 operationis
3455 2511 3583 2579 ejus

1933 2597 2133 2660 expers
2167 2605 2179 2643 :
2218 2591 2392 2661 atque
2419 2591 2620 2646 divitia
2644 2591 2907 2648 vicissim
2927 2596 3184 2666 operatio
3208 2597 3279 2651 ab
3321 2597 3579 2654 humana

1931 2679 2266 2748 operatione
2297 2696 2410 2733 non
2433 2679 2775 2750 abhorrens,
2809 2683 2908 2736 sed
2934 2687 3181 2754 utraQue
3211 2696 3343 2739 enm
3393 2685 3578 2742 altera

1930 2765 2074 2822 citra
2105 2768 2505 2823 confusionem
2539 2767 2925 2826 elucescebat.

2588 2918 2741 2973 CAP.
2805 2918 2900 2977 IX.

2029 3031 2183 3096 Noua
2239 3041 2494 3110 haeresis,
2572 3042 2921 3112 Ophitarum.
2982 3042 3052 3100 Hi
3087 3045 3460 3118 baptizantur.

1993 3166 2214 3236 Ophites
2262 3173 2546 3226 vocantur
2589 3186 2622 3224 a
2695 3175 2984 3242 serpente,
3075 3189 3251 3244 quem
3336 3176 3561 3232 colunt.

238 3289 573 3361 Ogdoadem
606 3289 946 3359 quamdam,
980 3291 1084 3342 seu
1110 3283 1470 3341 octonarium
1497 3297 1811 3337 numerum
1845 3271 1888 3337 ρ
1920 3255 2100 3361 Aiunt
2131 3264 2321 3314 autem
2357 3259 2428 3360 ab
2452 3264 2646 3323 rEone,
2682 3277 2784 3316 seu
2817 3261 3028 3318 saeculo
3086 3262 3403 3334 superiore,
3449 3264 3568 3320 alia

166 3379 520 3435 Colobarsus
561 3378 655 3433 hic
705 3376 1119 3433 fabulabatur:
1181 3379 1430 3445 eamque
1471 3375 1805 3443 Propatore,

165 3471 407 3533 Ennoea,
438 3484 537 3523 seu
567 3469 948 3541 Cogitatione,
972 3467 1163 3533 Patre,
1203 3465 1480 3530 Veritate,
1532 3462 1804 3530 Homine,

160 3556 442 3621 Ecclesia,
477 3557 656 3614 Verbo
685 3563 742 3615 et
772 3559 911 3627 vita,
942 3561 1209 3612 constare
1239 3555 1490 3610 dicebat.

229 3649 387 3711 Quod
421 3648 595 3719 igitur
625 3665 656 3705 a
685 3654 994 3718 Propatore
1049 3651 1182 3702 ante
1230 3645 1448 3714 omnia,
1511 3647 1802 3717 tanquam

159 3737 528 3794 conducibile
560 3738 736 3805 factu,
760 3737 1150 3806 excogitatum
1185 3734 1391 3803 fuerat,
1452 3733 1509 3789 id
1569 3739 1803 3790 Patrem

157 3826 354 3882 vocari
397 3827 744 3883 Colobarsus
775 3823 1267 3881 asserebat.Aliud
1301 3839 1471 3894 porro
1504 3823 1801 3891 Veritatis,

158 3915 318 3972 aliud
350 3916 618 3972 Hominis
651 3915 1044 3986 appellatione
1065 3913 1430 3983 designabat.
1464 3910 1624 3968 Alios
1673 3928 1803 3969 cum

156 4005 217 4060 in
242 4006 500 4061 medium
553 4008 918 4078 proponeret,
979 4002 1296 4059 Ecclesiam
1359 4017 1486 4058 esse
1533 4003 1806 4075 preacogi-

156 4099 330 4166 terat,
349 4100 526 4169 atque
557 4113 624 4152 ex
653 4094 914 4152 Ecclesia
943 4093 1200 4148 Verbum
1262 4092 1642 4164 precessisse,
1705 4093 1804 4165 qui

154 4185 400 4257 quidem
431 4190 521 4241 est
553 4184 736 4241 Filius
772 4184 866 4240 Dei
927 4182 1374 4256 primogenitus,
1433 4195 1603 4252 quem
1653 4198 1804 4252 pone

153 4275 292 4330 Vita
315 4278 674 4346 sequeretur.
703 4276 889 4345 Atque
911 4273 1019 4328 hoc
1057 4272 1227 4328 modo
1258 4287 1428 4326 suam
1475 4271 1805 4343 complebat

154 4362 452 4435 Ogdoada.
476 4366 757 4420 Caeterum
786 4361 1084 4418 Colobarsi
1110 4361 1404 4417 auditores
1427 4365 1482 4416 et
1505 4360 1802 4432 discipuli,

154 4452 418 4508 hominis
451 4468 686 4526 quoque
716 4465 926 4508 nomen
962 4450 1378 4506 Universorum
1418 4449 1716 4520 PrOpatori
1749 4455 1805 4505 et

152 4542 734 4609 Proanennoeto,hoc
784 4544 874 4596 est
927 4539 1105 4610 ei,qui
1179 4543 1312 4595 ante
1368 4538 1567 4595 omnia
1610 4544 1802 4594 mente

152 4631 573 4701 concipiendus
628 4633 737 4696 est,
772 4628 1088 4685 attribuere
1147 4628 1277 4684 ausi
1334 4635 1491 4683 sunt.
1556 4630 1681 4694 Qua
1733 4629 1804 4683 de
1838 4645 1884 4710 D

151 4737 337 4777 causa
373 4721 580 4776 Filium
617 4720 878 4775 hominis
913 4717 1175 4789 seipsum
1204 4717 1264 4772 in
1293 4717 1621 4789 Evangeliis
1643 4717 1808 4772 Chri-

152 4817 319 4867 stum
341 4811 558 4866 dixisse
581 4809 1026 4866 contendebant.

483 4937 748 4992 Haereseos
776 4932 1137 5006 prmoedentis
1159 4930 1484 5002 confutatio.

228 5042 582 5100 Colobarsus
596 5043 882 5116 quasdam
903 5039 1216 5105 Ptolemaei,
1233 5038 1501 5108 Marci,et
1518 5025 1803 5096 Valentini

150 5131 483 5191 sententias
519 5132 956 5206 impurissimas
989 5129 1302 5201 reﬁngens,
1335 5133 1506 5202 atque
1568 5129 1804 5186 illorum

151 5223 416 5281 Tetrada
438 5239 537 5278 seu
572 5222 1027 5288 Quaternitalem
1059 5219 1128 5274 ad
1166 5219 1440 5290 Ogdoada
1455 5236 1553 5275 seu
1569 5225 1806 5277 octona-

151 5315 315 5371 rium
351 5330 658 5370 numerum
693 5307 1410 5382 producens,perditionis
1459 5310 1644 5365 scalas
1691 5310 1804 5366 sibi

150 5404 266 5459 iosi
301 5420 538 5475 suaeque
592 5391 860 5458 factionis
909 5397 1246 5455 hominibus
1304 5399 1610 5470 compegit,
1670 5416 1804 5456 cum

151 5510 227 5549 ea
255 5510 384 5564 quae
443 5491 694 5547 effutivit
745 5489 902 5545 nullo
939 5503 1183 5560 prorsus
1229 5489 1429 5544 ordine
1487 5493 1662 5556 stent,
1690 5490 1805 5547 ime

147 5581 271 5641 sibi
301 5583 456 5638 inter
485 5597 548 5636 se
578 5582 938 5652 repugnent:
969 5581 1032 5632 ut
1100 5577 1139 5630 ii
1209 5576 1645 5649 deprehendere
1668 5598 1805 5651 pos-

227 5727 276 5763 ⁴²
299 5727 469 5783 Rom.
494 5732 572 5796 vi,
605 5726 640 5779 3
669 5739 833 5796 seqq.

1917 3343 2130 3401 saecula
2169 3349 2545 3417 processisse,
2595 3365 2844 3420 quorum
2896 3351 3199 3407 infirmum
3241 3353 3319 3408 sit
3360 3352 3569 3409 Jalda-

1918 3433 2118 3504 baoth,
2151 3451 2220 3490 ex
2277 3437 2570 3508 superiore
2624 3443 2809 3516 matre
2847 3439 3108 3498 Pronice.
3163 3443 3326 3498 Hunc
3394 3459 3563 3513 porro

1919 3523 1989 3577 ad
2014 3523 2360 3581 infimaloca
2423 3521 2821 3598 descendisse,
2876 3529 3074 3601 ibique
3133 3534 3357 3601 septem
3410 3531 3562 3587 filios

1917 3613 2209 3681 genuisse,
2243 3615 2336 3686 qui
2371 3625 2592 3687 septem
2625 3617 2736 3672 sibi
2768 3616 2941 3673 omlos
2961 3619 3412 3676 construxerint.
3437 3619 3562 3674 Jal-

1916 3701 2166 3756 dabaoth
2200 3703 2429 3771 deinde,
2463 3721 2636 3774 quem
2661 3705 3032 3761 Hebraeorum
3078 3724 3315 3779 quoque
3371 3706 3554 3764 Deum

1914 3790 2134 3860 dicunt,
2165 3791 2422 3862 seipsum
2458 3809 2635 3862 supra
2666 3794 3048 3862 conclusisse,
3081 3811 3154 3850 ne
3181 3801 3403 3868 septem
3447 3797 3554 3852 filii

1914 3895 1982 3935 ea
2037 3884 2474 3950 cognoscerent,
2536 3898 2664 3952 quas
2723 3899 2902 3952 supra
2958 3900 3018 3939 se
3056 3888 3214 3940 sunt.
3260 3884 3370 3949 Qui
3421 3901 3555 3942 mox

1914 3969 2211 4025 hominem
2239 3969 2311 4024 ad
2345 3971 2524 4040 patris
2555 3968 2905 4026 Jaldabaoth
2938 3972 3088 4028 idem
3111 3974 3554 4044 conﬁnxerunt,

1913 4063 2037 4114 erat
2067 4063 2262 4113 autem
2295 4058 2468 4114 homo
2499 4058 2701 4130 reptile
2754 4063 3255 4132 quemadmodum
3314 4065 3550 4121 vermis.

1914 4148 2196 4205 Caeterum
2221 4165 2350 4204 cum
2382 4149 2628 4206 Pronice
2646 4155 2830 4207 mater
2848 4152 3197 4211 Jaldabaoth
3218 4155 3404 4211 filium
3421 4157 3556 4212 odio

1913 4242 2386 4311 prosequeretur,
2420 4240 2574 4310 quod
2626 4256 2739 4312 prae
2774 4241 2924 4298 l'astu
2973 4245 3234 4313 seipsum
3283 4248 3557 4319 superius

1914 4327 2317 4393 conclusisset,
2372 4327 2673 4384 hominem
2724 4330 2979 4389 scintilla
3037 4334 3246 4391 divinae
3301 4337 3554 4406 virtutis,

1915 4417 2022 4474 hoc
2052 4421 2140 4473 est
2171 4417 2390 4484 anima,
2415 4417 2669 4474 donavit.
2733 4419 2970 4477 Erectus
3011 4421 3210 4494 itaque
3260 4425 3319 4479 in
3381 4426 3558 4496 pedes

1913 4507 2088 4564 homo
2120 4508 2470 4580 cogitatione
2524 4507 2695 4565 caelos
2765 4512 3110 4582 penetravit,
3162 4513 3557 4586 laudibusque

1913 4597 2205 4654 caelestem
2233 4598 2607 4655 Jaldabaotbi
2630 4603 2850 4670 patrem
2881 4599 3174 4658 celebrare
3197 4603 3388 4674 ccepit.
3414 4604 3557 4672 ZQua

1917 4687 2153 4759 quidem
2180 4705 2238 4744 re
2267 4689 2615 4745 Jaldabaoth
2649 4689 2927 4758 oﬁensus,
2959 4689 3113 4746 infra
3180 4691 3442 4763 despexit
3485 4693 3557 4747 ad

1918 4778 2170 4832 materias
2201 4778 2614 4850 sedimentum,
2659 4779 2960 4854 ﬁliumque
3019 4781 3358 4853 serpentino
3428 4781 3562 4834 Idea

1915 4867 2138 4938 genuit,
2173 4884 2205 4922 a
2236 4884 2350 4939 quo
2383 4869 2622 4940 decepta
2688 4870 2802 4925 Eva
2853 4874 2960 4926 est.
3021 4869 3265 4926 Proinde
3322 4885 3563 4940 serpen-

1915 4959 2035 5009 tem
2066 4955 2249 5010 Deum
2286 4972 2434 5026 esse,
2466 4945 2922 5029 hominibusque
2944 4958 3088 5028 ipsis
3120 4958 3372 5013 scientiae
3404 4959 3567 5031 prin-

1917 5043 2135 5114 cipium
2169 5045 2350 5102 fuisse
2381 5047 2610 5115 docent,
2641 5049 2810 5120 cujus
2839 5048 2920 5102 rei
2950 5048 3137 5120 gratia
3174 5049 3564 5120 prudentissi-

1917 5149 2052 5188 mus
2085 5132 2349 5190 omnium
2382 5151 2623 5208 serpens
2655 5136 2844 5191 dictus
2870 5135 2968 5203 sit,
2997 5141 3233 5208 propter
3271 5136 3560 5210 multipli-

1916 5239 2013 5279 ces
2062 5222 2192 5279 illas
2255 5224 2656 5296 volubilesque
2738 5225 3153 5282 intestinorum
3215 5231 3554 5284 nostrorum

1917 5313 2132 5385 spiras,
2164 5313 2378 5384 quibus
2403 5330 2646 5386 corpora
2701 5319 2900 5371 nostra
2961 5317 3359 5374 confarcinata
3399 5324 3560 5373 sunt.

1918 5405 2161 5474 Insuper
2189 5407 2244 5457 et
2298 5408 2628 5474 serpentem
2661 5404 2981 5480 nutriunt,
3040 5414 3091 5462 et
3147 5407 3560 5480 mysteriorum

1917 5507 2160 5549 suorum
2193 5496 2474 5560 tempore,
2511 5481 2762 5564 panibus
2779 5510 2996 5551 mensae
3053 5496 3358 5569 appositis,
3387 5494 3560 5552 cista-

1916 5599 2028 5654 que
2069 5585 2292 5653 aperta,
2330 5579 2496 5636 illum
2528 5583 2596 5637 ad
2632 5587 2864 5654 pastum
2889 5585 3159 5641 invitant.
3186 5585 3285 5641 llle
3344 5584 3561 5643 circum
