4082 6306
429 370 585 432 1263

1742 336 2052 402 ΝΙΟΕΊῪΕ
2094 333 2526 394 ΟΗΟΝΙΑΤιΕ

3675 316 3848 378 1264

432 516 614 573 panes
640 496 952 558 volutatur,
985 503 1132 560 quos
1150 501 1218 540 ex
1249 477 1566 538 continenti
1613 480 1893 544 tanquam
1926 483 2062 524 san-
2097 473 2152 537 Α
2181 481 2296 520 non
2330 464 2528 519 minus
2555 477 2735 533 quam
2765 473 3041 524 vermem,
3073 459 3229 512 terra
3252 455 3496 508 enatum
3545 449 3848 515 novimus,

1318 570 1331 573 _
1454 567 1492 573 _-
1541 572 1546 573 ,
1593 565 1624 573 ..
1785 565 1793 573 .
1938 563 1947 573 .
2005 571 2062 573 ,__
2191 553 2452 573 ____1:i_;_
2518 549 2732 573 -..ι-..ε,.
2813 544 3130 573 ..-ηε-..ξιηηη
3201 540 3606 573 ηηςνηιιηιςιηιο
3713 554 3848 573 nua:

432 563 716 646 etiﬁcatos
743 583 1040 653 frangunt,
1071 581 1124 631 et
1160 570 1373 645 populo
1439 565 1840 623 distribuunt:
1898 563 2072 653 atq-ue

435 682 544 737 hoc
569 678 882 749 perfectum
907 665 1258 724 sacriﬁcium
1291 661 1667 716 arbitrantur.
1711 653 1860 706 Tum
1923 645 2077 742 dein-

440 773 510 826 de
555 733 748 821 nescio
799 759 1012 832 quibus
1099 749 1596 808 incantationibus
1659 748 1716 798 et
1767 733 2076 812 praestigiis

440 859 762 915 cicuratum
814 827 1148 919 serpentem
1205 849 1258 896 et
1304 838 1610 894 delinitum
1667 827 2082 886 deosculantur

442 961 646 1003 omnes
667 943 726 996 in
757 955 876 1003 ore,
909 941 1084 1006 atque
1115 933 1420 987 adorantes
1443 927 1660 997 hymno
1703 921 1930 974 Patrem
1963 927 2084 1006 cm-

443 1037 646 1091 leslem
681 999 1110 1088 concelebrant.
1145 1021 1355 1074 Eorum
1392 1031 1560 1086 porro
1595 1005 1861 1066 nonnulli
1917 999 2085 1091 Chri-

444 1129 602 1181 stum
633 1121 816 1184 aiunt,
847 1132 982 1171 cum
1017 1113 1276 1182 seipsum
1301 1107 1362 1162 in
1419 1103 1748 1173 serpentem
1807 1089 2087 1148 transfor-

448 1215 684 1275 masset,
743 1205 986 1276 virginis
1047 1205 1278 1254 uterum
1341 1191 1846 1256 subiissezeoque
1911 1192 2090 1234 sensu

449 1299 648 1357 miseri
673 1299 777 1353 hoc
835 1290 1220 1365 apostolicum
1279 1282 1648 1352 intelligunt:
1707 1273 1819 1346 Qui
1875 1285 1999 1324 cum
2027 1266 2088 1320 in

450 1396 629 1462 [arma
682 1387 786 1441 Dei
824 1391 978 1446 esset,
1035 1394 1144 1434 non
1199 1379 1280 1430 est
1323 1371 1583 1442 rapinam
1657 1365 1981 1425 arbitratus,
2041 1368 2098 1408 se

451 1447 718 1553 aequalem
745 1491 890 1532 essec
925 1478 1050 1540 Deo,
1083 1469 1182 1523 sed
1209 1465 1558 1534 semetipsum
1614 1453 1928 1514 exinanivit
1982 1447 2100 1516 for-

455 1587 603 1625 mam
623 1569 764 1623 servi
789 1563 1064 1632 accipiens
1094 1559 1157 1613 ‘3.

748 1695 1023 1746 Haereseos
1095 1679 1452 1756 praecedentis}
1504 1675 1822 1744 confatalia.

534 1823 904 1891 Serpentum,
941 1814 1038 1885 qui
1069 1827 1202 1866 vera
1225 1811 1362 1863 sunt
1391 1805 1722 1876 viperarum
1778 1795 2104 1869 progenies,

465 1913 524 1967 in
558 1882 776 1965 morem
811 1882 1034 1976 Ophita
1067 1896 1511 1971 hipullularunt
1544 1909 1576 1960 ε,
1598 1890 1812 1961 quippe
1847 1884 1944 1956 qui
1975 1882 2100 1939 ani-

469 1999 758 2054 mantium
805 1992 1070 2049 omnium
1135 1986 1386 2042 maxime
1447 1978 1878 2040 detestandum,
1940 1977 2114 2043 atque

471 2103 678 2158 repens
710 2083 902 2138 divino
927 2081 1102 2150 jussu
1138 2091 1314 2146 super
1346 2075 1549 2142 pectus
1581 2073 1636 2123 et
1667 2070 1949 2129 ventrem,
1998 2059 2116 2116 vel-

476 2149 761 2230 ut-insani
793 2149 1124 2230 adorarent,
1158 2167 1213 2218 et
1281 2160 1650 2214 Hebraeorum
1708 2154 1890 2208 Deum
1920 2149 2119 2204 Jalda—

475 2263 692 2334 baoth(
731 2260 964 2316 nomine
993 2254 1176 2310 sacris
1233 2248 1528 2321 incognito
1561 2245 1792 2311 litteris)
1837 2242 2116 2306 dicerent,

473 2369 650 2425 quem
681 2352 753 2404 ab
767 2345 1196 2418 antiquioribus
1211 2339 1443 2396 saeculis
1459 2335 1694 2392 Pronice
1709 2335 1894 2388 matre
1917 2346 2118 2402 proge-

478 2417 666 2498 nitum
698 2437 877 2508 impie
901 2417 1480 2490 fabularentur.Tum
1497 2425 1706 2480 deinde
1719 2425 1934 2492 septem
1971 2417 2120 2472 ﬁlios

468 2532 546 2585 ub
562 2529 690 2600 ipsa
714 2507 1176 2598 progenitos,qui
1196 2517 1450 2573 todidern
1473 2513 1650 2570 caelos
1665 2507 2118 2574 construxerint,

461 2598 698 2678 tandem
734 2633 865 2672 vero
899 2614 1192 2668 hominem
1213 2610 1284 2664 ad
1305 2606 1487 2678 patris
1503 2605 1592 2659 sui
1609 2599 1955 2658 Jaldabaoth
1972 2598 2120 2652 ima-

468 2709 660 2780 ginem
697 2704 1064 2776 protulerint.
1101 2705 1296 2769 Neque
1329 2697 1437 2751 hac
1488 2693 1722 2764 quidem
1781 2688 2120 2744 velitatione

477 2777 1077 2860 contenti,hominem
1121 2800 1356 2858 quoque
1415 2781 1682 2851 reptilem
1745 2777 1946 2840 fuisse,
1997 2790 2120 2828 ver-

479 2883 589 2939 mis
620 2883 681 2938 in
731 2896 948 2936 morem
1000 2879 1308 2932 asserunt:
1357 2875 1678 2940 caateraque
1731 2865 1953 2929 omnia,
1993 2878 2121 2933 quis

481 2969 766 3044 superiori
799 2967 1058 3024 oratione
1081 2961 1467 3020 exaravimus.
1499 2957 1791 3011 Adversus
1843 2970 1969 3024 qua:
2003 2952 2120 3006 haec

481 3079 514 3117 a
573 3060 742 3115 nobis
793 3056 983 3112 atIerri
1037 3056 1324 3124 possunt:
1386 3048 1544 3114 Quod
1589 3045 1868 3100 nimirum
1959 3056 2125 3095 sacra

475 3149 772 3219 Scriptura
797 3161 982 3198 unum
1015 3143 1217 3205 Deum,
1249 3136 1646 3193 universitatis
1693 3133 1871 3202 hujus
1923 3129 2122 3184 condi-

2183 553 2461 624 qualitate
2513 549 2734 606 cateris
2811 544 3134 602 assimilem
3199 540 3630 606 animantibus,
3712 554 3852 608 quae

2183 641 2336 696 Deus
2359 657 2388 696 e
2419 647 2575 694 terra
2603 637 2800 694 enasci
2831 635 3033 704 voluit,
3067 633 3162 688 cui
3185 632 3305 686 vim
3327 627 3694 702 propagandi
3747 643 3810 680 se
3832 657 3850 665 -

2189 730 2364 786 minis
2393 729 2704 784 inseverat.
2741 726 3088 781 Prudentem
3122 738 3254 776 vero
3287 737 3400 776 non
3444 735 3509 774 eo
3567 723 3846 772 vocatum

2191 819 2462 884 dicimus,
2496 817 2636 888 quia
2662 816 2916 871 humana
2947 813 3135 885 ﬁgura
3193 814 3506 879 menteque
3569 805 3856 876 praeditus

2194 909 2365 969 situt
2391 908 2792 973 homo,verum
2826 903 2962 973 quia
3011 917 3115 957 nos
3143 898 3520 971 supplantare
3565 899 3848 964 conatur,

2197 999 2486 1054 malorum
2523 1011 2767 1064 memor,
2799 1010 2930 1065 quas
2955 996 3082 1048 tum
3117 1005 3428 1062 perpessus
3461 991 3716 1052 est,cum
3741 1002 3860 1038 su-

2199 1104 2302 1158 per
2339 1091 2542 1158 pectus
2572 1090 2629 1140 et
2650 1088 2912 1140 ventrem
2945 1097 3140 1152 repere
3164 1079 3374 1149 jussus
3415 1079 3526 1140 est,
3564 1072 3864 1129 versatili-

2203 1178 2430 1246 busque
2473 1173 2733 1245 corporis
2801 1171 3004 1243 spiris,
3054 1175 3338 1240 tanquam
3373 1183 3540 1220 muro
3585 1163 3866 1226 aheneo-,

2204 1265 2452 1320 illaesum
2472 1268 2648 1335 caput
2677 1265 2985 1318 conservat
3013 1278 3032 1313 :
3053 1261 3204 1330 quod
3235 1274 3350 1312 non
3383 1255 3668 1311 raroinde
3701 1269 3868 1307 exse-

2207 1355 2302 1420 rit,
2325 1359 2382 1410 et
2413 1357 2698 1424 quantum
2756 1350 2961 1405 habitu
3011 1347 3369 1404 contendere
3439 1347 3648 1415 potest,
3683 1357 3868 1396 vene-

2211 1460 2350 1498 num
2401 1448 2604 1498 contra
2649 1439 2946 1496 hominem
3000 1437 3344 1508 ejaculatur.
3405 1434 3624 1488 Adhac
3695 1431 3872 1486 facile

2213 1534 2389 1589 certis
2425 1547 2712 1588 annorum
2767 1529 3044 1601 periodis,
3107 1525 3462 1582 foraminum
3523 1521 3874 1589 attritu,le-

2215 1623 2470 1678 beridem
2503 1619 2796 1676 exuit.Per
2815 1615 3170 1674 saeculumet
3199 1613 3412 1670 smeula
3437 1613 3486 1667 si
3544 1612 3684 1682 quis
3733 1627 3876 1666 con-

2213 1712 2446 1766 tinuum
2479 1725 2680 1765 eorum
2713 1725 2842 1778 qua:
2873 1711 3013 1762 sunt
3057 1709 3284 1760 motum
3334 1701 3646 1772 intelligat,
3697 1716 3878 1771 quem

2221 1815 2410 1870 neque
2443 1815 2553 1852 nox
2585 1813 2770 1867 neque
2801 1797 2922 1851 dies
2953 1795 3315 1860 dimetiatur,
3350 1807 3589 1861 prorsus
3629 1789 3684 1843 ei
3731 1789 3876 1842 sub-

2225 1889 2572 1944 scribemus.
2625 1885 3132 1950 Quemadmodum
3201 1885 3257 1936 et
3341 1880 3468 1949 quis
3515 1895 3721 1942 zonas,
3775 1894 3876 1948 pro

2227 1993 2476 2047 quarum
2505 1977 2618 2030 situ
2673 1975 2928 2030 errantia
2957 1972 3149 2028 sidera
3193 1971 3464 2027 inferiore
3501 1969 3632 2022 ﬁxis
3671 1967 3881 2022 ordine

2225 2067 2508 2138 disposita
2538 2069 2698 2135 sunt,
2721 2065 2954 2120 abusive
2986 2063 3264 2118 cmlorum
3284 2061 3550 2122 jnomine
3608 2059 3884 2129 designet

2226 2157 2316 2213 vel
2365 2157 2542 2212 etiam
2609 2156 2828 2210 zodiaci
2867 2153 3124 2222 circuli,‘
3168 2168 3344 2224 quem
3393 2165 3568 2206 curru
3629 2165 3742 2204 suo
3797 2147 3886 2202 soi

2229 2245 2699 2302 circumvehitur.
2729 2243 2894 2308 Quod
2925 2243 2974 2298 si
3005 2243 3144 2313 quid
3173 2245 3449 2313 praeterea
3477 2238 3890 2308 obloquuntur

2230 2335 2506 2404 haeretici,
2529 2339 2587 2388 et
2622 2331 2830 2390 saecula
2868 2333 2937 2387 iis
2984 2347 3112 2402 quae
3168 2334 3308 2384 sunt
3351 2328 3546 2400 priora
3593 2327 3892 2397 antiquio-

2231 2439 2410 2492 raque
2437 2421 2792 2488 existiment,
2827 2435 2922 2474 eos
2957 2435 3074 2472 una
3103 2433 3229 2472 cum
3259 2416 3384 2472 suis
3415 2413 3647 2470 saeculis
3689 2411 3886 2483 explo-

2231 2512 2452 2568 dendos
2487 2526 2817 2566 censemus.
2848 2509 3059 2564 Omnia
3089 2509 3243 2562 enim
3279 2505 3539 2562 visibilia
3579 2509 3638 2558 et
3690 2501 3888 2557 invisi-

2231 2601 2370 2655 bilia
2400 2619 2432 2656 a
2481 2616 2676 2655 rerum
2725 2599 2991 2654 omnium
3039 2595 3339 2652 conditore
3423 2593 3540 2649 Deo
3589 2601 3770 2662 atque
3815 2591 3880 2645 ab

2235 2690 2533 2762 unigenito
2612 2688 2815 2755 Verbo,
2867 2687 3200 2756 Spirituque
3240 2683 3610 2740 sanctissimo
3693 2685 3886 2736 creata

2231 2795 2360 2834 esse
2393 2778 2710 2833 didicimus
2745 2793 2758 2830 :
2789 2777 2954 2832 Verbo
2997 2778 3149 2831 enim
3203 2772 3526 2838 Domini,ut
3557 2769 3882 2842 philopsal-

2235 2883 2366 2921 mus
2400 2866 2496 2922 ille
2527 2866 2776 2920 Davides
2807 2869 3011 2920 auctor
3041 2867 3149 2932 est,
3199 2865 3322 2918 casti
3377 2861 3584 2930 ﬁrmati
3637 2865 3796 2924 sunt,
3839 2867 3886 2912 et

2231 2955 2438 3026 spiritu
2460 2972 2571 3011 oris
2603 2955 2719 3022 eius
2748 2956 2927 3010 omnis
2957 2955 3128 3008 virtus
3177 2967 3366 3007 eorum
3415 2951 3481 3005 “.
3525 2953 3678 3002 Ante
3732 2947 3886 3002 hunc

2235 3050 2439 3101 autem
2471 3045 2662 3100 Moses
2695 3045 2820 3116 ipse
2881 3041 3298 3115 prophetarum
3355 3037 3886 3096 excellentissimus

2235 3151 2364 3205 nos,
2395 3133 2634 3202 coelum,
2663 3139 2902 3200 terram,
2953 3139 3007 3187 et
3055 3137 3262 3186 caetera
3321 3129 3608 3186 elementa
3653 3128 3727 3182 ab
3793 3125 3888 3180 illo

471 3247 656 3294 torem
715 3235 912 3298 tradit,
961 3247 1212 3300 eumque
1263 3229 1406 3284 adeo
1465 3229 1758 3280 carentem
1813 3219 2118 3292 principio,
2153 3219 2196 3286 C
2236 3223 2386 3278 facta
2441 3237 2569 3278 esse
2621 3221 2808 3288 docet,
2845 3221 2946 3290 qui
3001 3218 3190 3274 lucem
3251 3220 3308 3273 in
3351 3233 3545 3273 rerum
3603 3221 3874 3270 naturam

465 3327 626 3382 haud
659 3322 944 3396 genitum,
986 3325 1043 3374 et
1065 3319 1162 3390 qui
1196 3335 1314 3372 una
1388 3331 1522 3370 cum
1581 3313 1883 3383 unigenito
1954 3307 2118 3375 Filio,

466 3414 805 3486 Spirituque
861 3413 1084 3474 sancto,
1145 3405 1353 3462 secula
1411 3402 1783 3474 produxerat,
1838 3413 2021 3470 eaque
2054 3397 2123 3452 de

466 3520 640 3560 causa
672 3518 807 3557 cum
841 3499 1050 3556 iisdem
1085 3495 1458 3568 gloriﬁcetur.
1511 3491 1792 3546 Prouicen
1823 3505 1956 3542 vero
2009 3503 2125 3542 una

465 3609 599 3650 cum
625 3595 862 3662 septem
885 3589 1046 3652 ﬁliis,
1081 3591 1360 3654 tanquam
1389 3597 1578 3636 meras
1625 3595 1832 3650 nugas,
1891 3578 1960 3630 ad
1995 3592 2125 3630 cor—

461 3701 563 3740 vos
599 3681 974 3752 relegamus:
1007 3674 1510 3747 quemadmodum
1571 3670 1767 3734 etiam,
1829 3667 1982 3738 quod
2019 3665 2129 3720 ho-

471 3773 690 3828 minem
719 3771 906 3842 primo
937 3783 1194 3822 vermem
1233 3765 1584 3836 productum
1637 3760 1819 3814 fuisse
1871 3756 2076 3810 dicunt
2108 3770 2121 3808 :

474 3861 680 3916 deinde
709 3860 968 3914 animum
1004 3854 1298 3926 accepisse
1330 3869 1361 3906 a
1403 3851 1663 3913 Pronice,
1707 3863 1884 3918 quam
1927 3844 2128 3899 Jalda—

475 3950 678 4005 baothi
705 3953 947 4004 matrem
991 3945 1354 4013 conﬁngunt.
1416 3938 1716 4004 Deienim,
1770 3935 1868 4006 qui
1925 3942 2127 3988 estsu-

475 4056 579 4112 per
611 4039 829 4100 omnia,
865 4052 1045 4090 manu
1079 4035 1452 4088 constructus
1481 4035 1534 4082 et
1595 4029 1882 4088 ﬁrmatus,
1943 4023 2128 4077 haud-

485 4145 780 4200 quaquam
802 4125 1092 4196 serpentis
1135 4125 1382 4178 formam
1445 4117 1686 4188 accepit,
1749 4115 1843 4170 sed
1897 4113 2130 4184 qualem

484 4234 590 4272 nos
610 4213 1004 4284 habemusqui
1038 4211 1292 4266 cumillo
1359 4211 1557 4264 formis
1607 4211 1662 4261 et
1710 4210 1934 4259 natura:
1971 4203 2132 4272 ejus-

485 4307 617 4362 dem
653 4304 966 4375 participes
985 4317 1194 4357 sumus
1221 4317 1233 4354 :
1259 4295 1797 4370 cumquespiritum
1823 4293 2132 4360 viventem,

483 4411 660 4468 quem
693 4413 796 4451 nos
827 4395 1086 4450 animam
1121 4389 1420 4446 intellectu
1455 4389 1794 4456 rationeque
1827 4383 2129 4456 praeditam

483 4485 838 4552 dicimus,ab
891 4483 992 4539 illo
1055 4481 1398 4552 accepisset,
1458 4476 1772 4546 imperium
1827 4473 1911 4527 illi
1949 4473 2008 4528 in
2043 4485 2135 4526 res

2233 3311 2598 3384 produxerit,
2630 3309 2731 3380 qui
2753 3307 2964 3364 caelum
2989 3307 3302 3374 sideribus,
3341 3310 3555 3361 terram
3607 3303 3878 3364 saltibus,

2235 3400 2440 3470 pratis,
2473 3405 2526 3454 et
2547 3397 2842 3470 segetibus
2901 3397 3211 3464 ornaverit,
3271 3396 3427 3451 varia
3485 3394 3878 3450 animantium

2232 3503 2440 3558 genera
2483 3485 2935 3559 deprompserit,
3001 3502 3194 3542 aerem
3235 3484 3588 3552 volucribus,
3646 3483 3880 3554 [aquam

2236 3577 2518 3646 piscibus,
2555 3575 3071 3647 terramjumentis
3090 3579 3148 3630 et
3177 3575 3318 3630 feris
3347 3573 3735 3628 habitandam
3788 3588 3888 3626 ex-

2235 3665 2500 3739 pouerit
2530 3682 2543 3720 :
2570 3667 2670 3738 qui
2694 3665 2945 3736 denique
2977 3669 3246 3722 naturam
3295 3664 3620 3719 humanam
3675 3662 3892 3718 forma-

2235 3756 2400 3812 verit.
2437 3755 2661 3820 Quibus
2693 3754 3047 3825 astipulatur
3099 3753 3282 3810 Isaias
3313 3751 3407 3808 his
3473 3751 3672 3808 verbis
3709 3767 3724 3804 :
3783 3751 3888 3818 Qui

2234 3849 2366 3918 fecit
2399 3848 2591 3902 cretum
2619 3851 2671 3902 et
2699 3847 2946 3916 ﬁrmavit
2976 3845 3138 3911 illud,
3189 3847 3285 3916 qui
3340 3843 3484 3899 dedit
3535 3841 3892 3910 spiraculum

2231 3939 2433 4008 populo
2463 3935 2816 3991 inhabitanti
2843 3939 3128 4002 terram,et
3156 3933 3418 4006 spiritum
3467 3933 3894 3988 ambulantibus

2239 4033 2300 4081 in
2331 4044 2396 4081 ea
2427 4025 2492 4080 ‘5.
2527 4029 2672 4081 Item
2697 4042 2710 4079 :
2735 4027 2842 4094 Qui
2869 4027 3070 4082 statuit
3097 4025 3292 4080 cretum
3323 4024 3466 4080 sicut
3517 4024 3812 4093 fornicem,
3845 4027 3894 4078 et

2240 4113 2492 4171 extendit
2522 4113 2664 4169 illud
2691 4117 2834 4170 sicut
2867 4113 3284 4170 tabernaculum
3313 4111 3519 4183 ‘5.Ipse
3543 4128 3722 4181 porro
3749 4113 3891 4166 Deus

2241 4219 2344 4274 per
2399 4204 2670 4258 eumdem
2718 4202 3063 4274 prophetam
3117 4202 3200 4257 sic
3231 4203 3362 4256 ait:
3413 4199 3648 4256 Extendi
3693 4209 3892 4255 catum

2241 4292 2390 4346 solus
2418 4289 2486 4346 ‘7.
2517 4291 2802 4346 Jeremias
2835 4307 3068 4362 quoque
3099 4289 3254 4345 hunc
3287 4291 3346 4344 in
3407 4290 3650 4344 modum
3713 4288 3892 4344 excla-

2246 4389 2364 4436 mat
2401 4397 2412 4434 :
2444 4381 2552 4448 Qui
2568 4381 2742 4436 mittit
2775 4381 2953 4436 lucem
2981 4389 3031 4436 et
3056 4380 3452 4450 proﬁciscitur,
3497 4381 3714 4434 vocavit
3755 4393 3892 4444 eam,

2245 4473 2295 4525 et
2318 4469 2510 4540 paruit
2533 4472 2584 4524 ei
2614 4485 2739 4524 cum
2770 4469 2967 4524 timore
2991 4468 3056 4521 ‘3.
3119 4468 3247 4540 Ipse
3301 4484 3538 4539 quoque
3599 4465 3895 4523 Melchise-

479 4582 743 4633 terrenas
774 4575 978 4631 datum
1012 4575 1117 4628 est.
1151 4567 1339 4625 Simul
1397 4571 1570 4636 atque
1599 4580 1730 4620 vero
1769 4561 1982 4618 diaboli
2045 4560 2132 4615 in-
2164 4583 2212 4648 Β
2249 4559 2452 4629 decus,
2485 4559 2580 4628 qui
2615 4559 2762 4629 tegis
2789 4562 3047 4629 tempora
3091 4556 3404 4628 praecessit,
3463 4571 3598 4610 eum
3659 4553 3894 4611 benedi-

483 4668 662 4736 vidia,
723 4665 1107 4736 mulierisque
1160 4661 1362 4715 fraude
1438 4655 1798 4728 prohibitum
1879 4653 2134 4708 fructum

486 4757 755 4829 contigit,
789 4754 1063 4827 paradiso
1092 4749 1434 4806 exturbatus
1457 4753 1566 4801 est.

557 4851 736 4903 Porro
768 4843 1035 4912 σκώληκα
1097 4855 1202 4896 seu
1251 4851 1505 4894 vermem
1554 4834 1777 4890 scimus
1808 4831 2132 4888 animalcu-

493 4937 616 4991 lum
649 4952 798 5005 esse,
831 4933 985 5006 quod
1020 4948 1089 4988 ex
1119 4929 1296 5001 lignis
1328 4923 1762 4998 putrefactis,ut
1817 4921 2134 4993 plurimum

491 5033 685 5079 autem
719 5039 788 5078 ex
818 5029 980 5078 emno
1013 5019 1330 5076 enascitur.
1355 5013 1631 5080 Quamvis
1660 5011 1815 5068 enim
1850 5027 1951 5082 per
2003 5027 2134 5081 pro-

491 5111 728 5182 phetam
776 5109 1057 5165 Dominus
1114 5109 1290 5174 dicat,
1332 5105 1460 5160 Noli
1507 5103 1721 5168 timere,
1787 5101 1988 5155 vermis
2030 5101 2134 5154 Ja-

491 5205 586 5256 cob
607 5197 675 5266 ‘4,
705 5213 818 5252 non
851 5215 915 5253 eo
939 5203 1132 5253 tamen
1179 5194 1446 5252 vaticinio
1469 5193 1670 5249 videns
1727 5207 1874 5246 usus
1930 5193 2039 5254 est,
2074 5191 2138 5242 ut

489 5291 780 5344 Adamum
813 5285 1154 5356 hujusmodi
1201 5285 1382 5340 forma
1443 5283 1512 5338 ab
1571 5281 1740 5336 initio
1780 5283 1882 5335 aut
1937 5281 2136 5348 postea

491 5377 798 5444 praditum
846 5375 1047 5441 fuisse,
1099 5374 1213 5429 imo
1287 5389 1444 5441 vero,
1505 5375 1566 5427 ut
1629 5369 2020 5424 hamilitatem
2081 5369 2138 5420 et

491 5463 876 5532 abjectiouem
907 5461 1080 5516 Verbi
1115 5461 1491 5531 signiﬁcaret.
1529 5459 1868 5530 Serpentem
1905 5471 2136 5526 quoque

562 5586 607 5657 53
639 5583 891 5657 Philipp.
925 5603 986 5650 ιι,
1027 5589 1074 5642 ’.

492 5654 538 5688 ⁴⁸
572 5654 818 5712 Baruch’.
837 5654 940 5729 in,
967 5658 1058 5712 33.

1153 5587 1200 5619 “
1230 5585 1338 5640 Isa.
1373 5601 1484 5650 xu,
1521 5585 1604 5638 14.

1137 5655 1180 5689 ⁴⁹
1208 5659 1351 5711 Gen.
1384 5670 1500 5726 xiv,
1533 5655 1618 5710 19.

1681 5583 1745 5625 ⁴¹ι⁶
1783 5581 1932 5636 Psal.
1962 5596 2138 5646 xxxu,
2164 5581 2219 5635 6.

1695 5653 1744 5688 ⁵ο
1781 5653 1924 5710 Gen.
1959 5669 2111 5721 xxxv,
2142 5655 2197 5708 2.

2247 4656 2399 4703 ceret
2445 4646 2796 4714 Abrahamo,
2856 4645 2950 4701 his
3003 4645 3196 4700 verbis
3253 4661 3400 4699 usus
3477 4659 3612 4700 esse
3671 4645 3894 4699 fertur:

2245 4737 2926 4793 BenedictusAbrahamus
2955 4737 3065 4792 Deo
3093 4735 3331 4802 excelse,
3391 4735 3496 4804 aui
3543 4733 3756 4788 creavit
3803 4749 3898 4787 ca:-

2245 4827 2358 4882 lum
2389 4829 2438 4881 et
2454 4835 2664 4880 terram
2693 4824 2761 4880 ⁴⁹.

2315 4919 2504 4985 Atque
2533 4914 2900 4970 Abrahamus
2931 4911 3076 4984 ipse,
3109 4929 3246 4969 cum
3296 4911 3586 4968 famulum
3636 4912 3711 4967 ad
3785 4911 3888 4965 Be-

2250 5005 2436 5060 beccaa
2487 5003 2722 5075 nuptias
2777 5003 3084 5058 emitteret.
3164 5003 3330 5071 Pone,
3389 5001 3600 5072 inquit,
3659 5015 3886 5055 manum

2249 5103 2402 5150 tuam
2430 5093 2618 5150 subter
2636 5093 2822 5163 femur
2851 5108 3055 5157 meum,
3084 5101 3144 5148 ut
3175 5091 3427 5158 adiurem
3455 5093 3507 5145 te
3553 5106 3654 5161 per
3705 5091 3888 5144 Domi-

2243 5201 2381 5239 num
2411 5187 2586 5238 Deum
2603 5183 2728 5238 creti
2753 5191 2802 5237 et
2843 5189 3008 5237 tenari
3035 5179 3105 5238 ⁵ο.
3153 5181 3394 5251 Insuper
3433 5179 3620 5235 Jobus
3681 5179 3778 5233 ille
3827 5183 3908 5230 tot

2245 5273 2556 5345 generibus
2601 5271 2983 5326 certaminum
3023 5269 3410 5334 "exercitatus,
3469 5268 3574 5335 Qui
3623 5265 3892 5330 extendit,

2243 5357 2463 5434 inquit,
2495 5359 2654 5416 ctetos
2685 5359 2853 5428 solus,
2885 5359 2981 5430 qui
3033 5358 3291 5429 graditur
3335 5372 3499 5429 super
3535 5357 3737 5425 ﬂuctus
3773 5371 3886 5410 ma-

2244 5455 2323 5507 ris
2355 5451 2398 5486 ¹⁵¹
2431 5451 2609 5520 [sicut
2638 5465 2813 5520 super
2839 5447 3277 5520 pavimentum].

2297 5578 2341 5612 “
2373 5579 2480 5632 Isa.
2516 5591 2651 5640 xm,
2679 5575 2735 5629 5.
2817 5574 2858 5608 ⁴⁷
2901 5577 3012 5629 Isa.
3068 5591 3156 5644 an,
3203 5573 3294 5628 22.
3371 5571 3414 5606 ‘7
3463 5569 3576 5626 Isa.
3628 5587 3785 5636 κων,
3831 5569 3894 5622 2i

2275 5649 2320 5686 δι
2347 5647 2480 5706 Job.
2513 5663 2593 5716 1x,
2623 5645 2678 5699 8.
