4082 6306
249 417 400 475 1265

1579 417 1824 478 THESA
1839 416 1977 478 URI
2021 417 2171 477 LIB.
2231 418 2330 477 IV.

3504 433 3659 492 1266

319 549 386 604 Ut
432 551 624 605 autem
667 551 842 606 Vetus
893 551 1322 607 Testamentum
1370 569 1498 608 cum
1558 552 1712 608 Novo
1743 567 1890 607 con-
1925 552 1975 616 Α
2007 551 2612 622 estzprudentiorque
2653 555 2778 622 post
2832 554 3167 622 consilium,
3231 567 3292 613 ut
3322 560 3403 615 ita
3441 563 3648 633 dicam,

245 639 478 707 sentire,
537 642 594 692 et
641 641 845 694 eadem
901 654 1034 694 cum
1106 640 1202 696 illo
1263 643 1448 709 etfari,
1517 645 1692 713 atque
1757 642 1900 696 adeo

247 729 552 798 utriusque
585 727 806 784 rivulos
837 744 905 783 ex
926 729 1131 784 eodem
1166 730 1322 786 fonte
1361 731 1642 787 scaturire
1671 729 1896 802 perspi-

245 833 420 872 cuum
482 823 617 884 stat,
678 817 988 873 audiamus
1046 819 1332 875 Joannem
1391 823 1636 876 tonitrus
1684 819 1895 886 ﬁlium,

242 907 337 977 qui
371 907 570 962 omnia
602 906 784 962 Verbo
817 906 986 975 facta,
1031 925 1134 963 nec
1193 925 1394 964 eorum
1452 926 1580 980 quas
1613 910 1722 965 sub
1759 925 1893 963 sen-

243 1014 376 1052 sum
411 998 649 1066 cadunt,
691 1003 744 1050 et
773 1012 901 1067 quae
935 997 1229 1053 intellectu
1267 999 1692 1070 percipiuntur,
1725 999 1893 1069 quid-

244 1103 418 1157 quam
455 1086 579 1140 sine
609 1101 675 1140 eo
717 1087 1066 1157 productum
1102 1088 1332 1143 asserit.
1391 1093 1554 1157 Nam,
1585 1089 1719 1143 Sine
1749 1091 1890 1159 ipso,

241 1180 457 1249 inquit,
491 1181 705 1250 factum
733 1184 811 1233 est
840 1178 992 1234 nihil
1023 1179 1163 1250 quod
1193 1182 1404 1250 factum
1437 1184 1513 1235 est
1544 1180 1612 1236 ⁵2.

315 1269 640 1323 Audiamus
671 1277 725 1324 et
754 1267 1002 1323 Paulum
1043 1270 1463 1325 exclamantem
1491 1285 1504 1324 :
1555 1269 1615 1322 In
1645 1285 1704 1324 eo
1744 1270 1894 1335 facta

237 1373 347 1412 esse
375 1357 585 1422 omnia,
612 1374 708 1412 seu
739 1359 989 1412 visibilia
1019 1359 1150 1413 sint.
1176 1373 1272 1412 seu
1293 1358 1603 1414 invisibilia
1634 1358 1696 1412 ⁵³.
1733 1357 1890 1412 Idem

237 1447 395 1502 alibi.
431 1454 534 1504 Per
561 1463 685 1502 eum
734 1449 900 1502 Pater
950 1449 1082 1518 fecit
1129 1449 1356 1503 saecula.
1419 1449 1575 1502 Idem
1641 1464 1772 1503 cum
1835 1448 1892 1502 in

236 1541 531 1608 Areopago
583 1537 923 1592 concionem
983 1537 1238 1603 haberet,
1301 1537 1458 1592 hunc
1525 1537 1584 1591 in
1654 1539 1888 1592 modum

234 1625 464 1679 locutus
509 1633 632 1679 est:
689 1627 855 1690 Deus,
913 1641 1007 1696 qui
1051 1626 1180 1695 fecit
1248 1625 1534 1695 mundum,
1597 1630 1648 1679 et
1705 1626 1890 1680 omnia

229 1732 349 1785 quw
381 1717 434 1768 in
464 1731 523 1768 eo
555 1723 706 1781 sunt,
735 1716 848 1786 ipse
878 1715 1037 1769 dedit
1078 1716 1330 1769 omnibus
1364 1718 1528 1768 vitam
1557 1717 1606 1768 et
1639 1714 1885 1776 inspira-

234 1804 460 1868 tionem,
497 1807 546 1856 et
578 1806 801 1857 omnia:
833 1805 1072 1874 fecitque
1118 1819 1190 1858 ex
1219 1820 1326 1858 uno
1385 1806 1664 1873 sanguine
1715 1820 1886 1873 genus

2003 639 2195 695 evasit.
2227 642 2410 712 Atque
2443 642 2625 711 reipsa
2675 642 2895 712 didicit,
2950 646 3294 716 obsequium
3351 651 3651 708 rebellioni

2001 729 2136 798 quid
2173 738 2420 800 praestat.
2475 733 2663 796 Quare
2722 749 2961 802 serpens
3000 737 3250 792 scientia
3311 740 3480 796 dator
3533 759 3649 799 non

2001 823 2145 889 erat,
2179 822 2274 875 sed
2309 821 2482 876 arbor
2523 823 2780 878 scientiae
2819 825 2954 880 boni
2987 830 3042 881 et
3095 827 3233 883 mali
3269 834 3650 903 nuncUpaba—

2001 916 2114 963 tur.
2147 909 2200 964 Si
2235 911 2374 979 quid
2404 918 2588 966 autem
2643 914 3061 970 contrariorum
3115 918 3442 987 cognitione
3501 939 3644 991 pra:-

1998 999 2183 1053 ditum
2218 1000 2310 1065 sit,
2346 1017 2461 1055 non
2493 1001 2685 1056 statim
2720 1003 2963 1072 dignum
3011 1013 3117 1074 est,
3153 1009 3305 1076 quod
3339 1012 3645 1067 contrariis

1998 1091 2398 1143 accenseatur.
2436 1090 2649 1144 Eadem
2684 1092 2838 1145 enim
2881 1094 3099 1148 ratione
3158 1095 3342 1167 legem
3392 1109 3645 1156 contem-

1999 1178 2248 1232 nendam
2277 1178 2702 1246 judicabimus,
2735 1198 2861 1250 quae
2907 1185 3198 1240 contraria
3245 1186 3553 1256 discernat,
3588 1194 3645 1244 et

1998 1265 2237 1320 alternis
2299 1275 2538 1337 utraque
2596 1270 2901 1338 expendat.
2965 1272 3086 1326 [mo
3164 1291 3298 1330 vero
3355 1278 3641 1333 Adamum

1997 1355 2245 1424 Oportuit
2282 1356 2576 1411 observato
2613 1367 2890 1428 praecepto
2943 1361 3009 1414 ad
3048 1367 3227 1418 Deum
3285 1365 3638 1435 quibusdam

1997 1446 2159 1514 quasi
2195 1445 2473 1515 gradibus
2505 1449 2838 1516 ascendere,
2873 1456 2926 1504 et
2957 1450 3130 1504 veluti
3164 1455 3411 1522 quadam
3455 1472 3483 1510 e
3515 1473 3640 1526 spe-

1995 1533 2126 1588 cula
2163 1534 2694 1591 arboris'scientiae
2751 1539 2866 1591 vim
2919 1541 3338 1610 comtemplari,
3402 1551 3639 1615 tumque

1991 1624 2219 1678 demum
2265 1624 2388 1692 ejus
2418 1628 2780 1694 perceptione
2815 1644 2871 1682 se
2894 1629 3116 1695 efferre,
3151 1646 3282 1685 cum
3320 1649 3418 1701 per
3464 1639 3638 1690 Deum

1991 1712 2267 1778 licuisset,
2322 1715 2726 1784 perceptioque
2760 1716 2881 1786 ipsa
2922 1720 3131 1773 damno
3174 1720 3476 1790 caruisset,
3533 1738 3636 1777 nec

1990 1801 2058 1854 ad
2111 1801 2448 1855 deteriorem
2502 1808 2724 1872 partem
2771 1804 3128 1863 inclinasset.
3167 1813 3382 1864 Centra
3418 1819 3630 1879 autem,

234 1910 388 1947 omne
419 1893 704 1947 hominum
735 1894 1055 1948 inhabitare
1105 1909 1270 1963 super
1325 1895 1634 1948 universam
1681 1895 1882 1965 faciem
1914 1905 1960 1970 Β
1993 1906 2123 1944 cum
2154 1898 2432 1960 pracepta
2455 1893 2512 1946 in
2541 1893 2804 1947 omnium
2832 1895 3014 1950 oculis
3038 1901 3436 1970 transgressus
3460 1906 3635 1967 esset,

235 1990 389 2036 terra:
410 1981 476 2035 5“.
513 1985 675 2048 Item,
707 1983 844 2038 Fille
887 1981 1252 2053 intelligimus
1301 1987 1487 2053 aptata
1518 1998 1631 2037 esse
1675 1985 1880 2038 smeula

239 2073 401 2127 Verbo
433 2073 530 2127 Dei
557 2071 624 2125 ⁵⁵.

305 2162 490 2231 Atque
523 2160 646 2214 haec
680 2160 913 2230 quidem
946 2161 1017 2215 de
1041 2160 1200 2215 cmlis
1249 2168 1302 2215 et
1343 2160 1595 2216 saeculis.
1635 2162 1792 2226 Quod
1827 2162 1876 2216 si

228 2249 356 2319 quis
385 2249 615 2303 tertium
655 2248 812 2303 Pauli
867 2249 1074 2303 ccclum
1131 2250 1188 2304 in
1241 2250 1500 2304 medium
1562 2249 1785 2314 atl‘erat,
1822 2250 1872 2304 is

227 2354 358 2393 vero
391 2339 529 2393 sciat
563 2337 796 2392 unicum
833 2338 1061 2408 proprie
1109 2356 1141 2392 a
1191 2355 1357 2392 sacra
1411 2339 1711 2408 Scriptura
1756 2354 1872 2392 cce-

225 2427 346 2482 lum
383 2428 638 2497 agnosci,
673 2426 922 2497 reliquos
949 2431 1144 2482 autem
1184 2429 1330 2482 duos
1381 2428 1694 2500 improprie
1745 2427 1869 2482 cceli

227 2517 461 2572 nomine
507 2516 823 2587 designari.
867 2516 1058 2572 Unum
1106 2517 1344 2587 quidem
1409 2520 1556 2588 quod
1613 2519 1870 2573 secundo

225 2607 315 2660 die
373 2606 608 2672 factum,
671 2606 900 2677 proprie
959 2607 1392 2661 firmamentum
1447 2607 1667 2661 dictum
1742 2611 1869 2665 est:

243 2695 475 2751 abusive
534 2699 725 2750 autem
783 2694 983 2750 caelum
1017 2711 1030 2749 :
1061 2695 1275 2750 Vocavit
1321 2696 1493 2761 enim,
1540 2696 1728 2766 inquit
1773 2697 1869 2766 ﬁr-

236 2793 572 2839 mamentum
598 2785 790 2838 malum
822 2783 887 2838 ⁵⁸.
958 2784 1260 2856 Siquidem
1314 2784 1418 2839 hoc
1451 2785 1743 2840 diversum
1784 2795 1870 2840 est

235 2874 306 2929 ab
339 2889 426 2940 eo,
460 2874 609 2944 quod
646 2873 832 2943 primo
866 2873 959 2928 die
983 2878 1242 2928 creatum
1274 2877 1384 2939 est,
1408 2873 1583 2944 idque
1611 2874 1868 2929 nominis

223 2963 516 3030 sortitum,
545 2963 660 3016 sive
691 2963 828 3033 quia
876 2967 964 3017 est
993 2964 1160 3034 aquis
1193 2969 1583 3033 compactum,
1617 2971 1670 3018 et
1702 2963 1871 3019 idcir-

219 3067 287 3107 co
319 3052 748 3106 ﬁrmamentum
775 3051 1014 3119 dictum,
1062 3052 1176 3107 sive
1201 3053 1271 3106 ad
1308 3068 1616 3123 corporum
1659 3053 1864 3106 distin-

213 3139 492 3209 ctionem,
524 3157 650 3210 quae
682 3141 947 3210 superius
996 3149 1049 3195 et
1108 3140 1350 3195 inferius
1391 3141 1662 3209 contigua
1707 3149 1864 3209 sunt,

1991 1997 2095 2036 nec
2115 1983 2410 2051 auspicato
2440 1984 2693 2038 fructum
2731 1987 2955 2042 arboris
2987 1990 3238 2044 scientiae
3272 1992 3404 2046 boni
3438 2000 3490 2046 et
3514 2009 3631 2048 ma-

1988 2069 2028 2124 li
2061 2075 2371 2142 gustasset,
2408 2079 2560 2127 totus
2593 2075 2664 2127 ad
2685 2077 2973 2132 contraria
3006 2079 3274 2147 proclivis
3312 2097 3374 2135 se
3397 2098 3636 2139 conver-

1987 2159 2084 2214 tit:
2139 2175 2245 2214 nec
2289 2160 2471 2215 solum
2513 2178 2545 2215 a
2607 2163 2729 2217 vitae
2779 2165 2983 2220 arbore
3052 2166 3323 2222 exclusus
3369 2173 3476 2234 est,
3529 2171 3626 2225 sed

1978 2249 2116 2317 jure
2157 2249 2328 2304 etiam
2362 2267 2393 2303 a
2432 2252 2868 2307 conversatione
2926 2253 3022 2308 illa
3083 2259 3139 2309 et
3189 2260 3337 2310 statu
3399 2259 3633 2322 excidit,

1986 2338 2201 2408 quibus
2247 2343 2418 2393 antea
2477 2339 2685 2408 dignus
2739 2340 2970 2396 habitus
3021 2342 3227 2398 fuerat.
3299 2346 3456 2401 Dicat
3499 2364 3628 2404 vero

1983 2425 2154 2480 etiam
2184 2427 2476 2497 quispiam
2509 2429 2798 2483 Adamum
2851 2446 2978 2486 sese
3010 2433 3502 2502 speculationibus
3545 2439 3627 2492 al-

1982 2514 2230 2569 tioribus
2250 2531 2427 2585 quam
2475 2532 2575 2584 par
2605 2521 2777 2582 esset,
2811 2519 3122 2589 addixisse,
3163 2538 3406 2594 quaeque
3462 2523 3626 2595 inge-

1981 2603 2061 2657 nii
2117 2603 2208 2657 sui
2273 2603 2647 2672 capacitatem
2717 2607 3090 2661 excederent:
3153 2610 3285 2677 quia
3346 2611 3623 2666 nimirum

1982 2691 2118 2746 boni
2170 2689 2424 2761 malique
2469 2691 2713 2746 scientia
2762 2694 3012 2762 praeditas
3074 2704 3282 2752 essent.
3353 2698 3508 2760 Quod
3564 2700 3623 2754 in

1976 2796 2149 2836 causa
2176 2780 2366 2846 fuerit,
2406 2787 2463 2834 ut
2504 2799 2535 2834 a
2576 2781 2691 2836 Deo
2751 2783 3066 2852 ejiceretur.
3126 2786 3419 2855 Ejusmodi
3468 2789 3620 2843 enim

1976 2885 2170 2926 eorum
2221 2869 2314 2940 qui
2371 2873 2506 2924 sunt
2561 2871 3073 2940 contemplationes
3122 2874 3313 2929 multis
3363 2877 3622 2947 principi-

1978 2960 2068 3013 tiis
2115 2961 2353 3024 scatent,
2407 2958 2724 3029 multosque
2771 2976 2802 3013 a
2858 2977 2990 3015 vera
3031 2962 3099 3016 de
3155 2962 3270 3018 Deo
3318 2967 3618 3020 sententia.

1975 3047 2133 3118 quasi
2163 3046 2383 3102 obtorto
2417 3047 2586 3115 collo,
2620 3054 2970 3104 transversos
3026 3057 3219 3119 agunt,
3253 3053 3616 3121 quemadmo-

1975 3137 2130 3202 dum,
2164 3135 2315 3190 verbi
2350 3136 2549 3204 gratia,
2580 3135 2838 3205 Ophitas,
2861 3139 2929 3190 de
2960 3139 3168 3208 quibus
3214 3156 3368 3196 nunc
3397 3143 3619 3212 agimus

219 3246 342 3298 quae
375 3229 608 3299 quidem
630 3245 763 3282 cum
795 3228 992 3283 tenuia
1023 3233 1079 3283 et
1111 3229 1397 3300 pellucida
1417 3228 1556 3296 sint,
1582 3229 1690 3283 hoc
1723 3230 1862 3300 quia
1892 3259 1935 3325 ρ
1974 3226 2558 3297 philosophorumque
2605 3231 2861 3282 veterum
2921 3227 3218 3297 plurimos.
3265 3231 3620 3287 Democritus

219 3333 482 3371 crassum
516 3324 598 3371 est
629 3333 992 3387 corporeum,
1038 3315 1320 3389 στερέωμα
1368 3333 1471 3372 seu
1517 3317 1857 3372 ﬁrmamen-

220 3411 340 3458 tum
377 3403 589 3457 dictum
624 3408 744 3459 est:
796 3403 1010 3476 στερεὸν
1041 3405 1197 3460 enim
1248 3421 1279 3458 a
1308 3406 1615 3476 geometris
1648 3423 1860 3476 corpus

217 3492 329 3544 dici
358 3491 522 3557 solet,
577 3494 856 3563 quoniam
889 3498 1007 3548 tres
1056 3494 1112 3547 in
1162 3497 1354 3564 partes
1402 3494 1711 3561 diducitur,
1757 3511 1861 3551 nec

218 3579 394 3636 tactui
429 3581 601 3649 cedit,
635 3590 728 3637 aut
759 3583 1110 3654 obsequitur.
1146 3583 1639 3648 Quemadmodum
1669 3593 1859 3640 autem

217 3670 653 3726 ﬁrmamentum
701 3672 808 3727 hoc
866 3673 1012 3742 quod
1067 3671 1240 3743 primi
1276 3672 1401 3727 coeli
1448 3673 1628 3728 vicem
1675 3674 1859 3728 adim-

217 3758 354 3830 plet,
390 3760 514 3814 ccnli
546 3776 758 3815 nomen
778 3762 1048 3832 adeptum
1072 3765 1180 3827 est,
1213 3760 1296 3815 ita
1326 3761 1500 3815 etiam
1534 3762 1860 3830 proximum

214 3846 300 3902 illi
354 3848 732 3916 elementum,
786 3865 902 3918 aer,
972 3850 1112 3920 quia
1179 3850 1486 3919 contiguus
1552 3851 1722 3905 nobis
1750 3855 1860 3917 est,

213 3952 467 4007 eumque
501 3936 686 4006 primo
713 3938 1097 4009 suspicientes
1128 3937 1447 4005 intuemur,
1482 3940 1701 4009 majore
1724 3953 1860 3993 cum

212 4026 397 4080 abusu
427 4025 638 4081 cmlum
663 4027 896 4083 dicitur.
926 4027 1044 4082 Erit
1076 4027 1250 4093 enim,
1304 4028 1499 4098 inquit
1544 4027 1861 4096 Scriptura,

211 4112 404 4167 caelum
455 4115 596 4185 quod
644 4132 812 4187 supra
851 4132 939 4170 vos
1002 4126 1098 4187 est,
1140 4132 1364 4170 aereum
1419 4114 1484 4169 ⁵⁷.
1527 4116 1593 4170 Et
1657 4115 1859 4184 David,

215 4203 477 4258 Volucres
488 4204 1156 4276 cazli53.Maximusigitur
1178 4204 1388 4260 Paulus
1400 4220 1585 4260 aerem
1603 4211 1654 4259 et
1669 4205 1862 4259 ﬁrma-

219 4296 476 4347 mentum
501 4299 910 4364 praztervectus
940 4297 998 4348 in
1039 4295 1166 4364 ipso
1200 4295 1389 4365 primo
1423 4297 1478 4348 et
1510 4293 1674 4349 tertio
1697 4295 1862 4361 coelo,

212 4382 434 4438 ratione
467 4384 688 4439 ordinis
722 4385 1063 4440 interiorum
1097 4385 1166 4438 ad
1203 4385 1526 4454 superiora,
1555 4385 1860 4455 requievit.

293 4479 370 4532 Eo
402 4478 563 4542 item,
603 4477 754 4547 quod
809 4476 1034 4531 homini
1098 4492 1131 4530 a
1172 4479 1437 4547 serpente
1476 4475 1863 4540 cognitionem

212 4571 402 4624 datam
463 4583 589 4622 esse
637 4566 853 4632 dicunt,
915 4569 1230 4620 extremam
1290 4564 1647 4634 impietatem
1697 4566 1863 4619 redo-

1974 3314 2125 3369 enim
2158 3328 2359 3383 aquam
2410 3313 2588 3368 Deum
2623 3329 2743 3369 esse
2790 3315 2952 3369 dixit.
3003 3317 3385 3374 Anaximenes
3432 3336 3618 3376 aerem

1972 3393 2316 3472 principium
2374 3403 2624 3473 primum
2683 3412 2736 3458 et
2794 3421 3083 3460 summum
3165 3424 3292 3463 esse
3353 3410 3616 3464 asseruit.

1969 3493 2332 3561 Anaxagoras
2396 3493 2650 3548 idearum
2714 3495 3141 3564 particularium
3199 3499 3616 3566 aequalitatihus

1970 3580 2243 3646 attribuit,
2300 3597 2436 3650 quas
2494 3579 2886 3652 ὁμοιομερείας
2945 3585 3120 3638 Graeci
3172 3589 3392 3639 vocant.
3454 3587 3614 3642 Alius

1972 3669 2114 3725 caelo
2148 3670 2529 3725 universitatis
2588 3671 2762 3740 hujus
2821 3673 3366 3729 administrationem
3428 3676 3613 3730 ascri-

1972 3762 2100 3830 psit.
2137 3760 2245 3813 Alii
2279 3761 2522 3829 denique
2552 3777 2683 3815 cum
2712 3761 2822 3818 alio
2875 3764 3042 3818 modo
3074 3765 3142 3818 ad
3184 3767 3388 3819 variam
3425 3783 3612 3821 rerum

1972 3865 2108 3919 quas
2138 3848 2286 3903 Deus
2327 3850 2532 3903 creavit
2593 3851 2996 3922 cognitionem,
3033 3859 3296 3923 tanquam
3344 3856 3411 3908 ad
3443 3856 3616 3911 arbo-

1975 3953 2089 3993 rem
2135 3937 2385 3992 scientiae
2419 3937 2552 3993 boni
2607 3947 2660 3992 et
2713 3940 2867 4006 mali,
2928 3943 3183 3995 animum
3242 3943 3611 4015 appellerent,

1972 4027 2184 4082 exitiali
2231 4042 2289 4081 se
2346 4026 2514 4082 morti
2567 4029 2992 4098 manciparunt,
3057 4038 3275 4086 tantum
3317 4033 3517 4102 abt'uit,
3552 4041 3614 4090 ut

1971 4115 2189 4171 arboris
2215 4114 2340 4169 vitae
2401 4117 2708 4186 participes
2764 4126 2975 4174 essent.
3027 4120 3198 4176 Porro
3245 4126 3421 4177 Deum
3470 4125 3612 4179 Ada—

1973 4221 2097 4260 mus
2137 4205 2348 4274 absque
2405 4205 2740 4262 intermedio
2801 4223 2916 4262 non
2971 4209 3150 4280 videt,
3209 4215 3308 4265 aut
3369 4219 3610 4269 stantem

1971 4310 2157 4350 coram
2191 4294 2483 4363 obtuetur,
2517 4295 2610 4348 sed
2661 4296 2842 4351 solum
2885 4297 2942 4352 in
2993 4300 3258 4367 paradiso
3320 4303 3610 4372 prodeam-

1975 4382 2260 4437 bulantem
2315 4383 2494 4449 audit,
2557 4390 2613 4437 ut
2657 4384 2742 4438 his
2810 4400 3032 4455 quoque
3087 4389 3250 4443 verba
3311 4390 3610 4464 faciamus,

1975 4472 2231 4542 quamvis
2265 4471 2334 4527 ab
2367 4471 2626 4527 instituto
2652 4481 2984 4541 argumento
3044 4475 3230 4531 aliena
3277 4479 3408 4533 sint.
3456 4480 3610 4542 Quo-

1973 4565 2125 4619 niam
2188 4567 2302 4617 stat
2331 4564 2557 4633 quidem
2619 4568 2762 4618 Deus
2800 4564 2868 4618 iis
2927 4565 3023 4634 qui
3078 4572 3245 4632 stant,
3299 4573 3612 4638 caventque

213 4659 355 4714 lent.
410 4655 659 4712 Mosaica
702 4657 857 4710 enim
925 4653 1173 4709 historia
1219 4653 1506 4708 Adamum
1565 4653 1868 4708 animanti-
1895 4629 1941 4692 D
1975 4668 2046 4708 ne
2075 4653 2146 4706 ab
2179 4652 2402 4707 honesti
2436 4653 2659 4708 actione
2699 4653 2982 4708 decidant.
3033 4653 3115 4706 Ab
3154 4654 3610 4711 inconstantibus

213 4747 322 4802 bus
364 4747 601 4801 nomina
653 4744 1079 4815 imponentem.
1128 4742 1350 4812 hocque
1399 4742 1571 4796 modo
1613 4740 1682 4795 de
1753 4742 1862 4797 Eva

220 4835 605 4890 disserentem
655 4832 995 4888 introducit:
1038 4832 1144 4886 Hoc
1191 4831 1368 4902 igitur
1415 4846 1471 4885 os
1532 4845 1601 4884 ea:
1653 4830 1860 4885 ossibus

207 4923 370 4990 meis,
419 4927 470 4978 et
506 4939 636 4979 caro
681 4939 750 4978 ea:
791 4938 956 4977 carne
1013 4937 1133 4976 mea
1183 4921 1245 4974 5°.
1278 4920 1382 4983 Qui
1443 4935 1572 4975 cum
1627 4920 1860 4976 Domini

210 5020 561 5084 praeceptum
590 5011 756 5066 nihili
804 5011 1056 5075 fecisset,
1083 5024 1194 5080 quo
1235 5007 1549 5063 cavebatur
1591 5015 1647 5061 ut
1691 5008 1859 5062 arbo-

211 5117 307 5166 res
339 5116 564 5165 omnes,
599 5101 808 5169 quibus
845 5101 1018 5154 Edam
1072 5098 1428 5152 immensum
1506 5094 1861 5163 luxuriabat,

207 5193 612 5254 contrectaret,
685 5189 939 5258 indeque
1027 5187 1240 5241 victum
1302 5186 1413 5240 sibi
1485 5189 1734 5256 pararet,
1789 5185 1861 5239 ab

208 5279 384 5332 unica
405 5294 537 5333 vero
571 5279 821 5334 scientia:
865 5278 1072 5332 arbore
1130 5274 1471 5341 abstineret,
1515 5290 1862 5343 causamque

208 5368 350 5421 adeo
375 5367 549 5438 hujus
569 5367 648 5423 rei
676 5371 1034 5440 compertam
1085 5365 1409 5434 habuisset,
1462 5364 1580 5417 imo
1613 5381 1863 5435 praesens

208 5475 240 5513 a
272 5467 558 5534 praesente
587 5459 835 5514 Domino
859 5457 1099 5512 auribus
1125 5454 1466 5525 excepisset,
1500 5470 1615 5509 non
1648 5453 1864 5524 injuria

213 5553 500 5624 Deijussu
526 5548 832 5612 exsulavit,
865 5553 917 5599 et
948 5545 1288 5599 deliciarum
1321 5544 1485 5598 horto
1526 5543 1863 5599 exturbatus

286 5677 336 5710 ⁵³
386 5680 552 5735 Joan.
577 5694 618 5740 ι,
647 5676 680 5728 3
706 5682 732 5724 .'
793 5670 839 5704 ⁵³
862 5670 1140 5740 Coloss.1_,
1175 5668 1259 5720 16.

213 5750 260 5785 ⁵³
293 5749 442 5807 Psal.
479 5738 682 5816 vm,’6.
714 5743 758 5777 ‘9
788 5742 931 5797 Gen.
967 5756 1030 5808 ιι,
1069 5738 1159 5792 23.

1337 5667 1382 5700 ⁶⁴
1421 5668 1544 5722 Aet.
1586 5683 1724 5738 xvn,
1759 5671 2015 5739 24.seqq.
2163 5664 2315 5719 Hebr
2341 5680 2418 5730 x1,
2455 5663 2509 5718 3.

1974 4748 2185 4807 autem,
2219 4748 2271 4795 et
2294 4741 2589 4812 obliquam
2620 4743 2690 4796 ab
2724 4742 2794 4796 iis
2825 4757 2948 4812 quae
3006 4740 3244 4796 meliora
3286 4751 3415 4798 sunt
3460 4746 3610 4800 viam

1969 4829 2346 4896 sectantibus,
2399 4829 2717 4884 dimovetur
2775 4845 3001 4900 quoque
3060 4829 3233 4900 Deus,
3292 4837 3345 4886 et
3401 4832 3512 4887 alio
3550 4850 3612 4888 se

1969 4918 2206 4985 confert,
2240 4932 2419 4988 eaque
2450 4917 2521 4971 de
2553 4933 2722 4972 causa
2754 4917 2907 4971 Deus
2954 4933 3204 4990 vespere,
3238 4923 3300 4973 ut
3346 4919 3611 4994 arbitror,

1969 5022 2086 5061 non
2125 5012 2312 5062 autem
2362 5020 2549 5070 mane,
2600 5013 2658 5060 ut
2711 5005 2888 5075 prius,
2935 5006 3151 5061 Adamo
3182 5007 3490 5064 videndum
3550 5027 3613 5066 se

1971 5096 2184 5162 prabet
2214 5095 2342 5164 quia
2371 5094 2648 5149 nimirum
2681 5110 2857 5164 capax
2887 5095 3134 5163 amplius
3177 5113 3290 5152 non
3337 5103 3476 5168 erat,
3519 5101 3613 5155 cui

1970 5184 2290 5254 splendoris
2333 5183 2510 5237 divini
2569 5183 2770 5237 Oriens
2828 5183 3200 5248 illucesceret,
3254 5188 3468 5259 quippe
3520 5191 3614 5245 cui

1974 5279 2095 5344 post
2134 5272 2644 5340 transgressionem
2693 5272 2895 5326 obtusa
2939 5288 3211 5329 sensuum
3262 5292 3468 5344 organa
3513 5278 3612 5332 he-

1973 5364 2288 5416 bescerent.
2319 5365 2500 5414 Antea
2546 5361 2693 5414 enim
2741 5375 2856 5414 non
2909 5375 2975 5414 ex
3005 5361 3302 5419 intervallo
3335 5380 3461 5418 cum
3496 5364 3612 5420 Deo

1971 5450 2422 5521 colloquebatur,
2466 5465 2648 5520 neque
2680 5449 2779 5515 ita,
2814 5458 2870 5503 ut
2901 5467 3055 5506 nunc
3085 5453 3320 5522 quidem
3369 5453 3611 5520 adesset,

1975 5557 2130 5597 nunc
2159 5555 2290 5595 vero
2317 5539 2579 5594 abesset:
2615 5539 2730 5593 imo
2762 5555 2928 5594 mane
2973 5545 3029 5594 et
3061 5543 3322 5608 meridie,
3357 5542 3463 5597 hoc
3503 5550 3612 5612 est,

2594 5661 2640 5696 ⁵⁸
2671 5663 2811 5718 Gen.
2846 5681 2886 5731 Ι,
2911 5663 2965 5720 8.
3048 5662 3096 5697 ⁵⁷
3118 5668 3260 5719 Deut
3293 5683 3488 5720 xxvm.
3516 5669 3604 5721 28.
