4082 6306
477 437 506 496 1
517 437 629 496 26"]

1795 428 2106 490 NICETIE
2147 427 2568 490 CHONIA'I‘AE

3733 421 3888 484 1308

478 583 611 623 cum
644 563 936 620 intellectu
969 569 1022 618 et
1053 560 1413 632 cogitatione,
1445 561 1692 630 denique
1747 561 2118 632 spiritualiter
2149 565 2204 630 Α
2237 562 2372 616 tiem
2427 561 2707 616 nonnulla
2758 559 3042 630 prastatus,
3105 557 3226 613 haec
3257 556 3527 627 sulijiclt:
3587 555 3886 612 Miserrimi

477 673 610 713 cum
669 655 928 709 Creatore
966 667 1066 706 suo
1141 653 1588 707 conversabatur
1655 659 1708 706 et
1763 651 2128 722 eolloqueba-

477 752 590 801 tur.
625 745 819 799 Postea
848 757 979 797 vero
1012 757 1183 812 quam
1217 758 1247 793 a
1304 741 1492 810 seipse
1543 740 1720 796 divini
1745 741 1918 810 jubar
1957 741 2130 796 lumi-

485 835 577 890 nis
607 831 867 898 exclusit,
912 837 1045 885 tunc
1079 829 1322 896 audivit,
1381 837 1438 884 ut
1471 830 1768 899 Scriptura
1806 831 1996 897 refert,
2029 847 2134 885 vo-

481 938 604 979 cem
685 921 914 977 Domini
992 917 1520 989 prodeambulantis
1575 919 1636 972 in
1708 920 1970 989 paradiso
2027 919 2132 973 sub

477 1027 794 1082 vesperam,
828 1018 882 1065 et
915 1009 1166 1064 occuluit
1215 1024 1294 1072 se,
1343 1008 1476 1078 quia
1529 1008 1718 1062 nudus
1751 1014 1886 1062 erat.
1923 1012 2134 1062 Praeter

477 1117 544 1156 eo
575 1116 700 1170 quas
723 1101 848 1170 jam
882 1098 1030 1153 dicta
1061 1099 1214 1163 sunt,
1249 1096 1465 1166 OpbiltB
1508 1097 1614 1150 hoc
1654 1112 1884 1168 quoque
1933 1104 2134 1151 contra

475 1193 756 1258 receptam
809 1187 1029 1257 piorum
1080 1185 1421 1240 sententiam
1481 1193 1783 1240 astruunt:
1817 1186 1965 1255 quod
2020 1187 2134 1241 sci-

479 1278 610 1332 licet
668 1275 952 1331 Dominus
999 1275 1166 1329 Jesus
1215 1276 1454 1328 formam
1511 1273 1792 1343 serpentis
1859 1273 2130 1339 induerit,

480 1375 646 1436 atque
695 1366 770 1419 ita
815 1362 1066 1433 Virginis
1117 1369 1338 1417 uterum
1391 1363 1652 1428 subierit,
1687 1365 1830 1433 quod
1862 1363 1918 1418 in
1965 1380 2134 1419 causa

477 1455 606 1522 fuit,
643 1461 702 1509 ut
752 1447 1048 1524 Apostolus
1096 1451 1468 1507 exclamarit:
1529 1452 1796 1519 Quicum
1846 1451 1904 1506 in
1954 1455 2134 1522 forma

481 1547 578 1602 Dei
605 1548 760 1614 esset,
794 1560 904 1598 non
933 1543 1190 1613 rapinam
1222 1542 1535 1598 arbitratus
1581 1546 1662 1596 est
1691 1529 1764 1597 'se
1808 1557 1925 1597 esse
1947 1559 2133 1612 aequa-

483 1639 589 1692 lem
618 1636 744 1701 Deo,
783 1632 872 1687 sed
925 1631 1244 1687 exinaniri:
1293 1633 1642 1702 semetipsum
1694 1634 1932 1702 formam
1989 1635 2134 1687 servi

482 1725 756 1795 accipiens
787 1723 852 1776 ⁸ο.
915 1722 1051 1785 Quae
1082 1721 1237 1776 enim
1274 1725 1386 1776 Deo
1433 1737 1564 1776 cum
1588 1721 1969 1776 animantium
2015 1738 2134 1776 om-

487 1815 643 1868 nium
697 1811 942 1867 maxime
996 1809 1328 1866 detestando
1387 1814 1668 1880 serpente,
1706 1811 1798 1878 qui
1857 1810 2132 1865 Adamum

483 1903 955 1966 circumvenerat,
1003 1898 1448 1954 communicatio
1496 1899 1624 1954 est?
1679 1899 1784 1954 Sed
1837 1899 1936 1953 Dei
1995 1899 2130 1953 Ver-

489 1991 652 2056 bum,
693 2004 825 2044 oum
884 1988 942 2041 in
1003 1987 1206 2056 forma,
1270 2002 1372 2042 seu
1434 1986 1750 2041 substantia
1807 1985 1907 2041 Dei
1965 1993 2128 2054 esset,

489 2094 594 2134 nec
636 2078 758 2148 ejus
808 2077 1052 2132 essentia
1101 2091 1201 2144 per
1247 2075 1528 2144 rapinam,
1581 2077 1680 2131 sed
1731 2083 1986 2130 naturam
2039 2093 2132 2145 po-

487 2167 627 2229 tius,
650 2180 886 2234 eamque
915 2164 1056 2218 adeo
1088 2163 1386 2232 ejusmodi,
1440 2179 1560 2233 quos
1602 2164 1785 2218 amitti
1819 2165 1978 2218 nullo
2007 2181 2128 2219 mo-

489 2255 564 2308 do
597 2253 790 2322 possit,
832 2251 1068 2322 aequalis
1099 2252 1214 2307 Deo
1261 2257 1443 2318 esset;
1489 2252 1742 2322 seipsum
1797 2253 2128 2320 exinanivit,

483 2343 730 2398 formam
763 2341 929 2410 servi,
957 2341 1060 2396 hoc
1082 2349 1164 2397 est
1187 2341 1498 2396 humanam
1523 2348 1783 2397 naturam
1817 2344 2126 2413 accipiens,

485 2430 963 2502 quemadmodum
1026 2435 1083 2484 et
1127 2429 1183 2484 in
1243 2431 1619 2500 sequentibus
1675 2434 1948 2500 ostendit,
1999 2449 2126 2488 eum

479 2519 579 2584 ait,
611 2520 692 2574 Ad
719 2517 1146 2574 similitudinem
1165 2518 1448 2574 hominum
1477 2521 1660 2590 factus
1689 2521 1754 2575 ⁸³.
1791 2524 1974 2588 Quare
1995 2539 2128 2578 cum

479 2608 720 2663 Paulum
757 2607 980 2678 Ophites
1031 2608 1091 2664 in
1126 2607 1378 2664 medium
1428 2608 1686 2678 afferant,
1723 2613 1786 2665 ut
1815 2610 2124 2666 Dominum

477 2697 666 2753 forma
695 2698 977 2768 serpentis
1008 2703 1303 2767 assumpta
1325 2697 1628 2768 Virginem
1657 2699 1902 2755 subiisse
1926 2701 2129 2756 contir-

483 2795 658 2857 ment,
715 2803 746 2841 a
802 2787 979 2842 Paulo
1031 2787 1152 2856 ipso
1212 2786 1561 2858 ventriloqui
1625 2789 1924 2859 perspicue
1959 2805 2128 2846 coar-

479 2885 759 2948 guuutur,
791 2877 909 2932 imo
941 2877 1056 2932 illis
1086 2894 1149 2932 os
1187 2881 1466 2948 tanquam
1515 2879 1840 2950 vaniloquis
1879 2880 2124 2936 obstrui-

477 2974 588 3022 tur.
621 2965 900 3022 Cseterum
932 2965 1026 3035 qui
1049 2967 1173 3021 ﬁeri
1219 2972 1419 3036 potest,
1463 2975 1522 3022 ut
1568 2969 1809 3023 formam
1849 2971 2125 3040 serpentis

481 3055 756 3110 Dominus
807 3055 1110 3124 acceperit,
1171 3069 1340 3125 quem
1413 3057 1484 3111 de
1535 3057 1722 3112 medio
1785 3057 2122 3115 sublaturus

477 3147 725 3212 venerat,
759 3149 1039 3214 tanquam
1081 3144 1361 3199 daemonis
1417 3145 1803 3213 emissarium,
1836 3147 1934 3217 qui
1965 3149 2120 3204 Ada-

477 3247 662 3299 mum,
699 3231 806 3286 hoc
837 3239 922 3284 est
953 3245 1227 3285 manuum
1257 3247 1492 3285 suarum
1523 3247 1692 3302 opus,
1733 3233 2123 3289 circumvene-

2235 651 2390 706 enim
2445 650 2730 710 carnalem
2797 658 2850 706 ct
2908 665 3220 704 venereum
3294 645 3666 709 concubitum
3725 645 3886 702 rebus

2237 739 2414 796 sacris
2444 743 2772 804 accensent,
2825 747 2876 794 et
2909 737 2977 792 ab
3009 753 3074 792 eo
3117 735 3227 791 sibi
3277 735 3336 790 in
3367 735 3468 792 Dei
3529 735 3738 804 regiam
3769 735 3888 790 adi-

2237 833 2356 883 tum
2391 829 2730 898 patefactum
2783 827 2848 883 iri
2891 833 3108 897 putant.
3165 827 3328 882 Certe
3384 825 3450 880 ad
3509 841 3690 894 ganea
3749 841 3892 880 cou-

2239 920 2502 973 sectanda
2555 918 2860 973 fenestram
2915 917 3092 986 aperit
3155 915 3486 984 hujusmodi
3535 915 3891 980 communio,

2239 1023 2549 1077 eorumque
2606 1007 2892 1070 oeietatis
2947 1005 3076 1060 albo
3137 1019 3269 1060 suos
3329 1011 3382 1059 ct
3437 1003 3588 1059 hirci
3651 1003 3894 1058 libenter

2239 1097 2612 1152 ascribantur.
2657 1097 2740 1151 Sit
2779 1112 2912 1152 vero
2959 1095 3160 1151 iisdem
3213 1095 3528 1164 praecipua
3565 1095 3622 1148 et
3652 1093 3892 1148 maxima

2240 1203 2366 1256 spes
2397 1187 2454 1242 in
2509 1187 2580 1242 iis
2631 1186 3026 1242 meretricibus
3079 1185 3349 1255 reposita,
3397 1199 3516 1254 quae
3570 1184 3632 1240 in
3681 1183 3894 1240 fornice

2240 1279 2515 1346 prostant,
2549 1283 2602 1331 et
2623 1277 2763 1332 citra
2795 1276 3080 1332 delectum
3109 1273 3343 1346 quosvis
3373 1273 3644 1330 accedere
3697 1273 3892 1328 volen-

2240 1372 2326 1422 tes
2359 1367 2716 1436 impudenter
2769 1367 3093 1422 admittunt.
3147 1365 3286 1420 Aliis
3317 1381 3481 1434 porro
3511 1365 3574 1420 in
3629 1365 3890 1420 eamdem

2239 1456 2580 1510 sententiam
2615 1455 2843 1522 additis,
2877 1455 3084 1510 infert:
3126 1457 3262 1514 Haec
3293 1461 3346 1508 et
3395 1453 3727 1522 bujusmodi
3767 1461 3892 1508 sunt

2243 1544 2674 1600 Pronioonsium
2707 1545 2990 1614 dogmata,
3025 1543 3122 1614 qui
3171 1559 3232 1598 se
3261 1542 3558 1598 Gnusticos
3617 1540 3762 1598 falso
3793 1559 3892 1598 no-

2243 1635 2400 1689 mine
2419 1634 2704 1690 dixerunt.

2549 1761 2828 1816 Haereseos
2853 1758 3212 1832 praecedentis
3247 1759 3572 1828 con/utatio.

2317 1886 2370 1940 Si
2403 1886 2564 1941 Plato
2603 1887 2896 1946 Platonico
2956 1901 3110 1944 more
3169 1885 3390 1948 locutus
3437 1893 3540 1950 est,
3601 1887 3888 1956 nec'prae-

2243 1983 2396 2034 tento
2427 1977 2846 2046 iegumiationis
2877 1977 3105 2044 cortice,
3157 1975 3617 2047 philosophicum
3653 1991 3884 2032 sensum

2240 2066 2512 2137 occuluit,
2547 2067 2694 2122 haud
2737 2067 2907 2121 dubie
2957 2067 3110 2121 Plato
3145 2066 3378 2135 indigna
3408 2081 3466 2121 se
3497 2072 3616 2120 tum
3653 2067 3887 2122 molitus

2240 2161 2346 2225 est,
2403 2171 2530 2212 cum
2591 2155 2816 2226 nuptias
2870 2171 3204 2214 communes
3273 2171 3395 2212 esse
3451 2155 3570 2211 suis
3645 2156 3886 2212 sancivit

2241 2245 2473 2315 legibus.
2515 2245 2656 2302 Nam
2703 2245 2996 2302 Prodicum
3025 2245 3172 2312 sino,
3227 2252 3280 2302 et
3311 2245 3405 2316 qui
3438 2245 3698 2302 Platonis
3727 2246 3888 2300 audi-

2239 2340 2389 2392 tores
2419 2334 2794 2392 dissentaneis
2826 2334 3044 2404 sibiqua
3075 2334 3455 2392 dissimilibus
3503 2334 3766 2405 magistri
3807 2334 3890 2390 sui

2239 2424 2624 2496 opinionibus,
2687 2431 2952 2495 tanquam
3039 2439 3246 2479 musaea
3321 2421 3636 2492 ulceribus,
3711 2423 3893 2478 inﬂati

2239 2519 2393 2573 sunt.
2445 2516 2550 2582 Qui
2611 2514 2762 2576 enim
2823 2514 3255 2576 communitatis
3333 2513 3636 2570 mulierum
3699 2519 3894 2570 auctor

2237 2612 2345 2672 est,
2377 2605 2425 2658 is
2458 2601 2600 2660 nihil
2651 2603 2830 2672 aliud,
2881 2619 3050 2673 quam
3083 2603 3384 2660 nationum
3439 2603 3726 2672 omnium,
3761 2603 3888 2658 toti—

2236 2709 2416 2766 usque
2445 2691 2670 2763 generis
2702 2693 2938 2750 humani
2973 2693 3372 2752 confusionem
3403 2693 3740 2748 introducit.
3786 2694 3884 2760 Qui

2235 2783 2388 2839 enim
2423 2783 2544 2838 fieri
2603 2785 2810 2854 potest,
2873 2789 2934 2838 ut
2981 2797 3049 2840 ex
3110 2781 3437 2851 hujusmodi
3489 2782 3886 2852 complexibus

2233 2881 2390 2944 pater
2447 2872 2597 2928 ullus
2649 2877 3046 2940 cognoscatur,
3109 2878 3163 2928 et
3220 2871 3410 2927 caeteri
3469 2871 3882 2942 consanguinei

2232 2960 2731 3018 demonstrantur?
2758 2961 2830 3018 At
2857 2968 3007 3016 certe
3051 2965 3202 3016 Deus
3263 2960 3406 3016 nihil
3451 2960 3692 3016 confuse
3731 2975 3886 3022 crea-

2231 3051 2330 3118 vit,
2363 3053 2459 3106 sed
2491 3050 2584 3106 ubi
2615 3049 2862 3120 primum
2894 3049 3187 3108 materiam
3221 3057 3462 3122 quatuor
3503 3050 3562 3104 in
3597 3051 3886 3108 elementa

2232 3140 2576 3211 digessisset,
2601 3155 2667 3194 ex
2711 3139 2825 3196 illis
2856 3139 3010 3197 hunc
3059 3155 3228 3210 quem
3287 3139 3570 3208 videmus,
3601 3143 3882 3198 mundum

2231 3229 2544 3286 fabricavit.
2581 3229 2682 3285 ilic
2714 3245 2846 3286 vero
2905 3229 3038 3284 dum
3071 3244 3436 3286 communem
3483 3228 3652 3284 nobis
3695 3234 3886 3286 Vene-

475 3321 605 3374 rat?
634 3319 792 3382 Quod
825 3318 980 3372 enim
997 3319 1126 3388 quis
1155 3298 1799 3391 expetendumjudicat,
1833 3323 1889 3376 id
1911 3339 2120 3394 magna
2150 3298 2200 3362 Ο
2233 3335 2352 3374 rem
2379 3317 2503 3388 lege
2531 3319 2827 3388 permittit,
2865 3333 2968 3374 nec
2991 3334 3120 3378 cum
3169 3317 3388 3374 delectu
3449 3317 3676 3374 mulieri
3707 3319 3892 3374 adhae-

475 3423 710 3478 quoque
757 3407 1057 3478 diligentia
1102 3407 1489 3478 prosequitur,
1561 3410 1716 3479 quod
1760 3427 1892 3467 vero
1942 3429 2116 3468 nocu-

476 3499 757 3566 mentum,
809 3500 1084 3566 tanquam
1137 3495 1250 3551 sibi
1293 3498 1666 3566 contrarium,
1709 3501 1914 3556 afferre
1963 3503 2118 3558 novit

469 3585 528 3640 id
555 3593 864 3652 aversatur,
901 3602 1008 3641 nec
1045 3585 1161 3641 ulla
1217 3601 1449 3656 prorsus
1495 3588 1780 3645 affinitate
1825 3589 1934 3644 sibi
1977 3607 2112 3647 con-

465 3675 676 3746 jungﬂ.

1167 3787 1318 3843 CAP.
1351 3787 1420 3844 X.

653 3904 877 3962 Decima
907 3903 1153 3974 him-esis,
1187 3903 1411 3960 Prodici
1444 3912 1498 3964 et
1526 3905 1932 3972 Adamitarum.

545 4030 898 4087 Platonicam
931 4031 1208 4087 Prodicus
1265 4031 1633 4101 disciplinam
1696 4049 1830 4090 cum
1879 4051 2110 4106 percur-

473 4121 664 4188 risset,
726 4135 923 4176 eorum
977 4121 1078 4190 qui
1141 4121 1419 4176 Adamita's
1492 4121 1770 4178 dicuntur
1836 4124 2114 4184 haereseos

473 4215 672 4264 auctor
729 4207 857 4274 fuit,
919 4207 1334 4280 publicamque
1405 4209 1727 4267 libidinosae
1796 4216 2114 4288 pruriginis

470 4297 761 4352 licentiam
821 4296 1234 4365 Carpocraticis
1281 4299 1648 4370 dogmatibus
1698 4302 1938 4358 addidit.
1989 4309 2112 4360 Mu-

470 4386 641 4440 lieres
691 4385 844 4440 enim
905 4400 1242 4440 communes
1299 4403 1422 4442 esse
1480 4389 1746 4458 sancivit,
1803 4393 1970 4461 cujus
2030 4394 2111 4449 rei

467 4474 656 4547 gratia
683 4491 798 4530 non
845 4479 1071 4530 tantum
1125 4476 1370 4546 publicis
1401 4477 1459 4532 in
1507 4479 1804 4549 conviviis,
1861 4480 2113 4540 lucernis

467 4564 768 4620 confestim
801 4565 1124 4633 exstinctis,
1157 4565 1217 4620 in
1277 4581 1689 4638 quamcunque
1734 4570 1918 4638 quivis
1966 4571 2112 4628 inci-

2233 3409 2468 3464 rendum
2503 3408 2690 3473 tradit,
2729 3413 2786 3463 et
2815 3415 3003 3478 patres
3049 3405 3213 3462 nobis
3263 3413 3484 3466 nostros
3535 3408 3776 3478 invidet,
3837 3421 3894 3465 et

2229 3513 2410 3568 genus
2469 3497 2801 3568 ambiguum
2867 3497 3370 3570 promiscuumque
3425 3498 3659 3552 statuit:
3693 3499 3772 3554 ita
3827 3505 3894 3554 ut

2228 3587 2322 3641 vix
2353 3587 2621 3657 cuiquam
2656 3589 3016 3644 innotescere
3048 3595 3235 3658 queat,
3261 3604 3331 3642 an
3367 3588 3460 3643 hic
3490 3591 3654 3660 parte
3684 3588 3890 3645 Graeco

2229 3683 2400 3732 natus
2447 3675 2633 3746 fuerit,
2665 3693 2739 3732 an
2799 3692 2927 3732 vero
2977 3677 3074 3732 ille
3131 3694 3198 3733 ex
3253 3677 3506 3732 barbaris
3553 3679 3890 3735 Amaxobiis

2229 3771 2282 3820 et
2309 3764 2707 3836 Hippomulgis
2756 3772 2939 3822 ortum
2974 3765 3257 3822 habuerit.
3291 3771 3399 3823 Per
3449 3773 3502 3823 te
3549 3782 3682 3823 vero
3717 3767 3888 3838 mihi,

2227 3869 2436 3925 quaeso,
2471 3853 2646 3923 patris
2693 3853 2928 3910 nomine
2991 3853 3098 3910 frui
3147 3854 3335 3922 liceat,
3395 3857 3888 3924 quemadmodum

2227 3949 2284 3999 tu
2317 3945 2375 3998 in
2409 3943 2746 3999 hodiernum
2783 3959 2963 4014 usque
3009 3943 3158 4000 diem
3223 3944 3375 4000 ﬁlius
3405 3946 3683 4002 Aristonis
3729 3949 3888 4004 dice-

2227 4033 2327 4100 ris,
2362 4048 2467 4088 nec
2497 4033 2569 4087 ab
2601 4049 2662 4088 re
2691 4033 3098 4090 denominaris.
3119 4034 3236 4090 Nec
3263 4051 3333 4090 ea
3361 4043 3512 4091 certe
3540 4037 3888 4104 animantia,

2229 4121 2432 4192 quibus
2457 4121 2627 4177 insita
2657 4124 2798 4177 ratio
2830 4130 2933 4190 est,
2964 4123 3259 4194 quibusvis
3309 4123 3650 4180 mulieribus
3685 4143 3886 4182 semen

2227 4211 2584 4266 committere
2613 4211 2816 4280 solent,
2838 4211 2932 4266 sed
2983 4211 3075 4268 his
3107 4228 3330 4284 quoque
3363 4215 3444 4269 vis
3475 4215 3738 4286 quaedam
3793 4217 3886 4272 iu-

2226 4307 2330 4368 est,
2374 4315 2486 4372 qua
2539 4315 2792 4358 amorem
2854 4309 3124 4370 respuant
3171 4306 3228 4358 et
3283 4303 3561 4360 devitant.
3625 4308 3754 4361 Non
3811 4307 3888 4359 ita

2231 4393 2423 4456 Draco,
2459 4405 2573 4445 non
2621 4391 2700 4444 ita
2746 4389 2918 4446 Solon
2981 4391 3131 4446 cives
3189 4391 3268 4447 tui
3327 4407 3458 4447 suas
3508 4393 3886 4450 sanciverunt

2225 4477 2397 4548 leges,
2453 4479 2549 4534 sed
2609 4477 2789 4534 lectos
2849 4479 3256 4546 distinxerunt,
3301 4495 3498 4550 pinnas
3555 4482 3884 4552 raptoribus

2226 4568 2506 4637 virginum
2539 4568 2880 4637 irrogarunt,
2915 4567 3196 4638 supplicio
3255 4569 3385 4626 illos
3437 4574 3694 4627 extremo
3729 4571 3884 4628 tnui-

467 4654 666 4722 dissot,
699 4669 826 4708 eam
859 4652 1295 4722 comprimebat,
1359 4654 1456 4708 sed
1507 4654 1832 4724 hujusmodi
1878 4675 2113 4730 quoque
2144 4651 2189 4716 D
2223 4661 2432 4725 larunt,
2466 4657 2798 4728 quicunque
2825 4658 2942 4714 vim
2973 4657 3249 4714 thalamis
3299 4658 3588 4716 inferrent
3641 4661 3880 4728 alienis,

467 4743 891 4814 turpitudinem
917 4741 1144 4814 mystici
1174 4741 1444 4797 sacrificii
1471 4741 1595 4799 loco
1620 4743 1886 4802 habebat.
1923 4753 2110 4820 Atque

469 4833 644 4905 hujus
677 4833 756 4889 rei
801 4837 1009 4889 testem
1063 4831 1438 4902 Clementem,
1499 4834 1595 4904 qui
1655 4835 1942 4892 Stromata
1973 4855 2110 4896 con-

468 4924 698 4994 scripsit
727 4923 863 4996 (4η),
897 4929 1187 4978 auctorem
1222 4921 1433 4990 citabo,
1466 4939 1693 4978 sacrum
1725 4925 1933 4994 virum,
1979 4928 2112 5000 qui-

467 5028 575 5080 quo
605 5030 800 5068 rerum
841 5012 1159 5068 multarum
1189 5010 1388 5081 peritia
1440 5021 1671 5070 ceteros
1710 5031 1908 5072 omnes
1937 5034 2112 5074 exsu-

465 5105 645 5170 peret,
679 5102 846 5170 cujus
897 5103 954 5156 in
1009 5103 1340 5157 Stromaton
1401 5102 1566 5158 tertio
1627 5103 1746 5159 haec
1791 5104 2103 5178 leguntur:

465 5187 616 5242 Sunt
649 5203 816 5256 porro
856 5190 954 5259 qui
1001 5190 1318 5260 publicam,
1371 5195 1426 5246 et
1477 5192 1749 5249 omnibus
1789 5197 2104 5265 expositam

460 5274 740 5332 Venerem
773 5279 1021 5345 mysticae
1043 5279 1476 5336 communionis
1513 5283 1746 5338 nomine
1776 5285 2103 5356 dignentur,

459 5364 540 5420 rei
597 5381 774 5421 sacrm
816 5366 904 5420 vel
969 5368 1204 5421 nomine
1262 5368 1380 5425 solo
1441 5371 1592 5425 haud
1656 5371 1834 5428 dubie
1881 5375 2103 5447 injurii.

461 5451 679 5508 Deinde
707 5461 902 5508 contra
941 5453 1208 5509 subidam
1251 5455 1434 5528 illam,
1486 5461 1856 5530 porcinamve
1877 5466 2105 5534 spurci-

529 5594 576 5628 ⁶⁰
604 5596 816 5668 Philip.
853 5615 916 5666 11,
949 5599 1004 5654 6.
1037 5598 1080 5632 ⁸¹
1117 5597 1262 5656 Ibid.
1294 5603 1347 5653 7.

526 5737 642 5808 (45)
671 5737 938 5799 Clemens
967 5743 1026 5798 in
1059 5739 1359 5798 Stromalis
1389 5743 1487 5800 lib.
1523 5762 1608 5802 nr.

2221 4751 2413 4806 omnia
2441 4751 2688 4820 denique
2719 4751 2864 4808 bene
2915 4757 2970 4807 et
3015 4760 3167 4807 recte
3198 4752 3628 4822 disposuerunt.
3659 4754 3742 4810 Tu
3775 4771 3882 4810 au-

2221 4845 2352 4907 tem,
2386 4841 2479 4910 qui
2513 4855 2641 4897 vero
2685 4840 3165 4912 sapientissimus,
3201 4845 3256 4897 et
3305 4842 3514 4914 ubique
3563 4843 3874 4900 celeberri-

2218 4945 2347 4984 mus
2407 4929 2636 4985 habitus
2689 4947 2769 5000 es,
2819 4930 2955 5001 quid
3015 4929 3136 4998 tibi,
3197 4948 3407 5002 quaeso,
3467 4931 3698 4989 voluisti
3743 4949 3878 4990 cum

2219 5019 2350 5074 talia
2395 5018 2755 5090 promulgare
2802 5033 2977 5078 ausus
3022 5019 3127 5076 es?
3183 5027 3280 5076 aut
3337 5022 3506 5090 unde,
3574 5039 3640 5078 ex
3695 5037 3882 5094 quove

2218 5108 2458 5180 tripode,
2517 5123 2584 5164 ex
2639 5124 2884 5179 quorum
2945 5109 3190 5180 denique
3246 5111 3746 5182 philosOpborum,
3813 5119 3878 5168 ut.

2217 5198 2292 5253 ita
2343 5198 2556 5267 dicam,
2609 5197 2931 5254 corollariis
2991 5206 3085 5254 aut
3145 5198 3512 5270 syllogisticis
3559 5201 3884 5258 rationibus

2218 5289 2286 5343 ad
2320 5287 2442 5343 haec
2471 5287 2684 5343 tabulis
2733 5287 3096 5344 inscribenda
3152 5289 3435 5346 adductus
3497 5305 3584 5354 es,
3627 5307 3750 5361 qua:
3807 5307 3882 5348 no

2217 5377 2296 5432 dii
2347 5378 2571 5447 quidem
2629 5376 2708 5432 tui
2753 5377 3188 5446 probaverunt?
3229 5377 3335 5446 Qui
3397 5383 3706 5436 metatores
3767 5380 3882 5434 sibi

2215 5464 2352 5534 ipsis
2395 5465 2774 5536 praefecerunt
2847 5465 3186 5538 nobilesque
3234 5468 3372 5524 adeo
3433 5484 3636 5538 pennas
3695 5469 3880 5524 abiis
