4082 6306
300 366 458 428 1269

1636 363 2036 428 THESAURI
2082 366 2228 428 LIB.
2276 368 2381 429 1V.

3556 364 3712 433 13⁸10

299 502 779 573 repoposcerunt,
829 498 923 570 qui
988 497 1179 554 aliena
1219 498 1462 569 cupidas
1529 513 1740 554 manus
1804 474 1950 568 inji-
1983 499 2037 566 Α
2069 500 2357 558 vixerunt.
2391 505 2522 556 Haec
2552 505 2607 556 et
2636 499 2976 571 hujusmodi
3030 498 3295 569 professi.
3346 514 3473 568 quae
3507 499 3700 568 pudor

295 607 424 648 cere
466 591 770 659 auderent,
803 594 869 645 ut
899 606 963 645 ex
998 589 1194 646 Ixione
1223 589 1493 661 conjicio,
1545 589 1813 660 quamvis
1844 589 1943 645 ille

291 680 548 736 Junonis
578 677 703 735 loco
754 679 1030 735 nebulam
1090 678 1457 751 amplexatus
1517 682 1706 735 esset:
1762 684 1815 733 et
1873 693 1941 733 ex

292 771 496 838 Marte,
532 785 709 842 quam
742 769 1038 827 Vulcanus
1067 769 1139 824 iis
1181 768 1433 825 vinculis
1492 767 1939 837 constrinxerat,

290 877 418 933 quae
471 876 658 931 neque
708 859 919 933 frangi,
999 874 1189 930 neque
1238 858 1381 915 solvi
1432 861 1711 929 possent:
1763 860 1941 929 atque

293 950 591 1005 communi
620 947 941 1004 multorum
969 946 1227 1002 ludibrio
1255 946 1542 1002 elevatum
1572 952 1939 1018 exposuerat,

289 1038 561 1110 quamvis
593 1037 680 1092 vel
704 1038 984 1109 jugerum
1013 1035 1421 1107 magnitudine
1450 1040 1769 1106 superaret.

362 1126 470 1179 Sed
520 1124 660 1197 quia
721 1124 1048 1179 beneficum
1111 1130 1341 1194 tempus
1393 1122 1687 1177 civitatem
1723 1120 1937 1192 ipsam,

286 1216 551 1293 quamvis
607 1215 752 1270 bene
805 1221 1095 1271 muratam
1140 1213 1423 1283 deseruit,
1478 1212 1939 1285 bujusmodique

286 1306 447 1377 leges
488 1304 627 1361 solis
661 1304 931 1360 mandari
972 1304 1181 1360 litteris
1237 1305 1527 1375 permisit,
1567 1319 1674 1358 nos
1705 1318 1937 1375 quoque

289 1396 467 1451 ﬁnem
500 1394 731 1451 dicendi
761 1394 1065 1461 faciemus,
1092 1409 1163 1449 ne
1194 1393 1339 1449 forte
1366 1393 1443 1449 iis
1491 1393 1639 1449 vires
1669 1391 1936 1448 restitua.

288 1502 446 1553 mus,
494 1488 550 1539 et
609 1485 880 1539 secunda:
938 1483 1191 1554 quodam
1262 1483 1431 1538 modo
1479 1482 1607 1538 vita)
1665 1486 1935 1538 auctores

280 1576 492 1642 simus,
521 1591 647 1646 qua:
675 1579 905 1646 tempus
934 1574 1100 1629 irrita
1129 1577 1187 1630 et
1243 1577 1506 1630 emortua
1558 1589 1686 1628 esse
1726 1572 1931 1628 voluit.

960 1682 1119 1737 CAP.
1159 1682 1253 1737 XI.

643 1787 941 1853 Undecima
986 1787 1212 1847 haeresis
1257 1787 1574 1851 Cainorum.

348 1896 512 1953 Caini
550 1896 622 1952 ad
656 1894 1016 1966 inculpatum
1066 1895 1243 1955 ﬁdem
1292 1899 1555 1961 nostram
1588 1896 1930 1959 accedentes
1962 1870 2009 1935 Β

278 1985 674 2057 baptizantur.
744 1984 924 2057 impie
986 2000 1132 2049 aera
1194 1983 1637 2047 universitatem
1693 1984 1845 2049 hanc
1896 2002 1930 2045 a

281 2075 511 2135 duabus
583 2074 970 2147 potestatibus
1038 2073 1323 2141 contineri
1377 2072 1620 2141 dicunt;
1677 2091 1928 2152 quarum

280 2166 464 2224 altera
512 2164 820 2231 inﬁrmior,
868 2162 1049 2229 altera
1097 2162 1389 2235 potentior
1433 2162 1696 2227 exsistat.
1746 2165 1815 2231 Et
1863 2182 1933 2225 ex

278 2255 354 2313 iis
383 2254 673 2315 Adamum
705 2253 998 2323 Evamque
1051 2255 1387 2324 prognatos.
1419 2254 1706 2317 Ceterum
1766 2258 1928 2326 pote-

279 2349 464 2403 states
495 2344 733 2405 easdem
776 2346 976 2414 postea
1004 2343 1133 2401 Eva:
1188 2341 1528 2405 adbaasisse.
1591 2346 1775 2413 Atque
1804 2343 1932 2407 Gai.-

279 2450 426 2490 num
452 2433 714 2506 quidem,
747 2436 991 2500 Esaum,
1023 2436 1082 2493 et
1114 2430 1335 2497 Caritas
1367 2446 1435 2489 ex
1464 2431 1805 2504 potentioris
1838 2450 1934 2505 po.

286 2524 515 2583 testatis
543 2524 788 2593 semine,
824 2522 1062 2587 Ahelem
1093 2527 1288 2587 autem
1335 2537 1405 2579 sx
1450 2521 1749 2585 debilioris
1800 2541 1929 2597 pro-

283 2614 554 2678 cessisse.
602 2613 911 2687 Magniﬁae
949 2628 1180 2685 quoque
1232 2628 1294 2669 se
1355 2612 1625 2681 eti‘erunt,
1694 2612 1852 2685 quod
1900 2630 1933 2675 α

279 2705 522 2777 proavis}
552 2702 751 2773 Csina,
802 2702 1141 2769 Sadamitis,
1198 2702 1368 2769 Esau,
1413 2700 1531 2763 imo
1588 2716 1722 2761 vero
1754 2702 1928 2769 etiam

278 2809 309 2847 a
342 2791 635 2863 proditore
662 2790 813 2853 Juda
843 2789 1266 2855 descenderint.
1302 2787 1549 2845 Proinde
1576 2786 1927 2860 opusculum

282 2880 577 2953 quoddam
629 2880 953 2952 profer-unt,
1013 2878 1167 2950 quod
1243 2877 1466 2943 auctori
1521 2878 1679 2939 Judm
1749 2878 1926 2937 ascri.

280 2971 448 3031 bunt.
495 2967 852 3040 Angelorum
922 2983 1093 3038 parre
1156 2971 1213 3027 et
1270 2969 1620 3039 potestatum
1682 2966 1927 3033 nomini.

282 3059 395 3122 bus
425 3056 710 3125 conﬁctis,
747 3055 996 3129 ephoros
1027 3072 1148 3126 eos,
1198 3055 1308 3115 hoc
1359 3059 1449 3115 est
1500 3055 1775 3129 praesides
1823 3071 1927 3123 seu

280 3147 582 3221 praifectos
632 3146 1060 3219 appetitionum
1107 3144 1350 3207 rationis
1425 3144 1749 3216 expertium
1798 3160 1926 3206 esse

2061 606 2185 645 rem
2234 591 2571 647 hominibus
2630 588 2796 649 facile
2852 588 3161 656 incutiant,
3220 588 3333 643 sibi
3390 595 3584 647 tamen
3644 589 3703 645 in

2054 679 2433 755 eislplacent,
2483 680 2866 749 animumque
2911 678 2980 733 ad
3033 693 3207 732 omne
3255 692 3440 747 genus
3497 677 3701 749 ﬂagitii

2054 769 2375 841 appellunt.
2409 775 2627 827 Revera
2661 768 2894 825 illorum
2943 765 3129 837 gloria
3173 766 3232 821 in
3266 765 3497 825 illarum
3530 766 3709 827 dede-

2053 875 2185 915 coro
2213 859 2523 917 consistit:
2575 859 2677 930 qui
2708 874 2823 914 non
2854 856 3047 913 solum
3080 871 3386 927 corporeus
3419 856 3701 915 concubip

2050 952 2148 1004 tus
2178 949 2486 1006 ordinibus
2514 948 2760 1005 materia
2779 946 3117 1003 carentibus
3146 945 3491 1013 attribuunt,
3525 950 3701 1017 atque

2049 1040 2165 1095 duo
2189 1040 2480 1111 principia
2508 1040 2664 1101 inter
2692 1056 2755 1094 se
2797 1037 3106 1095 contraria:
3121 1036 3379 1104 tradunt,
3411 1052 3540 1107 quas
3564 1036 3692 1105 quis

2050 1130 2183 1185 dem
2206 1146 2269 1185 se
2300 1135 2508 1186 mutue
2539 1145 2783 1202 prorsus
2814 1128 3181 1192 interimunt,
3216 1130 3279 1181 ut
3309 1143 3437 1197 quas
3468 1142 3531 1182 se
3562 1142 3694 1182 ωας

2048 1224 2149 1275 tuo
2175 1220 2291 1291 pati
2327 1229 2636 1291 nequeant,
2671 1218 2902 1289 sibique
2934 1234 3001 1273 ex
3033 1217 3313 1281 diametro
3345 1220 3692 1288 repugnent;

2048 1309 2151 1364 sed
2179 1308 2354 1364 etiam
2377 1309 2761 1381 aequioribus
2785 1306 3125 1365 hominibus
3149 1304 3388 1373 addicti,
3413 1321 3484 1365 ne
3502 1306 3700 1365 futura

2049 1396 2287 1467 quidem
2318 1397 2437 1452 illis
2472 1395 2764 1469 supplicia
2794 1395 2990 1453 miseri
3036 1410 3236 1451 secum
3284 1394 3697 1465 quoquamodo

2047 1489 2343 1557 reputant,
2375 1484 2464 1542 vel
2495 1486 2791 1543 tantillum
2849 1485 3086 1556 quidem
3143 1484 3551 1545 subvereatur.
3610 1483 3698 1538 Si-

2046 1575 2285 1646 quidem
2315 1575 2528 1637 Cainus
2561 1575 2806 1635 meritas
2837 1574 3012 1632 caedis
3032 1574 3297 1635 fraternae
3327 1588 3527 1643 prunas
3555 1572 3687 1640 luit,

2046 1665 2184 1721 dum
2217 1665 2393 1736 gemit
2439 1670 2497 1722 st
2540 1665 2812 1737 trepidat,
2862 1668 3040 1734 atque
3087 1678 3190 1734 per
3234 1665 3419 1725 totum
3472 1661 3692 1727 miserae

2046 1755 2179 1813 vitae
2207 1755 2565 1813 curriculum
2595 1753 2877 1817 comitiali
2911 1753 3113 1812 morbo
3155 1753 3401 1815 laborat.
3461 1753 3689 1817 Correus

2044 1860 2179 1903 vero
2210 1849 2265 1901 et
2297 1845 2515 1903 Abii-on
2567 1850 2739 1901 terrm
2778 1844 3046 1913 abcessu,
3106 1846 3284 1913 atque
3344 1842 3415 1901 ad
3474 1841 3692 1899 inferos

2041 1950 2175 1990 cum
2208 1935 2482 1991 universa
2512 1933 2737 1990 familia
2785 1934 3093 1998 descensu,
3126 1930 3500 1993 condemnati
3530 1934 3691 1995 sunt.

2112 2024 2288 2080 Porro
2319 2025 2631 2081 Sodomita
2666 2023 2800 2094 igne
2852 2022 3079 2078 caelitus
3127 2021 3188 2077 in
3220 2019 3559 2091 Pentapolin
3593 2020 3691 2081 dor

2044 2111 2223 2168 misso
2254 2113 2568 2184 perierunt,
2599 2114 2751 2184 quod
2785 2110 3026 2182 quidem
3055 2111 3095 2166 ii
3127 2111 3228 2181 qui
3261 2108 3522 2173 mascula
3552 2108 3689 2169 libi-

2043 2201 2181 2257 dine
2239 2206 2535 2273 pruriunt,
2594 2200 2918 2257 etiamnum
2969 2201 3264 2257 fructuum
3327 2198 3691 2265 ciust-eorum

2042 2291 2434 2361 perceptione,
2473 2296 2757 2361 terraique
2785 2288 3069 2358 siccitate,
3096 2292 3152 2344 et
3181 2286 3549 2349 inhabitabili
3568 2285 3690 2347 sole

2041 2378 2416 2437 erudiuntur.

2109 2466 2293 2521 Judas
2326 2468 2580 2539 denique
2609 2468 2760 2523 ultro
2795 2468 3083 2538 seipsum,
3107 2466 3271 2523 nulla
3292 2482 3527 2538 prorsus
3561 2483 3692 2538 per-

2040 2559 2206 2626 cepta
2238 2557 2502 2611 mercede
2533 2555 2932 2629 strangulans,
2960 2556 3139 2610 vitam
3188 2556 3394 2626 laqueo
3421 2555 3684 2625 abrupit.

2042 2646 2225 2710 Quam
2257 2661 2389 2706 vero
2432 2645 2691 2718 apposite
2731 2646 3029 2709 daemonas
3086 2660 3317 2718 quoque
3351 2660 3468 2707 suae
3530 2644 3688 2714 ipso-

2040 2748 2172 2787 rum
2204 2732 2468 2789 libidinis
2498 2738 2554 2788 et
2599 2733 3058 2804 intemperantia
3108 2734 3405 2804 praefectos
3459 2733 3688 2787 conﬁn-

2038 2822 2212 2893 gunt?
2240 2823 2307 2887 At
2338 2838 2469 2881 vero
2500 2837 2625 2894 quae
2651 2823 2878 2879 societas
2912 2823 3020 2877 luci
3049 2822 3118 2877 ad
3148 2822 3393 2877 tenebras
3420 2823 3466 2856 ‘9
3494 2825 3515 2877 Ρ
3546 2821 3684 2895 quid

2035 2910 2202 2969 Judze
2233 2916 2289 2967 et
2316 2910 2491 2967 Paulo
2525 2927 2830 2977 commune
2852 2910 2879 2965 ?
2935 2917 2996 2966 ut
3028 2911 3185 2966 illius
3218 2911 3452 2989 quidem
3491 2911 3678 2966 Evan-

2037 2999 2257 3073 gelium
2291 3002 2637 3077 proferatur,
2674 3001 2772 3076 qui
2809 3018 2877 3058 ne
2911 3000 3153 3056 auribus
3199 3000 3435 3075 quidem
3484 3001 3681 3056 Domi-

2039 3105 2178 3145 num
2221 3106 2255 3155 a
2286 3089 2531 3150 mortuis
2564 3090 2908 3157 surrexisse,
2946 3094 3260 3162 gentesque
3306 3087 3483 3144 ﬁdem
3517 3088 3682 3143 Chri-

2037 3178 2292 3235 stianam
2325 3180 2564 3247 adoptas
2597 3196 2724 3243 esse
2746 3180 3025 3253 percepit,
3059 3178 3161 3251 qui
3193 3178 3451 3250 seipsum
3483 3179 3682 3234 eodem

279 3238 500 3345 dion-ult
534 3238 614 3339 Ex
643 3237 875 3345 ‘1,“06‘;
902 3234 1927 3345 "fi"???igeféfcfggflfjﬁéiag‘ia
1963 3239 2007 3305 (ἶ
2038 3270 2298 3345 tempore
2338 3234 2891 3340 suspenderit,‘quo
2921 3234 3233 3323 hominum
3267 3234 3561 3339 prodidit:
3604 3268 3683 3323 ita

277 3332 514 3399 peccata
543 3328 895 3399 impingunt,
929 3325 999 3382 ad
1020 3341 1221 3387 earum
1253 3323 1557 3396 quodlibet
1576 3323 1918 3396 exclamant,

281 3417 323 3473 Ο
356 3420 443 3483 tu,
475 3414 695 3487 angelo,
755 3416 963 3477 abutar
1010 3428 1182 3486 opere
1227 3417 1350 3484 tuo,
1402 3428 1642 3471 munere
1689 3417 1793 3468 tuo
1824 3414 1922 3469 de-

282 3506 517 3576 fungor.
565 3505 714 3571 Quin
764 3508 822 3560 et
860 3520 928 3567 ex
981 3503 1144 3563 Pauli
1196 3500 1441 3574 apostoli
1491 3503 1727 3567 nomine
1775 3520 1922 3577 opu-

280 3594 507 3653 scutum
538 3593 694 3657 aliud
728 3592 883 3655 nulla
908 3609 1025 3649 non
1084 3591 1462 3651 obscoenitate
1509 3595 1741 3651 scatens
1785 3609 1922 3653 cun-

282 3686 551 3755 ﬁgentes,
630 3675 1010 3752 Ἀναϐατικὸν,
1088 3680 1195 3739 hac
1272 3684 1379 3750 est,
1449 3680 1530 3741 De
1587 3681 1926 3741 ascensione

274 3773 438 3831 Pauli
468 3776 695 3831 vocant.
733 3771 881 3835 Hinc
933 3773 1164 3843 arrepta
1200 3769 1525 3838 occasione,
1566 3771 1720 3841 quod
1780 3773 1925 3843 Apo~

277 3863 501 3922 stolam
551 3863 624 3918 ad
672 3861 905 3919 tertium
959 3877 1145 3932 usque
1192 3860 1402 3919 coelum
1453 3858 1788 3923 ascendisse
1844 3859 1925 3915 di-

276 3961 435 4023 cant,
488 3960 663 4028 atque
720 3953 801 4013 ibi
847 3953 1020 4015 verba
1078 3970 1193 4013 non
1247 3951 1548 4013 referenda
1607 3951 1923 4022 audivisse,

279 4063 408 4119 quae
440 4062 555 4105 non
589 4045 675 4100 fas
708 4046 797 4101 est
823 4042 1050 4101 homini
1082 4041 1490 4112 loquizquibus
1524 4058 1636 4096 non
1672 4041 1926 4103 referen.

277 4137 368 4199 dis
400 4134 591 4192 verbis
624 4133 805 4205 impia
828 4132 929 4191 illa
957 4149 1064 4189 sua
1095 4131 1319 4203 ﬂagitia
1354 4130 1709 4203 intelligunt.

580 4244 856 4299 Haereseos
901 4238 1257 4311 praecedentis
1284 4240 1615 4309 confutatio.

345 4348 511 4405 Dicat
552 4365 685 4404 vero
766 4347 1057 4420 quispiam
1117 4347 1398 4402 adversus
1439 4346 1591 4401 hanc
1657 4344 1927 4401 haeresim

276 4438 658 4495 contendens:
703 4436 972 4492 Inaudita
1016 4435 1232 4505 audivi,
1282 4451 1466 4507 eaque
1504 4438 1646 4490 adeo
1692 4451 1925 4513 percur-

280 4545 409 4585 rere
449 4528 593 4583 mihi
626 4527 889 4599 contigit,
922 4542 1048 4596 quae
1082 4525 1371 4580 oblivione
1429 4525 1705 4597 profecto,
1766 4529 1927 4580 tene-

2034 3360 2098 3421 ut
2129 3356 2338 3433 perire,
2365 3374 2541 3435 quam
2591 3356 2828 3417 sceleris
2887 3358 3165 3433 pcenitere
3219 3356 3533 3414 maluerit:
3568 3356 3678 3412 hu-

2024 3446 2128 3517 jus
2158 3463 2291 3503 vero
2324 3446 2556 3507 libellus
2609 3447 3042 3511 commentitius
3075 3447 3234 3511 omni
3279 3447 3679 3503 obscaenitatis

2034 3536 2226 3608 specie
2257 3536 2505 3605 refertus
2535 3537 2878 3608 conﬁgatur,
2939 3552 3072 3591 cum
3103 3540 3299 3591 tamen
3330 3536 3522 3590 dicat:
3582 3537 3678 3591 Se-

2028 3629 2267 3699 quimini
2286 3627 2862 3693 sanctimoniarn,tine
2884 3642 2992 3699 qua
3007 3642 3165 3707 nemc
3192 3625 3393 3681 videbit
3421 3627 3595 3680 Deum
3606 3625 3674 3681 ‘3.

2031 3716 2199 3785 Item,
2225 3718 2447 3787 Castigo
2472 3732 2666 3785 corpus
2695 3731 2898 3783 meum,
2922 3723 2974 3769 et
3004 3716 3064 3769 in
3099 3716 3414 3773 servitutem
3466 3714 3677 3785 redigo,

2033 3820 2102 3865 ne
2119 3806 2260 3875 forte
2288 3820 2413 3861 cum
2445 3804 2573 3861 aliis
2621 3803 3066 3876 prmdicaverim,
3101 3806 3212 3876 ipse
3259 3805 3528 3873 reprobus
3553 3804 3680 3879 efﬁ-

2033 3895 2154 3955 ciar
2177 3892 2245 3947 6“.
2278 3894 2422 3953 Item
2458 3894 2515 3955 in
2547 3894 2809 3971 Epistola
2848 3895 2920 3949 ad
2973 3893 3321 3961 Corinthios,
3355 3894 3426 3949 de
3484 3911 3549 3951 eo
3582 3895 3681 3967 qui

2034 4001 2165 4045 cum
2200 4000 2443 4043 noverca
2474 4001 2536 4039 se
2569 3982 2877 4061 polluerat,
2907 3982 3065 4039 hunc
3094 3983 3154 4043 in
3186 3985 3426 4041 modum
3458 3984 3682 4041 scribit:

2033 4077 2142 4151 Ego
2184 4076 2408 4149 quidem
2457 4074 2650 4139 absens
2701 4088 2946 4145 corpore,
2998 4075 3123 4146 jam
3186 4090 3423 4146 prasens
3497 4079 3682 4135 autem

2034 4164 2235 4236 spiritu
2255 4161 2527 4237 judicavi,
2560 4171 2620 4217 ut
2655 4176 2903 4234 praesens
2957 4177 3101 4234 eum,
3142 4164 3242 4236 qui
3300 4164 3379 4218 sic
3429 4167 3683 4237 operatus

2034 4259 2117 4311 est
2175 4255 2236 4309 in
2264 4251 2487 4309 nomine
2518 4252 2744 4317 Domini
2773 4253 2956 4308 nostri
2995 4254 3119 4309 Jesu
3179 4251 3411 4323 Christi,
3465 4256 3683 4311 tradere

2036 4342 2349 4410 huiusmodi
2379 4341 2626 4409 Satanae,
2657 4343 2717 4396 in
2748 4342 3042 4403 interitum
3092 4343 3304 4413 carnis,
3353 4348 3412 4399 ut
3458 4346 3686 4415 spiritus

2035 4435 2216 4490 salvus
2264 4433 2336 4489 sit
2382 4432 2443 4488 in.
2483 4432 2572 4489 die
2612 4431 2833 4488 Domini
2872 4433 3002 4487 Jesu
3065 4432 3131 4486 ⁸⁵.
3179 4438 3246 4488 Et
3296 4434 3471 4506 paulo
3514 4440 3684 4506 post:

2037 4526 2215 4594 Quare
2244 4538 2356 4579 non
2383 4524 2562 4593 magis
2594 4521 2869 4595 iniuriam
2905 4522 3197 4592 accipitis?
3226 4538 3397 4592 quare
3424 4539 3531 4577 non
3562 4541 3684 4580 ma-

276 4618 517 4689 brisque
548 4618 722 4687 digna
745 4620 904 4671 sunt.
938 4617 1084 4671 Cum
1113 4614 1268 4668 enim
1328 4613 1527 4669 Caiani
1561 4613 1675 4669 duo
1707 4612 1921 4685 princi-
1956 4610 2000 4673 D
2039 4615 2125 4684 gis
2168 4614 2425 4685 fraudem
2452 4612 2765 4686 patimini?
2809 4611 2899 4667 sed
2949 4627 3040 4668 vos
3098 4611 3367 4682 mjuriam
3394 4612 3591 4682 facitis
3633 4619 3687 4671 et

271 4709 373 4780 pia
402 4707 740 4779 praedicant,
773 4705 988 4777 quibus
1045 4719 1238 4759 rerum
1270 4702 1631 4759 universitas
1664 4705 1887 4758 constet
1916 4718 1928 4756 :

281 4813 530 4869 quorum
565 4795 815 4851 alterum
862 4793 1131 4861 debilius,
1183 4792 1430 4848 alterum
1485 4793 1691 4847 fortius
1737 4792 1832 4862 sit,
1865 4806 1935 4846 ex

277 4886 509 4941 duabus
540 4886 658 4941 illis
690 4883 1079 4957 potestatibus
1110 4881 1330 4954 primos
1386 4885 1658 4951 parentes
1702 4897 1932 4959 proces-

278 4976 426 5031 sisse
486 4976 669 5031 aiunt.
725 4974 940 5029 Deinde
986 4989 1120 5028 vero
1196 4972 1367 5027 ambo
1416 4971 1543 5026 Evae
1594 4970 1932 5037 adhaesisse,

279 5071 453 5135 atque
485 5081 552 5119 ex
596 5064 877 5120 debiliore
926 5065 1208 5135 potestate
1266 5061 1502 5117 Abelem
1559 5064 1932 5132 prognatum,

276 5157 631 5224 ceterosque
684 5168 911 5217 omnes,
963 5150 1063 5222 qui
1106 5150 1267 5205 illum
1314 5150 1500 5206 secuti
1554 5149 1781 5204 cultum
1830 5147 1931 5203 Dei

278 5243 593 5315 amplexati
627 5247 807 5297 sunt:
844 5258 913 5297 ex
958 5240 1135 5296 altera
1178 5256 1337 5307 vero,
1369 5256 1497 5310 quae
1543 5237 1830 5311 potentior
1861 5235 1932 5292 ab

270 5334 397 5390 illis
430 5335 667 5403 dicitur,
700 5331 967 5398 Cainum,
1012 5334 1296 5397 Coranum,
1348 5334 1405 5385 et
1451 5329 1763 5385 Abironem
1796 5344 1931 5401 pro-

277 5426 548 5491 cessisse,
583 5426 758 5492 atque
783 5421 926 5476 adeo
967 5419 1317 5476 Sodomitas:
1350 5425 1404 5474 et
1435 5419 1770 5495 quicunque
1799 5418 1932 5475 illos

276 5514 486 5582 secuti,
545 5511 803 5581 luxuque
852 5510 1207 5576 difﬂuentes,
1278 5509 1533 5563 molliter
1570 5513 1628 5565 et
1685 5506 1933 5564 delicate

2040 4703 2345 4773 fraudatis,
2379 4700 2563 4758 ethoc
2615 4700 2905 4773 fratribus.
2945 4700 3027 4754 An
3069 4698 3292 4753 nescitis
3345 4700 3473 4769 quia
3506 4699 3688 4771 iniqui

2043 4809 2277 4862 regnum
2310 4793 2403 4847 Dei
2448 4807 2560 4846 non
2602 4791 2957 4861 possidebunt
2985 4789 3012 4843 ‘I
3059 4788 3236 4844 Nolite
3263 4805 3482 4844 errare:
3511 4806 3687 4862 neque

2040 4881 2363 4951 fornicarii,
2407 4895 2580 4950 neque
2627 4879 2792 4934 idolis
2837 4880 3149 4948 servientes,
3193 4894 3364 4951 neque
3420 4879 3684 4947 adulteri,

2041 4984 2215 5040 neque
2244 4968 2455 5035 molles,
2510 4984 2691 5039 neque
2735 4969 3109 5022 masculorum
3162 4969 3560 5039 concubitores,
3590 4988 3689 5026 ne-

2041 5075 2145 5130 que
2173 5063 2599 5129 fures,neneque
2620 5056 2799 5124 avari,
2825 5073 3005 5127 neque
3041 5056 3268 5127 ebriosi,
3294 5075 3468 5132 neque
3516 5061 3685 5116 male-

2042 5147 2170 5212 dici,
2203 5162 2376 5217 neque
2404 5161 2649 5217 rapaces,
2682 5161 2915 5214 regnum
2944 5146 3041 5201 Dei
3068 5148 3418 5218 possidebunt
3447 5148 3516 5206 ⁸⁸.

2111 5236 2300 5291 Verba
2332 5239 2525 5290 autem
2587 5234 2688 5289 illa
2744 5250 2856 5289 non
2911 5235 3233 5307 referenda,
3290 5254 3421 5308 quae
3470 5240 3686 5294 Paulus

2042 5324 2286 5380 auribus
2318 5324 2534 5393 hausit,
2586 5339 2716 5394 quas
2774 5323 2934 5379 nefas
2965 5330 3051 5380 est
3106 5327 3333 5382 nomini
3388 5326 3572 5398 loqui,
3602 5328 3688 5381 vel

2043 5431 2166 5487 qum
2199 5414 2271 5468 ad
2300 5413 2474 5468 fidem
2510 5428 2623 5467 non
2656 5412 2963 5485 aediﬁcant,
3001 5420 3238 5487 propter
3285 5417 3548 5485 ipsorum
3582 5433 3686 5471 no-

2040 5506 2299 5572 vitatem,
2332 5509 2390 5559 et
2422 5507 2642 5559 natura:
2678 5504 2941 5559 humanae
2982 5506 3406 5570 infirmitatem,
3455 5522 3576 5576 qua
3598 5508 3683 5573 fit,

341 5692 389 5727 s2
420 5691 469 5746 11
502 5689 631 5747 cor,
666 5707 741 5757 v1,
776 5691 859 5743 14.
936 5688 984 5723 ⁸³
1012 5688 1187 5743 Hebr.
1220 5705 1322 5759 xu,
1359 5690 1443 5744 14.
1521 5689 1568 5725 ⁸⁵
1598 5690 1619 5744 Ι
1650 5693 1777 5745 Cor.
1813 5706 1890 5761 1x,
1920 5689 1932 5742 ε

2089 5687 2138 5722 ⁸⁵
2167 5688 2192 5741 Ι
2222 5685 2351 5743 Cor.
2386 5703 2440 5755 ν,
2474 5687 2508 5741 3
2541 5700 2703 5757 seqq.
2778 5687 2822 5722 ⁸⁸
2852 5688 2873 5741 Ι
2902 5688 3029 5744 Cor.
3062 5703 3142 5757 v1,
3172 5687 3208 5739 7
3236 5704 3401 5759 seqq.
