4082 6306
412 386 558 446 1271

1727 384 2036 445 NICETIE
2079 381 2505 444 CHONIATzE

3669 379 3826 440 1272

409 523 476 573 ut
509 535 622 572 non
659 517 826 574 facile
858 519 1184 574 auditiones
1218 519 1554 590 hujusmodi
1597 517 1896 591 percipiat,
1933 535 2058 586 qua:
2091 523 2136 584 A
2173 517 2314 569 Deus
2343 515 2536 569 caelum
2565 515 2614 568 et
2636 521 2846 566 terram
2865 510 2933 566 7°.
2985 510 3204 567 Deinde
3245 510 3600 582 quibusdam
3651 529 3830 586 expo-

415 608 714 662 divinitale
745 613 980 663 caeteras
1007 611 1240 664 anteced
1253 614 1374 665 unt.

485 699 606 763 Quo
637 697 810 751 etiam
844 697 1041 752 referri
1065 699 1456 769 evangelicam
1491 697 1642 753 hanc
1673 697 2056 753 assertionem

415 784 680 840 existimo
711 801 723 839 :
758 785 944 838 Adhuc
974 787 1148 839 multa
1192 785 1358 841 habeo
1397 787 1548 842 vobis
1577 786 1775 854 dicere,
1805 786 1900 840 sed
1945 773 2054 838 non

411 877 638 947 potestis
683 883 904 944 portare
941 875 1100 930 modo
1121 874 1186 929 ⁸⁷.
1229 877 1402 930 Item:
1453 876 1588 932 Sunt
1619 881 1800 930 autem
1842 879 1890 929 et
1941 875 2058 928 alia

415 966 612 1031 multa,
647 979 771 1034 quae
823 964 956 1035 fecit
1006 967 1158 1020 Jesus
1213 966 1272 1019 in
1321 971 1612 1037 conspectu
1658 965 2058 1033 discipulorum

415 1069 684 1110 suorum:
719 1071 835 1124 quae
865 1055 916 1109 si
951 1055 1271 1110 scribantur
1307 1073 1405 1127 per
1449 1055 1698 1124 singula,
1754 1071 1853 1110 nec
1877 1057 2058 1124 ipsum

417 1145 661 1200 arbitror
691 1145 955 1199 mundum
984 1161 1177 1216 capere
1205 1161 1352 1216 posse
1381 1161 1468 1201 eos
1506 1147 1603 1215 qui
1631 1145 1916 1200 scribendi
1932 1147 2060 1198 sunt

419 1235 586 1290 libros
615 1233 680 1287 ⁸⁸.
713 1234 814 1288 ’νεὶ
870 1235 1010 1306 quia
1062 1236 1198 1304 vita,
1250 1252 1376 1306 quae
1406 1235 1729 1290 secundum
1761 1233 2056 1289 Christum

416 1329 524 1392 est,
561 1332 731 1394 atque
762 1325 903 1378 adeo
963 1341 1206 1396 regnum
1268 1324 1566 1392 ccelorum,
1629 1323 2058 1395 quodammodo

415 1414 577 1480 latet,
611 1430 714 1468 nec
745 1413 982 1468 omnino
1015 1415 1124 1469 sub
1157 1419 1460 1486 aspectum
1494 1414 1664 1469 cadit.
1701 1413 1816 1468 Hoc
1861 1428 2058 1480 sensu,

417 1523 530 1562 non
565 1505 753 1561 solum
779 1507 931 1560 bona
960 1505 1148 1578 ipsius
1181 1506 1457 1561 humanis
1511 1504 1832 1561 rationibus
1867 1505 2061 1574 pervia

417 1611 533 1650 non
565 1599 726 1661 sunt,
759 1595 862 1650 sed
894 1611 964 1650 ne
987 1597 1260 1664 mysteria
1302 1595 1538 1666 quidem
1569 1595 1830 1665 ejusdem
1866 1593 2058 1648 doceri

417 1689 474 1738 et
505 1682 720 1754 percipi
753 1687 1014 1754 possunt.
1069 1684 1216 1739 Illud
1275 1700 1525 1756 quoque,
1575 1683 1796 1739 Audivit
1852 1700 2059 1738 arcana

417 1773 602 1837 verba,
641 1788 766 1844 quae
811 1789 922 1828 non
975 1773 1102 1828 licet
1159 1773 1374 1828 homini
1435 1773 1678 1844 loqui“,
1741 1773 1818 1828 ita
1875 1772 2058 1844 accipi

2175 605 2328 671 sitis,
2357 602 2564 658 Adami
2597 604 2653 656 et
2703 601 2829 658 Eva:
2889 603 3322 672 generationem
3373 601 3683 657 edisserit:
3718 619 3826 657 eo-

2174 695 2444 750 rumdem
2477 692 2704 764 lapsum
2738 695 2912 763 atque
2941 709 2972 747 e
3001 692 3272 764 paradiso
3303 691 3574 746 exsilium
3629 693 3828 764 subji-

2174 786 2353 842 ciens.
2413 785 2618 840 Postea
2674 800 2808 839 vero
2866 785 2950 839 sic
3005 783 3123 838 ait:
3183 783 3352 838 Adam
3392 800 3516 840 vero
3569 790 3828 855 cognorit

2174 891 2403 931 uxorem
2432 891 2590 928 suam
2621 873 2806 940 Evam,
2839 888 2964 944 quae
2993 875 3236 944 concepit
3263 881 3315 927 et
3340 875 3548 945 peperit
3581 873 3724 928 Cain
3755 874 3826 928 τί.

2175 964 2351 1020 Paulo
2386 966 2516 1036 post
2563 962 2759 1018 Abelis
2807 978 3040 1034 quoque
3099 961 3461 1018 nativitatem
3518 965 3828 1030 describit,

2176 1071 2292 1109 non
2325 1053 2451 1108 sine
2481 1053 2693 1108 artium
2726 1051 3190 1122 enumeratione,
3221 1052 3282 1107 in
3315 1053 3531 1124 quibus
3573 1069 3636 1108 se
3669 1059 3830 1108 uter-

2179 1160 2294 1216 que
2323 1144 2642 1198 exercebat.

2245 1237 2544 1292 Virtutum
2577 1252 2770 1306 porro,
2803 1252 2931 1307 quas
2963 1234 3225 1290 materiai
3277 1251 3518 1306 prorsus
3567 1246 3836 1294 exsortes

2177 1332 2359 1382 Deum
2391 1326 2796 1392 circumstant,
2825 1324 3047 1380 nullam
3078 1329 3265 1382 Moses
3299 1342 3483 1397 neque
3517 1327 3574 1380 in
3621 1329 3842 1385 Genesi

2179 1432 2372 1486 neque
2407 1415 2464 1468 in
2519 1415 2712 1469 Exodo
2765 1415 3120 1470 mentionem
3175 1415 3328 1483 fecit,
3379 1415 3492 1470 nisi
3551 1418 3742 1473 semel
3777 1419 3838 1473 in

2179 1507 2440 1572 Cantico,
2473 1505 2567 1559 his
2599 1505 2792 1560 verbis
2820 1521 2832 1558 :

2252 1597 2544 1650 Constituit
2601 1596 2862 1650 terminos
2911 1595 3242 1664 populorum
3295 1595 3462 1666 juxta
3533 1613 3840 1654 numerum

2178 1682 2510 1754 angelorum
2538 1683 2656 1752 ejus
2685 1681 2749 1734 7‘2.
2783 1682 2956 1737 Jesus
2989 1699 3158 1752 porro
3189 1682 3342 1737 Nave
3372 1689 3540 1740 nocte
3574 1685 3630 1740 in
3665 1702 3834 1741 exer-

2179 1773 2296 1827 citu
2329 1771 2669 1826 Michaelem
2705 1771 3012 1826 Dominicaa
3047 1771 3268 1830 militiae
3313 1773 3659 1845 principem,
3697 1793 3836 1831 cum

420 1866 648 1933 potest:
683 1866 900 1934 Raptus
934 1863 1142 1918 Paulus
1191 1861 1293 1918 illa
1341 1863 1584 1917 minime
1629 1862 1838 1933 lingua:
1869 1863 2063 1932 cujus-
2091 1861 2140 1925 B
2181 1861 2444 1916 districto
2475 1859 2668 1932 gladio
2699 1860 2860 1914 vidit.
2908 1861 3194 1916 Caeterum
3241 1863 3299 1916 in
3335 1863 3405 1918 iis
3431 1865 3840 1934 generationi—

422 1968 598 2022 quam
631 1952 1014 2023 explicatione
1061 1953 1339 2024 percepit,
1385 1953 1483 2007 sed
1547 1951 1631 2006 illi
1689 1953 1872 2006 animi
1919 1951 2070 2022 parti

425 2057 548 2112 quae
581 2041 821 2097 rationis
855 2045 944 2096 est
974 2041 1284 2113 particeps,
1317 2041 1532 2095 tacitus
1563 2040 1882 2111 impressit.
1917 2039 2072 2095 Deus

426 2132 580 2186 enim
613 2145 984 2202 nequaquam
1019 2145 1153 2184 voce
1178 2128 1548 2200 colloquitur,
1583 2145 1912 2198 arcanaque
1941 2145 2074 2200 sug-

430 2220 600 2290 gerit,
641 2219 742 2272 sed
775 2218 876 2272 illa
933 2234 1135 2272 eorum
1175 2218 1392 2272 animis
1423 2217 1650 2286 inserit,
1701 2233 1846 2287 quos
1895 2217 2073 2274 collo-

432 2307 568 2378 quio
592 2305 888 2376 dignatur.
924 2307 1147 2370 Quibus
1177 2305 1356 2376 igitur
1385 2306 1614 2360 arcanis
1667 2305 1824 2360 nullo
1858 2305 2070 2378 linguae

433 2394 756 2450 ministerio
790 2395 1058 2450 initiatus
1089 2399 1196 2463 est,
1231 2412 1296 2450 ea
1323 2396 1498 2449 etiam
1561 2411 1631 2449 ne
1685 2393 1886 2466 lingua
1943 2395 2070 2464 qui-

433 2486 561 2538 dem
587 2483 871 2554 explicare
903 2483 1098 2540 voluit.

1095 2591 1243 2646 CAP.
1285 2591 1401 2646 XII.

573 2699 910 2756 Duodecimn
949 2699 1196 2764 haeresis,
1231 2699 1642 2756 Sethiauorum.
1685 2699 1754 2754 Hi
1785 2700 1965 2770 bapti-

1138 2783 1356 2826 Μηίων.

493 2877 756 2934 Sethiani
787 2879 856 2933 ab
908 2877 1131 2949 angelis
1163 2883 1375 2934 cuncta
1431 2883 1623 2933 ortum
1685 2879 1896 2933 ducere
1953 2882 2072 2933 tra-

425 2965 573 3020 dunt
605 2983 618 3020 :
653 2971 830 3036 atque
861 2967 1008 3021 duos
1041 2967 1098 3021 in
1135 2967 1337 3034 primis
1397 2967 1688 3036 homines,
1739 2967 1984 3021 Cainum
2018 2971 2074 3022 et

423 3054 685 3110 Ahelem.
717 3059 794 3110 De
827 3055 1044 3126 quibus
1075 3072 1206 3110 cum
1240 3055 1554 3126 aliquando
1587 3056 1741 3111 inter
1780 3073 1840 3112 se
1882 3055 2072 3126 angeli

423 3143 852 3199 contentiosius
885 3143 1373 3214 digladiarentur,
1426 3143 1660 3200 Abelem
1693 3143 1909 3200 Cainus
1965 3161 2071 3200 an-

422 3233 686 3304 gelorum
719 3233 1020 3286 fortiorum
1055 3233 1272 3287 auxilio
1302 3233 1612 3288 interiecit.
1657 3234 1778 3296 Quo
1831 3234 2065 3304 cognito
2105 3233 2148 3300 Ο

426 3323 692 3392 superior
723 3320 820 3374 illa
847 3321 1050 3386 virtus,
1079 3339 1254 3392 quam
1311 3327 1556 3377 matrem
1609 3324 1784 3378 etiam
1834 3327 2065 3392 vocant,

425 3425 570 3482 puro
593 3408 816 3464 semine
845 3413 1140 3480 sucepto,
1174 3409 1416 3464 Setbum
1449 3411 1519 3464 ad
1561 3412 1806 3481 justitia:
1839 3412 2065 3467 stabili-

425 3501 709 3564 mentum,
733 3496 1091 3568 seminisque
1122 3496 1408 3552 delectum
1440 3499 1682 3554 afﬁnxit.
1715 3505 2064 3570 Temporum

425 3605 596 3659 porro
629 3603 902 3642 successu
935 3603 1148 3658 genera
1169 3586 1269 3642 illa
1299 3587 1433 3658 duo,
1471 3588 1687 3655 Abelis,
1713 3591 1976 3661 inquam,
2010 3594 2068 3646 et

421 3677 606 3746 Caini,
637 3675 944 3733 commista
973 3681 1130 3731 sunt.
1156 3676 1486 3741 Quinetiam
1537 3677 1751 3748 angeli,
1796 3679 1896 3750 qui
1945 3680 2068 3735 Cai-

425 3781 564 3820 num
599 3770 655 3820 et
684 3765 918 3820 Ahelem
943 3764 1357 3832 formaverant,
1387 3781 1520 3820 cum
1547 3767 2061 3824 viderentillorum

421 3853 590 3922 ﬁlia,
634 3853 786 3923 quod
821 3852 1076 3924 pulchrae
1108 3861 1324 3920 essent,
1357 3870 1479 3908 rem
1511 3871 1643 3909 cum
1695 3855 1810 3911 illis
1842 3855 2062 3912 habue-

420 3947 574 3998 runt.
597 3943 760 4007 Quod
796 3957 930 3996 cum
961 3943 1230 4013 superior
1261 3947 1448 3998 mater
1478 3943 1574 3998 illa
1609 3945 1870 4014 vidisset,
1905 3945 2061 4000 dilu-

417 4030 576 4086 vium
607 4030 873 4096 immisit,
915 4035 972 4085 et
1028 4037 1343 4104 utrumque
1401 4049 1586 4103 genus
1639 4035 2059 4104 pessumdedit,

417 4136 484 4175 eo
507 4119 628 4175 solo
659 4135 867 4189 genere
913 4120 1249 4190 superstite,
1300 4123 1450 4191 quod
1505 4140 1540 4176 a
1595 4123 1770 4177 Setbo
1821 4123 2059 4178 descen-

419 4208 601 4262 derat.
634 4209 912 4260 Czeterum
945 4207 1004 4261 hi
1037 4207 1317 4274 Sethiani,
1340 4210 1408 4264 ad
1435 4227 1619 4282 nugas
1649 4212 1802 4281 quod
1831 4211 2058 4282 attinet,

419 4311 566 4365 quas
596 4295 667 4349 de
697 4295 919 4364 angelis
941 4299 996 4349 et
1027 4297 1410 4365 potestatibus
1445 4297 1881 4368 circumferunt,
1913 4301 2060 4356 mire

419 4400 551 4438 cum
584 4383 814 4440 Caianis
847 4385 1216 4442 conveniunt.

727 4491 1002 4547 [hereseos
1037 4492 1388 4562 praecedentis
1415 4497 1744 4564 confutatio.

2181 1951 2314 2015 bus,
2349 1965 2474 2019 quae
2509 1951 2768 2018 tempora
2799 1949 2897 2004 illa
2919 1950 3241 2006 subsecutae
3267 1957 3425 2022 sunt,
3447 1970 3481 2008 a
3505 1955 3838 2022 judicibus,

2183 2037 2506 2110 prophetis,
2540 2037 2788 2110 aliisque
2812 2038 3046 2108 justitia
3077 2041 3404 2095 celebribus
3451 2043 3594 2098 viris
3637 2061 3840 2100 coram

2181 2127 2290 2182 visi
2325 2131 2465 2181 sunt
2495 2126 2708 2198 angeli,
2741 2127 2843 2197 qui
2867 2127 3012 2182 nihil
3036 2127 3196 2183 aliud
3215 2145 3344 2185 esse
3359 2131 3836 2203 videntur,quam

2184 2221 2406 2272 naturae
2441 2215 2708 2286 quaedam
2742 2216 3056 2285 simplices,
3078 2235 3204 2288 quae
3239 2219 3400 2275 nullo
3423 2222 3598 2276 modo
3626 2229 3730 2277 aut
3753 2225 3842 2280 vis

2183 2305 2240 2359 in
2285 2304 2512 2375 pejores
2568 2309 2766 2374 partes
2823 2308 3166 2359 transversas
3219 2307 3569 2378 rapiuntur:
3634 2311 3839 2366 divinae

2186 2392 2418 2465 quidem
2449 2392 2728 2447 claritatis
2761 2409 3022 2464 capaces,
3059 2411 3092 2448 a
3122 2399 3382 2452 nostrate
3423 2414 3553 2454 vero
3603 2417 3838 2456 concre-

2184 2481 2343 2536 tione
2373 2481 2660 2535 materiali
2695 2497 2934 2552 prorsus
2967 2481 3282 2540 immunes.

2255 2569 2540 2624 Caeterum
2575 2569 2634 2624 hi
2677 2569 2960 2636 Sethiani,
2995 2571 3158 2628 nulla
3207 2573 3538 2631 divinorum
3599 2594 3836 2634 eorum-

2185 2659 2436 2728 demque
2495 2657 2880 2712 Mosaicorum
2929 2658 3284 2730 scriptorum
3335 2661 3537 2718 habita
3583 2668 3832 2734 ratione,

2185 2747 2294 2801 hoc
2325 2745 2580 2801 universi
2611 2763 2822 2817 corpus
2855 2747 2926 2802 ab
2971 2748 3194 2819 angelis
3249 2752 3642 2809 constitutum
3674 2775 3834 2814 asse-

2185 2841 2324 2890 runt
2345 2853 2376 2890 a
2411 2835 2628 2907 quibus
2659 2835 2876 2890 Cainus
2907 2841 2964 2892 et
2997 2837 3138 2892 Abel
3181 2837 3356 2910 primi
3385 2843 3566 2898 creati
3597 2845 3834 2912 fuerint,

2185 2925 2521 2997 suppressis
2558 2929 2889 2996 parentum,
2936 2927 3144 2982 Adami
3177 2928 3401 2984 scilicet
3459 2932 3708 3006 Evasque
3737 2955 3840 2992 no-
3927 2932 3932 2933 ί

2185 3015 2467 3069 minibus.
2499 3014 2713 3069 Deinde
2741 3015 2978 3070 Abelem
3011 3033 3044 3070 a
3101 3017 3278 3073 Caino
3324 3021 3670 3092 angelorum
3721 3028 3838 3083 for-

2182 3104 2400 3160 tiorum
2433 3121 2539 3175 ope
2571 3104 2943 3159 interfectum
2975 3107 3232 3162 tradunt.
3269 3110 3337 3164 Et
3369 3113 3523 3182 quod
3579 3117 3832 3173 maxime

2182 3193 2508 3248 absurdum
2539 3197 2647 3263 est,
2681 3209 2749 3249 ex
2779 3194 2972 3249 divina
3003 3196 3256 3266 quadam
3289 3199 3526 3266 virtute,
3563 3205 3650 3260 sic
3681 3208 3834 3263 enim

2177 3290 2406 3350 vocant,
2439 3299 2565 3353 quae
2591 3299 2622 3337 a
2654 3287 2820 3338 Patre
2851 3283 3072 3339 acelecti
3100 3301 3298 3342 semen
3331 3299 3700 3363 conceperat,
3733 3296 3830 3351 Se-

2177 3373 2346 3426 thum
2381 3377 2582 3426 natum
2617 3371 2976 3428 fabulantur.
3027 3373 3215 3446 Impia
3263 3393 3435 3448 porro
3485 3383 3662 3438 verba
3709 3384 3830 3440 haec

2178 3463 2490 3534 praestigiis
2525 3462 2712 3534 magis
2756 3463 2954 3534 impiis
2985 3465 3376 3536 cumulantes,
3419 3473 3657 3542 angelos
3687 3490 3826 3531 cum

2177 3550 2523 3606 mulieribus
2573 3567 2917 3624 congressos
2951 3553 3238 3626 intrepide
3290 3567 3582 3628 asserunt,
3641 3580 3828 3634 quaaa

2175 3639 2352 3694 Caino
2383 3644 2440 3694 et
2485 3639 2661 3695 Abele
2701 3641 3156 3712 descenderant;
3207 3649 3265 3701 et
3313 3655 3598 3718 quantum
3641 3657 3834 3724 conje-

2175 3727 2354 3782 cturis
2379 3744 2682 3800 assequor,
2739 3730 2955 3786 auditis
2989 3731 3077 3786 his
3111 3734 3337 3791 Moseos
3365 3738 3597 3794 verbis:
3639 3743 3832 3798 Viden-

2175 3824 2252 3871 tes
2273 3817 2382 3885 ﬁlii
2415 3818 2509 3872 Dei
2537 3818 2685 3886 ﬁlias
2715 3817 3022 3884 hominum,
3058 3822 3204 3892 quod
3231 3825 3487 3893 pulchra?
3513 3835 3710 3900 essent,
3735 3849 3832 3886 ac.

2173 3915 2431 3978 ceperunt
2468 3908 2576 3962 sibi
2607 3922 2804 3962 uxores
2823 3907 2890 3974 ⁷³,
2927 3909 3078 3964 ﬁlios
3127 3912 3222 3966 Dei
3257 3913 3418 3970 nullo
3463 3918 3692 3987 judicio
3729 3939 3832 3977 an-

2173 3994 2333 4066 gelos
2367 3995 2766 4064 nominarunt,
2824 4014 2938 4066 qua
2967 3997 3028 4052 in
3087 4017 3148 4054 re
3189 4017 3249 4056 se
3298 4019 3600 4074 perversos
3651 4027 3834 4067 sacras

2173 4083 2482 4154 Scriptura
2527 4085 2892 4154 interpretes,
2945 4090 3144 4157 atque,
3201 4093 3266 4144 ut
3305 4091 3387 4147 ita
3433 4095 3648 4166 dicam,
3703 4101 3832 4156 suis

2171 4173 2429 4244 ipsorum
2463 4173 2768 4228 sententiis
2789 4179 2984 4245 aperte
3007 4187 3399 4248 repugnantes
3419 4187 3824 4245 ostenderunt.

2171 4259 2422 4332 Angelos
2453 4260 2632 4328 enim,
2665 4278 2698 4316 a
2721 4261 2936 4332 quibus
2967 4279 3162 4318 rerum
3197 4268 3634 4329 universitatem
3691 4293 3824 4347 pro-

2171 4349 2408 4404 ductam
2443 4350 2625 4405 fuisse
2655 4351 2874 4416 volunt,
2901 4369 2966 4406 ac
2990 4352 3038 4406 si
3058 4355 3401 4426 corporibus
3423 4363 3822 4438 membrisque

2167 4437 2434 4493 virilibus
2467 4455 2584 4494 non
2616 4447 2869 4510 careant,
2905 4441 3053 4497 male
3095 4447 3151 4499 et
3181 4443 3360 4516 impie
3395 4450 3668 4507 muliebri
3701 4437 3824 4526 pul-

2169 4527 2505 4584 chritudine
2552 4533 2753 4600 captos
2815 4539 3112 4600 asserunt,
3184 4551 3428 4608 eamque
3481 4557 3596 4596 non
3651 4560 3818 4600 secus

486 4597 746 4654 Sethiani
791 4615 856 4654 eo
889 4598 1022 4652 dicti
1087 4604 1248 4666 sunt,
1292 4600 1444 4669 quod
1496 4600 1668 4655 Setbo
1702 4602 2054 4674 adhaereant,

2178 4616 2364 4671 venari
2396 4632 2502 4671 suo
2537 4617 2835 4687 figmento,
2867 4623 3040 4689 atque
3075 4638 3180 4677 nos
3223 4597 3399 4680 hamo
3429 4630 3697 4688 natatilia
3725 4649 3820 4688 so-

414 4688 658 4758 ejusque
690 4687 821 4741 vitae
854 4687 1188 4741 institutum
1229 4689 1536 4757 magnifice
1559 4689 1818 4744 elferant.
1845 4693 2055 4756 Quem-

414 4779 726 4834 admodum
761 4783 817 4832 et
859 4777 1076 4846 Caiani,
1125 4779 1278 4847 quod
1331 4777 1489 4832 Caini
1541 4780 1754 4850 placita
1800 4799 1912 4852 pra:
1944 4799 2052 4840 cae-

411 4869 551 4922 teris
583 4868 696 4922 sibi
728 4874 1134 4940 proponerent,
1183 4883 1362 4938 eaque
1419 4875 1826 4938 sequerentur.
1879 4879 2052 4930 Porro

412 4957 906 5024 quemadmodum
937 4955 1252 5012 Cainorum
1285 4957 1562 5028 dogmata
1608 4965 1840 5030 propter
1886 4962 2056 5017 foedi-

409 5047 588 5097 tatem
639 5045 984 5100 detestanda
1023 5050 1182 5114 sunt,
1227 5045 1304 5100 ita
1361 5047 1654 5104 Sethianis
1703 5049 2050 5108 orthodoxe-

409 5147 539 5185 rum
571 5135 755 5185 ccetus
787 5134 1024 5190 omnino
1056 5135 1493 5192 interdicendus
1525 5141 1635 5202 est,
1685 5140 2052 5212 quandoqui—

409 5220 541 5274 dem
567 5217 798 5274 illorum
829 5221 1170 5279 traditiones
1197 5226 1421 5280 veritati
1469 5243 1582 5281 non
1625 5232 1764 5282 sunt
1813 5245 2051 5284 consen-

407 5313 614 5374 taneae,
649 5307 765 5362 imo
797 5326 829 5363 a
861 5309 1114 5366 Mosaica
1162 5314 1472 5385 disciplina
1524 5333 1765 5386 prorsus
1824 5317 2045 5375 alienae.

408 5397 550 5452 Cum
581 5395 734 5450 enim
769 5396 958 5450 Moses
999 5399 1067 5452 de
1099 5400 1275 5467 hujus
1326 5404 1578 5460 universi
1631 5407 2048 5464 constitutione

410 5487 600 5538 dicere
648 5487 1070 5557 proposuisset,
1121 5491 1186 5542 1n
1231 5493 1506 5562 principio
1563 5494 1772 5566 inquit,
1824 5501 2044 5568 creavit,

480 5605 528 5639 ⁸⁷
555 5605 722 5662 Joan.
755 5627 867 5665 xvx.
905 5613 988 5662 42.

1093 5611 1143 5644 δε
1173 5613 1340 5670 Joan.
1373 5635 1490 5682 xxx,
1520 5621 1610 5674 23.

407 5677 455 5712 ⁷³
485 5675 628 5728 Gen.
660 5692 736 5748 v1,
764 5683 818 5738 2.

1714 5622 1761 5656 °9
1789 5625 1840 5678 Il
1869 5627 1999 5680 Cor.
2029 5643 2131 5697 xu,
2163 5631 2216 5684 4.

2168 4705 2382 4760 lemus.
2429 4706 2500 4759 At
2551 4721 2659 4760 non
2711 4705 2790 4760 ita
2835 4723 2896 4761 se
2943 4723 3035 4762 res
3077 4708 3291 4766 habet:
3343 4717 3438 4770 sed
3491 4719 3630 4774 deos
3677 4722 3820 4778 Scri-

2167 4797 2340 4864 ptura
2371 4792 2518 4848 solet
2549 4809 2646 4847 eos
2697 4795 3014 4866 appellare,
3071 4799 3172 4869 qui
3225 4799 3435 4858 virtute
3475 4805 3698 4878 Deique
3729 4827 3814 4864 co-

2165 4882 2427 4954 gnitione
2460 4883 2681 4938 caeteris
2715 4884 2878 4938 facile
2899 4891 3210 4954 praestant:
3247 4890 3436 4961 qualis
3469 4913 3502 4950 a
3531 4901 3688 4954 Mose
3717 4901 3812 4955 Se-

2162 4971 2300 5026 thus
2360 4971 2730 5042 describitus,
2788 4973 3068 5029 nimirum
3129 4977 3228 5032 Dei
3289 4997 3488 5037 amore
3545 4986 3808 5060 celebris,

2163 5059 2516 5132 piorumque
2545 5061 2741 5116 Abelis
2775 5079 3003 5117 morum
3055 5065 3316 5124 imitator
3355 5074 3762 5133 exactissimus
3795 5096 3806 5132 :

2162 5149 2660 5218 quemadmodum
2687 5154 2742 5204 et
2771 5151 3024 5206 vaticinii
3078 5155 3207 5224 ejus
3256 5159 3562 5218 character
3593 5166 3673 5220 ita
3696 5167 3806 5221 sibi

2161 5242 2412 5308 constat,
2447 5239 2774 5295 utevariari
2810 5257 2924 5295 non
2985 5245 3193 5312 possit.
3229 5247 3449 5306 Idcirco
3475 5255 3630 5308 enim
3665 5257 3810 5310 inter

2162 5325 2437 5384 homines
2490 5331 2557 5383 de
2589 5331 2929 5401 corporibus
2983 5333 3319 5392 caelestibus
3369 5341 3810 5416 philosophatus

2158 5421 2268 5484 est,
2307 5418 2678 5489 futuramque
2713 5421 3016 5474 mundana:
3058 5424 3241 5479 totius
3277 5429 3560 5485 machina:
3609 5451 3802 5489 corru-

2159 5504 2415 5575 ptionem
2455 5525 2554 5578 per
2587 5507 2830 5563 alterum
2865 5525 2931 5563 ex
2955 5509 3181 5566 duobus
3209 5514 3512 5574 elementis
3535 5529 3808 5591 praestan-

2319 5632 2364 5666 7°
2385 5632 2526 5687 Gen.
2561 5649 2600 5702 ι,
2637 5635 2683 5687 1.
2787 5635 2828 5668 ῖι
2863 5633 3002 5688 Gen.
3037 5651 3112 5704 ιν,
3147 5639 3196 5690 1.

3297 5642 3341 5674 ⁷⁵
3369 5649 3536 5700 Deut.
3577 5664 3709 5716 xxx,
3749 5651 3804 5704 3.
