4082 6306
263 378 421 438 1273

263 603 408 656 adeo
441 599 732 654 columnis
762 599 992 654 duabus
1052 597 1380 667 inscripsit,
1435 612 1794 668 quaecunque
1855 598 1913 651 in

266 689 397 744 εωΙί
427 688 640 743 tabulis
675 696 843 743 antea
877 688 1112 756 legerat.
1144 686 1566 741 Columnarum
1639 685 1818 741 altera
1849 702 1917 741 ex

264 779 447 834 latere
479 778 668 834 coctili
727 781 1066 848 praeparata,
1132 776 1313 831 altera
1367 776 1555 845 lapide
1611 775 1917 847 exsoulpta

268 874 412 938 erat,
444 874 507 924 ut
555 869 604 923 si
653 869 885 938 quando
939 867 1071 937 igne
1131 867 1583 921 absumerentur
1623 866 1914 933 homines,

266 957 520 1013 lateritia
581 958 1001 1027 inconsumpta
1052 960 1408 1027 superesset,
1467 955 1515 1010 si
1575 971 1706 1010 vero
1765 971 1915 1024 aqua

267 1048 509 1121 perituri
565 1054 780 1116 essent,
834 1045 1065 1117 lapidea
1109 1052 1574 1101 conservaretur.
1628 1045 1911 1100 Ceterum

268 1137 402 1192 ﬁliae
435 1135 739 1191 hominum
772 1134 882 1189 illis
913 1139 1070 1201 sunt,
1106 1152 1232 1204 quae
1256 1153 1289 1189 a
1321 1134 1477 1188 Caini
1503 1151 1712 1200 genere
1775 1150 1911 1204 pro-

265 1229 570 1282 venerunt.
607 1227 730 1279 [lac
788 1225 942 1279 enim
999 1241 1124 1292 vox,
1198 1226 1390 1290 homo,
1452 1223 1578 1278 siue
1631 1222 1912 1292 adjuncto

261 1317 606 1387 proferatur,
643 1332 745 1369 uec
795 1314 1213 1386 synecdochice
1259 1314 1630 1381 subauditur,
1693 1311 1907 1366 malam

260 1407 319 1460 in
345 1410 590 1475 partem,
626 1411 681 1458 ut
724 1403 1042 1474 plurimum
1080 1404 1262 1458 sacris
1295 1403 1353 1456 in
1387 1402 1794 1471 Scripturis,et
1827 1400 1910 1454 in-

260 1494 511 1566 telligiet
567 1493 750 1563 accipi
811 1492 994 1547 solet:
1029 1509 1144 1563 quo
1206 1493 1263 1546 in
1347 1491 1680 1562 signiﬁcatu
1735 1489 1907 1543 etiam

266 1584 417 1653 apud
452 1583 726 1638 Davidem
787 1583 1036 1636 dicitur:
1098 1582 1230 1637 Filii
1276 1581 1582 1648 hominum,
1634 1595 1908 1651 usquequo

265 1671 424 1743 gravi
452 1672 608 1727 corde
648 1671 723 1724 7"?
757 1671 933 1726 Item:
965 1671 1102 1727 Filii
1130 1671 1434 1739 hominum,
1479 1671 1664 1724 dentes
1715 1685 1907 1724 eorum

266 1780 423 1818 arma
455 1771 506 1817 et
532 1761 750 1832 sagittae
797 1759 864 1814 ⁷⁵.
898 1762 1080 1815 Item:
1141 1761 1255 1814 Non
1311 1759 1510 1814 timebo
1553 1759 1683 1829 quid
1732 1760 1906 1828 faciat

260 1853 400 1908 mihi
426 1853 585 1908 homo
600 1850 668 1908 7".

330 1942 675 1997 Filiiautem
700 1941 824 2010 Dei,
859 1940 958 2010 qui
991 1939 1218 1994 aSetho
1249 1939 1340 2010 pio
1393 1939 1514 1993 viro
1565 1955 1750 2009 genus
1797 1939 1900 1993 du-

257 2033 464 2088 cebant
485 2031 639 2102 apud
674 2028 1039 2100 tempestatis
1112 2027 1270 2084 illius
1321 2027 1588 2083 homines
1648 2027 1899 2083 oblecta-

259 2123 493 2187 bantur,
523 2118 1012 2191 quemadmodum
1049 2118 1238 2174 Moses
1272 2119 1360 2173 his
1403 2118 1594 2174 verbis
1653 2119 1902 2174 obscure

261 2212 681 2268 subiudicavit:
727 2210 789 2263 Et
822 2209 1080 2263 viderunt
1108 2209 1220 2274 ﬁlii
1252 2209 1343 2263 dei
1400 2209 1548 2278 ﬁlias
1588 2208 1901 2276 hominum,

259 2302 399 2374 quod
414 2301 665 2372 pulchrae
694 2303 894 2364 essent,
925 2307 979 2352 et
1011 2300 1523 2369 acceperunteasin
1553 2299 1812 2366 coniuges
1835 2299 1898 2350 ⁷⁷.

259 2391 504 2448 Davides
533 2394 725 2446 autem
757 2387 1017 2460 apertius
1051 2387 1107 2441 id
1134 2386 1462 2458 prolatavit,
1495 2389 1636 2441 dum
1679 2386 1903 2442 chordi-

263 2481 386 2536 toni
419 2477 928 2551 psalteriichordis
961 2494 1285 2550 personans
1342 2478 1499 2532 hunc
1559 2477 1618 2531 in
1661 2477 1899 2531 modum

261 2570 533 2642 psalleret
565 2585 579 2623 :
613 2570 719 2639 Ego
750 2567 1004 2635 dixi,Dii
1023 2567 1230 2631 estis,et
1253 2567 1361 2636 ﬁlii
1389 2566 1659 2622 Altissimz
1691 2581 1898 2620 omnes.

269 2661 364 2715 Vo:
393 2662 576 2714 autem
604 2667 665 2713 ut
689 2657 934 2713 homines
979 2657 1313 2723 moriemini,
1373 2664 1424 2711 et
1480 2661 1542 2710 ut
1618 2652 1898 2728 ἀρχόντων

251 2765 348 2804 seu
365 2750 790 2820 principatuum
810 2762 954 2803 uuus
983 2745 1194 2800 cadetis
1228 2743 1299 2798 73.

901 2854 1054 2909 CAP.
1110 2852 1258 2908 XIII.

265 2965 437 3020 Tertia
479 2963 694 3018 decima
734 2962 977 3031 heresis,
1037 2961 1497 3016 Archonticorum
1537 2975 1632 3015 seu
1683 2959 1900 3015 Princi-

644 3039 903 3106 patuum.
987 3035 1054 3088 Hi
1130 3032 1508 3104 baptizantur.

331 3145 549 3200 Nomen
586 3143 676 3198 his
709 3161 741 3198 a
767 3140 1137 3214 dogmatibus
1187 3140 1527 3210 impositum
1587 3145 1696 3195 est.
1751 3140 1897 3195 Cum

1603 371 1996 435 THESAURI
2042 376 2192 435 LIB.
2241 376 2343 437 IV.

263 511 534 573 tioribus,
569 524 745 579 aqua,
777 507 1041 577 inquam,
1103 513 1156 560 et
1187 507 1342 577 igne,
1395 506 1660 577 prasdixit
1693 523 1705 559 :
1742 511 1915 578 atque
1948 511 1998 574 Α

3523 383 3678 442 12⁵74

2309 516 2588 568 ereseos
2628 515 2992 584 pra’cedentis
3073 516 3395 586 confutatio.

2099 636 2496 692 Tenebrarum
2533 639 2817 710 principis
2849 656 3046 694 revera
3087 640 3356 711 discipuli
3409 647 3546 696 sunt
3577 659 3668 697 ar-

2028 725 2278 782 choutici
2311 743 2412 782 seu
2457 730 2896 802 principatuum
2979 731 3227 795 ﬁctores,
3303 731 3390 786 vel
3446 731 3667 802 princi-

2029 814 2210 885 pales.
2239 815 2418 872 Vanis
2449 817 2604 872 enim
2635 835 2828 874 rerum
2863 819 3161 874 vocabulis
3183 820 3241 874 in
3275 820 3537 874 animum
3581 821 3668 876 in-

2028 907 2216 961 ductis
2235 923 2433 973 suum,
2467 907 2861 964 hebdomados
2891 914 2949 964 et
2997 910 3314 982 ogdoadas,
3347 927 3448 965 seu
3483 918 3670 982 septe-

2025 996 2222 1051 narios
2249 1002 2306 1051 et
2332 999 2659 1053 octouarios
2676 1015 2952 1053 numeros
2979 1001 3258 1054 caelorum
3276 1000 3665 1055 conﬁxerunt.

2024 1085 2213 1155 iisque
2235 1086 2529 1158 principes
2557 1089 2960 1158 praefecerunt,
2996 1105 3107 1142 non
3144 1087 3312 1159 quale
3355 1089 3544 1143 Moses
3589 1089 3671 1143 ait

2026 1176 2296 1230 Constitui
2325 1178 2587 1232 terminos
2605 1178 2956 1248 populorum,
3007 1179 3171 1243 iuxta
3211 1193 3508 1232 numerum
3558 1197 3659 1233 an-

2021 1274 2274 1336 get0pum
2296 1265 2410 1335 ejus
2438 1267 2608 1333 7°,sed
2642 1267 2956 1336 unicuique
2986 1267 3111 1321 coeli
3145 1267 3663 1338 subprazfecturam

2022 1371 2137 1408 non
2168 1369 2334 1411 secus
2357 1356 2778 1424 adjudicarent,
2815 1362 2988 1426 atque
3019 1355 3066 1409 si
3105 1355 3245 1410 nulli
3307 1357 3659 1428 principatui

2017 1444 2287 1500 subditus
2317 1450 2489 1500 esset.
2516 1445 2632 1500 Hoc
2676 1462 2808 1501 vero
2863 1447 3002 1517 quid
3055 1445 3233 1512 aliud,
3288 1462 3502 1516 quaeso,
3567 1452 3664 1503 est

2019 1550 2191 1605 quam
2229 1533 2573 1606 multiplicis
2605 1535 3024 1590 dominationis
3061 1535 3665 1607 introductio,Deique

2017 1628 2410 1694 contemptus,
2444 1625 2541 1695 qui
2569 1625 2719 1680 hanc
2778 1640 2970 1679 rerum
3032 1624 3471 1679 universitatem
3522 1643 3655 1697 pro-

2016 1713 2185 1768 tulit?
2214 1715 2373 1778 Quod
2408 1714 2581 1768 etiam
2637 1716 3058 1784 propemodum
3103 1716 3473 1785 profitentur,
3509 1715 3648 1770 dum

2014 1803 2283 1880 φωτεινὴν
2305 1819 2403 1857 seu
2427 1803 2677 1857 lucidam
2713 1805 3020 1873 quamdam
3046 1804 3652 1869 introducunt,diabo-

1928 1881 1976 1945 Β
2005 1895 2245 1963 lumque
2277 1892 2533 1962 septima:
2575 1894 2893 1963 potestatis,
2939 1892 3121 1947 ﬁlium
3157 1909 3285 1948 esse
3319 1897 3658 1958 autumant,

2009 1989 2184 2054 atque
2215 1999 2341 2037 eum
2375 1999 2501 2037 esse
2533 1983 2785 2037 Sabaoth
2816 1987 2992 2036 Deum
3030 1984 3401 2038 Hebraeorum
3452 1983 3648 2055 impu-

2007 2073 2210 2126 denter
2271 2071 2718 2142 proloquuntur,
2770 2077 2833 2124 ut
2891 2071 2988 2142 qui
3053 2070 3165 2126 Deo
3199 2072 3470 2126 contrarii
3512 2072 3647 2126 sint.

2006 2161 2257 2231 Quaeque
2281 2158 2630 2230 supradictis
2665 2161 2852 2229 magis
2886 2159 3062 2228 impia
3087 2164 3139 2214 et
3180 2159 3417 2214 ridicula
3467 2161 3652 2229 dicas,

2008 2253 2127 2303 Evae
2161 2266 2291 2303 cum
2327 2249 2587 2303 daemone
2621 2249 3022 2315 concubitum,
3057 2251 3112 2301 et
3143 2263 3209 2301 ex
3254 2265 3452 2302 corum
3512 2265 3652 2304 con-

2005 2355 2214 2411 gressu
2241 2338 2486 2393 Caiuum
2523 2342 2580 2392 et
2613 2331 2846 2392 Abelem
2875 2341 3184 2407 conceptos
3235 2353 3364 2392 esse
3429 2339 3650 2393 conﬁn-

2003 2429 2250 2500 gunt.0
2317 2427 2513 2498 qualia
2553 2427 2850 2497 malignus
2939 2426 3034 2481 ille
3111 2427 3514 2498 meudaciique
3580 2429 3650 2484 ab

2004 2518 2171 2572 initio
2203 2523 2369 2588 pater
2397 2516 2667 2571 efﬂuxit?
2691 2532 2820 2586 quae
2852 2516 3128 2570 nimirum
3170 2517 3462 2587 spurcitiae
3535 2535 3653 2572 sua:

2007 2607 2242 2678 capacia
2287 2607 2426 2672 sint,
2491 2605 2692 2675 quales
2750 2605 2981 2674 linguas
3023 2604 3139 2658 illis
3198 2605 3349 2658 intra
3388 2606 3652 2660 dentium

2006 2700 2171 2766 septa
2201 2693 2707 2764 conclusit,usque
2747 2694 2887 2748 adeo
2910 2693 3230 2748 mendaciis
3266 2710 3438 2748 omne
3469 2711 3655 2764 genus

2005 2784 2391 2851 exercitas,ut
2424 2782 2516 2838 vel
2551 2783 2739 2854 ipsum
2777 2783 2965 2837 verbis
2999 2785 3277 2852 tanquam
3305 2783 3517 2852 jaculis
3547 2785 3656 2839 im-

2006 2880 2224 2946 petaut,
2257 2875 2396 2928 dum
2429 2889 2560 2927 eum
2589 2872 2686 2943 qui
2720 2870 2976 2926 materiae
3037 2877 3246 2926 natura
3301 2889 3507 2945 expers
3567 2879 3654 2929 est

2008 2980 2140 3019 cum
2174 2962 2520 3033 corporibus
2536 2961 2810 3016 humanis
2842 2977 3226 3032 congressum
3245 2978 3372 3016 esse
3394 2964 3643 3018 tradunt.

2003 3055 2074 3109 Hi
2097 3058 2248 3107 certe
2278 3054 2547 3110 animum
2581 3068 2693 3106 non
2728 3067 2899 3108 secus
2956 3056 3132 3122 atque
3191 3052 3542 3120 dmmonem,
3588 3057 3652 3106 ut

2006 3160 2112 3215 par
2141 3146 2251 3211 est,
2286 3144 2524 3197 materia
2547 3147 2814 3196 constare
2847 3141 2977 3207 rati,
3002 3157 3069 3196 ea
3120 3139 3286 3195 illum
3345 3142 3415 3196 de
3473 3158 3652 3197 causa

260 3236 413 3290 enim
446 3234 723 3289 caelorum
755 3229 1178 3287 hebdomadem
1213 3235 1387 3301 atque
1419 3231 1763 3301 ogdoadem,
1790 3230 1900 3285 hoc
1931 3245 1974 3310 ρ
2013 3232 2125 3287 cibi
2155 3231 2282 3286 loco
2313 3231 2523 3301 apponi
2559 3229 2681 3285 suis
2716 3229 2916 3301 quales
2950 3230 3087 3294 sint,
3141 3229 3655 3301 principatibus,et

257 3330 345 3379 est
374 3323 736 3395 sptenarium
767 3325 824 3377 et
853 3321 1213 3375 octonarium
1271 3334 1581 3374 numerum
1629 3334 1757 3374 esse
1817 3319 1898 3372 di-

256 3420 413 3482 cant,
473 3414 681 3467 horum
738 3411 1056 3480 unicuique
1150 3409 1442 3480 prOprium
1514 3405 1753 3480 ἄρχοντα
1800 3425 1902 3463 seu

262 3502 584 3574 principem
613 3498 1086 3569 praestituuntJn
1147 3502 1346 3553 octavo
1399 3501 1594 3552 autem
1656 3503 1902 3552 matrem

265 3590 558 3668 φωτεινὴν,
592 3590 698 3644 hoc
729 3592 817 3642 est
841 3588 1115 3656 lucidam,
1145 3603 1270 3642 esse
1313 3587 1499 3642 aiunt.
1561 3589 1751 3657 Atque
1790 3588 1905 3642 dia-

266 3682 464 3736 bolum
496 3679 754 3750 septimae
772 3677 1069 3748 potestatis
1093 3676 1274 3731 tilium
1301 3677 1896 3739 afﬁrmant,nimirum

263 3770 555 3830 Sabaoth:
591 3769 784 3840 quisit
832 3770 1206 3822 Hebraeorum
1269 3772 1436 3835 Deus,
1481 3783 1612 3821 cum
1666 3773 1900 3838 Evaque

261 3877 604 3932 congressus
671 3859 866 3923 fuerit,
911 3866 971 3912 ut
1041 3858 1282 3912 maritus
1341 3873 1474 3913 cum
1519 3873 1692 3912 uxore
1731 3858 1896 3923 solet,

259 3957 430 4022 atque
456 3967 522 4005 eo
552 3965 620 4003 ex
651 3963 966 4019 congressu
1000 3949 1246 4002 Caiuum
1300 3952 1356 4002 et
1414 3946 1649 4002 Abelem
1705 3963 1903 4001 susce-

264 4041 430 4113 perit.
461 4041 566 4107 Qui
599 4054 731 4092 cum
792 4052 1126 4108 germanam
1168 4052 1419 4090 sororem
1473 4035 1646 4090 ambo
1697 4035 1901 4090 rivales

265 4131 614 4201 deperirent,
647 4127 860 4182 invidia
891 4141 1131 4195 crepans
1171 4127 1384 4180 Cainus
1432 4124 1668 4180 Abelem
1720 4126 1902 4180 inter-

263 4221 480 4276 fecerit.
515 4218 851 4288 Improbant
879 4232 1012 4271 vero
1044 4218 1408 4270 mortuorum
1440 4231 1673 4286 quoque
1706 4231 1899 4271 resur-

260 4309 601 4373 rectionem,
635 4309 804 4376 atque
834 4305 1017 4360 solam
1069 4305 1324 4359 animam
1385 4320 1708 4375 resurgere,
1743 4322 1808 4360 ac
1842 4306 1896 4360 in

260 4398 456 4453 cibum
484 4396 912 4469 principatibus
930 4400 985 4448 et
1008 4394 1279 4464 potentiis
1311 4394 1510 4450 cedere
1543 4396 1902 4450 contendunt

261 4489 444 4545 Iidem
468 4486 829 4557 baptismum
863 4491 1250 4550 exsecrantur,
1284 4485 1728 4554 divinorumque
1765 4502 1899 4557 my-

2011 3320 2288 3393 potentiis
2320 3319 2750 3377 dementissimi
2781 3319 3044 3374 omnium
3105 3320 3504 3390 pronuntiant.

2084 3411 2282 3482 Neque
2313 3426 2445 3464 vero
2477 3409 2608 3464 novi
2641 3409 2959 3480 quidquam
2993 3407 3653 3478 est,quoddivinum1a-

2007 3516 2241 3556 vacrum
2305 3500 2657 3570 improbant,
2699 3497 3058 3568 Setbumque
3108 3503 3340 3568 raptum
3398 3515 3522 3551 esse
3554 3516 3658 3552 nu-

2011 3594 2243 3662 gantur,
2267 3594 2442 3660 atque
2473 3589 2616 3643 adeo
2650 3598 3012 3643 mortuorum
3076 3587 3558 3641 resurrectionem
3592 3588 3654 3640 ii-

2010 3682 2221 3738 liorum
2256 3681 2650 3751 procreatione
2695 3680 2817 3735 fieri
2877 3682 3135 3743 censent,
3196 3679 3254 3732 in
3313 3678 3587 3732 omnibus
3621 3697 3653 3733 a

2012 3769 2203 3824 Veteri
2261 3768 2534 3837 Novoque
2582 3767 2957 3821 Testamento
3033 3765 3470 3832 dissentientes,
3531 3767 3649 3821 imo

2010 3859 2121 3929 ipsi
2143 3858 2258 3912 Deo
2293 3856 2638 3925 obstreperi,
2691 3871 2914 3909 necnon
2972 3871 3100 3909 sors
3161 3854 3458 3925 portioque
3515 3855 3650 3910 mali

2007 3945 2294 4001 daemonis
2326 3946 2590 3999 omnium
2625 3944 2978 4012 gratissima.

2644 4079 2802 4133 CAP.
2861 4077 3006 4133 XIV.

2009 4208 2217 4274 Quarta
2248 4205 2461 4261 decima
2490 4204 2730 4265 haeresis,
2779 4202 3046 4256 Cerdonis
3095 4211 3146 4257 et
3211 4202 3531 4259 Marcionis.
3583 4205 3650 4259 Ili

2113 4278 2182 4332 ad
2211 4277 2371 4347 ﬁdem
2419 4275 2775 4331 orthodoxam
2837 4278 3155 4330 accedente:
3205 4277 3535 4346 baptizatur.

2079 4400 2466 4470 Blasphemiaa
2495 4399 2754 4454 Simonis
2776 4399 2867 4454 his
2897 4417 3128 4470 quoque
3187 4402 3414 4456 initium
3476 4403 3648 4456 dede-

2007 4496 2163 4547 runt.
2191 4491 2324 4546 Fuit
2353 4495 2545 4545 autem
2576 4489 2758 4544 Cerdo
2781 4489 3096 4559 antiquior,
3132 4490 3233 4559 qui
3277 4492 3423 4544 duos
3477 4492 3648 4544 etiam

259 4578 569 4667 steriorum
607 4576 1032 4667 perceptionem
1056 4574 1643 4667 exploduntpquippe
1665 4593 1794 4646 quae
1837 4577 1895 4630 in
1937 4602 1982 4667 Β
2015 4583 2153 4636 deos
2181 4597 2310 4635 esse
2342 4580 2654 4648 asserebat,
2688 4595 2871 4633 unum
2905 4577 3005 4648 qui
3027 4577 3087 4633 in
3107 4579 3230 4648 lege
3261 4587 3313 4631 et
3354 4578 3650 4649 prophetis

257 4665 532 4722 Sabaotbi
561 4663 798 4718 nomine
831 4662 1174 4719 celebretur.
1213 4664 1297 4716 Ab
1339 4664 1560 4719 Adamo
1620 4670 1896 4735 praeterea

255 4757 486 4827 cognita
517 4754 752 4808 tandem
776 4751 894 4805 Eva
912 4751 1147 4806 Sethum
1180 4753 1529 4822 processisse
1558 4757 1892 4824 ,uugautur,

254 4860 425 4916 quem
457 4858 708 4912 superna
731 4845 1010 4910 potestate
1061 4857 1129 4896 ex
1192 4842 1510 4896 continenti
1567 4850 1893 4912 correptum

251 4935 408 5006 apud
439 4948 502 4988 se
529 4931 896 4993 euutriverit,
932 4935 1058 5000 post
1088 4929 1389 5000 multaque
1431 4939 1758 5003 temporum
1812 4933 1896 4987 in-

254 5021 494 5079 tervalla
526 5021 582 5074 in
618 5025 834 5075 terram
891 5019 1180 5086 detulerit,
1240 5023 1304 5074 ut
1361 5021 1795 5092 principatuum
1837 5028 1894 5077 et

250 5111 647 5185 potentiarum
720 5110 996 5180 mysteria
1055 5109 1289 5165 diceret.
1351 5110 1454 5165 His
1539 5128 1710 5183 porro
1757 5115 1894 5166 sunt

251 5198 763 5276 pseudOprophetas
795 5199 1035 5268 quidam
1081 5200 1392 5255 Marsiades
1445 5204 1501 5255 et
1544 5200 1890 5270 Marsianus,

247 5304 498 5361 quorum
532 5289 904 5358 posteriorem
937 5287 995 5342 in
1021 5287 1232 5342 coelum
1290 5305 1524 5360 quoque
1579 5289 1888 5362 abreptum

245 5380 442 5445 fuisse,
477 5383 533 5433 et
564 5394 663 5447 per
693 5381 809 5431 tres
841 5378 1100 5433 indidem
1134 5378 1254 5434 dies
1281 5380 1651 5435 descendisse
1703 5383 1887 5436 aiunt.

242 5470 544 5524 Postremo
575 5467 1058 5522 resurrectionem
1095 5474 1459 5524 mortuorum
1528 5472 1802 5526 continua
1829 5474 1889 5526 ii-

241 5557 453 5612 liorum
483 5571 552 5610 ex
583 5555 852 5624 patribus
904 5557 1280 5626 generatione
1331 5558 1457 5626 jam
1488 5559 1608 5614 ﬁeri
1661 5561 1886 5618 dicunt.

2013 4672 2242 4726 locutus
2271 4674 2444 4736 esset,
2472 4685 2646 4740 quem
2679 4668 2856 4723 etiam
2879 4668 3144 4739 impurus
3175 4666 3268 4721 hic
3297 4672 3354 4722 et
3372 4667 3648 4723 scelestas

2002 4761 2176 4815 homo
2200 4764 2522 4815 creatorem
2560 4759 2772 4814 malem
2836 4767 3154 4829 notumque
3203 4758 3466 4826 vocabat,
3497 4759 3643 4814 alte-

2001 4866 2131 4904 rum
2158 4865 2288 4903 vero
2322 4850 2493 4903 deum
2518 4849 2736 4903 bonum
2768 4853 2824 4902 et
2855 4849 3115 4918 ignotum
3167 4847 3438 4901 omnibus
3487 4848 3649 4901 afﬁr-

2001 4938 2197 4992 mabat
2219 4954 2230 4991 :
2253 4952 2424 5008 quem
2457 4936 2669 4991 Christi
2696 4952 2927 5008 quoque
2959 4933 3472 5006 patremidicebat,
3521 4937 3644 5008 {qui

1999 5027 2223 5082 venisse
2247 5026 2485 5096 quidem
2519 5041 2586 5080 ex
2618 5025 2800 5079 Maria
2830 5024 3278 5093 existimaretur,
3314 5026 3386 5080 ad
3446 5043 3512 5081 ea
3543 5044 3646 5082 an-

1997 5116 2300 5188 tiquanda,
2357 5133 2390 5170 a
2448 5115 2652 5170 mundi
2711 5114 2916 5185 opiﬁce
2969 5115 3096 5181 deo,
3185 5115 3337 5171 malo
3378 5117 3646 5188 inquam,

1997 5207 2098 5260 illo
2121 5213 2176 5260 et
2209 5212 2366 5271 noto,
2401 5204 2855 5272 sancitaessent,
2889 5221 2949 5260 re
2971 5212 3164 5260 autem
3216 5222 3353 5262 vera
3396 5224 3508 5263 non
3556 5224 3646 5262 ve—

1998 5297 2201 5351 nisset.
2237 5296 2546 5366 Propterea
2575 5295 2750 5348 etiam
2794 5299 3047 5350 veterem
3083 5311 3114 5348 a
3171 5295 3402 5352 Christo
3453 5297 3638 5365 legem

1998 5386 2055 5439 iu
2083 5385 2408 5453 Evangeliis
2444 5383 2865 5454 antiquari,qui
2892 5385 3053 5438 dicat
3083 5385 3306 5440 Dentem
3332 5402 3438 5455 pro
3459 5387 3640 5452 dente,

1997 5480 2046 5528 et
2071 5474 2290 5529 oculum
2318 5489 2415 5543 pro
2445 5473 2598 5527 oculo
2629 5472 2707 5538 ⁸ο,
2751 5477 3028 5543 tanquam
3084 5474 3173 5528 dei
3223 5473 3360 5527 mali
3411 5473 3642 5528 institu-

1995 5564 2237 5618 tionem.

309 5653 374 5733 7:
410 5652 567 5733 _P_sa|_.
610 5669 686 5708 ιν.
718 5654 798 5733 ἒ.
848 5651 894 5685 ⁷⁵
937 5653 1063 5709 Psal
1118 5671 1227 5721 va,
1287 5658 1340 5710 5.
1397 5656 1444 5692 ⁷⁸
1503 5657 1632 5713 Psal
1684 5675 1901 5729 cxvn,:

2014 5663 2022 5696 '
2082 5662 2225 5718 Gen.
2278 5678 2353 5733 νι,
2385 5665 2439 5716 2.
2498 5660 2544 5694 ⁷⁸
2597 5660 2749 5716 Psal.
2787 5678 2975 5731 Lxxx1,
2999 5663 3138 5728 6,7.
3192 5662 3236 5695 7°
3295 5666 3456 5717 Deut.
3491 5679 3644 5732 xxxx,

238 5727 297 5782 8.
329 5724 377 5757 ⁸ο
407 5723 603 5778 Matth.
632 5739 682 5777 ν.
717 5723 804 5776 36.
