4082 6306
511 335 668 398 1275

1823 326 2140 392 ΝΗΕΤᾹΞ
2181 323 2603 386 GHONIATE

3730 331 3856 393 {216

579 475 858 528 Craterum
905 467 1158 524 Marcion
1192 467 1558 538 Sinopensis,
1615 467 1743 538 ejus
1785 465 1886 538 qui
1944 481 2044 535 per
2087 479 2156 518 ea
2183 463 2237 528 Α
2270 461 2460 516 medio
2491 467 2660 531 atque
2691 459 2806 516 ﬁne
2835 459 3016 529 hujus
3047 457 3346 530 Evangelii
3377 460 3842 518 detraxeruntmlia-

509 571 766 632 tempore
817 559 1078 616 Ecclesia
1155 556 1449 614 catholicae
1509 557 1816 629 episcopus
1861 559 2004 620 erat,
2055 552 2160 618 viri

514 651 748 722 quidem
769 649 1044 722 religione
1077 647 1403 719 pietateque
1446 645 1758 708 clarissimi
1791 645 1948 708 ﬁlius
1983 643 2163 700 fuisse

513 741 818 811 i'ertur,qui
839 755 972 794 cum
995 737 1282 810 virginem
1309 738 1632 808 quamdam
1658 734 2158 810 circumvenisset,

513 837 572 888 et
629 831 1085 900 constuprasset,
1147 829 1368 898 ejectus
1411 845 1446 882 a
1505 831 1686 898 patre,
1734 831 1910 898 atque
1957 825 2160 888 eodem

513 921 898 994 persequente
931 919 1164 988 fugatus
1196 921 1302 974 est.
1337 917 1478 974 Cum
1513 933 1646 988 ergo
1681 917 1920 980 Romam
1959 929 2162 988 pBI'VB‘

512 1012 718 1078 uisset,
787 1009 984 1079 ibique
1033 1006 1225 1078 qualis
1255 1011 1381 1072 erat
1413 1007 1786 1074 innotuisset,
1821 1022 1925 1070 nec
1957 1021 1988 1060 a
2017 1020 2163 1074 quos

516 1117 692 1174 quam
725 1101 796 1156 ad
820 1098 1082 1171 synaxim
1108 1098 1541 1164 admitteretur,
1565 1096 1844 1160 Cor-donis
1877 1097 2162 1168 imposta-.-

513 1192 594 1246 ris
629 1189 874 1246 haeresin
931 1187 1014 1242 vel
1075 1203 1208 1248 cum
1241 1187 1644 1246 additamenta
1687 1185 1988 1257 amplexus
2046 1187 2160 1244 est.

517 1281 622 1336 Illo
656 1278 810 1334 enim
871 1281 1018 1332 duos
1049 1277 1187 1332 deos
1220 1280 1540 1344 asserente,
1603 1275 1698 1332 hic
1739 1279 1854 1338 tres
1897 1275 2162 1340 introdua

516 1374 702 1438 cebat,
768 1387 942 1432 unum
991 1371 1226 1440 quidem
1259 1384 1606 1439 supernum,
1650 1368 2041 1439 eamdemque
2071 1367 2166 1422 in-.

517 1461 958 1528 nominabilem,
1017 1458 1366 1518 invisibilem
1401 1463 1457 1522 et
1485 1459 1724 1522 bonum,
1763 1457 1983 1528 quique
2017 1455 2161 1520 nihil

517 1553 574 1606 in
601 1551 824 1608 mundo
856 1553 1106 1606 creasset
1141 1566 1153 1604 :
1202 1547 1449 1610 alterum
1485 1564 1616 1610 vero
1647 1547 1962 1612 visibilem,
1996 1563 2158 1604 creao

513 1647 659 1706 tum,
711 1643 770 1694 et
827 1639 1030 1696 mundi
1077 1637 1342 1706 opiﬁcem
1411 1657 1426 1706 ;
1469 1637 1700 1698 tertium
1753 1635 2006 1706 denique
2061 1635 2164 1706 qui

513 1730 664 1786 inter
699 1729 803 1784 hos
835 1728 998 1794 duos,
1033 1725 1408 1792 invisibilem,
1441 1725 1708 1796 inquam.
1760 1729 1817 1780 et
1843 1723 2161 1798 visibilem,

2270 567 2382 622 que
2413 551 2632 620 scripta
2659 548 2982 604 adulterina
3007 548 3480 604 interseruerunt.
3523 549 3595 604 Ex
3637 553 3838 622 apostoli

2269 639 2519 710 denique
2549 637 2708 694 Pauli
2743 637 3014 708 Epistolis
3065 639 3374 694 nonnullas
3425 639 3730 694 admittunt.

2553 787 2826 852 Horrescet;
2863 785 3226 858 praecedentis
3249 785 3562 858 con/utatio.

2337 929 2558 984 Crrdon
2593 929 2835 1000 ejusque
2857 933 3174 998 praeceptor
3205 927 3448 984 Marcion
3495 945 3555 984 os
3579 927 3628 983 in
3675 929 3846 984 caelum

2268 1023 2544 1090 ponentes
2575 1019 2721 1072 duos
2755 1018 2890 1072 deos
2927 1017 3290 1088 proﬁtentur,
3341 1033 3512 1072 unum
3569 1019 3771 1090 quidem
3801 1019 3843 1072 in

2267 1110 2392 1181 lege
2423 1107 2799 1178 etprOphetis
2829 1108 3115 1174 locutum,
3169 1124 3343 1178 quem
3392 1112 3448 1162 et
3495 1107 3688 1162 malum
3739 1125 3838 1162 esse

2267 1197 2490 1262 dicunt,
2525 1197 2863 1268 quicunque
2893 1197 3158 1252 omnium
3189 1197 3628 1268 impurissimum
3658 1201 3704 1252 et
3745 1213 3845 1267 pes-

2266 1281 2477 1336 simam
2509 1280 2734 1334 vivendi
2769 1281 3050 1335 rationem
3095 1285 3426 1335 sectantur:
3465 1279 3693 1336 alterum
3745 1297 3846 1335 vero

2267 1372 2486 1426 bonum
2521 1375 2577 1424 et
2609 1369 2894 1440 ignotum,
2929 1385 3104 1441 quem
3139 1375 3194 1424 et
3237 1371 3465 1426 Domini
3514 1371 3674 1425 nostri
3702 1371 3842 1425 Jeni-

2267 1459 2478 1514 Christi
2513 1459 2738 1514 Patrem
2790 1463 3017 1514 vocant.
3081 1459 3178 1514 Dei
3237 1459 3474 1528 Filium,
3527 1459 3760 1530 quamvis
3807 1461 3847 1514 in

2265 1558 2447 1609 terras
2479 1551 2708 1606 venisse
2739 1553 3089 1614 censeretur,
3155 1565 3215 1604 re
3259 1553 3456 1605 tamen
3499 1565 3622 1604 vera
3664 1567 3758 1604 non
3781 1565 3848 1603 vo-

2269 1641 2422 1697 nisse
2459 1640 2730 1694 tradunt:
2777 1639 2952 1709 idque
2981 1643 3046 1694 ut
3093 1639 3412 1696 Mosaicam
3461 1639 3635 1712 legem
3664 1657 3691 1693 ιι
3733 1637 3848 1692 malo

2268 1731 2373 1786 deo
2397 1731 2596 1784 datam
2629 1729 2980 1800 antiquaret.
3023 1729 3278 1784 Ulterius
3330 1731 3606 1801 progressi
3659 1727 3844 1783 tertium

513 1819 742 1876 medius
805 1821 978 1882 esset,
1041 1831 1250 1887 nempe
1307 1813 1630 1876 diabolum.
1701 1815 1860 1878 Idem
1919 1815 2162 1886 insuper
2191 1831 2238 1895 Β
2269 1823 2446 1877 deum
2479 1818 2798 1887 diabolum,
2829 1823 3051 1873 etcum
3091 1835 3156 1874 eo
3213 1823 3492 1890 quartum
3551 1819 3736 1892 Hylen,
3773 1832 3845 1870 seu

511 1909 796 1964 Christum
819 1908 890 1962 ab
913 1905 1212 1975 invisibili,
1249 1904 1684 1972 innominabili,
1716 1909 1774 1960 et
1815 1905 1964 1960 bono
1999 1907 2157 1970 patre

512 2000 892 2072 processisse,
941 2003 1116 2068 atque
1139 1996 1410 2058 eumdem
1445 1995 1514 2054 ad
1541 1995 1756 2056 inferos
1779 1992 2156 2050 descendisse

513 2091 761 2154 dicebat,
823 2103 936 2142 non
995 2086 1254 2156 quidem,
1315 2089 1380 2138 ut
1419 2084 1654 2140 Judmos
1727 2087 1998 2150 servaret,
2055 2081 2156 2152 qui

515 2185 694 2232 Deum
756 2179 1054 2240 noverant,
1102 2179 1164 2228 ut
1215 2171 1472 2240 Ahalam,
1529 2172 1847 2240 Euochum,
1893 2171 2156 2238 Nessum,

512 2265 935 2328 Abrahamum,
995 2263 1286 2326 Isaacum,
1349 2262 1588 2328 Mosam,
1631 2261 1932 2327 Davidem,
1966 2261 2157 2331 iisque

516 2354 852 2412 consimiles
885 2369 898 2408 :
955 2355 1053 2410 sed
1088 2353 1332 2412 Cainum
1367 2352 1582 2422 potius,
1615 2353 1895 2416 Correum,
1929 2351 2156 2414 Datba.

509 2445 1007 2514 nem,Abironem,
1036 2446 1267 2508 Esaum,
1295 2445 1352 2500 et
1377 2441 1424 2502 si
1450 2441 1584 2512 quis
1617 2441 1908 2510 ejusmodi
1943 2457 2154 2511 super-

512 2540 686 2604 esset,
719 2539 1036 2607 gentosque
1087 2533 1248 2600 adeo,
1287 2547 1416 2604 quae
1473 2531 1654 2592 Deum
1708 2549 1823 2596 non
1857 2535 2156 2596 noverant.

511 2626 654 2680 Inde
675 2625 853 2680 etiam
913 2622 1118 2678 diebus
1159 2621 1547 2678 Sabbatorum
1593 2621 1980 2692 jejunandum
2029 2636 2158 2680 esse

511 2714 886 2786 praedicabat,
943 2713 1230 2782 uugisque
1270 2712 1394 2766 suis
1436 2711 1690 2782 quietem
1721 2710 1956 2770 Sabbati
1990 2727 2022 2764 τι
2051 2711 2156 2772 ,1ης

517 2806 772 2860 deorum
795 2803 908 2858 Deo
935 2802 1264 2858 institutam
1295 2817 1424 2856 esse
1447 2801 1860 2866 mentiebatur,
1885 2800 2160 2870 quocirca

505 2894 895 2964 jejunandum
927 2891 1098 2948 nobis
1127 2907 1386 2960 esse,quo
1411 2889 1574 2948 illius
1599 2888 1808 2960 placita
1833 2905 2153 2946 servemus.

515 2983 726 3038 Adhaec
757 2981 911 3038 idem
968 2997 1084 3040 non
1109 2979 1311 3048 semel,
1353 2979 1452 3038 sed
1476 2979 1707 3048 iterato,
1731 2982 1788 3034 et
1808 2979 2022 3050 saepius
2057 2979 2158 3034 ba.

514 3073 792 3144 ptizabat.
827 3070 1126 3128 Interdqu
1169 3085 1304 3126 vero
1354 3073 1626 3138 quartum
1682 3083 1916 3139 quoque
1953 3069 2156 3138 Deum,

513 3179 718 3234 nempe
777 3161 980 3232 Hylen,
1012 3175 1114 3216 seu
1149 3161 1466 3228 materiam,
1513 3159 1942 3224 introducebat,
1992 3175 2153 3222 eam-

513 3269 622 3323 que
651 3252 724 3306 ab
747 3253 874 3320 ipso
905 3249 1108 3304 mundi
1143 3249 1350 3318 opifice
1387 3249 1495 3304 Deo
1529 3253 1894 3318 assumptam
1911 3263 2040 3306 esse
2066 3249 2151 3304 di-

513 3340 698 3404 cebat,
750 3354 818 3392 ex
853 3353 968 3408 qua
999 3336 1096 3392 ille
1133 3352 1328 3390 rerum
1369 3335 1810 3392 universitatem
1847 3337 2153 3407 produxis-

514 3433 637 3486 set:
673 3445 741 3483 ex
773 3426 1092 3498 purisima
1124 3424 1398 3480 nimirum
1429 3426 1558 3496 ejus
1609 3429 1769 3496 parte
1819 3425 2056 3494 omium,
2087 3443 2156 3482 ex

514 3518 758 3590 reliquis
808 3519 1094 3572 elementa
1155 3519 1429 3586 quatuor,
1490 3531 1560 3570 ex
1591 3513 1712 3570 ima
1769 3531 1900 3572 vero
1953 3516 2070 3572 fece
2100 3520 2156 3574 et

512 3611 836 3666 sedimentc
877 3607 1176 3664 Infernum
1203 3609 1378 3676 atque
1401 3606 1733 3662 Tartarum.
1759 3609 1922 3674 Item,
1957 3605 2156 3662 Puris-

510 3697 1014 3770 sima,inquitills,
1045 3700 1209 3752 terrae
1243 3699 1402 3766 parte
1438 3695 1792 3752 transcolala
1819 3695 2154 3767 paradisum

510 3791 771 3845 condidit
800 3789 978 3856 Deus,
1027 3804 1094 3842 ex
1145 3803 1260 3858 quo
1293 3787 1460 3858 gleba
1521 3787 1694 3844 unica
1719 3791 1986 3858 correpta
2017 3787 2162 3848 Ada-

514 3897 674 3936 mum
709 3881 982 3936 formavit
1006 3895 1018 3934 :
1046 3883 1220 3949 atque
1252 3877 1334 3934 illi
1367 3877 1626 3934 animam
1661 3879 1895 3950 prepria
1917 3893 1984 3932 ex
2025 3877 2156 3934 θυι).

514 3969 730 4024 stantia
761 3969 1009 4040 largitus
1043 3973 1132 4022 est
1165 3985 1177 4022 :
1217 3967 1546 4038 exindeque
1596 3967 1740 4022 adeo
1799 3968 2060 4038 corporis
2103 3970 2158 4020 et

515 4060 722 4115 animas
787 4074 1044 4128 pugnam
1097 4057 1235 4110 oriri
1281 4061 1497 4124 censet,
1555 4073 1689 4118 cum
1734 4057 1870 4111 hinc
1920 4057 2156 4126 quidem

515 4149 712 4202 anima
733 4163 944 4218 corpus
959 4147 1030 4199 ad
1057 4145 1258 4200 mundi
1276 4146 1544 4216 opiﬁcem
1571 4145 1862 4201 attrahere
1885 4151 2156 4208 conetur;

513 4236 678 4290 illinc
699 4251 830 4289 vero
857 4237 1068 4304 corpus
1091 4235 1348 4288 eamdem
1371 4235 1526 4290 lucta
1551 4235 1832 4290 devictam
1868 4235 2035 4306 hylas,
2055 4251 2158 4290 seu

517 4323 792 4390 materiae,
825 4339 894 4380 ex
935 4339 1048 4394 qua
1083 4322 1361 4388 nimirum
1415 4325 1662 4388 formata
1721 4324 1816 4393 sit,
1871 4325 2162 4386 ascribere

518 4416 854 4474 contendat.
875 4415 1030 4476 Idem
1057 4419 1388 4488 serpentem
1403 4415 1607 4487 opiﬁce
1633 4415 1836 4478 mundi
1861 4415 2160 4480 meliorem

517 4523 644 4564 esse
677 4507 1028 4578 uagabatur,
1063 4506 1198 4576 quia
1255 4505 1477 4566 scilicet
1507 4504 1598 4560 hic
1653 4505 1888 4574 quidem
1937 4505 2162 4568 arboris

519 4573 785 4654 scientia;
809 4573 1236 4668 perceptionem
1271 4573 1679 4664 prohibuerat,
1705 4593 1802 4656 ille
1833 4609 1968 4650 vero
1998 4611 2152 4657 eam.
2195 4573 2238 4637 D

517 4689 648 4742 dem
678 4685 1023 4758 permiserat
1063 4687 1118 4746 et
1149 4683 1462 4744 invexerat.
1499 4683 1686 4747 Quare
1718 4683 1816 4754 qui
1845 4682 2161 4746 Marcionis

515 4777 762 4834 heresin
841 4775 1205 4846 profitentur,
1269 4787 1494 4834 tunsum
1555 4775 1886 4842 serpentem
1939 4770 2161 4842 colunt,

514 4882 766 4936 eumque
788 4867 844 4920 in
869 4861 1126 4936 capsulis
1157 4865 1486 4922 aeservaat.
1519 4861 2165 4933 Mareionistaainsuper

513 4954 904 5024 virginitatem
929 4951 1202 5024 prolessi,
1235 4951 1580 5014 mulieribus
1621 4967 1852 5022 quoque
1883 4951 1952 5008 ad
1981 4951 2166 5022 bapti-

519 5044 772 5100 candum
823 5043 1091 5100 accedere
1147 5043 1506 5112 permittunt,
1555 5045 1731 5112 atque
1778 5041 1835 5100 in
1870 5041 2162 5112 mysteriis

517 5145 666 5200 aqua
699 5129 822 5186 sola
879 5135 1147 5200 utuntur,
1183 5137 1238 5190 et
1286 5131 1520 5192 unicum
1595 5131 1763 5190 Luc-se
1795 5130 2162 5202 evangelium

516 5219 840 5290 approbant
899 5219 1160 5276 abscisso
1241 5219 1550 5290 principio,
1607 5219 1798 5291 iique
1867 5219 2162 5288 omnibus,

518 5307 732 5378 quibus
775 5307 904 5376 ejus
953 5308 1394 5378 conceptionem
1429 5313 1486 5366 et
1519 5309 1982 5374 incarnationem
2031 5325 2162 5379 perv-

513 5397 724 5452 currit:
752 5394 1079 5466 atqueinda
1103 5395 1378 5458 inchoata
1397 5397 1750 5466 narratione,
1779 5399 1930 5462 Anno
1957 5398 2162 5458 decimo

517 5482 710 5552 quinto
759 5483 992 5552 imperii
1027 5487 1230 5540 Tiber-ii
1261 5485 1498 5542 Caesaris
1519 5485 1587 5552 8‘,
1623 5486 1894 5558 pleraque
1921 5487 2098 5550 etiam
2131 5503 2162 5544 e

585 5604 630 5640 '1
664 5609 798 5676 Luc.
831 5624 916 5672 ιιι,
953 5613 1001 5663 1.
1078 5607 1126 5646 ⁸³
1159 5605 1323 5661 Deut.
1359 5623 1433 5676 v1,
1467 5609 1520 5663 4.

519 5674 562 5707 ³⁷
593 5675 790 5730 Matth.
825 5697 877 5748 v,
910 5681 998 5734 38.
1075 5677 1120 5713 ⁸³
1153 5676 1296 5731 Ibid.
1331 5674 1428 5744 2i,-
1450 5681 1540 5732 27.
1569 5733 1576 5738 _

1599 5608 1645 5644 ⁸³
1675 5610 1850 5668 Exod.
1885 5628 1978 5680 xx,
2009 5611 2062 5668 3.
2138 5610 2184 5646 “
2211 5609 2356 5668 Ibid.
2383 5611 2439 5666 7.

2271 1909 2574 1966 materiam
2601 1906 2920 1963 commenti
2951 1911 3108 1963 sunt.

2342 2004 2514 2053 Porro
2547 1998 2662 2052 illis
2689 1997 2926 2067 quidem
2959 2001 3114 2052 certe
3149 2013 3250 2068 per
3301 2013 3396 2052 me
3449 1997 3644 2068 nugari
3695 1995 3848 2058 liceat,

2273 2089 2386 2146 Nos
2417 2093 2610 2143 autem
2645 2103 2822 2141 unum
2843 2087 3026 2142 Deum
3061 2085 3332 2142 nocimus
3363 2091 3419 2142 et
3449 2087 3732 2152 credimus,
3771 2083 3842 2154 qui

2271 2178 2568 2234 materiam
2593 2193 2659 2232 ex
2683 2175 2866 2231 nihilo
2899 2177 3258 2246 produxerit,
3301 2193 3369 2232 ex
3409 2193 3584 2249 eaque
3611 2174 3785 2230 etclam
3811 2181 3848 2224 et

2269 2273 2484 2323 terram
2519 2267 2870 2330 formaverit,
2907 2269 3080 2336 atque
3103 2265 3308 2322 omnia
3354 2283 3476 2338 quas
3523 2267 3578 2320 in
3633 2265 3704 2320 eis
3748 2263 3850 2316 sunt

2267 2355 2714 2426 condiderit,qui
2749 2355 3004 2426 primum
3039 2355 3278 2424 quidem
3339 2373 3440 2427 per
3473 2356 3676 2410 Mosem
3705 2355 3840 2406 Israe-

2268 2447 2384 2503 litis
2415 2447 2698 2518 optimam
2725 2445 2894 2516 juxta
2927 2449 2983 2499 et
3025 2445 3396 2500 salutiferam
3449 2447 3618 2516 legem
3657 2439 3844 2504 dederit,

2269 2551 2512 2612 quaeque
2545 2533 2702 2588 omni
2731 2534 3082 2588 detestandae
3103 2533 3320 2588 actioni
3341 2529 3848 2589 adversetur.Deinde

2268 2643 2396 2680 vero
2427 2639 2528 2695 per
2559 2621 2840 2692 unigeniti
2875 2621 3002 2676 Filii
3037 2621 3272 2676 Domini
3307 2625 3436 2678 Jesu
3492 2621 3684 2679 Christi
3737 2620 3844 2686 lega-

2269 2717 2488 2768 tionem
2515 2719 2714 2782 gentes
2747 2715 2810 2766 ut
2841 2715 3322 2767 converterentur
3344 2719 3632 2783 Deumque
3683 2723 3844 2778 cogno-

2269 2809 2512 2866 scerent,
2549 2801 2829 2856 invitavit.
2857 2793 3332 2858 Christusautem
3359 2819 3472 2857 non
3503 2817 3564 2856 eo
3617 2799 3764 2862 venit,
3805 2799 3846 2848 ut

2266 2893 2456 2964 legem
2481 2889 2750 2960 solverat,
2784 2890 2940 2960 quod
2971 2887 3056 2954 illi
3088 2889 3430 2960 volunt,sed
3465 2897 3524 2948 ut
3552 2888 3842 2958 adimplerel.

2266 2981 2562 3052 Siquidem
2598 2980 2656 3035 in
2689 2979 2810 3050 lege
2852 2979 3136 3050 scriptum
3184 2990 3296 3050 est,
3361 2981 3522 3046 Audi,
3575 2979 3738 3044 Israel,
3767 2977 3845 3028 Do-

2267 3071 2452 3132 minus
2487 3077 2629 3130 Deus
2659 3073 2808 3137 tuus,
2869 3069 3131 3133 Dominus
3180 3085 3332 3136 unus
3380 3069 3544 3134 est”.
3575 3065 3846 3132 ltem:Nrn

2277 3171 2438 3220 erunt
2467 3160 2572 3218 tibi
2609 3159 2690 3220 dii
2711 3159 3044 3230 alii,praeter
3071 3159 3211 3214 tne”
3247 3162 3396 3220 Item
3425 3179 3436 3218 ε
3461 3160 3576 3226 Non
3601 3156 3754 3230 facies
3779 3152 3851 3206 tibi

2263 3253 2492 3320 idolum,
2525 3267 2634 3314 non
2665 3251 2909 3320 accipies
2937 3264 3138 3312 nomen
3171 3251 3412 3314 Domitii
3446 3251 3532 3316 Dei
3569 3251 3646 3306 lui
3697 3249 3743 3302 ia
3783 3259 3849 3298 va-

2261 3359 2394 3398 num
2419 3341 2486 3396 “-
2549 3347 2732 3410 Alque
2791 3339 2914 3396 haec
2963 3337 3197 3409 quidem
3261 3341 3436 3400 verba
3502 3339 3751 3406 efﬁciunt,
3789 3346 3842 3388 ne

2262 3431 2462 3504 plures
2493 3445 2620 3484 esse
2683 3430 2818 3484 deos
2871 3427 3322 3486 existimemus:
3385 3430 3678 3502 ipsumque
3706 3437 3844 3480 unum

2263 3527 2317 3576 et
2341 3519 2534 3576 solum
2565 3533 2972 3590 agnoscamus,
2995 3517 3092 3588 qui
3127 3525 3344 3580 natura
3373 3519 3522 3578 Deus
3565 3521 3662 3574 est.
3711 3513 3844 3568 Porro

2267 3611 2445 3666 Deum
2467 3625 2602 3666 cum
2635 3607 2996 3674 hominibus,
3024 3605 3134 3662 hoc
3163 3611 3252 3664 est
3285 3603 3752 3678 nobiscum,quasi
3771 3614 3845 3672 per

2262 3705 2459 3756 velum
2493 3696 2705 3762 carnis,
2739 3699 3549 3768 comersatus,perfectiorem
3589 3696 3680 3752 Dei
3697 3687 3846 3762 cogni-

2265 3790 2482 3846 tionem
2519 3788 2580 3848 in
2615 3787 2902 3848 mundum
2928 3786 3166 3852 invexit,
3201 3789 3302 3856 qui
3339 3789 3561 3848 Patrem
3589 3789 3660 3842 ita
3677 3796 3845 3852 cogno-

2265 3879 2570 3944 scendum,
2597 3880 2661 3932 ut
2691 3875 2790 3946 qui
2823 3873 3106 3946 principio
3141 3891 3447 3950 causaque
3477 3869 3846 3942 careat,Fiiium

2265 3985 2399 4024 vero
2421 3967 2478 4022 in
2513 3965 2799 4038 principio
2833 3965 3072 4036 quidem
3110 3983 3141 4028 a
3173 3966 3346 4022 Patre
3377 3967 3650 4040 genitum,
3682 3955 3848 4034 princi-

2269 4057 2359 4128 pio
2409 4065 2600 4112 tamen
2661 4059 2976 4120 carentem,
3039 4063 3105 4114 ut
3145 4061 3470 4114 coaeternus
3527 4044 3848 4119 illisit;Spi-

2267 4149 2446 4204 ritum
2479 4146 2732 4216 denique
2790 4145 2994 4208 abillo
3053 4148 3386 4217 procedere,
3450 4146 3726 4202 docuerit:
3777 4131 3848 4208 qui

2269 4237 2382 4292 duo
2411 4236 2614 4294 eodem
2645 4251 2760 4305 quo
2791 4234 2952 4292 Pater
3007 4235 3346 4304 imperario,
3407 4237 3593 4296 cadem
3631 4225 3846 4302 polentia.

2267 4327 2470 4382 eodem
2504 4324 2966 4390 honore,eadent
2999 4325 3254 4382 essentia
3279 4327 3570 4397 gaudeant
3602 4325 3694 4384 :ut
3715 4313 3846 4380 exhis

2269 4415 2532 4486 ejusdem
2595 4416 2666 4472 ad
2717 4413 3130 4476 Samaritidem
3197 4416 3396 4480 verbis
3489 4413 3730 4484 colligere
3767 4405 3844 4464 est.

2273 4507 2449 4564 Crede
2479 4503 2638 4570 mihi,
2669 4504 2896 4574 mulier,
2929 4503 3194 4574 quoniam
3225 4507 3372 4560 venit
3401 4505 3536 4562 hara
3572 4497 3762 4574 quando
3777 4505 3848 4544 ηε·

2270 4611 2372 4666 que
2411 4597 2469 4654 in
2523 4596 2704 4648 monia
2751 4593 2870 4658 huc.
2921 4609 3100 4663 mque
3156 4595 3562 4666 Hierosolymis
3603 4580 3848 4646 adorabat:

2270 4687 2511 4748 Patrem.
2549 4681 2914 4740 Vosadcrutis
2972 4682 3112 4756 quod
3171 4683 3418 4748 nescitis,
3474 4699 3566 4738 nos
3617 4679 3850 4740 adoreum:

2272 4774 2422 4844 quod
2453 4775 2682 4841 scimus,
2741 4770 2870 4841 quia
2903 4771 3052 4830 salus
3105 4787 3174 4826 ea:
3195 4772 3408 4832 Iudaeis
3477 4779 3567 4828 est.
3627 4757 3848 4822 Seduni“

2272 4863 2430 4930 hora.
2459 4865 2510 4918 θι
2539 4877 2684 4924 nunc
2715 4865 2796 4916 est
2823 4860 3041 4932 quando
3063 4863 3183 4920 veri
3239 4862 3552 4918 udoratores
3605 4847 3848 4914 adorarunt

2271 4955 2490 5010 Patrem
2515 4953 2568 5006 in
2601 4951 2804 5020 spiritu
2833 4954 2886 5004 et
2917 4953 3149 5010 veritate
3198 4951 3263 5012 ⁸⁵.
3303 4951 3532 5012 Etenim
3567 4947 3691 5006 tales
3719 4941 3846 4996 Pater

2271 5041 2476 5111 quierit
2509 5039 2860 5104 adoratores,
2901 5039 3036 5100 Item
3071 5039 3170 5094 illa
3201 5039 3380 5102 etiam
3405 5056 3526 5110 quae
3559 5043 3670 5106 post
3699 5037 3848 5090 rtiiur'

2273 5131 2586 5194 rectionem
2639 5129 2943 5198 discipulis
3014 5129 3188 5192 dixit;
3251 5131 3450 5192 Euius;
3507 5127 3674 5182 docete
3709 5125 3851 5174 omnes

2272 5223 2474 5290 gentos,
2507 5217 2840 5289 baptimnlos
2871 5233 2959 5284 eo;
2989 5219 3048 5274 in
3077 5216 3302 5282 neruine
3355 5219 3556 5285 Patris,
3577 5223 3620 5270 ct
3661 5203 3788 5274 Filii:
3815 5199 3852 5252 ⁸⁸

2271 5307 2706 5380 Spiritussancli
2735 5306 2802 5364 δδ.
2837 5309 3016 5366 Item:
3075 5308 3182 5370 Lex
3241 5307 3479 5378 quidem
3536 5305 3628 5366 ait,
3679 5298 3854 5380 Dentrem

2270 5379 2368 5470 pro
2397 5397 2811 5464 diastema-«ilum
2845 5414 2944 5464 pro
2997 5397 3150 5454 oculo
3204 5395 3268 5452 ⁸⁷.
3319 5399 3458 5454 Item
3487 5411 3498 5448 :
3533 5393 3641 5448 Non
3674 5379 3852 5473 occidis

2275 5487 2388 5552 Non
2411 5485 2762 5548 inexcitabaris
2795 5485 2860 5542 ⁸⁸.
2887 5486 3150 5546 Christ-us
3179 5488 3374 5550 autem
3404 5501 3416 5538 :
3463 5482 3754 5552 Quicunque
3791 5481 3854 5522 ιη’

2533 5609 2582 5650 ⁸⁵
2609 5611 2776 5667 Joan.
2810 5627 2888 5680 tv,
2917 5611 2982 5664 21
3017 5626 3180 5680 seqq.
3273 5607 3322 5644 ⁸⁸
3371 5605 3571 5663 Matth.
3603 5610 3770 5657 xxvut.
3801 5585 3848 5642 l9
