4082 6306
318 347 476 413 1377

1670 341 2074 417 THESAURI
2119 344 2262 416 LIB,
2309 345 2409 416 IV.

3574 348 3728 426 H78

315 484 506 552 femus
552 479 730 549 fuerit
784 479 953 548 fratri
1006 481 1246 549 temere,
1306 493 1428 534 reus
1477 479 1583 538 erit
1640 478 1853 549 judicio
1897 477 1961 531 ευ.
1996 479 2049 550 Α
2077 477 2407 546 exinanivit,
2441 483 2680 551 formam
2700 481 2842 536 servi
2872 481 3145 552 accipiens
3165 483 3229 538 9⁸.
3269 482 3722 556 Proinde,venit,

320 572 463 626 Item
501 587 512 625 :
549 570 655 636 Qui
684 570 893 623 viderit
913 568 1200 622 mulierem
1229 568 1301 622 ad
1327 568 1815 639 concupiscendum
1832 585 1972 634 cum,

306 661 437 731 jam
462 657 764 722 mter/tatus
795 666 1009 714 estcum
1040 656 1148 712 illa
1179 659 1238 712 in
1263 658 1419 713 corde
1439 674 1537 714 suo
1566 658 1631 713 9°.

391 751 524 805 Jam
558 765 690 803 vero
725 749 781 802 in
819 747 1157 817 hujusmodi
1200 747 1708 804 exhortationibus
1755 746 1972 803 consti-

319 840 471 898 tutio
526 837 672 910 legis
723 838 1180 907 haudquaquam
1247 837 1537 904 consistit,
1592 839 1690 894 sed
1741 835 1971 900 honesti

320 929 586 990 custodia
616 932 673 986 et
703 926 1064 988 conservatio
1095 927 1420 998 perfectior.
1471 927 1653 991 Vetus
1693 926 1850 990 enim
1881 925 1971 992 lex

321 1017 608 1075 scelerum
671 1017 785 1072 ﬁne
832 1021 1151 1086 aversatur,
1199 1032 1415 1087 eosque
1465 1017 1654 1088 punit,
1688 1033 1722 1073 a
1752 1017 1968 1088 quibus

320 1109 420 1166 illa
467 1109 780 1166 commissa
833 1108 1067 1177 fuerint,
1127 1123 1258 1185 quin
1281 1107 1476 1168 minus
1507 1107 1750 1168 honesta
1781 1112 1919 1170 sunt
1947 1123 1968 1172 ξ

317 1202 588 1258 Christus
612 1218 744 1257 vero
767 1200 854 1258 vel
879 1202 1064 1271 prima
1086 1201 1351 1272 germina
1377 1201 1658 1258 radicitus
1689 1200 1968 1271 exstirpat

318 1308 635 1362 eorumque
667 1291 902 1346 nomine
925 1307 1126 1362 poenas
1156 1290 1432 1360 exposcit.
1469 1290 1774 1348 Mulierem
1807 1291 1964 1350 enim

317 1383 386 1438 ad
413 1382 943 1453 concupiscendum
962 1381 1197 1448 vidisse,
1224 1389 1322 1442 aut
1345 1381 1626 1438 iracunda
1649 1381 1963 1438 commina-

315 1472 472 1526 tione
530 1470 1135 1542 contumeliosiusque
1194 1469 1249 1525 in
1301 1472 1542 1526 fratrem
1575 1471 1961 1529 ineurrexisse

311 1565 480 1634 (quot
509 1578 582 1617 ne
615 1563 737 1629 ﬁat,
767 1578 1003 1617 summa
1035 1579 1173 1620 cura
1198 1562 1516 1618 cavendum
1549 1577 1677 1617 esse
1699 1561 1960 1627 Christus

316 1652 639 1722 admonet),
666 1651 1121 1723 haudquaquam
1140 1652 1435 1706 actionum
1460 1652 1592 1706 ﬁnis
1611 1656 1667 1707 et
1685 1667 1958 1709 consum-

317 1743 492 1796 matio
511 1746 800 1812 est,quam
824 1741 1075 1798 Mosaica
1098 1740 1187 1796 lex
1210 1742 1639 1806 aversatur,sed
1663 1741 1958 1811 appetitus

2086 574 2149 630 ut
2182 586 2368 641 genus
2419 571 2744 632 humanum
2794 576 3069 638 servaret,
3121 574 3292 643 cujus
3346 575 3590 640 formam
3627 593 3723 631 as-

2081 665 2436 731 sumpserat,
2468 665 2642 732 atque
2681 661 2821 725 adeo
2853 661 3127 726 subdolae
3152 663 3432 726 daemonis
3457 669 3612 726 artes
3645 666 3723 722 ir-

2080 747 2221 812 ritas
2253 749 2484 818 faceret,
2518 766 2693 823 quem
2729 750 2956 822 prolani
2988 750 3253 806 homines
3278 752 3462 815 Deum
3494 759 3722 824 vocant,

2080 838 2346 910 quamvis
2395 839 2655 912 angelica
2693 837 3043 900 claritudine
3077 857 3191 896 una
3223 857 3355 905 cum
3387 841 3720 902 rebellioais

2078 927 2312 1000 agmine
2368 929 2664 995 deciderit,
2741 929 3124 1002 tenebrasque
3187 946 3316 984 cum
3377 930 3559 1001 gloria
3619 931 3717 994 illa

2077 1017 2540 1084 commutaverit,
2594 1035 2712 1092 qua
2757 1022 2913 1079 totus
2963 1017 3090 1076 luce
3117 1017 3349 1078 lucebat
3380 1020 3664 1082 matutina
3701 1036 3714 1084 :_

2075 1106 2285 1176 cuique
2318 1124 2501 1177 pauca
2533 1108 2823 1178 quaedam,
2849 1123 2953 1164 nec
2977 1107 3172 1179 magni
3208 1109 3508 1175 momenti,
3547 1125 3714 1181 posse

2075 1196 2276 1252 datum
2311 1201 2418 1262 est,
2452 1197 2508 1252 in
2561 1196 2651 1251 sui
2700 1194 3021 1260 ludibrium
3058 1196 3272 1268 potius,
3302 1198 3713 1274 iustorumque

2073 1292 2365 1342 certamen
2408 1291 2465 1342 et
2507 1287 2866 1356 exercitium,
2919 1303 3096 1359 quam
3132 1288 3202 1342 ad
3234 1287 3446 1348 virium
3482 1289 3724 1346 demon-

2070 1376 2438 1439 strationem.
2496 1377 2608 1434 Nec
2658 1376 2814 1431 enim
2838 1376 2949 1432 alia
2982 1376 3106 1448 lege
3132 1381 3445 1432 coronatur
3471 1378 3715 1446 athleta,

2069 1465 2441 1537 victoriaeque
2496 1466 2799 1537 praeconiis
2858 1466 3111 1536 eil‘ertur,
3180 1484 3358 1538 quam
3419 1467 3464 1528 si
3515 1484 3712 1539 pugno

2069 1556 2463 1620 adversarium
2499 1555 2869 1626 percusserit,
2901 1559 3003 1612 aut
3028 1556 3155 1625 ejus
3178 1555 3400 1614 viscera
3417 1557 3713 1626 catapulta

2065 1644 2596 1710 transverberarit:
2640 1649 2739 1700 aut
2781 1645 2838 1700 in
2878 1648 3078 1715 guttur
3127 1645 3419 1701 acinacem
3466 1646 3710 1708 distrin-

2065 1735 2228 1804 xerit,
2254 1739 2428 1806 atque
2457 1735 2539 1799 ita
2569 1734 2776 1790 virium
2800 1750 3038 1796 suarum
3064 1734 3543 1806 dexteritatisque
3577 1752 3705 1807 spe-

311 1831 550 1902 quidam
584 1836 640 1886 et
671 1836 887 1900 motus,
922 1830 1059 1902 quia
1110 1847 1178 1886 ea
1207 1829 1514 1901 parturiat,
1555 1848 1683 1901 qua
1716 1831 1956 1892 minime
1988 1861 2035 1932 Β
2065 1825 2252 1882 cimen
2273 1841 2470 1924 coram
2496 1823 2864 1895 agonothels.
2899 1839 2999 1888 ειευ
3037 1823 3377 1932 ξιξὲΐίᾶξηίηὶδ
3404 1826 3702 1895 ΡΓωΓεὌω.

311 1921 685 1987 conveniunt,
719 1925 890 1991 atque
927 1921 998 1976 ad
1031 1921 1204 1975 linem
1234 1919 1410 1975 etiam
1448 1919 1714 1976 deducat.

384 2011 447 2064 In
482 2015 730 2081 utroque
783 2011 961 2082 igitur
1015 2011 1072 2065 hi
1114 2009 1392 2066 Cerdonis
1424 2013 1481 2064 et
1510 2010 1822 2066 Marcionis
1853 2028 1955 2066 asa

312 2103 478 2162 secles
508 2116 578 2155 ex
602 2100 887 2154 diametro
937 2101 1008 2156 ab
1055 2101 1372 2155 orthodoxa
1405 2098 1518 2153 tida
1549 2099 1905 2155 dissentiunt
1939 2116 1952 2155 :

311 2194 366 2242 et
391 2190 529 2260 quia
554 2189 740 2261 legem
771 2191 1081 2245 Mosaicam
1114 2189 1326 2244 malam
1372 2205 1500 2245 esse
1551 2189 1954 2261 pronuntiant,

308 2281 364 2334 et
395 2279 534 2350 quia
565 2279 859 2334 Christum
891 2279 1020 2335 ideo
1054 2278 1282 2335 venisse
1309 2280 1759 2349 contendunt,ut
1791 2278 1951 2334 illam

308 2369 571 2424 solveret.

377 2459 539 2523 Quod
573 2475 706 2513 vero
733 2458 1060 2529 phantasia,
1086 2475 1188 2513 seu
1222 2458 1738 2526 simulatisne,non
1756 2467 1948 2514 autem

309 2564 504 2602 revera
535 2548 830 2602 Christum
875 2549 934 2602 in
975 2549 1145 2603 terris
1193 2551 1537 2620 apparuisse
1585 2548 1810 2617 dicunt,
1846 2565 1950 2604 nec

306 2654 448 2707 pure
471 2643 740 2692 naturam
774 2638 1094 2703 humanam
1130 2637 1541 2709 assumpsisse,
1572 2638 1779 2708 dignos
1800 2637 1948 2694 ultro

308 2743 432 2781 sese
455 2728 728 2798 produnt,
762 2727 861 2797 qui
913 2727 968 2780 in
1024 2725 1212 2781 Chaos
1245 2731 1302 2781 et
1335 2727 1579 2780 Erebum
1615 2743 1812 2796 pmnas
1844 2727 1946 2781 da-

304 2816 421 2870 turi
455 2817 888 2887 protrudantur.
919 2817 1026 2880 Qui
1077 2816 1230 2870 enim
1274 2816 1396 2870 ﬁeri
1431 2820 1639 2887 potest,
1670 2825 1724 2869 ut
1759 2817 1944 2886 phan-

304 2906 449 2962 tasia
471 2907 720 2975 dicatur,
756 2906 914 2977 quod
963 2921 1030 2960 ex
1079 2906 1298 2977 virgine
1337 2911 1508 2960 natus
1538 2905 1630 2975 sit,
1663 2907 1816 2976 quod
1851 2923 1946 2961 sa-

303 2995 537 3066 pientia,
567 3000 753 3062 etate,
790 2999 846 3054 et
875 2996 1062 3066 gratia
1110 2995 1431 3067 profecerit,
1467 2996 1621 3066 quod
1672 2995 1943 3058 Cruciﬁxo

302 3082 452 3140 latus
486 3083 688 3142 lancea
737 3086 1060 3158 perfossum
1113 3084 1307 3154 fuerit,
1357 3085 1505 3155 quod
1558 3083 1758 3140 statim
1803 3099 1946 3142 are-

303 3175 666 3232 surrectione
707 3175 1007 3236 cicatrices
1048 3173 1364 3240 clavorum,
1419 3173 1732 3243 laterisque
1781 3173 1944 3230 didu-.

2068 1914 2331 1969 ediderit.
2368 1915 2687 1982 Quomodo,
2712 1929 2923 1986 quaeso,
2959 1913 3125 1968 nobis
3159 1913 3466 1990 pietas,aut
3499 1919 3708 1986 marty-

2068 2021 2196 2060 rum
2226 2021 2327 2075 pro
2357 2003 2575 2063 Christi
2625 2003 2858 2064 nomine
2905 2003 3255 2076 constantia,
3299 2002 3707 2074 optimumque

2068 2100 2400 2159 casterorum
2430 2099 2764 2152 sanctorum
2789 2095 3156 2166 propositum
3197 2093 3570 2162 innotuisset,
3595 2094 3706 2150 nisi

2067 2187 2285 2244 daemon
2317 2186 2532 2242 Jubum
2557 2186 2874 2256 petivisset,
2907 2188 2963 2242 et
2992 2183 3367 2250 obtinuisset,
3400 2184 3510 2239 nisi
3544 2201 3697 2254 prac-

2064 2280 2221 2340 terea
2253 2280 2526 2346 tyrannos
2561 2276 2839 2334 adversus
2880 2277 3167 2344 martyras
3199 2273 3575 2334 subornassot
3607 2272 3634 2326 ?

2134 2375 2418 2431 Caeterum
2453 2373 2654 2445 Hylen,
2689 2389 2791 2432 seu
2827 2372 3150 2437 materiam,
3181 2387 3370 2441 neque
3391 2371 3514 2427 sine
3541 2370 3697 2443 prin-

2062 2462 2213 2533 cipio
2235 2479 2384 2528 esse,
2417 2478 2606 2532 neque
2665 2461 2948 2532 principio
3008 2477 3140 2520 cum
3174 2461 3290 2524 Deo
3319 2477 3514 2516 carere
3546 2460 3698 2518 dici-

2059 2569 2212 2618 mus,
2266 2567 2454 2624 neque
2504 2552 2676 2610 etiam
2727 2550 3206 2621 imaginationem
3258 2565 3407 2616 esse,
3459 2565 3582 2619 quis
3623 2550 3700 2609 sit

2059 2643 2376 2696 formarum
2439 2639 2868 2711 receptaculum
2933 2656 2946 2696 :
3009 2639 3278 2709 quamvis
3325 2643 3696 2701 externorum

2056 2729 2353 2786 nonnullis
2403 2730 2460 2787 id
2513 2730 2702 2792 visum
2755 2727 2927 2790 fuerit
2955 2735 3008 2784 et
3040 2728 3342 2798 placuerit.
3379 2727 3522 2786 Nam
3559 2745 3688 2782 cum

2055 2821 2204 2876 Deus
2236 2821 2520 2877 mundum
2563 2819 2880 2888 producere
2912 2817 2970 2877 in
3005 2818 3200 2877 animo
3233 2822 3505 2887 versaret,
3541 2818 3692 2889 cogi-

2050 2910 2191 2966 tatio
2242 2909 2342 2966 illa
2399 2926 2546 2979 opus
2596 2913 2654 2964 et
2699 2907 2846 2966 actio
2877 2911 3020 2968 erat.
3058 2906 3351 2978 Hylenque
3382 2924 3482 2968 seu
3518 2911 3696 2964 mate-

2051 2999 2197 3055 riam
2250 2997 2434 3055 forma
2491 2997 2984 3068 subsequebatur,
3041 3001 3098 3051 et
3137 2994 3310 3060 simul
3342 2996 3691 3066 emergebat.

2049 3089 2158 3154 Qui
2186 3104 2320 3143 vero
2370 3089 2587 3143 Moeem
2636 3087 2718 3143 ita
2767 3087 3054 3144 dicentem
3097 3086 3366 3153 audiunt,
3398 3087 3560 3145 Terra
3589 3102 3693 3141 au-

2055 3187 2162 3233 tem
2191 3185 2308 3233 erat
2344 3177 2534 3232 inanis
2561 3181 2824 3244 etvacua,
2857 3181 2909 3232 et
2939 3175 3182 3232 tenebrae
3213 3179 3370 3229 erant
3401 3191 3566 3244 super
3595 3176 3695 3245 [a-

301 3263 552 3325 ctionem
616 3264 960 3331 ostenderit,
1021 3265 1174 3335 quod
1233 3263 1561 3334 discipulus
1593 3229 1662 3318 de
1694 3263 1767 3326 iis
1799 3263 1944 3335 ipsis
1975 3229 2024 3300 θ
2059 3268 2198 3324 ciem
2228 3268 2414 3338 abyssi
2459 3265 2524 3334 9°,
2567 3271 2742 3338 atque
2785 3229 2920 3324 hinc
2959 3268 3191 3336 arrepta
3221 3229 3524 3320 occasione
3557 3229 3701 3324 divi-

300 3352 589 3414 curicsius
612 3352 969 3408 addubitans
992 3368 1059 3408 ea
1090 3352 1290 3423 procul
1324 3351 1496 3412 dubio
1528 3350 1610 3407 sic
1642 3367 1703 3406 se
1734 3351 1950 3414 habere

301 3440 746 3511 deprehenderit
777 3441 804 3496 ?
829 3441 962 3504 Quae
995 3440 1232 3513 quidem
1255 3440 1454 3496 omnia
1478 3439 1685 3504 divina:
1711 3441 1944 3514 disponi

301 3529 548 3586 sationis
595 3531 931 3602 praescripto
977 3531 1106 3592 ideo
1155 3534 1495 3590 conservata
1527 3535 1684 3598 sunt,
1718 3536 1782 3588 ut
1813 3549 1944 3588 eum

299 3621 491 3691 ipsum
519 3637 648 3678 esse
680 3622 1069 3688 crederemus,
1103 3622 1203 3692 qui
1241 3627 1613 3694 apparuerat,
1647 3623 1748 3694 qui
1780 3623 1946 3679 tertio

299 3719 430 3770 ante
461 3711 553 3768 die
585 3728 795 3783 passus
821 3715 945 3768 erat
967 3712 1026 3774 in
1055 3728 1246 3781 carne,
1280 3729 1394 3770 non
1429 3720 1618 3772 autem
1645 3718 1942 3784 spectrum
2005 3765 2010 3770 .

297 3802 664 3875 spiritumve,
697 3801 800 3872 qui
832 3803 1016 3860 oculis
1045 3802 1204 3860 cerni
1234 3807 1448 3874 posset.

368 3893 530 3957 Quod
563 3894 760 3947 autem
791 3898 947 3948 Deus
979 3909 1135 3948 unus
1167 3897 1255 3948 est
1284 3896 1478 3961 Pater,
1513 3909 1783 3963 unusque
1833 3893 1941 3956 Ι)οη

299 3983 495 4039 minus
555 3983 824 4038 Servator
872 3987 1070 4039 noster
1105 3983 1423 4040 Christus:
1485 3983 1642 4053 quod
1693 3982 1943 4053 denique

297 4073 548 4134 Verbum
583 4090 716 4129 caro
753 4073 968 4130 factum
1004 4074 1099 4143 sit,
1136 4072 1192 4128 id
1226 4073 1382 4131 ﬁlius
1412 4072 1508 4132 ille
1568 4073 1817 4134 tonitrus
1851 4073 1943 4136 hit!

295 4164 485 4219 verbis
509 4166 820 4219 attestatur
853 4181 864 4220 :
901 4167 962 4226 Et
1011 4162 1247 4218 Verbum
1287 4178 1414 4220 caro
1434 4166 1640 4233 factum
1658 4167 1742 4218 est
1771 4162 1836 4217 91.
1871 4165 1942 4224 At

292 4256 546 4308 testatur
585 4256 642 4308 et
691 4252 954 4322 gentium
1005 4253 1202 4308 doctor
1244 4252 1481 4319 Paulus,
1515 4253 1614 4322 qui
1646 4253 1943 4324 plerisque

295 4343 625 4398 divinarum
661 4341 1052 4410 Epistolarum
1113 4342 1169 4397 in
1224 4342 1364 4398 locis
1392 4358 1458 4398 ea
1489 4342 1666 4398 latius
1694 4343 1942 4413 explicat

293 4448 420 4503 quae
454 4433 522 4486 de
554 4431 782 4486 Christo
823 4432 1043 4503 scripta
1089 4436 1251 4495 sunt.
1288 4431 1680 4504 Inquitenim,
1717 4432 1940 4490 Gratiae

290 4523 506 4591 agimus
535 4522 691 4576 Patri
713 4522 812 4590 qui
839 4536 938 4576 nos
968 4520 1190 4578 idoneos
1215 4521 1457 4578 reddidit
1488 4524 1546 4578 in
1567 4527 1780 4592 partem
1818 4523 1937 4580 hac.

2060 3373 2198 3413 nam
2256 3355 2730 3426 sempernitatem
2792 3353 3045 3416 materiae
3088 3353 3461 3424 tenebrisque
3501 3357 3701 3408 contra

2055 3443 2237 3502 imum
2273 3445 2370 3500 sed
2414 3452 2674 3505 mentum
2726 3443 3014 3511 tribuunt,
3042 3445 3164 3500 tota
3194 3449 3386 3498 errant
3420 3441 3530 3507 via,
3563 3445 3695 3496 tan-

2055 3549 2231 3605 quam
2289 3533 2535 3604 exleges.
2596 3533 2973 3602 Posteaquam
3033 3531 3186 3590 enim
3251 3529 3452 3599 paucis
3500 3527 3694 3584 verbis

2053 3624 2412 3691 edisserit,ln
2432 3623 2714 3692 principio
2725 3621 2935 3682 creauit
2965 3622 3100 3680 Deus
3115 3619 3311 3678 caelum
3334 3626 3384 3674 et
3401 3626 3614 3672 terram
3629 3617 3694 3688 97,

2052 3715 2177 3776 tum
2210 3711 2418 3768 deinde
2449 3726 2577 3780 quae
2611 3710 2761 3770 facta
2797 3707 3032 3776 fuerint,
3084 3714 3137 3762 et
3179 3723 3293 3776 qua
3340 3706 3524 3761 forma
3554 3722 3690 3777 pro-

2052 3801 2226 3862 ducta
2255 3798 2376 3856 sint
2402 3799 2684 3869 exposuit,
2717 3798 2948 3856 ethunc
2980 3797 3038 3851 in
3084 3796 3324 3854 modum
3371 3795 3693 3864 subjunxit.

2052 3889 2214 3944 Terra
2247 3892 2431 3946 autem
2467 3894 2586 3945 erat
2624 3889 2813 3946 inanis
2858 3895 2908 3943 et
2937 3902 3135 3955 vacua,
3167 3889 3219 3940 et
3254 3883 3496 3946 tenebrae
3525 3890 3694 3948 erant

2049 3993 2214 4048 super
2254 3979 2455 4048 faciem
2508 3977 2714 4047 abyssi.
2773 3977 2922 4036 Cum
2963 3975 3119 4036 enim
3153 3973 3360 4037 omium
3394 3973 3452 4036 in
3489 3975 3686 4030 orbem

2050 4076 2554 4144 circumageretur,
2598 4081 2654 4130 et
2703 4073 2948 4136 necdum
2992 4073 3306 4131 luminaria
3346 4071 3443 4133 illa
3477 4088 3692 4143 magna

2049 4165 2358 4237 sideraque
2415 4165 2676 4220 ordinem
2731 4180 2902 4220 suum
2961 4163 3022 4221 in
3081 4163 3451 4222 ﬁrmamento
3483 4162 3690 4218 sortita

2049 4256 2480 4321 essent,merito
2502 4256 2750 4310 tenebras
2767 4254 3248 4311 diti‘undebantur
3272 4271 3285 4320 ;
3306 4252 3404 4316 ubi
3431 4251 3686 4325 primum

2046 4363 2178 4402 vero
2209 4345 2309 4400 lux
2343 4345 2602 4412 emersit,
2637 4344 2931 4414 stellaeque
2993 4345 3285 4415 productas
3335 4353 3489 4409 sunt,
3526 4349 3686 4398 lene-

2047 4435 2160 4490 brea
2194 4433 2429 4506 quidem
2464 4433 2666 4489 eadem
2697 4449 2873 4505 opera
2899 4432 3198 4498 discussa),
3234 4434 3289 4489 et
3333 4431 3403 4488 ad
3434 4429 3682 4490 nihilum

2048 4524 2290 4579 redactae
2346 4528 2527 4580 sunt:
2583 4523 2724 4595 quia
2780 4520 3061 4578 nimirum
3095 4535 3194 4590 per
3247 4534 3330 4589 se,
3374 4533 3597 4586 suaque
3629 4517 3681 4574 vi

290 4611 543 4670 reditatis
601 4621 918 4668 sanctorum
982 4611 1040 4665 in
1089 4613 1316 4682 lumine,
1378 4613 1476 4683 qui
1528 4613 1781 4669 liberavit
1831 4629 1930 4670 nos
1963 4604 2009 4668 D
2040 4614 2361 4669 subsistere
2393 4631 2506 4668 non
2542 4615 2826 4690 poterant,
2856 4611 3053 4665 lumen
3088 4616 3280 4664 autem
3319 4606 3432 4661 diei
3466 4607 3681 4677 ubique

289 4721 325 4758 a
355 4705 616 4772 potestate
654 4701 1030 4769 tenebrarum,
1082 4706 1132 4756 et.
1187 4702 1484 4756 transtulit
1525 4703 1582 4756 in
1613 4706 1936 4772 potestatem

292 4793 430 4847 Filii
492 4792 802 4847 dilectionis
855 4807 992 4859 atrae,
1043 4793 1140 4862 qui
1177 4796 1250 4846 est
1295 4794 1475 4859 imago
1505 4793 1605 4846 Dei
1634 4792 1938 4848 invisibilis

287 4882 686 4951 primogenitae
721 4897 901 4936 omnis
924 4887 1191 4936 creatura:
1223 4880 1285 4934 οξ,
1323 4884 1390 4934 Et
1420 4885 1619 4951 postea
1651 4899 1664 4936 :
1703 4879 1844 4949 Quia
1875 4885 1932 4937 in

288 4969 407 5038 ipso
455 4972 782 5040 complacuit
839 4985 1053 5024 omnem
1100 4969 1415 5025 inhabitare
1431 4969 1856 5040 plenitudinem,
1886 4977 1937 5026 et

286 5074 386 5129 per
441 5059 627 5129 ipsum
681 5060 1038 5116 reconciliare
1071 5061 1257 5116 omnia
1306 5060 1367 5114 in
1415 5060 1594 5130 ipsum
1635 5060 1934 5130 paciﬁram

283 5163 383 5220 per
427 5149 749 5218 sanguinem
794 5147 969 5205 cruci:
1011 5147 1149 5216 eius,
1196 5148 1312 5206 sive
1352 5163 1476 5219 quae
1519 5147 1577 5206 in
1594 5149 1756 5212 terra}
1783 5153 1929 5219 sunt,

282 5239 398 5294 sive
417 5253 536 5307 quae
567 5239 625 5292 in
654 5236 816 5296 caelia
842 5240 969 5294 sunt
1018 5234 1084 5290 93.
1136 5236 1277 5295 Item
1313 5253 1326 5292 :
1361 5237 1515 5294 Nunc
1537 5244 1716 5298 autem
1740 5252 1929 5298 recon-

281 5326 465 5386 ciliati
509 5341 696 5382 sumus
745 5327 873 5390 Deo,
923 5340 1021 5396 per
1061 5332 1294 5385 mortem
1345 5325 1478 5382 Filii
1519 5327 1634 5394 eius
1677 5325 1929 5393 “sltem

283 5416 420 5474 alibi
455 5432 468 5471 :
523 5414 628 5482 Qui
671 5430 796 5472 cum
833 5414 894 5472 in
931 5417 1113 5482 forma
1162 5413 1260 5471 Dei
1315 5423 1472 5484 esset,
1515 5431 1623 5472 non
1672 5418 1930 5486 rapinam

279 5506 582 5562 arbitratus
638 5507 738 5573 est,
778 5519 834 5558 se
878 5514 991 5559 esse
1023 5504 1294 5573 azqualem
1333 5505 1436 5560 Dea
1471 5523 1483 5564 :
1547 5508 1644 5566 sed
1688 5507 1927 5578 seipsum

349 5629 396 5663 δ’
433 5629 639 5686 Matth.
687 5645 739 5696 v,
783 5629 872 5682 22.
949 5627 995 5662 °°
1044 5628 1191 5684 Ibid.
1235 5629 1305 5682 28
1378 5629 1422 5667 ⁰¹
1468 5631 1635 5686 Joan.
1686 5648 1727 5697 ι,

276 5701 323 5744 9⁸
345 5699 557 5770 Philip.
581 5717 646 5765 ιι,
676 5701 731 5754 6.
808 5698 853 5738 οε
874 5699 1076 5755 Cenes.
1108 5715 1147 5767 ι,
1170 5701 1224 5754 2.
1302 5701 1345 5740 οῖ
1374 5702 1581 5758 Cenes.
1617 5719 1654 5771 ι,
1691 5704 1727 5758 l.

1781 5633 1846 5686 14
1919 5632 1966 5667 ⁰²
2012 5632 2131 5688 Col.
2181 5632 2310 5702 1,42
2340 5647 2504 5704 seqq.

2047 4705 2409 4775 resplenduit
2445 4721 2456 4757 :
2493 4703 2591 4757 ubi
2624 4703 2780 4757 verbi
2814 4702 3001 4772 gratia
3030 4699 3089 4753 in
3131 4699 3404 4753 arborum
3455 4695 3682 4750 umbris

2045 4792 2237 4847 videre
2293 4797 2400 4848 est.
2460 4791 2589 4847 Sole
2651 4792 2805 4847 enim
2863 4791 3224 4856 transeunte,
3274 4786 3414 4856 ipsa)
3447 4800 3680 4854 quoque

2045 4881 2297 4936 collecta:
2351 4882 2612 4936 adductas
2675 4881 3165 4935 circumferuntur
3230 4878 3286 4929 et
3360 4872 3678 4928 dissiliunt.

2043 4970 2293 5033 Extenso
2325 4971 2525 5033 itidem
2587 4967 2951 5032 tabernaculo
3008 4965 3093 5024 vel
3149 4961 3438 5039 papilione
3484 4962 3681 5024 lumen

2043 5058 2154 5118 diei
2188 5059 2440 5130 quodam
2475 5059 2638 5129 quasi
2681 5062 2846 5129 septo
2891 5054 3268 5125 disiungitur,
3316 5054 3683 5134 tenebrisque

2041 5147 2281 5212 liberius
2313 5149 2740 5218 diffunduntur,
2773 5147 2974 5210 eodem
3031 5160 3228 5208 everso
3277 5148 3331 5208 et
3361 5143 3679 5213 destructo,

2042 5237 2159 5299 haec
2191 5253 2423 5309 quoque
2445 5237 2515 5300 ad
2541 5235 2793 5301 nihilum
2825 5235 3056 5299 redacta
3084 5231 3678 5292 evanescunt.Verum

2039 5328 2331 5388 enimvero
2398 5343 2614 5396 rerum,
2676 5342 2823 5396 quas
2879 5325 3034 5388 Deus
3088 5325 3325 5396 creavit,
3377 5323 3538 5384 nulla
3569 5327 3680 5391 est,

2039 5433 2168 5488 quae
2189 5433 2257 5472 ex
2283 5417 2481 5478 divina
2511 5418 2639 5487 eius
2687 5415 2943 5479 essentia
2987 5420 3234 5485 constet,
3267 5420 3326 5470 at
3351 5414 3676 5475 humanum

2037 5506 2270 5578 quidem
2326 5522 2536 5577 corpus
2591 5504 2714 5570 luto
2771 5511 3138 5576 compactum
3170 5509 3280 5574 est,
3314 5502 3511 5567 anima
3541 5517 3676 5566 vero

2581 5630 2627 5666 ⁸³
2655 5631 2774 5688 Col.
2810 5647 2850 5705 ι,
2885 5631 2950 5684 l9
2981 5647 3144 5702 seqq.
3220 5629 3268 5665 9‘
3299 5627 3466 5688 item.
3499 5647 3554 5700 ν,
3583 5633 3668 5685 10.
