4082 6306
489 367 644 456 5279

1809 393 1865 450 N
1878 391 2126 450 lCET/E
2167 389 2603 452 CHONIATIE

3715 399 3827 457 {280

488 525 850 580 extrinsecus
911 523 1228 590 insulﬂata,
1289 523 1680 577 substantiam
1735 540 1801 577 ex
1839 523 2130 594 spiraculo
2163 525 2214 589 Α
2249 523 2428 578 monii
2463 523 2741 578 beneﬁcio
2775 523 3029 578 mundus
3061 523 3133 578 ab
3165 523 3262 578 illo
3303 527 3450 582 recte
3498 527 3814 584 administra-

483 616 583 670 illo
607 613 890 684 concepit,
930 629 1042 684 quo
1077 617 1225 666 Deus
1255 611 1412 667 illam
1450 613 1504 666 in
1547 613 1798 684 primum
1834 613 2130 666 hominem

483 705 792 776 inspiravit
817 722 828 758 :
860 707 923 757 ut
941 719 1070 774 qua:
1085 701 1324 757 rationis
1340 701 1786 772 intellectusque
1805 703 2115 774 particeps,

485 794 632 851 nulli
683 793 938 849 materiae
1000 797 1100 847 aut
1141 793 1338 863 ﬁguras
1399 791 1668 862 obnoxia,
1697 793 1794 848 Dei
1855 796 2028 864 typus
2079 798 2133 847 et

482 887 674 954 imago
706 884 783 940 sit
820 901 832 938 :
868 899 934 937 ea
967 885 1161 936 tamen
1195 881 1338 952 lege,
1375 887 1438 936 ut
1467 882 1596 951 ejus
1627 881 2132 952 substantic'e,quze

483 991 657 1030 causa
687 977 864 1036 caret,
900 971 1085 1042 portio
1123 988 1234 1025 non
1269 971 1346 1025 sit
1378 987 1444 1025 ex
1475 987 1590 1042 qua
1623 977 1960 1026 caeterorum
1993 988 2134 1042 quo-

482 1081 593 1136 que
643 1062 929 1130 omnium,
999 1077 1126 1130 qua:
1189 1061 1244 1114 in
1291 1077 1481 1114 rerum
1525 1065 1732 1116 natura
1765 1065 1926 1126 sunt,
1961 1065 2131 1132 atque

481 1153 688 1208 animae
720 1152 895 1206 etiam
928 1151 1116 1222 ipsius
1143 1151 1470 1204 substantia
1513 1151 1821 1220 dependet.

551 1241 692 1294 Novi
727 1256 897 1310 porro
929 1238 1076 1292 nihil
1132 1241 1239 1301 est,
1301 1239 1452 1308 quod
1492 1239 1586 1308 qui
1620 1240 1894 1308 dogmata
1929 1239 2130 1308 hujus-

483 1330 638 1385 modi
695 1328 1060 1400 proﬁtentur,
1125 1326 1419 1380 diabolum
1473 1343 1702 1397 quoque
1775 1327 2123 1383 beneﬁcium

479 1419 808 1484 nominant,
869 1415 1100 1488 ipsique
1159 1431 1351 1469 rerum
1384 1415 1577 1486 opiﬁci
1613 1417 1724 1470 Deo
1761 1417 2075 1485 przeferunt
2109 1433 2120 1470 :

477 1511 652 1578 atque
685 1507 842 1561 hunc
868 1507 1105 1576 quidem
1129 1522 1242 1576 pra:
1273 1504 1488 1558 invidia
1535 1505 1873 1574 parentibus
1905 1507 2122 1561 nostris

481 1595 886 1651 arborisillius
919 1596 1107 1648 fructu
1159 1595 1550 1660 interdixisse,
1595 1595 1684 1648 cui
1723 1595 1860 1648 boni
1903 1600 1960 1650 et
1993 1596 2127 1650 mali

479 1685 721 1740 scicntia
753 1685 961 1751 inerat,
995 1683 1294 1738 diabolum
1327 1699 1458 1739 vero
1497 1688 1558 1738 ut
1613 1685 1864 1740 fructum
1927 1686 2124 1740 decer-

479 1777 682 1840 perent
711 1773 861 1828 ultro
883 1773 1220 1844 permisisse
1239 1773 1476 1828 dicunt:
1515 1774 1711 1828 minus
1737 1776 2126 1841 advertentes,

481 1879 668 1935 usque
701 1863 842 1918 adeo
868 1861 1190 1932 desipiunt,
1225 1861 1312 1916 vel
1357 1863 1492 1916 data
1541 1879 1716 1934 opera
1775 1865 2126 1946 exorbitant,

481 1957 724 2008 mortem
759 1953 1042 2022 auspiciis
1076 1951 1292 2005 diaboli
1335 1953 1728 2010 introductam
1755 1953 2036 2023 irrupisse
2067 1953 2125 2008 in

481 2043 788 2108 mundum,
822 2047 998 2112 atque
1059 2041 1280 2112 primos
1337 2042 1520 2095 nostri
1575 2043 1803 2112 generis
1837 2047 2124 2108 auctores,

477 2133 614 2186 dum
641 2131 724 2186 illi
749 2131 1424 2200 obsequuntur,cxitium
1455 2129 1564 2184 sibi
1600 2147 1837 2199 parasse
1887 2133 2122 2202 paradi—

477 2235 658 2290 soque
692 2219 878 2272 nudos
901 2219 1113 2288 ejectos
1146 2234 1291 2272 esse.
1329 2222 1574 2288 Insuper
1603 2235 1669 2272 ex
1709 2221 2128 2291 consequentia

475 2323 714 2379 prorsus
773 2307 986 2370 evenit,
1047 2311 1111 2359 ut
1170 2319 1528 2376 quaecunque
1561 2307 1631 2361 ab
1674 2307 1746 2362 iis
1787 2308 1888 2378 qui
1920 2315 2125 2364 contra

479 2397 660 2452 Deum
693 2395 834 2450 talia
869 2395 1255 2461 deblaterant,
1311 2411 1380 2450 ex
1409 2395 1872 2452 Christianorum
1905 2397 2122 2454 rituum

479 2485 814 2559 praescripto
848 2486 1015 2553 ﬁunt,
1039 2502 1106 2540 ea
1139 2501 1252 2540 non
1287 2485 1411 2539 sine
1441 2485 1686 2542 crimine
1711 2487 1874 2554 ﬁant,
1895 2493 1960 2542 ut
1989 2505 2122 2544 cum

479 2591 626 2646 saepe
657 2591 756 2630 eos
789 2575 1102 2646 baptizent,
1137 2575 1224 2629 vel
1255 2575 1596 2647 demergunt
1625 2577 1842 2647 potius,
1875 2578 1976 2648 qui
2007 2578 2122 2632 haz-

479 2665 632 2722 resin
662 2681 862 2721 eorum
896 2664 1348 2737 amplectuntur.

547 2755 684 2810 Item
719 2771 852 2810 cum
885 2756 1010 2810 suis
1063 2756 1121 2808 in
1181 2754 1473 2827 mysteriis
1517 2771 1668 2826 aqua
1699 2755 1824 2812 sola
1855 2759 2122 2824 utuntur,

477 2845 592 2900 imo
624 2846 800 2900 etiam
861 2844 1254 2900 ministerium
1315 2845 1591 2915 baptismi
1625 2845 1860 2900 feminis
1891 2847 2119 2916 permit-

474 2936 625 2986 tunt.
661 2935 845 3003 Atque
905 2939 1160 3004 quatuor
1209 2950 1278 2988 ex
1321 2933 1650 3004 Evangeliis
1703 2933 1844 2988 illud
1888 2939 2122 2990 tantum

475 3023 799 3092 approbant
859 3022 1017 3093 quod
1075 3040 1107 3076 a
1163 3023 1316 3078 Luca
1382 3024 1772 3092 conscriptum
1845 3029 1956 3094 est,
2017 3039 2122 3080 nec

473 3109 531 3164 id
589 3113 784 3164 tamen
839 3109 1133 3180 integrum
1195 3115 1254 3164 et
1311 3109 1456 3164 citra
1531 3115 1839 3166 contextus
1921 3127 2122 3166 corru-

478 3199 755 3269 ptiunem.

545 3291 820 3343 Caeterum
855 3289 1242 3344 Theodoritus
1279 3291 1592 3359 quemdam
1625 3290 1802 3360 hujus
1835 3290 2121 3348 haereseos
2153 3261 2194 3329 Ο

476 3378 832 3446 decrepitum
890 3393 952 3432 se
1009 3378 1228 3432 vidisse
1277 3383 1544 3444 testatur,
1606 3380 1704 3450 qui
1774 3397 1906 3436 cum
1959 3399 2130 3438 mane

477 3466 851 3533 surrexisset,
931 3465 1126 3522 salivae
1216 3473 1585 3523 excremento
1665 3469 1871 3524 faciem
1959 3487 2128 3526 suam

477 3557 756 3624 ablueret,
817 3571 1170 3626 causamque
1223 3561 1462 3628 rogatus
1519 3573 1584 3612 se
1639 3573 1840 3614 cavere
1887 3577 2130 3630 respon-

475 3646 657 3712 deret,
715 3661 780 3700 ne
833 3661 1028 3701 rerum
1079 3664 1110 3700 a
1153 3645 1358 3700 mundi
1408 3645 1615 3718 opiﬁce
1651 3647 1766 3704 Deo
1799 3654 2126 3706 creatarum

475 3733 595 3790 ulla
621 3735 929 3806 indigeret,
984 3739 1158 3805 atque
1219 3735 1436 3790 idcirco
1467 3751 1538 3790 ne
1563 3753 1715 3806 aqua
1745 3738 1982 3808 quidem
2019 3740 2125 3806 uti,

475 3841 600 3895 quae
631 3825 911 3879 nimirum
945 3825 1016 3880 ab
1049 3823 1148 3880 illo
1179 3829 1374 3880 creata
1413 3831 1586 3880 esset.
1635 3827 1736 3882 Cui
1787 3843 1920 3882 cum
1973 3828 2130 3898 obje-

477 3913 656 3968 cisset
685 3913 828 3983 ipse.
866 3913 976 3978 Qui
1007 3913 1070 3967 ﬁt
1115 3929 1272 3984 ergo,
1314 3918 1380 3968 ut
1411 3929 1621 3985 panem
1655 3915 1883 3984 offeras,
1917 3916 2116 3970 vinum

479 4007 536 4057 et
566 4017 781 4072 aquam
835 4003 1024 4070 bibas,
1084 4003 1366 4071 dormias,
1427 4005 1705 4076 mysteria
1736 4005 1990 4076 denique
2021 4005 2126 4060 tibi

479 4094 818 4165 praescripta
848 4093 1104 4149 celebres
1135 4095 1162 4149 Ἰ
1195 4095 1447 4166 subjecit
1477 4095 1601 4164 ille,
1633 4096 1750 4150 haec
1783 4113 1816 4150 a
1845 4111 1907 4151 se
1931 4112 2131 4151 neces-

477 4184 630 4238 sario
677 4183 798 4236 ﬁeri
832 4200 845 4237 :
895 4183 1036 4252 quia
1077 4184 1356 4240 nimirum
1397 4185 1446 4240 si
1491 4201 1666 4240 secus
1717 4185 1880 4254 faxit,
1917 4185 2126 4248 vivere,

479 4272 871 4341 mysteriaque
920 4272 1212 4328 celebrare
1271 4279 1542 4346 nequeat.
1603 4279 1794 4346 Atque
1843 4276 1923 4330 ita
1951 4274 2132 4330 miser

476 4361 572 4414 ille
598 4359 796 4414 volens
849 4359 1050 4414 nolens
1093 4376 1154 4416 se
1191 4378 1382 4418 rerum
1423 4381 1452 4416 a
1499 4363 1614 4420 Deo
1650 4371 1974 4418 creatarum
2008 4368 2132 4418 tan-

473 4465 650 4520 quam
675 4449 957 4506 bonarum
995 4451 1340 4522 participem
1381 4468 1508 4508 esse
1555 4453 1864 4520 fatebatur,
1909 4453 2128 4522 quibus

471 4543 642 4594 antea
673 4539 1000 4610 refragatus
1027 4549 1080 4596 et
1111 4540 1422 4596 oblocutus
1458 4547 1602 4596 erat.

1141 4683 1296 4736 CAP.
1338 4681 1452 4736 XV.

615 4808 820 4876 Quinta
839 4807 1048 4862 decima
1073 4807 1315 4878 haeresis,
1341 4807 1592 4878 Luciani.
1617 4807 1984 4878 Baptizanlur

987 4887 1036 4934 el
1065 4879 1146 4946 hi,
1177 4876 1229 4933 si
1257 4877 1608 4948 resipiscam.

547 5003 838 5058 Lucianus
867 5004 1142 5074 dogmata
1171 5004 1477 5059 Marcionis
1511 5007 1751 5059 secutus
1795 5007 1904 5072 est,
1953 5008 2130 5076 atque

475 5099 536 5145 ut
568 5093 790 5146 caeteris
845 5093 902 5147 in
964 5093 1139 5148 rebus
1192 5095 1526 5164 praeceptori
1562 5095 1938 5162 consentiret,
1972 5099 2129 5151 certe

477 5177 772 5250 legitimas
809 5181 1046 5250 nuptias
1079 5182 1469 5253 improbabat,
1501 5187 1558 5236 et
1609 5183 1680 5236 ad
1733 5183 2128 5253 virginitatem

475 5267 837 5336 hortabatur,
895 5285 1008 5322 non
1067 5285 1134 5324 eo
1197 5288 1334 5326 sane
1393 5272 1546 5342 quod
1607 5273 1885 5343 optimam
1941 5273 2130 5340 illam,

473 5355 704 5424 Deoque
761 5361 1004 5426 gratam,
1051 5357 1366 5426 judicaret,
1414 5362 1516 5416 sed
1569 5365 1632 5416 ut
1680 5361 1780 5416 Dei
1825 5379 2001 5432 opera
2031 5379 2128 5418 ca-

471 5442 880 5512 lumniaretur,
911 5443 1210 5515 legemque
1253 5447 1537 5504 scelestus
1575 5449 1672 5504 ille
1723 5450 1916 5517 ferret,
1961 5467 2128 5507 cave-

473 5533 678 5595 retque
711 5547 781 5584 ne
811 5533 947 5600 quis
1001 5533 1229 5588 femina:
1279 5538 1762 5609 conjungeretur,
1825 5541 2000 5611 idque
2060 5557 2126 5598 eo

471 5623 715 5702 tantum
755 5621 1020 5692 consilio,
1081 5626 1148 5676 ut
1201 5639 1394 5680 rerum
1453 5629 1720 5686 omnium
1799 5631 1991 5702 Opiﬁci
2071 5635 2127 5688 et

469 5701 724 5758 creatori
754 5705 869 5764 Deo
933 5712 1344 5781 refragaretur,
1400 5714 1770 5788 efﬁceretque
1819 5701 1888 5774 ne
1921 5721 2120 5774 matri-

2247 618 2427 668 retur.

2571 740 2842 794 ἵκει-88808
2860 739 3218 810 praecedentis
3248 739 3558 810 confulalio.

2313 883 2682 950 Quaecunque
2739 882 2810 936 ad
2865 881 3144 937 Cerdonis
3195 887 3252 936 et
3299 881 3591 937 Marcionis
3619 884 3818 939 heresin

2243 969 2651 1024 inﬁrmandam
2709 970 3080 1038 adduximus,
3135 987 3204 1026 ea
3245 971 3824 1042 Lucianistarumquo-

2241 1075 2352 1130 que
2383 1059 2765 1128 blasphemiis
2809 1060 3138 1114 evertendis
3191 1061 3502 1124 sufﬁciunt,
3535 1077 3696 1132 usque
3715 1062 3824 1116 adeo

2241 1148 2397 1204 inter
2417 1147 2548 1202 illos
2579 1147 2927 1202 omnibusin
2953 1149 3292 1220 dogmatum
3319 1149 3572 1204 articulis
3593 1151 3825 1214 convenit,

2241 1243 2294 1290 et
2322 1235 2587 1289 eamdem
2621 1251 2840 1302 revera,
2889 1239 2954 1289 ut
3001 1237 3082 1290 ita
3127 1235 3340 1302 dicam,
3375 1237 3623 1308 ﬁglinam
3645 1253 3826 1292 summe

2243 1323 2406 1393 impii
2431 1322 2699 1378 homines
2739 1327 3028 1380 exercent.
3059 1325 3191 1380 Jam
3217 1341 3352 1380 vero
3375 1343 3503 1380 cum
3525 1327 3734 1397 nuptias
3760 1326 3828 1380 hic

2241 1413 2299 1466 in
2340 1411 2672 1466 universum
2721 1413 2982 1484 abroget,
3013 1413 3074 1467 in
3101 1430 3168 1468 eo
3201 1414 3593 1470 fornicationis
3621 1413 3823 1485 patroci-

2241 1503 2404 1557 nium
2437 1502 2685 1574 suscipit
2715 1521 2728 1558 :
2767 1508 2936 1573 atque
2971 1504 3051 1558 ita
3081 1503 3196 1560 Dee
3223 1504 3826 1572 edversatur,hominum

2240 1595 2532 1662 quotquot
2589 1597 2726 1646 sunt
2775 1592 2949 1646 homo
3009 1594 3474 1664 impurissimus,
3513 1593 3830 1665 exlegemque

2239 1681 2654 1736 scortationem
2675 1679 3054 1736 immaculato
3099 1687 3156 1736 et
3185 1681 3447 1754 legitimo
3469 1687 3612 1738 torro
3629 1683 3822 1753 prafert.

2241 1771 2402 1833 Quod
2437 1771 2486 1825 si
2521 1787 2638 1824 una
2657 1774 2716 1825 et
2757 1771 2962 1825 eadem
3007 1788 3180 1841 opera
3225 1773 3624 1828 scortationetn
3643 1787 3695 1827 se
3713 1769 3826 1826 anti-

2241 1863 2476 1930 quatam
2509 1859 2654 1914 velle
2685 1862 3020 1926 contendat,
3057 1861 3217 1916 nullo
3251 1861 3435 1932 igitur
3467 1863 3625 1918 modo
3661 1861 3746 1916 viri
3787 1867 3826 1914 et

2241 1948 2464 2002 feminae
2489 1965 2872 2020 congressum
2905 1951 3205 2021 approbat,
3243 1957 3312 2006 ut
3341 1951 3446 2006 hac
3461 1955 3574 2006 arte
3603 1965 3824 2021 magnum

2239 2037 2382 2092 illud
2419 2037 2518 2090 Dei
2551 2038 2844 2106 opiﬁcium
2881 2039 3053 2094 homo
3085 2039 3418 2107 intercidat,
3477 2045 3531 2096 et
3581 2043 3827 2095 evanescat

2238 2127 2497 2198 (dignus,
2529 2127 2632 2196 qui
2664 2131 2782 2181 tam
2809 2127 3036 2183 tristem
3061 2128 3248 2184 aleam
3279 2129 3505 2201 primus
3535 2129 3822 2200 aperiatur)

2236 2221 2409 2288 atque
2439 2216 2522 2272 ita
2552 2217 2692 2272 solis
2753 2219 3158 2276 animantibus
3219 2219 3410 2276 brutis
3452 2221 3620 2276 brute
3647 2217 3821 2274 telluris

2235 2305 2515 2362 habitatio
2563 2307 2748 2362 cedat.
2785 2306 2947 2362 Unde
2999 2309 3142 2364 satis
3175 2314 3442 2380 apparet,
3475 2325 3636 2380 quam
3665 2308 3822 2378 ignavo

2235 2395 2412 2450 miser
2465 2395 2562 2450 ille
2611 2413 2908 2467 quamque
2967 2397 3298 2454 inhumano
3359 2404 3578 2470 pectore
3627 2397 3708 2464 sit,
3735 2395 3819 2448 imo

2232 2501 2368 2539 vero
2399 2485 2642 2540 rationis
2665 2487 2884 2552 minus,
2907 2503 3085 2556 quam
3101 2487 3228 2556 ipsa
3249 2488 3448 2556 bruta,
3477 2493 3544 2542 ut
3573 2488 3648 2543 ita
3665 2485 3824 2545 dicam.

2235 2572 2544 2644 particeps.

2894 2699 3048 2755 CAP.
3081 2701 3218 2756 XVI.

2235 2822 2398 2878 Sexta
2427 2823 2644 2901 decima
2657 2826 2908 2901 haeresis,
2931 2826 3242 2901 Apellisﬂi
3263 2845 3475 2901 quoque
3491 2829 3564 2884 ad
3583 2824 3822 2884 Ecclesium

2535 2897 2862 2952 catholicam
2893 2899 3179 2954 redeuntes
3212 2897 3580 2974 bdplz'zanlur.

2305 3038 2540 3094 Luciani
2572 3040 2810 3110 quidem
2836 3041 3302 3112 condiscipulus,
3343 3041 3636 3098 Marcionis
3661 3042 3814 3093 autem

2233 3126 2559 3198 discipulus
2611 3128 2837 3200 Apelles
2889 3147 2921 3184 a
2959 3135 3322 3202 praeceptore
3346 3133 3404 3188 in
3437 3131 3704 3203 plerisque
3729 3125 3824 3178 dis-

2233 3217 2492 3272 sentiens
2513 3217 2971 3289 haudquaquam
3002 3220 3206 3286 tria,ut
3237 3223 3675 3294 ille,quatuorve
3702 3215 3824 3287 prin-

2237 3306 2520 3377 cipia,sed
2539 3323 2720 3361 unum
2745 3309 3308 3379 principium,unam
3335 3311 3636 3382 potentiam
3659 3317 3826 3361 unum-

2235 3411 2346 3466 que
2399 3395 2582 3451 Deum
2635 3397 3127 3453 innominabilem
3179 3401 3458 3469 asseruit,
3517 3415 3548 3454 a
3591 3398 3825 3468 quoDeus

2234 3485 2380 3539 alter
2411 3485 2594 3539 factus
2645 3485 2840 3556 fuerit,
2893 3487 3064 3556 cujus
3113 3503 3298 3558 opera
3329 3489 3548 3556 coelum,
3579 3492 3760 3540 terram
3785 3481 3824 3532 et

2235 3573 2434 3628 omnia
2463 3589 2589 3642 quae
2621 3574 2679 3626 in
2713 3575 2798 3628 eis
2828 3583 2988 3642 sunt,
3023 3578 3327 3646 creaverit,
3377 3577 3528 3632 hunc
3557 3581 3728 3630 tamen
3755 3584 3826 3640 p0-

2235 3662 2540 3716 steriorem
2593 3677 2960 3734 nequaquam
3017 3665 3236 3719 bonum
3285 3669 3554 3730 evasise,
3595 3675 3750 3732 neque
3773 3671 3824 3709 ea

2175 3787 2180 3792 -
2235 3767 2360 3822 quae
2395 3750 2530 3806 fecit
2586 3751 2734 3806 bene
2779 3753 3006 3818 fecisse,
3059 3754 3158 3808 sed
3195 3771 3301 3825 pro
3335 3756 3492 3827 pravi
3521 3753 3602 3810 sui
3631 3749 3824 3806 aﬂ‘ectus

2231 3840 2498 3908 libidine,
2533 3841 2974 3910 subjecit.0uod
3009 3841 3068 3896 in
3101 3858 3281 3899 causa
3313 3843 3443 3911 fuit,
3469 3847 3526 3898 ut
3545 3832 3823 3896 novissimis

2233 3929 2290 3984 in
2325 3929 2531 3986 diebus
2563 3929 2830 3986 Christus
2863 3929 2962 3986 Dei
3013 3934 3278 4002 superni,
3325 3934 3686 4003 ejusdemque
3719 3919 3824 3979 boni

2233 4019 2416 4074 Filius
2451 4021 2506 4074 in
2547 4027 2754 4076 terram
2786 4021 3028 4090 venerit,
3061 4037 3415 4094 carnemque
3445 4037 3589 4090 vere,
3635 4031 3733 4072 non
3772 4025 3824 4064 ex

2237 4109 2417 4164 Maria
2456 4111 2701 4182 virgine,
2725 4112 2826 4166 sed
2854 4127 2922 4166 ex
2939 4111 3142 4166 mundi
3173 4113 3524 4178 substantia,
3543 4115 3824 4176 assumpse-

2234 4197 2330 4266 rit,
2365 4199 2464 4268 qui
2492 4200 2700 4254 deinde
2747 4201 3064 4254 crucifixus
3111 4204 3169 4254 et
3199 4200 3475 4272 sepultus
3505 4187 3826 4254 resurrexeril

2231 4287 2658 4358 discipulisque
2680 4305 2848 4343 uam
2871 4289 3060 4360 ipsius
3091 4305 3330 4344 carnem
3363 4287 3824 4352 ostenderit,alqu8

2231 4377 2468 4430 tandem
2505 4377 2560 4430 in
2593 4393 2660 4432 ea
2685 4377 2876 4432 denuo
2897 4377 3208 4444 resolutus,
3231 4395 3298 4433 ex
3323 4379 3531 4450 quibus
3552 4369 3823 4431 constabat:

2233 4479 2401 4519 suum
2463 4467 2672 4536 cuique
2725 4467 3032 4532 elemento,
3095 4466 3353 4523 calidum
3413 4466 3622 4522 scilicet
3659 4455 3822 4516 calido.

2234 4553 2510 4626 frigidum
2543 4555 2780 4626 frigido,
2813 4555 3034 4610 siccum
3067 4555 3245 4624 sicco,
3299 4557 3594 4612 humidum
3625 4549 3823 4614 denique

2155 4631 2202 4694 D
2237 4641 2478 4698 humido
2555 4643 2893 4708 reddiderit,
2969 4649 3141 4714 atque
3213 4645 3296 4699 ita
3369 4660 3436 4700 ea
3482 4657 3639 4698 carne
3689 4643 3822 4705 quam

2239 4735 2661 4802 assumpserat,
2723 4730 3022 4798 liberatus,
3081 4733 3278 4786 carnis
3335 4749 3537 4806 expers
3581 4730 3632 4784 in
3661 4723 3822 4781 coelum

2239 4821 2587 4876 ascenderit.

2551 4969 2824 5024 Haereseos
2853 4968 3212 5039 praecedentis
3243 4967 3562 5040 con/utalia.

2309 5095 2564 5168 Apellem
2619 5095 2780 5150 illum
2833 5097 3120 5167 Optimum
3148 5097 3532 5152 humanarum
3563 5093 3826 5176 formati"?

2238 5185 2740 5258 depingendarum
2775 5186 3055 5240 artiﬁcem
3081 5185 3308 5256 Apelles
3343 5187 3432 5239 hic
3481 5183 3537 5237 in
3587 5174 3832 5249 opinioni-

2237 5277 2346 5332 bus
2378 5275 2500 5330 suis
2529 5274 2602 5328 de
2638 5275 2748 5328 Deo
2781 5274 3246 5330 commentandis
3271 5285 3620 5344 nequaquam
3641 5280 3694 5321 se
3711 5271 3827 5332 pm-

2235 5365 2404 5430 stitit,
2441 5365 2557 5419 imo
2583 5363 2772 5434 potius
2805 5364 3176 5435 obliqucrum
3209 5365 3542 5434 dogmatum
3573 5353 3823 5412 conﬁctor.

2236 5460 2293 5510 et
2324 5455 2502 5509 veluti
2535 5455 2770 5524 quidam
2803 5453 3000 5525 ﬁgulis
3033 5453 3332 5525 imperitus
3351 5449 3718 5522 deprehensus
3733 5437 3820 5491 est.

2235 5545 2368 5608 Quae
2403 5543 2636 5615 quidem
2671 5545 2940 5612 dogmata
2993 5543 3152 5613 virga
3205 5541 3409 5605 ferrea,
3457 5539 3561 5593 hoc
3595 5539 3672 5590 est
3699 5527 3822 5582 recte

2233 5633 2370 5689 ﬁdei
2403 5633 2606 5704 regula
2635 5632 2872 5687 tandem
2925 5631 3222 5687 confracta
3273 5633 3330 5683 et
3359 5627 3644 5697 antiquata
3669 5617 3818 5676 sunt:

2234 5727 2404 5796 atque
2453 5721 2704 5779 validius
2761 5720 2961 5788 etiam,
3021 5735 3199 5791 quam
3243 5715 3434 5774 fusilis
3493 5714 3586 5769 illa
3637 5709 3820 5766 statua,
