4082 6306
288 393 440 454 1281

1621 393 2026 454 THESAURI
2068 393 2221 454 BIB.
2272 393 2377 457 IV.

3547 397 3706 455 1282

286 541 464 598 quam
496 524 728 580 taurino
759 524 948 595 capite
976 525 1236 581 efﬁxerat
1284 526 1554 595 ebrietas,
1588 526 1648 582 in
1711 526 1936 583 minuta
1967 534 2020 594 Α
2052 527 2430 584 deliramenta
2461 527 2805 584 Severianus
2830 527 3163 598 expiscatus
3195 533 3302 593 est,
3335 528 3544 584 deinde
3578 531 3704 602 ipse

286 617 613 688 fragmenta
647 613 938 669 confracta
971 618 1028 668 et
1057 615 1267 685 potrita
1300 615 1491 670 fuerit.

359 702 889 758 Introducitaulem
906 702 1257 773 principium
1280 721 1462 759 unum
1480 704 1939 774 innominatum,

287 809 320 846 a
351 808 466 862 quo
495 791 677 845 Deum
713 790 892 845 alium
930 793 1286 861 processisse
1335 794 1556 861 subdit,
1611 795 1714 865 qui
1743 795 1943 849 omnia

292 882 575 934 creaverit
638 895 650 932 :
712 879 884 948 idque
916 896 1030 935 non
1065 886 1239 946 recte,
1301 881 1402 935 sed
1461 881 1612 937 male
1670 889 1726 938 et
1770 889 1943 954 prout

292 974 575 1036 corrupta
609 969 827 1024 mentis
858 975 982 1024 erat
1030 968 1231 1025 lumen
1284 970 1427 1026 illud
1461 973 1613 1042 quod
1646 973 1761 1028 diei
1794 990 1938 1044 prae-

291 1060 468 1123 lucet,
500 1063 600 1112 aut
660 1074 850 1113 aerem
910 1075 1081 1129 quem
1144 1059 1439 1130 spiramus
1484 1061 1940 1134 haudquaquam

290 1148 532 1212 veritus,
567 1163 681 1201 non
714 1147 881 1216 panis
913 1165 1028 1218 quo
1059 1147 1300 1217 alimur,
1336 1167 1450 1203 non
1509 1167 1668 1221 aquae
1724 1168 1840 1222 qua
1884 1152 1941 1206 in

295 1241 432 1308 potu
464 1235 706 1301 utimur,
757 1253 871 1291 non
935 1242 1273 1293 ceterorum
1319 1241 1694 1310 cuiusquam,
1730 1241 1944 1312 quibus

298 1329 582 1392 homines,
618 1330 681 1380 ut
710 1329 916 1380 caetera
947 1326 1232 1396 spirantia
1264 1329 1643 1398 perfruimur,
1661 1330 1941 1385 rationem

296 1415 478 1471 ullam
514 1415 756 1469 habens.
793 1415 853 1468 In
887 1415 1100 1484 quibus
1150 1417 1471 1487 praesertim
1531 1421 1724 1474 minus
1769 1424 1941 1484 recte,

296 1521 399 1560 nec
431 1509 497 1558 ut
526 1510 824 1558 creaturas
857 1504 1020 1559 decet
1058 1506 1234 1559 verba
1265 1505 1334 1560 de
1365 1523 1430 1561 eo
1491 1507 1692 1562 fecisse
1749 1510 1946 1578 depre-

296 1593 597 1660 henditur,
625 1607 792 1662 aquo
825 1591 936 1646 illae
970 1594 1027 1647 in
1076 1610 1269 1648 rerum
1328 1600 1598 1650 naturam
1649 1598 1945 1666 productae

297 1685 454 1736 sunt.
491 1680 563 1735 Ut
592 1686 744 1734 certe
781 1680 1076 1736 Christum
1110 1681 1346 1752 superni
1395 1684 1777 1754 ejusdemque
1812 1683 1945 1739 boni

295 1771 395 1825 Dei
428 1769 635 1823 Filium
672 1770 938 1836 fateatur,
973 1771 1066 1839 qui
1111 1786 1305 1825 revera
1355 1787 1591 1826 carnem
1628 1772 1942 1827 humanam

2055 633 2286 688 quoque
2335 618 2584 673 aliarum
2619 622 2825 672 auctor
2873 617 3196 686 haereseon,
3244 628 3522 690 tanquam
3577 620 3702 674 bla-

2055 705 2340 775 sphemiis
2373 706 2748 777 blasphemas
2811 722 3088 777 superare
3141 707 3475 773 contendat,
3507 726 3535 760 ει
3592 708 3711 762 vini

2061 811 2164 849 usu
2221 812 2456 866 prorsus
2485 796 2904 850 abstinendum
2927 812 3055 849 esse
3077 795 3263 849 docet.
3288 795 3713 866 Diabolumque

2054 899 2184 938 cum
2213 890 2364 938 terra
2391 901 2797 956 congressum,
2820 889 2876 938 et
2898 884 3106 938 exinde
3121 884 3295 937 vitem
3325 901 3455 938 mox
3476 889 3703 940 enatam

2052 988 2282 1027 aserere
2345 989 2460 1027 non
2495 979 2766 1028 veretur:
2802 972 2883 1028 ita
2919 978 2984 1028 ut
3012 973 3187 1027 vitem
3239 972 3376 1028 mali
3427 975 3710 1028 daemonis

2057 1059 2272 1113 malum
2309 1075 2455 1130 opus
2505 1061 2792 1115 afﬁrmet:
2830 1060 3107 1130 ignorans
3143 1060 3344 1115 omnia
3397 1078 3523 1132 quae
3555 1061 3709 1116 Deus

2056 1148 2272 1200 creavit
2299 1164 2428 1202 esse
2460 1149 2630 1216 bona,
2667 1153 2840 1218 prout
2869 1151 3128 1219 ejusdem
3184 1149 3378 1203 divina
3411 1166 3518 1202 vox
3561 1154 3707 1203 alte-

2055 1239 2261 1288 statur.
2298 1236 2510 1291 Malum
2545 1238 2782 1307 quidem
2815 1243 2900 1292 est
2930 1238 3199 1306 ebrietas,
3235 1243 3291 1292 et
3318 1253 3511 1292 rerum
3546 1255 3710 1293 crea-

2056 1327 2250 1376 tarum
2279 1325 2543 1394 abusus;
2577 1343 2711 1380 nam
2771 1326 2856 1382 sol
2901 1344 3130 1397 quoque
3189 1326 3460 1398 caliginis
3511 1332 3713 1382 auctor

2055 1417 2142 1466 est
2176 1412 2266 1480 iis,
2299 1415 2400 1484 qui
2436 1416 2493 1468 in
2527 1416 2656 1485 ejus
2703 1417 2899 1470 orbem
2956 1421 3111 1470 recta
3166 1417 3466 1471 oculorum
3530 1418 3710 1472 aciem

2055 1499 2360 1572 dirigunt:
2399 1520 2511 1556 non
2546 1508 2736 1558 tamen
2763 1521 2828 1558 ea
2852 1505 2922 1559 de
2944 1520 3123 1559 causa
3145 1504 3573 1561 lucidissimum
3598 1505 3708 1560 hoc

2055 1589 2170 1643 dici
2203 1589 2402 1646 lumen
2437 1594 2870 1662 aspernandum
2931 1598 3037 1649 est.
3101 1597 3265 1664 Aqua
3316 1595 3497 1648 vitam
3533 1595 3704 1648 rebus

2056 1679 2309 1734 admotis
2346 1679 2630 1753 largitur:
2695 1683 2894 1738 eadem
2929 1683 3213 1738 suffocare
3270 1700 3503 1754 quoque
3537 1683 3704 1738 solet.

2059 1767 2216 1837 lgnis
2250 1768 2448 1823 itidem
2483 1769 2744 1824 calefacit
2776 1776 2950 1842 atque
2985 1771 3119 1826 urit.
3145 1772 3387 1828 Gladius
3422 1772 3622 1827 multis
3649 1773 3705 1827 in

295 1857 573 1923 induerit,
607 1873 818 1927 passus
850 1859 1006 1923 sit,et
1040 1859 1722 1926 resurrexerit,eumdem
1747 1868 1942 1915 tamen
1977 1887 2024 1950 Β
2058 1857 2230 1911 rebus
2261 1859 2664 1914 conducibiles
2696 1867 2822 1915 est:
2881 1866 2938 1915 at
2972 1861 3122 1916 idem
3159 1862 3473 1917 homicidia
3506 1878 3710 1933 perpe-

299 1963 431 2002 cum
466 1948 523 2001 in
554 1945 729 2000 ccelos
755 1947 1040 2016 ascendit,
1074 1963 1310 2003 carnem
1352 1949 1720 2019 deposuisse,
1756 1949 1945 2021 priva-

301 2040 541 2104 tumque
573 2051 813 2104 corpore
872 2035 1209 2090 ascendisse
1268 2038 1586 2092 contendit.
1647 2040 1772 2104 Qua
1804 2039 1863 2092 in
1895 2055 1953 2094 re

300 2125 515 2196 partim
545 2125 814 2189 Cerdoni,
847 2125 1060 2195 partim
1121 2124 1402 2181 Marcioni
1433 2126 1704 2192 colludit,
1739 2129 1948 2197 partim

299 2213 527 2269 cmteris
568 2213 855 2269 haereticis
903 2215 1280 2285 astipulatur,
1329 2231 1684 2286 erroneaque
1733 2221 1788 2272 et
1836 2217 1949 2272 im-

298 2304 601 2375 probanda
632 2320 766 2358 cum
799 2303 916 2358 illis
948 2304 1225 2375 dogmata
1245 2304 1402 2360 velut
1431 2306 1947 2378 haereditariojure

301 2392 565 2448 sortitur.

369 2481 524 2536 Idem
556 2479 729 2536 aliam
765 2497 996 2551 quoque
1028 2481 1573 2551 haeresiminnovat,
1606 2485 1747 2540 dum
1778 2485 1945 2540 Chri-

301 2574 459 2625 stum
493 2570 602 2624 sibi
636 2576 886 2641 quatuor
913 2588 982 2626 ex
1014 2571 1463 2638 elementis,non
1495 2579 1690 2629 autem
1726 2592 1792 2629 ex
1818 2575 1944 2630 Vir-

296 2659 452 2731 ginis
509 2660 894 2729 sanguinibus
954 2677 1186 2717 carnem
1246 2663 1607 2734 compegisse
1666 2663 1875 2719 asserit
1927 2681 1940 2719 :

298 2751 622 2822 eademque
654 2751 845 2804 denuo
905 2751 966 2805 in
1024 2751 1126 2806 illa
1181 2752 1539 2820 dissolvisse,
1601 2770 1670 2808 ex
1727 2755 1944 2826 quibus

298 2839 621 2909 composita
660 2840 864 2904 fuerat,
916 2840 1070 2908 quod
1117 2839 1355 2910 quidem
1388 2841 1604 2896 Christi
1637 2845 1814 2912 gestis
1843 2843 1942 2897 ad-

295 2933 582 2982 versatur.
627 2932 767 2982 Nam
821 2926 866 2981 si
898 2943 1134 2983 carnem
1190 2929 1420 2985 cmlitus
1472 2931 1790 3000 attulisset,
1825 2947 1943 3002 quo

296 3024 561 3089 tempore
592 3016 876 3089 Angelum
909 3018 1339 3091 Evangelistam
1363 3020 1422 3075 in
1449 3021 1738 3078 civitatem
1770 3023 1942 3078 Naza-

296 3106 520 3162 retham
557 3107 798 3161 miserat
831 3123 844 3162 :
879 3108 949 3161 ad
982 3107 1146 3177 quid,
1178 3125 1393 3177 quasso,
1446 3127 1593 3179 opus
1635 3112 1685 3166 ei
1735 3112 1936 3180 fuerat,

299 3200 364 3250 ut
423 3195 492 3249 ad
549 3199 783 3266 tempus
846 3197 904 3249 in
959 3201 1120 3252 utero
1179 3199 1437 3269 Virginis
1478 3200 1845 3267 formaretur,
1874 3217 1942 3254 ex

299 3285 752 3355 eodemdemque
783 3302 917 3340 cum
973 3287 1363 3343 crassitudine
1425 3290 1681 3360 corporis
1715 3291 1946 3345 exiret?
1977 3254 2020 3319 Ο

941 3395 1091 3448 CAP.
1129 3395 1304 3451 XVII.

297 3480 544 3552 Septima
567 3482 777 3561 decima
805 3483 1080 3561 inermis,
1137 3484 1584 3561 Secarianorum.
1620 3489 1688 3542 Hi
1741 3505 1948 3561 quoque

696 3555 768 3609 ad
798 3555 1124 3624 baptismum
1151 3556 1540 3613 admittuntur.

366 3641 794 3713 Principatibus
826 3643 920 3698 hic
950 3660 1182 3716 quoque
1233 3647 1748 3721 Potestatibusque
1783 3649 1945 3704 illam

291 3745 487 3786 rerum
545 3732 895 3787 creationem
948 3750 1122 3803 quam
1171 3735 1466 3791 credimus
1517 3739 1942 3794 accommodat.

289 3819 501 3890 Aitque
532 3837 714 3875 unum
747 3837 875 3876 esse
911 3823 1088 3876 Deum
1122 3823 1345 3879 bonum
1379 3825 1438 3878 in
1495 3841 1772 3896 supremo
1803 3826 1945 3882 coelo

297 3912 353 3964 et
396 3908 628 3964 saeculo.
682 3909 983 3965 Diabolum
1025 3916 1220 3967 autem
1271 3929 1340 3968 ex
1390 3913 1519 3984 ejus
1567 3915 1784 3971 femore
1812 3932 1946 3986 pro-

296 3997 566 4062 cessisse,
624 4000 726 4068 qui
784 4004 1139 4072 potestatum
1200 4002 1390 4057 ordini
1449 4008 1714 4074 praeest:
1767 4021 1940 4075 quem

293 4085 472 4141 etiam
502 4085 950 4143 Jaldabaotbum
997 4093 1185 4148 vocat.
1221 4091 1528 4147 Diabolum
1553 4092 1729 4158 hunc,
1763 4093 1944 4150 simul

294 4179 468 4246 atque
494 4176 553 4230 in
573 4174 762 4231 lucem
788 4178 980 4234 editus
1003 4183 1110 4248 est,
1134 4184 1463 4251 serpentem
1488 4181 1940 4252 deprehensum,

293 4269 351 4318 et
382 4263 596 4320 idcirco
627 4264 686 4320 in
715 4269 929 4322 terram
990 4268 1302 4338 dejectum.
1359 4273 1621 4342 Cumque
1683 4274 1943 4329 venereis

292 4350 552 4408 stimulis
574 4359 952 4425 pungeretur,
989 4373 1122 4411 cum
1182 4361 1337 4413 terra
1369 4375 1482 4414 non
1542 4375 1711 4414 secus
1770 4365 1943 4431 atque

294 4456 427 4496 cum
461 4441 704 4498 muliere
739 4460 858 4500 rem
889 4445 1187 4513 habuisse,
1219 4447 1515 4518 vitemque
1555 4449 1682 4519 ejus
1715 4466 1744 4504 e
1775 4465 1941 4520 sper-

290 4534 444 4585 mate
475 4535 1097 4604 prognatam.Proinde
1129 4552 1163 4590 a
1195 4537 1329 4591 vino
1362 4537 1781 4593 abstinendum
1812 4555 1941 4596 esse

2065 1949 2194 2000 trat.
2229 1946 2320 2001 Sic
2364 1964 2424 2001 se
2453 1947 2670 2002 habent
2702 1953 2908 2004 castera
2938 1966 3169 2021 quoque
3219 1951 3435 2018 omnia,
3493 1951 3710 2022 quibus

2061 2032 2322 2090 humana
2356 2034 2497 2090 vitat
2530 2041 2776 2093 constat.
2812 2039 2962 2103 Quin
2994 2055 3193 2094 earum
3217 2041 3390 2095 etiam
3427 2040 3709 2095 virtutum

2061 2139 2189 2192 quae
2217 2123 2427 2195 reginae
2460 2125 2758 2192 dicuntur,
2813 2144 2956 2182 usus
2989 2127 3112 2199 ipse
3145 2128 3336 2184 medio
3367 2129 3707 2200 neutiquam

2059 2218 2238 2268 caret.
2282 2213 2339 2268 Si
2373 2215 2507 2285 quis
2566 2232 2700 2288 ergo
2734 2233 2825 2272 res
2881 2216 3222 2287 hujusmodi
3271 2234 3339 2272 ex
3395 2219 3705 2274 hominum

2061 2318 2168 2356 usu
2203 2303 2573 2371 auferat,solo
2596 2306 3021 2360 contrarietatis
3055 2323 3350 2362 concursu
3386 2312 3704 2378 permotus,

2058 2389 2108 2443 is
2139 2390 2370 2458 efﬁciet,
2406 2397 2470 2446 ut
2502 2409 2703 2449 earum
2738 2412 2927 2450 rerum
2963 2395 3089 2450 sine
3124 2397 3340 2467 quibus
3370 2397 3490 2452 vita
3514 2402 3711 2452 nostra

2059 2477 2289 2549 ingrata
2348 2486 2404 2534 et
2464 2483 2672 2538 acerba
2729 2483 2925 2538 futura
2981 2485 3080 2552 sit,
3142 2485 3311 2540 nulla:
3387 2486 3704 2557 supersint.

2058 2567 2260 2623 Multis
2293 2585 2425 2623 vero
2465 2571 2640 2625 etiam
2701 2572 2788 2626 vel
2823 2589 2974 2627 mica
3003 2573 3171 2643 panis
3212 2579 3456 2630 mortem
3488 2575 3707 2629 attulit.

2057 2663 2129 2714 At
2157 2661 2280 2715 ﬁeri
2313 2666 2506 2717 tamen
2558 2663 2721 2716 nullo
2755 2664 2927 2718 modo
2977 2669 3186 2734 potest,
3224 2668 3285 2718 ut
3332 2681 3480 2735 pane
3512 2681 3706 2720 carea-

2058 2766 2211 2818 mus,
2251 2750 2351 2822 qui
2408 2754 2688 2821 tanquam
2724 2768 2816 2806 res
2874 2752 3137 2807 omnium
3197 2753 3580 2820 solidissima,
3611 2771 3710 2809 cor

2054 2839 2315 2895 hominis
2363 2842 2692 2910 confirmat,
2749 2844 3250 2914 quemadmodum
3300 2847 3356 2898 et
3397 2844 3617 2910 vinum,
3655 2843 3704 2898 si

2053 2933 2381 3002 opportune
2416 2933 2828 3001 moderateque
2850 2930 3103 2998 bibatur,
3139 2949 3243 2988 nec
3277 2931 3444 2988 illum
3477 2951 3702 3008 σωφρο-

2052 3017 2216 3087 anian
2251 3036 2352 3073 seu
2387 3020 2777 3090 temperantia:
2813 3029 3092 3076 craterem
3126 3021 3437 3094 transiliat,
3473 3028 3573 3077 aut
3602 3039 3694 3077 se-

2053 3107 2311 3162 cundum
2346 3107 2554 3163 saltem
2589 3125 2702 3162 non
2735 3110 2993 3177 excedat,
3027 3108 3367 3182 αὐταρκειας,
3410 3127 3511 3165 seu
3545 3111 3711 3166 suffi-

2057 3197 2282 3251 cientia:
2315 3197 2485 3267 vulgo
2535 3198 2738 3263 tertur,
2799 3214 2910 3269 quo
2973 3197 3208 3268 quidem
3274 3199 3426 3254 bona
3483 3199 3711 3270 corpori

2058 3285 2328 3340 valetudo
2385 3285 2608 3340 accedit
2661 3285 2958 3356 animique
3011 3304 3148 3358 pars
3199 3287 3501 3344 rationalis
3560 3293 3714 3343 sarta

2056 3379 2210 3430 tecta
2267 3375 2511 3431 fovetur.
2567 3375 2848 3446 Quodque
2907 3391 2974 3429 eo
3033 3376 3224 3446 majus
3280 3381 3388 3444 est,
3448 3377 3706 3449 seipsum

2057 3465 2324 3521 Christus
2347 3464 2446 3521 viti
2482 3465 2920 3538 discipulosque
2951 3465 3287 3537 palmitibus
3311 3468 3704 3538 comparavit:

2056 3557 2208 3611 Patri
2242 3557 2494 3627 denique
2527 3572 2737 3611 nomen
2771 3556 3036 3628 agricola:
3091 3556 3321 3610 indidit.
3359 3557 3506 3621 Quin
3555 3563 3613 3612 et
3643 3559 3700 3612 in

2056 3650 2222 3701 nocte
2248 3645 2367 3709 illa,
2393 3662 2510 3715 qua
2540 3645 2900 3710 tradebatur,
2933 3644 3224 3715 accipiens
3282 3661 3489 3714 panem
3526 3647 3704 3701 refer-

2054 3740 2300 3804 tumque
2348 3734 2482 3788 vino
2534 3733 2798 3800 calicem,
2845 3741 2896 3788 et
2967 3739 3278 3806 utrumque
3330 3736 3700 3804 benedicens,

2054 3823 2282 3880 Novum
2319 3822 2486 3876 nobis
2518 3823 2957 3877 Testamentum
2992 3823 3252 3892 tradidit;
3287 3841 3432 3895 pane
3463 3825 3702 3896 quidem

2053 3913 2112 3967 in
2147 3927 2323 3967 suum
2364 3928 2601 3982 corpus,
2631 3912 2764 3966 vino
2795 3917 2986 3966 autem
3032 3913 3091 3967 in
3137 3914 3483 3985 sanguinem
3544 3933 3703 3972 com-

2055 4005 2302 4056 mutato.
2348 3999 2562 4071 Hisque
2619 4000 2762 4054 adeo
2809 4000 3097 4057 ambobus
3129 4003 3298 4059 nobis
3327 4005 3700 4074 conjunctus,

2054 4091 2152 4163 qui
2185 4091 2255 4146 ab
2288 4089 2388 4144 illo
2420 4105 2624 4144 sumus
2649 4088 3095 4160 appellationem
3121 4093 3331 4161 sortiti,
3354 4094 3478 4150 dies
3501 4111 3704 4150 omnes

2055 4180 2362 4235 nobiscum
2413 4181 2698 4244 versatur,
2769 4182 3266 4248 quemadmodum
3325 4184 3497 4239 etiam
3567 4201 3701 4256 pro-

2054 4267 2236 4322 misit.
2271 4267 2456 4337 Atque
2483 4266 2561 4320 ita
2591 4265 2808 4321 nostris
2862 4268 3102 4338 quidem
3133 4271 3219 4326 vel
3272 4271 3330 4326 in
3364 4271 3705 4343 bujusmodi

2054 4355 2344 4428 mysteriis
2371 4354 2600 4411 arcanis
2633 4354 2746 4409 vini
2781 4373 2926 4414 usus
2976 4359 3138 4416 utilis
3183 4365 3238 4416 et
3287 4361 3551 4418 salutifer
3601 4363 3702 4417 de-

2052 4445 2457 4517 prehenditur.

2121 4535 2467 4591 Severianus
2516 4541 2712 4591 autem
2763 4535 2860 4606 qui
2911 4536 3113 4592 vinum
3165 4542 3220 4592 et
3274 4540 3507 4608 nuptias
3541 4557 3703 4596 exse-

292 4618 538 4686 dicebat,
574 4623 728 4690 quod
792 4623 1030 4694 quidem
1084 4641 1239 4679 nunc
1294 4625 1351 4680 in
1387 4626 1662 4696 furorem,
1696 4645 1850 4683 nunc
1888 4630 1945 4682 in
1979 4622 2026 4684 D
2057 4630 2276 4694 oratur,
2306 4625 2614 4696 indignum
2639 4641 2700 4680 se
2725 4625 2937 4696 prodit,
2961 4627 3129 4696 etqui
3153 4644 3407 4698 unquam
3433 4628 3488 4684 in
3513 4627 3701 4684 lucem

291 4706 440 4762 iram
474 4716 796 4767 exacueret.
832 4712 1128 4769 Feminam
1155 4722 1432 4786 praeterea
1466 4715 1645 4772 miser
1666 4716 1762 4772 ille
1794 4734 1826 4772 a
1849 4718 1946 4774 Sa-

292 4801 430 4852 tana
462 4798 698 4868 factam,
741 4818 959 4872 eosque
991 4804 1088 4874 qui
1147 4821 1282 4859 cum
1345 4810 1561 4861 femina
1593 4808 1946 4863 concumbe-

293 4891 444 4955 rent,
477 4891 702 4943 Satanae
748 4907 897 4961 opus
930 4892 1254 4963 adimplere
1313 4893 1704 4950 fabulabatur.
1759 4901 1946 4968 Atque

293 4991 356 5030 ea
402 4975 474 5031 de
529 4993 708 5034 causa
762 4981 996 5051 nuptias
1054 4981 1454 5038 dissuadebat.
1517 4985 1761 5056 Insuper
1815 5002 1943 5041 eam

295 5080 529 5136 quoque
562 5066 818 5124 hominis
846 5075 1096 5141 partem,
1131 5089 1256 5142 quae
1288 5072 1557 5144 superior
1607 5079 1780 5140 esset,
1815 5093 1940 5130 um-

294 5151 584 5225 bilicoque
615 5163 787 5213 tenus
841 5161 1311 5230 protenderetur,
1372 5162 1683 5232 potestatis
1730 5164 1944 5219 Christi

295 5246 641 5299 creaturam:
670 5263 794 5317 quae
818 5253 1010 5303 autem
1045 5256 1540 5320 consequerentur
1579 5249 1944 5321 umbilicum,

292 5347 358 5386 ea
390 5331 543 5387 idem
579 5335 741 5388 malea
802 5337 1104 5406 potestatis
1145 5355 1292 5408 Opus
1347 5357 1476 5394 esse
1536 5341 1942 5396 contendebat.

209 5432 214 5438 '
292 5419 468 5477 Vetus
511 5422 765 5494 denique
812 5425 1266 5497 Testamentum,
1321 5446 1435 5483 una
1492 5446 1623 5484 cum
1690 5446 1943 5486 resurre-

293 5510 484 5565 ctione
519 5516 882 5567 mortuorum
918 5515 973 5566 in
987 5515 1210 5571 ficiabal
1224 5535 1309 5572 ur.

609 5602 883 5658 Haereseos
911 5604 1272 5672 praecedentis
1301 5609 1628 5678 confatalia.

368 5689 449 5742 Ex
505 5689 799 5761 plerisque
859 5691 1263 5751 haeresiarcbis
1320 5713 1384 5751 ea
1437 5713 1562 5766 quae
1621 5697 1945 5757 arriserunt

2057 4713 2376 4786 productus
2401 4714 2561 4780 sit,et
2581 4713 2680 4785 qui
2705 4713 2941 4770 calicem
2965 4713 3194 4770 Domini
3218 4720 3431 4772 sumat.
3448 4721 3705 4789 Utraque

2057 4805 2214 4859 enim
2245 4802 2514 4858 Christus
2545 4803 2860 4869 benedixit,
2891 4805 3126 4875 nuptias
3177 4804 3414 4876 quidem
3449 4822 3705 4876 praesen-

2058 4893 2158 4960 tia,
2185 4893 2385 4949 vinum
2421 4897 2618 4948 autem
2649 4910 2718 4948 ex
2767 4910 2919 4965 aqua
2949 4911 3095 4950 novo
3144 4899 3200 4950 et
3230 4896 3490 4952 inaudito
3533 4896 3701 4954 mira-

2057 4982 2188 5039 culo
2225 4983 2465 5046 factum,
2489 4981 2618 5036 Jam
2651 4997 2783 5036 vero
2811 4982 2950 5053 quid
2983 4999 3292 5040 commune
3313 4987 3428 5042 luci
3461 4991 3518 5042 et
3549 4991 3704 5044 tene-

2056 5070 2208 5126 bris?
2242 5071 2504 5140 Itemquc
2560 5070 2675 5126 Deo
2705 5074 2762 5125 et
2800 5070 3045 5127 daamoni
3090 5081 3154 5128 ut
3199 5090 3336 5129 eum
3391 5076 3704 5134 creationis

2057 5167 2381 5232 compotem
2416 5158 2635 5214 faciat?
2665 5159 2767 5214 Hic
2797 5160 2952 5214 enim
3008 5161 3262 5219 universi
3325 5171 3572 5232 creator,
3608 5167 3702 5222 ille

2055 5265 2190 5304 vero
2222 5253 2487 5302 creatura
2530 5253 2823 5312 censetur,
2877 5265 3060 5320 eaque
3093 5252 3256 5321 adeo,
3317 5270 3446 5324 quae
3477 5257 3615 5325 quia
3645 5257 3704 5311 in

2056 5335 2127 5389 iis
2166 5352 2292 5404 quae
2326 5339 2645 5402 acceperat,
2680 5334 2919 5390 minime
2982 5347 3428 5408 perseverasset,
3473 5341 3588 5397 imo
3621 5347 3706 5397 tc-

2059 5423 2325 5478 merariis
2359 5424 2412 5476 in
2447 5426 2766 5477 creatorem
2802 5425 2963 5479 ausis
3007 5426 3447 5499 insurrexisset,
3495 5430 3707 5487 idcirco

2057 5513 2229 5569 etiam
2263 5528 2330 5565 ex
2363 5511 2478 5566 alto
2502 5528 2756 5584 praeceps
2779 5514 3086 5573 deturbata
3113 5524 3220 5587 est,
3240 5521 3432 5575 omnis
3455 5521 3708 5592 denique

2057 5603 2331 5675 nequitiae
2365 5608 2540 5676 caput
2569 5607 2626 5657 et
2657 5609 2954 5662 auctorem
2988 5625 3050 5664 se
3082 5611 3372 5680 praestitit.

2131 5693 2308 5752 Filius
2339 5709 2477 5766 ergo
2513 5693 2861 5765 perditionis
2892 5701 2947 5752 et
2989 5698 3275 5755 malorum
3321 5704 3578 5758 auctoris
3609 5699 3706 5755 ille
