4082 6306
240 403 390 467 1288

1569 404 1966 470 THESAURI
2011 409 2157 469 LIB.
2205 409 2308 473 IV.

3503 425 3656 488 1286

234 540 420 644 moui?
452 541 524 595 ad
584 538 943 646 cred-landum
977 539 1141 646 (Ξξηηί.
1167 540 1366 646 νθτιξος
1418 545 1481 646 αξ
1511 541 1723 646 “ilbi
1751 558 1888 646 γένει
1917 551 1972 615 Α
2001 558 2195 616 locum
2229 566 2553 635 proferunt,
2581 568 2674 622 tibi
2709 570 2792 624 sic
2823 570 3072 625 habetur
3098 589 3110 626 :
3149 578 3353 631 Omnes
3374 575 3522 631 enim
3542 577 3656 646 ﬁlii

236 645 359 684 esse
394 630 759 698 persuadeat.
778 645 903 699 quae
939 645 970 682 a
988 628 1262 684 Montano
1281 631 1562 685 docentur
1577 631 1603 685 τ
1621 631 1884 702 Denique

234 735 364 774 cum
392 717 657 772 Christus
703 717 957 772 Hebrzeis
1008 717 1238 784 dixerit,
1294 720 1677 774 Testimonium
1702 736 1883 775 meum

234 823 341 863 non
370 814 449 862 est
500 824 700 873 meum,
758 807 856 862 sed
915 808 1082 862 Pater
1111 814 1212 873 est,
1235 808 1330 879 qui
1370 812 1743 865 testimonium
1766 813 1883 879 fert

233 897 296 953 de
328 913 415 951 me
443 897 486 966 ⁸,
522 914 592 952 ne
650 896 780 967 quis
815 896 1078 952 omnium
1139 897 1476 953 Montanum
1527 916 1662 954 vera
1692 899 1884 955 dicere

237 991 516 1058 autumet,
551 987 650 1058 qui
680 987 751 1042 de
803 987 996 1059 seipse
1045 987 1445 1044 testimonium
1486 989 1668 1045 ferat:
1706 990 1882 1060 idque

233 1077 543 1147 ejusmodi,
580 1081 643 1132 ut
674 1093 788 1132 non
843 1077 913 1132 de
946 1077 1116 1132 rebus
1160 1078 1516 1148 quibusdam
1573 1078 1886 1134 mediocri-

231 1166 338 1221 bus
372 1167 766 1222 narrationem
787 1166 1080 1237 instituat,
1107 1167 1208 1222 sed
1237 1166 1404 1222 illum
1429 1171 1656 1222 Patrem
1692 1167 1883 1222 omni—

232 1259 524 1327 potentem
557 1256 1040 1328 Servatoremque
1069 1256 1432 1327 pronuntiet.

302 1345 404 1400 Hic
437 1345 613 1400 dubio
649 1345 846 1416 procul
909 1346 1146 1401 interest
1200 1345 1452 1415 maligno
1499 1345 1704 1415 spiritu
1739 1362 1885 1416 prae-

234 1435 520 1500 tumidus,
574 1435 673 1505 qui
743 1435 916 1506 paulo
976 1440 1104 1506 post
1162 1451 1382 1492 vacuus
1440 1435 1715 1490 inventus
1775 1438 1884 1510 est,

237 1525 734 1595 quemadmodum
768 1525 939 1579 etiam
999 1525 1126 1578 dum
1179 1524 1446 1592 ejusdem
1480 1522 1883 1594 prophetissa);

239 1613 379 1669 Cum
413 1613 566 1668 enim
599 1613 824 1669 nullum
882 1619 1014 1685 post
1056 1630 1117 1668 se
1168 1612 1509 1684 prophetam
1553 1617 1884 1681 venturum,

244 1705 341 1759 sed
374 1702 434 1758 in
493 1703 718 1759 foribus
757 1720 885 1759 esse
928 1703 1493 1760 consummationem
1545 1704 1883 1776 praadicant,

237 1793 381 1848 falsa
411 1801 466 1848 et
496 1809 596 1863 per
654 1809 716 1848 se
774 1793 1214 1864 reprehensioni
1245 1794 1496 1850 obnoxia
1553 1809 1701 1859 sese,
1743 1794 1884 1847 dum

235 1883 503 1938 Montano
561 1883 876 1948 adhaerent,
933 1899 1030 1937 ore
1081 1883 1311 1954 proprio
1361 1881 1707 1937 vaticinatus
1751 1896 1878 1936 esse

234 1969 638 2042 prodiderunt.
672 1970 788 2024 Illas
821 1971 1355 2041 enimjampridem
1389 1971 1679 2036 obierunt,
1704 1974 1878 2040 atque

233 2058 551 2115 inferorum
584 2060 892 2115 tormentis
945 2060 1217 2132 expositis
1251 2065 1426 2130 sunt;
1479 2061 1735 2115 mundus
1778 2076 1882 2114 au—

236 2153 350 2204 tem
391 2151 562 2205 durat
590 2153 646 2206 et
671 2151 994 2205 etiamnum
1024 2150 1268 2222 propriae
1301 2151 1424 2220 Dei,
1460 2151 1561 2222 qui
1593 2153 1684 2205 est
1715 2165 1887 2220 super

239 2243 453 2307 omnia,
487 2240 759 2311 potestati
793 2241 1074 2311 subjacet.

901 2361 1050 2422 CAP.
1085 2365 1232 2422 XXI.

254 2492 512 2548 Vtcesima
568 2495 748 2564 prima
807 2494 1050 2562 haeresis,
1111 2493 1610 2563 Quintilianorum,
1652 2492 1883 2548 Priscil-

316 2565 614 2646 lz'qnorum,
679 2569 1071 2638 Pepuzitarum
1123 2575 1173 2620 et
1211 2567 1616 2636 Artotytarum.
1666 2566 1744 2618 Ηί
1799 2564 1888 2619 ba-

308 2643 618 2706 ptizantur.

307 2759 648 2826 Quintiliani
715 2760 776 2815 hi
837 2759 1514 2832 pseudoprophetissam,
1578 2777 1694 2815 una
1750 2775 1884 2814 cum

232 2849 495 2906 Priscilla
522 2850 809 2906 haereseos
863 2867 981 2907 suae
1023 2851 1228 2906 ducem
1279 2850 1526 2920 jactant.
1569 2849 1748 2904 Aiunt
1779 2865 1885 2904 au-

234 2947 344 2994 tem
379 2939 637 3010 ipsarum
698 2957 875 2997 unam
918 2941 976 2996 in
1025 2940 1173 3009 loco,
1234 2939 1333 3010 qui
1364 2940 1594 3010 Pepusa
1645 2927 1882 3008 dicitur,

234 3029 541 3098 dormisse,
601 3029 1020 3102 Christumque
1079 3030 1136 3084 in
1193 3028 1419 3084 somnis
1469 3027 1710 3098 vidisse,
1759 3044 1881 3082 mu-

233 3117 396 3172 liebri
421 3119 640 3188 habitu,
674 3119 824 3174 stola
854 3118 1161 3190 splendida
1193 3119 1486 3187 indutum,
1535 3134 1652 3172 una
1683 3133 1880 3172 secum

233 3212 527 3263 versatum
569 3224 719 3275 esse,
751 3214 807 3262 et
828 3225 1102 3264 somnum
1136 3207 1381 3280 cepisse,
1410 3205 1756 3278 sapientiam
1781 3206 1880 3260 de-

234 3296 407 3367 nique
421 3297 530 3351 sibi
555 3297 870 3369 inspirasse
898 3314 910 3364 ;
945 3303 1116 3369 atque
1137 3293 1420 3353 revelasse
1443 3312 1618 3368 quam
1637 3299 1877 3350 sanctus
1909 3287 1952 3356 Ο

233 3386 330 3442 ille
362 3385 522 3442 locus
536 3395 705 3442 esset.
731 3391 1010 3442 Craterum
1032 3387 1220 3442 Veteri
1239 3391 1294 3441 et
1317 3385 1474 3441 Novo
1499 3389 1878 3441 Testamento

233 3480 499 3545 utuntur,
516 3481 996 3548 mortuorumque
1024 3475 1514 3532 resurrectionem
1537 3473 1876 3530 admittunt.

232 3563 504 3620 Mulieres
561 3570 755 3621 autem
809 3566 867 3620 in
931 3567 1235 3636 episcopos
1287 3568 1344 3620 et
1396 3564 1762 3635 presbyteros
1807 3563 1879 3618 ab

229 3652 347 3708 illis
390 3652 706 3725 eliguntur.
741 3653 920 3708 Aiunt
967 3654 1145 3721 enim,
1201 3653 1257 3707 in
1309 3651 1542 3708 Christo
1589 3652 1731 3708 Jesu
1778 3667 1880 3706 nec

229 3743 576 3810 masculum,
623 3759 727 3799 nec
777 3743 1054 3798 feminam
1113 3759 1262 3800 esse.
1318 3741 1648 3814 Artotyritze
1707 3757 1878 3814 porro

225 3837 526 3900 vocantur,
588 3834 727 3904 quia
781 3849 988 3904 panem
1039 3836 1096 3888 et
1145 3849 1381 3888 caseum
1443 3832 1563 3886 suis
1615 3832 1877 3902 ipsorum

228 3923 611 3978 sacramentis
653 3922 964 3978 adhibent:
1028 3918 1192 3997 ἄρτος
1220 3923 1375 3977 enim
1433 3920 1650 3976 Graecis
1710 3921 1878 3991 panis

229 4016 336 4081 est,
366 4018 418 4067 et
439 4011 600 4085 τυρός
631 4027 858 4068 caseus.
893 4013 1100 4068 Fertur
1133 4012 1375 4080 insuper
1419 4009 1698 4082 quiddam
1721 4008 1877 4064 aliud

229 4100 420 4173 magis
451 4100 696 4172 impium
750 4102 902 4172 apud
937 4100 1069 4156 illos
1100 4101 1247 4157 fieri.
1311 4100 1560 4155 Puerum
1591 4097 1742 4154 enim
1777 4115 1876 4168 ap-

228 4189 414 4262 prime
435 4190 712 4260 juvenem
763 4191 1014 4261 quodam
1073 4189 1166 4245 die
1198 4190 1342 4244 festo
1392 4204 1492 4260 per
1518 4203 1723 4242 omnes
1753 4202 1877 4243 cor-

228 4280 389 4352 poris
421 4285 614 4351 partes
646 4279 871 4336 subulis
919 4284 1219 4353 pungunt,
1257 4287 1382 4334 tum
1432 4279 1560 4349 eius
1591 4277 1878 4349 sanguine

227 4367 477 4424 farinam
511 4371 752 4441 pinsunt
770 4372 825 4425 et
847 4369 1155 4442 subigunt,
1188 4367 1549 4440 tandemque
1584 4366 1879 4423 oblatione

225 4457 364 4513 inde
395 4459 540 4514 facta
564 4460 1022 4515 communicant.

547 4597 825 4659 Haereseos
851 4599 1214 4674 praecedentis
1243 4599 1565 4672 con/utalia.

298 4743 574 4816 Figulinze
610 4747 873 4817 ejusdem
909 4763 1041 4802 cum
1073 4745 1532 4818 praecedentibus
1554 4742 1614 4798 hi
1645 4757 1877 4814 quoque

226 4841 389 4900 sunt,
422 4835 538 4891 imo
567 4853 702 4890 vero
735 4852 1015 4907 perversae
1050 4835 1207 4890 illius
1239 4834 1624 4903 satanicteque
1658 4831 1875 4887 doctri-

226 4940 320 4978 nae
349 4941 413 4978 ac
462 4925 814 4980 traditionis.
844 4926 986 4990 Quia
1031 4930 1163 4980 t’ero
1214 4939 1408 4980 rerum
1455 4921 1790 4976 immutatio
1823 4925 1878 4976 et

223 5012 525 5069 innovatio
559 5029 861 5086 nunquam
894 5033 1008 5071 non
1042 5014 1330 5070 haereticis
1352 5011 1590 5081 arridet,
1632 5025 1874 5067 eorum-I

228 5116 346 5171 que
375 5101 536 5168 adeo,
573 5119 699 5174 quas
732 5102 1019 5158 deteriora
1059 5106 1220 5172 sunt,
1262 5100 1492 5172 coptam
1524 5097 1876 5154 insoientius

225 5188 341 5244 sibi
389 5188 718 5261 vindicant,
779 5191 871 5247 his
921 5207 1153 5264 quoque
1211 5189 1468 5262 vestigiis
1527 5187 1877 5242 inhaerentes

221 5279 555 5350 Artotyritte
589 5281 839 5337 feminas
871 5283 1048 5336 etiam
1085 5281 1154 5335 ad
1193 5279 1600 5351 episcoporum
1638 5275 1875 5348 presby-

217 5371 606 5441 terorumque
664 5371 975 5427 cathedras
1034 5370 1306 5438 evehunt,
1355 5375 1526 5439 atque
1575 5366 1692 5421 illis
1745 5381 1876 5438 per-

219 5458 492 5524 mittunt,
527 5471 590 5513 ut
646 5476 772 5530 quas
809 5461 961 5532 apud
1005 5477 1103 5515 eos
1154 5459 1524 5515 celebrantur
1576 5454 1876 5527 mysteria,

219 5547 496 5602 manibus
523 5552 850 5604 attrectent.
884 5549 947 5603 In
981 5551 1153 5619 cujus
1177 5548 1255 5604 rei
1284 5547 1666 5604 assertionem
1713 5543 1878 5599 Pauli

291 5643 315 5676 ³
353 5649 526 5699 Joan.
557 5662 608 5715 v,
639 5647 727 5715 31,
751 5648 837 5700 32.
915 5653 935 5686 ι
965 5645 1093 5700 Gal.
1129 5661 1214 5713 III,
1243 5646 1315 5700 26
1352 5661 1516 5715 seqq.

296 5740 421 5819 (46)
452 5740 666 5801 Euseb.
699 5742 848 5800 hist.
884 5741 984 5797 lib.
1021 5759 1080 5810 ν,
1113 5759 1163 5798 c.
1194 5743 1284 5799 22.
1321 5741 1499 5798 Exod.
1531 5756 1629 5798 xu.

1993 650 2087 705 Dei
2116 655 2251 708 estis
2269 669 2371 724 per
2398 658 2563 726 ﬁdem
2587 659 2645 712 in
2693 658 2907 715 Christo
2935 665 3084 718 Jesu.
3148 665 3472 737 Quicunque
3501 671 3648 722 enim

1992 745 2054 799 in
2085 743 2308 798 Christo
2364 745 2637 816 baptismi
2691 751 2844 815 estis,
2881 749 3156 805 Christum
3215 753 3495 810 indutstia.
3527 762 3648 812 Non

1992 841 2073 890 est
2101 834 2340 898 Iudaeus,
2403 851 2576 905 neque
2627 837 2885 894 Graecum
2954 857 3062 894 non
3109 850 3190 897 est
3235 859 3442 910 servus,
3476 862 3652 916 neque

1991 924 2152 992 iiber,
2184 938 2294 978 non
2331 930 2410 978 est
2441 927 2738 992 masculus,
2783 945 2958 999 neque
2987 930 3217 998 femina.
3273 933 3468 988 Omnes
3499 935 3648 991 enim

1987 1029 2078 1069 vos
2104 1019 2282 1068 unum
2319 1015 2450 1068 estis
2480 1016 2539 1069 in
2563 1015 2776 1072 Christo
2799 1019 2944 1073 lem.
2980 1019 3041 1073 Si
3072 1025 3261 1076 autem
3291 1038 3381 1078 vos
3416 1023 3645 1093 Christi,

1991 1111 2120 1172 ergo
2169 1119 2354 1159 semen
2410 1105 2646 1162 Abrahae
2675 1114 2826 1179 estis,
2878 1111 3177 1166 secundum
3226 1115 3645 1182 promisvt’onem

1993 1193 2239 1250 hiemales
2271 1194 2312 1246 ‘.
2348 1199 2422 1248 At
2455 1194 2597 1250 falso
2623 1196 2864 1254 Paulum
2888 1201 3068 1255 citare
3093 1209 3515 1273 coarguuntur,
3541 1205 3642 1274 qui

1992 1282 2086 1337 his
2114 1282 2302 1337 verbis
2361 1297 2731 1353 nequaquam
2781 1286 3128 1344 mulieribus
3178 1305 3244 1345 ea
3286 1296 3637 1361 pertrectare

1993 1371 2295 1442 permittit,
2330 1387 2456 1442 quas
2507 1373 2646 1428 viris
2692 1376 3082 1432 conveniunt:
3115 1382 3170 1433 et
3221 1396 3288 1433 ea
3322 1380 3636 1450 imprimis,

1993 1469 2114 1532 quis
2150 1461 2434 1532 mysteriis
2505 1465 2728 1519 scatent
2777 1465 3085 1538 vivamque
3145 1469 3407 1524 docentis
3441 1488 3639 1526 vocem

1994 1549 2339 1622 requirunt:
2428 1551 2544 1605 imo
2623 1567 2754 1608 vero
2809 1571 2912 1610 nos
3017 1567 3131 1611 non
3201 1557 3450 1629 amplius
3533 1559 3644 1614 sub

1993 1639 2138 1710 lege,
2175 1648 2456 1709 tanquam
2504 1641 2818 1714 paedagogo
2865 1660 3015 1714 esse,
3046 1647 3147 1700 sed
3181 1662 3249 1700 ex
3281 1648 3394 1702 fide
3419 1649 3641 1717 justiti-

1995 1730 2135 1796 cari,
2175 1727 2385 1798 Deique
2417 1729 2568 1784 ﬁlios
2621 1735 2741 1786 tam
2776 1749 2969 1789 mares
3002 1749 3183 1805 quum
3239 1735 3485 1792 feminas
3519 1752 3647 1792 esse

1995 1820 2361 1887 decetatque
2422 1818 2715 1889 praedicat,
2778 1822 3232 1894 universumque
3283 1826 3425 1880 adeo
3456 1841 3643 1896 genus

1996 1907 2346 1973 humanum,
2383 1907 2705 1965 dummodo
2738 1911 3038 1967 Christum
3073 1913 3297 1969 lavacro
3320 1915 3644 1985 baptisma-

1994 1998 2068 2052 tis
2097 1996 2375 2060 induerit,
2412 1996 2708 2067 imprimis
2739 2004 2937 2056 autem
2960 2015 3090 2057 cum
3123 2003 3206 2058 sic
3245 2005 3356 2059 alio
3390 2005 3645 2074 quodam

1989 2086 2116 2142 loco
2172 2084 2546 2142 exhortatur:
2607 2089 2930 2146 Mulier-ibus
2981 2092 3176 2147 docere
3208 2109 3320 2146 non
3348 2094 3642 2163 permitto;

1989 2177 2083 2232 sed
2107 2175 2254 2230 domi
2274 2174 2420 2229 viros
2464 2192 2584 2232 suos
2616 2179 2975 2249 interrogent,
3025 2183 3076 2236 si
3105 2195 3212 2252 qua
3242 2197 3299 2237 re
3337 2184 3412 2237 sit
3441 2193 3570 2254 Opus
3595 2183 3636 2236 ⁵.

1991 2269 2157 2331 Item,
2193 2264 2287 2319 Vos
2324 2264 2435 2334 ipsi
2457 2265 2730 2336 judicate.
2786 2269 2948 2324 Decet
2996 2272 3287 2326 mulierem
3344 2285 3454 2326 non
3494 2273 3638 2327 veta-

1991 2361 2110 2410 tam
2144 2369 2304 2411 orare
2332 2353 2506 2408 Deum
2537 2356 2605 2411 ‘5?
2663 2356 2792 2412 Jam
2826 2357 2876 2413 si
2935 2357 3093 2413 nullo
3133 2359 3308 2414 modo
3353 2361 3645 2432 convenit,

1992 2450 2336 2518 naturaeque
2381 2447 2609 2518 legibus
2661 2447 3022 2516 adversatur,
3074 2457 3132 2502 ut
3166 2448 3382 2505 femina
3421 2453 3636 2506 retecto

1991 2536 2178 2606 capite
2209 2537 2466 2608 oret(vir
2514 2535 2668 2590 enim
2696 2535 2744 2591 si
2795 2552 3021 2591 comam
3047 2537 3286 2604 nutriat,
3321 2539 3644 2608 ignominia

1991 2635 2077 2679 est
2099 2625 2204 2692 illi,
2232 2625 2443 2680 mulier
2476 2630 2670 2679 autem
2703 2623 2752 2679 si
2784 2641 3013 2680 comam
3063 2620 3306 2693 nutriat,
3337 2625 3524 2696 gloria
3555 2632 3645 2682 est

1991 2712 2094 2785 illi)
2117 2714 2388 2784 quoniam
2429 2727 2596 2769 coma
2647 2713 2733 2767 illi
2782 2713 3096 2770 velamenti
3129 2714 3252 2770 luco
3285 2715 3422 2770 data
3451 2719 3560 2784 est,
3595 2715 3644 2770 si

1992 2804 2268 2875 mysteria
2318 2806 2545 2868 tractet,
2583 2803 2839 2874 denique
2898 2805 2968 2857 ad
3029 2801 3210 2859 altare
3253 2803 3352 2859 Dei
3399 2803 3643 2877 propius

1991 2895 2245 2963 accedat,
2279 2896 2564 2965 quantum
2592 2893 2783 2948 scelus
2816 2891 3057 2949 molitur
3079 2894 3106 2950 ‘I

2062 2981 2390 3055 Artotyritaa
2450 2985 2643 3037 autem
2676 2986 2732 3037 et
2783 2987 2983 3048 Deum,
3043 2986 3098 3038 et
3155 2982 3458 3039 salutifera
3506 2984 3636 3055 ejus

1992 3076 2277 3142 praecepta
2305 3071 2666 3144 ignorantes,
2698 3071 2993 3127 Christum
3018 3076 3075 3127 et
3123 3071 3362 3127 Paulum
3415 3072 3636 3128 calum-

1993 3160 2266 3218 niantur:
2302 3161 2464 3216 illum
2523 3161 2785 3231 quidem,
2820 3161 2960 3233 quia
3009 3159 3279 3217 muliebri
3329 3161 3530 3217 habitu
3565 3164 3637 3217 ad

1991 3261 2231 3306 suarum
2266 3251 2766 3323 prophetissarum
2828 3261 3003 3306 unam
3037 3251 3382 3319 accessisse,
3415 3267 3547 3306 cum
3574 3265 3642 3308 ea

1990 3340 2356 3408 dormiviSse,
2391 3340 2738 3412 sapientiam
2767 3340 3022 3412 denique
3053 3346 3108 3396 et
3140 3341 3462 3396 futurorum
3495 3356 3643 3414 prae-

1988 3431 2285 3486 notionem
2322 3430 2371 3486 ei
2404 3429 2702 3486 instilass’e
2751 3431 2978 3486 dicunt.
3011 3431 3173 3486 Hunc
3203 3447 3359 3501 vero,
3385 3432 3484 3502 qui
3519 3447 3640 3487 mae

1985 3527 2135 3589 gnua
2167 3519 2325 3575 Orbis
2368 3531 2557 3590 praeco
2594 3519 2724 3590 jure
2763 3523 3057 3587 censetur,
3104 3518 3242 3588 quia
3273 3518 3524 3587 perversi
3553 3521 3640 3572 di-

1984 3607 2254 3663 vinorum
2289 3609 2416 3678 ejus
2455 3609 2794 3679 dogmatum
2846 3610 3211 3679 interpretes,
3261 3607 3492 3662 feminis
3525 3624 3640 3663 non

1987 3705 2155 3752 secus
2216 3701 2391 3766 atque
2421 3697 2562 3751 viris
2622 3711 2786 3752 sacra
2844 3696 3256 3752 contrectanda
3298 3695 3638 3766 permisisse

1988 3785 2353 3839 mentiuntur
2383 3785 2775 3854 impudenter.

2059 3874 2215 3939 Quod
2246 3874 2316 3928 ad
2366 3870 2702 3950 προσφοραν,
2738 3874 2844 3929 hoc
2876 3877 2965 3928 est
3025 3873 3326 3945 mysticam
3370 3874 3638 3930 sacriﬁcii

1989 3963 2343 4018 oblationem
2404 3963 2672 4033 pertinet,
2744 3977 2920 4034 quam
2977 3963 3059 4017 illi
3139 3964 3452 4032 celebrant,
3512 3980 3642 4020 eam

1986 4052 2174 4125 ipsam
2227 4061 2356 4107 esse
2387 4055 2742 4123 puto,quam
2795 4053 2879 4106 vel
2933 4053 3060 4123 ejus
3092 4056 3313 4122 auctor,
3371 4058 3430 4109 et
3475 4053 3642 4124 impii

1989 4143 2139 4197 sacri
2169 4140 2387 4212 praesul
2424 4140 2713 4206 diabolus,
2747 4145 3031 4213 tanquam
3063 4143 3311 4198 maxime
3335 4141 3638 4214 nefariam,

1989 4232 2337 4288 detestetur.

2634 4339 2786 4403 CAP.
2823 4343 2994 4406 XXII.

1999 4459 2284 4514 Vicesz'ma
2314 4456 2561 4513 sec-unda
2593 4457 2836 4526 haeresis,
2876 4459 3514 4515 Tessaresdecatz‘stm'um
3543 4476 3642 4514 seu

2109 4527 2841 4600 Quartodecimanorumﬂi
2860 4537 3142 4599 unguento
3165 4533 3532 4599 intinguntur.

1910 4647 1956 4725 Ῑ)
2061 4645 2325 4719 Reliquis
2355 4646 2414 4701 in
2450 4647 2625 4702 rebus
2669 4647 3179 4712 Quartodecimam
3213 4661 3390 4717 prope
3415 4645 3640 4712 ﬁdeles,

1987 4735 2044 4789 in
2072 4735 2305 4790 Paschae
2340 4735 2483 4790 festo
2507 4734 2817 4804 judaizant
2863 4735 2996 4807 (46).
3030 4734 3144 4789 Nec
3173 4733 3326 4788 enim
3363 4732 3503 4787 illud
3547 4732 3640 4787 die

1987 4824 2291 4879 Dominico
2318 4824 2634 4894 celebrant,
2665 4825 2766 4880 sed
2817 4840 3168 4896 quocunque
3198 4822 3642 4894 decimaquarta

1991 4915 2143 4970 lunae
2177 4913 2300 4969 dies
2355 4913 2647 4979 inciderit,
2684 4915 2789 4970 hoc
2818 4914 2962 4986 legis
3013 4912 3246 4969 oraculo
3280 4913 3430 4983 freti,
3464 4911 3636 4967 Male-

1987 5005 2178 5059 dictus
2210 5003 2424 5071 omnis,
2478 5005 2578 5074 qui
2621 5019 2734 5057 non
2783 5003 2953 5059 faciet
2999 5003 3224 5058 Pascha
3273 5003 3366 5058 die
3419 5001 3642 5057 decima

1986 5097 2192 5166 quarta
2228 5093 2466 5160 mensis,
2503 5093 2879 5164 dicentesque
2906 5095 3187 5149 Joannem
3222 5091 3550 5165 apostolum
3584 5096 3639 5147 et

1985 5183 2403 5256 evangelistam
2439 5186 2738 5238 auctorem
2769 5183 2975 5250 fuisse,
3023 5187 3085 5238 ut
3107 5183 3330 5238 Pascha
3361 5182 3454 5238 die
3485 5181 3635 5236 lunae

1988 5273 2213 5329 decima
2269 5275 2472 5343 quarta
2531 5271 2869 5328 celebretur.
2933 5273 3180 5344 Insuper
3238 5271 3633 5344 apostolorum

1987 5363 2229 5424 Actibus
2279 5365 2550 5432 utuntur,
2615 5362 2712 5431 qui
2779 5363 3008 5418 erronei
3065 5362 3240 5432 vulgo
3299 5363 3631 5417 censentur.

1987 5450 2234 5521 aliisque
2264 5452 2539 5520 praeterea
2587 5447 2754 5504 libris
2794 5449 3144 5522 illegitimis,
3197 5465 3344 5521 quos
3393 5461 3634 5518 apocry-

1989 5540 2137 5614 phos
2170 5537 2378 5611 vulgus
2409 5548 2592 5596 vocat.

1593 5642 1616 5675 ⁵
1654 5643 1676 5697 Ι
1706 5643 1833 5698 Cor.
1869 5659 1984 5713 xxv,
2015 5642 2106 5696 35.
2185 5639 2208 5673 ⁶
2240 5639 2256 5693 l
2288 5639 2415 5694 Cor.
2450 5654 2530 5705 ιι,
2558 5639 2642 5692 13.
